1878 2772
404 130 388 29 Jordbruksutskottets
815 130 178 30 utlåtande
1016 139 42 20 nr
1083 131 37 28 14
1143 131 38 29 år
1207 131 79 28 1964
1595 133 19 29 9

131 210 190 38 produkter
346 217 123 31 genom
494 209 193 39 respektive
714 209 153 39 Sveriges
893 212 134 36 export-
1053 210 64 28 och
1141 210 292 38 importförening
1459 210 53 28 för
1538 210 72 38 ägg,

132 272 30 20 u.
186 272 31 30 p.
240 273 41 24 a.,
305 263 132 30 Svensk
458 263 215 34 kötthandel,
697 262 208 31 ekonomisk
927 263 170 39 förening,
1120 263 65 29 och
1209 263 154 29 Svenska
1385 263 227 39 mejeriernas

130 317 238 39 riksförening
385 325 33 20 u.
438 325 31 30 p.
489 326 30 20 a.
539 316 134 30 Medlen
693 316 72 34 bör,
785 317 10 29 i
815 316 151 39 enlighet
985 316 79 29 med
1082 316 66 29 vad
1169 325 74 20 som
1262 316 106 39 gäller
1388 316 110 30 under
1517 316 95 29 inne-

130 370 151 30 varande
301 369 240 40 regleringsår,
562 379 41 20 av
621 369 372 40 jordbruksnämnden
1014 369 151 30 fördelas
1186 370 127 29 mellan
1334 370 41 29 de
1395 369 93 30 olika
1508 370 105 29 ända-

131 424 114 29 målen
268 423 87 30 efter
378 423 138 30 samråd
539 423 78 30 med
638 423 227 39 jordbrukets
889 422 451 40 förhandlingsdelegation,
1363 423 121 29 därvid
1507 423 106 39 avgif-

131 479 97 28 terna
249 477 54 29 för
324 477 91 39 majs
434 477 65 29 och
518 477 48 29 kli
587 477 9 29 i
617 476 110 30 första
747 477 94 29 hand
863 476 88 30 skall
971 477 150 29 tillföras
1141 476 366 40 äggprisregleringen.
1528 476 84 29 Här-

132 532 120 28 utöver
279 531 62 28 bör
366 530 265 40 ifrågavarande
659 529 401 40 införselavgiftsmedel,
1087 530 127 29 liksom
1242 530 110 29 under
1378 530 235 29 innevarande

131 584 240 39 regleringsår,
389 584 121 29 kunna
528 585 53 28 tas
597 584 11 29 i
627 583 155 39 anspråk
800 583 54 29 för
872 583 149 39 stödköp
1040 592 41 21 av
1099 583 173 34 fodersäd,
1291 592 56 20 om
1366 583 124 39 Kungl.
1510 583 102 39 Maj:t

132 638 37 29 så
190 638 115 29 finner
327 637 166 39 lämpligt,
514 639 90 28 samt
625 637 54 29 för
699 636 121 40 bidrag
839 637 57 29 vid
916 638 121 38 export
1057 646 42 20 av
1118 637 75 29 kött
1214 637 64 28 och
1299 636 163 39 fjäderfä.
1483 636 12 28 I
1516 636 97 39 fråga

132 701 55 20 om
208 691 203 39 matpotatis
428 691 64 29 och
511 690 398 40 matpotatisprodukter
928 690 62 30 bör
1010 690 414 39 införselavgiftsmedlen
1442 691 9 28 i
1472 690 79 29 mån
1575 699 40 19 av

132 745 110 29 behov
261 763 44 2 —
326 745 106 29 sedan
453 744 101 39 högst
577 745 12 28 1
615 743 125 40 miljon
760 744 51 29 kr.
835 744 112 29 ställts
969 744 51 29 till
1043 743 205 39 förfogande
1271 743 54 29 för
1345 743 154 39 Sveriges
1521 745 94 36 pota-

132 798 183 29 tisodlares
339 797 226 30 riksförbund
587 797 54 30 för
663 797 278 39 effektivisering
964 806 42 20 av
1023 796 369 39 matpotatisodlingen
1415 806 44 19 m.
1482 805 44 20 m.
1552 797 63 28 och

135 852 60 29 125
210 851 63 30 000
291 852 50 29 kr.
360 850 112 40 utgått
487 851 50 29 till
556 850 119 31 SMAK
693 850 55 30 för
767 850 455 39 upplysningsverksamhet
1237 850 44 39 på
1299 850 317 39 matpotatisområ-

132 905 57 29 det
215 907 91 27 samt
332 905 40 29 50
387 904 63 30 000
471 904 51 30 kr.
550 903 112 40 utgått
689 903 52 30 till
769 904 154 38 Sveriges
950 903 305 39 utsädesförening
1280 903 114 29 såsom
1422 903 120 39 bidrag
1565 904 50 28 till

133 958 224 38 föreningens
378 957 188 30 kostnader
587 957 54 30 för
662 956 595 40 potatisförädlingsverksamheten
1277 975 43 2 —
1341 957 149 29 tillföras
1508 956 108 30 Sveri-

133 1019 57 30 ges
214 1010 419 39 stärkelseproducenters
657 1010 161 39 förening
841 1010 54 30 för
917 1010 67 29 den
1009 1010 204 38 föreningen
1233 1010 180 38 åliggande
1437 1009 179 39 prisregle-

133 1064 120 39 ringen
277 1064 54 29 för
352 1063 127 40 potatis
498 1066 90 27 samt
609 1063 106 39 enligt
738 1063 124 39 Kungl.
887 1063 123 39 Maj:ts
1032 1063 263 29 bestämmande
1319 1063 220 30 förskottsvis
1564 1062 52 30 för

133 1117 66 29 den
224 1117 173 29 särskilda
420 1117 274 39 prisutjämning
719 1116 43 39 på
787 1116 337 35 stärkelseområdet,
1149 1125 73 21 som
1247 1117 69 28 kan
1337 1116 74 30 visa
1435 1116 51 39 sig
1509 1117 108 28 erfor-

133 1171 109 38 derlig
266 1170 50 30 till
339 1170 88 39 följd
451 1179 41 21 av
514 1170 402 30 EFTA-konventionen.
938 1170 382 38 Stärkelseföreningen
1343 1170 61 29 bör
1426 1169 118 30 vidare
1567 1179 50 19 er-

133 1224 93 29 hålla
244 1224 42 29 de
305 1223 110 30 under
433 1225 100 28 nästa
550 1223 232 40 regleringsår
799 1223 196 39 inflytande
1015 1223 341 38 införselavgifterna
1376 1223 54 30 för
1450 1223 167 29 stärkelse

134 1277 64 29 och
215 1277 363 39 stärkelseprodukter
597 1277 54 29 för
672 1278 49 27 att
742 1276 178 30 användas
941 1277 54 29 för
1012 1276 245 39 prisreglering
1277 1277 43 38 på
1339 1276 278 39 fabrikspotatis-

134 1330 167 30 området.
321 1330 344 39 Införselavgifterna
683 1330 54 29 för
756 1330 121 29 socker
895 1330 61 29 bör
972 1330 12 28 i
1002 1329 150 39 enlighet
1172 1330 77 29 med
1269 1330 111 29 beslut
1399 1339 41 20 av
1460 1330 82 29 1960
1561 1329 56 29 års

134 1384 143 38 riksdag
304 1388 112 34 (prop.
441 1383 76 35 132;
541 1383 71 30 JoU
636 1383 56 34 26;
714 1383 89 30 rskr.
829 1383 77 33 184)
934 1383 149 29 tillföras
1102 1383 387 38 jordbruksnämndens
1513 1383 105 38 regle-

135 1437 185 39 ringsfond
338 1436 53 30 för
409 1437 120 29 socker
547 1437 64 28 och
628 1436 180 30 användas
827 1436 54 29 för
899 1435 193 40 pristillägg
1111 1436 42 38 på
1173 1436 356 38 sockerregleringens
1548 1445 70 19 om-

135 1490 92 29 råde.
250 1490 102 29 Vissa
372 1489 208 39 merbelopp,
600 1489 95 30 vilka
715 1488 158 40 uppstått
891 1489 83 29 eller
995 1488 145 39 uppstår
1162 1489 9 29 i
1195 1489 168 29 samband
1386 1489 78 29 med
1484 1489 135 28 socker-

135 1543 213 39 avgifternas
366 1543 146 39 höjning
530 1543 56 29 vid
606 1542 179 39 utlösning
805 1551 41 20 av
865 1544 211 37 treprocent-
1091 1543 63 28 och
1174 1542 315 39 inkomstreglerna
1506 1560 43 2 ——
1568 1543 50 27 in-

134 1596 171 30 beräknat
327 1596 110 30 medel
462 1605 74 20 som
558 1596 156 29 överförs
740 1596 50 29 till
815 1595 321 40 regleringsfonden
1160 1595 51 30 till
1237 1595 88 39 följd
1349 1605 41 20 av
1413 1596 204 37 föreningen

136 1649 131 30 Svensk
284 1649 268 30 sockerhandels
570 1649 224 30 verksamhet
810 1667 43 3 -—
871 1649 87 29 skall
978 1649 190 30 emellertid
1185 1649 178 29 användas
1382 1649 50 29 till
1451 1651 49 27 att
1519 1649 99 38 gälda

135 1702 150 30 fondens
309 1702 102 30 skuld
436 1702 49 29 till
509 1702 388 39 jordbruksnämndens
922 1702 259 38 clearingkassa
1204 1702 54 29 för
1283 1703 174 29 fettvaror.
1484 1703 12 28 I
1521 1702 98 38 fråga

135 1764 56 20 om
211 1755 169 30 fettvaror
402 1755 64 30 och
490 1755 208 29 fettråvaror
722 1755 61 30 bör
808 1755 414 39 införselavgiftsmedlen
1247 1756 123 28 liksom
1397 1755 123 29 hittills
1546 1756 72 28 dels

137 1809 179 29 användas
343 1808 54 30 för
422 1808 322 39 regleringsbidrag,
772 1809 72 28 dels
872 1808 149 30 tillföras
1048 1808 153 39 Sveriges
1229 1808 389 38 oljeväxtintressenter,

136 1861 161 38 förening
314 1870 32 21 u.
368 1870 31 30 p.
421 1871 39 25 a.,
483 1861 54 29 för
558 1863 49 27 att
626 1861 101 30 täcka
749 1861 165 30 förluster
936 1861 9 29 i
967 1861 168 29 samband
1158 1862 78 28 med
1260 1862 131 28 inlösen
1415 1871 40 19 av
1478 1862 141 28 svenskt

136 1914 209 38 oljeväxtfrö
370 1916 89 27 samt
486 1914 53 29 för
563 1914 75 29 stöd
664 1914 34 29 åt
725 1914 224 38 linodlingen.
975 1914 345 38 Införselavgifterna
1344 1914 55 30 för
1424 1914 109 38 mjölk
1556 1914 63 28 och

136 1967 317 38 mejeriprodukter
470 1975 44 20 m.
535 1976 43 20 m.
600 1967 61 29 bör
681 1967 149 29 tillföras
852 1967 155 30 Svenska
1026 1967 226 38 mejeriernas
1275 1967 252 39 riksförenings
1549 1975 70 30 reg-

137 2019 236 38 leringskassa
388 2020 55 30 för
457 2020 244 39 prisreglering
717 2020 42 39 på
777 2020 291 39 mejeriområdet.
1087 2020 343 38 Införselavgifterna
1444 2021 54 28 för
1515 2020 105 29 slakt-

136 2081 101 20 varor
254 2073 64 29 och
337 2073 175 38 slaktdjur
535 2073 124 31 (annat
676 2073 44 29 än
739 2073 170 38 fjäderfä)
933 2073 60 29 bör
1012 2073 53 29 för
1084 2074 288 38 prisregleringen
1391 2074 53 28 för
1463 2073 74 29 kött
1555 2074 63 28 och

137 2125 91 29 fläsk
254 2135 44 19 m.
324 2135 44 19 m.
394 2126 148 29 tillföras
567 2126 204 38 föreningen
798 2126 131 29 Svensk
954 2126 216 29 kötthandel.
1196 2126 342 39 Införselavgifterna
1565 2126 54 29 för

136 2179 73 38 ägg,
230 2179 257 38 äggprodukter
507 2179 63 28 och
592 2178 231 39 fjäderfäkött
844 2181 89 27 samt
954 2179 142 29 levande
1118 2179 152 38 fjäderfä
1291 2179 60 28 bör
1371 2179 176 29 överföras
1568 2180 49 27 till

138 2231 154 38 Sveriges
313 2233 134 36 export-
467 2232 63 28 och
552 2231 291 39 importförening
864 2231 53 29 för
938 2232 64 37 ägg
1024 2232 51 27 för
1097 2233 47 27 att
1166 2232 178 28 användas
1367 2232 52 28 för
1441 2232 178 38 prisregle-

138 2285 120 38 ringen
278 2293 42 20 av
339 2284 99 29 dessa
458 2293 109 20 varor.

182 2337 374 30 Jordbruksnämnden
585 2336 61 29 bör
675 2337 125 28 liksom
831 2336 144 38 tidigare
1005 2337 161 37 upprätta
1194 2346 40 19 en
1264 2337 202 38 preliminär
1495 2338 124 28 fördel-

140 2391 184 38 ningsplan
352 2390 53 29 för
431 2389 267 38 användningen
725 2399 42 20 av
792 2389 424 39 införselavgiftsmedlen.
1243 2390 63 37 Jag
1332 2390 132 28 erinrar
1492 2391 6 27 i
1526 2391 91 27 detta

139 2444 254 35 sammanhang
417 2452 53 19 om
498 2443 60 28 vad
583 2443 58 37 jag
666 2443 144 36 tidigare
834 2442 115 29 anfört
975 2442 146 29 rörande
1146 2443 63 28 den
1239 2443 180 37 utvidgade
1446 2443 173 29 kvalitets-
