1890 2802
100 700 148 25 Utskottet.

282 140 21 29 4
429 139 117 30 Första
572 139 205 30 kommarens
801 138 146 30 andra
971 137 170 37 tillfälliga
1168 137 141 30 utskotts
1332 135 172 31 utlåtande
1530 144 40 20 nr
1594 137 29 27 1.

282 237 82 39 ning
383 237 93 31 torde
495 247 81 20 vara
595 247 41 20 av
654 235 383 39 propagandakaraktär,
1058 245 41 20 en
1119 234 162 31 eventuell
1301 233 292 38 tjänstebrevsrätt
1613 232 54 30 för
1687 231 83 31 lant-

283 282 232 31 bruksmötena
541 300 42 4 —
611 281 73 31 med
711 280 130 38 hänsyn
868 280 52 30 till
949 279 255 31 föreskrifterna
1232 278 10 30 i
1271 278 124 38 Kungl.
1424 277 122 38 Maj:ts
1573 276 128 32 cikulär
1728 286 43 20 nr

284 327 164 39 360/1932
470 346 41 3 —
533 326 116 31 endast
671 325 103 31 delvis
795 325 94 31 torde
910 325 114 30 kunna
1045 324 169 37 utnyttjas
1236 323 54 31 för
1312 322 394 32 mötesförberedelserna.

325 372 48 30 På
399 372 108 37 grund
533 381 40 21 av
599 371 57 31 det
680 380 84 21 ovan
791 369 141 32 anförda
958 369 170 38 avstyrkte
1154 368 233 31 statskontoret
1414 367 63 31 den
1504 367 200 39 utvidgning
1731 377 41 21 av

284 416 343 38 tjänstebrevsrätten,
650 425 68 21 som
741 415 11 30 i
775 414 165 31 motionen
963 413 217 38 föreslagits.»

327 478 166 32 Utskottet
513 478 61 31 har
592 478 107 31 under
718 478 90 30 hand
827 477 128 37 erfarit,
976 481 48 26 att
1046 476 64 31 den
1130 486 82 21 ovan
1233 475 218 31 omförmälda
1471 485 40 21 av
1531 473 242 39 hushållnings-

285 532 201 38 sällskapens
505 531 121 32 ombud
647 531 119 39 gjorda
785 530 291 38 framställningen
1096 530 90 30 ännu
1206 530 37 30 är
1262 528 162 32 beroende
1443 529 44 37 på
1506 527 125 38 Kungl.
1653 527 121 38 Maj:ts

288 586 165 38 prövning
475 585 12 30 i
509 584 160 32 samband
692 585 74 31 med
789 588 47 27 ett
860 584 91 31 antal
973 583 157 31 liknande
1155 582 153 31 ärenden.

328 639 68 30 För
416 649 80 28 egen
516 638 53 32 del
590 638 54 32 får
664 638 160 31 utskottet
844 637 119 31 anföra
982 636 161 39 följande.

327 693 17 29 I
369 692 319 31 överensstämmelse
711 691 74 31 med
809 690 40 32 de
873 690 217 39 synpunkter,
1114 691 95 30 varåt
1233 689 175 39 riksdagen
1433 689 60 31 och
1516 689 73 31 dess
1614 687 160 32 revisorer

287 746 83 38 givit
395 745 144 39 uttryek,
565 749 110 28 senast
699 746 38 30 år
762 745 90 38 1942,
878 745 61 31 har
963 744 292 38 tjänstebrevsrätt
1281 743 44 38 på
1350 752 115 21 senare
1490 742 51 31 tid
1567 740 208 33 förbehållits

287 799 237 37 institutioner,
543 799 107 31 vilkas
667 798 143 39 utgifter
827 798 69 31 helt
913 797 164 31 bestridas
1096 808 40 20 av
1154 797 55 31 det
1228 796 176 31 allmänna.
1424 796 62 31 Att
1506 798 48 28 ett
1572 794 93 32 antal
1683 794 92 31 insti-

287 853 156 37 tutioner,
469 852 89 31 vilka
583 852 86 32 blott
693 851 125 32 erhålla
842 851 177 38 begränsat
1044 850 119 39 bidrag
1187 850 51 31 till
1264 849 74 32 sina
1363 848 295 39 arbetsuppgifter,
1685 849 91 30 ännu

288 906 85 31 hava
399 906 81 31 kvar
507 915 40 22 en
574 905 143 40 tidigare
742 904 147 39 beviljad
914 904 105 32 sådan
1045 903 160 39 rättighet
1232 903 60 32 och
1319 903 31 38 ej
1380 902 180 39 fråntagits
1587 901 190 32 densamma

288 960 94 31 torde
400 960 31 38 ej
450 959 115 31 kunna
583 959 135 31 anföras
736 969 68 21 som
823 957 178 39 tillräcklig
1020 957 110 39 grund
1150 957 53 31 för
1221 955 194 33 tilldelande
1434 967 41 20 av
1492 966 68 28 nya
1579 954 197 40 rättigheter

288 1023 42 21 av
344 1012 258 39 ifrågavarande
617 1012 79 39 slag.
712 1012 169 31 Utskottet
897 1021 96 22 anser
1009 1011 50 39 sig
1076 1011 116 30 därför
1209 1009 190 32 förhindrat
1415 1009 170 38 tillstyrka
1600 1008 175 31 motionen.

329 1067 54 30 Av
405 1066 335 38 lantbruksstyrelsen
763 1066 60 31 har
846 1065 182 31 emellertid
1050 1064 117 32 värdet
1189 1064 58 31 och
1270 1063 190 39 betydelsen
1484 1074 41 20 av
1547 1062 40 32 de
1611 1062 165 31 allmänna

288 1120 306 32 lantbruksmötena
611 1118 187 33 vitsordats.
827 1119 7 30 I
853 1119 64 31 den
933 1119 77 31 mån
1028 1118 120 38 bidrag
1165 1118 79 31 från
1262 1121 102 27 annat
1382 1117 68 31 håll
1468 1117 31 38 ej
1519 1116 67 31 kan
1604 1115 173 32 anskaffas

290 1173 53 32 för
366 1176 49 29 att
436 1173 198 39 möjliggöra
656 1173 95 31 deras
772 1172 195 31 avhållande
989 1182 98 27 synes
1108 1171 116 32 därför
1245 1170 201 38 statsbidrag
1467 1170 12 30 i
1502 1180 40 21 en
1564 1169 80 32 eller
1666 1178 111 22 annan

290 1227 87 31 form
396 1237 81 21 vara
495 1227 184 31 motiverat.
700 1226 128 32 Sådant
846 1226 61 30 har
925 1225 59 32 ock
1002 1225 144 39 tidigare
1164 1224 155 38 beviljats
1344 1224 6 30 i
1370 1224 85 30 form
1476 1234 41 20 av
1537 1223 115 38 anslag
1671 1222 106 31 under

288 1280 122 32 nionde
444 1280 215 32 huvudtiteln
695 1280 10 30 i
741 1280 177 30 riksstaten
953 1279 60 31 och
1049 1283 109 26 senast
1194 1279 61 30 har
1292 1277 53 32 för
1382 1276 196 32 kommande
1614 1275 163 40 budgetår

292 1334 188 38 föreslagits
506 1337 47 28 ett
578 1334 118 38 bidrag
721 1344 52 20 om
798 1333 114 31 20.000
936 1333 123 30 kronor
1090 1333 127 37 (statsv.
1243 1342 95 28 prop.
1365 1332 52 29 IX
1442 1330 32 32 h.
1501 1334 24 28 t.
1551 1329 110 39 punkt
1686 1330 90 38 118).

290 1388 121 30 Därest
431 1388 31 37 ej
486 1388 91 30 detta
600 1387 114 38 anslag
735 1387 103 38 jämte
859 1386 41 32 de
920 1386 115 38 medel,
1058 1396 68 21 som
1147 1385 10 31 i
1180 1385 108 38 övrigt
1309 1385 113 31 kunna
1443 1385 51 31 stå
1516 1383 53 32 till
1591 1383 186 32 lantbruks-

290 1442 146 30 mötenas
458 1441 208 38 förfogande,
687 1440 104 32 skulle
814 1440 102 31 förslå
937 1440 126 38 jämväl
1084 1439 52 31 till
1157 1439 161 31 täckande
1341 1448 41 21 av
1403 1437 122 39 nödiga
1546 1436 231 40 postavgifter,

290 1494 172 31 förefaller
482 1493 55 32 det
555 1494 161 32 utskottet
736 1493 193 39 lämpligare
948 1504 52 20 om
1020 1504 41 20 en
1078 1493 12 30 i
1110 1492 208 31 förhållande
1336 1491 115 31 härtill
1471 1489 162 40 avpassad
1654 1489 124 39 förhöj-

289 1548 83 38 ning
398 1558 41 21 av
466 1548 148 38 anslaget
641 1547 206 32 utverkades.
875 1548 16 29 I
919 1557 47 20 nu
993 1546 217 32 förevarande
1238 1545 235 38 sammanhang
1501 1544 66 31 kan
1595 1543 182 32 emellertid

291 1601 120 38 frågan
427 1611 51 22 om
494 1601 223 31 anskaffande
733 1612 41 20 av
789 1600 105 32 medel
910 1600 115 31 härtill
1041 1600 69 31 icke
1126 1599 128 31 komma
1268 1599 108 31 under
1392 1598 194 38 riksdagens
1602 1597 174 39 prövning.

332 1655 115 31 Under
474 1654 208 39 åberopande
709 1665 40 21 av
777 1653 180 32 innehållet
984 1654 12 30 i
1025 1652 387 40 generalpoststyrelsens
1439 1652 60 31 och
1528 1651 251 31 statskontorets

291 1708 196 31 utlåtanden
501 1708 60 31 och
577 1718 41 21 av
631 1708 65 31 vad
710 1708 160 31 utskottet
885 1708 11 29 i
912 1707 109 39 övrigt
1037 1707 61 31 här
1113 1717 84 21 ovan
1213 1706 122 37 anfört,
1352 1706 54 31 får
1421 1705 160 32 utskottet
1597 1704 181 37 hemställa,

626 1818 50 28 att
703 1815 61 31 här
792 1814 258 39 ifrågavarande
1078 1814 122 31 motion
1228 1814 70 31 icke
1326 1814 101 30 måtte
1456 1813 52 31 till
1536 1813 109 38 någon
1674 1812 103 31 första

582 1868 206 32 kammarens
809 1868 119 39 åtgärd
950 1867 182 32 föranleda.

335 1974 186 32 Stockholm
543 1975 64 31 den
628 1975 19 30 2
669 1985 86 21 mars
778 1975 89 30 1943.

828 2081 48 32 På
898 2082 178 31 utskottets
1098 2083 140 37 vägnar:

825 2189 111 30 IVAR
960 2187 281 33 EKSTRÖMER.

336 2401 193 25 Närvarande:
557 2401 95 25 herrar
676 2401 167 30 Ekströmer,
867 2402 135 29 Heimoan,
1026 2402 109 24 Anders
1158 2402 166 29 Andersson,
1348 2401 73 24 Emil
1446 2401 155 30 Petersson,
1627 2400 153 29 Näsström,

292 2446 49 24 fru
361 2446 308 31 Sjöström-Bengtsson
688 2446 48 25 och
754 2446 63 25 herr
835 2446 169 31 Ljungdahl.

743 2572 98 25 Caslon
857 2573 80 24 Press
953 2572 104 33 Boktr.,
1075 2572 155 25 Stockholm
1248 2572 77 25 1943.
