1864 2762
284 184 18 29 2
581 185 403 36 Bevillningsutskottets
1004 186 219 30 betänkande
1244 196 41 20 nr
1304 189 18 27 8
1342 187 39 29 år
1402 189 83 28 1962

288 273 128 30 skedde
434 274 112 29 under
563 274 82 29 åren
664 274 83 30 1949
765 275 64 29 och
849 275 81 29 1950
947 293 45 3 —
1009 275 112 29 skulle
1140 275 69 29 låta
1228 276 65 29 den
1313 276 230 29 kvarstående
1563 277 138 28 skatten
1719 276 56 30 be-

285 317 87 30 talas
391 318 112 29 under
519 318 394 37 uppbördsterminerna
930 319 10 29 i
957 319 71 36 maj
1049 320 63 28 och
1131 320 203 36 september.
1352 320 91 29 även
1463 321 110 29 andra
1591 321 180 29 önskemål

286 362 46 29 ha
350 362 243 30 framkommit
610 372 55 20 om
684 362 222 38 förlängning
924 373 41 20 av
983 363 342 38 inbetalningstiden.

331 416 48 29 De
401 415 223 38 sakkunniga
643 416 45 29 ha
709 416 52 29 till
783 426 41 20 en
845 417 125 36 början
993 417 205 34 diskuterat,
1219 427 55 20 om
1297 418 204 36 uppbörden
1523 428 42 20 av
1587 419 63 29 den
1674 419 99 29 kvar-

286 459 142 30 stående
447 460 140 30 skatten
606 469 73 21 som
697 460 165 30 hitintills
881 461 62 30 bör
962 461 61 30 ske
1042 462 111 29 under
1171 461 57 30 två
1247 462 349 37 uppbördsterminer
1614 463 83 30 eller
1716 472 57 21 om

284 504 131 29 antalet
433 504 348 37 uppbördsterminer
799 506 62 28 bör
877 506 159 29 minskas
1054 506 51 29 till
1124 516 42 19 en
1185 507 82 29 eller
1286 507 124 29 utökas
1429 508 51 28 till
1501 509 52 27 tre
1571 508 82 28 eller
1673 508 96 29 flera.

286 548 48 30 Ur
354 548 353 38 kostnadssynpunkt
728 549 56 30 för
805 550 55 29 det
882 550 178 30 allmänna
1081 559 81 21 vore
1184 551 56 29 det
1261 552 222 36 naturligtvis
1504 552 169 29 önskvärt
1694 553 78 28 med

285 593 148 29 allenast
457 602 42 20 en
524 594 318 36 uppbördstermin.
867 595 102 29 Detta
994 595 113 29 skulle
1131 595 105 30 också
1261 596 120 29 kunna
1406 596 187 30 motiveras
1617 597 78 29 med
1722 599 51 27 att

286 638 65 28 den
369 637 233 30 kvarstående
620 638 138 29 skatten
777 638 186 31 framdeles
979 639 65 29 bör
1061 639 109 37 nedgå
1189 641 169 30 avsevärt.
1378 641 202 29 Emellertid
1599 642 98 29 torde
1716 642 56 29 det

285 681 105 30 likväl
410 681 76 29 icke
505 682 120 29 kunna
644 683 183 34 undvikas,
847 684 50 28 att
916 684 65 28 den
1002 684 230 29 kvarstående
1252 685 138 29 skatten
1410 685 10 28 i
1439 686 161 29 enskilda
1620 685 61 30 fall
1702 686 69 29 kan

283 726 48 29 bli
351 725 37 30 så
408 727 73 28 stor
501 728 50 27 att
569 726 414 38 betalningssvårigheter
1003 728 120 29 kunna
1141 728 226 37 uppkomma,
1388 738 56 20 om
1466 730 65 29 den
1553 730 88 29 skall
1663 730 108 37 erläg-

284 777 59 29 gas
361 770 44 36 på
424 779 42 21 en
485 770 89 37 gång
592 771 192 30 oberoende
803 781 41 20 av
862 772 64 29 när
944 773 112 29 under
1075 772 72 30 året
1165 773 204 36 uppbörden
1389 774 89 30 skall
1499 774 70 30 ske.
1590 775 76 29 Med
1685 774 86 30 hän-

281 823 63 27 syn
360 815 118 28 härtill
497 815 61 29 bör
575 816 130 29 antalet
721 816 348 36 uppbördsterminer
1085 817 74 29 icke
1177 818 188 29 nedsättas.
1383 818 25 29 Å
1425 819 110 29 andra
1553 819 99 29 sidan
1670 820 98 28 torde

283 859 107 37 några
412 859 160 30 hållbara
595 860 74 29 skäl
692 860 76 29 icke
790 861 119 29 kunna
932 861 169 36 åberopas
1124 861 55 29 för
1200 871 42 20 en
1265 862 171 37 utökning
1459 872 41 20 av
1523 863 247 36 uppbördster-

282 903 178 29 minernas
483 904 106 29 antal.
612 905 48 28 De
683 904 221 37 sakkunniga
926 905 153 34 förorda,
1102 906 50 29 att
1175 906 65 29 den
1264 906 230 31 kvarstående
1518 908 137 29 skatten
1680 908 88 29 skall

280 947 114 29 såsom
414 948 23 29 f.
452 957 33 20 n.
505 948 174 36 uppbäras
699 949 111 29 under
828 949 56 29 två
902 950 357 36 uppbördstermincr.

326 1001 48 29 De
397 1001 222 37 sakkunniga
642 1001 142 30 förorda
805 1002 117 29 vidare
945 1004 51 28 att
1018 1003 310 30 bestämmelserna
1352 1005 9 28 i
1384 1005 57 29 UF
1464 1015 56 19 om
1544 1006 159 36 uppbörd
1728 1015 41 21 av

282 1045 232 30 kvarstående
530 1046 93 29 skatt
640 1047 111 28 under
767 1047 393 36 uppbördsterminerna
1177 1048 10 28 i
1204 1057 93 20 mars
1314 1049 64 29 och
1394 1049 71 36 maj
1486 1049 167 30 månader
1670 1050 98 31 skola

280 1089 203 30 bibehållas.
504 1090 210 37 Visserligen
736 1091 161 36 medgavs
917 1092 111 28 under
1048 1092 82 29 åren
1153 1092 81 29 1949
1256 1093 63 29 och
1342 1093 81 30 1950
1445 1103 42 20 en
1506 1094 70 29 viss
1598 1094 170 36 förskjut-

280 1133 84 37 ning
382 1143 41 20 av
443 1134 395 36 uppbördsterminerna
856 1135 44 36 på
918 1136 113 39 grund
1052 1145 40 20 av
1112 1137 65 28 den
1197 1137 231 30 kvarstående
1448 1138 157 30 skattens
1627 1139 140 30 storlek.

281 1178 116 29 Under
412 1178 39 29 år
468 1179 81 29 1951
567 1179 44 29 ha
628 1179 87 29 dock
732 1180 394 36 uppbördsterminerna
1141 1181 90 28 varit
1248 1181 157 38 förlagda
1421 1183 52 28 till
1492 1192 93 20 mars
1602 1184 64 28 och
1683 1184 84 36 maj.

280 1223 50 28 De
355 1222 248 38 förändringar
628 1223 10 29 i
664 1224 411 36 uppbördsförfarandet,
1103 1234 73 20 som
1203 1226 107 29 redan
1335 1226 171 30 beslutats
1533 1228 64 29 och
1625 1237 74 20 som
1727 1229 40 29 de

281 1266 222 38 sakkunniga
533 1268 186 29 därutöver
749 1268 141 30 förorda
918 1268 11 29 i
958 1268 230 31 förevarande
1216 1270 232 36 betänkande,
1478 1272 84 29 böra
1594 1272 173 36 därjämte

280 1310 245 32 åstadkomma
542 1320 42 20 en
602 1311 108 30 sådan
728 1312 158 38 nedgång
902 1313 11 29 i
930 1313 41 29 de
989 1313 230 31 kvarstående
1238 1315 190 35 skatterna,
1448 1317 50 28 att
1517 1326 41 19 av
1577 1317 113 29 denna
1708 1326 59 20 an-

280 1355 139 37 ledning
439 1355 106 37 något
565 1356 110 29 behov
695 1366 42 20 av
758 1366 40 20 en
821 1357 107 29 sådan
950 1357 242 38 förskjutning
1213 1359 75 29 icke
1309 1360 69 29 kan
1400 1369 101 21 anses
1524 1360 175 38 föreligga.
1724 1361 41 30 Så

279 1399 99 37 länge
394 1400 261 36 arbetsgivarna
670 1400 45 30 ha
732 1401 196 37 skyldighet
944 1403 50 28 att
1008 1402 188 30 verkställa
1214 1404 127 37 avdrag
1357 1404 19 29 å
1393 1404 102 30 lönen
1513 1405 54 29 för
1584 1406 65 29 den
1666 1406 100 29 kvar-

279 1443 142 30 stående
438 1444 151 38 skatten,
606 1444 110 30 måste
732 1445 138 37 hänsyn
887 1448 98 34 tagas
1002 1446 51 29 till
1073 1447 99 29 deras
1189 1448 214 36 berättigade
1420 1450 192 34 önskemål,
1631 1452 51 27 att
1700 1451 65 29 den

278 1488 61 35 tid,
357 1489 175 29 varunder
550 1489 131 29 sådana
699 1490 129 36 avdrag
846 1490 98 30 skola
960 1491 219 34 verkställas,
1196 1492 67 29 blir
1281 1492 37 30 så
1336 1493 80 29 kort
1435 1503 75 20 som
1529 1494 147 37 möjligt.

323 1541 79 30 Som
418 1542 76 29 skäl
511 1542 54 30 för
579 1552 42 20 en
636 1542 262 41 framflyttning
913 1553 41 20 av
968 1544 395 36 uppbördsterminerna
1379 1547 50 29 till
1448 1556 121 21 senare
1586 1549 43 28 än
1645 1549 10 28 i
1670 1557 94 21 mars

277 1586 64 29 har
362 1586 106 29 också
491 1586 147 35 anförts,
660 1589 51 27 att
732 1596 81 21 man
835 1588 202 37 därigenom
1060 1589 112 29 skulle
1194 1590 120 29 kunna
1337 1591 189 30 medhinna
1550 1593 49 28 att
1620 1593 11 28 i
1654 1594 110 29 större

277 1630 246 38 utsträckning
538 1632 44 28 än
598 1631 100 36 eljest
714 1633 110 28 ändra
839 1633 213 29 verkställda
1069 1633 232 38 debiteringar
1315 1635 45 36 på
1375 1636 113 37 grund
1506 1645 41 20 av
1563 1637 201 30 meddelade

272 1674 115 30 beslut
406 1675 10 28 i
437 1675 225 37 debiterings-
681 1676 65 29 och
766 1677 259 37 taxeringsmål.
1046 1678 101 29 Detta
1169 1679 74 29 skäl
1265 1679 64 29 har
1347 1680 86 29 visst
1455 1680 57 37 fog
1533 1680 54 30 för
1609 1681 59 37 sig,
1691 1683 70 28 sär-

277 1718 83 30 skilt
379 1728 74 20 som
475 1720 56 29 det
551 1720 96 29 torde
665 1729 84 21 vara
769 1721 262 37 ofrånkomligt,
1051 1724 50 28 att
1121 1723 85 29 även
1227 1723 9 28 i
1259 1723 271 38 fortsättningen
1552 1726 125 29 liksom
1697 1726 66 30 hit-

272 1763 110 29 intills
409 1765 49 28 ett
485 1765 88 28 stort
600 1765 93 28 antal
723 1765 224 37 debiterings-
974 1767 65 28 och
1067 1767 300 37 taxeringsbesvär
1394 1769 134 36 ingivas
1557 1770 88 30 först
1671 1771 89 29 efter

276 1808 56 29 det
350 1808 265 30 debetsedlarna
633 1809 19 29 å
670 1809 119 38 slutlig
806 1810 94 29 skatt
917 1810 150 30 kommit
1085 1812 40 28 de
1144 1812 255 38 skattskyldiga
1417 1814 172 30 tillhanda
1608 1816 10 28 i
1636 1816 126 35 början

275 1861 42 20 av
337 1852 181 30 december
537 1853 137 30 månad.
695 1855 66 29 Det
781 1854 68 29 kan
868 1864 83 20 vara
971 1854 139 31 förenat
1128 1857 78 28 med
1228 1857 212 37 svårigheter
1460 1860 50 28 att
1529 1860 158 29 meddela
1707 1860 56 30 be-

276 1896 69 30 slut
368 1896 11 29 i
402 1897 102 29 dessa
528 1897 69 30 mål
622 1897 36 30 så
682 1898 137 37 snabbt,
843 1900 50 28 att
916 1908 68 28 nya
1010 1900 216 30 debetsedlar
1249 1901 120 30 kunna
1394 1902 161 31 utfärdas
1580 1904 73 29 före
1678 1913 84 28 upp-

271 1940 281 30 bördsterminen
568 1942 10 29 i
594 1951 103 20 mars.
715 1943 51 29 En
784 1943 262 38 framflyttning
1062 1954 41 19 av
1120 1945 110 29 första
1247 1947 353 35 uppbördsterminen
1617 1949 51 29 till
1685 1949 71 37 maj

274 1985 113 30 skulle
414 1986 194 29 emellertid
636 1987 158 29 medföra
823 1989 50 28 att
901 1988 65 29 den
996 1989 110 29 andra
1133 1990 354 36 uppbördsterminen
1516 1992 158 30 kommer
1703 2003 58 20 an-

273 2029 118 37 tingen
413 2030 10 28 i
443 2031 343 30 semestermånaden
806 2031 66 37 juli
892 2033 83 29 eller
994 2033 11 29 i
1026 2034 195 36 september
1240 2035 138 30 månad.
1402 2037 175 29 Intetdera
1599 2047 40 19 av
1661 2038 100 30 dessa

273 2073 186 31 alternativ
475 2074 70 30 kan
563 2074 170 31 förordas.

314 2128 53 28 Nu
390 2128 162 36 gällande
576 2129 108 36 regler
707 2128 56 30 för
786 2130 65 29 den
874 2131 232 30 kvarstående
1130 2132 157 31 skattens
1313 2133 197 39 fördelning
1533 2135 44 36 på
1602 2136 39 29 de
1665 2136 93 30 olika

269 2172 396 37 uppbördsterminerna
686 2182 104 28 synas
809 2175 84 29 böra
912 2175 204 31 bibehållas.

315 2247 46 30 På
380 2248 172 37 grundval
572 2257 41 20 av
632 2249 40 29 de
691 2248 240 37 sakkunnigas
950 2247 188 37 utredning
1158 2248 188 30 framlades
1366 2250 10 28 i
1396 2251 217 35 proposition
1633 2261 42 19 nr
1698 2252 59 29 100

269 2301 52 29 till
340 2301 82 29 1953
438 2301 57 30 års
513 2301 140 37 riksdag
669 2301 131 37 förslag
815 2301 52 29 till
882 2301 94 29 vissa
992 2301 190 36 ändringar
1198 2301 9 29 i
1225 2302 410 36 uppbördsförfarandet,
1651 2304 106 30 bland

268 2355 108 29 annat
395 2363 43 21 en
458 2363 46 28 ny
523 2353 396 40 uppbördsförordning.
940 2354 393 36 Departementschefen
1355 2356 115 29 anslöt
1490 2356 52 37 sig
1563 2357 121 30 därvid
1704 2358 52 29 till

268 2408 41 30 de
325 2407 242 37 sakkunnigas
583 2416 87 20 ovan
688 2406 144 38 intagna
847 2406 207 30 uttalanden
1071 2407 10 29 i
1099 2407 229 30 förevarande
1345 2409 182 36 spörsmål.
1547 2410 209 37 Propositio-

266 2470 67 21 nen
350 2460 209 37 tillstyrktes
575 2461 77 28 med
667 2460 93 29 vissa
777 2460 132 29 smärre
925 2460 190 37 ändringar
1131 2469 40 20 av
1188 2469 134 21 samma
1338 2461 55 30 års
1411 2462 345 38 bevillningsutskott
