2205 2680
448 149 18 31 6
818 141 389 35 Konstitutionsutskottets
1230 138 160 33 utlåtande
1413 137 54 32 Nr
1488 136 55 32 30.

1032 328 364 44 Reservationer:

547 458 43 22 av
629 444 125 36 herrar
794 441 194 47 Branting,
1030 439 179 48 Hellberg,
1256 435 225 48 Wavrinsky,
1523 435 160 36 Larsson
1709 433 14 34 i
1750 430 172 37 Västerås
1951 428 68 37 och

420 497 142 44 Wallin,
603 496 98 36 vilka
741 493 176 45 förordat,
959 497 53 31 att
1052 489 250 49 utredningen
1341 488 85 35 bort
1458 484 155 38 omfatta
1636 483 138 49 jämväl
1802 481 130 49 frågan
1959 493 60 23 om

414 549 205 48 ersättning
645 546 59 37 för
731 545 134 37 mistad
892 542 312 48 arbetsförtjänst;

549 664 42 23 av
619 650 130 36 herrar
780 647 144 44 Clason,
953 658 69 24 von
1053 644 119 49 Geijer
1198 643 67 36 och
1294 655 68 24 von
1389 641 181 42 Mentzer;

548 766 45 23 av
633 751 125 36 herrar
798 748 225 50 Magnusson
1054 748 13 33 i
1094 745 190 43 Tumhult,
1313 743 86 49 Bäf
1422 742 67 36 och
1515 741 156 36 Jönsson
1698 741 12 33 i
1738 738 177 43 Slätåker,
1945 749 78 23 som

417 804 135 38 anfört:

551 855 143 48 Enligt
737 856 64 33 vår
829 850 241 50 uppfattning
1101 849 108 47 lägga
1236 843 529 47 kommunalförfattningarna
1792 841 31 47 ej
1855 839 132 36 hinder
2012 840 14 33 i

416 915 118 42 vägen
561 906 59 37 för
643 906 178 35 kommun
840 908 55 31 att
913 903 123 35 lämna
1055 899 209 48 ersättning
1283 897 58 36 för
1360 895 165 49 utgifter,
1544 895 98 36 vilka
1661 893 222 36 förorsakats
1902 893 120 45 någon

418 959 58 37 för
502 956 234 51 fullgörande
764 969 42 23 av
833 960 53 30 ett
914 953 129 36 sådant
1070 950 178 49 uppdrag,
1278 961 78 24 som
1384 948 32 47 ej
1447 949 119 47 ålegat
1593 946 136 35 honom
1757 947 47 45 på
1829 941 125 50 grund
1981 954 45 23 av

419 1024 46 22 en
492 1022 45 24 av
564 1010 135 34 honom
728 1011 190 43 mottagen
946 1003 213 36 kommunal
1187 1000 220 48 befattning.

554 1060 105 37 Hvad
686 1063 78 32 åter
791 1057 131 48 frågan
949 1057 12 34 i
989 1054 121 48 övrigt
1138 1055 112 46 angår
1278 1051 90 36 hava
1394 1051 36 35 vi
1458 1053 129 40 ansett,
1606 1052 55 32 att
1688 1045 226 38 omedelbart
1932 1043 95 37 efter

421 1113 111 36 sedan
559 1111 210 48 Riksdagen
797 1109 152 48 antagit,
977 1105 206 49 respektive
1211 1103 180 36 utskottet
1410 1100 175 45 förordat,
1606 1102 61 33 två
1686 1101 39 33 så
1743 1094 284 52 betydelsefulla

421 1163 260 46 förändringar
716 1165 20 32 å
776 1160 101 36 detta
908 1157 146 37 område
1082 1168 77 24 som
1188 1152 278 38 bestämmande
1494 1165 42 23 av
1563 1151 209 47 ersättning
1798 1152 38 33 åt
1858 1149 170 35 kommu-

420 1214 220 36 nalnämnds
680 1210 220 38 ordförande
933 1209 68 35 och
1030 1211 37 31 åt
1094 1206 204 35 ledamöter
1324 1205 13 35 i
1364 1201 345 50 taxeringsnämnd,
1739 1201 182 34 utskottet
1947 1198 81 35 icke

420 1266 85 35 bort
533 1264 133 37 föreslå
692 1262 216 50 ytterligare
937 1264 82 43 steg
1044 1259 13 34 i
1086 1270 45 23 en
1158 1257 175 46 riktning,
1363 1267 76 24 som
1467 1254 79 36 icke
1574 1254 95 35 lärer
1704 1252 126 35 kunna
1849 1248 179 47 fullföljas

422 1322 90 30 utan
551 1319 86 32 våra
668 1314 238 36 kommuners
933 1307 237 49 betungande
1197 1308 68 35 och
1294 1320 45 22 en
1366 1305 212 48 vittgående
1606 1303 245 48 omläggning
1878 1314 45 23 av
1958 1300 72 35 hit-

422 1368 78 35 tills
527 1365 170 50 gällande
725 1364 186 49 principer
939 1362 57 36 för
1024 1361 70 35 den
1121 1359 237 36 kommunala
1386 1356 401 48 självförvaltningen.»
