1874 2814
257 148 38 31 32
652 154 378 30 Jordbruksutskottets
1056 154 175 30 utlåtande
1260 164 41 21 nr
1323 156 49 29 61.

259 238 80 29 över
366 236 367 37 skogsvårdsstyrelses
758 238 111 30 beslut
895 248 57 20 om
979 238 210 31 tillsättande
1213 239 79 31 eller
1318 239 239 37 entledigande
1585 250 42 21 av
1653 251 115 27 perso-

258 288 68 34 nal,
355 288 174 30 därunder
553 288 191 36 inbegripet
771 289 86 29 även
882 288 235 31 förordnande
1142 289 21 31 å
1190 289 202 37 befattning,
1420 294 90 27 samt
1535 301 57 20 om
1620 291 147 38 tillämp-

259 337 82 37 ning
360 348 43 20 av
421 338 158 37 gällande
597 338 406 36 avlöningsföreskrifter,
1025 340 63 29 har
1106 341 94 29 detta
1222 342 85 28 mött
1327 341 175 31 motstånd
1522 342 11 29 i
1551 342 218 30 motionerna

260 388 26 29 I:
302 389 60 29 291
390 389 65 29 och
478 389 44 29 II:
537 389 72 29 452.
633 389 94 30 Enär
748 389 97 36 eljest
866 389 431 37 skogsvårdsstyrelsernas
1320 391 232 31 rörelsefrihet
1577 396 48 26 att
1650 393 118 30 kunna

260 447 150 27 anpassa
436 440 204 35 personalen
666 439 85 31 efter
780 440 171 30 växlande
974 441 112 29 behov
1113 441 111 30 skulle
1248 441 153 36 hindras,
1428 443 63 29 bör
1517 442 103 37 enligt
1648 443 120 31 motio-

259 490 164 29 närernas
445 489 136 37 mening
602 489 108 31 sådan
728 491 209 29 besvärsrätt
957 490 217 31 förekomma
1193 492 143 30 allenast
1356 492 221 31 beträffande
1597 492 172 31 ordinarie

259 539 242 36 befattningar.
525 540 49 29 De
593 539 165 37 farhågor
779 550 74 21 som
871 542 66 29 här
956 541 146 30 kommit
1124 542 49 30 till
1193 543 138 36 uttryck
1348 551 105 27 synas
1473 544 166 30 utskottet
1660 545 108 35 knap-

259 594 77 31 past
357 591 188 35 grundade.
567 585 27 35 Å
615 591 110 29 andra
748 590 96 31 sidan
866 590 111 31 måste
1001 592 55 30 det
1077 602 41 20 ur
1140 593 221 35 personalens
1386 594 177 35 synpunkt
1583 603 100 21 anses
1703 594 65 30 1ill-

260 640 125 36 börligt
411 644 49 26 att
485 641 119 30 kunna
629 641 37 30 få
693 640 207 32 hithörande
927 641 117 37 frågor
1067 643 152 35 prövade
1244 653 42 20 av
1312 644 216 30 överordnad
1557 644 210 37 myndighet.

259 690 274 31 Besvärsrättens
558 690 215 38 utformning
796 691 104 37 enligt
924 691 258 38 propositionen
1205 694 98 30 torde
1328 693 146 31 sålunda
1496 695 85 30 böra
1605 696 164 36 godtagas

259 749 42 21 av
321 741 193 36 riksdagen.

305 791 75 30 Den
404 801 41 21 av
470 792 121 36 Kungl.
619 792 101 36 Maj:t
745 793 196 35 föreslagna
965 793 219 36 placeringen
1207 794 10 29 i
1242 795 162 35 löneplan
1428 804 43 21 av
1493 795 276 37 skogsvårdssty-

261 844 169 29 relsernas
451 843 172 31 ordinarie
644 845 159 35 personal
823 845 63 29 har
908 845 82 35 givit
1012 846 141 35 upphov
1173 844 51 32 till
1246 854 42 22 en
1308 847 64 29 rad
1391 845 347 38 ändringsyrkanden
1758 847 11 30 i

262 894 41 30 de
324 893 235 37 föreliggande
584 894 226 30 motionerna.
832 894 68 31 För
925 898 49 27 att
995 894 129 32 erhålla
1146 905 42 21 en
1211 895 216 37 överskådlig
1449 897 72 30 bild
1543 906 41 21 av
1608 898 68 30 vad
1696 907 73 21 mo-

261 944 157 30 tionerna
442 944 10 29 i
478 943 122 31 sådant
622 945 196 31 hänseende
840 944 186 36 innehålla,
1051 946 64 30 har
1136 947 166 29 utskottet
1324 948 253 30 sammanställt
1598 947 169 37 ifrågava-

261 994 108 29 rande
388 994 181 36 yrkanden
573 990 18 46 i
617 1004 43 20 en
681 994 50 30 till
751 995 91 29 detta
864 994 177 31 utlåtande
1061 994 113 31 såsom
1195 996 112 36 bilaga
1327 997 105 35 fogad
1453 997 112 35 tabell,
1587 997 183 30 utvisande

261 1042 110 31 tillika
391 1045 68 30 vad
476 1044 10 29 i
506 1044 258 36 propositionen
782 1045 192 36 föreslagits
994 1045 220 32 härutinnan,
1236 1046 96 30 Efter
1354 1046 168 36 ingående
1540 1046 169 39 prövning
1729 1057 41 21 av

262 1095 229 31 förevarande
512 1095 198 37 lönefrågor
729 1097 64 29 har
811 1097 165 29 utskottet
999 1096 115 31 funnit
1136 1097 122 35 Kungl.
1280 1096 118 37 Maj:ts
1420 1098 129 35 förslag
1570 1097 12 30 i
1602 1103 84 26 stort
1706 1103 63 26 sett

262 1146 156 36 lämpligt
443 1147 122 34 avvägt
590 1147 66 29 och
682 1146 119 31 därför
827 1148 138 29 stannat
991 1147 55 30 för
1071 1152 49 26 att
1144 1147 172 37 tillstyrka
1341 1149 202 29 detsamma.
1570 1148 200 31 Emellertid

261 1197 63 29 bör
347 1196 157 35 tilläggas
531 1198 48 28 att
602 1196 95 30 inom
723 1197 164 30 utskottet
911 1197 180 31 framförts
1114 1197 158 31 härifrån
1297 1198 194 31 avvikande
1514 1199 179 36 meningar
1716 1201 52 29 rö-

260 1245 108 30 rande
392 1245 87 30 flera
503 1245 242 36 befattningar.
773 1245 144 31 Särskilt
939 1247 66 29 vad
1030 1246 107 36 angår
1160 1248 335 36 länsskogvaktarna
1518 1249 65 29 har
1607 1250 163 29 utskottet

262 1297 92 30 ställt
377 1296 51 37 sig
450 1297 170 30 tveksamt
644 1296 51 31 till
720 1298 115 30 dessas
860 1298 184 36 placering,
1070 1299 242 30 motsvarande
1336 1300 122 30 endast
1480 1301 165 35 lönegrad
1666 1300 28 29 A
1720 1301 48 29 12.

263 1345 12 29 I
307 1346 227 29 betraktande
567 1355 42 21 av
640 1347 98 29 dessa
768 1345 356 37 befattningshavares
1155 1346 195 40 utbildning
1381 1350 64 30 och
1481 1350 290 36 arbetsuppgifter

261 1396 64 29 har
348 1397 166 29 utskottet
538 1396 116 30 funnit
678 1397 116 29 starka
820 1398 75 29 skäl
919 1397 71 30 tala
1015 1397 54 30 för
1096 1407 44 20 en
1161 1397 105 36 något
1290 1399 112 30 bättre
1425 1399 242 38 löneställning
1691 1401 80 30 eller

261 1447 156 29 närmast
444 1447 74 29 13:e
542 1447 218 36 lönegraden.
786 1447 49 31 På
858 1449 113 34 grund
999 1457 41 20 av
1066 1448 165 30 befarade
1256 1450 256 30 konsekvenser
1539 1459 42 21 av
1608 1460 42 20 en
1676 1451 94 37 dylik

262 1496 206 38 förbättring
493 1497 10 30 i
526 1498 276 29 lönehänseende
829 1498 55 30 för
910 1499 330 35 länsskogvaktarna
1266 1500 64 30 har
1355 1501 164 29 utskottet
1547 1502 88 29 dock
1662 1505 109 26 ansett

262 1547 49 36 sig
331 1548 85 31 böra
434 1548 98 31 avstå
552 1548 80 31 från
654 1553 48 26 att
721 1549 171 37 tillstyrka
910 1549 200 37 ifrågasatta
1131 1550 248 38 uppflyttning.
1400 1551 14 30 I
1433 1552 200 36 anslutning
1654 1551 116 32 härtill

263 1600 96 29 torde
372 1600 88 29 böra
473 1598 151 37 påpekas
639 1603 50 27 att
704 1599 368 37 befattningshavarna
1086 1602 81 28 över
1181 1602 56 35 lag
1250 1600 11 29 i
1275 1602 172 30 samband
1463 1603 80 30 med
1556 1601 214 38 övergången

262 1648 50 31 till
335 1649 57 30 det
415 1648 133 37 statliga
573 1651 242 35 lönesystemet
837 1650 133 31 erhålla
992 1650 91 31 vissa
1108 1651 110 30 andra
1243 1652 196 36 betydande
1461 1652 177 31 förmåner
1660 1654 45 30 än
1729 1654 41 30 de

263 1700 169 29 kontanta
454 1700 250 36 lönebeloppen
723 1717 44 3 —
789 1701 75 29 icke
887 1700 106 31 minst
1012 1710 41 21 ur
1075 1701 350 38 pensionssynpunkt.

308 1750 172 31 Utskottet
502 1751 65 29 har
587 1750 102 36 ingen
713 1750 136 30 erinran
871 1755 50 26 att
941 1751 194 30 framställa
1155 1754 73 28 mot
1249 1755 49 27 att
1320 1752 122 36 Kungl.
1464 1752 102 37 Maj:t
1590 1754 88 30 efter
1700 1755 70 29 för-

264 1801 72 35 slag
353 1809 42 21 av
414 1800 271 37 skogsstyrelsen
703 1800 187 31 fastställer
906 1801 90 30 vissa
1013 1803 151 34 grunder
1179 1802 11 29 i
1207 1802 99 36 fråga
1325 1813 59 20 om
1400 1803 369 38 avlöningsförhållan-

264 1851 87 29 dena
368 1850 57 30 för
441 1850 429 37 skogsvårdsstyrelsernas
890 1855 94 27 extra
1004 1851 228 32 årsanställda
1248 1853 350 38 befattningshavare.
1616 1854 75 30 Vad
1711 1864 58 21 an-

261 1900 60 34 går
348 1900 97 36 Övrig
470 1902 159 33 personal
654 1910 99 26 synes
780 1902 55 29 det
858 1900 157 37 lämpligt
1038 1905 48 26 alt
1111 1903 270 35 skogsstyreisen
1405 1905 100 29 söker
1529 1903 241 32 åstadkomma

262 1950 107 29 större
394 1949 207 36 enhetlighet
623 1951 10 30 i
656 1950 99 37 fråga
778 1961 56 20 om
856 1950 239 37 anställnings-
1118 1953 65 30 och
1206 1953 456 36 avlöningsförhållandena.

307 2000 142 31 Liksom
477 2002 378 36 departementschefen
880 2002 116 31 finner
1019 2004 165 30 utskottet
1212 2003 154 38 påkallat
1391 2009 49 26 att
1465 2004 170 37 enhetliga
1662 2007 109 36 regler

263 2052 177 30 utarbetas
464 2052 147 30 rörande
635 2053 255 30 resekostnads-
916 2054 66 29 och
1007 2055 458 36 traktamentsersättningar
1490 2055 34 31 åt
1549 2056 221 36 skogsvårds-

263 2101 224 38 styrelsernas
506 2102 349 36 befattningshavare.

326 2231 101 34 VIIL
474 2232 328 43 Finansieringen
826 2243 50 23 av
901 2232 516 45 skogsvårdsstyrelsernas
1442 2236 268 34 verksamhet.

309 2321 360 37 Sammanfattningar
693 2332 43 21 av
758 2323 245 36 utredningens
1029 2323 129 37 förslag
1181 2325 65 29 och
1269 2326 207 34 yttrandena
1500 2327 135 30 lämnas
1660 2326 10 30 i
1694 2336 76 26 pro-

264 2372 196 34 positionen
480 2382 24 21 s.
523 2373 162 35 93—103,
706 2382 86 27 resp.
812 2382 25 21 s.
859 2373 182 31 103—117.

308 2420 390 40 Departementschefen
724 2423 65 30 har
814 2423 178 37 föreslagit
1019 2423 157 36 följande
1200 2424 10 30 i
1236 2424 229 32 förevarande
1493 2428 114 29 ämne:

311 2472 134 32 »Sedan
470 2474 98 36 länge
593 2474 66 30 har
685 2473 431 37 skogsvårdsstyrelsernas
1143 2475 344 38 finansieringsfråga
1512 2478 88 30 varit
1625 2478 146 30 föremål
