2212 2648
408 210 41 31 28
915 210 237 41 Lagutskottets
1175 211 166 31 utlåtande
1364 211 52 31 Nr
1437 213 49 29 27.

1156 311 20 50 $
1206 314 59 35 40.

512 398 121 48 Böter,
663 411 79 23 som
772 398 118 50 enligt
919 399 124 36 denna
1071 398 221 50 förordning
1320 398 164 48 ådömas,
1505 398 149 37 tillfalla
1673 399 156 37 kronan.
1861 398 144 38 Saknas

409 450 162 49 tillgång
612 450 55 36 till
707 450 176 37 böternas
920 451 90 36 fulla
1038 450 199 50 gäldande,
1267 450 107 37 skola
1402 451 45 36 de
1476 450 216 37 förvandlas
1722 452 119 49 enligt
1870 452 134 35 allmän

410 501 188 50 strafflag.

1045 604 63 33 Om
1130 605 232 40 motorcykel.

1164 699 20 50 $
1213 702 60 34 41.

511 786 71 36 För
625 786 244 48 motorcykel,
910 799 85 23 vars
1024 786 81 53 vikt
1134 786 208 49 överstiger
1372 788 71 35 150
1472 787 197 49 kilogram,
1699 787 118 49 gäller
1844 787 72 36 vad
1945 801 60 22 om

410 850 122 23 annan
561 838 205 36 automobil
795 843 41 31 är
865 837 161 50 stadgat.
1082 840 35 34 Å
1145 839 229 49 motorcykel
1404 853 46 22 av
1478 839 144 37 mindre
1649 839 81 36 vikt
1758 844 63 31 äro
1851 839 155 37 allenast

410 889 281 37 föreskrifterna
718 890 12 35 i
759 889 20 49 &
808 892 48 34 42
886 889 236 50 tillämpliga.

1153 983 21 49 8
1203 986 60 34 42.

513 1069 234 50 Motorcykel
789 1072 61 33 må
891 1069 196 37 framföras
1125 1072 20 34 å
1173 1070 103 49 varje
1305 1070 137 37 allmän
1469 1076 86 43 väg,
1585 1077 91 43 gata
1704 1072 88 35 eller
1819 1072 188 48 torgplats

411 1127 179 31 ävensom
631 1124 21 33 å
692 1121 141 37 enskilt
861 1121 160 47 område,
1051 1122 46 36 då
1126 1127 139 44 ägaren
1294 1123 88 36 eller
1409 1124 93 35 hans
1530 1123 326 37 rättsinnehavare
1884 1123 123 36 därtill

411 1174 142 35 lämnat
595 1173 181 48 tillstånd,
820 1173 95 37 dock
943 1179 54 30 att
1025 1173 57 36 för
1110 1174 230 49 motorcykel
1367 1175 84 36 med
1479 1175 224 50 tillkopplad
1732 1178 40 33 så
1800 1175 123 36 kallad
1952 1175 53 37 bi-

410 1238 103 36 vagn
555 1225 98 48 (för-,
695 1225 99 36 sido-
837 1225 88 36 eller
965 1224 198 50 släpvagn)
1192 1226 107 48 skall,
1343 1227 44 36 då
1416 1227 163 37 bredden
1620 1240 47 23 av
1702 1228 84 36 hela
1824 1227 181 48 fordonet,

411 1280 241 46 styrstången
693 1277 180 46 oräknad,
915 1277 205 48 överstiger
1163 1280 68 45 1,40
1272 1284 128 42 meter,
1442 1279 101 49 gälla
1570 1279 73 35 vad
1671 1279 12 35 i
1712 1278 21 49 8
1764 1281 45 34 13
1840 1279 164 49 stadgas.

412 1328 140 37 Sådant
595 1329 147 47 förbud,
784 1342 130 23 varom
956 1329 10 36 1
1007 1343 112 23 mom.
1150 1332 21 33 2
1214 1343 46 22 av
1296 1331 164 36 nämnda
1489 1330 20 49 8
1538 1335 99 45 sägs,
1666 1330 76 36 kan
1769 1331 12 35 i
1811 1331 106 48 fråga
1945 1344 60 23 om

409 1381 104 49 varje
542 1381 229 49 motorcykel
800 1381 199 37 meddelas.

513 1433 17 36 I
558 1433 123 48 övrigt
714 1433 108 36 skola
850 1433 164 49 följande
1042 1433 12 36 i
1083 1433 121 37 denna
1233 1433 222 50 förordning
1482 1434 117 49 givna
1626 1435 283 37 bestämmelser
1935 1435 71 36 till-

409 1485 158 48 lämpas,
596 1484 207 49 nämligen:

516 1536 35 49 1)
580 1535 21 50 &
632 1538 17 34 1
680 1536 84 36 med
794 1536 195 49 undantag
1017 1549 47 23 av
1091 1549 111 24 mom.
1235 1539 17 33 1
1283 1538 210 47 punkterna
1520 1537 51 49 b),
1600 1538 44 47 c),
1674 1537 30 48 fy
1733 1538 69 36 och
1830 1538 54 49 g);
1910 1539 96 35 dock

410 1593 56 31 att
507 1588 292 36 vidkommande
841 1588 120 48 punkt
998 1587 37 49 d)
1075 1588 215 49 anordning
1317 1588 59 36 för
1403 1594 168 31 motorns
1601 1589 294 50 frånkopplande
1924 1590 81 36 från

410 1639 211 50 drivhjulen
649 1640 32 49 ej
712 1640 200 45 erfordras;

515 1691 36 49 2)
581 1691 43 50 $$
653 1694 34 45 5,
718 1694 20 34 6
769 1692 70 36 och
871 1695 17 33 7
918 1692 11 36 i
957 1692 226 49 tillämpliga
1211 1692 118 45 delar;

514 1743 37 46 3)
580 1743 21 49 $
634 1746 44 34 14
707 1749 98 31 samt

513 1795 38 48 4)
587 1795 11 36 i
637 1795 225 50 tillämpliga
903 1796 101 36 delar
1039 1795 21 49 &
1100 1798 44 34 16
1182 1809 111 24 mom.
1340 1798 32 45 1,
1412 1799 34 44 3,
1484 1799 34 46 4,
1546 1798 20 35 5
1605 1797 70 37 och
1700 1799 20 34 6
1751 1804 96 31 samt
1875 1797 41 50 $$
1945 1800 59 46 28,

411 1848 164 46 30—34,
605 1849 163 46 36—38,
799 1849 49 34 40
877 1848 69 36 och
974 1849 60 34 44.

513 1899 72 36 För
625 1900 231 49 motorcykel
896 1900 118 48 gäller
1056 1899 203 49 dessutom,
1302 1905 55 31 att
1398 1900 71 37 den
1502 1900 95 37 skall
1624 1914 91 23 vara
1744 1902 148 36 försedd
1922 1902 83 36 med

409 1950 218 49 signalhorn
668 1951 84 37 med
795 1952 78 48 gäll
914 1958 64 30 ton
1020 1957 99 30 samt
1159 1952 115 37 minst
1316 1965 58 35 en,
1404 1952 136 37 snabbt
1569 1953 69 36 och
1666 1953 125 37 säkert
1818 1954 187 37 verkande

408 2002 138 37 broms.

512 2054 73 37 Vid
614 2055 249 49 registrering
891 2068 45 23 av
963 2055 230 49 motorcykel
1222 2055 95 37 skall
1345 2056 233 49 Konungens
1603 2056 402 50 befallningshavande

408 2105 142 37 tilldela
578 2107 231 48 motorcykel
833 2107 417 49 igenkänningsmärke.
1306 2108 236 37 Beträffande
1562 2108 131 37 sådant
1710 2109 296 50 igenkännings-

408 2157 128 36 märke
564 2158 95 36 skall
687 2159 114 48 gälla,
831 2164 54 31 att
913 2159 83 36 dess
1016 2158 202 38 bokstäver
1237 2159 71 37 och
1333 2160 119 36 siffror
1471 2160 105 37 skola
1594 2174 91 23 vara
1713 2162 114 35 minst
1848 2164 21 34 8
1890 2162 115 36 centi-

408 2214 117 31 meter
565 2209 100 49 höga
701 2210 85 36 med
830 2211 152 36 överallt
1018 2214 18 33 7
1066 2211 230 37 millimeters
1326 2212 236 49 stapelbredd
1591 2218 96 31 samt
1715 2213 98 36 hava
1840 2214 114 36 minst
1984 2217 20 33 9

408 2261 230 36 millimeters
679 2262 160 36 avstånd
882 2263 135 36 mellan
1058 2263 162 36 bokstav
1261 2264 71 36 och
1374 2264 101 36 siffra
1503 2265 69 35 och
1601 2264 115 36 minst
1746 2268 17 33 7
1795 2266 211 35 millimeter

407 2314 103 35 såväl
552 2313 134 36 mellan
727 2314 108 49 varje
876 2314 120 37 siffras
1034 2315 70 36 och
1132 2315 180 37 bokstavs
1336 2316 267 50 jämnlöpande
1632 2316 101 37 delar
1761 2330 79 23 som
1869 2317 133 35 mellan
