2176 2642
730 171 225 43 Lagutskottets
978 174 162 33 utlåtande
1167 175 49 32 Nr
1239 177 55 31 26.
1751 183 19 30 5

204 269 76 22 som
311 270 58 22 om
399 257 44 35 de
472 259 197 48 principer,
699 260 96 36 vilka
823 262 157 36 kommit
1007 264 56 35 till
1093 266 147 47 uttryck
1268 265 10 35 i
1306 265 44 36 de
1379 265 204 50 framlagda
1615 268 195 49 förslagen,

202 320 84 22 vore
326 308 12 34 i
380 308 60 36 det
482 309 81 35 hela
603 310 352 46 tillfredsställande,
998 321 67 28 när
1104 328 82 22 man
1226 316 84 35 ville
1352 317 170 47 upphäva
1561 320 250 47 inmutnings-

201 363 131 38 rätten,
361 359 67 34 och
457 365 54 29 att
540 361 180 35 utskottet
748 361 115 37 funne
892 365 57 46 sig
978 365 125 34 kunna
1142 366 11 34 i
1185 366 192 36 huvudsak
1409 369 143 34 ansluta
1580 371 55 45 sig
1663 371 57 35 till
1749 371 61 35 det

201 421 72 35 nya
300 415 148 41 system,
478 422 77 23 som
598 412 10 33 i
638 411 186 45 förslagen
853 416 133 33 vunnit
1015 417 159 47 uttryck.
1229 416 186 44 Utskottet
1444 418 91 36 hade
1564 419 92 36 dock
1685 420 124 37 funnit

199 459 203 47 anledning
441 465 54 30 att
536 466 76 30 mot
653 461 181 47 förslagen
867 463 203 37 framställa
1097 467 93 34 vissa
1218 468 294 47 anmärkningar,
1543 473 46 43 på
1615 471 120 44 grund
1766 485 43 22 av

198 509 98 34 vilka
324 510 178 35 utskottet
530 517 119 30 ansett
677 525 44 22 en
750 514 260 47 omarbetning
1037 528 43 22 av
1108 515 181 48 förslagen
1320 517 229 47 erforderlig,
1584 521 121 34 vilken
1729 522 80 35 icke

199 559 198 48 lämpligen
428 561 140 35 kunnat
596 575 43 21 av
666 563 181 35 utskottet
875 565 225 35 verkställas.
1156 566 185 36 Utskottet
1368 572 113 42 ansåg
1509 571 56 45 sig
1592 569 100 49 förty
1721 571 88 36 böra

198 610 171 47 avstyrka
396 609 106 36 bifall
530 611 57 35 till
616 611 185 49 förslagen
829 614 12 35 i
868 613 254 50 föreliggande
1150 617 111 35 skick.
1318 618 128 35 Denna
1479 620 200 35 utskottets
1707 621 101 36 hem-

197 660 132 34 ställan
357 660 83 36 blev
467 662 67 34 ock
563 674 42 24 av
633 662 116 36 första
776 664 212 36 kammaren
1017 666 164 36 bifallen.
1236 667 126 36 Andra
1390 669 210 36 kammaren
1643 671 166 36 däremot

197 711 120 34 anslöt
357 712 57 46 sig
454 711 58 36 till
540 725 44 22 en
612 713 61 35 vid
702 713 240 37 förenämnda
970 717 189 36 utlåtande
1187 717 112 49 fogad
1327 721 235 43 reservation,
1593 721 79 36 däri
1700 722 106 36 bifall

196 760 56 35 till
280 759 184 49 förslagen
492 764 205 47 avstyrktes
727 768 45 44 på
799 765 70 36 den
897 767 124 46 grund
1050 773 52 29 att
1130 781 44 22 en
1202 781 51 36 ny
1281 769 9 35 i
1311 775 93 30 stort
1423 776 70 29 sett
1513 772 164 47 enhetlig
1695 786 111 34 gruv-

195 810 235 49 lagstiftning
457 813 113 35 borde
599 814 147 35 komma
764 817 58 34 till
847 817 118 43 stånd,
986 817 124 49 byggd
1132 822 46 44 på
1197 820 70 34 den
1286 820 205 48 principen,
1512 827 53 30 att
1585 824 219 43 mineralier,

195 861 11 35 i
248 861 70 35 den
359 866 82 31 mån
483 863 44 36 de
568 864 32 47 ej
643 865 113 35 redan
798 879 87 23 vore
922 869 148 44 tagna
1055 857 24 62 i
1097 869 93 35 bruk
1218 883 45 22 av
1290 871 177 43 enskilda,
1497 873 118 34 skulle
1643 880 163 29 närmast

195 911 87 36 falla
309 914 100 34 inom
438 919 138 31 statens
603 916 320 45 intresseområde,
952 924 142 30 oavsett
1122 931 59 23 om
1209 919 245 49 fyndigheten
1483 924 79 45 låge
1582 926 46 44 på
1647 924 158 36 kronans

195 962 88 35 eller
324 964 182 35 enskildas
547 966 116 44 mark,
692 966 68 35 och
788 972 52 30 att
867 968 379 48 gruvlagstiftningen
1276 972 105 35 alltså
1410 971 113 36 borde
1551 974 164 46 grundas
1744 982 61 29 vä-

194 1014 179 47 sentligen
414 1017 20 32 å
461 1019 51 31 ett
540 1015 382 51 koncessionssystem.
978 1019 70 35 Det
1075 1020 94 35 lärer
1196 1034 87 22 vara
1309 1023 191 48 antagligt,
1530 1029 53 29 att
1610 1026 12 33 i
1650 1024 71 36 den
1749 1028 56 33 så-

193 1064 115 35 lunda
347 1065 146 48 yppade
534 1068 474 48 meningsskiljaktigheten
1051 1077 39 28 är
1123 1076 52 30 att
1203 1073 87 34 söka
1318 1072 70 36 den
1418 1075 205 47 väsentliga
1650 1077 154 35 orsaken

193 1115 57 35 till
275 1120 54 30 att
357 1114 130 50 frågan
517 1116 161 37 därefter
705 1120 67 34 allt
799 1119 133 36 hittills
960 1119 72 37 fått
1059 1121 85 35 vila.

326 1165 16 35 I
383 1166 63 36 det
485 1168 174 48 yttrande
699 1170 57 35 till
798 1171 412 48 statsrådsprotokollet,
1245 1187 77 22 som
1352 1174 147 49 åtföljer
1526 1175 71 36 den
1625 1177 58 35 till
1711 1179 92 35 riks-

191 1215 119 49 dagen
330 1230 51 22 nu
401 1217 146 37 avlåtna
566 1219 127 49 kungl.
711 1222 242 46 proposition,
969 1227 121 44 yttrar
1104 1222 267 50 föredragande
1387 1225 414 49 departementschefen,

190 1271 55 31 att
272 1267 82 45 han,
385 1273 87 30 utan
501 1274 53 31 att
581 1283 52 22 nu
661 1269 147 37 försöka
835 1272 193 48 uppdraga
1055 1277 112 44 några
1194 1276 187 47 riktlinjer
1408 1275 58 37 för
1485 1282 52 30 ett
1557 1277 150 37 fortsatt
1725 1280 77 47 lag-

190 1316 318 50 stiftningsarbete
547 1321 12 33 i
601 1319 238 38 förevarande
881 1326 118 41 ämne,
1040 1325 95 34 velat
1176 1326 275 48 tillkännagiva,
1494 1332 53 31 att
1575 1328 73 35 han
1675 1337 127 28 ämnar

190 1373 140 31 snarast
358 1369 146 48 möjligt
544 1370 64 36 hos
637 1371 135 49 Kungl.
802 1372 104 47 Maj:t
934 1375 145 34 anmäla
1106 1374 139 49 frågan,
1275 1377 97 35 vilka
1400 1378 170 48 åtgärder
1597 1380 202 48 lämpligen

188 1418 90 36 böra
305 1419 167 49 vidtagas
499 1422 13 33 i
540 1420 122 37 denna
687 1422 141 49 viktiga
855 1425 280 47 angelägenhet.

322 1469 96 36 Herr
444 1471 191 48 Asplunds
663 1473 253 37 ovanberörda
943 1477 141 34 motion
1112 1483 39 28 är
1179 1478 189 35 anknuten
1396 1479 59 35 till
1484 1478 99 37 detta
1610 1482 189 35 uttalande

188 1521 67 35 och
296 1520 140 49 åsyftar
474 1525 47 45 på
548 1528 72 30 sätt
647 1525 12 34 i
687 1526 188 34 motionen
912 1528 148 44 angives
1087 1532 64 39 att,
1180 1529 113 34 innan
1322 1529 61 36 det
1411 1529 95 36 efter
1534 1531 265 49 utredningens

186 1572 283 48 igångsättande
496 1573 72 36 blir
594 1573 154 46 försent,
776 1574 196 38 framhålla
999 1579 124 34 vikten
1152 1591 45 23 av
1224 1579 397 50 gruvlagstiftningens
1649 1595 149 36 anpass-

187 1623 92 47 ning
306 1622 94 36 efter
426 1623 158 37 behovet
611 1638 43 23 av
681 1625 72 36 den
781 1626 193 37 inhemska
1001 1628 366 48 malmförädlingens
1395 1632 226 49 utveckling.
1663 1633 134 37 Motio-

186 1680 113 29 nären
332 1672 154 38 föreslår
514 1674 231 38 fördenskull
774 1690 44 22 en
847 1678 174 36 skrivelse
1049 1679 57 36 till
1136 1679 136 50 Kungl.
1301 1681 106 48 Maj:t
1433 1696 44 22 av
1505 1682 70 36 den
1603 1684 192 45 innebörd,

186 1728 53 31 att
266 1724 63 35 vid
357 1724 70 36 den
454 1726 14 34 i
495 1727 402 49 statsrådsprotokollet
925 1730 172 35 utlovade
1125 1743 106 23 snara
1259 1732 246 49 utredningen
1534 1746 59 23 om
1613 1748 44 22 en
1677 1735 119 37 bättre

186 1775 67 34 och
281 1788 99 23 mera
408 1776 283 49 stadigvarande
718 1780 148 47 lösning
893 1793 44 22 av
965 1779 131 50 frågan
1114 1794 59 23 om
1194 1783 412 49 mineralfyndigheters
1623 1787 173 46 tillgodo-

185 1825 162 48 görande
388 1831 134 32 största
550 1829 153 48 möjliga
730 1829 142 49 hänsyn
900 1834 115 32 måtte
1042 1837 113 42 tagas,
1197 1832 164 37 förutom
1389 1834 59 35 till
1476 1840 137 31 statens
1640 1837 155 36 intresse

184 1889 43 22 av
268 1876 106 36 andel
414 1879 12 33 i
468 1878 67 36 den
567 1879 142 36 direkta
735 1880 235 37 ekonomiska
996 1883 144 36 vinsten
1168 1897 44 22 av
1238 1885 351 49 malmbrytningen,
1618 1895 91 28 även
1737 1889 57 35 till

185 1926 157 37 behovet
368 1941 45 22 av
440 1934 54 31 att
521 1929 467 52 malmförädlingsföretag
1014 1933 155 49 kraftigt
1196 1935 271 47 understödjas.

317 1977 189 38 Utskottet
534 1980 66 36 har
619 1982 84 35 med
721 1982 325 49 tillfredsställelse
1065 1985 193 45 inhämtat,
1280 1991 54 30 att
1350 1991 52 31 ett
1417 1989 317 47 återupptagande
1750 2004 43 21 av

184 2028 142 37 arbetet
353 2029 58 36 för
438 2032 148 47 lösning
612 2046 44 22 av
680 2032 44 36 de
751 2034 180 35 svävande
960 2034 173 50 frågorna
1161 2040 46 44 på
1225 2037 399 48 gruvlagstiftningens
1645 2041 147 35 område

183 2080 118 35 ställts
329 2080 13 35 i
370 2082 127 35 utsikt.
552 2082 69 36 Det
649 2084 188 47 pågående
865 2085 334 49 tillgodogörandet
1226 2100 43 23 av
1296 2087 145 37 kraften
1460 2090 12 35 i
1490 2089 143 37 landets
1652 2096 140 31 vatten-

182 2129 67 36 fall
276 2131 67 36 och
371 2144 124 24 senare
523 2133 113 37 tiders
662 2141 68 29 rön
757 2134 119 50 ifråga
903 2149 60 22 om
991 2136 72 36 den
1091 2138 193 36 elektriska
1311 2140 363 49 malmsmältningen
1702 2143 89 47 giva

182 2181 198 50 anledning
410 2183 59 36 till
501 2183 261 51 förhoppning,
791 2191 54 31 att
871 2187 13 35 i
912 2200 44 22 en
984 2194 89 29 nära
1100 2187 152 37 framtid
1279 2191 177 35 malmens
1485 2190 187 50 förädling
1699 2194 91 35 skall

182 2232 127 36 kunna
349 2233 164 50 försiggå
552 2237 99 35 inom
681 2236 125 36 landet
832 2237 11 35 i
872 2242 118 32 större
1019 2240 254 47 utsträckning
1301 2248 45 28 än
1375 2241 144 37 hittills.
1574 2242 125 37 Under
1734 2247 55 35 så-
