2208 2683
445 202 15 26 6
570 196 117 32 Andra
710 196 232 32 Kammarens
966 195 186 42 Tillfälliga
1180 196 144 33 Utskotts
1347 196 79 42 (N:o
1451 198 34 41 4)
1514 196 175 33 Utlåtande
1711 196 64 32 N:o
1798 198 51 30 15.

536 278 53 37 Då
617 277 143 38 således
788 292 135 35 genom
952 277 103 38 bifall
1085 278 56 37 till
1169 277 244 38 förevarande
1441 278 179 37 motioner
1647 277 88 38 eller
1753 278 56 37 till
1829 281 125 47 någon
1977 279 39 37 af

401 329 83 37 dem
526 329 195 37 skilnaden
750 329 157 37 emellan
936 334 117 33 större
1081 330 72 37 och
1181 330 143 36 mindre
1352 329 134 48 förråd,
1514 330 100 37 hvad
1641 330 272 50 myckenheten
1939 330 73 37 eld-

400 381 134 49 farliga
574 381 93 50 oljor
707 384 128 46 angår,
876 381 81 37 icke
1002 381 120 37 skulle
1163 381 115 37 blifva
1318 381 242 50 synnerligen
1601 386 87 43 stor,
1716 395 85 24 men
1827 381 105 38 faran
1958 382 55 37 för

401 432 197 50 olycksfall
638 433 12 36 i
690 432 62 38 det
784 433 143 37 mindre
956 433 161 37 förrådet
1145 433 120 37 skulle
1292 433 149 37 komma
1470 438 53 32 att
1549 432 188 51 betydligt
1763 433 105 48 ökas,
1896 436 117 35 måste

401 483 182 38 utskottet
621 483 114 38 redan
775 487 47 48 på
863 484 109 37 ofvan
1014 484 165 49 anförda,
1219 499 44 22 ur
1304 484 390 51 säkerhetssynpunkt
1733 484 171 38 hemtade
1933 485 82 37 skäl

401 535 168 51 afstyrka
596 535 103 37 bifall
725 536 57 36 till
810 536 94 37 båda
931 536 239 37 motionerna.

533 587 192 38 Utskottet
765 587 66 37 vill
871 587 203 38 emellertid
1114 587 136 50 jemväl
1290 592 166 45 upptaga
1500 587 56 37 till
1596 587 221 38 bemötande
1845 587 45 38 de
1919 588 93 49 skäl,

401 652 78 24 som
506 638 13 37 i
546 639 229 37 motionerna
802 639 121 37 blifvit
950 639 153 38 anförda
1129 639 56 38 för
1212 639 103 37 bifall
1342 639 56 37 till
1418 639 199 37 desamma.
1647 639 120 37 Dessa
1786 639 82 37 skäl
1887 639 127 38 kunna

400 704 109 23 anges
550 704 90 23 vara
679 691 319 49 hufvudsakligen
1038 694 74 45 två,
1153 691 188 49 nemligen
1384 688 70 49 1:0)
1496 696 54 31 att
1581 691 62 37 det
1670 691 142 36 mindre
1839 691 172 49 förrådet,

400 741 97 36 helst
538 741 114 36 sedan
692 741 173 49 gasoljan
904 742 156 36 kommit
1099 741 56 36 till
1183 742 243 48 användning
1453 742 63 35 vid
1543 741 234 49 grufdriften,
1805 742 75 35 ofta
1906 747 107 43 tager

401 791 74 37 slut
517 793 73 36 förr
630 797 45 32 än
716 807 52 35 ny
809 806 89 24 vara
938 792 133 37 hunnit
1111 792 201 49 anskaffas,
1340 792 68 38 och
1436 789 72 49 2:0)
1538 797 53 32 att
1618 791 313 38 omkostnaderna
1957 792 56 37 för

400 857 134 23 varans
576 844 272 37 hemforslande
888 845 68 36 och
996 844 115 50 inköp
1152 844 108 37 ställa
1288 845 60 49 sig
1376 844 267 49 jemförelsevis
1670 844 261 49 förmånligare
1957 844 57 37 för

399 900 53 32 ett
480 900 116 32 större
623 895 97 50 parti
748 900 47 32 än
823 896 56 36 för
906 900 52 32 ett
985 895 153 37 mindre.

533 946 235 37 Beträffande
797 947 46 37 då
870 947 93 36 först
990 947 62 37 det
1077 947 118 37 under
1222 960 108 24 mom.
1363 943 69 49 1:0)
1461 946 66 37 här
1555 946 111 37 ofvan
1695 946 195 37 anmärkta
1918 946 94 49 skäl,

400 1001 40 33 så
480 1001 59 33 må
579 998 100 37 detta
719 1011 89 24 vara
847 998 145 49 rigtigt,
1027 1012 84 23 men
1144 998 245 50 olägenheten
1417 997 224 37 härutinnan
1669 997 94 37 lärer
1790 997 128 37 lättast
1945 998 68 36 och

398 1048 85 38 bäst
522 1049 128 37 kunna
689 1049 248 38 förekommas
978 1049 227 50 derigenom,
1247 1054 53 33 att
1327 1063 46 23 en
1406 1048 330 49 landthandlande,
1768 1048 100 38 inom
1900 1049 113 37 hvars

399 1100 307 37 handelsområde
747 1101 253 49 afsättningen
1040 1101 40 36 af
1115 1101 196 49 eldfarliga
1351 1101 92 49 oljor
1470 1106 40 31 är
1538 1105 117 32 större
1683 1105 47 32 än
1758 1105 53 32 att
1839 1100 71 37 den
1937 1100 75 37 kan

398 1151 218 50 tillgodoses
657 1165 137 36 genom
823 1166 27 23 s.
880 1152 35 37 k.
945 1152 143 37 mindre
1115 1152 134 49 förråd,
1278 1152 196 37 förskaffar
1502 1151 60 50 sig
1588 1156 73 32 rätt
1686 1150 57 38 till
1771 1164 28 24 s.
1829 1151 35 37 k.
1896 1156 116 33 större

399 1202 131 37 förråd.

533 1254 16 35 I
590 1252 205 51 anledning
823 1254 39 36 af
885 1254 208 50 uppgiften,
1127 1259 53 31 att
1207 1254 290 49 hemforslingen
1527 1253 39 37 af
1588 1257 53 33 ett
1669 1258 116 32 större
1813 1253 96 49 parti
1936 1253 75 37 eld-

398 1304 134 50 farliga
564 1304 92 50 oljor
690 1304 121 38 skulle
839 1305 108 37 ställa
976 1305 59 49 sig
1057 1305 273 49 jemförelsevis
1357 1304 262 49 förmånligare
1647 1309 46 32 än
1720 1304 292 50 hemforslingen

399 1356 40 37 af
461 1361 52 32 ett
541 1355 142 37 mindre
711 1356 96 49 parti
836 1356 115 37 sådan
979 1370 101 34 vara,
1108 1357 67 36 har
1202 1356 183 37 utskottet
1412 1359 20 34 å
1454 1355 371 50 jernvägsstationen
1851 1355 13 37 i
1882 1355 130 38 Stock-

398 1407 99 37 holm
538 1407 68 36 fått
645 1406 71 37 den
757 1407 244 50 upplysning,
1042 1412 53 31 att
1122 1407 245 49 nedsättning
1394 1407 10 36 1
1433 1407 276 49 jernvägsfrakt
1735 1407 56 36 för
1818 1406 195 50 eldfarliga

398 1458 93 49 oljor
530 1459 31 48 ej
605 1458 73 36 kan
719 1462 107 33 ernåg
866 1458 83 37 med
991 1459 141 36 mindre
1172 1459 145 49 partiet,
1347 1472 77 23 som
1455 1457 96 37 skall
1578 1458 153 48 fraktas,
1759 1463 112 44 utgör
1897 1458 116 36 minst

399 1511 72 35 830
500 1509 152 37 kannor.
710 1509 70 38 Om
808 1509 281 50 ifrågavarande
1118 1509 83 50 slag
1229 1510 40 36 af
1291 1523 109 23 varor
1428 1509 106 37 skola
1560 1508 142 38 fraktas
1731 1508 219 38 annorledes
1965 1514 47 32 än

399 1564 19 33 å
458 1561 168 49 jernväg,
654 1561 214 49 landvägen
895 1560 89 38 eller
1012 1561 171 49 sjöledes,
1213 1564 40 34 så
1279 1561 104 36 torde
1410 1560 309 37 fraktkostnaden
1746 1560 109 37 äfven
1883 1560 45 36 då
1957 1563 56 34 stå

398 1612 12 36 i
450 1616 52 32 ett
541 1611 96 37 visst
669 1613 120 49 gifvet
816 1612 227 36 förhållande
1070 1612 57 36 till
1155 1612 153 50 partiets
1338 1612 149 36 storlek.
1542 1611 192 37 Utskottet
1761 1611 116 37 håller
1905 1611 108 37 alltså

398 1664 86 46 före,
513 1668 54 31 att
593 1663 296 48 hemforslingen
917 1664 39 35 af
978 1663 195 49 eldfarliga
1201 1663 92 49 oljor
1321 1663 127 37 ställer
1476 1662 59 50 sig
1562 1662 268 49 jemförelsevis
1849 1662 89 49 lika,
1953 1676 59 23 om

398 1714 134 49 partiet
559 1719 112 44 utgör
701 1716 71 35 600
800 1714 89 36 eller
916 1716 72 35 300
1018 1714 152 36 kannor.
1225 1714 71 36 Väl
1323 1714 104 37 torde
1455 1714 128 36 kunna
1610 1713 157 49 inträffa,
1788 1718 53 32 att
1859 1713 152 50 inköps-

398 1765 115 49 priset
552 1765 13 35 i
604 1768 125 46 någon
770 1768 84 33 mån
887 1765 73 36 kan
989 1765 273 49 jemförelsevis
1290 1764 114 37 blifva
1431 1765 115 49 lägre,
1574 1778 59 23 om
1661 1765 74 49 köp
1762 1768 47 46 på
1836 1778 46 23 en
1909 1768 103 46 gång

399 1816 114 36 slutes
542 1829 57 22 om
629 1818 72 35 600
730 1816 144 37 kannor
901 1821 47 31 än
976 1830 59 22 om
1064 1816 113 49 köpet
1203 1816 118 49 gäller
1340 1816 158 36 allenast
1517 1818 71 34 300
1609 1816 158 46 kannor;
1788 1830 84 22 men
1891 1816 121 36 denna

398 1866 228 50 prisskilnad
666 1872 195 45 uppväges
904 1866 213 50 säkerligen
1158 1867 40 36 af
1227 1867 71 37 den
1330 1867 116 49 högre
1474 1866 172 48 kostnad,
1676 1880 78 23 som
1782 1880 231 35 varuegaren

397 1918 54 36 får
490 1918 210 36 vidkännas
741 1918 56 36 för
836 1918 335 49 brandförsäkring
1212 1919 39 35 af
1274 1923 52 32 ett
1353 1918 115 49 lager,
1498 1931 78 23 som
1602 1917 205 37 innehåller
1834 1918 97 36 ända
1957 1918 56 36 till

399 1971 71 34 600
511 1969 144 36 kannor
695 1969 195 49 eldfarliga
917 1969 105 49 oljor,
1050 1973 88 32 enär
1165 1969 127 36 risken
1320 1970 56 35 för
1403 1968 611 50 brandförsäkringsinrättningen

397 2023 117 33 måste
555 2019 92 37 ökas
687 2020 12 36 1
735 2033 141 24 samma
903 2023 84 34 mån
1017 2020 274 49 myckenheten
1319 2022 39 35 af
1382 2020 195 49 eldfarliga
1605 2024 145 44 ämnen,
1780 2033 78 23 som
1885 2019 90 50 ingå
2001 2020 12 36 i

398 2070 225 49 varulagret,
651 2071 189 36 förstoras.

531 2121 51 37 På
609 2122 124 49 grund
762 2122 40 37 af
824 2122 100 36 hvad
954 2121 153 37 sålunda
1135 2122 154 48 anförts,
1318 2125 54 34 får
1398 2122 182 37 utskottet
1607 2121 210 37 hemställa:

900 2220 33 49 a)
962 2229 53 31 att
1057 2224 85 37 herr
1183 2224 88 37 Olof
1307 2224 135 37 Olsons
1475 2224 12 36 i
1519 2223 220 38 Stensdalen
1771 2224 241 38 förevarande

799 2274 138 38 motion
965 2275 82 37 icke
1075 2278 112 34 måtte
1215 2275 191 37 föranleda
1432 2278 126 47 någon
1586 2275 150 50 åtgärd;
