1882 2788
391 97 450 32 Konstitutionsutskottets
862 95 178 31 utlåtande
1060 104 41 20 nr
1120 94 41 30 28
1180 93 39 30 år
1240 93 82 29 1966
1563 91 35 29 11

118 183 56 29 det
199 192 41 20 av
263 183 67 28 den
354 181 199 37 föreslagna
576 179 177 29 reformen
776 178 47 29 bli
847 176 167 39 tämligen
1037 175 194 38 begränsat,
1256 172 150 30 Osäkert
1431 172 38 28 är
1494 170 106 29 också

120 227 93 30 vilka
228 226 209 39 verkningar
453 233 74 21 som
543 226 47 28 ett
605 225 9 28 i
630 222 326 39 röstlängdsärende
972 220 173 30 meddelat
1162 219 112 29 beslut
1290 227 56 19 om
1363 216 141 38 resning
1518 215 83 29 eller

119 270 245 31 återställande
389 279 42 21 av
455 270 175 29 försutten
653 268 51 29 tid
728 268 70 28 kan
822 266 126 30 tänkas
973 265 37 29 få
1034 264 79 29 med
1137 262 167 30 avseende
1329 261 45 39 på
1399 259 201 40 giltigheten

119 325 42 21 av
185 317 56 29 val
268 325 74 20 som
368 315 109 29 redan
502 313 99 30 blivit
626 313 164 29 förrättat
816 311 79 29 med
922 308 225 38 användning
1172 316 42 21 av
1240 307 68 29 den
1334 303 266 40 ifrågavarande

118 360 234 38 röstlängden,
373 360 68 29 Om
459 359 114 29 beslut
592 367 58 20 om
669 357 142 37 resning
830 355 177 29 meddelas
1027 354 84 28 nära
1133 352 81 39 inpå
1234 353 47 27 ett
1302 351 54 28 val
1377 350 70 29 kan
1469 349 57 29 det
1547 348 53 29 för

119 405 110 38 övrigt
253 405 48 29 bli
325 404 93 29 svårt
443 406 49 27 att
517 402 108 30 hinna
649 401 188 29 verkställa
861 401 41 28 de
926 409 43 20 av
992 398 148 30 beslutet
1165 395 205 30 föranledda
1394 394 206 29 rättelserna

120 451 10 28 i
153 451 109 29 sådan
284 450 50 29 tid
355 451 49 28 att
427 450 40 28 de
491 449 69 28 kan
582 448 99 39 tjäna
702 447 53 28 till
776 444 232 30 efterrättelse
1029 443 56 29 vid
1108 442 99 29 valet.
1231 440 75 30 Vad
1328 439 144 30 särskilt
1494 438 106 38 angår

119 494 247 30 återställande
386 503 42 20 av
448 492 173 29 försutten
642 491 50 29 tid
714 499 101 31 synes
836 489 95 29 detta
952 488 137 29 institut
1112 487 77 29 med
1210 486 107 29 därav
1338 483 157 40 följande
1517 492 84 30 upp-

121 540 146 39 repning
285 548 41 20 av
343 536 471 40 anmärkningsproceduren
833 535 178 29 dessutom
1030 542 83 20 vara
1132 531 117 30 alltför
1269 529 248 30 tidskrävande
1539 528 63 29 och

118 583 228 39 omständligt
367 584 55 28 för
442 585 49 27 att
514 581 187 39 lämpligen
721 581 122 28 kunna
863 578 178 30 användas
1064 577 53 28 för
1139 576 56 29 det
1216 574 174 33 ändamål,
1413 581 120 21 varom
1554 581 47 19 nu

119 630 38 28 är
185 629 107 37 fråga.
320 629 58 28 Ett
406 626 273 40 genomförande
706 635 42 19 av
775 624 163 38 förslaget
967 631 102 30 synes
1097 620 148 30 sålunda
1271 620 122 28 kunna
1421 617 181 29 föranleda

119 673 95 29 såväl
239 673 183 39 praktiska
446 681 74 20 som
545 671 159 37 rättsliga
728 669 222 38 svårigheter.
977 666 125 30 Härtill
1128 666 157 28 kommer
1309 665 50 28 att
1385 672 41 19 en
1453 662 149 38 tillämp-

120 718 84 39 ning
226 728 42 19 av
290 719 40 28 de
353 715 264 30 extraordinära
638 713 227 30 rättsmedlen
889 712 172 38 svårligen
1084 710 86 29 låter
1194 709 51 38 sig
1267 709 140 28 förenas
1432 707 78 29 med
1534 706 68 39 gäl-

120 763 102 29 lande
242 762 223 38 regelsystem
487 762 10 28 i
517 760 110 39 övrigt
648 759 45 39 på
712 757 166 30 området.
902 757 43 29 Så
964 758 23 27 t.
1010 765 49 20 ex.
1082 764 102 30 synes
1205 754 55 28 det
1281 752 187 39 oegentligt
1489 753 51 27 att
1560 760 42 19 en

121 807 98 38 fråga
236 817 57 19 om
310 806 141 30 rättelse
468 815 42 20 av
528 806 45 28 fel
591 806 10 28 i
618 804 178 37 röstlängd
815 803 89 29 skall
922 802 122 28 kunna
1062 800 73 29 före
1152 799 89 29 valet
1260 797 233 30 underkastas
1511 803 92 31 rege-

120 851 229 39 ringsrättens
376 850 172 39 prövning
574 849 79 29 med
678 847 177 30 anlitande
881 856 42 20 av
948 844 264 31 extraordinära
1236 842 214 33 rättsmedel,
1477 840 125 30 medan

122 897 122 38 frågan
270 897 69 28 inte
364 896 74 29 före
463 895 89 29 valet
578 895 70 28 kan
672 892 175 39 fullföljas
870 892 52 29 till
947 890 303 39 regeringsrätten,
1275 897 58 19 om
1358 887 56 29 det
1440 885 162 30 ordinära

121 940 266 38 anmärknings-
411 941 65 28 och
499 936 362 31 besvärsförfarandet
885 935 175 39 utnyttjas
1084 934 53 28 för
1161 935 50 27 att
1235 932 36 29 få
1295 932 82 28 felet
1401 930 201 39 undanröjt.

119 985 132 39 Frågor
270 995 56 20 om
346 985 140 29 rättelse
506 993 42 20 av
568 984 44 28 fel
633 983 11 29 i
663 982 178 38 röstlängd
863 982 37 28 är
920 980 55 29 för
994 979 111 38 övrigt
1124 977 238 39 regelmässigt
1383 985 42 20 av
1445 975 39 29 så
1503 975 100 28 enkel

119 1029 246 30 beskaffenhet
382 1031 50 27 att
450 1029 57 29 det
525 1028 73 29 icke
615 1028 71 29 kan
702 1036 83 20 vara
800 1025 176 29 rationellt
994 1026 49 27 att
1061 1023 156 38 förlägga
1234 1021 216 39 prövningen
1466 1029 43 20 av
1525 1019 78 29 dem

120 1075 52 29 till
194 1075 123 38 högsta
337 1075 146 28 instans.

166 1153 393 41 Departementschefen
586 1151 147 30 föreslår
757 1151 11 29 i
793 1151 124 32 stället,
943 1151 50 27 att
1019 1147 288 40 länsstyrelserna
1334 1146 89 29 skall
1450 1144 36 30 få
1511 1143 93 30 befo-

124 1210 124 38 genhet
271 1210 49 28 att
343 1208 92 28 rätta
457 1207 92 29 vissa
574 1206 45 29 fel
643 1206 10 29 i
675 1204 159 40 justerad
859 1202 188 39 röstlängd.
1073 1202 76 29 Han
1175 1199 213 33 framhåller,
1415 1200 49 28 att
1487 1197 117 29 utred-

122 1263 148 38 ningens
286 1260 255 38 huvudförslag
558 1259 191 39 inrymmer
766 1267 42 20 en
826 1257 70 29 viss
914 1255 250 39 motsvarighet
1181 1253 117 29 härtill
1316 1252 67 29 och
1400 1253 50 29 att
1468 1251 58 29 det
1544 1259 62 20 un-

121 1316 62 29 der
205 1314 385 38 remissbehandlingen
612 1312 81 30 från
715 1321 44 20 en
781 1311 54 29 del
859 1310 71 29 håll
954 1309 143 29 uttalats
1123 1307 187 40 sympatier
1335 1306 54 28 för
1413 1307 50 28 att
1488 1313 43 20 en
1554 1303 52 30 så-

122 1370 70 29 dan
213 1369 137 38 lösning
370 1367 260 30 åstadkommes
651 1365 109 29 redan
780 1373 57 20 nu.

168 1422 81 30 Som
270 1420 253 39 förutsättning
543 1420 54 29 för
617 1420 57 28 det
695 1428 69 30 nya
784 1416 336 30 rättelseinstitutets
1141 1413 224 38 användning
1387 1411 147 30 föreslås
1554 1411 52 29 till

124 1485 43 20 en
181 1476 126 39 början
323 1475 99 39 gälla,
439 1476 49 27 att
504 1473 113 39 någon
633 1472 45 39 på
693 1471 112 39 grund
821 1480 42 20 av
878 1469 194 39 uppenbart
1090 1468 45 29 fel
1152 1468 70 28 inte
1237 1466 63 30 har
1316 1465 98 30 blivit
1432 1466 174 37 upptagen

125 1529 115 29 såsom
263 1527 268 38 röstberättigad
553 1527 12 28 i
586 1526 66 29 den
676 1525 54 29 för
752 1523 216 39 granskning
991 1521 195 39 framlagda
1207 1519 235 38 röstlängden.
1467 1518 140 28 Institu-

124 1585 48 27 tet
193 1585 53 27 tar
267 1581 101 30 alltså
389 1580 90 29 sikte
499 1580 74 29 dels
593 1579 45 39 på
658 1578 62 30 fall
741 1578 44 29 då
805 1577 115 39 någon
940 1575 182 39 rätteligen
1144 1574 113 29 skolat
1278 1573 191 29 antecknas
1492 1571 114 29 såsom

125 1635 269 39 röstberättigad
415 1643 79 20 men
517 1633 37 30 så
576 1633 28 39 ej
631 1632 102 33 skett,
755 1631 72 29 dels
850 1630 44 40 på
915 1629 63 29 fall
999 1629 44 29 då
1064 1628 115 39 någon
1199 1627 52 29 till
1274 1626 90 39 följd
1386 1635 42 20 av
1450 1625 46 29 fel
1519 1625 11 28 i
1551 1624 55 29 det

125 1687 304 41 primärmaterial,
454 1697 75 19 som
553 1686 105 38 ligger
683 1686 51 28 till
759 1685 112 38 grund
896 1684 54 28 för
974 1681 244 39 röstlängdens
1242 1678 244 41 upprättande,
1512 1678 96 28 kom-

126 1742 63 30 mit
207 1744 51 28 att
276 1743 10 28 i
304 1741 225 38 röstlängden
548 1739 171 29 uteslutas
738 1738 79 29 från
835 1737 131 29 honom
984 1734 265 31 tillkommande
1269 1734 154 28 rösträtt.
1444 1732 163 29 Däremot

126 1805 99 20 avses
250 1796 69 29 inte
344 1795 62 29 fall
430 1794 45 29 då
498 1793 114 39 någon
637 1791 160 39 felaktigt
821 1790 207 30 antecknats
1053 1789 116 29 såsom
1192 1786 269 39 röstberättigad
1487 1785 11 29 i
1522 1785 87 28 röst-

126 1849 159 39 längden.
307 1848 110 39 Något
439 1846 175 39 praktiskt
635 1845 112 29 behov
768 1854 41 20 av
830 1846 50 27 att
902 1843 101 38 vidga
1024 1840 412 39 rättelsemöjligheterna
1458 1839 10 28 i
1491 1838 117 39 dylika

127 1903 60 29 fall
206 1903 98 37 säges
321 1902 71 28 inte
408 1901 46 28 ha
471 1900 188 29 framträtt.

172 1955 80 29 Som
276 1953 252 38 förutsättning
552 1952 53 29 för
629 1952 56 28 det
709 1960 67 30 nya
799 1948 336 30 rättelseinstitutets
1159 1945 224 39 användning
1406 1946 62 28 bör
1492 1944 116 29 vidare

128 2008 99 38 gälla,
248 2010 49 28 att
320 2008 80 28 felet
422 2006 75 30 icke
519 2005 96 29 blivit
637 2004 130 39 påtalat
790 2004 10 28 i
822 2002 215 29 föreskriven
1060 2000 148 38 ordning
1230 2007 122 31 genom
1375 1998 234 37 anmärkning

128 2062 63 28 hos
208 2060 244 30 valnämnden.
473 2060 71 28 Har
563 2059 37 29 så
619 2059 90 28 skett
730 2059 84 27 utan
832 2058 50 28 att
902 2056 80 28 felet
1002 2054 96 30 blivit
1117 2055 116 31 rättat,
1253 2053 68 29 kan
1342 2053 108 28 saken
1470 2052 139 37 bringas

129 2115 109 28 under
256 2113 268 39 länsstyrelsens
542 2111 170 39 prövning
731 2110 77 29 med
826 2109 177 30 anlitande
1022 2117 42 20 av
1082 2108 66 28 den
1166 2107 163 28 ordinära
1347 2106 261 37 besvärsvägen.

172 2168 51 28 En
242 2167 198 38 ytterligare
459 2164 253 39 förutsättning
730 2164 53 28 för
801 2162 142 29 rättelse
961 2162 10 28 i
990 2170 46 19 nu
1057 2161 193 36 föreslagen
1269 2159 150 37 ordning
1437 2159 62 28 bör
1517 2167 92 23 vara,

128 2223 49 27 att
204 2222 65 28 den
296 2220 108 29 saken
429 2220 56 27 rör
512 2219 85 27 även
623 2217 58 29 vid
706 2214 370 38 anmärkningstidens
1103 2213 128 38 utgång
1257 2212 181 39 uppfyllde
1463 2211 66 29 vad
1557 2212 53 37 lag

129 2274 140 37 stadgar
287 2272 115 29 såsom
419 2271 126 28 villkor
562 2271 54 28 för
632 2269 153 28 rösträtt.

174 2325 151 29 Rättelse
347 2325 10 28 i
380 2333 47 19 nu
449 2323 150 37 angivna
620 2321 149 38 ordning
791 2320 146 29 föreslås
961 2320 120 27 kunna
1104 2319 60 28 ske
1185 2318 122 29 endast
1331 2318 88 28 efter
1442 2317 167 29 ansökan.

130 2379 66 29 För
221 2380 49 27 att
295 2377 173 29 institutet
495 2375 87 29 skall
608 2374 45 29 bli
681 2374 36 29 så
743 2373 160 29 effektivt
930 2373 63 28 och
1021 2371 138 38 smidigt
1187 2380 72 20 som
1288 2370 136 39 möjligt
1452 2370 158 29 förordas

129 2434 49 27 att
200 2432 67 28 inte
285 2431 83 28 bara
387 2430 68 29 den
473 2438 74 19 som
566 2428 119 28 berörs
703 2437 41 19 av
764 2426 79 29 felet
864 2427 83 28 utan
966 2426 87 28 även
1073 2424 90 29 lokal
1183 2423 319 39 skattemyndighet
1523 2423 87 29 skall
