<?xml version="1.0" encoding="UTF-8"?>
<alto xmlns="http://www.loc.gov/standards/alto/ns-v3#" xmlns:xlink="http://www.w3.org/1999/xlink" xmlns:xsi="http://www.w3.org/2001/XMLSchema-instance" xsi:schemaLocation="http://www.loc.gov/standards/alto/ns-v3# http://www.loc.gov/alto/v3/alto-3-0.xsd">
	<Description>
		<MeasurementUnit>pixel</MeasurementUnit>
		<sourceImageInformation>
			<fileName>/tmp/tess_posx6_5e_input.PNG</fileName>
		</sourceImageInformation>
		<OCRProcessing ID="OCR_0">
			<ocrProcessingStep>
				<processingSoftware>
					<softwareName>tesseract 5.3.0</softwareName>
				</processingSoftware>
			</ocrProcessingStep>
		</OCRProcessing>
	</Description>
	<Layout>
		<Page WIDTH="1880" HEIGHT="2780" PHYSICAL_IMG_NR="0" ID="page_0">
			<PrintSpace HPOS="0" VPOS="0" WIDTH="1880" HEIGHT="2780">
				<ComposedBlock ID="cblock_0" HPOS="298" VPOS="124" WIDTH="1163" HEIGHT="35">
					<TextBlock ID="block_0" HPOS="298" VPOS="124" WIDTH="1163" HEIGHT="35">
						<TextLine ID="line_0" HPOS="298" VPOS="124" WIDTH="1163" HEIGHT="35">
							<String ID="string_0" HPOS="298" VPOS="127" WIDTH="20" HEIGHT="30" WC="0.96" CONTENT="4"/><SP WIDTH="310" VPOS="127" HPOS="318"/>
							<String ID="string_1" HPOS="628" VPOS="124" WIDTH="298" HEIGHT="35" WC="0.92" CONTENT="Statsutskottets"/><SP WIDTH="17" VPOS="124" HPOS="926"/>
							<String ID="string_2" HPOS="943" VPOS="126" WIDTH="185" HEIGHT="33" WC="0.96" CONTENT="utlåtande"/><SP WIDTH="19" VPOS="126" HPOS="1128"/>
							<String ID="string_3" HPOS="1147" VPOS="138" WIDTH="42" HEIGHT="21" WC="0.93" CONTENT="nr"/><SP WIDTH="17" VPOS="138" HPOS="1189"/>
							<String ID="string_4" HPOS="1206" VPOS="126" WIDTH="29" HEIGHT="33" WC="0.91" CONTENT="B"/><SP WIDTH="15" VPOS="126" HPOS="1235"/>
							<String ID="string_5" HPOS="1250" VPOS="128" WIDTH="40" HEIGHT="31" WC="0.95" CONTENT="91"/><SP WIDTH="24" VPOS="128" HPOS="1290"/>
							<String ID="string_6" HPOS="1314" VPOS="127" WIDTH="39" HEIGHT="32" WC="0.95" CONTENT="år"/><SP WIDTH="18" VPOS="127" HPOS="1353"/>
							<String ID="string_7" HPOS="1371" VPOS="128" WIDTH="90" HEIGHT="31" WC="0.95" CONTENT="1958"/>
						</TextLine>
					</TextBlock>
				</ComposedBlock>
				<ComposedBlock ID="cblock_1" HPOS="297" VPOS="203" WIDTH="1491" HEIGHT="664">
					<TextBlock ID="block_1" HPOS="297" VPOS="203" WIDTH="1491" HEIGHT="664">
						<TextLine ID="line_1" HPOS="346" VPOS="203" WIDTH="1442" HEIGHT="45">
							<String ID="string_8" HPOS="346" VPOS="203" WIDTH="122" HEIGHT="34" WC="0.96" CONTENT="Såsom"/><SP WIDTH="21" VPOS="203" HPOS="468"/>
							<String ID="string_9" HPOS="489" VPOS="203" WIDTH="155" HEIGHT="43" WC="0.96" CONTENT="framgår"/><SP WIDTH="20" VPOS="203" HPOS="644"/>
							<String ID="string_10" HPOS="664" VPOS="217" WIDTH="45" HEIGHT="21" WC="0.96" CONTENT="av"/><SP WIDTH="21" VPOS="217" HPOS="709"/>
							<String ID="string_11" HPOS="730" VPOS="204" WIDTH="60" HEIGHT="34" WC="0.96" CONTENT="det"/><SP WIDTH="20" VPOS="204" HPOS="790"/>
							<String ID="string_12" HPOS="810" VPOS="205" WIDTH="156" HEIGHT="41" WC="0.96" CONTENT="följande"/><SP WIDTH="22" VPOS="205" HPOS="966"/>
							<String ID="string_13" HPOS="988" VPOS="205" WIDTH="144" HEIGHT="34" WC="0.96" CONTENT="föreslår"/><SP WIDTH="18" VPOS="205" HPOS="1132"/>
							<String ID="string_14" HPOS="1150" VPOS="205" WIDTH="71" HEIGHT="43" WC="0.96" CONTENT="jag,"/><SP WIDTH="22" VPOS="205" HPOS="1221"/>
							<String ID="string_15" HPOS="1243" VPOS="210" WIDTH="56" HEIGHT="29" WC="0.97" CONTENT="att"/><SP WIDTH="22" VPOS="210" HPOS="1299"/>
							<String ID="string_16" HPOS="1321" VPOS="206" WIDTH="67" HEIGHT="34" WC="0.96" CONTENT="den"/><SP WIDTH="22" VPOS="206" HPOS="1388"/>
							<String ID="string_17" HPOS="1410" VPOS="206" WIDTH="141" HEIGHT="42" WC="0.96" CONTENT="andliga"/><SP WIDTH="22" VPOS="206" HPOS="1551"/>
							<String ID="string_18" HPOS="1573" VPOS="207" WIDTH="133" HEIGHT="33" WC="0.96" CONTENT="vården"/><SP WIDTH="21" VPOS="207" HPOS="1706"/>
							<String ID="string_19" HPOS="1727" VPOS="207" WIDTH="61" HEIGHT="33" WC="0.96" CONTENT="vid"/>
						</TextLine>
						<TextLine ID="line_2" HPOS="298" VPOS="248" WIDTH="1490" HEIGHT="46">
							<String ID="string_20" HPOS="298" VPOS="248" WIDTH="149" HEIGHT="42" WC="0.96" CONTENT="sjukhus"/><SP WIDTH="18" VPOS="248" HPOS="447"/>
							<String ID="string_21" HPOS="465" VPOS="248" WIDTH="88" HEIGHT="34" WC="0.93" CONTENT="skall"/><SP WIDTH="19" VPOS="248" HPOS="553"/>
							<String ID="string_22" HPOS="572" VPOS="249" WIDTH="215" HEIGHT="42" WC="0.91" CONTENT="ombesörjas"/><SP WIDTH="18" VPOS="249" HPOS="787"/>
							<String ID="string_23" HPOS="805" VPOS="262" WIDTH="46" HEIGHT="21" WC="0.97" CONTENT="av"/><SP WIDTH="21" VPOS="262" HPOS="851"/>
							<String ID="string_24" HPOS="872" VPOS="250" WIDTH="262" HEIGHT="42" WC="0.95" CONTENT="prästerskapet"/><SP WIDTH="18" VPOS="250" HPOS="1134"/>
							<String ID="string_25" HPOS="1152" VPOS="250" WIDTH="11" HEIGHT="33" WC="0.93" CONTENT="1"/><SP WIDTH="19" VPOS="250" HPOS="1163"/>
							<String ID="string_26" HPOS="1182" VPOS="251" WIDTH="61" HEIGHT="33" WC="0.96" CONTENT="det"/><SP WIDTH="16" VPOS="251" HPOS="1243"/>
							<String ID="string_27" HPOS="1259" VPOS="251" WIDTH="222" HEIGHT="33" WC="0.96" CONTENT="territoriella"/><SP WIDTH="20" VPOS="251" HPOS="1481"/>
							<String ID="string_28" HPOS="1501" VPOS="255" WIDTH="172" HEIGHT="39" WC="0.96" CONTENT="pastorat,"/><SP WIDTH="19" VPOS="255" HPOS="1673"/>
							<String ID="string_29" HPOS="1692" VPOS="252" WIDTH="96" HEIGHT="33" WC="0.96" CONTENT="inom"/>
						</TextLine>
						<TextLine ID="line_3" HPOS="300" VPOS="292" WIDTH="1487" HEIGHT="45">
							<String ID="string_30" HPOS="300" VPOS="292" WIDTH="111" HEIGHT="34" WC="0.96" CONTENT="vilket"/><SP WIDTH="19" VPOS="292" HPOS="411"/>
							<String ID="string_31" HPOS="430" VPOS="293" WIDTH="185" HEIGHT="41" WC="0.95" CONTENT="sjukhuset"/><SP WIDTH="20" VPOS="293" HPOS="615"/>
							<String ID="string_32" HPOS="635" VPOS="297" WIDTH="38" HEIGHT="29" WC="0.95" CONTENT="är"/><SP WIDTH="20" VPOS="297" HPOS="673"/>
							<String ID="string_33" HPOS="693" VPOS="293" WIDTH="148" HEIGHT="42" WC="0.96" CONTENT="beläget."/><SP WIDTH="20" VPOS="293" HPOS="841"/>
							<String ID="string_34" HPOS="861" VPOS="293" WIDTH="177" HEIGHT="35" WC="0.93" CONTENT="Särskilda"/><SP WIDTH="20" VPOS="293" HPOS="1038"/>
							<String ID="string_35" HPOS="1058" VPOS="294" WIDTH="493" HEIGHT="43" WC="0.92" CONTENT="sjukhusprästbefattningar"/><SP WIDTH="21" VPOS="294" HPOS="1551"/>
							<String ID="string_36" HPOS="1572" VPOS="295" WIDTH="64" HEIGHT="34" WC="0.96" CONTENT="bör"/><SP WIDTH="19" VPOS="295" HPOS="1636"/>
							<String ID="string_37" HPOS="1655" VPOS="296" WIDTH="132" HEIGHT="34" WC="0.96" CONTENT="således"/>
						</TextLine>
						<TextLine ID="line_4" HPOS="299" VPOS="337" WIDTH="1488" HEIGHT="45">
							<String ID="string_38" HPOS="299" VPOS="337" WIDTH="110" HEIGHT="42" WC="0.96" CONTENT="enligt"/><SP WIDTH="17" VPOS="337" HPOS="409"/>
							<String ID="string_39" HPOS="426" VPOS="337" WIDTH="72" HEIGHT="33" WC="0.96" CONTENT="min"/><SP WIDTH="19" VPOS="337" HPOS="498"/>
							<String ID="string_40" HPOS="517" VPOS="337" WIDTH="142" HEIGHT="43" WC="0.96" CONTENT="mening"/><SP WIDTH="16" VPOS="337" HPOS="659"/>
							<String ID="string_41" HPOS="675" VPOS="338" WIDTH="76" HEIGHT="33" WC="0.96" CONTENT="icke"/><SP WIDTH="17" VPOS="338" HPOS="751"/>
							<String ID="string_42" HPOS="768" VPOS="338" WIDTH="163" HEIGHT="34" WC="0.94" CONTENT="inrättas."/><SP WIDTH="19" VPOS="338" HPOS="931"/>
							<String ID="string_43" HPOS="950" VPOS="339" WIDTH="59" HEIGHT="33" WC="0.96" CONTENT="Då"/><SP WIDTH="18" VPOS="339" HPOS="1009"/>
							<String ID="string_44" HPOS="1027" VPOS="339" WIDTH="131" HEIGHT="42" WC="0.95" CONTENT="Kungl."/><SP WIDTH="19" VPOS="339" HPOS="1158"/>
							<String ID="string_45" HPOS="1177" VPOS="339" WIDTH="112" HEIGHT="42" WC="0.95" CONTENT="Maj:t"/><SP WIDTH="19" VPOS="339" HPOS="1289"/>
							<String ID="string_46" HPOS="1308" VPOS="340" WIDTH="109" HEIGHT="41" WC="0.96" CONTENT="enligt"/><SP WIDTH="20" VPOS="340" HPOS="1417"/>
							<String ID="string_47" HPOS="1437" VPOS="343" WIDTH="19" HEIGHT="29" WC="0.88" CONTENT="2"/><SP WIDTH="17" VPOS="343" HPOS="1456"/>
							<String ID="string_48" HPOS="1473" VPOS="340" WIDTH="15" HEIGHT="38" WC="0.87" CONTENT="$"/><SP WIDTH="23" VPOS="340" HPOS="1488"/>
							<String ID="string_49" HPOS="1511" VPOS="340" WIDTH="276" HEIGHT="42" WC="0.91" CONTENT="prästlönekost-"/>
						</TextLine>
						<TextLine ID="line_5" HPOS="299" VPOS="381" WIDTH="1488" HEIGHT="45">
							<String ID="string_50" HPOS="299" VPOS="381" WIDTH="190" HEIGHT="42" WC="0.91" CONTENT="nadslagen"/><SP WIDTH="23" VPOS="381" HPOS="489"/>
							<String ID="string_51" HPOS="512" VPOS="382" WIDTH="65" HEIGHT="33" WC="0.93" CONTENT="har"/><SP WIDTH="23" VPOS="382" HPOS="577"/>
							<String ID="string_52" HPOS="600" VPOS="382" WIDTH="160" HEIGHT="42" WC="0.91" CONTENT="rådighet"/><SP WIDTH="24" VPOS="382" HPOS="760"/>
							<String ID="string_53" HPOS="784" VPOS="386" WIDTH="85" HEIGHT="30" WC="0.96" CONTENT="över"/><SP WIDTH="24" VPOS="386" HPOS="869"/>
							<String ID="string_54" HPOS="893" VPOS="383" WIDTH="66" HEIGHT="33" WC="0.96" CONTENT="den"/><SP WIDTH="23" VPOS="383" HPOS="959"/>
							<String ID="string_55" HPOS="982" VPOS="383" WIDTH="161" HEIGHT="42" WC="0.95" CONTENT="kyrkliga"/><SP WIDTH="24" VPOS="383" HPOS="1143"/>
							<String ID="string_56" HPOS="1167" VPOS="383" WIDTH="223" HEIGHT="43" WC="0.96" CONTENT="indelningen"/><SP WIDTH="24" VPOS="383" HPOS="1390"/>
							<String ID="string_57" HPOS="1414" VPOS="384" WIDTH="66" HEIGHT="33" WC="0.96" CONTENT="och"/><SP WIDTH="24" VPOS="384" HPOS="1480"/>
							<String ID="string_58" HPOS="1504" VPOS="385" WIDTH="283" HEIGHT="41" WC="0.95" CONTENT="organisationen"/>
						</TextLine>
						<TextLine ID="line_6" HPOS="299" VPOS="426" WIDTH="1488" HEIGHT="44">
							<String ID="string_59" HPOS="299" VPOS="426" WIDTH="96" HEIGHT="33" WC="0.96" CONTENT="inom"/><SP WIDTH="24" VPOS="426" HPOS="395"/>
							<String ID="string_60" HPOS="419" VPOS="430" WIDTH="205" HEIGHT="38" WC="0.96" CONTENT="pastoraten"/><SP WIDTH="23" VPOS="430" HPOS="624"/>
							<String ID="string_61" HPOS="647" VPOS="426" WIDTH="65" HEIGHT="34" WC="0.96" CONTENT="och"/><SP WIDTH="21" VPOS="426" HPOS="712"/>
							<String ID="string_62" HPOS="733" VPOS="427" WIDTH="55" HEIGHT="33" WC="0.96" CONTENT="till"/><SP WIDTH="24" VPOS="427" HPOS="788"/>
							<String ID="string_63" HPOS="812" VPOS="427" WIDTH="91" HEIGHT="41" WC="0.96" CONTENT="följd"/><SP WIDTH="23" VPOS="427" HPOS="903"/>
							<String ID="string_64" HPOS="926" VPOS="427" WIDTH="110" HEIGHT="33" WC="0.96" CONTENT="härav"/><SP WIDTH="23" VPOS="427" HPOS="1036"/>
							<String ID="string_65" HPOS="1059" VPOS="427" WIDTH="64" HEIGHT="34" WC="0.96" CONTENT="har"/><SP WIDTH="24" VPOS="427" HPOS="1123"/>
							<String ID="string_66" HPOS="1147" VPOS="432" WIDTH="54" HEIGHT="29" WC="0.96" CONTENT="att"/><SP WIDTH="24" VPOS="432" HPOS="1201"/>
							<String ID="string_67" HPOS="1225" VPOS="431" WIDTH="142" HEIGHT="39" WC="0.96" CONTENT="avgöra,"/><SP WIDTH="24" VPOS="431" HPOS="1367"/>
							<String ID="string_68" HPOS="1391" VPOS="428" WIDTH="177" HEIGHT="34" WC="0.96" CONTENT="huruvida"/><SP WIDTH="24" VPOS="428" HPOS="1568"/>
							<String ID="string_69" HPOS="1592" VPOS="429" WIDTH="65" HEIGHT="33" WC="0.96" CONTENT="och"/><SP WIDTH="24" VPOS="429" HPOS="1657"/>
							<String ID="string_70" HPOS="1681" VPOS="430" WIDTH="11" HEIGHT="32" WC="0.96" CONTENT="i"/><SP WIDTH="25" VPOS="430" HPOS="1692"/>
							<String ID="string_71" HPOS="1717" VPOS="430" WIDTH="70" HEIGHT="33" WC="0.96" CONTENT="vad"/>
						</TextLine>
						<TextLine ID="line_7" HPOS="299" VPOS="470" WIDTH="1488" HEIGHT="45">
							<String ID="string_72" HPOS="299" VPOS="471" WIDTH="84" HEIGHT="32" WC="0.96" CONTENT="mån"/><SP WIDTH="18" VPOS="471" HPOS="383"/>
							<String ID="string_73" HPOS="401" VPOS="470" WIDTH="67" HEIGHT="33" WC="0.95" CONTENT="den"/><SP WIDTH="17" VPOS="470" HPOS="468"/>
							<String ID="string_74" HPOS="485" VPOS="471" WIDTH="205" HEIGHT="42" WC="0.96" CONTENT="prästerliga"/><SP WIDTH="18" VPOS="471" HPOS="690"/>
							<String ID="string_75" HPOS="708" VPOS="471" WIDTH="281" HEIGHT="42" WC="0.96" CONTENT="tjänstgöringen"/><SP WIDTH="18" VPOS="471" HPOS="989"/>
							<String ID="string_76" HPOS="1007" VPOS="472" WIDTH="46" HEIGHT="42" WC="0.96" CONTENT="på"/><SP WIDTH="18" VPOS="472" HPOS="1053"/>
							<String ID="string_77" HPOS="1071" VPOS="472" WIDTH="203" HEIGHT="42" WC="0.96" CONTENT="sjukhusen,"/><SP WIDTH="21" VPOS="472" HPOS="1274"/>
							<String ID="string_78" HPOS="1295" VPOS="473" WIDTH="117" HEIGHT="33" WC="0.96" CONTENT="vilken"/><SP WIDTH="18" VPOS="473" HPOS="1412"/>
							<String ID="string_79" HPOS="1430" VPOS="473" WIDTH="87" HEIGHT="33" WC="0.96" CONTENT="skall"/><SP WIDTH="21" VPOS="473" HPOS="1517"/>
							<String ID="string_80" HPOS="1538" VPOS="473" WIDTH="113" HEIGHT="42" WC="0.93" CONTENT="åligga"/><SP WIDTH="18" VPOS="473" HPOS="1651"/>
							<String ID="string_81" HPOS="1669" VPOS="478" WIDTH="118" HEIGHT="37" WC="0.91" CONTENT="pasto-"/>
						</TextLine>
						<TextLine ID="line_8" HPOS="299" VPOS="515" WIDTH="1487" HEIGHT="45">
							<String ID="string_82" HPOS="299" VPOS="519" WIDTH="110" HEIGHT="29" WC="0.92" CONTENT="ratets"/><SP WIDTH="27" VPOS="519" HPOS="409"/>
							<String ID="string_83" HPOS="436" VPOS="515" WIDTH="237" HEIGHT="42" WC="0.95" CONTENT="prästerskap,"/><SP WIDTH="26" VPOS="515" HPOS="673"/>
							<String ID="string_84" HPOS="699" VPOS="515" WIDTH="87" HEIGHT="34" WC="0.96" CONTENT="skall"/><SP WIDTH="27" VPOS="515" HPOS="786"/>
							<String ID="string_85" HPOS="813" VPOS="515" WIDTH="159" HEIGHT="35" WC="0.96" CONTENT="medföra"/><SP WIDTH="26" VPOS="515" HPOS="972"/>
							<String ID="string_86" HPOS="998" VPOS="516" WIDTH="174" HEIGHT="42" WC="0.96" CONTENT="utökning"/><SP WIDTH="25" VPOS="516" HPOS="1172"/>
							<String ID="string_87" HPOS="1197" VPOS="529" WIDTH="46" HEIGHT="21" WC="0.96" CONTENT="av"/><SP WIDTH="27" VPOS="529" HPOS="1243"/>
							<String ID="string_88" HPOS="1270" VPOS="517" WIDTH="44" HEIGHT="34" WC="0.95" CONTENT="de"/><SP WIDTH="26" VPOS="517" HPOS="1314"/>
							<String ID="string_89" HPOS="1340" VPOS="518" WIDTH="206" HEIGHT="42" WC="0.92" CONTENT="prästerliga"/><SP WIDTH="28" VPOS="518" HPOS="1546"/>
							<String ID="string_90" HPOS="1574" VPOS="518" WIDTH="212" HEIGHT="34" WC="0.92" CONTENT="arbetskraf-"/>
						</TextLine>
						<TextLine ID="line_9" HPOS="298" VPOS="558" WIDTH="1488" HEIGHT="45">
							<String ID="string_91" HPOS="298" VPOS="564" WIDTH="103" HEIGHT="28" WC="0.96" CONTENT="terna"/><SP WIDTH="13" VPOS="564" HPOS="401"/>
							<String ID="string_92" HPOS="414" VPOS="558" WIDTH="10" HEIGHT="33" WC="0.96" CONTENT="i"/><SP WIDTH="15" VPOS="558" HPOS="424"/>
							<String ID="string_93" HPOS="439" VPOS="563" WIDTH="210" HEIGHT="38" WC="0.95" CONTENT="pastoratet,"/><SP WIDTH="14" VPOS="563" HPOS="649"/>
							<String ID="string_94" HPOS="663" VPOS="560" WIDTH="100" HEIGHT="33" WC="0.96" CONTENT="torde"/><SP WIDTH="15" VPOS="560" HPOS="763"/>
							<String ID="string_95" HPOS="778" VPOS="559" WIDTH="124" HEIGHT="43" WC="0.96" CONTENT="frågan"/><SP WIDTH="15" VPOS="559" HPOS="902"/>
							<String ID="string_96" HPOS="917" VPOS="573" WIDTH="58" HEIGHT="21" WC="0.96" CONTENT="om"/><SP WIDTH="15" VPOS="573" HPOS="975"/>
							<String ID="string_97" HPOS="990" VPOS="561" WIDTH="67" HEIGHT="33" WC="0.96" CONTENT="den"/><SP WIDTH="15" VPOS="561" HPOS="1057"/>
							<String ID="string_98" HPOS="1072" VPOS="560" WIDTH="169" HEIGHT="35" WC="0.96" CONTENT="framtida"/><SP WIDTH="15" VPOS="560" HPOS="1241"/>
							<String ID="string_99" HPOS="1256" VPOS="561" WIDTH="283" HEIGHT="42" WC="0.96" CONTENT="organisationen"/><SP WIDTH="16" VPOS="561" HPOS="1539"/>
							<String ID="string_100" HPOS="1555" VPOS="574" WIDTH="46" HEIGHT="21" WC="0.96" CONTENT="av"/><SP WIDTH="17" VPOS="574" HPOS="1601"/>
							<String ID="string_101" HPOS="1618" VPOS="563" WIDTH="67" HEIGHT="33" WC="0.93" CONTENT="den"/><SP WIDTH="17" VPOS="563" HPOS="1685"/>
							<String ID="string_102" HPOS="1702" VPOS="563" WIDTH="84" HEIGHT="33" WC="0.91" CONTENT="and-"/>
						</TextLine>
						<TextLine ID="line_10" HPOS="299" VPOS="603" WIDTH="1487" HEIGHT="46">
							<String ID="string_103" HPOS="299" VPOS="604" WIDTH="69" HEIGHT="41" WC="0.96" CONTENT="liga"/><SP WIDTH="22" VPOS="604" HPOS="368"/>
							<String ID="string_104" HPOS="390" VPOS="603" WIDTH="131" HEIGHT="34" WC="0.96" CONTENT="vården"/><SP WIDTH="23" VPOS="603" HPOS="521"/>
							<String ID="string_105" HPOS="544" VPOS="604" WIDTH="60" HEIGHT="33" WC="0.96" CONTENT="vid"/><SP WIDTH="22" VPOS="604" HPOS="604"/>
							<String ID="string_106" HPOS="626" VPOS="604" WIDTH="192" HEIGHT="42" WC="0.95" CONTENT="sjukhusen"/><SP WIDTH="23" VPOS="604" HPOS="818"/>
							<String ID="string_107" HPOS="841" VPOS="605" WIDTH="77" HEIGHT="34" WC="0.95" CONTENT="icke"/><SP WIDTH="21" VPOS="605" HPOS="918"/>
							<String ID="string_108" HPOS="939" VPOS="605" WIDTH="10" HEIGHT="33" WC="0.96" CONTENT="i"/><SP WIDTH="23" VPOS="605" HPOS="949"/>
							<String ID="string_109" HPOS="972" VPOS="605" WIDTH="65" HEIGHT="33" WC="0.96" CONTENT="och"/><SP WIDTH="23" VPOS="605" HPOS="1037"/>
							<String ID="string_110" HPOS="1060" VPOS="605" WIDTH="53" HEIGHT="33" WC="0.96" CONTENT="för"/><SP WIDTH="22" VPOS="605" HPOS="1113"/>
							<String ID="string_111" HPOS="1135" VPOS="605" WIDTH="51" HEIGHT="42" WC="0.96" CONTENT="sig"/><SP WIDTH="22" VPOS="605" HPOS="1186"/>
							<String ID="string_112" HPOS="1208" VPOS="605" WIDTH="139" HEIGHT="34" WC="0.96" CONTENT="behöva"/><SP WIDTH="22" VPOS="605" HPOS="1347"/>
							<String ID="string_113" HPOS="1369" VPOS="609" WIDTH="127" HEIGHT="39" WC="0.96" CONTENT="prövas"/><SP WIDTH="25" VPOS="609" HPOS="1496"/>
							<String ID="string_114" HPOS="1521" VPOS="619" WIDTH="46" HEIGHT="21" WC="0.96" CONTENT="av"/><SP WIDTH="23" VPOS="619" HPOS="1567"/>
							<String ID="string_115" HPOS="1590" VPOS="607" WIDTH="196" HEIGHT="42" WC="0.96" CONTENT="riksdagen."/>
						</TextLine>
						<TextLine ID="line_11" HPOS="298" VPOS="648" WIDTH="1489" HEIGHT="44">
							<String ID="string_116" HPOS="298" VPOS="648" WIDTH="88" HEIGHT="33" WC="0.96" CONTENT="Med"/><SP WIDTH="17" VPOS="648" HPOS="386"/>
							<String ID="string_117" HPOS="403" VPOS="648" WIDTH="137" HEIGHT="42" WC="0.96" CONTENT="hänsyn"/><SP WIDTH="16" VPOS="648" HPOS="540"/>
							<String ID="string_118" HPOS="556" VPOS="648" WIDTH="52" HEIGHT="33" WC="0.83" CONTENT="till"/><SP WIDTH="17" VPOS="648" HPOS="608"/>
							<String ID="string_119" HPOS="625" VPOS="649" WIDTH="75" HEIGHT="33" WC="0.96" CONTENT="dess"/><SP WIDTH="17" VPOS="649" HPOS="700"/>
							<String ID="string_120" HPOS="717" VPOS="649" WIDTH="174" HEIGHT="33" WC="0.96" CONTENT="samband"/><SP WIDTH="15" VPOS="649" HPOS="891"/>
							<String ID="string_121" HPOS="906" VPOS="649" WIDTH="80" HEIGHT="34" WC="0.96" CONTENT="med"/><SP WIDTH="16" VPOS="649" HPOS="986"/>
							<String ID="string_122" HPOS="1002" VPOS="649" WIDTH="122" HEIGHT="42" WC="0.96" CONTENT="frågan"/><SP WIDTH="16" VPOS="649" HPOS="1124"/>
							<String ID="string_123" HPOS="1140" VPOS="662" WIDTH="58" HEIGHT="21" WC="0.93" CONTENT="om"/><SP WIDTH="16" VPOS="662" HPOS="1198"/>
							<String ID="string_124" HPOS="1214" VPOS="650" WIDTH="405" HEIGHT="42" WC="0.91" CONTENT="pastoratsindelningen"/><SP WIDTH="17" VPOS="650" HPOS="1619"/>
							<String ID="string_125" HPOS="1636" VPOS="651" WIDTH="65" HEIGHT="34" WC="0.96" CONTENT="och"/><SP WIDTH="18" VPOS="651" HPOS="1701"/>
							<String ID="string_126" HPOS="1719" VPOS="652" WIDTH="68" HEIGHT="33" WC="0.96" CONTENT="den"/>
						</TextLine>
						<TextLine ID="line_12" HPOS="298" VPOS="692" WIDTH="1490" HEIGHT="46">
							<String ID="string_127" HPOS="298" VPOS="692" WIDTH="429" HEIGHT="43" WC="0.89" CONTENT="församlingsprästerliga"/><SP WIDTH="14" VPOS="692" HPOS="727"/>
							<String ID="string_128" HPOS="741" VPOS="693" WIDTH="294" HEIGHT="42" WC="0.96" CONTENT="organisationen,"/><SP WIDTH="16" VPOS="693" HPOS="1035"/>
							<String ID="string_129" HPOS="1051" VPOS="694" WIDTH="116" HEIGHT="34" WC="0.96" CONTENT="vilken"/><SP WIDTH="16" VPOS="694" HPOS="1167"/>
							<String ID="string_130" HPOS="1183" VPOS="694" WIDTH="209" HEIGHT="34" WC="0.96" CONTENT="behandlats"/><SP WIDTH="17" VPOS="694" HPOS="1392"/>
							<String ID="string_131" HPOS="1409" VPOS="707" WIDTH="46" HEIGHT="21" WC="0.96" CONTENT="av"/><SP WIDTH="17" VPOS="707" HPOS="1455"/>
							<String ID="string_132" HPOS="1472" VPOS="699" WIDTH="87" HEIGHT="30" WC="0.96" CONTENT="1957"/><SP WIDTH="17" VPOS="699" HPOS="1559"/>
							<String ID="string_133" HPOS="1576" VPOS="696" WIDTH="54" HEIGHT="33" WC="0.96" CONTENT="års"/><SP WIDTH="17" VPOS="696" HPOS="1630"/>
							<String ID="string_134" HPOS="1647" VPOS="696" WIDTH="141" HEIGHT="42" WC="0.96" CONTENT="riksdag"/>
						</TextLine>
						<TextLine ID="line_13" HPOS="301" VPOS="736" WIDTH="1485" HEIGHT="46">
							<String ID="string_135" HPOS="301" VPOS="736" WIDTH="102" HEIGHT="42" WC="0.94" CONTENT="(rskr."/><SP WIDTH="21" VPOS="736" HPOS="403"/>
							<String ID="string_136" HPOS="424" VPOS="740" WIDTH="96" HEIGHT="31" WC="0.96" CONTENT="1957:"/><SP WIDTH="16" VPOS="740" HPOS="520"/>
							<String ID="string_137" HPOS="536" VPOS="737" WIDTH="96" HEIGHT="41" WC="0.95" CONTENT="388),"/><SP WIDTH="17" VPOS="737" HPOS="632"/>
							<String ID="string_138" HPOS="649" VPOS="737" WIDTH="64" HEIGHT="33" WC="0.96" CONTENT="har"/><SP WIDTH="15" VPOS="737" HPOS="713"/>
							<String ID="string_139" HPOS="728" VPOS="737" WIDTH="61" HEIGHT="43" WC="0.96" CONTENT="jag"/><SP WIDTH="17" VPOS="737" HPOS="789"/>
							<String ID="string_140" HPOS="806" VPOS="738" WIDTH="193" HEIGHT="33" WC="0.96" CONTENT="emellertid"/><SP WIDTH="18" VPOS="738" HPOS="999"/>
							<String ID="string_141" HPOS="1017" VPOS="742" WIDTH="118" HEIGHT="29" WC="0.96" CONTENT="ansett"/><SP WIDTH="17" VPOS="742" HPOS="1135"/>
							<String ID="string_142" HPOS="1152" VPOS="738" WIDTH="173" HEIGHT="43" WC="0.96" CONTENT="lämpligt,"/><SP WIDTH="19" VPOS="738" HPOS="1325"/>
							<String ID="string_143" HPOS="1344" VPOS="743" WIDTH="55" HEIGHT="29" WC="0.96" CONTENT="att"/><SP WIDTH="19" VPOS="743" HPOS="1399"/>
							<String ID="string_144" HPOS="1418" VPOS="739" WIDTH="93" HEIGHT="34" WC="0.96" CONTENT="vissa"/><SP WIDTH="19" VPOS="739" HPOS="1511"/>
							<String ID="string_145" HPOS="1530" VPOS="739" WIDTH="174" HEIGHT="43" WC="0.96" CONTENT="riktlinjer"/><SP WIDTH="17" VPOS="739" HPOS="1704"/>
							<String ID="string_146" HPOS="1721" VPOS="740" WIDTH="65" HEIGHT="34" WC="0.96" CONTENT="och"/>
						</TextLine>
						<TextLine ID="line_14" HPOS="297" VPOS="781" WIDTH="1488" HEIGHT="44">
							<String ID="string_147" HPOS="297" VPOS="792" WIDTH="140" HEIGHT="22" WC="0.96" CONTENT="normer"/><SP WIDTH="19" VPOS="792" HPOS="437"/>
							<String ID="string_148" HPOS="456" VPOS="781" WIDTH="134" HEIGHT="41" WC="0.96" CONTENT="jämväl"/><SP WIDTH="23" VPOS="781" HPOS="590"/>
							<String ID="string_149" HPOS="613" VPOS="781" WIDTH="53" HEIGHT="34" WC="0.96" CONTENT="för"/><SP WIDTH="21" VPOS="781" HPOS="666"/>
							<String ID="string_150" HPOS="687" VPOS="782" WIDTH="181" HEIGHT="33" WC="0.95" CONTENT="ordnande"/><SP WIDTH="23" VPOS="782" HPOS="868"/>
							<String ID="string_151" HPOS="891" VPOS="794" WIDTH="44" HEIGHT="21" WC="0.96" CONTENT="av"/><SP WIDTH="22" VPOS="794" HPOS="935"/>
							<String ID="string_152" HPOS="957" VPOS="783" WIDTH="67" HEIGHT="33" WC="0.96" CONTENT="den"/><SP WIDTH="23" VPOS="783" HPOS="1024"/>
							<String ID="string_153" HPOS="1047" VPOS="783" WIDTH="140" HEIGHT="42" WC="0.96" CONTENT="andliga"/><SP WIDTH="21" VPOS="783" HPOS="1187"/>
							<String ID="string_154" HPOS="1208" VPOS="783" WIDTH="134" HEIGHT="33" WC="0.96" CONTENT="vården"/><SP WIDTH="22" VPOS="783" HPOS="1342"/>
							<String ID="string_155" HPOS="1364" VPOS="783" WIDTH="60" HEIGHT="33" WC="0.96" CONTENT="vid"/><SP WIDTH="22" VPOS="783" HPOS="1424"/>
							<String ID="string_156" HPOS="1446" VPOS="783" WIDTH="193" HEIGHT="42" WC="0.92" CONTENT="sjukhusen"/><SP WIDTH="21" VPOS="783" HPOS="1639"/>
							<String ID="string_157" HPOS="1660" VPOS="784" WIDTH="125" HEIGHT="34" WC="0.92" CONTENT="under-"/>
						</TextLine>
						<TextLine ID="line_15" HPOS="297" VPOS="825" WIDTH="336" HEIGHT="42">
							<String ID="string_158" HPOS="297" VPOS="825" WIDTH="119" HEIGHT="34" WC="0.92" CONTENT="ställes"/><SP WIDTH="22" VPOS="825" HPOS="416"/>
							<String ID="string_159" HPOS="438" VPOS="825" WIDTH="195" HEIGHT="42" WC="0.96" CONTENT="riksdagen."/>
						</TextLine>
					</TextBlock>
				</ComposedBlock>
				<ComposedBlock ID="cblock_2" HPOS="745" VPOS="928" WIDTH="593" HEIGHT="44">
					<TextBlock ID="block_2" HPOS="745" VPOS="928" WIDTH="593" HEIGHT="44">
						<TextLine ID="line_16" HPOS="745" VPOS="928" WIDTH="593" HEIGHT="44">
							<String ID="string_160" HPOS="745" VPOS="928" WIDTH="365" HEIGHT="43" WC="0.88" CONTENT="Sjukhusprästens"/><SP WIDTH="21" VPOS="928" HPOS="1110"/>
							<String ID="string_161" HPOS="1131" VPOS="930" WIDTH="207" HEIGHT="42" WC="0.93" CONTENT="uppgifter"/>
						</TextLine>
					</TextBlock>
				</ComposedBlock>
				<ComposedBlock ID="cblock_3" HPOS="344" VPOS="1024" WIDTH="1403" HEIGHT="46">
					<TextBlock ID="block_3" HPOS="344" VPOS="1024" WIDTH="1403" HEIGHT="46">
						<TextLine ID="line_17" HPOS="344" VPOS="1024" WIDTH="1403" HEIGHT="46">
							<String ID="string_162" HPOS="344" VPOS="1024" WIDTH="231" HEIGHT="34" WC="0.96" CONTENT="Beträffande"/><SP WIDTH="18" VPOS="1024" HPOS="575"/>
							<String ID="string_163" HPOS="593" VPOS="1025" WIDTH="230" HEIGHT="35" WC="0.96" CONTENT="förevarande"/><SP WIDTH="18" VPOS="1025" HPOS="823"/>
							<String ID="string_164" HPOS="841" VPOS="1026" WIDTH="100" HEIGHT="42" WC="0.96" CONTENT="fråga"/><SP WIDTH="16" VPOS="1026" HPOS="941"/>
							<String ID="string_165" HPOS="957" VPOS="1027" WIDTH="63" HEIGHT="33" WC="0.93" CONTENT="har"/><SP WIDTH="18" VPOS="1027" HPOS="1020"/>
							<String ID="string_166" HPOS="1038" VPOS="1028" WIDTH="388" HEIGHT="42" WC="0.92" CONTENT="departementschefen"/><SP WIDTH="18" VPOS="1028" HPOS="1426"/>
							<String ID="string_167" HPOS="1444" VPOS="1028" WIDTH="119" HEIGHT="34" WC="0.95" CONTENT="anfört"/><SP WIDTH="18" VPOS="1028" HPOS="1563"/>
							<String ID="string_168" HPOS="1581" VPOS="1028" WIDTH="166" HEIGHT="42" WC="0.96" CONTENT="följande."/>
						</TextLine>
					</TextBlock>
				</ComposedBlock>
				<ComposedBlock ID="cblock_4" HPOS="295" VPOS="1086" WIDTH="1491" HEIGHT="669">
					<TextBlock ID="block_4" HPOS="295" VPOS="1086" WIDTH="1491" HEIGHT="669">
						<TextLine ID="line_18" HPOS="345" VPOS="1086" WIDTH="1440" HEIGHT="46">
							<String ID="string_169" HPOS="345" VPOS="1086" WIDTH="80" HEIGHT="33" WC="0.93" CONTENT="Den"/><SP WIDTH="29" VPOS="1086" HPOS="425"/>
							<String ID="string_170" HPOS="454" VPOS="1087" WIDTH="207" HEIGHT="43" WC="0.93" CONTENT="prästerliga"/><SP WIDTH="29" VPOS="1087" HPOS="661"/>
							<String ID="string_171" HPOS="690" VPOS="1088" WIDTH="269" HEIGHT="34" WC="0.95" CONTENT="verksamheten"/><SP WIDTH="29" VPOS="1088" HPOS="959"/>
							<String ID="string_172" HPOS="988" VPOS="1089" WIDTH="47" HEIGHT="42" WC="0.96" CONTENT="på"/><SP WIDTH="29" VPOS="1089" HPOS="1035"/>
							<String ID="string_173" HPOS="1064" VPOS="1089" WIDTH="192" HEIGHT="42" WC="0.96" CONTENT="sjukhusen"/><SP WIDTH="31" VPOS="1089" HPOS="1256"/>
							<String ID="string_174" HPOS="1287" VPOS="1090" WIDTH="87" HEIGHT="33" WC="0.96" CONTENT="skall"/><SP WIDTH="31" VPOS="1090" HPOS="1374"/>
							<String ID="string_175" HPOS="1405" VPOS="1090" WIDTH="162" HEIGHT="42" WC="0.96" CONTENT="givetvis,"/><SP WIDTH="31" VPOS="1090" HPOS="1567"/>
							<String ID="string_176" HPOS="1598" VPOS="1091" WIDTH="115" HEIGHT="33" WC="0.95" CONTENT="såsom"/><SP WIDTH="30" VPOS="1091" HPOS="1713"/>
							<String ID="string_177" HPOS="1743" VPOS="1092" WIDTH="42" HEIGHT="32" WC="0.96" CONTENT="de"/>
						</TextLine>
						<TextLine ID="line_19" HPOS="299" VPOS="1131" WIDTH="1486" HEIGHT="45">
							<String ID="string_178" HPOS="299" VPOS="1131" WIDTH="221" HEIGHT="42" WC="0.96" CONTENT="sakkunniga"/><SP WIDTH="32" VPOS="1131" HPOS="520"/>
							<String ID="string_179" HPOS="552" VPOS="1132" WIDTH="204" HEIGHT="40" WC="0.0" CONTENT="framhållit,"/><SP WIDTH="31" VPOS="1132" HPOS="756"/>
							<String ID="string_180" HPOS="787" VPOS="1133" WIDTH="11" HEIGHT="33" WC="0.95" CONTENT="i"/><SP WIDTH="32" VPOS="1133" HPOS="798"/>
							<String ID="string_181" HPOS="830" VPOS="1133" WIDTH="149" HEIGHT="34" WC="0.96" CONTENT="främsta"/><SP WIDTH="30" VPOS="1133" HPOS="979"/>
							<String ID="string_182" HPOS="1009" VPOS="1139" WIDTH="153" HEIGHT="28" WC="0.95" CONTENT="rummet"/><SP WIDTH="32" VPOS="1139" HPOS="1162"/>
							<String ID="string_183" HPOS="1194" VPOS="1146" WIDTH="82" HEIGHT="21" WC="0.96" CONTENT="avse"/><SP WIDTH="32" VPOS="1146" HPOS="1276"/>
							<String ID="string_184" HPOS="1308" VPOS="1135" WIDTH="135" HEIGHT="41" WC="0.95" CONTENT="religiös"/><SP WIDTH="32" VPOS="1135" HPOS="1443"/>
							<String ID="string_185" HPOS="1475" VPOS="1135" WIDTH="220" HEIGHT="34" WC="0.96" CONTENT="omvårdnad"/><SP WIDTH="33" VPOS="1135" HPOS="1695"/>
							<String ID="string_186" HPOS="1728" VPOS="1148" WIDTH="57" HEIGHT="21" WC="0.96" CONTENT="om"/>
						</TextLine>
						<TextLine ID="line_20" HPOS="298" VPOS="1175" WIDTH="1487" HEIGHT="45">
							<String ID="string_187" HPOS="298" VPOS="1175" WIDTH="235" HEIGHT="42" WC="0.95" CONTENT="patienterna."/><SP WIDTH="22" VPOS="1175" HPOS="533"/>
							<String ID="string_188" HPOS="555" VPOS="1176" WIDTH="55" HEIGHT="34" WC="0.96" CONTENT="De"/><SP WIDTH="22" VPOS="1176" HPOS="610"/>
							<String ID="string_189" HPOS="632" VPOS="1177" WIDTH="250" HEIGHT="42" WC="0.96" CONTENT="väsentligaste"/><SP WIDTH="22" VPOS="1177" HPOS="882"/>
							<String ID="string_190" HPOS="904" VPOS="1178" WIDTH="224" HEIGHT="42" WC="0.96" CONTENT="uppgifterna"/><SP WIDTH="22" VPOS="1178" HPOS="1128"/>
							<String ID="string_191" HPOS="1150" VPOS="1179" WIDTH="64" HEIGHT="33" WC="0.96" CONTENT="bör"/><SP WIDTH="21" VPOS="1179" HPOS="1214"/>
							<String ID="string_192" HPOS="1235" VPOS="1179" WIDTH="105" HEIGHT="33" WC="0.96" CONTENT="alltså"/><SP WIDTH="20" VPOS="1179" HPOS="1340"/>
							<String ID="string_193" HPOS="1360" VPOS="1191" WIDTH="86" HEIGHT="21" WC="0.96" CONTENT="vara"/><SP WIDTH="21" VPOS="1191" HPOS="1446"/>
							<String ID="string_194" HPOS="1467" VPOS="1180" WIDTH="54" HEIGHT="38" WC="0.96" CONTENT="de,"/><SP WIDTH="22" VPOS="1180" HPOS="1521"/>
							<String ID="string_195" HPOS="1543" VPOS="1192" WIDTH="75" HEIGHT="21" WC="0.92" CONTENT="som"/><SP WIDTH="23" VPOS="1192" HPOS="1618"/>
							<String ID="string_196" HPOS="1641" VPOS="1180" WIDTH="144" HEIGHT="33" WC="0.91" CONTENT="ankom-"/>
						</TextLine>
						<TextLine ID="line_21" HPOS="298" VPOS="1221" WIDTH="1487" HEIGHT="45">
							<String ID="string_197" HPOS="298" VPOS="1232" WIDTH="75" HEIGHT="21" WC="0.96" CONTENT="mer"/><SP WIDTH="19" VPOS="1232" HPOS="373"/>
							<String ID="string_198" HPOS="392" VPOS="1221" WIDTH="46" HEIGHT="41" WC="0.96" CONTENT="på"/><SP WIDTH="19" VPOS="1221" HPOS="438"/>
							<String ID="string_199" HPOS="457" VPOS="1233" WIDTH="43" HEIGHT="21" WC="0.93" CONTENT="en"/><SP WIDTH="20" VPOS="1233" HPOS="500"/>
							<String ID="string_200" HPOS="520" VPOS="1221" WIDTH="333" HEIGHT="41" WC="0.92" CONTENT="församlingspräst,"/><SP WIDTH="19" VPOS="1221" HPOS="853"/>
							<String ID="string_201" HPOS="872" VPOS="1222" WIDTH="174" HEIGHT="42" WC="0.96" CONTENT="nämligen"/><SP WIDTH="21" VPOS="1222" HPOS="1046"/>
							<String ID="string_202" HPOS="1067" VPOS="1223" WIDTH="135" HEIGHT="33" WC="0.96" CONTENT="enskild"/><SP WIDTH="21" VPOS="1223" HPOS="1202"/>
							<String ID="string_203" HPOS="1223" VPOS="1222" WIDTH="189" HEIGHT="42" WC="0.96" CONTENT="själavård,"/><SP WIDTH="20" VPOS="1222" HPOS="1412"/>
							<String ID="string_204" HPOS="1432" VPOS="1224" WIDTH="164" HEIGHT="33" WC="0.95" CONTENT="hållande"/><SP WIDTH="22" VPOS="1224" HPOS="1596"/>
							<String ID="string_205" HPOS="1618" VPOS="1236" WIDTH="45" HEIGHT="21" WC="0.93" CONTENT="av"/><SP WIDTH="19" VPOS="1236" HPOS="1663"/>
							<String ID="string_206" HPOS="1682" VPOS="1225" WIDTH="103" HEIGHT="41" WC="0.92" CONTENT="guds-"/>
						</TextLine>
						<TextLine ID="line_22" HPOS="298" VPOS="1264" WIDTH="1487" HEIGHT="46">
							<String ID="string_207" HPOS="298" VPOS="1264" WIDTH="153" HEIGHT="41" WC="0.96" CONTENT="tjänster"/><SP WIDTH="31" VPOS="1264" HPOS="451"/>
							<String ID="string_208" HPOS="482" VPOS="1265" WIDTH="65" HEIGHT="33" WC="0.92" CONTENT="och"/><SP WIDTH="33" VPOS="1265" HPOS="547"/>
							<String ID="string_209" HPOS="580" VPOS="1266" WIDTH="312" HEIGHT="39" WC="0.92" CONTENT="andaktsstunder,"/><SP WIDTH="33" VPOS="1266" HPOS="892"/>
							<String ID="string_210" HPOS="925" VPOS="1267" WIDTH="258" HEIGHT="33" WC="0.96" CONTENT="verkställande"/><SP WIDTH="33" VPOS="1267" HPOS="1183"/>
							<String ID="string_211" HPOS="1216" VPOS="1279" WIDTH="45" HEIGHT="21" WC="0.96" CONTENT="av"/><SP WIDTH="33" VPOS="1279" HPOS="1261"/>
							<String ID="string_212" HPOS="1294" VPOS="1268" WIDTH="161" HEIGHT="41" WC="0.96" CONTENT="kyrkliga"/><SP WIDTH="33" VPOS="1268" HPOS="1455"/>
							<String ID="string_213" HPOS="1488" VPOS="1268" WIDTH="254" HEIGHT="42" WC="0.96" CONTENT="förrättningar"/><SP WIDTH="33" VPOS="1268" HPOS="1742"/>
							<String ID="string_214" HPOS="1775" VPOS="1270" WIDTH="10" HEIGHT="32" WC="0.95" CONTENT="i"/>
						</TextLine>
						<TextLine ID="line_23" HPOS="296" VPOS="1309" WIDTH="1489" HEIGHT="45">
							<String ID="string_215" HPOS="296" VPOS="1309" WIDTH="117" HEIGHT="41" WC="0.96" CONTENT="övrigt"/><SP WIDTH="22" VPOS="1309" HPOS="413"/>
							<String ID="string_216" HPOS="435" VPOS="1314" WIDTH="92" HEIGHT="28" WC="0.96" CONTENT="samt"/><SP WIDTH="24" VPOS="1314" HPOS="527"/>
							<String ID="string_217" HPOS="551" VPOS="1310" WIDTH="92" HEIGHT="33" WC="0.93" CONTENT="vissa"/><SP WIDTH="23" VPOS="1310" HPOS="643"/>
							<String ID="string_218" HPOS="666" VPOS="1310" WIDTH="509" HEIGHT="42" WC="0.90" CONTENT="kyrkobokföringsuppgifter."/><SP WIDTH="22" VPOS="1310" HPOS="1175"/>
							<String ID="string_219" HPOS="1197" VPOS="1311" WIDTH="79" HEIGHT="34" WC="0.96" CONTENT="Vad"/><SP WIDTH="23" VPOS="1311" HPOS="1276"/>
							<String ID="string_220" HPOS="1299" VPOS="1312" WIDTH="42" HEIGHT="33" WC="0.96" CONTENT="de"/><SP WIDTH="23" VPOS="1312" HPOS="1341"/>
							<String ID="string_221" HPOS="1364" VPOS="1312" WIDTH="222" HEIGHT="42" WC="0.95" CONTENT="sakkunniga"/><SP WIDTH="22" VPOS="1312" HPOS="1586"/>
							<String ID="string_222" HPOS="1608" VPOS="1313" WIDTH="177" HEIGHT="41" WC="0.96" CONTENT="föreslagit"/>
						</TextLine>
						<TextLine ID="line_24" HPOS="296" VPOS="1353" WIDTH="1489" HEIGHT="46">
							<String ID="string_223" HPOS="296" VPOS="1353" WIDTH="186" HEIGHT="42" WC="0.96" CONTENT="härvidlag"/><SP WIDTH="20" VPOS="1353" HPOS="482"/>
							<String ID="string_224" HPOS="502" VPOS="1354" WIDTH="64" HEIGHT="33" WC="0.96" CONTENT="har"/><SP WIDTH="21" VPOS="1354" HPOS="566"/>
							<String ID="string_225" HPOS="587" VPOS="1354" WIDTH="106" HEIGHT="33" WC="0.96" CONTENT="också"/><SP WIDTH="22" VPOS="1354" HPOS="693"/>
							<String ID="string_226" HPOS="715" VPOS="1353" WIDTH="9" HEIGHT="33" WC="0.94" CONTENT="i"/><SP WIDTH="21" VPOS="1353" HPOS="724"/>
							<String ID="string_227" HPOS="745" VPOS="1353" WIDTH="190" HEIGHT="34" WC="0.96" CONTENT="huvudsak"/><SP WIDTH="21" VPOS="1353" HPOS="935"/>
							<String ID="string_228" HPOS="956" VPOS="1355" WIDTH="151" HEIGHT="33" WC="0.96" CONTENT="lämnats"/><SP WIDTH="23" VPOS="1355" HPOS="1107"/>
							<String ID="string_229" HPOS="1130" VPOS="1359" WIDTH="88" HEIGHT="29" WC="0.95" CONTENT="utan"/><SP WIDTH="22" VPOS="1359" HPOS="1218"/>
							<String ID="string_230" HPOS="1240" VPOS="1355" WIDTH="139" HEIGHT="34" WC="0.95" CONTENT="erinran"/><SP WIDTH="22" VPOS="1355" HPOS="1379"/>
							<String ID="string_231" HPOS="1401" VPOS="1355" WIDTH="78" HEIGHT="34" WC="0.93" CONTENT="från"/><SP WIDTH="23" VPOS="1355" HPOS="1479"/>
							<String ID="string_232" HPOS="1502" VPOS="1357" WIDTH="283" HEIGHT="42" WC="0.91" CONTENT="remissmyndig-"/>
						</TextLine>
						<TextLine ID="line_25" HPOS="296" VPOS="1398" WIDTH="1489" HEIGHT="44">
							<String ID="string_233" HPOS="296" VPOS="1398" WIDTH="164" HEIGHT="34" WC="0.91" CONTENT="heternas"/><SP WIDTH="25" VPOS="1398" HPOS="460"/>
							<String ID="string_234" HPOS="485" VPOS="1398" WIDTH="86" HEIGHT="33" WC="0.96" CONTENT="sida."/><SP WIDTH="25" VPOS="1398" HPOS="571"/>
							<String ID="string_235" HPOS="596" VPOS="1398" WIDTH="181" HEIGHT="42" WC="0.96" CONTENT="Förslaget"/><SP WIDTH="25" VPOS="1398" HPOS="777"/>
							<String ID="string_236" HPOS="802" VPOS="1410" WIDTH="59" HEIGHT="22" WC="0.96" CONTENT="om"/><SP WIDTH="24" VPOS="1410" HPOS="861"/>
							<String ID="string_237" HPOS="885" VPOS="1401" WIDTH="159" HEIGHT="39" WC="0.96" CONTENT="prästens"/><SP WIDTH="26" VPOS="1401" HPOS="1044"/>
							<String ID="string_238" HPOS="1070" VPOS="1399" WIDTH="215" HEIGHT="34" WC="0.96" CONTENT="medverkan"/><SP WIDTH="27" VPOS="1399" HPOS="1285"/>
							<String ID="string_239" HPOS="1312" VPOS="1400" WIDTH="10" HEIGHT="33" WC="0.96" CONTENT="i"/><SP WIDTH="27" VPOS="1400" HPOS="1322"/>
							<String ID="string_240" HPOS="1349" VPOS="1400" WIDTH="202" HEIGHT="42" WC="0.93" CONTENT="sjukhusets"/><SP WIDTH="27" VPOS="1400" HPOS="1551"/>
							<String ID="string_241" HPOS="1578" VPOS="1402" WIDTH="207" HEIGHT="33" WC="0.89" CONTENT="allmänkul-"/>
						</TextLine>
						<TextLine ID="line_26" HPOS="296" VPOS="1442" WIDTH="1489" HEIGHT="46">
							<String ID="string_242" HPOS="296" VPOS="1442" WIDTH="127" HEIGHT="33" WC="0.90" CONTENT="turella"/><SP WIDTH="17" VPOS="1442" HPOS="423"/>
							<String ID="string_243" HPOS="440" VPOS="1442" WIDTH="65" HEIGHT="34" WC="0.96" CONTENT="och"/><SP WIDTH="18" VPOS="1442" HPOS="505"/>
							<String ID="string_244" HPOS="523" VPOS="1442" WIDTH="129" HEIGHT="34" WC="0.96" CONTENT="sociala"/><SP WIDTH="19" VPOS="1442" HPOS="652"/>
							<String ID="string_245" HPOS="671" VPOS="1443" WIDTH="224" HEIGHT="33" WC="0.95" CONTENT="verksamhet"/><SP WIDTH="17" VPOS="1443" HPOS="895"/>
							<String ID="string_246" HPOS="912" VPOS="1443" WIDTH="64" HEIGHT="34" WC="0.96" CONTENT="har"/><SP WIDTH="18" VPOS="1443" HPOS="976"/>
							<String ID="string_247" HPOS="994" VPOS="1443" WIDTH="160" HEIGHT="34" WC="0.96" CONTENT="däremot"/><SP WIDTH="18" VPOS="1443" HPOS="1154"/>
							<String ID="string_248" HPOS="1172" VPOS="1447" WIDTH="94" HEIGHT="30" WC="0.96" CONTENT="mött"/><SP WIDTH="17" VPOS="1447" HPOS="1266"/>
							<String ID="string_249" HPOS="1283" VPOS="1444" WIDTH="109" HEIGHT="34" WC="0.96" CONTENT="kritik"/><SP WIDTH="19" VPOS="1444" HPOS="1392"/>
							<String ID="string_250" HPOS="1411" VPOS="1444" WIDTH="78" HEIGHT="35" WC="0.96" CONTENT="från"/><SP WIDTH="20" VPOS="1444" HPOS="1489"/>
							<String ID="string_251" HPOS="1509" VPOS="1446" WIDTH="175" HEIGHT="42" WC="0.95" CONTENT="åtskilliga"/><SP WIDTH="19" VPOS="1446" HPOS="1684"/>
							<String ID="string_252" HPOS="1703" VPOS="1446" WIDTH="82" HEIGHT="34" WC="0.96" CONTENT="håll."/>
						</TextLine>
						<TextLine ID="line_27" HPOS="297" VPOS="1486" WIDTH="1487" HEIGHT="47">
							<String ID="string_253" HPOS="297" VPOS="1487" WIDTH="60" HEIGHT="33" WC="0.96" CONTENT="Då"/><SP WIDTH="19" VPOS="1487" HPOS="357"/>
							<String ID="string_254" HPOS="376" VPOS="1487" WIDTH="100" HEIGHT="33" WC="0.96" CONTENT="dessa"/><SP WIDTH="17" VPOS="1487" HPOS="476"/>
							<String ID="string_255" HPOS="493" VPOS="1486" WIDTH="181" HEIGHT="43" WC="0.96" CONTENT="uppgifter"/><SP WIDTH="17" VPOS="1486" HPOS="674"/>
							<String ID="string_256" HPOS="691" VPOS="1499" WIDTH="147" HEIGHT="22" WC="0.96" CONTENT="numera"/><SP WIDTH="19" VPOS="1499" HPOS="838"/>
							<String ID="string_257" HPOS="857" VPOS="1487" WIDTH="53" HEIGHT="33" WC="0.96" CONTENT="till"/><SP WIDTH="20" VPOS="1487" HPOS="910"/>
							<String ID="string_258" HPOS="930" VPOS="1492" WIDTH="73" HEIGHT="29" WC="0.96" CONTENT="stor"/><SP WIDTH="20" VPOS="1492" HPOS="1003"/>
							<String ID="string_259" HPOS="1023" VPOS="1487" WIDTH="51" HEIGHT="34" WC="0.93" CONTENT="del"/><SP WIDTH="22" VPOS="1487" HPOS="1074"/>
							<String ID="string_260" HPOS="1096" VPOS="1488" WIDTH="213" HEIGHT="42" WC="0.91" CONTENT="ombesörjes"/><SP WIDTH="22" VPOS="1488" HPOS="1309"/>
							<String ID="string_261" HPOS="1331" VPOS="1501" WIDTH="45" HEIGHT="21" WC="0.96" CONTENT="av"/><SP WIDTH="20" VPOS="1501" HPOS="1376"/>
							<String ID="string_262" HPOS="1396" VPOS="1489" WIDTH="292" HEIGHT="42" WC="0.93" CONTENT="specialutbildad"/><SP WIDTH="21" VPOS="1489" HPOS="1688"/>
							<String ID="string_263" HPOS="1709" VPOS="1504" WIDTH="75" HEIGHT="29" WC="0.92" CONTENT="per-"/>
						</TextLine>
						<TextLine ID="line_28" HPOS="296" VPOS="1531" WIDTH="1489" HEIGHT="46">
							<String ID="string_264" HPOS="296" VPOS="1531" WIDTH="110" HEIGHT="39" WC="0.92" CONTENT="sonal,"/><SP WIDTH="19" VPOS="1531" HPOS="406"/>
							<String ID="string_265" HPOS="425" VPOS="1531" WIDTH="33" HEIGHT="34" WC="0.92" CONTENT="d."/><SP WIDTH="14" VPOS="1531" HPOS="458"/>
							<String ID="string_266" HPOS="472" VPOS="1544" WIDTH="74" HEIGHT="21" WC="0.79" CONTENT="v.s."/><SP WIDTH="20" VPOS="1544" HPOS="546"/>
							<String ID="string_267" HPOS="566" VPOS="1531" WIDTH="301" HEIGHT="42" WC="0.91" CONTENT="sysselsättnings-"/><SP WIDTH="19" VPOS="1531" HPOS="867"/>
							<String ID="string_268" HPOS="886" VPOS="1532" WIDTH="65" HEIGHT="33" WC="0.96" CONTENT="och"/><SP WIDTH="20" VPOS="1532" HPOS="951"/>
							<String ID="string_269" HPOS="971" VPOS="1532" WIDTH="331" HEIGHT="43" WC="0.93" CONTENT="arbetsterapeuter,"/><SP WIDTH="21" VPOS="1532" HPOS="1302"/>
							<String ID="string_270" HPOS="1323" VPOS="1534" WIDTH="349" HEIGHT="43" WC="0.92" CONTENT="bibliotekspersonal"/><SP WIDTH="20" VPOS="1534" HPOS="1672"/>
							<String ID="string_271" HPOS="1692" VPOS="1541" WIDTH="93" HEIGHT="28" WC="0.96" CONTENT="samt"/>
						</TextLine>
						<TextLine ID="line_29" HPOS="296" VPOS="1576" WIDTH="1489" HEIGHT="45">
							<String ID="string_272" HPOS="296" VPOS="1576" WIDTH="129" HEIGHT="33" WC="0.96" CONTENT="sociala"/><SP WIDTH="15" VPOS="1576" HPOS="425"/>
							<String ID="string_273" HPOS="440" VPOS="1576" WIDTH="194" HEIGHT="39" WC="0.96" CONTENT="kuratorer,"/><SP WIDTH="15" VPOS="1576" HPOS="634"/>
							<String ID="string_274" HPOS="649" VPOS="1576" WIDTH="70" HEIGHT="34" WC="0.96" CONTENT="kan"/><SP WIDTH="16" VPOS="1576" HPOS="719"/>
							<String ID="string_275" HPOS="735" VPOS="1576" WIDTH="119" HEIGHT="34" WC="0.96" CONTENT="därför"/><SP WIDTH="15" VPOS="1576" HPOS="854"/>
							<String ID="string_276" HPOS="869" VPOS="1576" WIDTH="75" HEIGHT="34" WC="0.95" CONTENT="icke"/><SP WIDTH="16" VPOS="1576" HPOS="944"/>
							<String ID="string_277" HPOS="960" VPOS="1577" WIDTH="115" HEIGHT="33" WC="0.96" CONTENT="såsom"/><SP WIDTH="16" VPOS="1577" HPOS="1075"/>
							<String ID="string_278" HPOS="1091" VPOS="1578" WIDTH="115" HEIGHT="41" WC="0.96" CONTENT="någon"/><SP WIDTH="16" VPOS="1578" HPOS="1206"/>
							<String ID="string_279" HPOS="1222" VPOS="1578" WIDTH="148" HEIGHT="41" WC="0.96" CONTENT="generell"/><SP WIDTH="18" VPOS="1578" HPOS="1370"/>
							<String ID="string_280" HPOS="1388" VPOS="1591" WIDTH="100" HEIGHT="21" WC="0.93" CONTENT="norm"/><SP WIDTH="18" VPOS="1591" HPOS="1488"/>
							<String ID="string_281" HPOS="1506" VPOS="1580" WIDTH="206" HEIGHT="41" WC="0.92" CONTENT="uppställas,"/><SP WIDTH="18" VPOS="1580" HPOS="1712"/>
							<String ID="string_282" HPOS="1730" VPOS="1584" WIDTH="55" HEIGHT="29" WC="0.96" CONTENT="att"/>
						</TextLine>
						<TextLine ID="line_30" HPOS="297" VPOS="1620" WIDTH="1487" HEIGHT="46">
							<String ID="string_283" HPOS="297" VPOS="1624" WIDTH="144" HEIGHT="38" WC="0.96" CONTENT="prästen"/><SP WIDTH="20" VPOS="1624" HPOS="441"/>
							<String ID="string_284" HPOS="461" VPOS="1620" WIDTH="74" HEIGHT="43" WC="0.96" CONTENT="just"/><SP WIDTH="22" VPOS="1620" HPOS="535"/>
							<String ID="string_285" HPOS="557" VPOS="1621" WIDTH="10" HEIGHT="32" WC="0.96" CONTENT="i"/><SP WIDTH="23" VPOS="1621" HPOS="567"/>
							<String ID="string_286" HPOS="590" VPOS="1620" WIDTH="115" HEIGHT="34" WC="0.96" CONTENT="denna"/><SP WIDTH="20" VPOS="1620" HPOS="705"/>
							<String ID="string_287" HPOS="725" VPOS="1621" WIDTH="176" HEIGHT="42" WC="0.96" CONTENT="egenskap"/><SP WIDTH="23" VPOS="1621" HPOS="901"/>
							<String ID="string_288" HPOS="924" VPOS="1621" WIDTH="86" HEIGHT="33" WC="0.94" CONTENT="skall"/><SP WIDTH="22" VPOS="1621" HPOS="1010"/>
							<String ID="string_289" HPOS="1032" VPOS="1626" WIDTH="99" HEIGHT="37" WC="0.96" CONTENT="tagas"/><SP WIDTH="23" VPOS="1626" HPOS="1131"/>
							<String ID="string_290" HPOS="1154" VPOS="1622" WIDTH="10" HEIGHT="33" WC="0.96" CONTENT="i"/><SP WIDTH="24" VPOS="1622" HPOS="1164"/>
							<String ID="string_291" HPOS="1188" VPOS="1623" WIDTH="152" HEIGHT="41" WC="0.96" CONTENT="anspråk"/><SP WIDTH="24" VPOS="1623" HPOS="1340"/>
							<String ID="string_292" HPOS="1364" VPOS="1622" WIDTH="53" HEIGHT="34" WC="0.96" CONTENT="för"/><SP WIDTH="22" VPOS="1622" HPOS="1417"/>
							<String ID="string_293" HPOS="1439" VPOS="1623" WIDTH="133" HEIGHT="34" WC="0.96" CONTENT="sådana"/><SP WIDTH="23" VPOS="1623" HPOS="1572"/>
							<String ID="string_294" HPOS="1595" VPOS="1624" WIDTH="189" HEIGHT="42" WC="0.95" CONTENT="uppgifter."/>
						</TextLine>
						<TextLine ID="line_31" HPOS="295" VPOS="1665" WIDTH="1491" HEIGHT="46">
							<String ID="string_295" HPOS="295" VPOS="1666" WIDTH="167" HEIGHT="32" WC="0.91" CONTENT="Prästens"/><SP WIDTH="30" VPOS="1666" HPOS="462"/>
							<String ID="string_296" HPOS="492" VPOS="1665" WIDTH="226" HEIGHT="34" WC="0.96" CONTENT="verksamhet"/><SP WIDTH="29" VPOS="1665" HPOS="718"/>
							<String ID="string_297" HPOS="747" VPOS="1665" WIDTH="108" HEIGHT="33" WC="0.93" CONTENT="bland"/><SP WIDTH="30" VPOS="1665" HPOS="855"/>
							<String ID="string_298" HPOS="885" VPOS="1665" WIDTH="395" HEIGHT="43" WC="0.92" CONTENT="sjukvårdspersonalen"/><SP WIDTH="30" VPOS="1665" HPOS="1280"/>
							<String ID="string_299" HPOS="1310" VPOS="1667" WIDTH="64" HEIGHT="34" WC="0.96" CONTENT="bör"/><SP WIDTH="30" VPOS="1667" HPOS="1374"/>
							<String ID="string_300" HPOS="1404" VPOS="1668" WIDTH="108" HEIGHT="42" WC="0.96" CONTENT="enligt"/><SP WIDTH="30" VPOS="1668" HPOS="1512"/>
							<String ID="string_301" HPOS="1542" VPOS="1668" WIDTH="72" HEIGHT="34" WC="0.96" CONTENT="min"/><SP WIDTH="32" VPOS="1668" HPOS="1614"/>
							<String ID="string_302" HPOS="1646" VPOS="1668" WIDTH="140" HEIGHT="43" WC="0.96" CONTENT="mening"/>
						</TextLine>
						<TextLine ID="line_32" HPOS="296" VPOS="1709" WIDTH="1353" HEIGHT="46">
							<String ID="string_303" HPOS="296" VPOS="1722" WIDTH="88" HEIGHT="21" WC="0.95" CONTENT="vara"/><SP WIDTH="22" VPOS="1722" HPOS="384"/>
							<String ID="string_304" HPOS="406" VPOS="1710" WIDTH="125" HEIGHT="41" WC="0.95" CONTENT="analog"/><SP WIDTH="21" VPOS="1710" HPOS="531"/>
							<String ID="string_305" HPOS="552" VPOS="1709" WIDTH="82" HEIGHT="34" WC="0.96" CONTENT="med"/><SP WIDTH="23" VPOS="1709" HPOS="634"/>
							<String ID="string_306" HPOS="657" VPOS="1709" WIDTH="78" HEIGHT="40" WC="0.96" CONTENT="den,"/><SP WIDTH="24" VPOS="1709" HPOS="735"/>
							<String ID="string_307" HPOS="759" VPOS="1722" WIDTH="75" HEIGHT="21" WC="0.96" CONTENT="som"/><SP WIDTH="23" VPOS="1722" HPOS="834"/>
							<String ID="string_308" HPOS="857" VPOS="1710" WIDTH="71" HEIGHT="33" WC="0.96" CONTENT="han"/><SP WIDTH="23" VPOS="1710" HPOS="928"/>
							<String ID="string_309" HPOS="951" VPOS="1713" WIDTH="108" HEIGHT="39" WC="0.95" CONTENT="ägnar"/><SP WIDTH="22" VPOS="1713" HPOS="1059"/>
							<String ID="string_310" HPOS="1081" VPOS="1711" WIDTH="76" HEIGHT="33" WC="0.93" CONTENT="sina"/><SP WIDTH="22" VPOS="1711" HPOS="1157"/>
							<String ID="string_311" HPOS="1179" VPOS="1711" WIDTH="288" HEIGHT="43" WC="0.91" CONTENT="församlingsbor"/><SP WIDTH="22" VPOS="1711" HPOS="1467"/>
							<String ID="string_312" HPOS="1489" VPOS="1713" WIDTH="10" HEIGHT="32" WC="0.55" CONTENT="i"/><SP WIDTH="24" VPOS="1713" HPOS="1499"/>
							<String ID="string_313" HPOS="1523" VPOS="1713" WIDTH="126" HEIGHT="42" WC="0.96" CONTENT="övrigt."/>
						</TextLine>
					</TextBlock>
				</ComposedBlock>
				<ComposedBlock ID="cblock_5" HPOS="518" VPOS="1862" WIDTH="1044" HEIGHT="108">
					<TextBlock ID="block_5" HPOS="518" VPOS="1862" WIDTH="1044" HEIGHT="108">
						<TextLine ID="line_33" HPOS="518" VPOS="1862" WIDTH="1044" HEIGHT="44">
							<String ID="string_314" HPOS="518" VPOS="1864" WIDTH="85" HEIGHT="32" WC="0.96" CONTENT="Den"/><SP WIDTH="18" VPOS="1864" HPOS="603"/>
							<String ID="string_315" HPOS="621" VPOS="1862" WIDTH="243" HEIGHT="43" WC="0.96" CONTENT="prästerliga"/><SP WIDTH="18" VPOS="1862" HPOS="864"/>
							<String ID="string_316" HPOS="882" VPOS="1863" WIDTH="324" HEIGHT="41" WC="0.96" CONTENT="organisationen"/><SP WIDTH="18" VPOS="1863" HPOS="1206"/>
							<String ID="string_317" HPOS="1224" VPOS="1863" WIDTH="66" HEIGHT="33" WC="0.96" CONTENT="för"/><SP WIDTH="18" VPOS="1863" HPOS="1290"/>
							<String ID="string_318" HPOS="1308" VPOS="1863" WIDTH="74" HEIGHT="34" WC="0.96" CONTENT="den"/><SP WIDTH="19" VPOS="1863" HPOS="1382"/>
							<String ID="string_319" HPOS="1401" VPOS="1864" WIDTH="161" HEIGHT="42" WC="0.96" CONTENT="andliga"/>
						</TextLine>
						<TextLine ID="line_34" HPOS="801" VPOS="1926" WIDTH="475" HEIGHT="44">
							<String ID="string_320" HPOS="801" VPOS="1926" WIDTH="149" HEIGHT="35" WC="0.96" CONTENT="vården"/><SP WIDTH="19" VPOS="1926" HPOS="950"/>
							<String ID="string_321" HPOS="969" VPOS="1928" WIDTH="66" HEIGHT="33" WC="0.96" CONTENT="vid"/><SP WIDTH="19" VPOS="1928" HPOS="1035"/>
							<String ID="string_322" HPOS="1054" VPOS="1928" WIDTH="222" HEIGHT="42" WC="0.96" CONTENT="sjukhusen"/>
						</TextLine>
					</TextBlock>
				</ComposedBlock>
				<ComposedBlock ID="cblock_6" HPOS="294" VPOS="2024" WIDTH="1490" HEIGHT="520">
					<TextBlock ID="block_6" HPOS="294" VPOS="2024" WIDTH="1490" HEIGHT="520">
						<TextLine ID="line_35" HPOS="342" VPOS="2024" WIDTH="1440" HEIGHT="44">
							<String ID="string_323" HPOS="342" VPOS="2025" WIDTH="18" HEIGHT="33" WC="0.96" CONTENT="I"/><SP WIDTH="15" VPOS="2025" HPOS="360"/>
							<String ID="string_324" HPOS="375" VPOS="2024" WIDTH="97" HEIGHT="42" WC="0.96" CONTENT="fråga"/><SP WIDTH="15" VPOS="2024" HPOS="472"/>
							<String ID="string_325" HPOS="487" VPOS="2037" WIDTH="58" HEIGHT="21" WC="0.96" CONTENT="om"/><SP WIDTH="14" VPOS="2037" HPOS="545"/>
							<String ID="string_326" HPOS="559" VPOS="2024" WIDTH="66" HEIGHT="34" WC="0.96" CONTENT="den"/><SP WIDTH="15" VPOS="2024" HPOS="625"/>
							<String ID="string_327" HPOS="640" VPOS="2024" WIDTH="206" HEIGHT="43" WC="0.96" CONTENT="prästerliga"/><SP WIDTH="15" VPOS="2024" HPOS="846"/>
							<String ID="string_328" HPOS="861" VPOS="2024" WIDTH="282" HEIGHT="42" WC="0.96" CONTENT="organisationen"/><SP WIDTH="15" VPOS="2024" HPOS="1143"/>
							<String ID="string_329" HPOS="1158" VPOS="2024" WIDTH="54" HEIGHT="34" WC="0.96" CONTENT="för"/><SP WIDTH="15" VPOS="2024" HPOS="1212"/>
							<String ID="string_330" HPOS="1227" VPOS="2025" WIDTH="67" HEIGHT="33" WC="0.96" CONTENT="den"/><SP WIDTH="16" VPOS="2025" HPOS="1294"/>
							<String ID="string_331" HPOS="1310" VPOS="2026" WIDTH="140" HEIGHT="42" WC="0.96" CONTENT="andliga"/><SP WIDTH="15" VPOS="2026" HPOS="1450"/>
							<String ID="string_332" HPOS="1465" VPOS="2026" WIDTH="133" HEIGHT="34" WC="0.96" CONTENT="vården"/><SP WIDTH="17" VPOS="2026" HPOS="1598"/>
							<String ID="string_333" HPOS="1615" VPOS="2027" WIDTH="59" HEIGHT="33" WC="0.93" CONTENT="vid"/><SP WIDTH="15" VPOS="2027" HPOS="1674"/>
							<String ID="string_334" HPOS="1689" VPOS="2027" WIDTH="93" HEIGHT="41" WC="0.92" CONTENT="sjuk-"/>
						</TextLine>
						<TextLine ID="line_36" HPOS="295" VPOS="2077" WIDTH="1489" HEIGHT="44">
							<String ID="string_335" HPOS="295" VPOS="2078" WIDTH="112" HEIGHT="33" WC="0.96" CONTENT="husen"/><SP WIDTH="20" VPOS="2078" HPOS="407"/>
							<String ID="string_336" HPOS="427" VPOS="2077" WIDTH="202" HEIGHT="34" WC="0.96" CONTENT="framhåller"/><SP WIDTH="20" VPOS="2077" HPOS="629"/>
							<String ID="string_337" HPOS="649" VPOS="2077" WIDTH="42" HEIGHT="34" WC="0.96" CONTENT="de"/><SP WIDTH="21" VPOS="2077" HPOS="691"/>
							<String ID="string_338" HPOS="712" VPOS="2077" WIDTH="232" HEIGHT="42" WC="0.96" CONTENT="sakkunniga,"/><SP WIDTH="22" VPOS="2077" HPOS="944"/>
							<String ID="string_339" HPOS="966" VPOS="2082" WIDTH="55" HEIGHT="29" WC="0.96" CONTENT="att"/><SP WIDTH="20" VPOS="2082" HPOS="1021"/>
							<String ID="string_340" HPOS="1041" VPOS="2089" WIDTH="42" HEIGHT="21" WC="0.96" CONTENT="en"/><SP WIDTH="22" VPOS="2089" HPOS="1083"/>
							<String ID="string_341" HPOS="1105" VPOS="2077" WIDTH="217" HEIGHT="44" WC="0.96" CONTENT="förbättring"/><SP WIDTH="21" VPOS="2077" HPOS="1322"/>
							<String ID="string_342" HPOS="1343" VPOS="2091" WIDTH="45" HEIGHT="21" WC="0.96" CONTENT="av"/><SP WIDTH="22" VPOS="2091" HPOS="1388"/>
							<String ID="string_343" HPOS="1410" VPOS="2079" WIDTH="115" HEIGHT="34" WC="0.96" CONTENT="denna"/><SP WIDTH="22" VPOS="2079" HPOS="1525"/>
							<String ID="string_344" HPOS="1547" VPOS="2080" WIDTH="237" HEIGHT="39" WC="0.96" CONTENT="verksamhet,"/>
						</TextLine>
						<TextLine ID="line_37" HPOS="296" VPOS="2130" WIDTH="1488" HEIGHT="44">
							<String ID="string_345" HPOS="296" VPOS="2131" WIDTH="142" HEIGHT="33" WC="0.96" CONTENT="särskilt"/><SP WIDTH="22" VPOS="2131" HPOS="438"/>
							<String ID="string_346" HPOS="460" VPOS="2131" WIDTH="10" HEIGHT="33" WC="0.95" CONTENT="i"/><SP WIDTH="23" VPOS="2131" HPOS="470"/>
							<String ID="string_347" HPOS="493" VPOS="2130" WIDTH="173" HEIGHT="34" WC="0.92" CONTENT="avseende"/><SP WIDTH="24" VPOS="2130" HPOS="666"/>
							<String ID="string_348" HPOS="690" VPOS="2131" WIDTH="19" HEIGHT="33" WC="0.92" CONTENT="å"/><SP WIDTH="24" VPOS="2131" HPOS="709"/>
							<String ID="string_349" HPOS="733" VPOS="2130" WIDTH="66" HEIGHT="33" WC="0.96" CONTENT="den"/><SP WIDTH="23" VPOS="2130" HPOS="799"/>
							<String ID="string_350" HPOS="822" VPOS="2130" WIDTH="159" HEIGHT="34" WC="0.92" CONTENT="enskilda"/><SP WIDTH="22" VPOS="2130" HPOS="981"/>
							<String ID="string_351" HPOS="1003" VPOS="2130" WIDTH="222" HEIGHT="42" WC="0.91" CONTENT="själavården"/><SP WIDTH="24" VPOS="2130" HPOS="1225"/>
							<String ID="string_352" HPOS="1249" VPOS="2131" WIDTH="55" HEIGHT="33" WC="0.96" CONTENT="för"/><SP WIDTH="22" VPOS="2131" HPOS="1304"/>
							<String ID="string_353" HPOS="1326" VPOS="2132" WIDTH="235" HEIGHT="42" WC="0.96" CONTENT="patienterna,"/><SP WIDTH="24" VPOS="2132" HPOS="1561"/>
							<String ID="string_354" HPOS="1585" VPOS="2132" WIDTH="76" HEIGHT="34" WC="0.96" CONTENT="icke"/><SP WIDTH="23" VPOS="2132" HPOS="1661"/>
							<String ID="string_355" HPOS="1684" VPOS="2133" WIDTH="100" HEIGHT="34" WC="0.96" CONTENT="torde"/>
						</TextLine>
						<TextLine ID="line_38" HPOS="294" VPOS="2183" WIDTH="1490" HEIGHT="44">
							<String ID="string_356" HPOS="294" VPOS="2185" WIDTH="123" HEIGHT="33" WC="0.96" CONTENT="kunna"/><SP WIDTH="25" VPOS="2185" HPOS="417"/>
							<String ID="string_357" HPOS="442" VPOS="2184" WIDTH="263" HEIGHT="34" WC="0.96" CONTENT="åstadkommas"/><SP WIDTH="26" VPOS="2184" HPOS="705"/>
							<String ID="string_358" HPOS="731" VPOS="2188" WIDTH="87" HEIGHT="29" WC="0.96" CONTENT="utan"/><SP WIDTH="26" VPOS="2188" HPOS="818"/>
							<String ID="string_359" HPOS="844" VPOS="2188" WIDTH="56" HEIGHT="29" WC="0.96" CONTENT="att"/><SP WIDTH="24" VPOS="2188" HPOS="900"/>
							<String ID="string_360" HPOS="924" VPOS="2183" WIDTH="135" HEIGHT="34" WC="0.93" CONTENT="tillfälle"/><SP WIDTH="25" VPOS="2183" HPOS="1059"/>
							<String ID="string_361" HPOS="1084" VPOS="2184" WIDTH="142" HEIGHT="33" WC="0.91" CONTENT="beredes"/><SP WIDTH="26" VPOS="2184" HPOS="1226"/>
							<String ID="string_362" HPOS="1252" VPOS="2184" WIDTH="335" HEIGHT="43" WC="0.92" CONTENT="sjukhusprästerna"/><SP WIDTH="26" VPOS="2184" HPOS="1587"/>
							<String ID="string_363" HPOS="1613" VPOS="2190" WIDTH="56" HEIGHT="29" WC="0.96" CONTENT="att"/><SP WIDTH="25" VPOS="2190" HPOS="1669"/>
							<String ID="string_364" HPOS="1694" VPOS="2189" WIDTH="90" HEIGHT="38" WC="0.96" CONTENT="ägna"/>
						</TextLine>
						<TextLine ID="line_39" HPOS="295" VPOS="2236" WIDTH="1488" HEIGHT="44">
							<String ID="string_365" HPOS="295" VPOS="2249" WIDTH="97" HEIGHT="21" WC="0.96" CONTENT="mera"/><SP WIDTH="18" VPOS="2249" HPOS="392"/>
							<String ID="string_366" HPOS="410" VPOS="2237" WIDTH="52" HEIGHT="33" WC="0.96" CONTENT="tid"/><SP WIDTH="18" VPOS="2237" HPOS="462"/>
							<String ID="string_367" HPOS="480" VPOS="2237" WIDTH="64" HEIGHT="34" WC="0.96" CONTENT="och"/><SP WIDTH="18" VPOS="2237" HPOS="544"/>
							<String ID="string_368" HPOS="562" VPOS="2237" WIDTH="135" HEIGHT="33" WC="0.96" CONTENT="krafter"/><SP WIDTH="18" VPOS="2237" HPOS="697"/>
							<String ID="string_369" HPOS="715" VPOS="2237" WIDTH="37" HEIGHT="33" WC="0.96" CONTENT="åt"/><SP WIDTH="19" VPOS="2237" HPOS="752"/>
							<String ID="string_370" HPOS="771" VPOS="2237" WIDTH="139" HEIGHT="33" WC="0.92" CONTENT="arbetet"/><SP WIDTH="19" VPOS="2237" HPOS="910"/>
							<String ID="string_371" HPOS="929" VPOS="2237" WIDTH="20" HEIGHT="33" WC="0.92" CONTENT="å"/><SP WIDTH="18" VPOS="2237" HPOS="949"/>
							<String ID="string_372" HPOS="967" VPOS="2236" WIDTH="203" HEIGHT="42" WC="0.96" CONTENT="sjukhusen."/><SP WIDTH="18" VPOS="2236" HPOS="1170"/>
							<String ID="string_373" HPOS="1188" VPOS="2237" WIDTH="66" HEIGHT="33" WC="0.93" CONTENT="Att"/><SP WIDTH="19" VPOS="2237" HPOS="1254"/>
							<String ID="string_374" HPOS="1273" VPOS="2236" WIDTH="406" HEIGHT="44" WC="0.92" CONTENT="församlingsprästerna"/><SP WIDTH="19" VPOS="2236" HPOS="1679"/>
							<String ID="string_375" HPOS="1698" VPOS="2238" WIDTH="85" HEIGHT="34" WC="0.92" CONTENT="fort-"/>
						</TextLine>
						<TextLine ID="line_40" HPOS="295" VPOS="2289" WIDTH="1488" HEIGHT="45">
							<String ID="string_376" HPOS="295" VPOS="2290" WIDTH="147" HEIGHT="34" WC="0.96" CONTENT="farande"/><SP WIDTH="17" VPOS="2290" HPOS="442"/>
							<String ID="string_377" HPOS="459" VPOS="2291" WIDTH="112" HEIGHT="33" WC="0.95" CONTENT="måste"/><SP WIDTH="18" VPOS="2291" HPOS="571"/>
							<String ID="string_378" HPOS="589" VPOS="2294" WIDTH="99" HEIGHT="38" WC="0.96" CONTENT="tagas"/><SP WIDTH="18" VPOS="2294" HPOS="688"/>
							<String ID="string_379" HPOS="706" VPOS="2290" WIDTH="9" HEIGHT="33" WC="0.96" CONTENT="i"/><SP WIDTH="20" VPOS="2290" HPOS="715"/>
							<String ID="string_380" HPOS="735" VPOS="2290" WIDTH="153" HEIGHT="42" WC="0.96" CONTENT="anspråk"/><SP WIDTH="17" VPOS="2290" HPOS="888"/>
							<String ID="string_381" HPOS="905" VPOS="2289" WIDTH="54" HEIGHT="34" WC="0.96" CONTENT="för"/><SP WIDTH="17" VPOS="2289" HPOS="959"/>
							<String ID="string_382" HPOS="976" VPOS="2290" WIDTH="115" HEIGHT="33" WC="0.96" CONTENT="denna"/><SP WIDTH="18" VPOS="2290" HPOS="1091"/>
							<String ID="string_383" HPOS="1109" VPOS="2290" WIDTH="87" HEIGHT="33" WC="0.96" CONTENT="vård"/><SP WIDTH="19" VPOS="2290" HPOS="1196"/>
							<String ID="string_384" HPOS="1215" VPOS="2293" WIDTH="38" HEIGHT="30" WC="0.96" CONTENT="är"/><SP WIDTH="17" VPOS="2293" HPOS="1253"/>
							<String ID="string_385" HPOS="1270" VPOS="2290" WIDTH="107" HEIGHT="42" WC="0.96" CONTENT="enligt"/><SP WIDTH="19" VPOS="2290" HPOS="1377"/>
							<String ID="string_386" HPOS="1396" VPOS="2290" WIDTH="42" HEIGHT="34" WC="0.93" CONTENT="de"/><SP WIDTH="18" VPOS="2290" HPOS="1438"/>
							<String ID="string_387" HPOS="1456" VPOS="2291" WIDTH="238" HEIGHT="43" WC="0.92" CONTENT="sakkunnigas"/><SP WIDTH="19" VPOS="2291" HPOS="1694"/>
							<String ID="string_388" HPOS="1713" VPOS="2305" WIDTH="70" HEIGHT="21" WC="0.91" CONTENT="me-"/>
						</TextLine>
						<TextLine ID="line_41" HPOS="295" VPOS="2342" WIDTH="1488" HEIGHT="44">
							<String ID="string_389" HPOS="295" VPOS="2343" WIDTH="85" HEIGHT="42" WC="0.96" CONTENT="ning"/><SP WIDTH="19" VPOS="2343" HPOS="380"/>
							<String ID="string_390" HPOS="399" VPOS="2343" WIDTH="79" HEIGHT="33" WC="0.95" CONTENT="med"/><SP WIDTH="20" VPOS="2343" HPOS="478"/>
							<String ID="string_391" HPOS="498" VPOS="2343" WIDTH="139" HEIGHT="42" WC="0.96" CONTENT="hänsyn"/><SP WIDTH="20" VPOS="2343" HPOS="637"/>
							<String ID="string_392" HPOS="657" VPOS="2343" WIDTH="52" HEIGHT="33" WC="0.96" CONTENT="till"/><SP WIDTH="21" VPOS="2343" HPOS="709"/>
							<String ID="string_393" HPOS="730" VPOS="2342" WIDTH="67" HEIGHT="34" WC="0.96" CONTENT="den"/><SP WIDTH="20" VPOS="2342" HPOS="797"/>
							<String ID="string_394" HPOS="817" VPOS="2342" WIDTH="143" HEIGHT="42" WC="0.93" CONTENT="spridda"/><SP WIDTH="20" VPOS="2342" HPOS="960"/>
							<String ID="string_395" HPOS="980" VPOS="2343" WIDTH="252" HEIGHT="41" WC="0.91" CONTENT="belägenheten"/><SP WIDTH="21" VPOS="2343" HPOS="1232"/>
							<String ID="string_396" HPOS="1253" VPOS="2356" WIDTH="46" HEIGHT="21" WC="0.96" CONTENT="av"/><SP WIDTH="20" VPOS="2356" HPOS="1299"/>
							<String ID="string_397" HPOS="1319" VPOS="2344" WIDTH="128" HEIGHT="42" WC="0.96" CONTENT="många"/><SP WIDTH="21" VPOS="2344" HPOS="1447"/>
							<String ID="string_398" HPOS="1468" VPOS="2344" WIDTH="147" HEIGHT="42" WC="0.96" CONTENT="sjukhus"/><SP WIDTH="22" VPOS="2344" HPOS="1615"/>
							<String ID="string_399" HPOS="1637" VPOS="2345" WIDTH="65" HEIGHT="34" WC="0.96" CONTENT="och"/><SP WIDTH="22" VPOS="2345" HPOS="1702"/>
							<String ID="string_400" HPOS="1724" VPOS="2345" WIDTH="59" HEIGHT="34" WC="0.96" CONTENT="det"/>
						</TextLine>
						<TextLine ID="line_42" HPOS="295" VPOS="2395" WIDTH="1488" HEIGHT="43">
							<String ID="string_401" HPOS="295" VPOS="2397" WIDTH="100" HEIGHT="41" WC="0.93" CONTENT="ringa"/><SP WIDTH="22" VPOS="2397" HPOS="395"/>
							<String ID="string_402" HPOS="417" VPOS="2396" WIDTH="276" HEIGHT="42" WC="0.91" CONTENT="patientantalet"/><SP WIDTH="28" VPOS="2396" HPOS="693"/>
							<String ID="string_403" HPOS="721" VPOS="2395" WIDTH="5" HEIGHT="33" WC="0.96" CONTENT="i"/><SP WIDTH="24" VPOS="2395" HPOS="726"/>
							<String ID="string_404" HPOS="750" VPOS="2396" WIDTH="128" HEIGHT="41" WC="0.96" CONTENT="många"/><SP WIDTH="24" VPOS="2396" HPOS="878"/>
							<String ID="string_405" HPOS="902" VPOS="2395" WIDTH="59" HEIGHT="34" WC="0.96" CONTENT="fall"/><SP WIDTH="25" VPOS="2395" HPOS="961"/>
							<String ID="string_406" HPOS="986" VPOS="2395" WIDTH="261" HEIGHT="43" WC="0.96" CONTENT="ofrånkomligt,"/><SP WIDTH="24" VPOS="2395" HPOS="1247"/>
							<String ID="string_407" HPOS="1271" VPOS="2409" WIDTH="81" HEIGHT="21" WC="0.96" CONTENT="men"/><SP WIDTH="25" VPOS="2409" HPOS="1352"/>
							<String ID="string_408" HPOS="1377" VPOS="2397" WIDTH="124" HEIGHT="34" WC="0.96" CONTENT="därvid"/><SP WIDTH="26" VPOS="2397" HPOS="1501"/>
							<String ID="string_409" HPOS="1527" VPOS="2398" WIDTH="113" HEIGHT="33" WC="0.93" CONTENT="måste"/><SP WIDTH="24" VPOS="2398" HPOS="1640"/>
							<String ID="string_410" HPOS="1664" VPOS="2399" WIDTH="119" HEIGHT="38" WC="0.92" CONTENT="tillses,"/>
						</TextLine>
						<TextLine ID="line_43" HPOS="295" VPOS="2448" WIDTH="1488" HEIGHT="45">
							<String ID="string_411" HPOS="295" VPOS="2454" WIDTH="56" HEIGHT="28" WC="0.93" CONTENT="att"/><SP WIDTH="19" VPOS="2454" HPOS="351"/>
							<String ID="string_412" HPOS="370" VPOS="2449" WIDTH="355" HEIGHT="41" WC="0.89" CONTENT="församlingsvården"/><SP WIDTH="20" VPOS="2449" HPOS="725"/>
							<String ID="string_413" HPOS="745" VPOS="2448" WIDTH="215" HEIGHT="42" WC="0.96" CONTENT="organiseras"/><SP WIDTH="22" VPOS="2448" HPOS="960"/>
							<String ID="string_414" HPOS="982" VPOS="2449" WIDTH="46" HEIGHT="41" WC="0.96" CONTENT="på"/><SP WIDTH="20" VPOS="2449" HPOS="1028"/>
							<String ID="string_415" HPOS="1048" VPOS="2448" WIDTH="127" HEIGHT="34" WC="0.96" CONTENT="sådant"/><SP WIDTH="22" VPOS="2448" HPOS="1175"/>
							<String ID="string_416" HPOS="1197" VPOS="2452" WIDTH="83" HEIGHT="36" WC="0.96" CONTENT="sätt,"/><SP WIDTH="23" VPOS="2452" HPOS="1280"/>
							<String ID="string_417" HPOS="1303" VPOS="2454" WIDTH="54" HEIGHT="28" WC="0.93" CONTENT="att"/><SP WIDTH="21" VPOS="2454" HPOS="1357"/>
							<String ID="string_418" HPOS="1378" VPOS="2450" WIDTH="405" HEIGHT="43" WC="0.90" CONTENT="församlingsprästerna"/>
						</TextLine>
						<TextLine ID="line_44" HPOS="295" VPOS="2501" WIDTH="728" HEIGHT="43">
							<String ID="string_419" HPOS="295" VPOS="2502" WIDTH="54" HEIGHT="33" WC="0.96" CONTENT="får"/><SP WIDTH="17" VPOS="2502" HPOS="349"/>
							<String ID="string_420" HPOS="366" VPOS="2502" WIDTH="106" HEIGHT="42" WC="0.96" CONTENT="nödig"/><SP WIDTH="15" VPOS="2502" HPOS="472"/>
							<String ID="string_421" HPOS="487" VPOS="2502" WIDTH="52" HEIGHT="33" WC="0.96" CONTENT="tid"/><SP WIDTH="17" VPOS="2502" HPOS="539"/>
							<String ID="string_422" HPOS="556" VPOS="2501" WIDTH="53" HEIGHT="33" WC="0.96" CONTENT="till"/><SP WIDTH="18" VPOS="2501" HPOS="609"/>
							<String ID="string_423" HPOS="627" VPOS="2501" WIDTH="137" HEIGHT="33" WC="0.92" CONTENT="arbetet"/><SP WIDTH="18" VPOS="2501" HPOS="764"/>
							<String ID="string_424" HPOS="782" VPOS="2502" WIDTH="21" HEIGHT="32" WC="0.92" CONTENT="å"/><SP WIDTH="16" VPOS="2502" HPOS="803"/>
							<String ID="string_425" HPOS="819" VPOS="2501" WIDTH="204" HEIGHT="41" WC="0.95" CONTENT="sjukhusen."/>
						</TextLine>
					</TextBlock>
				</ComposedBlock>
			</PrintSpace>
		</Page>
	</Layout>
</alto>
