1914 2826
268 189 21 30 4
702 191 102 28 Andra
828 191 192 36 lagutskottets
1043 191 145 28 utlåtande
1210 190 47 28 Nr
1278 191 50 27 29.

921 328 56 60 2)
999 332 107 51 Lag

326 418 178 42 angående
528 419 133 33 ändrad
685 419 135 40 lydelse
843 429 41 23 av
908 419 16 32 1
950 418 18 42 $
992 419 104 40 lagen
1119 419 66 32 den
1211 419 42 32 16
1275 419 70 41 maj
1373 419 88 32 1930
1484 418 57 43 (nr
1566 419 76 42 138)
1666 428 56 24 om

764 470 241 32 arbetstidens
1028 470 253 40 begränsning.

324 571 212 42 Härigenom
559 571 189 39 förordnas,
773 573 50 30 att
847 570 54 43 18
920 571 99 41 lagen
1043 571 67 31 den
1135 572 38 31 16
1196 571 65 41 maj
1288 571 81 32 1930
1392 582 55 20 om
1471 570 232 33 arbetstidens
1719 571 54 32 be-

272 623 186 41 gränsning
481 622 88 32 skall
592 622 11 31 i
625 622 111 32 nedan
760 622 143 42 angiven
927 622 56 31 del
1006 621 129 32 erhålla
1157 622 150 41 följande
1330 621 150 32 ändrade
1503 621 145 42 lydelse:

990 722 68 43 18.

325 783 122 32 Denna
468 783 57 41 lag
548 801 39 4 —
612 802 35 2 —
672 801 40 4 —
735 783 62 31 här
819 782 120 32 nedan.

326 834 89 32 Från
437 834 120 41 lagens
580 833 217 42 tillämpning
820 833 228 41 undantagas:

326 884 30 42 a)
378 884 127 39 arbete,
530 895 75 21 soM
650 903 22 3 —
714 903 24 3 —
784 903 24 3 —
847 902 28 4 —
911 902 30 4 —
969 901 426 5 —————
1300 879 36 51 —
1361 879 39 51 —
1672 902 39 3 =

273 954 103 4 SA
506 952 446 5 SA
1053 952 88 4 rr
1181 952 86 4 rr
1359 952 32 4 —
1407 934 84 31 eller
1506 933 268 42 badinrättning,

326 985 31 43 k)
381 985 122 32 sådant
525 985 116 32 arbete
663 985 12 31 i
697 985 130 38 hotell-,
844 987 201 39 restaurang
1067 984 82 32 eller
1171 984 216 38 kaférörelse,
1404 995 75 21 som
1503 986 36 30 är
1561 986 50 30 att
1634 985 142 31 hänföra

274 1037 53 31 till
350 1036 250 32 allmänhetens
624 1036 131 31 direkta
777 1035 217 41 betjänande,

326 1088 22 40 1)
371 1087 125 39 arbete,
514 1097 74 21 som
612 1086 127 42 åligger
761 1086 159 42 portvakt
943 1085 64 32 och
1028 1097 40 20 av
1091 1085 127 32 honom
1241 1085 214 42 väsentligen
1478 1085 160 32 förrättas
1658 1085 12 32 i
1689 1086 87 31 hans

274 1137 134 39 bostad,

327 1188 45 42 m)
393 1188 127 38 arbete,
545 1199 74 20 som
643 1188 217 31 omförmäles
883 1187 11 32 i
917 1187 98 42 lagen
1032 1198 56 21 om
1104 1187 213 32 arbetstiden
1333 1187 58 32 vid
1406 1187 209 32 automatisk
1630 1186 146 33 tillverk-

275 1239 83 42 ning
379 1250 40 21 av
441 1239 207 41 fönsterglas
671 1249 42 21 m.
731 1250 42 20 m.

328 1365 123 33 Denna
472 1365 56 43 lag
550 1364 114 33 träder
685 1364 11 32 i
719 1365 90 31 kraft
831 1367 19 29 å
872 1364 75 42 dag,
972 1376 74 20 som
1069 1364 194 42 Konungen
1287 1364 216 33 bestämmer.

333 1600 74 32 dels
437 1600 61 30 ock
529 1599 143 31 anhållit
702 1610 54 19 om
787 1598 199 41 riksdagens
1017 1596 157 42 yttrande
1205 1596 216 31 beträffande
1454 1597 49 30 ett
1534 1597 19 29 å
1584 1595 66 31 den
1681 1595 98 31 inter-

281 1651 184 31 nationella
492 1649 410 42 arbetsorganisationens
929 1648 182 31 konferens
1138 1649 36 29 år
1201 1647 80 31 1934
1307 1648 137 39 antaget
1470 1646 129 41 förslag
1624 1645 53 32 till
1702 1645 77 32 kon-

281 1703 138 31 vention
442 1701 174 42 angående
641 1700 210 32 arbetstiden
875 1700 10 31 i
909 1698 226 32 automatiska
1159 1697 303 42 fönsterglasbruk.

334 1753 222 32 Beträffande
576 1751 154 42 lydelsen
750 1763 40 19 av
809 1749 393 41 konventionsförslaget
1222 1749 51 31 får
1293 1748 168 32 utskottet
1480 1747 142 32 hänvisa
1641 1747 54 32 till
1715 1747 65 31 den

282 1805 58 31 vid
358 1804 259 42 propositionen
636 1804 111 30 såsom
766 1802 120 41 Bilaga
905 1802 29 30 B
954 1801 122 41 fogade
1097 1800 143 31 svenska
1260 1799 278 41 översättningen
1558 1810 40 20 av
1618 1798 163 41 förslaget

287 1855 215 41 (fullständig
530 1853 233 41 översättning
789 1864 40 20 av
857 1852 261 41 originaltexten
1145 1851 53 31 till
1226 1850 164 41 förslaget
1416 1849 188 32 återfinnes
1631 1849 11 31 i
1668 1849 113 41 bilaga

283 1907 54 31 till
355 1905 259 43 propositionen
632 1916 39 19 nr
689 1905 40 30 84
747 1904 54 31 till
821 1903 79 32 1935
920 1905 53 29 års
993 1902 146 41 riksdag,
1159 1902 63 31 sid.
1242 1901 151 40 22—24).

336 1958 18 30 I
374 1958 93 40 fråga
488 1968 54 20 om
563 1956 41 31 de
625 1955 81 37 skäl,
728 1966 73 20 som
821 1955 90 40 ligga
930 1954 54 31 till
1005 1953 109 42 grund
1135 1953 52 31 för
1207 1952 270 42 propositionen,
1500 1951 51 31 får
1572 1951 175 36 utskottet,
1771 1951 7 30 i

284 2009 66 31 den
367 2010 75 29 mån
460 2007 216 41 redogörelse
695 2006 115 31 därför
827 2005 72 33 icke
916 2005 130 31 lämnas
1063 2004 61 32 här
1140 2004 120 37 nedan,
1279 2002 143 33 hänvisa
1440 2002 54 32 till
1512 2001 268 43 propositionen.

336 2111 18 31 I
378 2122 41 21 en
442 2122 40 20 av
506 2109 276 33 internationella
807 2108 223 41 arbetsbyrån
1055 2108 35 31 år
1116 2107 79 31 1933
1220 2106 142 42 avgiven
1387 2107 139 40 rapport
1550 2104 231 32 behandlades

285 2164 118 41 frågan
424 2173 54 20 om
500 2161 189 42 antagande
711 2172 41 20 av
774 2160 127 40 förslag
922 2159 54 31 till
998 2158 207 32 konvention
1228 2157 174 41 angående
1425 2156 211 32 arbetstiden
1659 2156 11 30 i
1692 2157 90 30 auto-

284 2214 143 31 matiska
448 2212 302 42 fönsterglasbruk.
784 2211 17 31 I
823 2212 182 40 rapporten
1027 2209 228 36 omnämndes,
1278 2208 104 31 bland
1404 2209 112 35 annat,
1539 2209 49 29 att
1609 2207 57 30 vid
1688 2206 94 31 tiden

284 2267 149 29 närmast
473 2264 73 31 före
587 2264 199 40 rapportens
828 2261 185 42 avgivande
1055 2260 40 31 de
1135 2259 144 32 ledande
1320 2257 463 42 fönsterglasproducerande

285 2315 169 37 länderna,
475 2314 206 32 tillhörande
701 2312 402 41 arbetsorganisationen,
1123 2321 81 21 voro
1225 2310 10 31 i
1255 2321 46 20 nu
1320 2309 125 31 nämnd
1466 2309 145 40 ordning
1630 2307 152 41 Belgien,

286 2365 312 43 Tjeckoslovakien,
634 2364 173 41 Tyskland
842 2363 62 31 och
938 2362 194 37 Frankrike,
1168 2363 87 29 samt
1279 2363 49 29 att
1352 2359 217 32 skiftarbetet
1593 2359 11 30 i
1628 2358 41 32 de
1694 2360 90 29 auto-

285 2417 143 32 matiska
460 2415 339 42 fönsterglasbruken
830 2414 12 31 i
874 2413 90 32 olika
985 2413 118 31 länder
1124 2423 57 20 var
1203 2411 167 32 anordnat
1392 2411 87 31 efter
1501 2410 11 31 i
1533 2409 179 32 huvudsak
1733 2410 51 30 tre

288 2468 109 32 skilda
429 2469 138 39 system,
600 2468 48 30 ett
679 2465 77 32 med
777 2465 49 37 56,
849 2467 48 29 ett
918 2464 77 31 med
1016 2464 40 31 48
1079 2463 61 31 och
1162 2465 49 29 ett
1232 2462 77 31 med
1330 2462 39 30 42
1391 2462 152 30 timmars
1566 2459 218 42 genomsnitt-

287 2520 48 41 lig
374 2518 226 32 arbetsvecka.
640 2517 40 32 56
709 2516 152 32 timmars
891 2514 218 33 arbetsvecka
1138 2512 216 43 tillämpades
1384 2512 58 32 vid
1472 2510 222 40 sammanlagt
1724 2510 60 31 220
