2158 2650
434 240 37 31 14
873 235 103 34 Stats-
986 234 174 34 Utskottets
1189 231 173 36 Utlåtande
1385 230 63 34 N:o
1470 231 49 32 19.

390 325 256 49 genomgående
673 328 218 43 yttermuren
918 324 12 35 i
956 324 143 35 vinkeln
1127 322 146 35 emellan
1299 321 109 35 husen
1434 330 55 25 n:r
1519 321 17 33 1
1566 319 63 35 och
1658 320 19 34 2
1698 318 64 35 och
1780 316 209 36 sträckande

389 381 53 44 sig
480 377 75 37 inåt
593 379 102 34 huset
734 378 54 34 till
827 376 216 35 dervarande
1082 377 127 41 trappa
1242 373 63 35 och
1332 373 76 34 dess
1436 371 193 35 sidomurar
1656 372 90 33 samt
1771 369 123 36 vidare
1919 378 69 34 upp

389 442 123 34 genom
540 431 41 34 de
609 430 75 34 öfra
711 426 228 46 våningarne,
968 429 118 41 syntes
1112 426 146 35 härröra
1286 421 79 37 från
1390 421 110 46 något
1525 422 48 35 fel
1600 422 83 34 eller
1709 418 115 48 någon
1843 420 146 44 svaghet

389 484 12 34 i
440 481 328 46 grundläggningen
808 481 90 33 samt
931 478 105 35 äfven
1062 477 12 34 i
1100 474 114 47 någon
1241 473 80 37 mån
1348 475 137 34 kunnat
1510 473 202 35 förorsakas
1739 472 40 34 af
1802 472 66 34 den
1896 473 94 32 stora

390 532 160 47 gråstens
577 536 96 41 yttre
700 535 137 41 trappa,
867 541 71 24 som
965 539 84 26 vore
1075 528 150 45 uppförd
1250 527 12 34 i
1290 525 126 46 sjelfva
1442 525 144 35 vinkeln
1614 524 145 36 emellan
1780 523 41 35 de
1839 522 151 36 nämnda

387 586 189 45 flyglarne;

525 639 50 32 att
613 635 11 35 i.
664 634 238 36 centralhuset
946 634 16 34 1
1004 634 126 43 trappa
1169 642 69 34 upp
1278 630 187 44 iakttagits
1496 629 12 36 i
1539 629 183 35 nordöstra
1753 628 240 34 hörnrummet

389 685 258 46 genomgående
687 686 158 42 sprickor
883 685 12 33 i
930 685 230 33 bröstvärnen
1186 682 111 34 under
1322 682 169 41 fönstren,
1520 681 63 33 och
1609 680 12 33 i
1648 680 161 42 sydöstra
1835 688 157 25 rummen

389 736 179 46 åtskilliga
608 738 110 33 större
758 734 199 46 sättningar
995 733 12 35 i
1046 733 321 44 mellanväggarne,
1407 730 228 46 hvarigenom
1675 731 51 33 ett
1764 737 65 36 par
1868 727 124 38 dörrar

388 790 119 35 blifvit
534 788 121 44 sneda;

525 843 49 31 att
613 849 130 24 samma
783 837 188 44 anledning
1001 836 55 34 till
1088 836 232 43 anmärkning
1347 833 220 36 förekommit
1593 832 12 34 i
1632 831 41 35 de
1699 830 110 34 under
1835 828 157 36 varande

390 902 156 25 rummen
589 890 12 35 i
640 886 309 47 bottenvåningen,
990 886 196 45 hvarjemte
1226 887 11 34 i
1278 881 373 47 souterrainvåningen
1690 880 180 37 anmärkts
1909 881 84 33 sätt-

392 944 127 44 ningar
559 942 63 34 och
662 940 158 45 sprickor
858 940 12 34 i
910 942 94 32 stora
1043 938 236 35 badrummets
1305 938 75 34 inre
1413 940 147 40 väggar,
1589 933 178 36 äfvensom
1793 932 12 34 i
1831 931 163 35 sidorum-

390 1005 94 34 men;
513 995 89 33 samt
1317 1000 2 2 ;

525 1048 50 31 att
606 1043 189 43 utvändigt
822 1039 20 37 å
870 1052 130 24 samma
1026 1041 65 34 hus
1118 1038 44 46 på
1188 1041 184 34 nordöstra
1400 1039 99 34 sidan
1526 1035 178 37 befunnits
1731 1045 43 24 en
1801 1036 111 32 större
1939 1043 54 34 ge-

390 1093 214 47 nomgående
632 1094 156 44 sättning
814 1090 79 37 från
920 1092 157 45 grunden
1104 1102 69 34 upp
1199 1091 55 34 till
1281 1090 169 35 taklisten
1475 1088 78 35 med
1579 1087 86 34 flera
1692 1085 193 45 utgrenade
1911 1084 82 34 min-

392 1149 60 33 dre
480 1147 166 43 sprickor,
676 1156 81 32 som,
787 1145 110 42 enligt
923 1144 385 43 besigtningsmännens
1334 1140 236 45 uppfattning,
1599 1137 168 35 härrörde
1789 1134 80 36 från
1888 1132 108 47 något

391 1198 48 35 fel
467 1198 83 33 eller
576 1194 115 46 någon
718 1195 149 43 svaghet
893 1194 12 34 i
933 1194 126 44 sjelfva
1086 1192 450 45 grundläggningsarbetet.

526 1245 52 37 På
616 1247 114 44 grund
771 1245 98 35 deraf
910 1247 54 32 att
1004 1244 89 35 efter
1133 1243 225 35 omförmälda
1392 1240 210 45 besigtning,
1633 1240 63 33 och
1723 1238 105 34 sedan
1854 1236 141 35 källoss-

391 1300 131 43 ningen
545 1299 146 48 omsider
718 1298 162 42 upphört,
908 1306 69 34 nya
1006 1295 198 44 sättningar
1231 1295 93 34 visat
1352 1293 53 44 sig
1432 1290 20 36 å
1479 1289 272 46 ifrågavarande
1777 1287 218 45 byggnader,

394 1351 101 42 hade,
524 1347 44 46 på
596 1348 482 36 Öfverintendentsembetets
1104 1346 203 43 befallning,
1336 1344 150 43 förnyad
1512 1342 199 44 besigtning
1736 1339 118 35 blifvit
1881 1339 65 33 den
1976 1339 19 32 9

394 1400 77 36 Juli
505 1400 160 35 sistlidna
692 1397 40 36 år
758 1398 182 35 verkstäld
967 1395 20 37 å
1013 1397 263 44 byggnaderna,
1306 1395 131 43 dervid,
1464 1393 139 45 jemlikt
1629 1386 369 50 besigtningsutlåtan-

395 1453 69 43 det,
501 1451 189 43 befunnits,
733 1452 53 32 att
827 1450 41 33 de
905 1446 43 37 då
974 1449 183 34 tillkomna
1185 1448 174 33 skadorna
1385 1445 142 35 bestode
1553 1444 13 34 i
1591 1443 86 35 flera
1704 1452 70 33 nya
1803 1440 157 44 sprickor
1986 1439 12 34 i

395 1503 259 43 korridorerna,
696 1501 178 35 äfvensom
914 1500 12 34 i
967 1502 94 32 östra
1099 1501 235 42 ytterväggen
1362 1497 51 34 uti
1446 1497 103 33 huset
1575 1505 54 24 n:r
1658 1496 37 43 2;
1723 1491 197 45 hvarjemte
1946 1490 53 36 uti

394 1554 238 35 centralhuset
670 1552 187 43 iakttagits
897 1548 179 47 åtskilliga
1108 1550 182 34 tillkomna
1318 1548 157 44 sprickor
1501 1547 13 33 i
1539 1546 143 34 nischen
1708 1544 87 33 midt
1821 1542 55 35 för
1903 1544 94 34 stora

395 1605 149 35 fönstret
579 1604 12 34 i
617 1603 192 44 kyrksalen
835 1602 53 34 uti
915 1599 175 47 våningen
1119 1602 20 33 2
1167 1602 145 41 trappor
1338 1609 81 33 upp,
1448 1597 177 35 äfvensom
1652 1592 45 47 på
1723 1594 86 34 flera
1837 1593 124 34 ställen
1987 1591 12 36 i

394 1657 42 34 de
463 1656 108 34 nedra
598 1652 227 46 våningarne.
880 1652 72 35 För
979 1655 54 32 att
1059 1652 200 34 underlätta
1282 1651 65 33 den
1367 1647 189 46 påbörjade
1576 1645 291 45 torrläggningen
1880 1643 116 43 borde,

394 1707 110 44 enligt
530 1705 386 45 besigtningsmännens
942 1701 193 41 utlåtande,
1165 1703 69 33 alla
1262 1701 194 43 öppningar
1482 1699 55 35 till
1563 1698 179 35 källrarne
1764 1696 63 34 och
1841 1694 157 45 grunden

393 1759 133 33 lemnas
566 1757 79 43 fria,
687 1753 38 37 så
765 1758 54 31 att
854 1754 112 35 luften
993 1753 229 36 obehindradt
1248 1752 116 34 kunde
1392 1751 95 43 spela
1515 1749 214 44 derigenom;
1757 1745 241 37 hvarförutom

395 1819 80 24 man
514 1808 106 34 borde
659 1817 123 33 genom
815 1807 173 33 brunnars
1015 1804 165 45 gräfning
1206 1804 12 34 i
1244 1803 172 34 närheten
1444 1800 39 36 af
1506 1799 252 45 byggnaderna
1786 1797 63 35 och
1875 1806 125 34 genom

395 1859 164 44 försigtig
597 1857 191 45 pumpning
828 1857 85 33 söka
952 1866 159 34 uppsuga
1153 1855 58 33 det
1243 1854 91 34 inom
1361 1852 271 44 byggnadernas
1659 1850 176 34 närmaste
1862 1843 139 38 område

396 1910 182 43 befintliga
616 1909 222 44 jordvattnet
879 1908 63 34 och
978 1907 112 34 afleda
1118 1906 191 34 detsamma
1337 1904 54 34 till
1418 1900 167 47 Fyrisån;
1615 1901 63 34 och
1704 1900 105 34 borde
1836 1897 166 44 slutligen

396 1959 45 46 på
478 1961 67 34 alla
581 1961 41 33 de
650 1960 136 42 ställen,
816 1959 60 33 der
905 1959 199 43 sättningar
1130 1957 94 35 visat
1251 1956 63 43 sig,
1344 1955 167 34 arbetena
1539 1954 124 43 genast
1689 1950 160 35 inställas
1877 1949 63 34 och
1968 1947 30 45 ej

397 2010 192 45 återtagas,
626 2010 73 35 förr
727 2014 43 30 än
798 2012 189 42 terrängen
1014 2009 160 34 uttorkat
1201 2006 209 44 tillräckligt
1437 2005 63 34 och
1527 2014 81 24 man
1634 2002 146 34 medelst
1805 2001 111 34 kilars
1944 2010 45 23 an

396 2063 193 44 bringande
617 2062 12 34 i
656 2061 204 44 sprickorna
888 2062 84 33 eller
998 2057 44 47 på
1069 2062 109 32 annat
1204 2057 160 44 lämpligt
1391 2059 70 32 sätt
1489 2055 203 43 öfvertygat
1720 2053 52 44 sig
1799 2052 128 42 derom,
1948 2052 51 32 att

396 2114 244 43 sättningarne
667 2112 161 44 upphört.

529 2163 250 37 Revisorernes
819 2163 205 43 delegerade
1063 2161 90 34 hade
1191 2160 60 34 vid
1284 2158 106 36 ofvan
1421 2156 228 35 omförmälda
1690 2155 106 34 besök
1836 2150 21 37 å
1883 2152 118 35 stället

398 2215 118 35 funnit
548 2216 41 33 de
621 2215 60 34 vid
707 2214 149 34 berörda
883 2213 242 44 besigtningar
1152 2211 187 35 anmärkta
1365 2208 291 44 bristfälligheter
1683 2203 21 38 å
1729 2202 273 47 ifrågavarande

396 2267 205 43 byggnader
640 2265 78 35 med
756 2264 162 45 verkliga
958 2262 235 38 förhållandet
1230 2258 394 46 öfverensstämmande;
1654 2257 63 36 och
1743 2256 90 35 hade
1859 2249 142 54 Reviso-

394 2327 104 31 rerne
526 2319 117 38 ansett
670 2316 53 50 sig
750 2315 77 41 icke
855 2316 84 39 böra
966 2311 182 46 underlåta
1179 2315 54 38 att
1259 2309 286 53 tillkännagifya,
1580 2309 169 48 hurusom,
1770 2307 110 52 enligt
1898 2305 101 41 deras
