2242 2640
516 190 236 31 Sammansatta
775 188 103 32 Stats-
901 188 55 32 och
980 187 230 42 Lagutskottets
1240 185 168 34 Utlåtande
1431 184 62 33 N:o
1516 185 31 31 3.
1767 184 17 31 7

237 268 192 50 oförvitlig
467 268 262 49 tjenstgöring
767 268 121 37 under
928 267 86 38 hela
1057 267 73 37 den
1174 266 66 49 tid,
1286 266 150 36 läraren
1481 264 91 37 eller
1611 263 216 37 lärarinnan

235 320 267 50 tjenstgjorde.

364 372 262 50 Domkapitlet
657 372 13 36 i
704 372 110 36 Lund
840 371 198 38 förordade
1069 371 255 36 motionärens
1352 369 155 48 förslag,
1537 381 87 23 men
1652 366 86 38 med
1765 366 64 37 det

236 425 148 49 tillägg,
415 429 56 32 att
498 425 60 36 för
585 424 45 37 de
658 424 121 37 lärare
797 424 71 37 och
881 424 223 47 lärarinnor,
1121 436 81 23 som
1217 422 81 37 icke
1313 421 209 37 förvärfvat
1538 419 118 37 sådan
1670 419 157 49 kompe-

235 482 85 32 tens
348 477 57 36 till
434 476 81 37 sina
542 476 270 49 befattningar,
843 489 81 23 som
957 476 58 36 för
1042 474 234 37 närvarande
1304 487 90 23 vore
1423 471 250 38 föreskrifven
1702 474 124 33 såsom

235 529 122 36 vilkor
384 529 58 36 för
470 533 56 32 att
554 528 236 36 skoldistrikt
817 528 102 48 finge
947 527 58 37 till
1033 527 115 36 sådan
1169 526 142 37 lärares
1327 525 91 38 eller
1431 524 210 37 lärarinnas
1658 522 171 49 aflöning

235 581 172 49 uppbära
435 580 40 37 af
500 580 220 37 statsmedel
747 584 56 33 ett
829 580 140 49 belopp
999 579 41 36 af
1064 580 73 35 200
1161 578 152 47 kronor,
1335 576 258 38 minimilönen
1612 574 217 37 bestämdes

234 633 57 36 till
333 634 74 35 250
448 632 141 36 kronor
629 632 86 37 med
747 637 76 31 rätt
855 632 59 36 för
941 630 281 38 vederbörande
1252 635 56 32 att
1335 629 81 37 icke
1446 628 86 37 dess
1562 626 145 37 mindre
1736 626 95 37 efter

236 685 53 36 tio
319 688 60 33 års
406 684 259 50 tjenstgöring
696 684 37 36 få
761 684 73 37 den
861 683 91 50 höjd
979 683 57 36 till
1065 684 74 35 300
1167 682 150 37 kronor.
1374 681 193 49 Derjemte
1597 684 99 32 satte
1725 678 104 37 dom-

236 737 158 49 kapitlet
420 737 13 36 1
459 736 120 49 fråga,
607 736 185 36 huruvida
818 735 83 37 icke
929 735 57 37 till
1012 734 287 50 förebyggande
1320 734 41 36 af
1376 733 75 37 den
1470 746 78 35 nog
1570 736 104 32 stora
1693 730 135 49 rörlig-

236 789 115 37 heten
378 789 102 36 inom
508 788 349 49 lärarepersonalen
886 790 125 34 såsom
1040 787 120 36 vilkor
1186 787 58 36 för
1272 784 218 39 erhållande
1511 784 40 36 af
1567 782 265 49 ålderstillägg

238 840 97 37 efter
374 841 53 36 tio
469 843 60 33 års
570 840 256 49 tjenstgöring
852 839 117 37 borde
999 839 166 48 stadgas,
1196 843 55 31 att
1277 836 283 38 vederbörande
1588 835 122 36 lärare
1740 834 91 37 eller

237 892 190 37 lärarinna
469 891 119 37 skulle
631 892 41 36 af
708 891 45 37 de
795 892 53 36 tio
892 894 90 34 åren
1014 891 113 36 hafva
1154 890 225 49 tjenstgjort
1407 888 229 37 åtminstone
1664 886 76 37 fem
1768 885 63 37 vid

239 944 108 37 skola
373 945 104 36 inom
507 957 143 23 samma
679 943 246 37 skoldistrikt.

369 996 125 37 Sedan
522 995 250 50 domkapitlet
798 995 13 37 i
829 995 120 37 Vexiö
969 994 169 37 förordat
1158 993 73 37 den
1249 992 218 49 föreslagna
1485 990 344 49 löneregleringen,

237 1048 211 38 hemstälde
477 1047 250 50 domkapitlet
753 1047 81 37 icke
863 1047 111 47 blott,
1003 1051 55 32 att
1086 1045 284 37 skoldistrikten
1398 1047 117 33 måtte
1542 1042 208 38 bibehållas
1769 1041 63 37 vid

239 1101 57 36 sin
337 1115 52 22 nu
429 1099 280 37 innehafvande
750 1104 77 32 rätt
865 1103 56 32 att
948 1099 172 49 uppbära
1148 1097 234 48 statsbidrag
1408 1096 59 36 för
1495 1094 198 38 aflönande
1722 1094 41 36 af
1786 1093 45 37 de

237 1153 122 37 lärare
388 1152 71 37 och
486 1152 221 47 lärarinnor,
737 1165 81 23 som
846 1151 64 36 vid
937 1151 104 36 tiden
1068 1150 58 37 för
1153 1163 75 36 nya
1255 1148 333 49 löneregleringen
1606 1146 118 37 redan
1742 1159 90 23 vore

238 1205 13 36 i
291 1205 121 49 tjenst
454 1203 173 38 anstälda
661 1203 85 37 med
773 1203 65 37 lön
864 1202 83 37 icke
976 1202 225 49 uppgående
1229 1201 58 36 till
1316 1202 73 35 300
1417 1200 152 47 kronor,
1599 1204 93 31 utan
1721 1197 112 37 äfven

241 1261 56 32 att
325 1256 112 37 dessa
462 1256 121 36 lärare
613 1255 70 37 och
709 1255 211 36 lärarinnor
943 1254 144 49 jemväl
1114 1256 116 34 måtte
1258 1253 153 36 komma
1430 1251 13 36 i
1463 1250 222 50 åtnjutande
1702 1250 40 36 af
1753 1249 79 37 dels

238 1308 65 36 lön
343 1308 58 36 till
444 1306 139 50 belopp
612 1307 41 36 af
677 1308 73 35 300
779 1307 153 46 kronor,
963 1305 79 37 dels
1071 1305 45 37 de
1144 1304 328 37 naturaförmåner
1500 1303 70 36 och
1598 1302 65 36 det
1691 1301 141 37 ålders-

239 1360 148 49 tillägg,
415 1359 158 37 hvarom
602 1358 237 49 Riksdagens
868 1357 199 37 skrifvelse
1087 1356 198 47 handlade,
1307 1356 128 36 derest
1454 1355 45 36 de
1519 1353 193 38 företedde
1727 1352 106 37 bevis

239 1412 41 36 af
307 1411 282 37 vederbörande
624 1409 389 50 folkskoleinspektör
1046 1423 60 22 om
1136 1408 210 49 duglighet,
1373 1406 194 50 jemförlig
1595 1405 87 37 med
1710 1405 121 47 deras,

239 1464 128 36 hvilka
395 1463 118 48 aflagt
540 1462 88 50 prof
652 1462 120 49 enligt
798 1462 140 49 nådiga
965 1460 256 49 kungörelsen
1250 1460 73 36 den
1351 1461 21 35 5
1399 1459 86 48 juni
1516 1459 108 35 1885.

368 1515 139 48 Kongl.
551 1515 125 48 Maj:ts
712 1512 420 50 befallningshafvande
1160 1513 12 35 i
1200 1512 117 37 Vexiö
1346 1511 63 37 län
1439 1509 217 50 tillstyrkte,
1688 1514 54 31 att
1770 1508 63 37 det

240 1568 137 36 väckta
416 1566 491 49 löneregleringsförslaget
949 1568 117 33 måtte
1108 1565 115 36 blifva
1264 1562 255 51 genomfördt,
1549 1575 88 23 men
1665 1560 167 37 uttalade

240 1619 129 37 dervid
411 1633 80 22 som
535 1619 57 35 sin
634 1618 109 48 åsigt,
779 1623 55 31 att
868 1617 73 37 den
968 1616 223 49 ifrågasatta
1217 1614 369 49 löneförbättringen
1616 1613 113 36 borde
1757 1612 74 36 till-

239 1671 256 49 godokomma
524 1670 114 36 äfven
665 1670 81 36 icke
776 1668 264 38 examinerade
1068 1669 121 36 lärare
1219 1668 70 36 och
1315 1666 223 47 lärarinnor,
1569 1679 81 23 som
1670 1664 58 37 för
1746 1669 86 31 när-

239 1723 165 36 varande
445 1721 186 37 innehade
674 1720 234 48 anställning
948 1719 62 37 vid
1044 1719 176 37 skolorna
1247 1719 93 36 eller
1366 1717 203 37 framdeles
1596 1717 152 35 komme
1778 1720 56 32 att

240 1774 62 36 vid
344 1774 85 37 dem
466 1772 180 37 anställas
675 1773 42 36 af
741 1772 72 37 den
842 1771 217 49 anledning,
1089 1776 56 32 att
1173 1769 263 38 examinerade
1464 1768 120 37 lärare
1615 1768 92 37 eller
1734 1767 99 36 lära-

239 1826 130 36 rinnor
396 1826 35 49 ej
461 1824 126 37 kunde
616 1823 172 38 erhållas.

368 1877 141 49 Kongl.
538 1876 128 49 Maj:ts
694 1874 421 50 befallningshafvande
1143 1873 13 37 i
1184 1873 144 50 Upsala
1355 1872 62 37 län
1446 1871 99 38 hölle
1572 1872 93 46 före,
1695 1875 56 32 att
1771 1870 63 36 det

240 1930 225 48 ifrågasatta
494 1928 391 49 ålderdomstillägget
908 1926 116 37 borde
1053 1949 49 3 -—
1132 1939 60 23 om
1213 1925 150 50 möjligt
1382 1947 50 4 —
1450 1924 153 36 komma
1622 1923 121 36 lärare
1764 1921 70 37 och

241 1981 210 37 lärarinnor
478 1980 56 36 till
564 1980 99 49 godo
692 1980 94 36 efter
813 1980 75 36 fem
920 1982 59 33 års
999 1978 268 49 tjenstgöring,
1290 1977 70 36 och
1380 1981 56 32 att
1454 1976 12 36 i
1486 1975 208 50 synnerhet
1713 1974 121 36 lärare

242 2033 69 36 och
338 2033 211 36 lärarinnor
577 2031 63 36 vid
668 2031 144 36 mindre
840 2030 209 37 folkskolor
1076 2043 90 22 vore
1196 2030 182 47 förtjenta
1406 2028 41 36 af
1470 2027 124 37 denna
1622 2027 158 35 förmån.

369 2082 261 49 Domkapitlet
656 2082 12 36 i
696 2082 216 48 Linköping
939 2081 168 36 uttalade
1138 2094 80 22 som
1248 2081 57 35 sin
1335 2079 166 48 mening,
1531 2084 56 31 att
1614 2078 121 36 lärare
1765 2076 71 36 och

241 2135 210 36 lärarinnor
491 2134 62 36 vid
594 2133 143 36 mindre
778 2132 220 47 folkskolor,
1033 2132 40 36 af
1096 2131 126 36 hvilka
1250 2130 195 37 fordrades
1475 2144 102 22 mera
1606 2129 128 36 arbete
1765 2128 71 36 och

243 2192 118 31 större
396 2185 226 49 skicklighet
656 2189 48 31 än
733 2185 40 36 af
797 2183 238 37 småskolans
1062 2182 312 49 lärarepersonal,
1403 2181 116 37 borde
1547 2181 12 36 i
1586 2181 65 36 lön
1679 2178 152 48 erhålla,

242 2239 165 36 förutom
435 2237 136 38 bostad
589 2233 124 52 jemte
742 2235 204 47 vedbrand,
977 2234 114 36 minst
1119 2236 75 35 400
1224 2234 151 47 kronor,
1404 2233 136 36 hvaraf
1556 2230 277 39 skoldistriktet

244 2290 112 37 borde
385 2290 125 38 betala
539 2303 47 23 en
614 2288 195 49 tredjedel.
