2228 2727
524 127 35 30 12
983 121 82 37 Lag-
1075 120 164 30 Utskottets
1268 119 165 30 Utlåtande
1459 118 57 29 N:o
1540 119 46 27 36.

478 209 154 37 hörande,
668 208 206 32 bestämmes.
926 204 15 32 I
975 204 117 32 sådant
1126 202 151 33 afseende
1309 202 58 32 bör
1394 199 316 43 landstingsområde
1735 198 125 32 indelas
1882 199 10 31 i
1914 198 86 32 vissa
2023 197 44 33 di-

478 262 142 35 strikter,
649 260 60 32 och
737 259 92 32 skola
853 259 49 30 för
924 255 110 41 hvarje
1058 254 128 32 distrikt
1210 257 89 28 utses
1323 254 98 31 minst
1442 254 53 31 två
1518 252 81 41 gode
1624 254 83 29 män.
1763 250 101 32 Desse
1888 250 80 41 gode
1992 252 75 29 män

477 313 104 41 väljas
609 312 49 32 för
690 312 55 31 två
772 312 51 37 år;
847 309 60 32 och
931 308 79 31 böra
1031 306 51 32 vid
1103 305 241 41 undersökning
1366 306 55 31 två
1443 304 80 41 gode
1546 306 74 29 män
1641 302 250 38 tillstädesvara,
1914 301 84 31 helst
2018 300 48 37 de,

479 375 70 21 som
580 363 100 32 blifvit
707 361 136 33 utsedde
867 361 49 31 för
939 359 55 31 det
1017 357 136 38 distrikt,
1175 356 57 32 der
1255 355 243 40 undersökning
1520 354 82 32 skall
1625 354 65 31 ske.
1745 353 107 31 Under
1875 352 194 40 förrättning

480 418 85 29 samt
593 425 95 20 resan
718 413 46 32 dit
788 413 59 31 och
870 410 142 32 derifrån
1034 409 89 41 njute
1147 407 80 42 gode
1251 411 140 29 männen
1414 406 180 40 ersättning
1615 405 50 32 för
1687 403 171 33 underhåll
1882 402 59 33 och
1965 401 102 42 skjuts

481 468 108 31 såsom
611 466 50 31 för
686 464 82 42 gode
792 466 74 29 män
887 461 51 32 vid
960 459 405 40 landtmäteriförrättning
1388 461 36 29 är
1448 456 180 41 stadgadt.”

1239 556 15 37 8
1278 555 27 29 9.

605 636 99 37 ”Den,
738 644 69 22 som
840 631 70 33 icke
945 630 126 41 åtnöjes
1092 629 72 31 med
1192 629 106 31 beslut
1322 628 11 31 i
1360 627 39 31 de
1423 627 72 36 mål,
1517 625 130 32 hvarom
1672 625 11 30 i
1707 626 33 38 $$
1765 626 27 36 2,
1816 625 17 30 3
1858 623 60 32 och
1941 625 19 29 4
1984 625 85 38 sägs,

481 698 59 31 ege
566 688 69 32 föra
671 687 120 39 klagan
813 685 11 31 i
846 684 61 32 den
931 681 145 40 ordning,
1101 690 67 22 som
1191 680 49 31 för
1263 678 136 41 fullföljd
1423 678 33 31 af
1476 677 90 32 talan
1588 676 11 31 i
1621 674 215 33 ekonomimål
1857 675 11 30 i
1894 674 177 31 allmänhet

483 744 37 28 är
543 739 152 39 stadgad;
720 737 83 32 dock
824 736 96 32 lände
943 734 142 33 beslutet
1108 730 48 32 till
1179 730 227 34 efterrättelse,
1428 728 84 32 intill
1535 727 73 32 dess
1631 726 99 41 högre
1753 725 185 42 myndighet
1955 734 115 21 annor-

482 790 101 31 lunda
606 787 197 33 förordnat.”

1236 876 16 40 8
1279 877 44 29 10.

609 959 139 32 ”Finner
781 956 115 41 Kongl.
930 955 92 41 Maj:t
1043 952 169 40 undantag
1244 951 72 32 från
1343 949 85 32 hvad
1453 948 11 31 i
1487 947 107 31 denna
1614 944 187 39 förordning
1824 940 152 42 stadgadt
2000 940 70 32 blif-

485 1013 54 36 vit,
575 1012 78 30 böra
680 1010 49 31 för
754 1009 64 31 viss
842 1009 50 29 ort
915 1006 190 40 medgifvas;
1128 1004 53 31 vill
1202 1003 116 40 Kongl.
1340 1000 92 41 Maj:t
1454 998 119 35 derom,
1595 996 82 31 efter
1699 992 241 34 vederbörande
1962 990 108 33 lands-

486 1063 86 40 tings
594 1060 157 39 hörande,
774 1058 155 32 särskildt
949 1055 188 39 förordna”;

884 1111 65 29 dels
982 1109 53 29 ock
1069 1106 58 32 hos
1153 1104 115 40 Kongl.
1292 1102 92 41 Maj:t
1411 1101 5 31 i
1439 1098 258 40 underdånighet
1719 1095 140 38 anhålla,
1884 1095 55 34 att,
1964 1093 108 30 såsom

886 1160 113 39 tillägg
1032 1157 48 32 till
1114 1158 54 29 101
1199 1155 15 41 $
1241 1154 10 31 i
1278 1152 114 40 Kongl.
1421 1150 107 41 Maj:ts
1554 1148 153 42 förnyade
1734 1146 120 39 nådiga
1876 1142 123 40 Stadga
2021 1151 51 22 om

886 1209 223 33 skiftesverket
1135 1208 10 30 i
1171 1206 83 31 riket
1283 1203 34 33 af
1344 1203 61 31 den
1429 1204 16 30 9
1468 1200 179 33 November
1672 1199 87 37 1866,
1784 1198 100 30 måtte
1908 1192 164 33 meddelas

884 1260 141 41 följande
1049 1257 240 33 bestämmelse:

622 1315 131 32 ”Vister
777 1313 150 39 delegare
949 1329 41 4 —
1012 1327 37 5 —
1073 1307 146 38 lidande;
1243 1307 74 30 dock
1340 1305 153 36 iakttages
1516 1302 108 31 dervid
1645 1301 82 30 hvad
1750 1299 48 30 till
1824 1293 248 42 förekommande

489 1370 39 35 af
544 1367 245 38 skogsförödelse
812 1364 152 31 särskildt
986 1365 38 26 är
1046 1358 174 40 stadgadt.”

624 1450 185 32 Stockholm
831 1448 59 31 den
916 1448 38 30 28
976 1445 90 41 April
1091 1445 87 30 1868.

1074 1544 47 32 På
1142 1541 182 34 Utskottets
1347 1543 134 37 vägnar:

1151 1630 87 36 Erie
1265 1628 148 48 Sparre.

1034 1997 494 43 Beservatlioner:

652 2109 35 32 af
705 2108 83 31 Herr
810 2107 154 39 Ahlgren:
1001 2104 120 32 »Jemte
1143 2102 150 32 vördsam
1316 2100 151 32 anmälan
1491 2099 47 30 att
1557 2096 56 41 jag
1634 2093 70 32 icke
1727 2092 65 32 kan
1814 2089 197 34 instämma
1993 2085 20 51 i
2030 2098 41 21 en

495 2161 60 32 och
579 2170 107 21 annan
715 2158 52 31 del
794 2159 34 30 af
852 2157 184 32 Utskottets
1059 2152 187 40 motivering
1267 2151 49 31 till
1338 2149 181 41 framlagda
1541 2145 129 40 förslag,
1695 2142 167 41 angående
1884 2139 188 39 förordning

1937 2201 51 21 om
