<?xml version="1.0" encoding="UTF-8"?>
<alto xmlns="http://www.loc.gov/standards/alto/ns-v3#" xmlns:xlink="http://www.w3.org/1999/xlink" xmlns:xsi="http://www.w3.org/2001/XMLSchema-instance" xsi:schemaLocation="http://www.loc.gov/standards/alto/ns-v3# http://www.loc.gov/alto/v3/alto-3-0.xsd">
	<Description>
		<MeasurementUnit>pixel</MeasurementUnit>
		<sourceImageInformation>
			<fileName>/tmp/tess_6p049tko_input.PNG</fileName>
		</sourceImageInformation>
		<OCRProcessing ID="OCR_0">
			<ocrProcessingStep>
				<processingSoftware>
					<softwareName>tesseract 5.3.0</softwareName>
				</processingSoftware>
			</ocrProcessingStep>
		</OCRProcessing>
	</Description>
	<Layout>
		<Page WIDTH="2205" HEIGHT="2695" PHYSICAL_IMG_NR="0" ID="page_0">
			<PrintSpace HPOS="0" VPOS="0" WIDTH="2205" HEIGHT="2695">
				<ComposedBlock ID="cblock_0" HPOS="647" VPOS="113" WIDTH="1039" HEIGHT="37">
					<TextBlock ID="block_0" HPOS="647" VPOS="113" WIDTH="1039" HEIGHT="37">
						<TextLine ID="line_0" HPOS="647" VPOS="113" WIDTH="1039" HEIGHT="37">
							<String ID="string_0" HPOS="647" VPOS="113" WIDTH="259" HEIGHT="37" WC="0.87" CONTENT="Lag-Utskottets"/><SP WIDTH="29" VPOS="113" HPOS="906"/>
							<String ID="string_1" HPOS="935" VPOS="114" WIDTH="166" HEIGHT="30" WC="0.96" CONTENT="Utlåtande"/><SP WIDTH="25" VPOS="114" HPOS="1101"/>
							<String ID="string_2" HPOS="1126" VPOS="116" WIDTH="59" HEIGHT="29" WC="0.95" CONTENT="N:o"/><SP WIDTH="24" VPOS="116" HPOS="1185"/>
							<String ID="string_3" HPOS="1209" VPOS="117" WIDTH="47" HEIGHT="27" WC="0.95" CONTENT="36."/><SP WIDTH="412" VPOS="117" HPOS="1256"/>
							<String ID="string_4" HPOS="1668" VPOS="121" WIDTH="18" HEIGHT="28" WC="0.0" CONTENT="gj"/>
						</TextLine>
					</TextBlock>
				</ComposedBlock>
				<ComposedBlock ID="cblock_1" HPOS="138" VPOS="194" WIDTH="1614" HEIGHT="1963">
					<TextBlock ID="block_1" HPOS="138" VPOS="194" WIDTH="1614" HEIGHT="1805">
						<TextLine ID="line_1" HPOS="147" VPOS="194" WIDTH="1576" HEIGHT="44">
							<String ID="string_5" HPOS="147" VPOS="196" WIDTH="48" HEIGHT="31" WC="0.96" CONTENT="till"/><SP WIDTH="23" VPOS="196" HPOS="195"/>
							<String ID="string_6" HPOS="218" VPOS="195" WIDTH="130" HEIGHT="32" WC="0.96" CONTENT="bränsle"/><SP WIDTH="24" VPOS="195" HPOS="348"/>
							<String ID="string_7" HPOS="372" VPOS="194" WIDTH="59" HEIGHT="31" WC="0.93" CONTENT="och"/><SP WIDTH="25" VPOS="194" HPOS="431"/>
							<String ID="string_8" HPOS="456" VPOS="194" WIDTH="283" HEIGHT="41" WC="0.91" CONTENT="byggnadsämnen"/><SP WIDTH="23" VPOS="194" HPOS="739"/>
							<String ID="string_9" HPOS="762" VPOS="195" WIDTH="149" HEIGHT="41" WC="0.95" CONTENT="utgjorde"/><SP WIDTH="25" VPOS="195" HPOS="911"/>
							<String ID="string_10" HPOS="936" VPOS="199" WIDTH="91" HEIGHT="29" WC="0.93" CONTENT="snart"/><SP WIDTH="23" VPOS="199" HPOS="1027"/>
							<String ID="string_11" HPOS="1050" VPOS="198" WIDTH="95" HEIGHT="40" WC="0.92" CONTENT="sagdt"/><SP WIDTH="21" VPOS="198" HPOS="1145"/>
							<String ID="string_12" HPOS="1166" VPOS="198" WIDTH="102" HEIGHT="33" WC="0.93" CONTENT="första"/><SP WIDTH="22" VPOS="198" HPOS="1268"/>
							<String ID="string_13" HPOS="1290" VPOS="199" WIDTH="135" HEIGHT="33" WC="0.92" CONTENT="vilkoret"/><SP WIDTH="21" VPOS="199" HPOS="1425"/>
							<String ID="string_14" HPOS="1446" VPOS="200" WIDTH="49" HEIGHT="32" WC="0.96" CONTENT="för"/><SP WIDTH="22" VPOS="200" HPOS="1495"/>
							<String ID="string_15" HPOS="1517" VPOS="200" WIDTH="127" HEIGHT="34" WC="0.93" CONTENT="landets"/><SP WIDTH="23" VPOS="200" HPOS="1644"/>
							<String ID="string_16" HPOS="1667" VPOS="202" WIDTH="56" HEIGHT="32" WC="0.89" CONTENT="be-"/>
						</TextLine>
						<TextLine ID="line_2" HPOS="148" VPOS="244" WIDTH="1574" HEIGHT="48">
							<String ID="string_17" HPOS="148" VPOS="247" WIDTH="181" HEIGHT="40" WC="0.89" CONTENT="boelighet;"/><SP WIDTH="24" VPOS="247" HPOS="329"/>
							<String ID="string_18" HPOS="353" VPOS="254" WIDTH="71" HEIGHT="21" WC="0.92" CONTENT="men"/><SP WIDTH="23" VPOS="254" HPOS="424"/>
							<String ID="string_19" HPOS="447" VPOS="244" WIDTH="190" HEIGHT="32" WC="0.91" CONTENT="härförutan"/><SP WIDTH="24" VPOS="244" HPOS="637"/>
							<String ID="string_20" HPOS="661" VPOS="245" WIDTH="82" HEIGHT="32" WC="0.96" CONTENT="hade"/><SP WIDTH="24" VPOS="245" HPOS="743"/>
							<String ID="string_21" HPOS="767" VPOS="246" WIDTH="121" HEIGHT="40" WC="0.96" CONTENT="skogen"/><SP WIDTH="24" VPOS="246" HPOS="888"/>
							<String ID="string_22" HPOS="912" VPOS="257" WIDTH="39" HEIGHT="21" WC="0.96" CONTENT="en"/><SP WIDTH="24" VPOS="257" HPOS="951"/>
							<String ID="string_23" HPOS="975" VPOS="247" WIDTH="140" HEIGHT="32" WC="0.96" CONTENT="särskild"/><SP WIDTH="22" VPOS="247" HPOS="1115"/>
							<String ID="string_24" HPOS="1137" VPOS="248" WIDTH="164" HEIGHT="42" WC="0.96" CONTENT="betydelse"/><SP WIDTH="23" VPOS="248" HPOS="1301"/>
							<String ID="string_25" HPOS="1324" VPOS="250" WIDTH="49" HEIGHT="32" WC="0.96" CONTENT="för"/><SP WIDTH="16" VPOS="250" HPOS="1373"/>
							<String ID="string_26" HPOS="1389" VPOS="251" WIDTH="108" HEIGHT="41" WC="0.96" CONTENT="hvarje"/><SP WIDTH="15" VPOS="251" HPOS="1497"/>
							<String ID="string_27" HPOS="1512" VPOS="251" WIDTH="86" HEIGHT="37" WC="0.96" CONTENT="land,"/><SP WIDTH="18" VPOS="251" HPOS="1598"/>
							<String ID="string_28" HPOS="1616" VPOS="254" WIDTH="106" HEIGHT="31" WC="0.96" CONTENT="såsom"/>
						</TextLine>
						<TextLine ID="line_3" HPOS="143" VPOS="295" WIDTH="1584" HEIGHT="47">
							<String ID="string_29" HPOS="143" VPOS="296" WIDTH="183" HEIGHT="41" WC="0.96" CONTENT="utgörande"/><SP WIDTH="24" VPOS="296" HPOS="326"/>
							<String ID="string_30" HPOS="350" VPOS="298" WIDTH="46" HEIGHT="29" WC="0.93" CONTENT="ett"/><SP WIDTH="23" VPOS="298" HPOS="396"/>
							<String ID="string_31" HPOS="419" VPOS="295" WIDTH="194" HEIGHT="41" WC="0.92" CONTENT="oumbärligt"/><SP WIDTH="22" VPOS="295" HPOS="613"/>
							<String ID="string_32" HPOS="635" VPOS="295" WIDTH="228" HEIGHT="42" WC="0.91" CONTENT="skyddsmedel"/><SP WIDTH="23" VPOS="295" HPOS="863"/>
							<String ID="string_33" HPOS="886" VPOS="298" WIDTH="49" HEIGHT="31" WC="0.96" CONTENT="för"/><SP WIDTH="21" VPOS="298" HPOS="935"/>
							<String ID="string_34" HPOS="956" VPOS="298" WIDTH="238" HEIGHT="40" WC="0.96" CONTENT="vegetationen;"/><SP WIDTH="24" VPOS="298" HPOS="1194"/>
							<String ID="string_35" HPOS="1218" VPOS="303" WIDTH="33" HEIGHT="38" WC="0.96" CONTENT="ty"/><SP WIDTH="23" VPOS="303" HPOS="1251"/>
							<String ID="string_36" HPOS="1274" VPOS="301" WIDTH="215" HEIGHT="41" WC="0.96" CONTENT="vetenskapen"/><SP WIDTH="20" VPOS="301" HPOS="1489"/>
							<String ID="string_37" HPOS="1509" VPOS="302" WIDTH="60" HEIGHT="31" WC="0.93" CONTENT="och"/><SP WIDTH="16" VPOS="302" HPOS="1569"/>
							<String ID="string_38" HPOS="1585" VPOS="303" WIDTH="142" HEIGHT="32" WC="0.92" CONTENT="erfaren-"/>
						</TextLine>
						<TextLine ID="line_4" HPOS="145" VPOS="343" WIDTH="1582" HEIGHT="52">
							<String ID="string_39" HPOS="145" VPOS="348" WIDTH="97" HEIGHT="31" WC="0.96" CONTENT="heten"/><SP WIDTH="23" VPOS="348" HPOS="242"/>
							<String ID="string_40" HPOS="265" VPOS="346" WIDTH="83" HEIGHT="32" WC="0.96" CONTENT="hade"/><SP WIDTH="23" VPOS="346" HPOS="348"/>
							<String ID="string_41" HPOS="371" VPOS="345" WIDTH="183" HEIGHT="41" WC="0.96" CONTENT="ådagalagt,"/><SP WIDTH="23" VPOS="345" HPOS="554"/>
							<String ID="string_42" HPOS="577" VPOS="348" WIDTH="48" HEIGHT="29" WC="0.96" CONTENT="att"/><SP WIDTH="23" VPOS="348" HPOS="625"/>
							<String ID="string_43" HPOS="648" VPOS="349" WIDTH="46" HEIGHT="29" WC="0.96" CONTENT="ett"/><SP WIDTH="21" VPOS="349" HPOS="694"/>
							<String ID="string_44" HPOS="715" VPOS="346" WIDTH="94" HEIGHT="33" WC="0.96" CONTENT="lands"/><SP WIDTH="12" VPOS="346" HPOS="809"/>
							<String ID="string_45" HPOS="821" VPOS="347" WIDTH="115" HEIGHT="32" WC="0.96" CONTENT="klimat"/><SP WIDTH="13" VPOS="347" HPOS="936"/>
							<String ID="string_46" HPOS="949" VPOS="351" WIDTH="36" HEIGHT="29" WC="0.96" CONTENT="är"/><SP WIDTH="21" VPOS="351" HPOS="985"/>
							<String ID="string_47" HPOS="1006" VPOS="348" WIDTH="9" HEIGHT="31" WC="0.93" CONTENT="i"/><SP WIDTH="24" VPOS="348" HPOS="1015"/>
							<String ID="string_48" HPOS="1039" VPOS="350" WIDTH="181" HEIGHT="41" WC="0.91" CONTENT="väsendtlig"/><SP WIDTH="16" VPOS="350" HPOS="1220"/>
							<String ID="string_49" HPOS="1236" VPOS="353" WIDTH="74" HEIGHT="30" WC="0.96" CONTENT="mån"/><SP WIDTH="17" VPOS="353" HPOS="1310"/>
							<String ID="string_50" HPOS="1327" VPOS="343" WIDTH="159" HEIGHT="40" WC="0.96" CONTENT="beroende"/><SP WIDTH="17" VPOS="343" HPOS="1486"/>
							<String ID="string_51" HPOS="1503" VPOS="353" WIDTH="34" HEIGHT="31" WC="0.96" CONTENT="af"/><SP WIDTH="13" VPOS="353" HPOS="1537"/>
							<String ID="string_52" HPOS="1550" VPOS="353" WIDTH="177" HEIGHT="42" WC="0.96" CONTENT="tillgången"/>
						</TextLine>
						<TextLine ID="line_5" HPOS="147" VPOS="397" WIDTH="1577" HEIGHT="47">
							<String ID="string_53" HPOS="147" VPOS="400" WIDTH="43" HEIGHT="39" WC="0.96" CONTENT="på"/><SP WIDTH="35" VPOS="400" HPOS="190"/>
							<String ID="string_54" HPOS="225" VPOS="398" WIDTH="80" HEIGHT="40" WC="0.96" CONTENT="skog"/><SP WIDTH="32" VPOS="398" HPOS="305"/>
							<String ID="string_55" HPOS="337" VPOS="397" WIDTH="60" HEIGHT="32" WC="0.92" CONTENT="och"/><SP WIDTH="33" VPOS="397" HPOS="397"/>
							<String ID="string_56" HPOS="430" VPOS="398" WIDTH="205" HEIGHT="31" WC="0.91" CONTENT="densammas"/><SP WIDTH="32" VPOS="398" HPOS="635"/>
							<String ID="string_57" HPOS="667" VPOS="398" WIDTH="80" HEIGHT="40" WC="0.96" CONTENT="läge,"/><SP WIDTH="33" VPOS="398" HPOS="747"/>
							<String ID="string_58" HPOS="780" VPOS="399" WIDTH="9" HEIGHT="31" WC="0.96" CONTENT="i"/><SP WIDTH="33" VPOS="399" HPOS="789"/>
							<String ID="string_59" HPOS="822" VPOS="399" WIDTH="54" HEIGHT="31" WC="0.96" CONTENT="det"/><SP WIDTH="32" VPOS="399" HPOS="876"/>
							<String ID="string_60" HPOS="908" VPOS="399" WIDTH="120" HEIGHT="41" WC="0.93" CONTENT="skogen"/><SP WIDTH="28" VPOS="399" HPOS="1028"/>
							<String ID="string_61" HPOS="1056" VPOS="400" WIDTH="124" HEIGHT="32" WC="0.90" CONTENT="lemnar"/><SP WIDTH="22" VPOS="400" HPOS="1180"/>
							<String ID="string_62" HPOS="1202" VPOS="401" WIDTH="111" HEIGHT="40" WC="0.90" CONTENT="nödigt"/><SP WIDTH="24" VPOS="401" HPOS="1313"/>
							<String ID="string_63" HPOS="1337" VPOS="401" WIDTH="100" HEIGHT="42" WC="0.96" CONTENT="skydd"/><SP WIDTH="24" VPOS="401" HPOS="1437"/>
							<String ID="string_64" HPOS="1461" VPOS="406" WIDTH="66" HEIGHT="28" WC="0.96" CONTENT="mot"/><SP WIDTH="22" VPOS="406" HPOS="1527"/>
							<String ID="string_65" HPOS="1549" VPOS="404" WIDTH="27" HEIGHT="40" WC="0.96" CONTENT="ej"/><SP WIDTH="25" VPOS="404" HPOS="1576"/>
							<String ID="string_66" HPOS="1601" VPOS="405" WIDTH="123" HEIGHT="32" WC="0.96" CONTENT="mindre"/>
						</TextLine>
						<TextLine ID="line_6" HPOS="146" VPOS="448" WIDTH="1606" HEIGHT="45">
							<String ID="string_67" HPOS="146" VPOS="458" WIDTH="202" HEIGHT="22" WC="0.96" CONTENT="sommarens"/><SP WIDTH="23" VPOS="458" HPOS="348"/>
							<String ID="string_68" HPOS="371" VPOS="448" WIDTH="89" HEIGHT="31" WC="0.96" CONTENT="hetta"/><SP WIDTH="24" VPOS="448" HPOS="460"/>
							<String ID="string_69" HPOS="484" VPOS="451" WIDTH="41" HEIGHT="29" WC="0.96" CONTENT="än"/><SP WIDTH="23" VPOS="451" HPOS="525"/>
							<String ID="string_70" HPOS="548" VPOS="449" WIDTH="141" HEIGHT="31" WC="0.96" CONTENT="vinterns"/><SP WIDTH="23" VPOS="449" HPOS="689"/>
							<String ID="string_71" HPOS="712" VPOS="449" WIDTH="84" HEIGHT="38" WC="0.96" CONTENT="köld,"/><SP WIDTH="25" VPOS="449" HPOS="796"/>
							<String ID="string_72" HPOS="821" VPOS="451" WIDTH="162" HEIGHT="30" WC="0.96" CONTENT="äfvensom"/><SP WIDTH="31" VPOS="451" HPOS="983"/>
							<String ID="string_73" HPOS="1014" VPOS="455" WIDTH="67" HEIGHT="28" WC="0.89" CONTENT="mot"/><SP WIDTH="25" VPOS="455" HPOS="1081"/>
							<String ID="string_74" HPOS="1106" VPOS="451" WIDTH="171" HEIGHT="32" WC="0.89" CONTENT="vindarnes"/><SP WIDTH="22" VPOS="451" HPOS="1277"/>
							<String ID="string_75" HPOS="1299" VPOS="453" WIDTH="49" HEIGHT="30" WC="0.96" CONTENT="för"/><SP WIDTH="23" VPOS="453" HPOS="1348"/>
							<String ID="string_76" HPOS="1371" VPOS="453" WIDTH="214" HEIGHT="40" WC="0.93" CONTENT="växtligheten"/><SP WIDTH="23" VPOS="453" HPOS="1585"/>
							<String ID="string_77" HPOS="1608" VPOS="455" WIDTH="117" HEIGHT="33" WC="0.86" CONTENT="förstö-"/>
						</TextLine>
						<TextLine ID="line_7" HPOS="146" VPOS="498" WIDTH="1580" HEIGHT="45">
							<String ID="string_78" HPOS="146" VPOS="498" WIDTH="106" HEIGHT="31" WC="0.96" CONTENT="rande"/><SP WIDTH="23" VPOS="498" HPOS="252"/>
							<String ID="string_79" HPOS="275" VPOS="498" WIDTH="163" HEIGHT="36" WC="0.96" CONTENT="inverkan,"/><SP WIDTH="24" VPOS="498" HPOS="438"/>
							<String ID="string_80" HPOS="462" VPOS="501" WIDTH="85" HEIGHT="28" WC="0.93" CONTENT="samt"/><SP WIDTH="22" VPOS="501" HPOS="547"/>
							<String ID="string_81" HPOS="569" VPOS="499" WIDTH="126" HEIGHT="31" WC="0.92" CONTENT="utöfvar"/><SP WIDTH="23" VPOS="499" HPOS="695"/>
							<String ID="string_82" HPOS="718" VPOS="502" WIDTH="46" HEIGHT="28" WC="0.96" CONTENT="ett"/><SP WIDTH="23" VPOS="502" HPOS="764"/>
							<String ID="string_83" HPOS="787" VPOS="499" WIDTH="167" HEIGHT="32" WC="0.96" CONTENT="märkbart"/><SP WIDTH="21" VPOS="499" HPOS="954"/>
							<String ID="string_84" HPOS="975" VPOS="501" WIDTH="174" HEIGHT="41" WC="0.92" CONTENT="inflytande"/><SP WIDTH="20" VPOS="501" HPOS="1149"/>
							<String ID="string_85" HPOS="1169" VPOS="502" WIDTH="118" HEIGHT="40" WC="0.92" CONTENT="jemväl"/><SP WIDTH="23" VPOS="502" HPOS="1287"/>
							<String ID="string_86" HPOS="1310" VPOS="502" WIDTH="83" HEIGHT="32" WC="0.96" CONTENT="hvad"/><SP WIDTH="23" VPOS="502" HPOS="1393"/>
							<String ID="string_87" HPOS="1416" VPOS="505" WIDTH="102" HEIGHT="38" WC="0.95" CONTENT="angår"/><SP WIDTH="26" VPOS="505" HPOS="1518"/>
							<String ID="string_88" HPOS="1544" VPOS="505" WIDTH="182" HEIGHT="33" WC="0.96" CONTENT="nederbörd"/>
						</TextLine>
						<TextLine ID="line_8" HPOS="145" VPOS="548" WIDTH="1581" HEIGHT="47">
							<String ID="string_89" HPOS="145" VPOS="548" WIDTH="62" HEIGHT="32" WC="0.96" CONTENT="och"/><SP WIDTH="22" VPOS="548" HPOS="207"/>
							<String ID="string_90" HPOS="229" VPOS="548" WIDTH="257" HEIGHT="40" WC="0.92" CONTENT="vattentillgång."/><SP WIDTH="48" VPOS="548" HPOS="486"/>
							<String ID="string_91" HPOS="534" VPOS="549" WIDTH="42" HEIGHT="31" WC="0.96" CONTENT="Af"/><SP WIDTH="20" VPOS="549" HPOS="576"/>
							<String ID="string_92" HPOS="596" VPOS="549" WIDTH="82" HEIGHT="31" WC="0.95" CONTENT="hvad"/><SP WIDTH="30" VPOS="549" HPOS="678"/>
							<String ID="string_93" HPOS="708" VPOS="549" WIDTH="137" HEIGHT="33" WC="0.96" CONTENT="sålunda"/><SP WIDTH="34" VPOS="549" HPOS="845"/>
							<String ID="string_94" HPOS="879" VPOS="550" WIDTH="101" HEIGHT="32" WC="0.93" CONTENT="blifvit"/><SP WIDTH="21" VPOS="550" HPOS="980"/>
							<String ID="string_95" HPOS="1001" VPOS="552" WIDTH="123" HEIGHT="39" WC="0.90" CONTENT="yttradt"/><SP WIDTH="23" VPOS="552" HPOS="1124"/>
							<String ID="string_96" HPOS="1147" VPOS="563" WIDTH="50" HEIGHT="21" WC="0.93" CONTENT="om"/><SP WIDTH="23" VPOS="563" HPOS="1197"/>
							<String ID="string_97" HPOS="1220" VPOS="553" WIDTH="178" HEIGHT="40" WC="0.92" CONTENT="skogarnes"/><SP WIDTH="23" VPOS="553" HPOS="1398"/>
							<String ID="string_98" HPOS="1421" VPOS="553" WIDTH="163" HEIGHT="42" WC="0.96" CONTENT="betydelse"/><SP WIDTH="23" VPOS="553" HPOS="1584"/>
							<String ID="string_99" HPOS="1607" VPOS="556" WIDTH="49" HEIGHT="32" WC="0.96" CONTENT="för"/><SP WIDTH="23" VPOS="556" HPOS="1656"/>
							<String ID="string_100" HPOS="1679" VPOS="560" WIDTH="47" HEIGHT="29" WC="0.96" CONTENT="ett"/>
						</TextLine>
						<TextLine ID="line_9" HPOS="145" VPOS="598" WIDTH="1579" HEIGHT="50">
							<String ID="string_101" HPOS="145" VPOS="598" WIDTH="87" HEIGHT="37" WC="0.95" CONTENT="land,"/><SP WIDTH="25" VPOS="598" HPOS="232"/>
							<String ID="string_102" HPOS="257" VPOS="599" WIDTH="107" HEIGHT="31" WC="0.96" CONTENT="såsom"/><SP WIDTH="23" VPOS="599" HPOS="364"/>
							<String ID="string_103" HPOS="387" VPOS="599" WIDTH="101" HEIGHT="31" WC="0.96" CONTENT="vilkor"/><SP WIDTH="22" VPOS="599" HPOS="488"/>
							<String ID="string_104" HPOS="510" VPOS="600" WIDTH="49" HEIGHT="31" WC="0.96" CONTENT="för"/><SP WIDTH="22" VPOS="600" HPOS="559"/>
							<String ID="string_105" HPOS="581" VPOS="599" WIDTH="73" HEIGHT="31" WC="0.93" CONTENT="dess"/><SP WIDTH="24" VPOS="599" HPOS="654"/>
							<String ID="string_106" HPOS="678" VPOS="599" WIDTH="203" HEIGHT="42" WC="0.92" CONTENT="beboelighet"/><SP WIDTH="23" VPOS="599" HPOS="881"/>
							<String ID="string_107" HPOS="904" VPOS="601" WIDTH="59" HEIGHT="32" WC="0.96" CONTENT="och"/><SP WIDTH="24" VPOS="601" HPOS="963"/>
							<String ID="string_108" HPOS="987" VPOS="601" WIDTH="115" HEIGHT="41" WC="0.96" CONTENT="odling,"/><SP WIDTH="25" VPOS="601" HPOS="1102"/>
							<String ID="string_109" HPOS="1127" VPOS="606" WIDTH="85" HEIGHT="29" WC="0.96" CONTENT="samt"/><SP WIDTH="22" VPOS="606" HPOS="1212"/>
							<String ID="string_110" HPOS="1234" VPOS="604" WIDTH="49" HEIGHT="31" WC="0.96" CONTENT="för"/><SP WIDTH="22" VPOS="604" HPOS="1283"/>
							<String ID="string_111" HPOS="1305" VPOS="604" WIDTH="74" HEIGHT="32" WC="0.93" CONTENT="dess"/><SP WIDTH="16" VPOS="604" HPOS="1379"/>
							<String ID="string_112" HPOS="1395" VPOS="605" WIDTH="213" HEIGHT="33" WC="0.91" CONTENT="innevånares"/><SP WIDTH="16" VPOS="605" HPOS="1608"/>
							<String ID="string_113" HPOS="1624" VPOS="617" WIDTH="100" HEIGHT="31" WC="0.90" CONTENT="uppe-"/>
						</TextLine>
						<TextLine ID="line_10" HPOS="147" VPOS="649" WIDTH="1579" HEIGHT="50">
							<String ID="string_114" HPOS="147" VPOS="649" WIDTH="85" HEIGHT="31" WC="0.92" CONTENT="hälle"/><SP WIDTH="33" VPOS="649" HPOS="232"/>
							<String ID="string_115" HPOS="265" VPOS="649" WIDTH="60" HEIGHT="32" WC="0.95" CONTENT="och"/><SP WIDTH="34" VPOS="649" HPOS="325"/>
							<String ID="string_116" HPOS="359" VPOS="649" WIDTH="258" HEIGHT="38" WC="0.95" CONTENT="välbefinnande,"/><SP WIDTH="21" VPOS="649" HPOS="617"/>
							<String ID="string_117" HPOS="638" VPOS="649" WIDTH="97" HEIGHT="41" WC="0.96" CONTENT="följde"/><SP WIDTH="29" VPOS="649" HPOS="735"/>
							<String ID="string_118" HPOS="764" VPOS="651" WIDTH="60" HEIGHT="31" WC="0.96" CONTENT="ock"/><SP WIDTH="31" VPOS="651" HPOS="824"/>
							<String ID="string_119" HPOS="855" VPOS="651" WIDTH="130" HEIGHT="32" WC="0.95" CONTENT="Statens"/><SP WIDTH="23" VPOS="651" HPOS="985"/>
							<String ID="string_120" HPOS="1008" VPOS="655" WIDTH="66" HEIGHT="28" WC="0.96" CONTENT="rätt"/><SP WIDTH="22" VPOS="655" HPOS="1074"/>
							<String ID="string_121" HPOS="1096" VPOS="653" WIDTH="59" HEIGHT="31" WC="0.96" CONTENT="och"/><SP WIDTH="24" VPOS="653" HPOS="1155"/>
							<String ID="string_122" HPOS="1179" VPOS="654" WIDTH="191" HEIGHT="40" WC="0.96" CONTENT="befogenhet"/><SP WIDTH="24" VPOS="654" HPOS="1370"/>
							<String ID="string_123" HPOS="1394" VPOS="658" WIDTH="48" HEIGHT="29" WC="0.96" CONTENT="att"/><SP WIDTH="23" VPOS="658" HPOS="1442"/>
							<String ID="string_124" HPOS="1465" VPOS="655" WIDTH="79" HEIGHT="32" WC="0.96" CONTENT="söka"/><SP WIDTH="23" VPOS="655" HPOS="1544"/>
							<String ID="string_125" HPOS="1567" VPOS="656" WIDTH="159" HEIGHT="43" WC="0.95" CONTENT="befrämja"/>
						</TextLine>
						<TextLine ID="line_11" HPOS="148" VPOS="699" WIDTH="1575" HEIGHT="50">
							<String ID="string_126" HPOS="148" VPOS="700" WIDTH="138" HEIGHT="40" WC="0.96" CONTENT="skogens"/><SP WIDTH="24" VPOS="700" HPOS="286"/>
							<String ID="string_127" HPOS="310" VPOS="699" WIDTH="89" HEIGHT="31" WC="0.96" CONTENT="vård."/><SP WIDTH="44" VPOS="699" HPOS="399"/>
							<String ID="string_128" HPOS="443" VPOS="699" WIDTH="112" HEIGHT="32" WC="0.72" CONTENT="Ehuru"/><SP WIDTH="23" VPOS="699" HPOS="555"/>
							<String ID="string_129" HPOS="578" VPOS="700" WIDTH="207" HEIGHT="32" WC="0.96" CONTENT="erkännande"/><SP WIDTH="24" VPOS="700" HPOS="785"/>
							<String ID="string_130" HPOS="809" VPOS="701" WIDTH="55" HEIGHT="31" WC="0.96" CONTENT="det"/><SP WIDTH="21" VPOS="701" HPOS="864"/>
							<String ID="string_131" HPOS="885" VPOS="705" WIDTH="88" HEIGHT="28" WC="0.96" CONTENT="rätta"/><SP WIDTH="22" VPOS="705" HPOS="973"/>
							<String ID="string_132" HPOS="995" VPOS="703" WIDTH="46" HEIGHT="31" WC="0.96" CONTENT="uti"/><SP WIDTH="17" VPOS="703" HPOS="1041"/>
							<String ID="string_133" HPOS="1058" VPOS="703" WIDTH="58" HEIGHT="32" WC="0.93" CONTENT="och"/><SP WIDTH="17" VPOS="703" HPOS="1116"/>
							<String ID="string_134" HPOS="1133" VPOS="704" WIDTH="182" HEIGHT="32" WC="0.91" CONTENT="fördelarne"/><SP WIDTH="15" VPOS="704" HPOS="1315"/>
							<String ID="string_135" HPOS="1330" VPOS="705" WIDTH="34" HEIGHT="31" WC="0.96" CONTENT="af"/><SP WIDTH="13" VPOS="705" HPOS="1364"/>
							<String ID="string_136" HPOS="1377" VPOS="705" WIDTH="61" HEIGHT="31" WC="0.96" CONTENT="den"/><SP WIDTH="17" VPOS="705" HPOS="1438"/>
							<String ID="string_137" HPOS="1455" VPOS="709" WIDTH="121" HEIGHT="30" WC="0.96" CONTENT="största"/><SP WIDTH="16" VPOS="709" HPOS="1576"/>
							<String ID="string_138" HPOS="1592" VPOS="708" WIDTH="131" HEIGHT="41" WC="0.95" CONTENT="möjliga"/>
						</TextLine>
						<TextLine ID="line_12" HPOS="144" VPOS="750" WIDTH="1580" HEIGHT="47">
							<String ID="string_139" HPOS="144" VPOS="750" WIDTH="96" HEIGHT="31" WC="0.96" CONTENT="frihet"/><SP WIDTH="21" VPOS="750" HPOS="240"/>
							<String ID="string_140" HPOS="261" VPOS="750" WIDTH="11" HEIGHT="30" WC="0.93" CONTENT="i"/><SP WIDTH="22" VPOS="750" HPOS="272"/>
							<String ID="string_141" HPOS="294" VPOS="750" WIDTH="206" HEIGHT="40" WC="0.91" CONTENT="näringarne,"/><SP WIDTH="25" VPOS="750" HPOS="500"/>
							<String ID="string_142" HPOS="525" VPOS="752" WIDTH="101" HEIGHT="39" WC="0.92" CONTENT="ansåg"/><SP WIDTH="15" VPOS="752" HPOS="626"/>
							<String ID="string_143" HPOS="641" VPOS="750" WIDTH="161" HEIGHT="32" WC="0.92" CONTENT="komitéen"/><SP WIDTH="25" VPOS="750" HPOS="802"/>
							<String ID="string_144" HPOS="827" VPOS="751" WIDTH="55" HEIGHT="32" WC="0.96" CONTENT="det"/><SP WIDTH="24" VPOS="751" HPOS="882"/>
							<String ID="string_145" HPOS="906" VPOS="752" WIDTH="97" HEIGHT="32" WC="0.96" CONTENT="likväl"/><SP WIDTH="22" VPOS="752" HPOS="1003"/>
							<String ID="string_146" HPOS="1025" VPOS="753" WIDTH="70" HEIGHT="32" WC="0.96" CONTENT="icke"/><SP WIDTH="26" VPOS="753" HPOS="1095"/>
							<String ID="string_147" HPOS="1121" VPOS="754" WIDTH="111" HEIGHT="32" WC="0.96" CONTENT="kunna"/><SP WIDTH="28" VPOS="754" HPOS="1232"/>
							<String ID="string_148" HPOS="1260" VPOS="766" WIDTH="78" HEIGHT="21" WC="0.93" CONTENT="vara"/><SP WIDTH="20" VPOS="766" HPOS="1338"/>
							<String ID="string_149" HPOS="1358" VPOS="756" WIDTH="106" HEIGHT="31" WC="0.90" CONTENT="tvifvel"/><SP WIDTH="16" VPOS="756" HPOS="1464"/>
							<String ID="string_150" HPOS="1480" VPOS="756" WIDTH="244" HEIGHT="41" WC="0.91" CONTENT="underkastadt,"/>
						</TextLine>
						<TextLine ID="line_13" HPOS="145" VPOS="800" WIDTH="1579" HEIGHT="47">
							<String ID="string_151" HPOS="145" VPOS="802" WIDTH="48" HEIGHT="30" WC="0.95" CONTENT="att"/><SP WIDTH="22" VPOS="802" HPOS="193"/>
							<String ID="string_152" HPOS="215" VPOS="811" WIDTH="51" HEIGHT="20" WC="0.96" CONTENT="om"/><SP WIDTH="23" VPOS="811" HPOS="266"/>
							<String ID="string_153" HPOS="289" VPOS="800" WIDTH="55" HEIGHT="31" WC="0.96" CONTENT="det"/><SP WIDTH="25" VPOS="800" HPOS="344"/>
							<String ID="string_154" HPOS="369" VPOS="804" WIDTH="74" HEIGHT="34" WC="0.93" CONTENT="sätt,"/><SP WIDTH="25" VPOS="804" HPOS="443"/>
							<String ID="string_155" HPOS="468" VPOS="801" WIDTH="123" HEIGHT="41" WC="0.92" CONTENT="hvarpå"/><SP WIDTH="23" VPOS="801" HPOS="591"/>
							<String ID="string_156" HPOS="614" VPOS="802" WIDTH="105" HEIGHT="30" WC="0.96" CONTENT="denna"/><SP WIDTH="22" VPOS="802" HPOS="719"/>
							<String ID="string_157" HPOS="741" VPOS="801" WIDTH="97" HEIGHT="32" WC="0.93" CONTENT="frihet"/><SP WIDTH="25" VPOS="801" HPOS="838"/>
							<String ID="string_158" HPOS="863" VPOS="802" WIDTH="176" HEIGHT="38" WC="0.92" CONTENT="utöfvades,"/><SP WIDTH="18" VPOS="802" HPOS="1039"/>
							<String ID="string_159" HPOS="1057" VPOS="804" WIDTH="101" HEIGHT="32" WC="0.93" CONTENT="skulle"/><SP WIDTH="17" VPOS="804" HPOS="1158"/>
							<String ID="string_160" HPOS="1175" VPOS="805" WIDTH="145" HEIGHT="32" WC="0.92" CONTENT="befinnas"/><SP WIDTH="16" VPOS="805" HPOS="1320"/>
							<String ID="string_161" HPOS="1336" VPOS="807" WIDTH="120" HEIGHT="40" WC="0.92" CONTENT="vådligt"/><SP WIDTH="14" VPOS="807" HPOS="1456"/>
							<String ID="string_162" HPOS="1470" VPOS="808" WIDTH="49" HEIGHT="31" WC="0.96" CONTENT="för"/><SP WIDTH="17" VPOS="808" HPOS="1519"/>
							<String ID="string_163" HPOS="1536" VPOS="808" WIDTH="188" HEIGHT="32" WC="0.96" CONTENT="samhällets"/>
						</TextLine>
						<TextLine ID="line_14" HPOS="143" VPOS="850" WIDTH="1578" HEIGHT="46">
							<String ID="string_164" HPOS="143" VPOS="850" WIDTH="138" HEIGHT="32" WC="0.96" CONTENT="bestånd"/><SP WIDTH="34" VPOS="850" HPOS="281"/>
							<String ID="string_165" HPOS="315" VPOS="851" WIDTH="78" HEIGHT="31" WC="0.95" CONTENT="eller"/><SP WIDTH="34" VPOS="851" HPOS="393"/>
							<String ID="string_166" HPOS="427" VPOS="852" WIDTH="82" HEIGHT="30" WC="0.95" CONTENT="allas"/><SP WIDTH="33" VPOS="852" HPOS="509"/>
							<String ID="string_167" HPOS="542" VPOS="852" WIDTH="60" HEIGHT="36" WC="0.96" CONTENT="väl,"/><SP WIDTH="33" VPOS="852" HPOS="602"/>
							<String ID="string_168" HPOS="635" VPOS="852" WIDTH="113" HEIGHT="32" WC="0.95" CONTENT="Staten"/><SP WIDTH="33" VPOS="852" HPOS="748"/>
							<String ID="string_169" HPOS="781" VPOS="852" WIDTH="83" HEIGHT="31" WC="0.95" CONTENT="hade"/><SP WIDTH="28" VPOS="852" HPOS="864"/>
							<String ID="string_170" HPOS="892" VPOS="853" WIDTH="83" HEIGHT="32" WC="0.95" CONTENT="både"/><SP WIDTH="27" VPOS="853" HPOS="975"/>
							<String ID="string_171" HPOS="1002" VPOS="857" WIDTH="65" HEIGHT="29" WC="0.96" CONTENT="rätt"/><SP WIDTH="23" VPOS="857" HPOS="1067"/>
							<String ID="string_172" HPOS="1090" VPOS="855" WIDTH="59" HEIGHT="31" WC="0.96" CONTENT="och"/><SP WIDTH="22" VPOS="855" HPOS="1149"/>
							<String ID="string_173" HPOS="1171" VPOS="856" WIDTH="80" HEIGHT="40" WC="0.92" CONTENT="pligt"/><SP WIDTH="23" VPOS="856" HPOS="1251"/>
							<String ID="string_174" HPOS="1274" VPOS="859" WIDTH="48" HEIGHT="28" WC="0.96" CONTENT="att"/><SP WIDTH="20" VPOS="859" HPOS="1322"/>
							<String ID="string_175" HPOS="1342" VPOS="857" WIDTH="200" HEIGHT="33" WC="0.96" CONTENT="förekomma"/><SP WIDTH="23" VPOS="857" HPOS="1542"/>
							<String ID="string_176" HPOS="1565" VPOS="858" WIDTH="156" HEIGHT="32" WC="0.96" CONTENT="frihetens"/>
						</TextLine>
						<TextLine ID="line_15" HPOS="142" VPOS="901" WIDTH="1580" HEIGHT="46">
							<String ID="string_177" HPOS="142" VPOS="902" WIDTH="162" HEIGHT="31" WC="0.95" CONTENT="missbruk"/><SP WIDTH="34" VPOS="902" HPOS="304"/>
							<String ID="string_178" HPOS="338" VPOS="901" WIDTH="59" HEIGHT="32" WC="0.96" CONTENT="och"/><SP WIDTH="36" VPOS="901" HPOS="397"/>
							<String ID="string_179" HPOS="433" VPOS="901" WIDTH="180" HEIGHT="33" WC="0.95" CONTENT="bestämma"/><SP WIDTH="32" VPOS="901" HPOS="613"/>
							<String ID="string_180" HPOS="645" VPOS="902" WIDTH="74" HEIGHT="31" WC="0.93" CONTENT="dess"/><SP WIDTH="34" VPOS="902" HPOS="719"/>
							<String ID="string_181" HPOS="753" VPOS="903" WIDTH="173" HEIGHT="32" WC="0.90" CONTENT="utöfvande"/><SP WIDTH="34" VPOS="903" HPOS="926"/>
							<String ID="string_182" HPOS="960" VPOS="906" WIDTH="45" HEIGHT="34" WC="0.96" CONTENT="så,"/><SP WIDTH="29" VPOS="906" HPOS="1005"/>
							<String ID="string_183" HPOS="1034" VPOS="908" WIDTH="48" HEIGHT="28" WC="0.96" CONTENT="att"/><SP WIDTH="22" VPOS="908" HPOS="1082"/>
							<String ID="string_184" HPOS="1104" VPOS="906" WIDTH="62" HEIGHT="31" WC="0.96" CONTENT="den"/><SP WIDTH="23" VPOS="906" HPOS="1166"/>
							<String ID="string_185" HPOS="1189" VPOS="906" WIDTH="27" HEIGHT="41" WC="0.96" CONTENT="ej"/><SP WIDTH="25" VPOS="906" HPOS="1216"/>
							<String ID="string_186" HPOS="1241" VPOS="907" WIDTH="118" HEIGHT="31" WC="0.96" CONTENT="hotade"/><SP WIDTH="24" VPOS="907" HPOS="1359"/>
							<String ID="string_187" HPOS="1383" VPOS="908" WIDTH="189" HEIGHT="31" WC="0.96" CONTENT="samhällets"/><SP WIDTH="23" VPOS="908" HPOS="1572"/>
							<String ID="string_188" HPOS="1595" VPOS="910" WIDTH="127" HEIGHT="31" WC="0.96" CONTENT="tillvaro"/>
						</TextLine>
						<TextLine ID="line_16" HPOS="143" VPOS="952" WIDTH="1580" HEIGHT="44">
							<String ID="string_189" HPOS="143" VPOS="953" WIDTH="79" HEIGHT="30" WC="0.91" CONTENT="eller"/><SP WIDTH="22" VPOS="953" HPOS="222"/>
							<String ID="string_190" HPOS="244" VPOS="952" WIDTH="208" HEIGHT="31" WC="0.91" CONTENT="förnärmade"/><SP WIDTH="24" VPOS="952" HPOS="452"/>
							<String ID="string_191" HPOS="476" VPOS="952" WIDTH="118" HEIGHT="32" WC="0.96" CONTENT="andras"/><SP WIDTH="23" VPOS="952" HPOS="594"/>
							<String ID="string_192" HPOS="617" VPOS="955" WIDTH="75" HEIGHT="29" WC="0.96" CONTENT="rätt."/><SP WIDTH="44" VPOS="955" HPOS="692"/>
							<String ID="string_193" HPOS="736" VPOS="952" WIDTH="92" HEIGHT="32" WC="0.93" CONTENT="Hvad"/><SP WIDTH="23" VPOS="952" HPOS="828"/>
							<String ID="string_194" HPOS="851" VPOS="953" WIDTH="344" HEIGHT="43" WC="0.91" CONTENT="skogshushållningen"/><SP WIDTH="23" VPOS="953" HPOS="1195"/>
							<String ID="string_195" HPOS="1218" VPOS="956" WIDTH="189" HEIGHT="40" WC="0.91" CONTENT="vidkomme,"/><SP WIDTH="33" VPOS="956" HPOS="1407"/>
							<String ID="string_196" HPOS="1440" VPOS="958" WIDTH="99" HEIGHT="31" WC="0.96" CONTENT="borde"/><SP WIDTH="18" VPOS="958" HPOS="1539"/>
							<String ID="string_197" HPOS="1557" VPOS="959" WIDTH="166" HEIGHT="32" WC="0.96" CONTENT="dessutom"/>
						</TextLine>
						<TextLine ID="line_17" HPOS="141" VPOS="1002" WIDTH="1583" HEIGHT="48">
							<String ID="string_198" HPOS="141" VPOS="1003" WIDTH="11" HEIGHT="30" WC="0.96" CONTENT="i"/><SP WIDTH="23" VPOS="1003" HPOS="152"/>
							<String ID="string_199" HPOS="175" VPOS="1002" WIDTH="214" HEIGHT="31" WC="0.95" CONTENT="betraktande"/><SP WIDTH="22" VPOS="1002" HPOS="389"/>
							<String ID="string_200" HPOS="411" VPOS="1005" WIDTH="103" HEIGHT="37" WC="0.96" CONTENT="tagas,"/><SP WIDTH="23" VPOS="1005" HPOS="514"/>
							<String ID="string_201" HPOS="537" VPOS="1005" WIDTH="48" HEIGHT="29" WC="0.96" CONTENT="att"/><SP WIDTH="22" VPOS="1005" HPOS="585"/>
							<String ID="string_202" HPOS="607" VPOS="1012" WIDTH="60" HEIGHT="26" WC="0.96" CONTENT="om,"/><SP WIDTH="26" VPOS="1012" HPOS="667"/>
							<String ID="string_203" HPOS="693" VPOS="1003" WIDTH="108" HEIGHT="31" WC="0.96" CONTENT="såsom"/><SP WIDTH="23" VPOS="1003" HPOS="801"/>
							<String ID="string_204" HPOS="824" VPOS="1004" WIDTH="100" HEIGHT="31" WC="0.96" CONTENT="redan"/><SP WIDTH="23" VPOS="1004" HPOS="924"/>
							<String ID="string_205" HPOS="947" VPOS="1004" WIDTH="101" HEIGHT="32" WC="0.92" CONTENT="blifvit"/><SP WIDTH="23" VPOS="1004" HPOS="1048"/>
							<String ID="string_206" HPOS="1071" VPOS="1006" WIDTH="121" HEIGHT="41" WC="0.89" CONTENT="antydt,"/><SP WIDTH="25" VPOS="1006" HPOS="1192"/>
							<String ID="string_207" HPOS="1217" VPOS="1006" WIDTH="120" HEIGHT="41" WC="0.96" CONTENT="skogen"/><SP WIDTH="23" VPOS="1006" HPOS="1337"/>
							<String ID="string_208" HPOS="1360" VPOS="1018" WIDTH="74" HEIGHT="21" WC="0.96" CONTENT="vore"/><SP WIDTH="24" VPOS="1018" HPOS="1434"/>
							<String ID="string_209" HPOS="1458" VPOS="1011" WIDTH="46" HEIGHT="28" WC="0.96" CONTENT="ett"/><SP WIDTH="21" VPOS="1011" HPOS="1504"/>
							<String ID="string_210" HPOS="1525" VPOS="1008" WIDTH="199" HEIGHT="42" WC="0.96" CONTENT="nödvändigt"/>
						</TextLine>
						<TextLine ID="line_18" HPOS="145" VPOS="1052" WIDTH="1576" HEIGHT="45">
							<String ID="string_211" HPOS="145" VPOS="1053" WIDTH="102" HEIGHT="31" WC="0.96" CONTENT="vilkor"/><SP WIDTH="23" VPOS="1053" HPOS="247"/>
							<String ID="string_212" HPOS="270" VPOS="1053" WIDTH="48" HEIGHT="31" WC="0.96" CONTENT="för"/><SP WIDTH="23" VPOS="1053" HPOS="318"/>
							<String ID="string_213" HPOS="341" VPOS="1056" WIDTH="47" HEIGHT="28" WC="0.96" CONTENT="ett"/><SP WIDTH="21" VPOS="1056" HPOS="388"/>
							<String ID="string_214" HPOS="409" VPOS="1054" WIDTH="94" HEIGHT="31" WC="0.93" CONTENT="lands"/><SP WIDTH="25" VPOS="1054" HPOS="503"/>
							<String ID="string_215" HPOS="528" VPOS="1052" WIDTH="203" HEIGHT="40" WC="0.88" CONTENT="beboelighet"/><SP WIDTH="22" VPOS="1052" HPOS="731"/>
							<String ID="string_216" HPOS="753" VPOS="1053" WIDTH="59" HEIGHT="31" WC="0.96" CONTENT="och"/><SP WIDTH="24" VPOS="1053" HPOS="812"/>
							<String ID="string_217" HPOS="836" VPOS="1054" WIDTH="108" HEIGHT="41" WC="0.96" CONTENT="odling"/><SP WIDTH="23" VPOS="1054" HPOS="944"/>
							<String ID="string_218" HPOS="967" VPOS="1058" WIDTH="84" HEIGHT="29" WC="0.96" CONTENT="samt"/><SP WIDTH="13" VPOS="1058" HPOS="1051"/>
							<String ID="string_219" HPOS="1064" VPOS="1056" WIDTH="49" HEIGHT="31" WC="0.96" CONTENT="för"/><SP WIDTH="17" VPOS="1056" HPOS="1113"/>
							<String ID="string_220" HPOS="1130" VPOS="1056" WIDTH="111" HEIGHT="41" WC="0.96" CONTENT="sjelfva"/><SP WIDTH="16" VPOS="1056" HPOS="1241"/>
							<String ID="string_221" HPOS="1257" VPOS="1057" WIDTH="188" HEIGHT="32" WC="0.96" CONTENT="samhällets"/><SP WIDTH="17" VPOS="1057" HPOS="1445"/>
							<String ID="string_222" HPOS="1462" VPOS="1060" WIDTH="150" HEIGHT="35" WC="0.96" CONTENT="existens,"/><SP WIDTH="15" VPOS="1060" HPOS="1612"/>
							<String ID="string_223" HPOS="1627" VPOS="1060" WIDTH="94" HEIGHT="32" WC="0.96" CONTENT="faran"/>
						</TextLine>
						<TextLine ID="line_19" HPOS="143" VPOS="1103" WIDTH="1579" HEIGHT="41">
							<String ID="string_224" HPOS="143" VPOS="1103" WIDTH="35" HEIGHT="31" WC="0.96" CONTENT="af"/><SP WIDTH="20" VPOS="1103" HPOS="178"/>
							<String ID="string_225" HPOS="198" VPOS="1103" WIDTH="139" HEIGHT="39" WC="0.96" CONTENT="skogens"/><SP WIDTH="22" VPOS="1103" HPOS="337"/>
							<String ID="string_226" HPOS="359" VPOS="1103" WIDTH="159" HEIGHT="32" WC="0.96" CONTENT="förödelse"/><SP WIDTH="23" VPOS="1103" HPOS="518"/>
							<String ID="string_227" HPOS="541" VPOS="1113" WIDTH="74" HEIGHT="22" WC="0.96" CONTENT="vore"/><SP WIDTH="22" VPOS="1113" HPOS="615"/>
							<String ID="string_228" HPOS="637" VPOS="1103" WIDTH="49" HEIGHT="31" WC="0.96" CONTENT="för"/><SP WIDTH="24" VPOS="1103" HPOS="686"/>
							<String ID="string_229" HPOS="710" VPOS="1103" WIDTH="187" HEIGHT="33" WC="0.94" CONTENT="samhällets"/><SP WIDTH="22" VPOS="1103" HPOS="897"/>
							<String ID="string_230" HPOS="919" VPOS="1106" WIDTH="51" HEIGHT="31" WC="0.96" CONTENT="väl"/><SP WIDTH="25" VPOS="1106" HPOS="970"/>
							<String ID="string_231" HPOS="995" VPOS="1107" WIDTH="59" HEIGHT="30" WC="0.96" CONTENT="och"/><SP WIDTH="23" VPOS="1107" HPOS="1054"/>
							<String ID="string_232" HPOS="1077" VPOS="1106" WIDTH="137" HEIGHT="32" WC="0.96" CONTENT="bestånd"/><SP WIDTH="20" VPOS="1106" HPOS="1214"/>
							<String ID="string_233" HPOS="1234" VPOS="1110" WIDTH="103" HEIGHT="29" WC="0.95" CONTENT="större"/><SP WIDTH="16" VPOS="1110" HPOS="1337"/>
							<String ID="string_234" HPOS="1353" VPOS="1108" WIDTH="65" HEIGHT="36" WC="0.95" CONTENT="der,"/><SP WIDTH="17" VPOS="1108" HPOS="1418"/>
							<String ID="string_235" HPOS="1435" VPOS="1109" WIDTH="10" HEIGHT="31" WC="0.95" CONTENT="i"/><SP WIDTH="15" VPOS="1109" HPOS="1445"/>
							<String ID="string_236" HPOS="1460" VPOS="1112" WIDTH="45" HEIGHT="28" WC="0.96" CONTENT="ett"/><SP WIDTH="16" VPOS="1112" HPOS="1505"/>
							<String ID="string_237" HPOS="1521" VPOS="1109" WIDTH="76" HEIGHT="31" WC="0.96" CONTENT="land"/><SP WIDTH="17" VPOS="1109" HPOS="1597"/>
							<String ID="string_238" HPOS="1614" VPOS="1111" WIDTH="108" HEIGHT="31" WC="0.96" CONTENT="såsom"/>
						</TextLine>
						<TextLine ID="line_20" HPOS="143" VPOS="1153" WIDTH="1579" HEIGHT="45">
							<String ID="string_239" HPOS="143" VPOS="1155" WIDTH="80" HEIGHT="35" WC="0.93" CONTENT="vårt,"/><SP WIDTH="25" VPOS="1155" HPOS="223"/>
							<String ID="string_240" HPOS="248" VPOS="1154" WIDTH="161" HEIGHT="39" WC="0.92" CONTENT="skogarne"/><SP WIDTH="23" VPOS="1154" HPOS="409"/>
							<String ID="string_241" HPOS="432" VPOS="1154" WIDTH="49" HEIGHT="30" WC="0.93" CONTENT="till"/><SP WIDTH="22" VPOS="1154" HPOS="481"/>
							<String ID="string_242" HPOS="503" VPOS="1153" WIDTH="299" HEIGHT="40" WC="0.91" CONTENT="hufvudsakligaste"/><SP WIDTH="24" VPOS="1153" HPOS="802"/>
							<String ID="string_243" HPOS="826" VPOS="1154" WIDTH="93" HEIGHT="32" WC="0.93" CONTENT="delen"/><SP WIDTH="22" VPOS="1154" HPOS="919"/>
							<String ID="string_244" HPOS="941" VPOS="1155" WIDTH="137" HEIGHT="33" WC="0.90" CONTENT="befunne"/><SP WIDTH="26" VPOS="1155" HPOS="1078"/>
							<String ID="string_245" HPOS="1104" VPOS="1158" WIDTH="48" HEIGHT="39" WC="0.96" CONTENT="sig"/><SP WIDTH="22" VPOS="1158" HPOS="1152"/>
							<String ID="string_246" HPOS="1174" VPOS="1157" WIDTH="10" HEIGHT="31" WC="0.96" CONTENT="i"/><SP WIDTH="22" VPOS="1157" HPOS="1184"/>
							<String ID="string_247" HPOS="1206" VPOS="1157" WIDTH="160" HEIGHT="31" WC="0.96" CONTENT="enskildes"/><SP WIDTH="26" VPOS="1157" HPOS="1366"/>
							<String ID="string_248" HPOS="1392" VPOS="1158" WIDTH="138" HEIGHT="40" WC="0.96" CONTENT="händer;"/><SP WIDTH="28" VPOS="1158" HPOS="1530"/>
							<String ID="string_249" HPOS="1558" VPOS="1161" WIDTH="59" HEIGHT="31" WC="0.96" CONTENT="och"/><SP WIDTH="24" VPOS="1161" HPOS="1617"/>
							<String ID="string_250" HPOS="1641" VPOS="1162" WIDTH="10" HEIGHT="30" WC="0.91" CONTENT="i"/><SP WIDTH="24" VPOS="1162" HPOS="1651"/>
							<String ID="string_251" HPOS="1675" VPOS="1162" WIDTH="47" HEIGHT="31" WC="0.91" CONTENT="af-"/>
						</TextLine>
						<TextLine ID="line_21" HPOS="143" VPOS="1203" WIDTH="1579" HEIGHT="48">
							<String ID="string_252" HPOS="143" VPOS="1204" WIDTH="118" HEIGHT="31" WC="0.96" CONTENT="seende"/><SP WIDTH="22" VPOS="1204" HPOS="261"/>
							<String ID="string_253" HPOS="283" VPOS="1206" WIDTH="43" HEIGHT="39" WC="0.93" CONTENT="på"/><SP WIDTH="23" VPOS="1206" HPOS="326"/>
							<String ID="string_254" HPOS="349" VPOS="1203" WIDTH="348" HEIGHT="41" WC="0.90" CONTENT="skogshushållningen"/><SP WIDTH="22" VPOS="1203" HPOS="697"/>
							<String ID="string_255" HPOS="719" VPOS="1204" WIDTH="196" HEIGHT="33" WC="0.91" CONTENT="förekomme"/><SP WIDTH="17" VPOS="1204" HPOS="915"/>
							<String ID="string_256" HPOS="932" VPOS="1206" WIDTH="38" HEIGHT="31" WC="0.96" CONTENT="de"/><SP WIDTH="17" VPOS="1206" HPOS="970"/>
							<String ID="string_257" HPOS="987" VPOS="1208" WIDTH="160" HEIGHT="31" WC="0.96" CONTENT="särskilda"/><SP WIDTH="16" VPOS="1208" HPOS="1147"/>
							<String ID="string_258" HPOS="1163" VPOS="1207" WIDTH="238" HEIGHT="32" WC="0.95" CONTENT="förhållanden:"/><SP WIDTH="24" VPOS="1207" HPOS="1401"/>
							<String ID="string_259" HPOS="1425" VPOS="1212" WIDTH="48" HEIGHT="28" WC="0.93" CONTENT="att"/><SP WIDTH="16" VPOS="1212" HPOS="1473"/>
							<String ID="string_260" HPOS="1489" VPOS="1210" WIDTH="233" HEIGHT="41" WC="0.91" CONTENT="skogsmarken"/>
						</TextLine>
						<TextLine ID="line_22" HPOS="140" VPOS="1254" WIDTH="1582" HEIGHT="46">
							<String ID="string_261" HPOS="140" VPOS="1255" WIDTH="71" HEIGHT="31" WC="0.93" CONTENT="icke"/><SP WIDTH="23" VPOS="1255" HPOS="211"/>
							<String ID="string_262" HPOS="234" VPOS="1254" WIDTH="147" HEIGHT="32" WC="0.92" CONTENT="lemnade"/><SP WIDTH="25" VPOS="1254" HPOS="381"/>
							<String ID="string_263" HPOS="406" VPOS="1255" WIDTH="103" HEIGHT="39" WC="0.94" CONTENT="årliga"/><SP WIDTH="22" VPOS="1255" HPOS="509"/>
							<String ID="string_264" HPOS="531" VPOS="1255" WIDTH="78" HEIGHT="31" WC="0.96" CONTENT="eller"/><SP WIDTH="23" VPOS="1255" HPOS="609"/>
							<String ID="string_265" HPOS="632" VPOS="1254" WIDTH="66" HEIGHT="32" WC="0.96" CONTENT="ofta"/><SP WIDTH="23" VPOS="1254" HPOS="698"/>
							<String ID="string_266" HPOS="721" VPOS="1254" WIDTH="263" HEIGHT="34" WC="0.96" CONTENT="återkommande"/><SP WIDTH="24" VPOS="1254" HPOS="984"/>
							<String ID="string_267" HPOS="1008" VPOS="1257" WIDTH="149" HEIGHT="33" WC="0.96" CONTENT="skördar:"/><SP WIDTH="36" VPOS="1257" HPOS="1157"/>
							<String ID="string_268" HPOS="1193" VPOS="1260" WIDTH="56" HEIGHT="36" WC="0.96" CONTENT="att,"/><SP WIDTH="24" VPOS="1260" HPOS="1249"/>
							<String ID="string_269" HPOS="1273" VPOS="1268" WIDTH="114" HEIGHT="30" WC="0.96" CONTENT="genom"/><SP WIDTH="25" VPOS="1268" HPOS="1387"/>
							<String ID="string_270" HPOS="1412" VPOS="1259" WIDTH="138" HEIGHT="41" WC="0.93" CONTENT="skogens"/><SP WIDTH="23" VPOS="1259" HPOS="1550"/>
							<String ID="string_271" HPOS="1573" VPOS="1261" WIDTH="149" HEIGHT="32" WC="0.91" CONTENT="fullkom-"/>
						</TextLine>
						<TextLine ID="line_23" HPOS="140" VPOS="1305" WIDTH="1581" HEIGHT="46">
							<String ID="string_272" HPOS="140" VPOS="1305" WIDTH="65" HEIGHT="40" WC="0.92" CONTENT="liga"/><SP WIDTH="33" VPOS="1305" HPOS="205"/>
							<String ID="string_273" HPOS="238" VPOS="1305" WIDTH="183" HEIGHT="39" WC="0.89" CONTENT="utrotande,"/><SP WIDTH="35" VPOS="1305" HPOS="421"/>
							<String ID="string_274" HPOS="456" VPOS="1306" WIDTH="43" HEIGHT="31" WC="0.96" CONTENT="all"/><SP WIDTH="34" VPOS="1306" HPOS="499"/>
							<String ID="string_275" HPOS="533" VPOS="1307" WIDTH="145" HEIGHT="30" WC="0.96" CONTENT="återväxt"/><SP WIDTH="34" VPOS="1307" HPOS="678"/>
							<String ID="string_276" HPOS="712" VPOS="1305" WIDTH="34" HEIGHT="31" WC="0.96" CONTENT="af"/><SP WIDTH="31" VPOS="1305" HPOS="746"/>
							<String ID="string_277" HPOS="777" VPOS="1305" WIDTH="80" HEIGHT="42" WC="0.96" CONTENT="skog"/><SP WIDTH="32" VPOS="1305" HPOS="857"/>
							<String ID="string_278" HPOS="889" VPOS="1307" WIDTH="148" HEIGHT="32" WC="0.96" CONTENT="försenas"/><SP WIDTH="34" VPOS="1307" HPOS="1037"/>
							<String ID="string_279" HPOS="1071" VPOS="1309" WIDTH="60" HEIGHT="31" WC="0.96" CONTENT="och"/><SP WIDTH="27" VPOS="1309" HPOS="1131"/>
							<String ID="string_280" HPOS="1158" VPOS="1309" WIDTH="9" HEIGHT="31" WC="0.96" CONTENT="i"/><SP WIDTH="24" VPOS="1309" HPOS="1167"/>
							<String ID="string_281" HPOS="1191" VPOS="1309" WIDTH="85" HEIGHT="31" WC="0.96" CONTENT="vissa"/><SP WIDTH="21" VPOS="1309" HPOS="1276"/>
							<String ID="string_282" HPOS="1297" VPOS="1309" WIDTH="56" HEIGHT="31" WC="0.95" CONTENT="fall"/><SP WIDTH="22" VPOS="1309" HPOS="1353"/>
							<String ID="string_283" HPOS="1375" VPOS="1309" WIDTH="48" HEIGHT="32" WC="0.96" CONTENT="till"/><SP WIDTH="25" VPOS="1309" HPOS="1423"/>
							<String ID="string_284" HPOS="1448" VPOS="1311" WIDTH="59" HEIGHT="30" WC="0.96" CONTENT="och"/><SP WIDTH="24" VPOS="1311" HPOS="1507"/>
							<String ID="string_285" HPOS="1531" VPOS="1312" WIDTH="71" HEIGHT="30" WC="0.96" CONTENT="med"/><SP WIDTH="25" VPOS="1312" HPOS="1602"/>
							<String ID="string_286" HPOS="1627" VPOS="1316" WIDTH="94" HEIGHT="35" WC="0.96" CONTENT="göres"/>
						</TextLine>
						<TextLine ID="line_24" HPOS="141" VPOS="1355" WIDTH="1581" HEIGHT="44">
							<String ID="string_287" HPOS="141" VPOS="1356" WIDTH="146" HEIGHT="40" WC="0.88" CONTENT="omöjlig;"/><SP WIDTH="35" VPOS="1356" HPOS="287"/>
							<String ID="string_288" HPOS="322" VPOS="1356" WIDTH="116" HEIGHT="38" WC="0.96" CONTENT="hvilka,"/><SP WIDTH="30" VPOS="1356" HPOS="438"/>
							<String ID="string_289" HPOS="468" VPOS="1357" WIDTH="99" HEIGHT="40" WC="0.96" CONTENT="jemte"/><SP WIDTH="34" VPOS="1357" HPOS="567"/>
							<String ID="string_290" HPOS="601" VPOS="1356" WIDTH="78" HEIGHT="31" WC="0.96" CONTENT="flera"/><SP WIDTH="34" VPOS="1356" HPOS="679"/>
							<String ID="string_291" HPOS="713" VPOS="1355" WIDTH="135" HEIGHT="33" WC="0.96" CONTENT="anförda"/><SP WIDTH="28" VPOS="1355" HPOS="848"/>
							<String ID="string_292" HPOS="876" VPOS="1359" WIDTH="284" HEIGHT="40" WC="0.96" CONTENT="omständigheter,"/><SP WIDTH="24" VPOS="1359" HPOS="1160"/>
							<String ID="string_293" HPOS="1184" VPOS="1370" WIDTH="74" HEIGHT="21" WC="0.96" CONTENT="vore"/><SP WIDTH="25" VPOS="1370" HPOS="1258"/>
							<String ID="string_294" HPOS="1283" VPOS="1360" WIDTH="33" HEIGHT="30" WC="0.96" CONTENT="af"/><SP WIDTH="20" VPOS="1360" HPOS="1316"/>
							<String ID="string_295" HPOS="1336" VPOS="1360" WIDTH="61" HEIGHT="31" WC="0.96" CONTENT="den"/><SP WIDTH="22" VPOS="1360" HPOS="1397"/>
							<String ID="string_296" HPOS="1419" VPOS="1359" WIDTH="232" HEIGHT="36" WC="0.96" CONTENT="beskaffenhet,"/><SP WIDTH="23" VPOS="1359" HPOS="1651"/>
							<String ID="string_297" HPOS="1674" VPOS="1366" WIDTH="48" HEIGHT="28" WC="0.96" CONTENT="att"/>
						</TextLine>
						<TextLine ID="line_25" HPOS="142" VPOS="1406" WIDTH="1579" HEIGHT="44">
							<String ID="string_298" HPOS="142" VPOS="1406" WIDTH="357" HEIGHT="40" WC="0.91" CONTENT="skogshushållningen,"/><SP WIDTH="24" VPOS="1406" HPOS="499"/>
							<String ID="string_299" HPOS="523" VPOS="1407" WIDTH="122" HEIGHT="30" WC="0.96" CONTENT="mindre"/><SP WIDTH="24" VPOS="1407" HPOS="645"/>
							<String ID="string_300" HPOS="669" VPOS="1409" WIDTH="41" HEIGHT="29" WC="0.96" CONTENT="än"/><SP WIDTH="23" VPOS="1409" HPOS="710"/>
							<String ID="string_301" HPOS="733" VPOS="1408" WIDTH="107" HEIGHT="39" WC="0.96" CONTENT="någon"/><SP WIDTH="24" VPOS="1408" HPOS="840"/>
							<String ID="string_302" HPOS="864" VPOS="1418" WIDTH="107" HEIGHT="22" WC="0.96" CONTENT="annan"/><SP WIDTH="22" VPOS="1418" HPOS="971"/>
							<String ID="string_303" HPOS="993" VPOS="1409" WIDTH="124" HEIGHT="41" WC="0.96" CONTENT="näring,"/><SP WIDTH="23" VPOS="1409" HPOS="1117"/>
							<String ID="string_304" HPOS="1140" VPOS="1410" WIDTH="108" HEIGHT="31" WC="0.96" CONTENT="kunde"/><SP WIDTH="22" VPOS="1410" HPOS="1248"/>
							<String ID="string_305" HPOS="1270" VPOS="1410" WIDTH="34" HEIGHT="31" WC="0.96" CONTENT="af"/><SP WIDTH="14" VPOS="1410" HPOS="1304"/>
							<String ID="string_306" HPOS="1318" VPOS="1410" WIDTH="122" HEIGHT="37" WC="0.96" CONTENT="Staten,"/><SP WIDTH="18" VPOS="1410" HPOS="1440"/>
							<String ID="string_307" HPOS="1458" VPOS="1413" WIDTH="108" HEIGHT="31" WC="0.96" CONTENT="såsom"/><SP WIDTH="19" VPOS="1413" HPOS="1566"/>
							<String ID="string_308" HPOS="1585" VPOS="1412" WIDTH="136" HEIGHT="32" WC="0.96" CONTENT="vårdare"/>
						</TextLine>
						<TextLine ID="line_26" HPOS="141" VPOS="1456" WIDTH="1579" HEIGHT="43">
							<String ID="string_309" HPOS="141" VPOS="1457" WIDTH="36" HEIGHT="30" WC="0.95" CONTENT="af"/><SP WIDTH="31" VPOS="1457" HPOS="177"/>
							<String ID="string_310" HPOS="208" VPOS="1456" WIDTH="81" HEIGHT="32" WC="0.95" CONTENT="allas"/><SP WIDTH="28" VPOS="1456" HPOS="289"/>
							<String ID="string_311" HPOS="317" VPOS="1457" WIDTH="51" HEIGHT="31" WC="0.96" CONTENT="väl"/><SP WIDTH="29" VPOS="1457" HPOS="368"/>
							<String ID="string_312" HPOS="397" VPOS="1457" WIDTH="60" HEIGHT="31" WC="0.96" CONTENT="och"/><SP WIDTH="24" VPOS="1457" HPOS="457"/>
							<String ID="string_313" HPOS="481" VPOS="1457" WIDTH="158" HEIGHT="31" WC="0.96" CONTENT="målsman"/><SP WIDTH="23" VPOS="1457" HPOS="639"/>
							<String ID="string_314" HPOS="662" VPOS="1458" WIDTH="50" HEIGHT="31" WC="0.96" CONTENT="för"/><SP WIDTH="22" VPOS="1458" HPOS="712"/>
							<String ID="string_315" HPOS="734" VPOS="1457" WIDTH="275" HEIGHT="33" WC="0.95" CONTENT="efterkommande"/><SP WIDTH="23" VPOS="1457" HPOS="1009"/>
							<String ID="string_316" HPOS="1032" VPOS="1461" WIDTH="234" HEIGHT="38" WC="0.92" CONTENT="generationer,"/><SP WIDTH="25" VPOS="1461" HPOS="1266"/>
							<String ID="string_317" HPOS="1291" VPOS="1461" WIDTH="211" HEIGHT="32" WC="0.91" CONTENT="öfverlemnas"/><SP WIDTH="24" VPOS="1461" HPOS="1502"/>
							<String ID="string_318" HPOS="1526" VPOS="1464" WIDTH="34" HEIGHT="30" WC="0.96" CONTENT="åt"/><SP WIDTH="21" VPOS="1464" HPOS="1560"/>
							<String ID="string_319" HPOS="1581" VPOS="1463" WIDTH="61" HEIGHT="31" WC="0.93" CONTENT="den"/><SP WIDTH="24" VPOS="1463" HPOS="1642"/>
							<String ID="string_320" HPOS="1666" VPOS="1473" WIDTH="54" HEIGHT="21" WC="0.92" CONTENT="en-"/>
						</TextLine>
						<TextLine ID="line_27" HPOS="141" VPOS="1506" WIDTH="1578" HEIGHT="46">
							<String ID="string_321" HPOS="141" VPOS="1506" WIDTH="120" HEIGHT="32" WC="0.95" CONTENT="skildes"/><SP WIDTH="34" VPOS="1506" HPOS="261"/>
							<String ID="string_322" HPOS="295" VPOS="1507" WIDTH="211" HEIGHT="32" WC="0.95" CONTENT="oinskränkta"/><SP WIDTH="34" VPOS="1507" HPOS="506"/>
							<String ID="string_323" HPOS="540" VPOS="1507" WIDTH="165" HEIGHT="41" WC="0.93" CONTENT="godtycke."/><SP WIDTH="44" VPOS="1507" HPOS="705"/>
							<String ID="string_324" HPOS="749" VPOS="1508" WIDTH="208" HEIGHT="32" WC="0.81" CONTENT="Komiterade"/><SP WIDTH="33" VPOS="1508" HPOS="957"/>
							<String ID="string_325" HPOS="990" VPOS="1510" WIDTH="91" HEIGHT="40" WC="0.96" CONTENT="hyste"/><SP WIDTH="33" VPOS="1510" HPOS="1081"/>
							<String ID="string_326" HPOS="1114" VPOS="1511" WIDTH="201" HEIGHT="40" WC="0.96" CONTENT="följaktligen"/><SP WIDTH="33" VPOS="1511" HPOS="1315"/>
							<String ID="string_327" HPOS="1348" VPOS="1511" WIDTH="61" HEIGHT="31" WC="0.93" CONTENT="den"/><SP WIDTH="24" VPOS="1511" HPOS="1409"/>
							<String ID="string_328" HPOS="1433" VPOS="1512" WIDTH="91" HEIGHT="40" WC="0.92" CONTENT="åsigt,"/><SP WIDTH="18" VPOS="1512" HPOS="1524"/>
							<String ID="string_329" HPOS="1542" VPOS="1516" WIDTH="48" HEIGHT="28" WC="0.96" CONTENT="att"/><SP WIDTH="16" VPOS="1516" HPOS="1590"/>
							<String ID="string_330" HPOS="1606" VPOS="1514" WIDTH="113" HEIGHT="31" WC="0.96" CONTENT="Staten"/>
						</TextLine>
						<TextLine ID="line_28" HPOS="139" VPOS="1557" WIDTH="1582" HEIGHT="44">
							<String ID="string_331" HPOS="139" VPOS="1557" WIDTH="186" HEIGHT="40" WC="0.91" CONTENT="rättsenligt"/><SP WIDTH="32" VPOS="1557" HPOS="325"/>
							<String ID="string_332" HPOS="357" VPOS="1558" WIDTH="83" HEIGHT="31" WC="0.93" CONTENT="hade"/><SP WIDTH="25" VPOS="1558" HPOS="440"/>
							<String ID="string_333" HPOS="465" VPOS="1558" WIDTH="168" HEIGHT="41" WC="0.91" CONTENT="åliggande"/><SP WIDTH="24" VPOS="1558" HPOS="633"/>
							<String ID="string_334" HPOS="657" VPOS="1557" WIDTH="60" HEIGHT="32" WC="0.96" CONTENT="och"/><SP WIDTH="33" VPOS="1557" HPOS="717"/>
							<String ID="string_335" HPOS="750" VPOS="1558" WIDTH="193" HEIGHT="41" WC="0.89" CONTENT="befogenhet"/><SP WIDTH="23" VPOS="1558" HPOS="943"/>
							<String ID="string_336" HPOS="966" VPOS="1564" WIDTH="47" HEIGHT="27" WC="0.96" CONTENT="att"/><SP WIDTH="21" VPOS="1564" HPOS="1013"/>
							<String ID="string_337" HPOS="1034" VPOS="1561" WIDTH="83" HEIGHT="31" WC="0.96" CONTENT="vaka"/><SP WIDTH="22" VPOS="1561" HPOS="1117"/>
							<String ID="string_338" HPOS="1139" VPOS="1562" WIDTH="87" HEIGHT="31" WC="0.91" CONTENT="öfver"/><SP WIDTH="21" VPOS="1562" HPOS="1226"/>
							<String ID="string_339" HPOS="1247" VPOS="1561" WIDTH="226" HEIGHT="40" WC="0.91" CONTENT="begagnandet"/><SP WIDTH="22" VPOS="1561" HPOS="1473"/>
							<String ID="string_340" HPOS="1495" VPOS="1564" WIDTH="59" HEIGHT="31" WC="0.93" CONTENT="och"/><SP WIDTH="24" VPOS="1564" HPOS="1554"/>
							<String ID="string_341" HPOS="1578" VPOS="1563" WIDTH="143" HEIGHT="33" WC="0.91" CONTENT="behand-"/>
						</TextLine>
						<TextLine ID="line_29" HPOS="138" VPOS="1603" WIDTH="1583" HEIGHT="52">
							<String ID="string_342" HPOS="138" VPOS="1607" WIDTH="108" HEIGHT="40" WC="0.96" CONTENT="lingen"/><SP WIDTH="25" VPOS="1607" HPOS="246"/>
							<String ID="string_343" HPOS="271" VPOS="1609" WIDTH="34" HEIGHT="30" WC="0.96" CONTENT="af"/><SP WIDTH="20" VPOS="1609" HPOS="305"/>
							<String ID="string_344" HPOS="325" VPOS="1608" WIDTH="38" HEIGHT="31" WC="0.96" CONTENT="de"/><SP WIDTH="26" VPOS="1608" HPOS="363"/>
							<String ID="string_345" HPOS="389" VPOS="1609" WIDTH="125" HEIGHT="39" WC="0.96" CONTENT="skogar,"/><SP WIDTH="25" VPOS="1609" HPOS="514"/>
							<String ID="string_346" HPOS="539" VPOS="1619" WIDTH="68" HEIGHT="21" WC="0.96" CONTENT="som"/><SP WIDTH="23" VPOS="1619" HPOS="607"/>
							<String ID="string_347" HPOS="630" VPOS="1609" WIDTH="130" HEIGHT="31" WC="0.96" CONTENT="tillhöra"/><SP WIDTH="24" VPOS="1609" HPOS="760"/>
							<String ID="string_348" HPOS="784" VPOS="1609" WIDTH="145" HEIGHT="33" WC="0.96" CONTENT="enskilda"/><SP WIDTH="20" VPOS="1609" HPOS="929"/>
							<String ID="string_349" HPOS="949" VPOS="1603" WIDTH="168" HEIGHT="48" WC="0.96" CONTENT="personer;"/><SP WIDTH="35" VPOS="1603" HPOS="1117"/>
							<String ID="string_350" HPOS="1152" VPOS="1612" WIDTH="82" HEIGHT="31" WC="0.96" CONTENT="dock"/><SP WIDTH="22" VPOS="1612" HPOS="1234"/>
							<String ID="string_351" HPOS="1256" VPOS="1612" WIDTH="99" HEIGHT="32" WC="0.96" CONTENT="borde"/><SP WIDTH="24" VPOS="1612" HPOS="1355"/>
							<String ID="string_352" HPOS="1379" VPOS="1613" WIDTH="130" HEIGHT="31" WC="0.96" CONTENT="Statens"/><SP WIDTH="22" VPOS="1613" HPOS="1509"/>
							<String ID="string_353" HPOS="1531" VPOS="1614" WIDTH="190" HEIGHT="41" WC="0.95" CONTENT="ingripande"/>
						</TextLine>
						<TextLine ID="line_30" HPOS="139" VPOS="1657" WIDTH="1583" HEIGHT="45">
							<String ID="string_354" HPOS="139" VPOS="1658" WIDTH="11" HEIGHT="30" WC="0.95" CONTENT="i"/><SP WIDTH="32" VPOS="1658" HPOS="150"/>
							<String ID="string_355" HPOS="182" VPOS="1657" WIDTH="62" HEIGHT="31" WC="0.95" CONTENT="den"/><SP WIDTH="33" VPOS="1657" HPOS="244"/>
							<String ID="string_356" HPOS="277" VPOS="1658" WIDTH="161" HEIGHT="33" WC="0.93" CONTENT="enskildes"/><SP WIDTH="31" VPOS="1658" HPOS="438"/>
							<String ID="string_357" HPOS="469" VPOS="1659" WIDTH="274" HEIGHT="42" WC="0.92" CONTENT="dispositionsrätt"/><SP WIDTH="21" VPOS="1659" HPOS="743"/>
							<String ID="string_358" HPOS="764" VPOS="1659" WIDTH="69" HEIGHT="31" WC="0.96" CONTENT="icke"/><SP WIDTH="24" VPOS="1659" HPOS="833"/>
							<String ID="string_359" HPOS="857" VPOS="1661" WIDTH="130" HEIGHT="32" WC="0.96" CONTENT="sträcka"/><SP WIDTH="23" VPOS="1661" HPOS="987"/>
							<String ID="string_360" HPOS="1010" VPOS="1662" WIDTH="47" HEIGHT="40" WC="0.96" CONTENT="sig"/><SP WIDTH="23" VPOS="1662" HPOS="1057"/>
							<String ID="string_361" HPOS="1080" VPOS="1663" WIDTH="121" HEIGHT="39" WC="0.96" CONTENT="längre,"/><SP WIDTH="26" VPOS="1663" HPOS="1201"/>
							<String ID="string_362" HPOS="1227" VPOS="1666" WIDTH="40" HEIGHT="27" WC="0.96" CONTENT="än"/><SP WIDTH="24" VPOS="1666" HPOS="1267"/>
							<String ID="string_363" HPOS="1291" VPOS="1662" WIDTH="187" HEIGHT="32" WC="0.96" CONTENT="samhällets"/><SP WIDTH="26" VPOS="1662" HPOS="1478"/>
							<String ID="string_364" HPOS="1504" VPOS="1664" WIDTH="134" HEIGHT="31" WC="0.96" CONTENT="bestånd"/><SP WIDTH="23" VPOS="1664" HPOS="1638"/>
							<String ID="string_365" HPOS="1661" VPOS="1666" WIDTH="61" HEIGHT="30" WC="0.96" CONTENT="och"/>
						</TextLine>
						<TextLine ID="line_31" HPOS="140" VPOS="1709" WIDTH="1582" HEIGHT="40">
							<String ID="string_366" HPOS="140" VPOS="1718" WIDTH="169" HEIGHT="31" WC="0.96" CONTENT="omsorgen"/><SP WIDTH="34" VPOS="1718" HPOS="309"/>
							<String ID="string_367" HPOS="343" VPOS="1711" WIDTH="50" HEIGHT="30" WC="0.96" CONTENT="för"/><SP WIDTH="33" VPOS="1711" HPOS="393"/>
							<String ID="string_368" HPOS="426" VPOS="1711" WIDTH="81" HEIGHT="31" WC="0.96" CONTENT="allas"/><SP WIDTH="33" VPOS="1711" HPOS="507"/>
							<String ID="string_369" HPOS="540" VPOS="1710" WIDTH="51" HEIGHT="31" WC="0.93" CONTENT="väl"/><SP WIDTH="29" VPOS="1710" HPOS="591"/>
							<String ID="string_370" HPOS="620" VPOS="1709" WIDTH="206" HEIGHT="40" WC="0.92" CONTENT="ovilkorligen"/><SP WIDTH="27" VPOS="1709" HPOS="826"/>
							<String ID="string_371" HPOS="853" VPOS="1711" WIDTH="123" HEIGHT="38" WC="0.91" CONTENT="kräfde,"/><SP WIDTH="35" VPOS="1711" HPOS="976"/>
							<String ID="string_372" HPOS="1011" VPOS="1715" WIDTH="84" HEIGHT="28" WC="0.96" CONTENT="samt"/><SP WIDTH="22" VPOS="1715" HPOS="1095"/>
							<String ID="string_373" HPOS="1117" VPOS="1713" WIDTH="61" HEIGHT="31" WC="0.95" CONTENT="den"/><SP WIDTH="24" VPOS="1713" HPOS="1178"/>
							<String ID="string_374" HPOS="1202" VPOS="1712" WIDTH="161" HEIGHT="31" WC="0.96" CONTENT="enskildes"/><SP WIDTH="19" VPOS="1712" HPOS="1363"/>
							<String ID="string_375" HPOS="1382" VPOS="1712" WIDTH="97" HEIGHT="32" WC="0.96" CONTENT="frihet"/><SP WIDTH="22" VPOS="1712" HPOS="1479"/>
							<String ID="string_376" HPOS="1501" VPOS="1715" WIDTH="37" HEIGHT="30" WC="0.96" CONTENT="så"/><SP WIDTH="22" VPOS="1715" HPOS="1538"/>
							<String ID="string_377" HPOS="1560" VPOS="1714" WIDTH="70" HEIGHT="32" WC="0.96" CONTENT="litet"/><SP WIDTH="22" VPOS="1714" HPOS="1630"/>
							<String ID="string_378" HPOS="1652" VPOS="1725" WIDTH="70" HEIGHT="22" WC="0.96" CONTENT="som"/>
						</TextLine>
						<TextLine ID="line_32" HPOS="140" VPOS="1759" WIDTH="1582" HEIGHT="45">
							<String ID="string_379" HPOS="140" VPOS="1759" WIDTH="124" HEIGHT="40" WC="0.92" CONTENT="möjligt"/><SP WIDTH="31" VPOS="1759" HPOS="264"/>
							<String ID="string_380" HPOS="295" VPOS="1760" WIDTH="204" HEIGHT="32" WC="0.92" CONTENT="inskränkas."/><SP WIDTH="44" VPOS="1760" HPOS="499"/>
							<String ID="string_381" HPOS="543" VPOS="1760" WIDTH="168" HEIGHT="40" WC="0.95" CONTENT="Utgående"/><SP WIDTH="31" VPOS="1760" HPOS="711"/>
							<String ID="string_382" HPOS="742" VPOS="1760" WIDTH="72" HEIGHT="32" WC="0.96" CONTENT="från"/><SP WIDTH="34" VPOS="1760" HPOS="814"/>
							<String ID="string_383" HPOS="848" VPOS="1761" WIDTH="96" HEIGHT="32" WC="0.93" CONTENT="dessa"/><SP WIDTH="33" VPOS="1761" HPOS="944"/>
							<String ID="string_384" HPOS="977" VPOS="1764" WIDTH="120" HEIGHT="39" WC="0.91" CONTENT="åsigter"/><SP WIDTH="33" VPOS="1764" HPOS="1097"/>
							<String ID="string_385" HPOS="1130" VPOS="1764" WIDTH="59" HEIGHT="30" WC="0.93" CONTENT="har"/><SP WIDTH="33" VPOS="1764" HPOS="1189"/>
							<String ID="string_386" HPOS="1222" VPOS="1761" WIDTH="162" HEIGHT="33" WC="0.92" CONTENT="komitéen"/><SP WIDTH="23" VPOS="1761" HPOS="1384"/>
							<String ID="string_387" HPOS="1407" VPOS="1763" WIDTH="167" HEIGHT="41" WC="0.96" CONTENT="föreslagit"/><SP WIDTH="23" VPOS="1763" HPOS="1574"/>
							<String ID="string_388" HPOS="1597" VPOS="1765" WIDTH="125" HEIGHT="32" WC="0.96" CONTENT="sådana"/>
						</TextLine>
						<TextLine ID="line_33" HPOS="141" VPOS="1809" WIDTH="1580" HEIGHT="46">
							<String ID="string_389" HPOS="141" VPOS="1809" WIDTH="211" HEIGHT="40" WC="0.95" CONTENT="stadganden,"/><SP WIDTH="24" VPOS="1809" HPOS="352"/>
							<String ID="string_390" HPOS="376" VPOS="1811" WIDTH="206" HEIGHT="40" WC="0.96" CONTENT="hvarigenom"/><SP WIDTH="24" VPOS="1811" HPOS="582"/>
							<String ID="string_391" HPOS="606" VPOS="1810" WIDTH="61" HEIGHT="31" WC="0.96" CONTENT="den"/><SP WIDTH="23" VPOS="1810" HPOS="667"/>
							<String ID="string_392" HPOS="690" VPOS="1810" WIDTH="143" HEIGHT="32" WC="0.93" CONTENT="enskilde"/><SP WIDTH="21" VPOS="1810" HPOS="833"/>
							<String ID="string_393" HPOS="854" VPOS="1812" WIDTH="210" HEIGHT="40" WC="0.91" CONTENT="jordegarens"/><SP WIDTH="22" VPOS="1812" HPOS="1064"/>
							<String ID="string_394" HPOS="1086" VPOS="1813" WIDTH="161" HEIGHT="31" WC="0.96" CONTENT="missbruk"/><SP WIDTH="17" VPOS="1813" HPOS="1247"/>
							<String ID="string_395" HPOS="1264" VPOS="1813" WIDTH="34" HEIGHT="31" WC="0.96" CONTENT="af"/><SP WIDTH="12" VPOS="1813" HPOS="1298"/>
							<String ID="string_396" HPOS="1310" VPOS="1813" WIDTH="195" HEIGHT="40" WC="0.96" CONTENT="rättigheten"/><SP WIDTH="16" VPOS="1813" HPOS="1505"/>
							<String ID="string_397" HPOS="1521" VPOS="1814" WIDTH="47" HEIGHT="30" WC="0.96" CONTENT="till"/><SP WIDTH="15" VPOS="1814" HPOS="1568"/>
							<String ID="string_398" HPOS="1583" VPOS="1814" WIDTH="138" HEIGHT="41" WC="0.96" CONTENT="skogens"/>
						</TextLine>
						<TextLine ID="line_34" HPOS="141" VPOS="1859" WIDTH="1581" HEIGHT="47">
							<String ID="string_399" HPOS="141" VPOS="1859" WIDTH="210" HEIGHT="41" WC="0.90" CONTENT="begagnande"/><SP WIDTH="33" VPOS="1859" HPOS="351"/>
							<String ID="string_400" HPOS="384" VPOS="1861" WIDTH="103" HEIGHT="31" WC="0.93" CONTENT="skulle"/><SP WIDTH="33" VPOS="1861" HPOS="487"/>
							<String ID="string_401" HPOS="520" VPOS="1860" WIDTH="215" HEIGHT="32" WC="0.92" CONTENT="förekommas"/><SP WIDTH="23" VPOS="1860" HPOS="735"/>
							<String ID="string_402" HPOS="758" VPOS="1861" WIDTH="78" HEIGHT="31" WC="0.96" CONTENT="eller"/><SP WIDTH="23" VPOS="1861" HPOS="836"/>
							<String ID="string_403" HPOS="859" VPOS="1863" WIDTH="192" HEIGHT="32" WC="0.96" CONTENT="åtminstone"/><SP WIDTH="22" VPOS="1863" HPOS="1051"/>
							<String ID="string_404" HPOS="1073" VPOS="1863" WIDTH="156" HEIGHT="36" WC="0.96" CONTENT="hämmas,"/><SP WIDTH="23" VPOS="1863" HPOS="1229"/>
							<String ID="string_405" HPOS="1252" VPOS="1866" WIDTH="84" HEIGHT="28" WC="0.96" CONTENT="samt"/><SP WIDTH="22" VPOS="1866" HPOS="1336"/>
							<String ID="string_406" HPOS="1358" VPOS="1863" WIDTH="138" HEIGHT="40" WC="0.93" CONTENT="skogens"/><SP WIDTH="28" VPOS="1863" HPOS="1496"/>
							<String ID="string_407" HPOS="1524" VPOS="1865" WIDTH="198" HEIGHT="41" WC="0.91" CONTENT="nedfällning"/>
						</TextLine>
						<TextLine ID="line_35" HPOS="139" VPOS="1910" WIDTH="1581" HEIGHT="43">
							<String ID="string_408" HPOS="139" VPOS="1911" WIDTH="43" HEIGHT="39" WC="0.96" CONTENT="på"/><SP WIDTH="23" VPOS="1911" HPOS="182"/>
							<String ID="string_409" HPOS="205" VPOS="1910" WIDTH="126" HEIGHT="37" WC="0.96" CONTENT="ställen,"/><SP WIDTH="35" VPOS="1910" HPOS="331"/>
							<String ID="string_410" HPOS="366" VPOS="1912" WIDTH="57" HEIGHT="31" WC="0.96" CONTENT="der"/><SP WIDTH="23" VPOS="1912" HPOS="423"/>
							<String ID="string_411" HPOS="446" VPOS="1912" WIDTH="54" HEIGHT="30" WC="0.96" CONTENT="det"/><SP WIDTH="21" VPOS="1912" HPOS="500"/>
							<String ID="string_412" HPOS="521" VPOS="1911" WIDTH="106" HEIGHT="31" WC="0.93" CONTENT="kunde"/><SP WIDTH="22" VPOS="1911" HPOS="627"/>
							<String ID="string_413" HPOS="649" VPOS="1911" WIDTH="99" HEIGHT="32" WC="0.92" CONTENT="lända"/><SP WIDTH="31" VPOS="1911" HPOS="748"/>
							<String ID="string_414" HPOS="779" VPOS="1912" WIDTH="49" HEIGHT="31" WC="0.96" CONTENT="till"/><SP WIDTH="23" VPOS="1912" HPOS="828"/>
							<String ID="string_415" HPOS="851" VPOS="1923" WIDTH="71" HEIGHT="21" WC="0.96" CONTENT="men"/><SP WIDTH="33" VPOS="1923" HPOS="922"/>
							<String ID="string_416" HPOS="955" VPOS="1914" WIDTH="50" HEIGHT="31" WC="0.96" CONTENT="för"/><SP WIDTH="21" VPOS="1914" HPOS="1005"/>
							<String ID="string_417" HPOS="1026" VPOS="1914" WIDTH="146" HEIGHT="31" WC="0.96" CONTENT="klimatet"/><SP WIDTH="25" VPOS="1914" HPOS="1172"/>
							<String ID="string_418" HPOS="1197" VPOS="1913" WIDTH="77" HEIGHT="31" WC="0.96" CONTENT="eller"/><SP WIDTH="22" VPOS="1913" HPOS="1274"/>
							<String ID="string_419" HPOS="1296" VPOS="1914" WIDTH="216" HEIGHT="39" WC="0.96" CONTENT="växtligheten"/><SP WIDTH="24" VPOS="1914" HPOS="1512"/>
							<String ID="string_420" HPOS="1536" VPOS="1915" WIDTH="78" HEIGHT="31" WC="0.93" CONTENT="eller"/><SP WIDTH="23" VPOS="1915" HPOS="1614"/>
							<String ID="string_421" HPOS="1637" VPOS="1916" WIDTH="83" HEIGHT="31" WC="0.93" CONTENT="med-"/>
						</TextLine>
						<TextLine ID="line_36" HPOS="138" VPOS="1961" WIDTH="708" HEIGHT="38">
							<String ID="string_422" HPOS="138" VPOS="1961" WIDTH="73" HEIGHT="31" WC="0.96" CONTENT="föra"/><SP WIDTH="23" VPOS="1961" HPOS="211"/>
							<String ID="string_423" HPOS="234" VPOS="1970" WIDTH="108" HEIGHT="22" WC="0.91" CONTENT="annan"/><SP WIDTH="21" VPOS="1970" HPOS="342"/>
							<String ID="string_424" HPOS="363" VPOS="1961" WIDTH="91" HEIGHT="38" WC="0.91" CONTENT="våda,"/><SP WIDTH="22" VPOS="1961" HPOS="454"/>
							<String ID="string_425" HPOS="476" VPOS="1961" WIDTH="155" HEIGHT="32" WC="0.96" CONTENT="likaledes"/><SP WIDTH="24" VPOS="1961" HPOS="631"/>
							<String ID="string_426" HPOS="655" VPOS="1961" WIDTH="191" HEIGHT="33" WC="0.88" CONTENT="förhindras."/>
						</TextLine>
					</TextBlock>
					<TextBlock ID="block_2" HPOS="140" VPOS="2011" WIDTH="1579" HEIGHT="146">
						<TextLine ID="line_37" HPOS="276" VPOS="2011" WIDTH="1443" HEIGHT="44">
							<String ID="string_427" HPOS="276" VPOS="2011" WIDTH="59" HEIGHT="32" WC="0.96" CONTENT="Vid"/><SP WIDTH="27" VPOS="2011" HPOS="335"/>
							<String ID="string_428" HPOS="362" VPOS="2014" WIDTH="75" HEIGHT="30" WC="0.96" CONTENT="1862"/><SP WIDTH="24" VPOS="2014" HPOS="437"/>
							<String ID="string_429" HPOS="461" VPOS="2012" WIDTH="60" HEIGHT="32" WC="0.96" CONTENT="och"/><SP WIDTH="25" VPOS="2012" HPOS="521"/>
							<String ID="string_430" HPOS="546" VPOS="2013" WIDTH="76" HEIGHT="30" WC="0.96" CONTENT="1863"/><SP WIDTH="24" VPOS="2013" HPOS="622"/>
							<String ID="string_431" HPOS="646" VPOS="2013" WIDTH="95" HEIGHT="30" WC="0.96" CONTENT="årens"/><SP WIDTH="21" VPOS="2013" HPOS="741"/>
							<String ID="string_432" HPOS="762" VPOS="2013" WIDTH="132" HEIGHT="41" WC="0.96" CONTENT="riksdag"/><SP WIDTH="21" VPOS="2013" HPOS="894"/>
							<String ID="string_433" HPOS="915" VPOS="2013" WIDTH="93" HEIGHT="37" WC="0.96" CONTENT="hade,"/><SP WIDTH="21" VPOS="2013" HPOS="1008"/>
							<String ID="string_434" HPOS="1029" VPOS="2014" WIDTH="10" HEIGHT="31" WC="0.96" CONTENT="i"/><SP WIDTH="23" VPOS="2014" HPOS="1039"/>
							<String ID="string_435" HPOS="1062" VPOS="2014" WIDTH="173" HEIGHT="41" WC="0.96" CONTENT="anledning"/><SP WIDTH="24" VPOS="2014" HPOS="1235"/>
							<String ID="string_436" HPOS="1259" VPOS="2014" WIDTH="34" HEIGHT="31" WC="0.96" CONTENT="af"/><SP WIDTH="19" VPOS="2014" HPOS="1293"/>
							<String ID="string_437" HPOS="1312" VPOS="2013" WIDTH="116" HEIGHT="33" WC="0.96" CONTENT="väckta"/><SP WIDTH="17" VPOS="2013" HPOS="1428"/>
							<String ID="string_438" HPOS="1445" VPOS="2015" WIDTH="166" HEIGHT="39" WC="0.93" CONTENT="motioner,"/><SP WIDTH="24" VPOS="2015" HPOS="1611"/>
							<String ID="string_439" HPOS="1635" VPOS="2025" WIDTH="84" HEIGHT="22" WC="0.92" CONTENT="sam-"/>
						</TextLine>
						<TextLine ID="line_38" HPOS="141" VPOS="2062" WIDTH="1577" HEIGHT="44">
							<String ID="string_440" HPOS="141" VPOS="2064" WIDTH="165" HEIGHT="30" WC="0.91" CONTENT="mansatta"/><SP WIDTH="24" VPOS="2064" HPOS="306"/>
							<String ID="string_441" HPOS="330" VPOS="2063" WIDTH="110" HEIGHT="36" WC="0.86" CONTENT="Stats-,"/><SP WIDTH="22" VPOS="2063" HPOS="440"/>
							<String ID="string_442" HPOS="462" VPOS="2062" WIDTH="84" HEIGHT="41" WC="0.91" CONTENT="Lag-"/><SP WIDTH="24" VPOS="2062" HPOS="546"/>
							<String ID="string_443" HPOS="570" VPOS="2064" WIDTH="85" HEIGHT="30" WC="0.96" CONTENT="samt"/><SP WIDTH="19" VPOS="2064" HPOS="655"/>
							<String ID="string_444" HPOS="674" VPOS="2062" WIDTH="172" HEIGHT="33" WC="0.91" CONTENT="Allmänna"/><SP WIDTH="20" VPOS="2062" HPOS="846"/>
							<String ID="string_445" HPOS="866" VPOS="2064" WIDTH="151" HEIGHT="32" WC="0.90" CONTENT="Besvärs-"/><SP WIDTH="24" VPOS="2064" HPOS="1017"/>
							<String ID="string_446" HPOS="1041" VPOS="2065" WIDTH="60" HEIGHT="31" WC="0.93" CONTENT="och"/><SP WIDTH="21" VPOS="2065" HPOS="1101"/>
							<String ID="string_447" HPOS="1122" VPOS="2064" WIDTH="337" HEIGHT="32" WC="0.90" CONTENT="Ekonomi-Utskottet"/><SP WIDTH="21" VPOS="2064" HPOS="1459"/>
							<String ID="string_448" HPOS="1480" VPOS="2066" WIDTH="166" HEIGHT="40" WC="0.93" CONTENT="föreslagit"/><SP WIDTH="21" VPOS="2066" HPOS="1646"/>
							<String ID="string_449" HPOS="1667" VPOS="2069" WIDTH="51" HEIGHT="29" WC="0.93" CONTENT="ut-"/>
						</TextLine>
						<TextLine ID="line_39" HPOS="140" VPOS="2111" WIDTH="1578" HEIGHT="46">
							<String ID="string_450" HPOS="140" VPOS="2111" WIDTH="174" HEIGHT="34" WC="0.92" CONTENT="färdandet"/><SP WIDTH="23" VPOS="2111" HPOS="314"/>
							<String ID="string_451" HPOS="337" VPOS="2113" WIDTH="34" HEIGHT="32" WC="0.96" CONTENT="af"/><SP WIDTH="21" VPOS="2113" HPOS="371"/>
							<String ID="string_452" HPOS="392" VPOS="2123" WIDTH="39" HEIGHT="21" WC="0.96" CONTENT="en"/><SP WIDTH="23" VPOS="2123" HPOS="431"/>
							<String ID="string_453" HPOS="454" VPOS="2113" WIDTH="191" HEIGHT="41" WC="0.96" CONTENT="författning"/><SP WIDTH="22" VPOS="2113" HPOS="645"/>
							<String ID="string_454" HPOS="667" VPOS="2113" WIDTH="9" HEIGHT="31" WC="0.96" CONTENT="i"/><SP WIDTH="25" VPOS="2113" HPOS="676"/>
							<String ID="string_455" HPOS="701" VPOS="2113" WIDTH="173" HEIGHT="33" WC="0.10" CONTENT="enahanda"/><SP WIDTH="22" VPOS="2113" HPOS="874"/>
							<String ID="string_456" HPOS="896" VPOS="2116" WIDTH="156" HEIGHT="40" WC="0.91" CONTENT="rigtning;"/><SP WIDTH="37" VPOS="2116" HPOS="1052"/>
							<String ID="string_457" HPOS="1089" VPOS="2126" WIDTH="72" HEIGHT="22" WC="0.96" CONTENT="men"/><SP WIDTH="24" VPOS="2126" HPOS="1161"/>
							<String ID="string_458" HPOS="1185" VPOS="2117" WIDTH="89" HEIGHT="32" WC="0.96" CONTENT="detta"/><SP WIDTH="23" VPOS="2117" HPOS="1274"/>
							<String ID="string_459" HPOS="1297" VPOS="2116" WIDTH="122" HEIGHT="40" WC="0.96" CONTENT="förslag"/><SP WIDTH="22" VPOS="2116" HPOS="1419"/>
							<String ID="string_460" HPOS="1441" VPOS="2127" WIDTH="83" HEIGHT="21" WC="0.96" CONTENT="vann"/><SP WIDTH="22" VPOS="2127" HPOS="1524"/>
							<String ID="string_461" HPOS="1546" VPOS="2117" WIDTH="69" HEIGHT="31" WC="0.93" CONTENT="icke"/><SP WIDTH="26" VPOS="2117" HPOS="1615"/>
							<String ID="string_462" HPOS="1641" VPOS="2117" WIDTH="77" HEIGHT="40" WC="0.91" CONTENT="god-"/>
						</TextLine>
					</TextBlock>
				</ComposedBlock>
			</PrintSpace>
		</Page>
	</Layout>
</alto>
