2275 2767
1006 131 82 37 Leag-
1098 133 161 29 Utskottets.
1288 135 166 29 Utlåtande
1478 135 59 30 N:o
1560 136 46 28 36.

540 224 46 19 sin
612 213 181 40 skyldighet
815 214 83 30 inom
923 215 186 40 ytterligare
1135 216 43 31 tio
1202 219 35 28 år
1260 218 139 37 fullgöra
1422 219 78 31 eller
1522 219 59 31 ock
1607 218 241 41 skogsmarken,
1876 228 114 32 genom
2007 219 114 42 skogs-

539 264 222 41 betjeningens
795 265 136 40 försorg,
966 277 69 20 men
1065 269 41 38 på
1131 267 213 41 jordegarens
1369 269 188 36 bekostnad,
1580 270 11 31 i
1614 269 246 41 skogsbärande
1881 270 88 32 skick
1991 271 131 32 försatt.

673 316 95 30 Mom.
793 316 29 30 4.
868 316 88 32 Skall
980 318 199 39 skogsmark,
1204 320 80 30 efter
1308 320 81 31 hvad
1414 321 7 31 i
1445 321 266 40 nästföregående
1735 324 129 29 moment
1883 325 104 36 säges,
2005 332 114 30 genom

540 366 321 41 skogsbetjeningens
894 368 126 41 försorg
1052 370 8 30 i
1096 369 242 40 skogsbärande
1374 371 88 31 skick
1496 372 162 38 försättas,
1682 383 74 21 vare
1778 373 194 40 jordegaren
1997 372 126 42 skyldig

541 420 46 28 att
620 418 90 30 freda
744 419 132 30 marken
909 419 71 31 från
1016 421 138 38 betning,
1189 420 47 31 till
1268 422 76 31 dess
1365 423 113 30 träden
1502 424 72 30 nått
1597 423 59 31 den
1680 423 84 41 höjd,
1791 427 48 28 att
1862 425 167 30 desamma
2050 424 73 31 icke

539 479 87 21 mera
660 468 109 32 kanna
793 470 33 30 af
856 470 225 32 beteskreatur
1105 472 133 37 skadas:
1275 474 59 30 och
1358 473 58 31 bör
1440 473 118 39 skogen
1585 474 34 31 af
1636 474 194 41 jordegaren
1853 474 169 40 begagnas
2043 475 10 30 i
2075 476 46 30 öf-

539 520 300 31 verensstämmelse
863 521 71 31 med
959 522 59 31 den
1043 523 311 42 hushållningsplan,
1378 525 241 31 vederbörande
1645 523 292 43 skogstjensteman
1953 525 74 31 Iåtit
2042 536 80 30 upp-

539 573 79 34 göra
642 574 84 28 samt
744 571 193 41 jordegaren
961 573 172 40 bevisligen
1159 574 155 35 tillställa,
1339 575 57 31 allt
1420 575 49 31 vid
1494 576 145 40 äfventyr
1662 576 33 31 af
1707 574 172 33 verksamt
1893 576 62 30 vite
1974 576 59 31 och
2051 576 71 31 der-

536 620 108 39 jemte,
678 629 50 23 om
764 622 260 42 ”skogsförödelse
1056 634 75 30 eger
1165 635 80 24 rum,
1278 626 134 40 förnyad
1447 626 202 41 tillämpning
1677 627 34 31 af
1732 627 59 31 den
1816 627 126 31 derföre
1966 626 159 32 härofvan

542 673 158 39 stadgade
725 674 129 40 påfölid,
879 675 82 30 efter
985 685 66 21 som
1077 675 196 41 Konungens
1298 677 360 40 Befallningshafvande
1683 678 118 40 skäligt
1822 677 153 41 pröfvar.»

1297 796 66 29 4.

677 859 136 38 »Beslut,
847 870 65 21 som
947 861 126 40 jemlikt
1107 862 245 33 föreskrifterna
1385 865 8 29 i
1428 875 92 19 mom.
1545 866 26 32 2,
1595 866 16 29 3
1635 862 58 32 och
1719 865 17 29 4
1760 862 35 31 af
1815 861 271 42 nästföregående
2110 864 16 36 8

543 910 172 35 meddelas,
751 911 84 40 gälle
868 912 90 31 äfven
984 913 45 30 till
1055 913 216 31 efterrättelse
1296 915 49 31 för
1369 914 250 40 ekogsmarkens
1642 913 161 32 blifvande
1827 923 111 30 egare;
1962 914 59 30 och
2044 912 84 32 skall

542 960 141 31 beslutet
705 961 9 30 i
739 961 53 31 det
824 962 150 31 hemman
1010 963 77 31 eller
1120 964 161 39 lägenhet,
1313 965 128 30 hvartill
1465 963 232 42 skogsmarken
1722 964 104 36 hörer,
1849 964 12 31 i
1882 964 76 40 laga
1981 963 146 40 ordning,

542 1013 42 37 på
608 1022 136 29 egarens
768 1012 189 36 bekostnad,
980 1013 193 32 intecknas.
1720 1011 2 2 |

1303 1112 13 36 [47

1351 1122 8 16 sw

678 1183 111 29 »Mom.
820 1186 20 25 I.
885 1182 118 30 Finnes
1028 1184 18 30 å
1070 1183 79 31 hvad
1171 1185 71 39 jord
1268 1195 65 21 som
1361 1186 84 30 helst
1468 1185 123 32 sådana
1615 1183 126 36 ställen,
1757 1181 57 33 der
1837 1183 138 40 skogens
1993 1182 136 32 nedfäll-

546 1233 75 38 ning
645 1232 110 36 skulle,
779 1234 7 30 i
812 1233 76 40 följd
913 1233 34 31 af
975 1234 160 31 särskilda
1159 1235 234 39 förhållanden,
1417 1236 98 32 lända
1536 1236 47 31 till
1606 1246 71 20 men
1700 1235 49 31 för
1775 1234 146 36 klimatet
1943 1235 79 31 eller
2042 1237 90 29 växt-

546 1285 150 39 ligheten,
720 1285 77 30 eller
821 1286 145 31 medföra
989 1287 72 30 fara
1084 1287 48 30 för
1151 1287 88 38 jord-
1263 1287 78 30 eller
1365 1288 132 38 bergras
1521 1287 78 30 eller
1623 1296 106 20 annan
1752 1285 92 34 våda,
1862 1286 53 30 må
1931 1286 200 38 Konungens

547 1335 369 40 Befallningshafvande,
954 1336 98 31 sedan
1084 1336 132 40 jordens
1249 1338 207 30 innehafvare
1490 1339 85 28 samt
1603 1335 309 41 öfverjägmästaren
1942 1335 59 31 och
2023 1335 109 31 länets

546 1385 373 41 hushållningssällskap
955 1386 103 31 blifvit
1085 1387 112 37 hörda,
1225 1398 60 29 ega
1314 1392 55 27 att,
1391 1388 49 30 vid
1465 1386 162 31 verksamt
1649 1387 71 37 vite,
1744 1386 133 41 fridlysa
1902 1385 228 41 skogstrakter

547 1437 71 30 från
643 1436 44 30 all
711 1436 187 39 afverkning
922 1437 203 31 annorlunda
1148 1441 39 27 än
1212 1439 80 30 efter
1316 1437 325 41 skogsbetjeningens
1661 1437 89 31 bifall
1774 1436 59 32 och
1858 1436 179 40 anvisning.

685 1487 94 30 Mom.
803 1487 31 30 2.
878 1487 125 31 Varder
1037 1488 100 33 sådan
1172 1488 198 41 fridlysning,
1398 1499 65 20 som
1489 1498 75 30 nyss
1588 1491 36 27 är
1645 1488 130 37 nämnd,
1800 1487 124 34 bruten,
1948 1487 94 31 blifve
2061 1486 68 40 jor-

548 1536 78 32 dens
660 1537 208 32 innehafvare
903 1537 47 31 till
984 1538 53 30 det
1069 1541 124 29 utsatta
1227 1540 77 30 vitet
1338 1539 76 32 fälld
1449 1539 59 30 och
1543 1539 42 39 på
1613 1538 81 31 hans
1724 1537 181 32 bekostnad
1932 1548 40 30 ny
1996 1537 79 39 skog
2098 1536 36 31 af

549 1587 305 42 skogsbetjeningen
888 1588 227 41 ofördröjligen
1149 1589 198 40 uppdragen,
1384 1590 108 31 derest
1524 1590 72 30 fara
1629 1592 36 28 är
1696 1590 52 30 för
1774 1588 89 41 jord-
1893 1588 80 31 eller
1996 1588 135 38 bergras

548 1638 78 31 eller
651 1650 105 20 annan
781 1639 86 41 dylik
889 1639 92 37 våda,
1005 1649 113 30 genom
1142 1640 184 40 plantering
1349 1642 30 30 at
1404 1640 81 35 träd,
1509 1650 68 20 som
1603 1643 56 27 äro
1683 1640 97 30 minst
1802 1641 39 29 20
1864 1641 36 29 år
1924 1638 132 40 gamla.»

681 1690 84 31 Herr
807 1690 143 39 Wigardt
983 1690 68 35 har,
1086 1689 72 31 med
1191 1690 231 32 föranledande
1457 1691 34 30 af
1521 1689 246 32 förhållandena
1793 1689 10 31 i
1841 1688 39 32 de
1908 1687 223 33 Norrländska

548 1741 95 30 länen
678 1741 60 30 och
762 1751 38 20 en
824 1742 85 30 inom
933 1744 45 27 ett
1002 1741 34 31 af
1056 1740 96 31 dessa
1178 1740 53 31 län
1254 1741 169 40 pågående
1446 1741 180 38 rättegång,
1651 1740 180 39 föreslagit:
1855 1742 63 29 »att
1940 1739 190 39 skogsåver-

549 1791 74 35 kan,
648 1801 66 21 som
741 1791 158 31 bedrifves
921 1791 187 38 för
979 1785 4 49 '
995 1791 113 38 afsalu,
1125 1792 53 30 må
1195 1791 95 31 blifva
1305 1792 164 30 förklarad
1485 1792 49 29 för
1551 1789 82 31 hvad
1648 1789 58 31 den
1725 1790 158 40 verkligen
1902 1793 50 28 är:
1976 1790 154 40 tjufnad.»

682 1842 15 31 I
719 1842 82 31 Herr
837 1843 128 29 Henrik
1000 1843 171 29 Hanssons
1206 1842 116 31 motion
1350 1842 161 33 förmäles,
1534 1841 153 30 hurusom
1711 1841 49 30 för
1783 1841 38 30 de
1845 1840 144 39 sågverk,
2014 1840 115 31 hvilka,

551 1893 216 39 synnerligast
799 1893 84 31 inom
907 1893 100 30 rikets
1029 1903 98 20 norra
1149 1893 174 39 provinser,
1346 1893 45 30 till
1418 1895 67 27 stor
1508 1890 119 40 mängd
1650 1890 101 32 blifvit
1774 1891 148 40 anlagda,
1945 1891 10 30 i
1979 1891 150 31 ändamål

552 1946 47 27 att
622 1943 9 30 i
656 1945 67 29 stor
747 1943 92 31 skala
862 1943 225 31 åstadkomma
1110 1943 118 31 bräder
1250 1943 60 31 och
1332 1942 137 41 plankor
1492 1952 41 19 m.
1556 1952 50 25 m.,
1632 1941 210 40 erforderliga
1864 1941 118 40 belopp
2005 1941 34 30 af
2058 1941 71 30 tim-

554 1993 198 31 merstockar
776 1993 164 31 anskaffas
963 1995 42 39 på
1028 1994 53 30 det
1104 1996 74 34 sätt,
1207 1996 47 29 att
1277 1993 284 40 sågverksegarne,
1586 1991 71 32 dels
1678 1992 34 30 af
1732 1992 72 30 hela
1828 1991 125 41 byalag,
1978 1991 58 30 och
2061 1991 70 30 dels

553 2045 33 29 af
607 2044 146 30 enskilda
787 2045 277 39 hemmansegare,
1099 2045 130 37 betinga
1253 2045 47 39 sig
1323 2045 206 38 rättigheten,
1553 2045 57 34 att,
1635 2046 67 27 mot
1724 2046 46 26 ett
1792 2043 79 30 visst
1893 2040 237 32 öfverenskom-

553 2097 65 27 met
639 2094 77 40 pris,
741 2095 31 30 få
796 2096 19 29 å
838 2095 95 30 deras
957 2095 227 39 skatteskogar
1209 2095 108 40 hugga
1340 2095 58 30 och
1423 2094 48 39 sig
1493 2093 47 31 till
1564 2097 91 36 nytta
1679 2093 147 31 använda
1849 2091 217 40 ståndskogen
2083 2092 46 30 till

553 2147 46 27 ett
620 2145 78 30 visst
721 2145 115 31 tumtal
860 2145 7 30 i
894 2146 280 38 genomskärning,
1196 2145 49 31 för
1268 2145 108 40 hvarje
1399 2144 71 31 träd
1495 2143 149 38 räknadt,
1667 2144 119 30 hvilket
1809 2143 145 39 vanligen
1977 2145 101 28 sättes
2095 2144 38 28 så

552 2194 76 40 lågt.
654 2198 49 28 att
726 2196 90 30 äfven
842 2195 59 30 den
927 2206 137 30 omogna
1087 2196 121 39 skogen
1232 2195 166 40 tillgripes.
1426 2194 59 32 och
1513 2194 195 31 bestämmes
1724 2193 297 39 afverkningstiden
2037 2192 97 32 olika,
