2193 2678
373 193 118 32 Andra
515 192 218 32 Kammarens
761 190 186 42 Tillfälliga
980 189 139 34 Utskotts
1144 189 78 41 (N:o
1247 188 36 45 2)
1316 188 170 34 Utlåtande
1511 188 62 32 N:o
1597 188 52 32 20.
1788 188 19 30 3

213 278 66 35 och
322 276 55 37 för
420 276 43 36 de
493 274 387 48 fortsättningsskolor,
913 274 64 35 där
1005 271 317 48 naturkunnighet
1350 270 239 37 förekommer
1618 282 75 25 som
1721 271 87 36 läro-

213 337 115 40 ämne,
373 330 234 38 föreskrifves
649 330 180 36 hälsolära
871 327 211 38 alternativt
1124 327 83 37 med
1240 326 265 48 undervisning
1532 325 14 37 i
1570 326 44 36 de
1643 325 101 37 delar
1773 325 40 36 af

212 387 223 45 naturläran,
465 398 74 23 som
570 385 108 37 hafva
708 384 185 48 betydelse
922 384 56 35 för
1013 383 128 49 hvarje
1175 385 74 33 orts
1283 381 199 48 viktigaste
1510 381 183 47 näringar.
1753 381 55 35 De

212 453 151 23 numera
392 440 259 35 utkommande
679 439 261 36 läroböckerna
968 438 13 35 i
1010 438 100 35 detta
1139 442 104 30 ämne
1263 436 184 35 innehålla
1467 457 50 5 —
1536 435 51 36 låt
1607 447 86 24 vara
1712 434 106 46 kort-

212 495 137 36 fattade
386 515 46 5 —
463 493 267 48 upplysningar
776 505 55 24 om
863 493 43 35 de
935 491 202 48 vanligaste
1167 490 372 49 farsotsjukdomarna
1563 489 114 49 jämte
1705 489 103 48 lung-

212 553 101 33 goten
343 549 67 35 och
439 560 57 24 om
525 551 109 33 sättet
663 550 53 34 att
748 546 190 37 förhindra
967 547 103 35 deras
1099 544 204 49 spridning.

319 602 430 47 Undervisningsplanen
792 602 55 35 för
874 601 196 36 realskolan
1098 600 181 47 förlägger
1306 598 58 37 till
1395 601 73 34 6:te
1497 598 156 45 klassen,
1685 598 122 36 afslut-

213 656 268 49 ningsklassen,
525 657 103 35 läran
670 669 56 23 om
769 655 360 47 människokroppen
1170 655 67 35 och
1275 654 60 35 det
1365 653 235 36 allmännaste
1629 653 40 35 af
1693 652 114 37 hälso-

212 713 113 44 läran,
370 711 79 36 däri
491 710 218 48 inbegripna
752 711 43 35 de
836 709 236 48 rusgifvande
1106 714 171 30 ämnenas
1306 708 68 36 och
1401 707 176 36 tobakens
1605 710 109 34 natur
1742 707 67 36 och

214 766 237 47 verkningar,
482 766 67 35 och
577 765 13 35 i
620 766 43 44 de
694 764 201 37 metodiska
924 763 282 47 anvishingarne
1235 762 171 48 påpekas,
1437 764 52 34 att
1517 761 205 36 hälsoläran
1745 761 65 37 bör

214 821 121 36 såvidt
364 819 141 49 möjligt
533 820 94 35 läsas
656 819 13 36 i
699 819 212 46 anslutning
939 819 58 35 till
1027 819 44 35 de
1100 817 181 37 särskilda
1309 828 178 36 organens
1523 815 180 49 fysiologi.
1763 816 46 35 Så

212 876 65 36 bör
318 875 103 35 läran
463 886 55 24 om
563 874 238 36 födoämnena
843 874 66 35 och
952 873 127 35 födans
1126 871 309 47 ändamålsenliga
1481 869 329 49 sammansättning

213 932 196 45 genomgås
451 928 13 36 i
507 928 213 47 anslutning
761 928 57 35 till
854 926 495 48 matsmältningsprocessen,
1379 925 186 36 bostäders
1595 924 214 37 ventilation

214 985 13 35 i
256 983 263 47 sammanhang
556 983 81 35 med
670 983 141 35 hudens
841 982 242 37 verksamhet.
1141 980 250 48 Lirjungarne
1420 979 86 36 böra
1535 979 108 37 äfven
1672 979 137 35 erhålla

213 1041 121 44 någon
375 1037 170 47 kunskap
576 1049 56 23 om
662 1036 236 36 bakteriernas
930 1036 164 45 betydelse
1122 1036 60 34 och
1209 1034 214 46 verkningar
1451 1037 90 32 samt
1569 1044 52 25 om
1649 1033 41 37 de
1718 1044 90 26 sam-

214 1092 291 45 hällshygieniska
533 1091 132 36 medlen
695 1091 53 35 till
776 1091 233 44 bekämpande
1038 1089 48 44 af
1106 1090 42 35 de
1175 1090 144 34 svårare
1348 1088 405 44 bakteriesjukdomarne.

321 1145 357 47 Kursfördelningen
717 1145 55 35 för
797 1145 195 46 gymnasiet
1021 1142 245 45 föreskrifver,
1298 1145 53 33 att
1380 1142 13 35 i
1424 1143 103 34 2:dra
1556 1142 130 47 ringen
1716 1141 94 37 skall

217 1202 214 46 genomgås:
477 1199 377 47 miänniskokroppens
883 1211 122 34 organ,
1041 1198 174 36 väfnader
1247 1197 66 36 och
1342 1195 170 49 fysiologi
1540 1197 66 35 och
1635 1196 12 35 i
1677 1196 133 36 anslut-

216 1256 93 47 ning
341 1254 123 36 därtill
492 1254 191 44 hälsolära,
715 1254 78 35 däri
821 1252 218 48 inbegripna
1068 1253 43 34 de
1140 1251 236 47 rusgifvande
1406 1255 169 31 ämnenas
1604 1253 92 34 samt
1715 1251 97 35 toba-

215 1310 91 35 kens
335 1311 108 33 natur
472 1309 67 35 och
567 1308 224 47 verkningar
820 1307 184 37 äfvensom
1035 1307 59 35 det
1122 1305 198 47 viktigaste
1349 1317 56 23 om
1434 1305 377 45 mikroorganismerna

217 1364 60 36 och
305 1365 104 35 deras
438 1363 166 46 betydelse
632 1362 79 45 och,
743 1365 115 33 såsom
888 1360 193 48 inledning
1110 1359 56 37 till
1195 1360 61 35 det
1283 1359 93 45 hela,
1399 1359 61 36 det
1479 1359 275 36 elementäraste
1774 1359 40 35 af

218 1417 170 37 cellifvet.
446 1417 19 35 I
494 1417 235 47 förbigående
753 1416 74 36 kan
855 1421 162 39 nämnas,
1049 1418 53 33 att
1130 1415 119 35 denna
1276 1413 267 48 undervisning
1572 1413 152 48 förlagts
1752 1413 58 36 till

218 1472 224 48 gymnasiets
473 1471 104 36 2:dra
605 1471 83 47 ring
712 1471 40 35 af
778 1471 60 35 det
867 1470 127 45 skälet,
1025 1472 52 33 att
1106 1469 69 36 alla
1209 1468 235 49 lärjungarne
1473 1468 102 35 skola
1603 1468 36 35 få
1668 1467 142 37 tillfälle

218 1529 53 33 att
300 1526 165 36 inhämta
495 1526 101 35 dessa
625 1525 144 48 nyttiga
797 1525 222 47 kunskaper.
1069 1524 84 36 Den
1182 1522 183 45 valfrihet,
1397 1535 74 23 som
1491 1521 135 37 tillåter
1645 1521 166 50 lärjunge

219 1583 52 33 att
299 1580 179 48 bortvälja
508 1582 121 33 ämnet
656 1579 147 47 biologi,
833 1578 165 36 inträder
1026 1577 184 47 nämligen
1240 1577 90 36 först
1359 1577 12 35 i
1402 1576 97 49 3:dje
1528 1576 140 48 ringen.

326 1635 71 35 Det
426 1634 102 36 torde
558 1634 39 35 af
624 1634 69 35 den
722 1633 102 47 gifna
852 1632 252 47 redogörelsen
1125 1632 150 46 framgå,
1302 1633 54 33 att
1375 1643 84 22 man
1479 1630 61 37 vid
1559 1631 252 47 uppgörandet

217 1689 40 36 af
282 1689 127 47 planer
438 1689 55 35 för
524 1687 311 47 undervisningen
865 1687 13 35 i
906 1686 318 47 naturkunnighet
1253 1685 79 35 haft
1359 1684 145 36 blicken
1525 1689 116 42 öppen
1670 1685 56 35 för
1754 1684 56 36 be-

218 1743 127 37 hofvet
374 1743 39 35 af
439 1742 222 37 hälsolärans
692 1741 161 36 studium
883 1741 12 35 i
925 1741 69 35 alla
1024 1741 45 35 de
1098 1740 99 35 olika
1216 1740 124 45 slagen
1369 1738 41 35 af
1434 1738 188 48 offentliga
1651 1738 120 36 skolor
1799 1737 13 36 i

218 1800 81 33 vårt
327 1796 97 36 land.
483 1797 17 35 I
531 1797 43 35 de
594 1796 201 48 lyckligare
815 1795 136 36 lottade
971 1794 248 36 folkskolorna
1247 1793 67 36 och
1334 1793 43 35 de
1398 1793 181 35 allmänna
1599 1792 213 37 läroverken

218 1852 102 35 torde
349 1852 67 35 ock
444 1850 314 47 undervisningen
787 1850 13 35 i
830 1850 97 35 detta
957 1854 103 30 ämne
1088 1849 120 35 lämna
1232 1850 52 33 ett
1304 1847 88 47 godt
1410 1847 162 45 resultat,
1594 1846 218 36 åtminstone

220 1906 64 34 där
312 1904 313 47 undervisningen
654 1904 176 35 bestrides
860 1904 39 35 af
923 1901 381 47 naturvetenskapligt
1332 1901 189 35 utbildade
1550 1901 87 35 eller
1666 1901 148 35 skolade

219 1959 128 36 lärare.
406 1959 141 48 Tyvärr
575 1959 106 35 råder
712 1958 54 36 för
794 1958 227 36 närvarande
1050 1959 72 34 rätt
1151 1958 75 34 stor
1254 1955 92 36 brist
1371 1954 78 49 just
1477 1957 45 45 på
1552 1955 126 48 dylika
1698 1955 116 36 lärare

220 2014 67 35 och
321 2013 13 35 i
362 2013 89 49 följd
481 2013 106 35 däraf
612 2018 39 30 är
679 2024 72 36 nog
780 2012 312 47 undervisningen
1116 2010 11 36 i
1156 2010 178 36 hälsolära
1362 2011 46 45 på
1436 2012 52 33 ett
1516 2010 67 35 och
1607 2013 110 32 annat
1741 2010 73 35 håll

220 2067 175 48 tämligen
423 2067 207 47 bristfällig.

329 2123 87 35 Men
458 2135 51 22 nu
551 2122 157 35 nämnda
749 2119 269 48 undervisning
1053 2120 105 35 berör
1199 2119 13 36 i
1240 2117 98 49 regel
1367 2117 30 49 ej
1430 2118 70 35 den
1529 2118 58 35 del
1616 2118 40 35 af
1681 2120 131 42 ämnet,

219 2188 75 24 som
345 2176 224 36 motionären
612 2175 219 36 åtminstone
874 2175 12 35 i
929 2174 57 36 sin
1027 2173 219 47 motivering
1280 2172 209 48 påtagligen
1517 2172 65 36 vill
1611 2172 202 45 framhålla,

219 2229 186 49 nämligen
448 2231 43 35 de
534 2229 191 37 veneriska
768 2229 257 48 sjukdomarna
1063 2228 66 36 och
1159 2228 70 35 den
1258 2227 77 36 fara
1365 2227 43 34 de
1437 2226 174 36 innebära
1640 2227 55 36 för
1723 2226 91 36 indi-

220 2284 120 45 viden,
386 2284 164 49 familjen
592 2284 66 36 och
699 2283 200 36 samhället.
957 2282 229 48 Kunskapen
1227 2282 125 35 härom
1381 2281 301 47 sammanhänger
1711 2280 104 37 emel-
