1874 2778
465 153 286 30 Statsutskottets
776 151 180 31 utlåtande
980 161 43 20 nr
1046 152 36 28 11
1109 151 39 29 år
1174 149 82 31 1957
1566 147 39 30 91

161 235 78 29 Med
261 234 245 39 tillstyrkande
528 243 42 20 av
591 232 125 39 Kungl.
739 232 124 38 Maj:ts
886 231 130 39 förslag
1038 231 11 29 i
1070 230 111 38 övrigt
1202 228 202 31 hemställer
1426 227 180 32 utskottet,

474 316 50 27 att
539 313 188 39 riksdagen
741 312 58 29 må
814 311 79 30 med
907 311 99 29 bifall
1023 310 52 30 till
1090 309 126 39 Kungl.
1233 308 124 40 Maj:ts
1373 308 130 38 förslag
1520 308 89 28 samt

676 366 9 8 o

429 368 78 29 med
531 366 117 40 avslag
671 376 21 20 å
715 365 220 29 motionerna
959 364 28 29 1:
1004 363 64 30 204
1091 363 64 29 och
1179 363 45 29 II:
1242 362 62 30 220

478 449 35 31 a)
545 447 175 30 fastställa
759 446 158 39 följande
956 443 388 42 personalförteckning
1384 442 54 30 för
1478 444 132 28 statens

432 500 368 41 sjuksköterskeskola
820 500 11 29 i
851 499 186 39 Göteborg:

845 578 354 32 Personalförteckning

744 643 228 39 Tjänsteman
995 641 19 30 å
1037 640 174 31 ordinarie
1234 641 70 28 stat

1467 692 144 31 Lönegrad

433 735 15 28 1
474 733 241 31 föreståndare
1493 727 46 30 Ca
1553 727 56 34 23;

476 787 37 34 b)
543 787 186 39 godkänna
754 785 157 40 följande
936 785 254 38 avlöningsstat
1214 783 54 30 för
1293 784 131 28 statens
1450 781 163 39 sjukskö-

432 840 217 31 terskeskola
674 841 12 29 i
712 839 180 39 Göteborg,
920 841 50 27 att
995 838 177 39 tillämpas
1198 836 72 31 tills
1295 836 118 30 vidare
1440 835 42 29 fr.
1510 843 29 21 o.
1566 843 45 20 m.

431 894 205 40 budgetåret
658 893 157 37 1957/58:

892 963 263 39 Avlöningsstat

435 1029 27 30 1.
499 1028 171 39 Avlöning
694 1027 54 30 till
772 1027 176 30 ordinarie
973 1026 227 39 tjänsteman,
1226 1023 204 41 förslagsvis
1480 1021 115 31 14500

500 1081 161 30 Arvoden
687 1081 65 29 och
779 1080 174 30 särskilda
978 1078 245 39 ersättningar,
1249 1076 181 31 bestämda

500 1145 42 20 av
563 1134 126 40 Kungl.
712 1134 116 39 Maj:t,
850 1132 205 40 förslagsvis
1499 1129 18 30 3
1533 1128 62 30 000

434 1189 30 30 3.
501 1188 161 30 Arvoden
682 1188 35 29 åt
736 1186 177 40 tillfälliga
933 1187 123 33 lärare,
1075 1184 205 40 förslagsvis
1478 1182 39 30 57
1534 1181 61 31 900

435 1242 29 30 4.
502 1242 212 39 Avlöningar
733 1241 52 30 till
805 1240 97 40 övrig
920 1239 269 31 icke-ordinarie
1208 1237 163 41 personal
1479 1236 38 30 87
1536 1235 60 30 100

434 1296 30 30 5.
501 1296 133 39 Rörligt
656 1295 129 39 tillägg,
808 1293 204 40 förslagsvis
1479 1290 40 30 29
1533 1289 63 30 500

1139 1364 144 29 Summa
1301 1363 131 28 kronor
1459 1361 59 29 192
1534 1360 78 34 000;

479 1439 34 33 c)
544 1439 52 28 till
614 1438 139 29 Statens
773 1434 370 42 sjuksköterskeskola
1165 1436 11 29 i
1197 1434 185 38 Göteborg:
1403 1431 214 39 Avlöningar

436 1491 54 30 för
512 1490 204 40 budgetåret
740 1489 142 38 1957/58
905 1489 120 29 anvisa
1047 1490 48 28 ett
1117 1486 273 40 förslagsanslag
1412 1495 41 20 av
1477 1485 60 29 192
1552 1484 62 30 000

435 1545 141 29 kronor.

169 1653 99 34 99:0)
298 1652 134 29 Statens
452 1650 365 35 sjuksköterskeskola
837 1650 11 29 i
869 1649 185 35 Göteborg:
1079 1646 264 31 Omkostnader.
1364 1645 126 40 Kungl.
1512 1644 106 39 Maj:t

126 1706 64 29 har
218 1705 130 40 (punkt
372 1704 71 34 108,
467 1714 25 20 s.
515 1703 191 34 336—338)
734 1702 180 40 föreslagit
936 1701 187 39 riksdagen
1146 1702 50 28 att
1218 1700 52 29 till
1294 1700 137 29 Statens
1455 1697 163 39 sjukskö-

127 1759 218 30 terskeskola
363 1759 11 28 i
393 1758 184 38 Göteborg:
600 1757 260 30 Omkostnader
880 1756 54 29 för
953 1754 205 39 budgetåret
1180 1753 141 37 1957/58
1341 1752 120 30 anvisa
1481 1752 48 29 ett
1549 1750 68 29 för-

128 1813 215 39 slagsanslag
367 1821 42 20 av
433 1812 60 29 156
508 1811 63 30 000
595 1810 141 30 kronor.

173 1897 165 38 Anslaget
359 1897 37 28 är
416 1896 11 29 i
447 1895 159 39 gällande
627 1895 146 28 riksstat
794 1893 145 39 uppfört
959 1892 79 29 med
1061 1891 60 29 106
1136 1890 63 30 400
1220 1891 141 28 kronor.

174 1950 121 30 Såsom
320 1947 386 41 departementschefen
732 1947 133 29 anmält
892 1946 110 29 under
1027 1942 388 39 omkostnadsanslaget
1440 1942 52 29 till
1518 1941 102 28 barn-

129 2002 394 31 morskeläroanstalten
547 2002 11 28 i
583 2001 170 38 Göteborg
778 2000 64 29 har
866 1998 276 30 kommissionen
1170 1997 54 30 för
1250 1995 266 38 förhandlingar
1541 1994 79 29 med

130 2057 188 39 Göteborgs
340 2056 76 30 stad
436 2056 10 29 i
465 2056 93 29 vissa
578 2054 218 29 medicinska
818 2051 342 38 universitelsfrågor
1182 2050 187 29 inkommit
1390 2049 78 29 med
1491 2047 129 39 förslag

130 2110 52 30 till
199 2112 77 37 nytt
293 2111 90 28 avtal
400 2109 78 29 med
497 2108 121 29 staden
634 2107 150 30 rörande
802 2105 193 40 upplåtelse
1012 2115 41 19 av
1070 2104 132 29 lokaler
1219 2113 44 20 m.
1281 2113 45 19 m.
1345 2103 54 29 för
1416 2101 204 30 läroanstal-

130 2166 58 27 ten
209 2164 65 29 och
295 2161 403 40 sjuksköterskeskolan.
720 2160 143 29 Liksom
885 2159 54 29 för
959 2155 503 32 barnmorskeläroanstaltens
1482 2154 54 29 del
1558 2154 63 28 har

130 2215 397 40 departemenlschefen,
552 2214 112 29 ehuru
690 2212 280 38 avtalsförslaget
996 2212 94 28 ännu
1115 2210 76 29 icke
1218 2208 185 30 fastställts
1429 2217 41 20 av
1496 2203 124 46 Kungl.

131 2269 116 38 Maj:t,
270 2269 57 29 vid
349 2268 238 37 beräkningen
610 2276 42 20 av
674 2265 280 30 medelsbehovet
978 2264 110 28 under
1112 2262 228 29 förevarande
1365 2261 120 38 anslag
1508 2261 114 27 ansett

133 2322 50 39 sig
202 2323 84 28 böra
306 2321 81 38 utgå
407 2321 78 29 från
505 2321 10 28 i
535 2319 281 38 avtalsförslaget
836 2317 149 39 angivna
1005 2315 161 40 grunder.
1199 2309 23 56 IT.
1231 2314 153 39 enlighet
1403 2313 145 29 härmed
1567 2312 56 29 be-

132 2376 131 29 räknas
280 2375 54 29 för
351 2375 85 38 hyra
454 2383 40 20 av
513 2370 404 39 undervisningslokaler
937 2370 36 29 11
991 2370 61 28 000
1071 2369 140 33 kronor,
1231 2368 53 29 för
1302 2367 123 30 bostad
1442 2366 52 29 till
1512 2366 111 29 elever

135 2429 60 29 156
210 2429 63 29 000
295 2428 139 32 kronor,
457 2427 64 29 och
544 2426 53 29 för
619 2426 78 29 kost
720 2425 49 29 till
794 2424 111 29 elever
927 2423 41 29 66
983 2423 62 28 500
1067 2422 141 28 kronor.
1242 2421 50 28 Av
1315 2420 141 29 skolans
1480 2418 143 39 styrelse

133 2482 109 30 äskad
268 2480 317 38 medelsanvisning
611 2479 64 29 har
700 2478 122 29 därvid
849 2477 174 29 minskats
1049 2475 78 29 med
1154 2476 48 28 ett
1228 2474 124 39 belopp
1379 2471 244 31 motsvarande
