1872 2778
483 170 286 31 Statsutskottets
794 171 180 30 utlåtande
998 181 42 20 nr
1064 171 36 30 11
1127 171 40 30 år
1191 171 84 30 1957
1586 171 38 30 71

132 250 76 31 icke
233 251 119 30 funnit
377 251 190 39 anledning
591 251 52 30 till
667 251 143 30 erinran
832 253 74 28 mot
930 251 466 40 kostnadsberäkningarna,
1421 251 205 40 tillstyrkes,

134 306 50 28 att
208 304 54 30 för
285 305 101 30 nästa
409 304 171 40 budgetår
604 304 54 30 för
682 304 227 30 anordnande
932 314 43 21 av
998 314 43 20 en
1064 304 152 30 särskild
1240 304 185 40 avdelning
1450 304 55 30 för
1529 304 99 40 njur-

135 357 208 40 sjukdomar
361 358 140 30 anvisas
519 360 48 28 ett
585 358 123 40 belopp
728 367 41 21 av
787 358 62 29 365
865 358 63 30 000
946 358 142 30 kronor.

180 411 117 40 Enligt
313 411 128 30 mellan
458 411 127 39 Kungl.
601 411 106 39 Maj:t
723 412 65 29 och
803 412 148 34 kronan,
969 411 19 30 å
1004 421 75 25 ena,
1096 414 89 28 samt
1200 411 199 31 Malmöhus
1415 412 78 29 läns
1509 411 117 30 lands-

135 464 84 40 ting,
236 464 20 30 å
272 465 109 30 andra
399 465 111 34 sidan,
527 464 134 31 träffad
677 465 340 30 överenskommelse
1033 474 57 21 om
1107 465 254 40 dispositionen
1377 474 43 21 av
1435 465 71 30 viss
1523 466 103 29 tomt-

135 518 102 29 mark
257 518 10 30 i
287 518 120 30 Lunds
428 519 78 29 stad
526 527 46 21 m.
593 528 45 20 m.
660 518 89 30 skall
771 520 113 28 staten
904 518 145 40 bidraga
1069 519 80 30 med
1168 518 137 31 hälften
1326 528 42 20 av
1387 518 238 31 kostnaderna

135 570 55 31 för
211 571 219 40 uppförande
451 572 20 30 å
492 581 105 21 norra
617 571 319 31 lasarettsområdet
957 581 42 21 av
1019 581 43 21 en
1082 581 47 30 ny
1150 572 395 40 förvaltningsbyggnad
1572 572 53 33 (se

134 632 98 32 prop.
255 633 42 21 nr
322 624 193 45 107/1948).
539 625 204 30 Kostnaden
764 626 64 29 har
850 625 191 31 beräknats
1064 625 52 30 till
1139 625 20 29 4
1174 625 62 30 700
1251 625 63 30 000
1337 625 141 31 kronor.
1503 624 122 31 Såsom

138 677 82 30 1955
247 678 57 30 års
329 678 511 40 läkarutbildningsutredning
866 678 196 31 framhållit
1087 679 12 29 i
1125 679 61 30 sitt
1212 679 67 29 den
1306 679 40 29 29
1373 679 141 39 augusti
1541 678 84 31 1956

136 731 205 32 avlämnade
373 731 222 30 betänkande
627 732 149 30 rörande
806 732 156 30 kliniska
994 732 350 40 utbildningsplatser
1376 732 56 30 för
1463 732 162 30 blivande

134 784 120 30 läkare
281 785 38 29 är
345 785 58 30 det
429 794 42 20 ur
498 784 314 41 undervisningens
841 785 181 40 synpunkt
1048 785 190 40 angeläget,
1266 788 51 28 att
1343 785 68 30 den
1436 785 188 41 planerade

134 837 512 41 administrationsbyggnaden
670 840 138 28 snarast
830 839 161 29 kommer
1015 839 52 30 till
1092 839 114 30 stånd.
1230 839 395 40 Departementschefen

135 890 144 31 föreslår
302 891 130 35 därför,
457 894 51 28 att
532 891 55 30 för
610 892 102 29 nästa
735 892 169 39 budgetår
928 892 55 30 för
1006 892 218 39 påbörjande
1247 901 43 22 av
1312 892 96 31 detta
1430 892 195 40 byggnads-

134 943 135 41 företag
290 944 139 31 anvisas
452 944 62 30 675
529 944 63 31 000
613 945 142 30 kronor.

178 998 68 30 För
275 998 92 30 vissa
397 998 375 39 omändringsarbeten
801 998 98 30 inom
928 998 390 41 röntgendiagnostiska
1349 998 231 40 avdelningen
1611 998 13 30 I

134 1050 193 40 tillstyrkes
346 1051 164 40 slutligen
529 1051 190 30 anvisande
738 1061 42 20 av
798 1052 18 29 3
830 1051 63 31 400
912 1052 142 30 kronor.

176 1104 66 30 Vid
270 1104 100 30 bifall
399 1104 53 30 till
481 1104 67 30 vad
577 1105 11 29 i
617 1105 58 29 det
704 1104 208 40 föregående
943 1104 176 31 förordats
1151 1105 112 30 skulle
1295 1105 247 40 statsbidraget
1572 1105 54 31 för

134 1157 102 30 nästa
253 1157 170 40 budgetår
443 1158 116 39 uppgå
578 1158 53 30 till
650 1158 173 30 avrundat
842 1157 19 30 3
876 1158 62 30 775
954 1158 74 30 000.

179 1237 186 31 Utskottet.
397 1238 127 40 Kungl.
544 1238 125 39 Maj:ts
690 1238 131 40 förslag
842 1239 112 29 under
975 1239 229 30 förevarande
1224 1239 115 40 punkt
1358 1239 65 30 har
1443 1239 77 31 icke
1541 1239 84 40 givit

134 1291 171 30 utskottet
329 1291 189 40 anledning
542 1291 53 30 till
619 1294 108 28 annat
750 1292 181 30 uttalande
956 1293 45 29 än
1025 1295 51 28 att
1099 1293 172 30 utskottet
1294 1293 12 29 i
1329 1293 111 30 likhet
1464 1293 80 29 med
1568 1292 58 30 de-

133 1345 340 38 partementschefen
497 1344 263 40 understryker,
786 1347 50 28 att
861 1346 65 29 här
952 1345 197 40 framlagda
1173 1346 131 39 förslag
1329 1346 76 30 icke
1431 1346 53 30 till
1509 1346 116 39 någon

133 1396 55 30 del
212 1396 56 31 får
290 1406 102 21 anses
414 1397 292 40 prejudicerande
729 1398 55 30 för
807 1397 526 41 förhandlingskommissionen
1355 1399 58 30 vid
1436 1399 80 30 dess
1540 1399 85 29 fort-

134 1451 91 29 satta
243 1450 127 30 arbete.

178 1504 177 30 Utskottet
374 1503 55 30 får
449 1504 80 30 med
549 1504 245 39 tillstyrkande
814 1513 43 21 av
875 1504 128 40 Kungl.
1024 1504 124 39 Maj:ts
1169 1505 131 40 förslag
1320 1505 196 34 hemställa,

489 1559 51 28 att
556 1557 188 39 riksdagen
760 1557 57 30 må
833 1557 53 30 till
902 1557 130 40 Bidrag
1048 1557 53 30 till
1117 1558 92 30 vissa
1227 1558 322 39 byggnadsarbeten
1568 1558 57 31 vid

444 1610 199 30 Malmöhus
675 1610 76 31 läns
781 1610 430 41 sjukvårdsinrättningar
1241 1612 11 29 i
1281 1612 104 29 Lund
1415 1622 46 20 m.
1494 1622 44 20 m.
1570 1611 56 30 för

443 1664 206 39 budgetåret
667 1664 137 44 1957/58
820 1664 122 31 anvisa
957 1667 49 28 ett
1020 1665 357 40 reservationsanslag
1392 1674 43 22 av
1450 1665 18 30 3
1484 1665 61 30 775
1561 1665 62 30 000

444 1717 142 30 kronor.

177 1813 97 34 61:0)
304 1813 126 37 Bidrag
448 1814 54 30 till
521 1814 128 30 Malmö
669 1814 174 30 allmänna
863 1814 161 36 sjukhus.
1045 1816 13 29 I
1079 1815 153 40 enlighet
1252 1816 80 29 med
1353 1816 127 39 Kungl.
1501 1816 125 39 Maj:ts

132 1866 132 40 förslag
293 1866 131 40 (punkt
448 1868 52 33 69,
527 1876 25 21 s.
578 1868 62 29 267
666 1868 64 29 och
756 1867 95 35 268),
876 1868 109 30 vilket
1009 1868 146 30 innebär
1179 1878 43 20 en
1247 1869 131 39 ökning
1404 1878 42 21 av
1470 1869 157 39 anslaget

131 1919 80 30 med
239 1920 59 29 107
314 1920 62 30 000
401 1920 143 34 kronor,
569 1920 202 30 hemställer
796 1921 182 34 utskottet,

489 1975 50 28 att
557 1974 188 39 riksdagen
763 1974 57 29 må
838 1974 53 30 till
909 1974 129 40 Bidrag
1057 1974 52 29 till
1126 1974 131 30 Malmö
1275 1974 180 31 allmänna
1473 1974 154 39 sjukhus

445 2027 55 30 för
515 2027 205 40 budgetåret
739 2027 140 38 1957/58
897 2028 121 30 anvisa
1036 2030 48 28 ett
1101 2028 274 40 förslagsanslag
1392 2038 42 21 av
1452 2029 18 30 2
1486 2028 61 31 735
1563 2028 63 31 000

443 2080 142 30 kronor.

178 2176 98 34 62:0)
305 2176 126 36 Bidrag
450 2177 54 29 till
525 2176 188 36 Göteborgs
734 2178 75 29 stad
831 2178 52 29 till
905 2178 128 29 driften
1055 2187 42 20 av
1119 2179 56 29 för
1197 2178 431 35 undervisningsändamål

135 2228 164 34 upplåtna
319 2229 159 34 sjukhus.
499 2230 12 28 I
532 2230 151 39 enlighet
702 2231 80 28 med
801 2230 126 39 Kungl.
947 2231 125 38 Maj:ts
1093 2231 130 39 förslag
1249 2231 131 39 (punkt
1400 2232 51 33 70,
1473 2241 25 20 s.
1520 2232 109 29 268—

134 2281 96 34 270),
256 2282 107 29 vilket
388 2282 147 29 innebär
561 2291 43 20 en
629 2282 79 29 med
734 2282 62 30 300
811 2283 63 29 000
901 2283 131 29 kronor
1058 2283 91 30 ökad
1175 2283 330 40 medelsanvisning,
1533 2285 95 29 hem-

135 2334 118 29 ställer
271 2335 181 33 utskottet,

490 2389 50 28 att
558 2387 186 39 riksdagen
762 2388 57 29 må
837 2388 51 29 till
906 2388 129 39 Bidrag
1054 2388 52 29 till
1123 2388 188 40 Göteborgs
1329 2389 80 29 stad
1427 2389 53 29 till
1496 2388 131 40 driften

445 2449 42 21 av
506 2440 57 39 för
585 2439 438 39 undervisningsändamål
1043 2441 169 39 upplåtna
1233 2441 153 40 sjukhus
1409 2442 55 30 för
1485 2443 144 39 budget-

445 2493 74 30 året
545 2494 140 36 1957/58
709 2494 119 30 anvisa
852 2496 49 28 ett
925 2493 273 41 förslagsanslag
1222 2504 42 21 av
1287 2495 18 29 3
1321 2495 62 30 200
1398 2496 63 29 000
1486 2496 142 30 kronor.
