1874 2780
466 181 286 30 Statsutskottets
777 181 179 31 utlåtande
980 191 41 20 nr
1046 182 36 29 11
1109 181 40 30 år
1173 181 83 30 1957
1567 180 41 30 93

119 261 298 30 tionssköterskor
444 262 64 28 och
536 261 211 29 husmödrar
773 261 57 29 vid
859 260 360 40 sjukvårdsanstalter
1246 270 45 19 m.
1320 260 37 29 fl.
1386 259 54 30 för
1467 259 144 38 budget-

119 315 74 30 året
215 315 141 36 1957/58
376 314 121 30 anvisa
517 317 48 27 ett
586 314 121 40 anslag
728 324 41 20 av
791 314 60 30 140
866 314 62 30 000
949 314 141 29 kronor.

165 413 165 39 Anslaget
348 414 38 29 är
404 414 10 29 i
433 413 159 39 gällande
610 413 146 30 riksstat
774 412 144 40 uppfört
936 413 79 29 med
1036 412 61 29 119
1112 411 63 31 000
1194 412 140 29 kronor.

165 467 116 39 Enligt
298 467 126 39 Kungl.
442 467 125 39 Maj:ts
584 466 159 40 uppdrag
759 466 206 30 verkställer
983 465 360 39 medicinalstyrelsen
1361 464 24 30 f.
1404 474 33 20 n.
1455 474 43 20 en
1516 465 95 28 över-

121 530 64 30 syn
205 530 41 20 av
264 521 57 29 det
340 520 221 30 betänkande
581 529 57 20 om
658 520 105 39 högre
784 520 197 39 utbildning
1001 529 41 20 av
1063 519 289 39 sjuksköterskor
1371 528 46 19 m.
1438 527 45 20 m.
1510 517 100 33 (SOU

123 574 173 34 1951:33)
336 583 75 21 som
444 574 146 39 avgivits
624 583 41 20 av
702 573 81 30 1946
817 573 57 30 års
906 572 185 30 kommitté
1126 572 54 30 för
1214 570 398 41 sjuksköterskeutbild-

122 628 137 39 ningen.
287 628 53 29 Då
355 627 182 30 resultatet
554 637 42 20 av
612 628 114 29 denna
743 628 147 38 översyn
907 628 94 28 ännu
1018 627 30 38 ej
1070 626 193 39 föreligger,
1282 627 38 28 är
1337 625 274 39 departements-

120 681 125 30 chefen
261 681 75 30 icke
352 681 128 29 beredd
496 683 50 28 att
563 680 130 30 föreslå
709 681 113 39 någon
839 680 148 39 ändring
1004 689 41 20 av
1062 680 179 29 formerna
1258 679 54 29 för
1329 677 283 40 sjuksköterske-

121 735 225 38 föreningens
375 734 328 30 statsunderstödda
730 733 311 30 kursverksamhet
1070 732 66 30 och
1164 733 70 29 kan
1263 731 149 30 sålunda
1439 731 76 29 icke
1545 730 67 29 till-

121 789 121 39 styrka
259 788 115 39 någon
391 788 222 39 förlängning
630 797 41 20 av
688 788 95 29 tiden
800 787 54 30 för
871 787 236 33 lärarkursen,
1126 795 74 20 som
1217 785 103 30 alltså
1336 786 10 29 i
1363 785 152 39 enlighet
1532 784 80 29 med

120 841 379 40 medicinalstyrelsens
526 841 131 39 förslag
683 842 86 29 även
796 841 54 29 för
876 842 101 28 nästa
1003 839 170 40 budgetår
1199 840 61 29 bör
1286 838 150 31 omfatta
1463 838 57 29 nio
1547 837 65 29 och

122 905 41 20 en
186 896 80 29 halv
288 895 179 29 månader.

168 954 77 29 Icke
260 953 109 30 heller
384 954 70 28 kan
469 952 386 40 departementschefen
871 952 10 29 i
897 952 149 29 avbidan
1060 951 45 39 på
1121 951 182 29 resultatet
1318 960 42 20 av
1375 950 67 29 den
1458 949 155 29 nämnda

122 1008 193 38 översynen
332 1006 176 39 tillstyrka
527 1006 116 39 någon
659 1006 147 39 höjning
825 1015 42 20 av
885 1007 131 27 statens
1035 1004 102 30 andel
1156 1014 42 20 av
1215 1003 237 30 kostnaderna
1471 1003 54 29 för
1544 1002 70 29 för-

122 1061 168 39 eningens
321 1060 175 29 ordinarie
526 1059 323 30 kursverksamhet.
882 1058 253 39 Statsbidraget
1166 1058 62 29 bör
1260 1056 102 30 alltså
1394 1055 219 31 fortfarande

122 1114 83 39 utgå
230 1114 78 29 med
334 1114 58 29 två
417 1113 211 39 tredjedelar
654 1122 42 20 av
721 1113 224 38 föreningens
970 1111 191 30 kostnader
1187 1110 131 34 härför,
1344 1109 199 31 beräknade
1569 1109 45 39 på

123 1168 69 29 sätt
217 1168 10 29 i
253 1167 58 30 det
337 1167 157 39 följande
520 1166 172 30 förordas.
731 1166 120 30 Såsom
877 1165 126 30 villkor
1030 1165 55 30 för
1112 1164 265 39 statsbidragets
1404 1162 209 40 åtnjutande

123 1230 102 21 anses
248 1221 84 29 böra
355 1221 100 38 gälla,
479 1223 50 27 att
552 1221 11 29 i
587 1219 380 39 fortsättningskursen
990 1219 109 29 minst
1123 1218 40 29 22
1187 1218 65 30 och
1275 1218 12 29 i
1309 1216 305 40 kompletterings-

122 1275 173 29 kurserna
313 1274 109 29 minst
442 1274 38 29 16
498 1274 122 34 elever,
638 1274 93 29 vilka
750 1275 38 28 är
805 1274 11 28 i
835 1273 110 30 behov
962 1272 117 34 därav,
1098 1271 130 30 befrias
1248 1271 80 30 från
1346 1270 207 40 erläggande
1573 1278 41 20 av

122 1327 208 39 kursavgift.
363 1328 126 29 Vidare
509 1328 63 29 bör
593 1327 297 39 undervisningen
910 1326 127 29 liksom
1059 1325 126 30 hittills
1207 1325 53 29 stå
1281 1325 111 29 under
1413 1323 201 29 medicinal-

124 1381 189 39 styrelsens
336 1381 141 38 ledning
499 1381 66 29 och
587 1380 160 30 bedrivas
770 1380 106 38 enligt
899 1389 43 20 en
966 1388 41 20 av
1031 1378 171 39 styrelsen
1225 1378 163 39 godkänd
1411 1377 93 39 plan.

169 1438 394 40 Departementschefen
580 1438 171 34 förordar,
769 1440 50 27 att
837 1437 204 38 föreningen
1059 1436 127 29 liksom
1205 1436 54 29 för
1276 1435 236 29 innevarande
1529 1434 86 28 bud-

124 1492 96 40 getår
239 1492 149 30 erhåller
408 1492 210 38 statsbidrag
637 1491 52 29 till
708 1491 189 30 kostnader
916 1491 54 29 för
988 1489 317 40 pensionsavgifter
1324 1488 79 29 med
1423 1490 48 27 ett
1490 1487 124 39 belopp

124 1556 42 20 av
186 1546 96 29 5500
303 1545 141 29 kronor.

169 1599 244 29 Kostnaderna
439 1598 54 30 för
519 1599 68 29 den
613 1598 174 29 ordinarie
813 1596 358 30 kursverksamheten
1198 1596 64 29 har
1289 1605 42 20 av
1356 1594 260 38 medicinalsty-

125 1653 114 29 relsen
257 1652 202 30 reducerats
480 1652 79 29 från
580 1661 42 20 av
643 1652 205 38 föreningen
868 1651 198 29 beräknade
1088 1649 63 30 243
1166 1650 62 29 626
1249 1649 131 29 kronor
1401 1648 52 30 till
1477 1648 60 29 186
1552 1648 62 29 687

124 1706 141 34 kronor,
286 1706 237 29 innebärande
544 1715 43 19 en
608 1705 131 39 ökning
759 1705 11 29 i
791 1704 219 30 förhållande
1032 1704 52 29 till
1106 1703 92 29 årets
1220 1702 294 40 utgiftsunderlag
1537 1701 79 29 med

127 1760 16 29 7
159 1759 61 30 435
247 1759 141 29 kronor.
414 1759 122 29 Denna
561 1758 141 39 ökning,
730 1767 72 20 som
829 1758 11 29 i
864 1757 186 29 huvudsak
1076 1756 128 30 hänför
1231 1757 50 38 sig
1307 1756 52 29 till
1385 1755 108 39 höjda
1519 1755 97 29 löner

126 1813 64 29 och
217 1813 116 38 hyror,
361 1812 164 39 godtages
553 1812 79 29 med
661 1812 65 29 den
755 1811 203 38 ändringen,
987 1812 50 28 att
1067 1810 54 29 för
1148 1809 179 39 bokinköp
1356 1809 64 29 och
1448 1817 168 30 expenser

126 1866 129 29 räknas
280 1866 80 29 med
386 1865 205 30 oförändrat
616 1864 134 40 belopp,
776 1864 107 29 vilket
908 1865 11 28 i
945 1862 220 31 förhållande
1192 1862 49 30 till
1271 1862 188 39 styrelsens
1486 1861 130 38 förslag

125 1919 146 29 innebär
298 1928 43 20 en
367 1918 204 39 minskning
598 1918 80 29 med
705 1918 62 29 500
795 1917 140 28 kronor.
974 1915 356 39 Kostnadsökningen
1357 1915 11 29 i
1397 1914 219 29 förhållande

125 1972 53 29 till
198 1972 57 29 det
276 1972 53 29 för
349 1971 236 30 innevarande
605 1971 169 39 budgetår
794 1970 198 30 beräknade
1014 1968 341 40 utgiftsunderlaget,
1379 1968 61 29 179
1455 1968 62 29 252
1538 1967 79 28 kro-

127 2035 73 24 nor,
223 2025 112 29 skulle
357 2025 147 29 sålunda
524 2025 143 29 komma
689 2026 50 27 att
761 2024 115 39 uppgå
896 2024 52 29 till
970 2023 18 28 6
1004 2023 61 29 935
1088 2022 141 29 kronor.
1263 2022 12 28 I
1298 2021 152 39 enlighet
1471 2020 146 30 härmed

126 2079 65 29 och
217 2079 44 29 då
286 2078 241 29 inkomsterna
554 2087 41 20 av
622 2077 235 39 kursavgifter
883 2077 57 29 vid
967 2086 41 20 av
1034 2074 387 40 departementschefen
1447 2074 171 29 beräknat

127 2133 95 28 antal
249 2131 112 30 elever
388 2132 10 28 i
425 2130 463 40 kompletteringskurserna
915 2130 70 29 kan
1014 2128 209 40 uppskattas
1251 2128 51 29 till
1331 2127 161 39 omkring
1521 2127 18 28 9
1554 2127 62 29 850

127 2185 140 33 kronor,
285 2185 173 29 beräknas
475 2184 346 38 bidragsunderlaget
840 2183 53 29 för
911 2184 99 28 nästa
1028 2182 169 38 budgetår
1216 2182 50 28 till
1284 2182 10 28 i
1312 2183 82 27 runt
1411 2181 47 28 tal
1479 2180 59 29 177
1554 2180 63 28 000

126 2238 141 28 kronor.
296 2237 251 38 Staltsbidraget
574 2237 51 28 till
654 2236 223 38 föreningens
904 2235 175 29 ordinarie
1106 2234 312 29 kursverksamhet
1444 2233 174 29 beräknas

128 2290 51 29 till
200 2290 59 29 123
275 2290 62 29 500
356 2290 82 28 eller
456 2290 172 28 avrundat
649 2288 60 30 124
724 2289 61 29 000
804 2289 139 32 kronor,
962 2288 107 29 vilket
1086 2287 146 29 innebär
1250 2296 42 20 en
1311 2286 130 38 ökning
1459 2286 11 28 i
1489 2285 129 29 förhål-

128 2343 101 29 lande
252 2343 48 29 till
323 2342 234 30 innevarande
578 2342 169 38 budgetår
768 2342 78 29 med
867 2341 17 29 5
900 2341 62 29 000
984 2341 141 28 kronor.

173 2396 52 29 En
244 2398 97 27 extra
361 2395 180 30 lärarkurs
561 2395 147 29 föreslås
728 2395 179 29 anordnad
928 2394 110 29 under
1058 2394 38 29 år
1120 2393 92 29 1958.
1244 2394 138 28 Kursen
1402 2393 61 29 bör
1483 2393 9 28 i
1513 2392 106 38 enlig-

128 2450 58 29 het
206 2450 77 28 med
304 2448 377 39 medicinalstyrelsens
703 2448 128 38 förslag
851 2448 171 29 beräknas
1044 2447 53 29 för
1117 2446 161 39 omkring
1299 2447 40 29 20
1359 2446 175 39 deltagare
1554 2445 64 30 och

128 2503 149 29 omfatta
303 2503 57 29 nio
385 2503 64 28 och
474 2512 42 19 en
542 2502 80 29 halv
648 2501 176 30 månader.
862 2500 243 30 Kostnaderna
1133 2500 53 29 för
1211 2500 131 29 kursen
1368 2499 172 30 beräknas
1568 2499 50 29 till
