2216 2644
396 163 39 32 76
869 164 220 37 Lagutskottets
1111 163 152 29 utlåtande
1286 162 54 31 Nr
1362 163 50 30 46.

540 242 121 37 (Kungl.
687 242 107 35 Maj:ts
816 242 139 36 förslag
932 238 27 46 :)

353 295 88 36 flere
460 295 254 35 likvidatorer
735 297 58 33 att
807 294 210 36 verkställa
1034 294 89 35 den-

354 358 154 25 samma.

406 502 67 36 Om
529 502 257 35 förordnande
832 501 42 35 af
914 501 209 46 syssloman

355 554 98 35 skall
510 553 281 36 underrättelse
847 552 276 47 ofördröjligen

354 617 139 35 genom
519 608 149 33 rättens
696 605 93 35 eller
816 605 202 35 domarens
1046 604 76 35 för-

355 669 87 35 sorg
470 657 176 36 afsändas
672 656 60 36 för
760 656 261 47 registrering.

1383 241 174 38 (Utskottets
1579 241 145 38 förslag:)

1177 297 141 42 rätten,
1361 296 59 33 att
1457 293 225 47 föreningen
1715 293 98 36 skall
1841 294 112 35 träda

1176 346 14 35 i
1217 345 244 45 likvidation,
1491 345 73 35 och
1590 344 181 36 förordne
1797 358 45 23 en
1862 345 92 35 eller

1176 397 90 36 flere
1285 397 255 35 likvidatorer
1559 399 60 33 att
1637 396 211 36 verkställa
1863 397 90 34 den-

1176 461 157 23 samma.

1229 501 72 35 Om
1349 500 259 36 förordnande
1659 499 42 36 af
1746 500 207 46 syssloman

1176 553 99 35 skall
1337 552 281 35 underrättelse
1677 551 277 47 ofördröjligen

1177 616 139 35 genom
1351 606 148 33 rättens
1527 603 94 36 eller
1648 604 201 35 domarens
1876 603 77 35 för-

1178 668 90 35 sorg
1295 656 175 35 afsändas
1497 655 61 35 för
1584 655 260 47 registrering.

1106 781 45 33 39
1181 777 29 46 $.

483 864 119 35 Ideell
628 863 177 47 förening
833 864 98 35 skall
961 864 75 36 ock
1064 865 113 37 träda
1205 864 12 35 i
1245 863 246 45 likvidation,

487 916 34 44 1)
551 916 49 35 då
642 916 147 35 antalet
828 915 448 48 föreningsmedlemmar
1316 915 162 46 nedgått
1522 914 122 35 under
1669 913 76 36 fem
1775 913 73 35 och
1876 912 78 36 till-

355 968 170 46 räckligt
553 967 107 35 antal
686 967 250 36 medlemmar
964 967 33 46 ej
1028 967 150 36 inträdt
1205 967 107 35 inom
1340 970 59 32 tre
1427 966 200 44 månader;

488 1020 36 43 2)
555 1020 49 34 då
630 1018 243 36 förhållande
901 1019 189 45 inträffat,
1119 1022 50 44 på
1196 1019 127 46 grund
1350 1017 140 36 hvaraf
1513 1018 124 46 enligt
1655 1016 265 37 bestämmelse
1942 1016 14 34 i

357 1072 209 45 stadgarna
593 1070 227 47 föreningen
848 1071 99 35 skall
974 1071 178 46 upphöra
1180 1070 87 35 med
1296 1070 58 35 sin
1380 1069 257 36 verksamhet.

483 1123 17 34 I
528 1123 108 35 dessa
662 1122 68 35 fall
755 1122 195 36 äfvensom
969 1122 50 35 då
1038 1122 227 46 föreningen
1283 1121 161 36 beslutit
1464 1124 60 33 att
1543 1121 114 35 träda
1676 1121 14 34 i
1708 1120 245 40 likvidation,

358 1175 97 35 skall
483 1174 233 35 likvidation
745 1174 229 35 verkställas
1002 1173 43 36 af
1067 1174 204 46 styrelsens
1298 1173 214 35 ledamöter
1540 1175 125 33 såsom
1687 1172 266 44 likvidatorer,

357 1227 70 35 där
467 1226 32 45 ej
535 1226 63 35 till
624 1225 94 46 följd
747 1225 42 36 af
812 1226 229 46 stadgarnas
1067 1225 265 36 bestämmelse
1362 1225 91 35 eller
1480 1224 246 46 föreningens
1753 1223 126 36 beslut
1908 1235 47 23 en

358 1278 92 35 eller
476 1278 91 35 flere
596 1277 187 36 särskilda
812 1278 256 35 likvidatorer
1093 1280 114 33 utses.

1105 1400 47 33 40
1182 1398 30 45 8.

485 1485 144 35 Träder
668 1484 227 46 föreningen
931 1483 32 46 ej
994 1483 13 35 i
1035 1483 248 46 likvidation,
1313 1483 122 36 ehuru
1464 1482 140 36 sådant
1629 1481 241 36 förhållande
1898 1481 58 35 in-

357 1536 143 45 träffat,
544 1549 81 23 som
660 1535 160 47 jämlikt
860 1535 293 36 bestämmelsen
1181 1536 14 34 i
1225 1538 45 33 39
1300 1534 19 47 $
1350 1537 17 32 I
1398 1546 114 24 mom.
1556 1534 123 35 under
1716 1533 34 45 1)
1779 1532 178 47 påkallar

357 1588 245 45 likvidation,
645 1599 107 24 svare
786 1587 57 46 de,
872 1599 80 23 som
980 1587 89 35 med
1095 1587 164 47 vetskap
1288 1598 63 24 om
1378 1586 262 36 förhållandet
1668 1585 155 46 deltaga
1851 1585 14 34 i
1892 1585 63 35 be-

359 1640 76 35 slut
476 1652 63 23 om
579 1639 259 36 fortsättande
879 1638 41 36 af
956 1638 246 47 föreningens
1242 1638 248 36 verksamhet
1532 1638 93 35 eller
1651 1637 144 36 handla
1823 1639 21 32 å
1873 1636 84 35 dess

358 1697 158 42 vägnar,
558 1691 60 36 för
657 1691 312 47 uppkommande
1011 1690 265 45 förbindelser,
1319 1702 48 23 en
1407 1689 61 35 för
1501 1689 75 36 alla
1606 1689 71 36 och
1707 1689 74 35 alla
1808 1688 60 35 för
1896 1700 58 32 en,

359 1746 122 33 såsom
509 1743 61 36 för
598 1755 95 34 egen
721 1742 125 36 skuld.

1106 1866 46 33 41
1183 1862 31 46 8.

488 1949 141 36 Finnes
669 1949 116 36 ideell
825 1948 189 48 förening,
1044 1962 82 23 som
1154 1948 122 47 enligt
1304 1948 179 36 anmälan
1510 1947 64 35 till
1602 1946 182 47 registret
1810 1945 108 36 trädt
1945 1945 13 34 i

361 2001 244 45 likvidation,
650 2002 215 35 sedermera
904 2001 121 36 sakna
1062 2001 62 36 till
1150 2001 183 46 registret
1360 1999 189 45 anmälda,
1579 1998 188 46 behöriga
1794 1997 163 35 likvida-

361 2056 115 42 torer,
518 2065 92 24 vare
650 2052 362 47 föreningsmedlem
1055 2054 93 35 eller
1187 2053 203 45 borgenär,
1432 2054 41 33 så
1515 2050 74 36 ock
1618 2062 47 23 en
1692 2050 97 35 hvar
1816 2061 139 32 annan,

361 2105 113 36 hvars
514 2108 83 33 rätt
631 2104 78 35 kan
736 2116 94 24 vara
856 2105 192 35 beroende
1077 2104 119 46 däraf,
1227 2106 59 33 att
1314 2105 128 45 någon
1469 2102 134 45 finnes,
1632 2114 81 23 som
1741 2107 92 40 äger
1859 2100 98 35 före-

361 2158 112 35 träda
505 2157 239 46 föreningen,
773 2156 224 46 berättigad
1025 2159 60 33 att
1112 2157 69 35 hos
1209 2158 130 33 rätten
1367 2155 92 35 eller
1486 2154 186 35 domaren
1701 2157 93 42 göra
1822 2152 137 36 ansök-

362 2208 93 47 ning
496 2221 63 23 om
600 2208 182 36 utseende
824 2207 41 36 af
900 2208 273 45 likvidatorer;
1209 2207 72 36 och
1309 2207 99 35 skall
1434 2207 13 34 i
1476 2205 120 46 öfrigt
1623 2204 102 36 hvad
1752 2204 13 35 i
1796 2206 45 34 38
1870 2203 19 46 $
1918 2209 43 30 är

362 2260 181 46 stadgadt
570 2261 13 34 i
612 2259 233 48 tillämpliga
871 2260 107 36 delar
1005 2260 117 35 lända
1151 2259 60 36 till
1239 2258 268 36 efterrättelse.
