2224 2652
785 165 217 40 Lagutskottets
1024 169 153 29 utlåtande
1200 167 53 33 Nr
1275 169 52 31 46.
1769 170 41 32 87

450 244 124 38 (Kungl.
598 245 105 37 Maj:ts
725 245 147 39 förslag:)
1286 247 174 38 (Utskottets
1483 249 144 37 förslag
1605 243 24 47 :)

389 298 208 47 Angående
638 301 82 34 rätt
759 299 61 36 för
859 300 113 36 ideell
1012 300 178 49 förening
1217 304 60 34 att
1305 302 117 36 vinna
1448 302 254 48 registrering
1729 305 125 34 såsom

261 348 227 38 ekonomisk
515 350 180 49 förening
722 357 43 31 är
792 352 180 47 stadgadt
1000 352 12 36 i
1040 353 115 48 lagen
1183 366 62 24 om
1274 354 253 37 ekonomiska
1554 354 234 48 föreningar.

615 528 45 33 64
689 526 36 47 $.
1387 532 46 33 65
1460 530 38 46 $.

389 630 470 47 Föreningsmedlemmar,
902 643 80 24 som
1010 643 140 35 genom
1179 634 60 35 att
1267 632 221 38 öfverträda
1517 635 124 36 denna
1670 635 65 48 lag
1762 635 93 37 eller

257 680 245 50 föreningens
538 683 159 48 stadgar
733 683 211 47 tillskynda
975 683 228 49 föreningen
1232 685 130 46 skada,
1393 698 108 24 svare
1529 686 60 36 för
1617 687 160 49 skadan,
1807 701 46 23 en

257 733 61 36 för
346 734 76 36 alla
451 735 72 36 och
551 735 75 36 alla
653 735 61 36 för
742 747 58 25 en.

387 780 227 43 Öfverträda
629 787 382 47 styrelseledamöter,
1028 788 256 37 likvidatorer
1299 790 93 36 eller
1405 790 449 49 föreningsmedlemmar

257 839 125 35 denna
400 839 65 47 lag
484 839 92 36 eller
594 839 245 48 föreningens
858 841 157 46 stadgar
1035 841 72 35 och
1126 841 230 47 tillskyndas
1375 843 123 46 tredje
1518 856 89 24 man
1626 845 226 47 därigenom

256 891 131 45 skada,
430 904 90 23 vare
560 892 58 46 de,
660 904 82 24 som
782 892 91 36 låtit
913 893 137 36 sådant
1088 893 156 36 komma
1273 894 58 47 sig
1358 895 61 35 till
1447 895 85 48 last,
1563 897 201 46 ansvarige
1793 897 60 36 för

256 943 159 46 skadan,
445 956 46 23 eu
520 943 59 36 för
608 944 75 35 alla
712 943 72 37 och
813 944 75 36 alla
916 944 59 36 för
1002 957 58 24 en.

611 1122 47 33 65
684 1119 37 47 $.
1385 1125 48 32 66
1458 1123 36 46 $.

385 1223 193 47 Förening
620 1235 89 24 vare
751 1224 58 35 uti
846 1224 45 36 de
920 1225 86 45 mål,
1036 1224 61 36 för
1124 1225 134 36 hvilka
1288 1225 31 47 ej
1351 1228 241 36 annorlunda
1619 1240 140 35 genom
1787 1230 65 46 lag

256 1275 165 46 stadgas,
452 1275 163 46 lydande
644 1275 123 35 under
794 1276 141 36 allmän
964 1277 204 36 underrätt
1196 1278 12 34 i
1237 1278 72 35 den
1339 1281 73 43 ort,
1435 1279 70 36 där
1523 1280 186 47 styrelsen
1729 1282 123 46 enligt

255 1327 207 46 stadgarna
491 1327 70 35 har
590 1327 69 36 sitt
686 1330 93 33 säte.

611 1495 48 32 66
684 1493 36 46 $.
1385 1500 49 33 67
1457 1498 36 45 $.

383 1605 278 36 Försummelse
702 1609 61 33 att
804 1608 121 47 enligt
965 1609 267 37 bestämmelse
1260 1609 13 35 i
1302 1610 125 36 denna
1455 1611 64 47 lag
1544 1616 96 44 göra
1669 1613 178 36 anmälan

253 1655 60 37 för
354 1657 251 47 registrering
632 1658 99 36 skall
760 1659 122 36 åtalas
909 1660 65 36 vid
1002 1661 144 36 allmän
1174 1661 205 37 underrätt
1406 1663 12 35 i
1448 1664 71 35 den
1551 1667 72 43 ort,
1653 1665 70 36 där
1749 1665 98 37 före-

252 1708 162 46 ningens
442 1709 157 46 styrelse
628 1710 122 46 enligt
778 1712 207 46 stadgarna
1013 1712 72 36 har
1112 1713 69 35 sitt
1209 1716 92 34 säte.

609 1870 50 33 67
684 1867 35 46 $.
1380 1874 48 33 68
1454 1872 35 46 $.

380 1970 198 36 Innehålla
619 1971 113 36 ideell
772 1972 196 47 förenings
1009 1973 159 47 stadgar
1208 1973 201 48 förbehåll,
1455 1979 59 33 att
1541 1977 137 36 tvister
1705 1978 140 36 mellan

250 2020 226 48 föreningen
505 2022 72 36 och
605 2024 186 45 styrelsen
816 2024 92 36 eller
927 2024 169 36 ledamot
1116 2025 114 36 däraf
1245 2026 93 36 eller
1356 2027 361 48 föreningsmedlem
1737 2030 107 36 skola

250 2072 228 46 hänskjutas
515 2074 61 35 till
604 2075 210 45 afgörande
843 2075 40 35 af
908 2087 45 24 en
982 2076 92 35 eller
1101 2076 90 36 flere
1220 2078 213 47 skiljemän,
1464 2085 69 41 äge
1563 2081 65 35 det
1656 2081 189 36 förbehåll

250 2135 145 24 samma
418 2125 157 46 verkan,
605 2137 79 24 som
715 2126 237 37 tillkommer
979 2127 225 46 skiljeaftal;
1236 2129 71 35 och
1335 2130 101 46 gälle
1465 2143 61 23 om
1555 2132 232 46 påkallande
1808 2133 42 35 af

251 2174 247 37 förbehållets
557 2177 249 48 tillämpning
863 2178 101 36 hvad
1023 2190 61 24 om
1144 2181 194 46 stämning
1383 2182 12 35 i
1445 2182 127 36 denna
1616 2184 65 46 lag
1726 2184 119 36 finnes

250 2227 192 47 stadgadt.
