2222 2642
433 166 40 31 56
915 165 217 36 Lagutskottets
1156 164 150 28 utlåtande
1331 163 51 31 N»
1405 163 50 31 46.

389 244 221 36 förvärfvad
651 244 185 46 egendom
879 243 97 35 skall
1016 243 163 35 förfaras
1215 242 64 35 vid
1307 241 181 46 frivilligt
1516 241 155 35 utträde
1701 241 93 35 eller
1822 241 161 35 uteslut-

389 297 93 46 ning
510 309 45 22 ur
583 295 386 45 hufvudföreningen,
999 294 191 36 huruvida
1218 294 70 34 och
1318 294 13 34 i
1359 293 102 35 hvad
1488 295 89 33 mån
1606 305 46 22 en
1672 292 203 36 minoritet
1894 298 92 41 äger

389 348 180 36 fortsätta
599 347 319 46 underförenings
946 347 132 35 arbete
1108 346 71 35 och
1207 345 142 36 besitta
1378 345 82 35 dess
1489 345 199 45 egendom,
1709 344 124 35 under
1850 344 135 35 hvilka

389 400 142 35 villkor
571 398 326 46 hufvudförening
937 401 62 32 må
1039 398 163 46 upplösa
1242 396 302 46 underförening
1587 396 66 46 fjfr
1695 398 45 34 39
1770 395 19 45 $
1821 399 16 31 1
1869 408 114 23 mom.

390 452 120 35 under
552 452 37 43 2)
631 451 13 35 i
686 450 211 47 förslaget).
952 450 85 35 Alla
1066 450 108 35 dessa
1200 448 270 36 förhållanden
1497 448 134 35 kunna
1659 448 85 35 icke
1773 447 211 47 lämpligen

390 504 166 46 regleras
597 503 13 35 i
651 503 123 46 lagen,
816 502 102 35 helst
959 514 60 23 om
1061 513 89 23 man
1182 500 200 35 fasthåller
1408 499 153 36 krafvet
1594 502 50 44 på
1673 502 59 33 att
1761 500 127 35 denna
1914 500 72 34 bör

389 555 195 36 innehålla
612 557 42 33 så
681 554 37 35 få
744 554 288 35 bestämmelser
1060 565 80 23 som
1170 552 163 47 möjligt.

518 607 76 34 För
613 608 60 33 att
692 611 48 30 än
758 605 227 47 ytterligare
1003 605 230 46 möjliggöra
1247 604 61 35 för
1322 602 326 47 hufvudförening
1664 606 60 32 att
1739 602 135 36 utöfva
1889 603 96 35 kon-

390 659 91 35 troll
509 658 107 35 öfver
643 657 396 46 underföreningarna
1066 657 111 35 torde
1206 656 73 35 ock
1307 656 96 34 böra
1431 655 166 46 stadgas,
1619 657 59 33 att
1698 655 129 35 därest
1847 654 138 36 sådant

391 716 42 30 är
464 711 12 34 i
504 709 344 46 hufvudförenings
877 709 157 45 stadgar
1061 707 245 36 föreskrifvet
1336 706 73 36 och
1437 706 144 36 således
1609 707 196 34 bestämdt
1833 706 41 35 af
1902 706 83 35 dess

390 762 261 45 medlemmar,
681 760 408 46 underföreningarna,
1121 759 171 36 ansökan
1313 770 62 24 om
1395 758 319 46 underförenings
1732 758 254 46 registrering

391 814 97 35 skall
516 818 113 42 göras
658 813 41 35 af
722 812 185 46 styrelsen
928 812 60 35 för
1006 811 376 46 hufvudföreningen
1403 810 72 36 och
1495 812 59 33 att
1573 811 13 34 i
1607 810 118 46 öfrigt
1748 810 74 34 den
1842 809 144 36 anmäl-

390 865 346 47 ningsskyldighet,
778 876 81 23 som
901 864 123 46 enligt
1064 863 113 46 lagen
1211 863 148 46 åligger
1388 861 256 37 ordföranden
1673 862 12 34 i
1714 861 185 46 styrelsen
1927 860 60 36 för

391 917 187 46 förening,
622 917 98 35 skall
762 916 237 35 beträffande
1040 915 300 46 underförening
1382 914 185 46 fullgöras
1610 914 42 34 af
1688 913 299 35 ordföranden
1963 909 27 58 i

391 969 183 45 styrelsen
614 968 60 35 för
715 967 386 47 hufvudföreningen.
1157 966 165 36 Såframt
1368 966 118 46 sagda
1528 965 199 36 föreskrift
1768 965 13 34 i
1821 964 165 35 hufvud-

391 1020 244 47 föreningens
676 1020 157 46 stadgar
875 1019 98 35 skall
1013 1019 133 35 kunna
1187 1018 162 35 beaktas
1391 1017 41 36 af
1468 1017 234 46 Konungens
1739 1016 249 46 befallnings-

391 1072 188 36 hafvande
607 1072 13 35 i
649 1072 64 35 det
740 1072 76 44 län,
846 1071 70 35 där
944 1070 350 46 underföreningen
1323 1070 72 35 har
1423 1069 67 35 sitt
1515 1071 93 43 säte,
1630 1071 121 33 måste
1772 1068 216 36 emellertid

391 1124 184 46 styrelsen
604 1123 60 36 för
692 1122 375 47 hufvudföreningen
1094 1123 70 34 hos
1193 1122 125 34 denna
1345 1121 228 46 myndighet
1601 1124 95 43 göra
1725 1120 180 35 anmälan
1926 1131 62 24 om

391 1176 248 35 föreskriften
668 1176 71 35 och
767 1175 138 35 därvid
936 1174 210 46 lämpligen
1174 1173 122 35 förete
1325 1173 158 46 stadgar
1510 1172 60 36 för
1597 1172 388 45 hufvudföreningen.

520 1226 70 36 Om
623 1227 130 35 vidare
785 1227 13 34 i
825 1227 115 46 lagen
968 1226 166 46 stadgas,
1164 1228 59 42 att,
1253 1226 131 34 därest
1411 1225 13 34 i
1453 1224 217 46 ansökning
1699 1235 61 24 om
1788 1222 200 36 underför-

392 1280 132 46 enings
565 1279 252 46 registrering
857 1277 212 47 uppgifves,
1113 1280 61 33 att
1214 1277 210 46 stadgarna
1465 1281 65 30 äro
1572 1275 81 35 lika
1694 1275 166 46 lydande
1901 1275 88 34 med

392 1332 208 45 stadgarna
641 1330 59 36 för
739 1330 311 46 underförening,
1093 1341 81 23 som
1218 1329 119 35 redan
1379 1328 68 35 hos
1479 1328 234 45 Konungens
1739 1326 249 46 befallnings-

391 1383 190 35 hafvande
627 1382 243 47 registrerats
907 1382 92 35 eller
1031 1393 62 24 om
1121 1381 112 35 hvars
1260 1380 254 46 registrering
1542 1379 218 45 ansökning
1787 1377 125 47 gjorts
1942 1398 45 4 —

392 1438 108 32 utom
527 1434 239 36 beträffande
793 1433 150 45 firman,
974 1435 109 34 orten
1111 1432 60 36 för
1197 1432 203 46 styrelsens
1420 1434 80 33 säte
1522 1431 72 35 och
1613 1433 120 33 sättet
1752 1429 61 36 för
1831 1429 157 36 kallelse

392 1486 62 35 till
479 1486 483 47 föreningssammanträde
980 1506 51 4 —
1050 1484 253 46 registrering
1333 1485 63 33 må
1414 1482 160 47 beviljas
1593 1485 97 33 utan
1709 1482 139 35 hinder
1867 1481 120 45 däraf,

394 1541 59 32 att
492 1538 209 46 stadgarna
741 1537 59 36 för
841 1536 348 47 underföreningen
1222 1535 32 46 ej
1284 1535 169 46 bifogats
1481 1534 228 47 ansökning,
1739 1533 101 36 dock
1868 1533 122 35 under

393 1590 292 46 förutsättning,
731 1592 60 33 att
839 1589 12 35 i
899 1589 265 46 ansökningen
1209 1586 206 47 uppgifvas
1456 1585 369 47 underföreningens
1866 1585 121 44 firma,

394 1644 109 33 orten
543 1641 61 35 för
645 1642 202 46 styrelsens
883 1644 81 32 säte
993 1640 72 36 och
1093 1643 120 32 sättet
1239 1639 59 35 för
1325 1638 158 36 kallelse
1511 1638 62 35 till
1601 1637 388 46 föreningssamman-

392 1694 121 45 träde,
549 1697 49 31 att
628 1693 184 46 styrelsen
839 1692 61 35 för
927 1691 324 46 hufvudförening
1278 1693 63 32 må
1369 1690 14 34 i
1411 1702 144 23 samma
1583 1688 115 37 skrift
1725 1693 96 42 göra
1851 1688 138 35 ansök-

392 1745 93 46 ning
527 1757 62 23 om
630 1745 251 46 registrering
923 1743 41 36 af
999 1744 94 35 flera
1129 1742 357 46 underföreningar,
1521 1745 61 42 att,
1611 1741 130 35 därest
1768 1741 13 34 i
1810 1739 179 36 anmälan

392 1796 60 36 för
499 1797 231 46 registering
775 1796 43 36 af
859 1795 163 47 ändring
1062 1796 13 34 i
1116 1793 318 46 underförenings
1475 1793 158 46 stadgar
1673 1791 215 48 uppgifves,
1931 1794 59 32 att

394 1849 212 46 ändringen
649 1854 42 30 är
731 1848 81 35 lika
853 1848 163 46 lydande
1057 1847 87 35 med
1172 1846 116 35 redan
1317 1845 70 35 hos
1414 1845 233 46 Konungens
1675 1842 314 47 befallningshaf-

392 1900 187 35 vafvande
620 1900 235 46 registrerad
896 1899 92 36 eller
1027 1898 60 36 för
1127 1898 252 46 registrering
1419 1897 155 35 anmäld
1602 1896 165 46 ändring
1796 1894 42 36 af
1862 1906 128 23 annan

392 1951 318 47 underförenings
737 1952 169 46 stadgar,
935 1951 251 46 registrering
1213 1952 62 33 må
1302 1948 161 47 beviljas
1490 1951 95 33 utan
1613 1948 138 35 hinder
1779 1945 121 46 däraf,
1930 1949 60 32 att

392 2003 64 36 vid
485 2003 180 35 anmälan
693 2003 32 46 ej
753 2003 129 47 fogats
910 2003 209 46 protokoll,
1150 2014 80 23 som
1256 2001 98 36 förts
1381 2001 14 35 i
1423 2000 171 45 ärendet,
1629 1999 60 36 och
1717 2001 50 33 att
1789 1997 199 36 ordföran-

393 2055 73 35 den
505 2055 14 34 i
559 2054 185 46 styrelsen
784 2054 60 36 för
885 2054 325 46 hufvudförening
1250 2056 63 32 må
1353 2053 14 34 i
1408 2064 144 23 samma
1579 2050 116 37 skrift
1722 2054 95 42 göra
1846 2049 144 36 anmäl-

392 2107 138 46 ningar
570 2106 62 35 till
672 2106 182 46 registret
893 2106 239 36 beträffande
1166 2105 92 36 flera
1285 2103 357 47 underföreningar,
1671 2102 112 36 torde
1812 2104 41 33 så
1880 2102 111 45 långt

393 2159 65 35 det
485 2164 122 41 gärna
636 2163 43 30 är
706 2157 153 46 möjligt
882 2158 196 36 lättnader
1095 2157 240 35 beträffande
1354 2155 303 47 registreringen
1676 2153 129 36 blifvit
1823 2153 169 36 beredda

394 2210 307 46 organisationer
728 2209 41 35 af
792 2221 53 23 nu
873 2209 293 48 ifrågavarande
1195 2209 91 47 slag.

522 2262 189 46 Slutligen
751 2261 113 36 torde
892 2264 120 44 några
1040 2261 209 47 afgörande
1276 2258 318 47 betänkligheter
1622 2258 32 46 ej
1685 2260 107 33 möta
1820 2259 84 33 mot
1933 2258 58 32 att
