2216 2650
773 170 219 37 Lagutskottets
1013 170 155 31 utlåtande
1191 171 48 29 Nr
1262 172 50 30 46.
1763 173 38 32 19

244 251 59 32 ett
344 250 122 33 större
510 249 107 35 antal
658 249 293 36 underordnade
995 249 243 48 afdelningar
1266 252 92 35 eller
1385 251 140 37 filialer
1551 252 61 36 för
1639 253 205 37 utförande

245 299 42 36 af
309 300 94 35 visst
431 301 132 35 arbete
592 301 12 34 i
632 300 86 36 hela
747 302 416 47 sammanslutningens
1191 303 131 46 tjänst.

373 352 56 35 Då
456 352 251 48 lagförslaget
736 353 204 36 betraktar
967 354 133 47 hvarje
1128 355 233 47 registrerad
1389 355 180 48 förening
1596 359 123 34 såsom
1740 358 102 46 själf-

245 404 154 47 ständig
429 404 72 36 och
530 403 219 47 fristående,
784 405 136 46 skulle,
951 406 128 36 därest
1106 407 251 48 lagförslaget
1385 408 190 47 upphöjes
1603 409 62 35 till
1692 409 75 47 lag,
1797 410 46 35 de

243 456 294 36 underordnade
585 457 292 47 afdelningarna
923 458 103 35 inom
1077 460 168 35 nämnda
1291 460 129 45 orden,
1469 461 116 35 sedan
1626 461 47 36 de
1714 461 129 37 blifvit

243 507 263 47 vederbörligt
533 509 269 45 registrerade,
831 509 103 36 inför
960 510 197 47 borgerlig
1185 511 64 47 lag
1277 512 156 35 komma
1461 513 13 34 i
1493 513 147 35 samma
1658 513 185 48 ställning

242 560 63 35 till
333 560 219 36 hvarandra
592 560 71 36 och
691 560 62 36 till
781 561 463 47 hufvudorganisationen
1273 576 80 23 som
1382 564 160 35 hvilken
1571 577 127 23 annan
1726 565 116 36 främ-

243 612 137 35 mande
421 611 242 48 själfständig
691 612 178 47 förening
897 625 80 24 som
1006 614 111 36 helst.
1172 616 71 34 Väl
1272 616 122 35 skulle
1423 616 418 48 underafdelningarna

243 676 93 23 vara
376 664 244 47 berättigade
663 667 59 33 att
763 665 242 36 sinsemellan
1042 666 105 35 bilda
1175 668 393 47 sammanslutningar
1596 669 71 36 och
1697 672 60 33 att
1784 672 57 33 så-

242 728 82 23 som
365 716 250 36 medlemmar
655 717 154 35 inträda
837 717 13 35 i
878 717 387 48 hufvudföreningen,
1305 732 87 23 men
1421 721 45 35 de
1495 720 124 36 skulle
1648 721 116 36 också
1792 722 49 35 ha

241 770 83 33 rätt
361 771 60 32 att
463 774 71 30 när
561 780 81 24 som
670 769 100 35 helst
798 770 160 34 utträda
985 782 46 23 ur
1059 771 107 35 dessa
1194 772 403 47 sammanslutningar.
1653 773 117 36 Detta
1799 779 42 30 är

243 820 214 35 emellertid
499 820 209 47 oförenligt
749 821 85 35 med
877 822 104 35 såväl
1023 822 136 35 ordens
1201 824 157 46 stadgar
1398 836 80 23 som
1521 824 73 35 den
1631 824 209 37 historiska

242 872 276 46 utvecklingen
547 872 72 36 och
647 875 80 33 står
755 873 12 34 i
796 873 96 35 strid
921 876 82 33 mot
1023 874 45 35 de
1089 874 95 36 aftal
1205 875 72 35 och
1296 875 275 47 förpliktelser,
1593 888 80 24 som
1693 877 146 46 ingåtts

242 924 141 34 mellan
412 926 21 32 å
462 936 72 23 ena
574 925 109 34 sidan
717 925 398 48 sammanslutningen
1143 927 12 34 i
1183 927 58 34 sin
1270 927 130 36 helhet
1429 927 73 36 och
1531 930 22 33 å
1582 929 121 35 andra
1730 929 110 35 sidan

241 976 47 34 de
317 976 105 35 olika
455 976 303 47 afdelningarna.
815 977 84 35 Alla
934 978 107 35 dessa
1074 978 50 35 ha
1157 978 229 37 tillkommit
1414 973 53 53 på
1493 979 346 48 hufvudorganisa-

241 1028 152 35 tionens
435 1028 184 46 initiativ,
663 1028 72 36 och
776 1029 110 35 deras
928 1030 437 47 existensberättigande
1407 1037 43 30 är
1477 1032 192 35 beroende
1698 1035 51 43 på
1777 1045 61 23 om

241 1080 110 35 deras
391 1080 247 36 verksamhet
679 1081 190 35 bedrifves
901 1081 13 35 i
941 1081 70 36 full
1053 1081 393 38 öfverensstämmelse
1488 1084 87 35 med
1616 1083 60 36 för
1719 1085 118 35 orden

240 1135 124 32 såsom
393 1132 131 36 helhet
551 1133 179 46 gällande
758 1133 169 46 stadgar.

370 1184 426 47 Underafdelningarna
837 1185 105 35 inom
985 1186 118 35 orden
1144 1186 132 35 kunna
1317 1187 146 36 indelas
1492 1187 12 35 i
1537 1186 85 47 fyra
1649 1199 186 36 grupper:

240 1235 299 47 distriktsloger,
570 1236 227 47 kretsloger,
825 1237 237 46 grundloger
1081 1237 72 36 och
1173 1239 308 47 ungdomsloger.
1537 1238 302 47 Afdelningarna

240 1287 105 35 inom
374 1300 145 22 samma
547 1300 125 34 grupp
700 1288 51 35 ha
778 1288 241 47 fullkomligt
1038 1289 199 47 likformig
1257 1291 277 45 organisation,
1556 1302 144 24 samma
1721 1292 117 35 ända-

240 1339 77 34 mål
359 1339 71 35 och
473 1340 219 35 arbetssätt.
749 1340 74 35 För
864 1343 60 32 att
965 1340 132 36 kunna
1138 1341 194 36 bibehålla
1369 1342 290 46 enhetligheten
1687 1343 13 34 i
1727 1342 109 48 fråga

242 1403 61 22 om
331 1391 207 46 principer,
570 1392 265 46 organisation
865 1392 70 35 och
964 1393 173 35 metoder
1165 1393 70 35 har
1260 1393 474 48 hufvudorganisationen,
1756 1407 82 23 som

239 1446 295 32 sammansättes
563 1443 42 35 af
628 1443 60 35 för
716 1446 42 32 år
785 1444 114 35 valda
928 1445 142 34 ombud
1096 1444 86 35 från
1211 1445 418 47 underafdelningarna
1658 1446 72 36 och
1756 1458 81 24 som

240 1494 144 36 således
413 1500 43 29 är
491 1508 45 22 en
571 1495 164 47 fullödig
762 1496 307 46 representation
1096 1496 61 36 för
1185 1497 117 45 dessa,
1331 1497 224 36 förbehållit
1584 1497 57 47 sig
1669 1501 80 32 rätt
1778 1501 59 34 att

239 1546 134 35 utöfva
414 1547 173 35 kontroll
630 1547 106 35 öfver
777 1547 428 48 underafdelningarna,
1248 1549 12 35 i
1302 1549 158 36 hvilken
1501 1549 174 36 kontroll
1717 1550 119 36 bland

240 1601 119 32 annat
387 1599 122 46 ingår,
540 1602 60 32 att
628 1600 339 46 underafdelnings
995 1601 158 45 stadgar
1180 1601 85 35 icke
1294 1601 37 35 få
1358 1601 179 46 gällande
1565 1601 118 46 kraft,
1703 1601 132 37 förrän

239 1650 46 34 de
313 1650 130 35 blifvit
471 1651 41 34 af
536 1651 464 46 hufvudorganisationen
1028 1652 217 46 godkända.
1302 1653 72 35 Vid
1403 1654 109 34 sidan
1537 1653 42 35 af
1595 1653 46 35 de
1662 1654 174 35 enskilda

238 1702 210 46 stadgarna
491 1705 59 33 stå
592 1704 136 34 ordens
770 1703 195 36 allmänna
1005 1703 120 46 lagar,
1168 1716 81 23 som
1290 1710 67 29 äro
1399 1705 225 46 reglerande
1665 1704 60 35 för
1762 1706 73 35 den

238 1754 138 35 ideella
404 1754 257 45 verksamhet,
693 1755 118 34 orden
840 1757 121 33 såsom
993 1755 115 35 enhet
1136 1756 190 45 uppställt
1354 1768 80 22 som
1463 1756 69 44 sin,
1554 1768 87 22 men
1661 1768 80 23 som
1762 1757 74 35 ock

238 1806 150 46 reglera
416 1806 110 35 äfven
555 1806 434 46 underafdelningarnas
1019 1807 310 35 administration
1359 1808 72 34 och
1461 1807 281 36 arbetsformer.
1786 1809 52 34 Af

238 1858 195 45 synnerlig
471 1858 87 35 vikt
594 1858 59 35 för
690 1859 119 34 orden
838 1863 42 30 är
909 1862 59 32 att
996 1870 100 34 noga
1124 1859 112 44 tillse,
1267 1862 60 33 att
1355 1859 12 35 i
1396 1859 438 47 underafdelningarnas

238 1909 174 36 enskilda
450 1910 157 46 stadgar
643 1910 101 35 intet
771 1910 165 46 inflyter,
968 1923 80 23 som
1077 1911 139 35 strider
1244 1914 82 32 mot
1354 1911 107 35 dessa
1490 1911 194 35 allmänna
1711 1912 121 46 lagar.

370 1962 145 35 Hittills
544 1962 49 34 ha
622 1962 262 35 domstolarna
912 1962 12 34 i
952 1963 133 34 landet
1113 1962 202 47 medgifvit
1343 1963 299 46 rättskapacitet
1667 1966 41 32 åt
1727 1964 108 35 dessa

237 2013 410 46 gvodtemplarordens
692 2013 377 47 underafdelningar,
1116 2019 70 30 när
1234 2014 44 35 de
1320 2014 83 35 haft
1449 2014 175 35 enskilda
1664 2016 168 45 stadgar,

232 2063 187 45 Juridiskt
454 2065 163 35 korrekt
650 2065 221 45 uppställda
900 2068 99 32 samt
1028 2066 41 34 af
1093 2065 483 46 hufvudorganisationens
1605 2066 229 35 ordförande

237 2115 198 35 stadfästa.
492 2117 70 33 Om
603 2115 250 46 lagförslaget
895 2119 171 43 antages,
1108 2117 157 34 komma
1306 2120 40 31 åt
1387 2117 145 35 sådana
1564 2117 157 46 stadgar
1748 2117 85 35 icke

237 2168 59 32 att
338 2166 122 43 gifvas
501 2167 159 44 vitsord,
700 2167 73 34 hur
796 2167 375 44 juridiskt-formellt
1200 2167 146 47 riktiga
1375 2168 45 35 de
1450 2174 49 29 än
1528 2171 61 31 må
1616 2180 92 23 vara
1737 2181 96 34 upp-

237 2217 150 35 ställda.
445 2219 55 33 Då
528 2218 76 34 blir
631 2218 184 35 villkoret
843 2218 60 35 för
931 2219 313 46 rättskapacitet,
1275 2223 59 31 att
1362 2219 246 46 afdelningen
1633 2224 42 30 är
1695 2220 139 46 lagligt

236 2268 233 45 registrerad
511 2268 69 36 hos
622 2270 233 46 Konungens
883 2270 422 45 befallningshafvande
1335 2273 123 32 såsom
1487 2270 242 47 själfständig
1757 2270 76 37 för-
