2214 2642
395 202 41 31 72
863 185 218 40 Lagutskottets
1104 178 151 32 utlåtande
1280 175 52 32 Nr
1356 174 50 31 46.

539 276 122 42 (Kungl.
685 273 104 35 Maj:ts
808 260 145 50 förslag)
1378 249 172 43 (Utskottets
1569 237 114 49 förslag
1694 241 20 40 :)

483 333 152 44 Frågan
663 338 62 25 om
754 317 291 43 ansvarsfrihets
1072 309 216 48 beviljande
1316 307 65 35 må
1408 300 232 49 uppskjutas
1658 294 62 37 till
1739 289 208 49 afgörande

354 388 66 37 vid
448 387 88 45 nytt
563 375 295 43 sammanträde.

1104 454 44 33 31
1179 449 31 47 8.

488 541 17 34 I
532 535 114 38 ideell
686 530 196 45 förenings
923 525 158 45 stadgar
1116 522 63 34 må
1205 519 245 37 bestämmas,
1479 510 59 34 att
1566 503 388 45 föreningssamman-

360 593 130 38 trädes
516 585 233 49 befogenhet
776 580 99 38 skall
902 578 83 36 helt
1013 575 92 36 eller
1132 569 119 38 delvis
1279 564 153 38 utöfvas
1461 560 42 36 af
1527 556 133 38 därtill
1687 551 159 38 utsedde
1869 559 86 36 per-

363 656 123 27 soner.
540 634 301 43 Sammanträde,
885 642 81 24 som
1008 626 41 37 af
1087 626 106 35 dessa
1221 628 183 39 personer
1430 611 132 44 hålles,
1593 619 90 24 vare
1712 606 123 35 såsom
1858 600 98 36 före-

362 684 397 63 ningssammanträde
789 679 147 55 ansedt.

776 840 63 35 Om
866 837 98 36 talan
991 836 69 33 mot
1087 828 146 50 styrelse
1261 825 83 36 eller
1371 823 185 36 revisorer.

1120 953 44 33 32
1195 948 30 45 8.

502 1055 148 36 Varder
689 1049 108 37 talan
824 1048 23 33 å
874 1042 204 48 styrelsens
1106 1033 238 45 förvaltning
1371 1029 124 36 under
1524 1027 74 35 den
1625 1024 60 36 tid
1711 1022 259 36 revisorernas

373 1107 208 39 berättelse
608 1102 184 38 omfattar
821 1097 32 47 ej
885 1092 166 40 anställd
1077 1091 107 35 inom
1211 1088 57 33 ett
1297 1086 43 32 år
1367 1082 86 35 från
1481 1080 66 35 det
1570 1075 235 38 berättelsen
1823 1070 148 49 delgafs

375 1160 246 45 föreningens
647 1153 249 37 medlemmar
923 1149 51 45 på
1001 1145 98 43 sätt,
1118 1151 82 25 som
1218 1137 13 36 i
1252 1138 45 33 23
1318 1135 20 45 $
1360 1136 19 34 3
1401 1143 115 25 mom.
1537 1135 96 41 sägs,
1654 1138 89 25 vare
1763 1128 41 33 så
1823 1123 148 44 ansedt,

378 1226 82 24 som
489 1222 62 25 om
578 1203 275 42 ansvarsfrihet
879 1197 131 38 blifvit
1037 1192 185 49 styrelsen
1248 1181 180 57 beviljad.

511 1263 101 35 Utan
651 1257 137 36 hinder
821 1251 121 44 däraf,
971 1251 59 33 att
1058 1240 275 41 ansvarsfrihet
1359 1234 191 47 beviljats,
1580 1234 63 34 må
1670 1230 119 36 sådan
1817 1227 109 36 talan
1953 1228 22 32 å

381 1313 300 46 förvaltningen,
719 1319 79 25 som
826 1302 169 50 grundas
1023 1298 132 45 därpå,
1186 1296 59 33 att
1272 1287 330 50 styrelseledamot
1630 1284 135 45 begått
1791 1278 186 45 brottslig

382 1367 200 45 handling,
624 1363 133 34 kunna
797 1359 83 34 mot
920 1354 143 35 honom
1096 1345 192 43 anställas,
1317 1343 71 34 där
1416 1339 32 46 ej
1479 1335 324 39 ansvarsfriheten
1830 1341 148 36 uppen-

383 1419 177 46 barligen
588 1415 117 36 afsett
733 1411 111 36 äfven
872 1407 74 35 den
973 1401 198 44 handling.

515 1469 83 36 Mot
638 1465 187 36 revisorer
865 1460 74 43 må,
982 1454 115 37 sedan
1137 1452 68 34 två
1245 1450 42 33 år
1317 1443 169 38 förflutit
1516 1441 86 36 från
1631 1439 66 35 det
1723 1435 258 37 revisorernas

387 1520 207 40 berättelse
624 1514 145 49 delgafs
795 1510 246 45 föreningens
1069 1502 249 37 medlemmar
1345 1499 51 45 på
1424 1497 90 42 sätt,
1543 1503 82 25 som
1652 1491 15 34 i
1695 1491 46 33 23
1771 1487 19 46 $
1821 1488 19 33 3
1866 1496 115 24 mom.

389 1581 97 41 sägs,
528 1572 107 37 talan
676 1567 122 46 enligt
841 1565 48 34 24
931 1560 19 47 8
986 1558 31 47 ej
1061 1553 194 44 anställas,
1296 1552 97 33 utan
1434 1549 40 33 så
1510 1551 52 39 är,
1592 1545 60 34 att
1679 1541 108 36 talan
1815 1536 169 49 grundas

391 1628 132 45 därpå,
553 1626 59 33 att
639 1618 183 45 brottslig
848 1611 188 45 handling
1062 1605 130 39 blifvit
1218 1604 213 45 begången.

1142 1729 44 34 33
1217 1724 29 46 $.

526 1829 177 38 Afträdes
735 1823 247 45 föreningens
1007 1815 189 49 egendom
1223 1809 62 37 till
1311 1807 185 42 konkurs,
1526 1814 80 24 som
1634 1798 131 47 börjar
1791 1797 106 34 inom
1924 1795 67 33 två

399 1890 43 32 år
482 1884 85 36 från
607 1881 67 36 det
701 1877 258 36 revisorernas
986 1866 206 40 berättelse
1220 1860 146 48 delgafs
1393 1855 245 46 föreningens
1667 1849 248 38 medlemmar
1942 1847 50 44 på

400 1939 90 42 sätt,
528 1946 81 24 som
636 1932 13 35 i
679 1933 45 33 23
754 1927 21 49 $
804 1929 19 34 3
852 1936 105 25 mom
985 1927 95 40 sägs,
1110 1924 71 40 äge
1208 1911 266 39 konkursboet
1503 1909 59 33 att
1590 1902 163 38 anställa
1780 1897 164 38 klander
1972 1898 22 33 å

399 1986 290 45 förvaltningen
714 1981 60 36 för
802 1980 74 35 den
903 1976 60 36 tid
988 1970 235 40 berättelsen
1243 1965 108 42 afser,
1373 1961 100 37 ändå
1493 1961 59 33 att
1573 1951 271 41 ansvarsfrihet
1864 1943 131 56 blifvit

403 2039 185 48 styrelsen
628 2032 180 46 beviljad,
850 2028 194 37 äfvensom
1076 2025 60 33 att
1163 2021 82 35 mot
1271 2015 240 37 revisorerna
1539 2006 164 39 anställa
1731 2003 117 37 sådan
1875 2000 120 44 talan,

383 2097 103 32 "som
513 2085 243 41 omförmäles
783 2083 13 35 i
825 2084 48 33 24
902 2080 31 45 $.

533 2140 130 43 Talan,
697 2136 162 35 hvarom
887 2131 114 37 ofvan
1029 2128 13 35 i
1069 2126 127 35 denna
1223 2116 187 52 paragraf
1434 2120 97 41 sägs,
1560 2109 100 38 skall
1688 2105 312 47 anhängiggöras

406 2197 106 34 inom
540 2205 47 24 en
614 2187 141 39 månad
781 2185 87 36 från
895 2177 335 45 inställelsedagen
1258 2172 103 43 eller,
1391 2169 69 35 där
1486 2165 108 36 tiden
1620 2162 62 36 för
1708 2159 132 37 talans
1858 2154 143 38 anstäl-

408 2247 113 35 lande
563 2243 41 37 af
635 2238 226 46 föreningen
889 2235 50 35 då
967 2239 103 30 ännu
1096 2228 33 47 ej
1160 2228 88 45 gått
1275 2222 61 37 till
1364 2220 112 44 ända,
1504 2217 106 35 inom
1637 2214 197 45 utgången
1864 2207 41 36 af
1928 2206 74 35 den

411 2298 71 37 tid.
537 2297 242 35 Försummas
806 2288 78 45 det,
913 2295 91 26 vare
1031 2284 81 34 rätt
1138 2278 62 37 till
1226 2276 108 36 talan
1361 2269 182 39 förlorad.
