1892 2832
532 140 275 31 Statsutskottets
827 139 177 31 utlåtande
1025 139 49 30 Nr
1097 141 71 29 126.
1581 135 17 30 7

92 224 136 37 möjligt
249 225 155 35 vidtagas
425 225 10 29 i
456 225 155 30 nämnda
632 224 98 36 syfte.
775 224 130 30 Genom
926 224 337 31 tillhandahållande
1285 233 42 21 av
1347 223 143 36 lämplig
1509 223 89 30 läro-

92 268 261 29 bokslitteratur
374 267 86 30 böra
483 267 55 30 för
560 266 110 36 övrigt
693 267 290 35 förutsättningar
1007 267 127 35 skapas
1159 266 55 29 för
1238 275 42 21 en
1302 265 232 36 begränsning
1556 273 43 22 av

92 309 372 35 undervisningstiden.
515 307 72 31 Mot
614 309 55 29 det
696 308 55 30 för
776 309 99 29 nästa
901 307 170 37 budgetår
1096 308 55 29 för
1176 307 199 30 ändamålet
1400 307 199 30 beräknade

92 351 162 36 beloppet
274 351 63 30 har
356 350 58 37 jag
434 351 85 29 intet
540 353 49 27 att
609 350 123 30 erinra.
776 349 62 37 Jag
859 350 59 29 vill
939 350 145 35 tillfoga,
1106 352 48 28 att
1175 350 56 29 det
1252 358 100 27 synes
1373 349 70 35 mig
1463 348 135 36 skäligt,

93 396 49 28 att
169 393 266 35 ifrågavarande
459 393 212 34 läroböcker,
698 392 125 30 liksom
850 401 118 21 annan
994 391 57 30 vid
1079 391 292 35 undervisningen
1397 390 203 35 erforderlig

91 435 179 35 materiell,
291 435 87 30 även
397 435 11 29 i
427 434 268 36 fortsättningen
715 433 243 31 kostnadsfritt
978 432 282 31 tillhandahålles
1281 433 156 30 eleverna
1458 432 10 29 i
1489 432 111 30 första

94 479 65 29 och
177 478 111 30 andra
306 478 138 29 klassen
462 478 66 29 och
545 477 173 30 beräknar
735 477 9 29 i
763 477 55 29 det
835 476 157 36 följande
1009 476 111 30 medel
1139 476 56 29 för
1213 475 92 30 detta
1321 474 174 31 ändamål.
1515 474 84 30 Där-

93 522 92 28 emot
208 519 115 30 finner
343 519 58 36 jag
422 519 71 36 mig
513 519 75 30 icke
610 528 47 20 nu
681 519 120 29 kunna
823 519 187 29 medverka
1033 518 61 35 till,
1117 520 50 28 att
1186 527 43 20 av
1253 517 197 30 statsmedel
1473 516 126 37 stipen-

94 561 74 31 dier
187 562 82 29 eller
287 562 110 30 andra
415 560 178 31 förmåner
611 561 143 30 komma
772 561 157 29 eleverna
947 560 52 30 till
1017 560 64 30 del.

135 623 27 35 Å
183 629 294 36 avlöningsstaten
498 628 54 30 för
576 628 121 30 skolan
718 627 173 30 beräknar
911 625 381 38 departementschefen
1315 626 10 30 i
1345 625 150 36 enlighet
1518 625 78 30 här-

92 680 80 29 med
194 679 51 31 till
267 679 173 30 ordinarie
462 678 341 35 befattningshavare
825 679 46 29 ett
892 677 128 37 belopp
1042 686 41 21 av
1110 676 117 36 11,100
1251 677 137 34 kronor,
1413 678 109 27 avsett
1544 675 55 30 för

95 730 139 30 skolans
251 730 125 30 rektor.

136 779 66 30 Till
225 780 152 29 arvoden
399 779 66 30 och
490 778 169 31 särskilda
683 777 241 37 ersättningar,
949 777 180 30 bestämda
1154 786 42 20 av
1222 776 122 36 Kungl.
1369 775 111 37 Maj:t,
1508 776 88 30 före-

94 830 67 31 slås
179 831 120 35 83,500
318 831 138 34 kronor,
477 838 105 22 varav
605 829 116 35 18,000
742 829 129 30 kronor
888 828 10 30 i
918 829 151 30 arvoden
1088 827 51 31 till
1157 827 58 30 två
1232 827 298 30 heltidsanställda
1551 827 46 29 lä-

94 881 92 36 rade,
207 881 119 35 60,500
349 881 129 30 kronor
496 880 51 30 till
566 880 177 30 timlärare
764 879 65 30 och
850 879 97 36 5,000
969 879 130 30 kronor
1119 878 51 30 till
1190 877 151 31 arvoden
1362 877 35 30 åt
1418 876 182 31 författare

93 941 44 21 av
158 932 213 30 läroböcker.

136 982 65 30 Till
231 981 316 37 grundavlöningar
578 991 45 20 m.
655 990 45 20 m.
731 980 51 30 till
813 978 96 38 övrig
937 978 268 31 icke-ordinarie
1234 978 158 37 personal
1423 977 175 30 beräknas

97 1032 96 36 6,000
216 1033 139 34 kronor,
380 1041 106 21 varav
511 1031 97 35 4,500
632 1031 130 29 kronor
785 1029 50 31 till
858 1033 47 26 ett
930 1039 27 20 e.
984 1039 20 20 o
1039 1028 250 31 kanslibiträde
1312 1027 12 30 i
1347 1028 209 36 lönegraden
1582 1028 16 28 7

92 1084 65 30 och
179 1086 48 29 ett
252 1093 27 20 e.
303 1093 30 20 o.
359 1080 342 33 laboratoriebiträde
726 1081 10 30 i
759 1080 209 35 lönegraden
993 1081 18 29 5
1038 1084 88 27 samt
1153 1079 95 35 1,500
1274 1079 128 30 kronor
1427 1078 50 30 till
1501 1081 96 27 extra

93 1133 203 37 skrivhjälp.
347 1133 187 36 Delposten
561 1129 426 38 avlöningsförhöjningar
1014 1140 44 21 m.
1086 1139 45 20 m.
1163 1128 143 31 föreslås
1334 1129 154 36 uppförd
1517 1128 80 43 med

98 1184 61 31 100
178 1185 139 29 kronor.

142 1234 65 30 Till
237 1233 171 31 särskilda
434 1231 258 32 löneförmåner
719 1232 52 30 till
797 1231 174 30 ordinarie
998 1231 66 30 och
1093 1229 265 31 icke-ordinarie
1387 1229 213 36 tjänstemän

96 1284 146 31 föreslås
266 1284 96 35 8,000
387 1284 139 35 kronor,
552 1292 105 21 varav
681 1283 97 35 6,000
803 1283 130 29 kronor
956 1282 187 29 beräknats
1168 1281 50 30 till
1243 1280 188 37 personligt
1454 1279 145 31 lönetill-

92 1337 77 36 lägg
194 1335 35 31 åt
255 1336 140 30 skolans
420 1334 203 31 nuvarande
648 1334 68 30 fast
741 1333 171 30 anställda
937 1332 170 36 personal,
1136 1332 93 35 1,000
1255 1331 128 30 kronor
1409 1331 51 30 till
1485 1329 112 37 provi-

93 1386 133 31 soriska
248 1386 150 36 dyrorts-
422 1386 65 30 och
507 1384 196 36 lönetillägg
724 1386 88 28 samt
838 1384 94 35 1,000
953 1383 130 30 kronor
1105 1383 50 30 till
1179 1380 419 37 avlöningsförstärkning

96 1435 34 32 åt
153 1437 140 30 skolans
316 1436 125 29 rektor.

141 1486 319 36 Avlöningsstatens
484 1485 206 30 slutsumma
712 1484 100 35 utgör
836 1482 147 31 sålunda
1012 1482 130 39 (11,100
1171 1479 32 31 +
1232 1481 118 36 83,500
1378 1479 32 31 +
1438 1480 97 36 6,100
1562 1477 35 36 +

98 1537 96 35 8,000
218 1535 53 39 =)
306 1536 138 35 108,700
469 1536 139 29 kronor.

142 1587 75 30 Vad
257 1586 107 36 angår
405 1585 350 36 omkostnadsstaten,
796 1584 173 30 beräknar
1011 1581 381 38 departementschefen
1422 1582 179 35 delposten

97 1638 149 34 bränsle,
262 1637 72 38 lyse
349 1637 65 29 och
431 1639 115 27 vatten
563 1636 50 30 till
631 1635 96 35 2,000
745 1636 139 34 kronor,
903 1634 180 36 delposten
1099 1634 117 35 övriga
1233 1642 165 27 expenser
1413 1632 51 31 till
1484 1632 117 35 18,500

98 1689 129 29 kronor
250 1691 90 26 samt
363 1690 122 33 posten
509 1686 118 36 övriga
648 1686 141 35 utgifter
812 1685 50 30 till
888 1685 119 35 27,000
1031 1685 138 35 kronor,
1193 1693 106 21 varav
1321 1683 55 30 för
1397 1683 205 30 läroböcker

94 1739 51 30 till
167 1740 158 30 eleverna
353 1739 116 33 15,750
495 1738 138 35 kronor,
660 1737 54 29 för
738 1745 117 21 annan
881 1734 434 36 undervisningsmateriell
1339 1744 44 20 m.
1410 1744 44 20 m.
1483 1733 116 35 10,700

94 1790 129 29 kronor
247 1790 64 28 och
338 1789 54 29 för
417 1788 218 30 studiebesök
660 1788 63 29 550
747 1786 137 31 kronor.
932 1785 162 36 Anslaget
1117 1785 51 30 till
1192 1784 229 36 polisskolans
1448 1784 150 29 omkost-

93 1840 109 30 nader
240 1840 110 29 skulle
389 1838 146 30 sålunda
572 1838 135 30 behöva
745 1839 172 33 upptagas
955 1835 52 31 till
1051 1831 158 42 (2,000
1179 1827 23 50 +
1227 1834 114 36 18,500
1359 1833 36 36 +
1411 1834 119 35 27,000
1546 1831 47 40 =)

95 1890 118 35 47,500
239 1890 138 29 kronor.
428 1888 132 30 Härvid
584 1888 63 29 har
674 1887 189 34 förutsatts,
892 1888 48 28 att
966 1885 141 35 utgifter
1133 1886 54 28 för
1213 1884 182 36 lokalhyra
1420 1884 97 29 skola
1543 1884 56 29 be-

95 1940 124 31 stridas
240 1939 78 30 från
339 1941 127 27 statens
486 1939 178 29 allmänna
685 1936 278 36 fastighetsfond.

140 1989 167 36 Slutligen
334 1988 145 31 föreslås
507 1988 56 29 för
589 1987 91 30 vissa
707 1986 304 36 engångsutgifter,
1040 1985 168 30 avseende
1235 1984 141 35 möbler,
1404 1983 197 35 utrustning

101 2044 88 26 samt
208 2040 182 34 inredning
409 2049 41 19 av
472 2039 41 29 de
532 2047 68 27 nya
618 2038 188 33 lokalerna,
828 2039 46 27 ett
892 2035 351 34 reservationsanslag
1263 2043 42 21 av
1325 2034 118 34 50,000
1463 2034 139 29 kronor.

158 2179 238 39 Gottgörelse
420 2178 61 31 till
506 2178 96 32 vissa
625 2176 257 42 polisdistrikt
906 2175 59 32 för
988 2173 282 42 ombesörjande
1294 2183 41 22 av
1359 2173 185 32 särskilda

384 2228 248 39 anordningar
655 2227 59 31 för
736 2225 275 42 polisväsendet
1033 2225 13 32 i
1070 2224 82 32 dess
1176 2224 142 32 helhet.

145 2307 270 35 Ifrågavarande
438 2306 120 34 anslag
579 2306 64 28 har
665 2304 54 29 för
743 2303 234 30 innevarande
1001 2302 168 34 budgetår
1193 2301 160 35 uppförts
1377 2301 78 28 med
1479 2303 46 26 ett
1547 2300 55 28 be-

101 2359 81 34 iopp
206 2367 42 20 av
273 2357 140 33 300,000
440 2357 137 28 kronor.

146 2408 67 29 För
242 2408 98 28 nästa
369 2405 168 35 budgetår
565 2406 63 28 har
659 2404 276 29 medelsbehovet
964 2402 111 30 under
1103 2401 265 35 ifrågavarande
1398 2401 119 34 anslag
1548 2400 54 29 be-

101 2459 142 29 räknats
267 2457 159 30 sålunda:
