1902 2790
510 177 285 30 Statsutskottets
816 175 180 30 utlåtande
1015 184 43 20 nr
1079 174 38 30 17
1138 174 39 30 år
1198 174 84 30 1958
1629 172 19 30 5

145 263 213 34 framhållas,
379 264 49 28 att
448 263 66 29 den
535 272 42 20 av
598 262 199 37 regeringen
818 261 111 34 förda,
950 262 127 28 strama
1099 259 227 30 ekonomiska
1347 258 168 38 politiken
1537 266 107 29 gynn-

144 316 87 28 samt
243 314 164 37 påverkat
419 313 263 30 förhållandena
694 311 44 38 på
749 310 402 38 byggnadsmarknaden.
1163 310 48 29 De
1223 309 181 29 tendenser
1415 308 52 30 till
1480 309 165 29 överkon-

143 364 152 40 junktur
315 383 44 3 —
379 362 352 42 översysselsättning
753 361 64 30 och
839 360 185 40 förlängda
1046 359 271 40 byggnadstider
1337 377 44 3 —
1403 367 74 21 som
1501 358 146 39 tidigare

145 416 121 39 gjorde
287 414 51 40 sig
356 414 160 41 gällande
536 414 45 40 på
599 414 127 39 många
745 415 92 28 orter
857 413 64 30 har
941 412 138 30 brutits.
1100 413 49 29 De
1170 411 184 41 praktiska
1374 410 269 40 möjligheterna

146 468 51 28 att
220 468 36 28 ta
279 468 38 27 ut
339 466 42 30 de
403 465 144 35 vinster,
571 474 76 20 som
670 463 464 40 rationaliseringsåtgärder
1158 462 165 39 erbjuder
1347 461 11 30 i
1382 462 92 29 form
1499 470 43 21 av
1565 460 79 30 kor-

145 519 73 28 tare
237 516 232 40 byggnadstid
488 516 65 30 och
572 516 93 39 lägre
684 515 383 39 byggnadskostnader,
1086 514 64 29 har
1169 513 113 30 ökats.

189 568 118 30 Under
327 568 41 30 de
388 569 138 28 senaste
546 567 84 29 åren
649 566 64 30 har
733 566 124 39 frågan
877 575 57 20 om
954 567 49 28 ett
1023 564 243 30 bibehållande
1287 573 42 20 av
1349 562 295 39 bostadsbyggan-

146 620 58 29 det
222 619 58 30 vid
299 628 43 21 en
361 618 81 30 nivå
461 627 43 21 av
523 618 39 30 57
577 618 63 30 000
660 617 20 30 å
699 617 41 30 58
755 617 62 30 000
837 616 201 39 lägenheter
1059 615 109 39 livligt
1189 615 225 30 diskuterats.
1436 614 101 29 ännu
1561 613 83 30 1956

146 669 174 31 framstod
341 669 57 30 det
420 678 76 20 som
518 668 223 35 diskutabelt,
764 676 56 21 om
841 676 44 21 en
906 666 216 41 produktion
1144 675 43 20 av
1208 665 148 40 angiven
1379 664 131 30 storlek
1532 663 112 30 skulle

146 721 123 30 kunna
292 719 268 41 upprätthållas.
584 719 67 30 För
673 718 58 31 två
752 718 39 30 år
814 717 109 31 sedan
945 716 172 31 framlade
1140 716 122 31 därför
1285 715 203 40 regeringen
1510 715 50 29 ett
1582 713 64 30 mi-

146 772 253 40 nimiprogram
427 771 56 30 för
512 768 350 41 bostadsbyggandet,
893 777 77 22 som
998 767 105 40 avsåg
1132 767 125 30 endast
1286 767 41 30 53
1342 766 62 30 000
1435 764 211 40 lägenheter.

145 823 76 29 Den
238 822 193 40 dämpning
448 831 43 20 av
507 820 350 40 bostadsbyggandet,
877 828 76 21 som
970 820 49 28 ett
1037 817 237 31 fasthållande
1292 817 57 29 vid
1368 816 96 30 detta
1482 823 164 32 program

146 873 90 30 efter
255 882 44 20 en
320 872 49 30 tid
391 872 114 30 skulle
525 872 47 30 ha
592 871 162 35 medfört,
775 871 83 29 kom
879 869 194 31 emellertid
1096 868 112 40 aldrig
1229 867 53 30 till
1305 867 113 30 stånd.
1441 867 65 29 Det
1527 865 119 30 visade

147 924 51 40 sig
218 924 149 30 sålunda
386 922 138 40 möjligt
544 924 50 28 att
613 922 107 30 utöka
740 922 128 39 planen
888 921 56 30 för
963 919 263 41 igångsättning
1246 927 42 21 av
1307 916 340 40 bostadsbyggnads-

146 975 135 39 företag
297 974 47 35 så,
360 976 50 28 att
424 974 55 29 för
493 975 49 28 ett
557 973 38 30 år
611 972 106 30 sedan
733 971 203 40 regeringen
953 970 117 30 såsom
1085 969 70 30 mål
1171 969 55 30 för
1241 967 406 41 bostadsproduktionen

147 1033 113 32 angav
280 1027 50 28 att
351 1023 241 41 upprätthålla
613 1025 48 28 ett
682 1021 326 40 bostadsbyggande
1031 1030 42 21 av
1093 1020 109 30 minst
1224 1020 40 30 57
1279 1019 62 31 000
1364 1018 200 40 lägenheter
1586 1025 62 32 per

148 1076 49 30 år.
220 1075 184 40 Samtidigt
425 1073 294 35 förutskickades,
742 1075 50 27 att
814 1081 57 21 om
893 1071 190 40 tillgången
1104 1070 45 41 på
1171 1069 215 31 arbetskraft
1408 1068 65 30 och
1495 1067 155 31 krediter

147 1127 122 40 gjorde
293 1126 56 30 det
374 1125 138 40 möjligt
535 1134 42 21 en
601 1123 200 41 ytterligare
825 1123 132 39 ökning
982 1131 43 21 av
1047 1120 342 40 bostadsbyggandet
1413 1119 106 30 borde
1544 1118 103 30 efter-

147 1179 146 29 strävas.

191 1228 76 30 Den
290 1227 108 40 fråga,
423 1236 77 21 som
522 1228 73 28 mot
617 1225 230 40 bakgrunden
870 1233 43 21 av
935 1224 68 30 den
1026 1221 289 40 utomordentligt
1338 1229 232 32 gynnsamma
1594 1220 53 29 ut-

147 1279 205 39 vecklingen
371 1287 44 21 av
433 1276 342 40 bostadsbyggandet
795 1275 112 30 under
930 1275 82 30 1957
1034 1273 137 31 tilldrar
1193 1272 51 40 sig
1265 1271 143 31 särskilt
1428 1271 158 33 intresse,
1609 1271 39 29 är

148 1329 176 31 huruvida
343 1329 65 30 och
428 1328 11 29 i
459 1328 66 30 vad
545 1327 83 30 mån
648 1336 83 20 man
750 1326 45 40 på
815 1326 105 39 något
940 1326 120 38 längre
1081 1324 70 30 sikt
1170 1324 64 29 bör
1253 1323 112 30 räkna
1386 1321 80 30 med
1486 1330 44 21 en
1550 1329 98 21 mera

148 1381 168 29 avsevärd
345 1379 133 39 ökning
507 1387 43 21 av
578 1376 341 40 bostadsbyggandet
949 1376 11 28 i
990 1374 221 31 förhållande
1241 1373 53 30 till
1325 1373 67 30 den
1422 1372 111 29 under
1563 1371 84 30 åren

149 1431 172 29 1954-56
343 1429 190 40 uppnådda
556 1428 115 29 nivån.
693 1428 65 29 Det
781 1429 94 27 stora
896 1425 186 31 tillskottet
1105 1433 42 21 av
1168 1422 346 40 bostadslägenheter
1536 1421 112 30 under

150 1481 82 30 1957
256 1480 70 30 kan
347 1479 135 30 kanske
504 1487 39 31 ge
564 1478 189 39 anledning
774 1477 52 29 till
848 1475 191 41 optimism.
1061 1476 65 29 Det
1146 1474 63 30 bör
1230 1473 194 31 emellertid
1445 1472 202 30 observeras

148 1533 52 28 att
217 1531 203 30 tillskottets
439 1529 132 30 storlek
589 1529 110 29 under
716 1530 49 28 ett
782 1527 149 30 enstaka
948 1526 39 30 år
1005 1526 109 30 delvis
1132 1526 71 29 kan
1221 1525 82 29 bero
1321 1524 45 40 på
1384 1522 263 40 tillfälligheter.

150 1583 12 29 I
183 1582 71 29 viss
274 1581 84 29 mån
376 1580 99 30 torde
496 1580 38 29 så
554 1580 46 29 ha
620 1579 89 30 varit
729 1578 98 30 fallet
847 1576 223 31 beträffande
1091 1575 306 40 färdigställandet
1418 1574 111 29 under
1553 1573 95 30 1957.

149 1632 80 31 Icke
259 1632 107 29 minst
396 1631 67 30 den
494 1630 138 40 mycket
663 1631 94 28 stora
786 1627 307 41 igångsättningen
1124 1636 42 20 av
1196 1624 411 40 flerfamiljshusföretag
1637 1623 11 29 i

150 1683 106 29 slutet
276 1691 43 21 av
340 1682 81 31 1955
443 1681 99 30 torde
563 1680 147 30 sålunda
730 1679 46 30 ha
795 1678 152 40 bidragit
967 1678 53 30 till
1040 1679 49 28 ett
1108 1677 12 29 i
1139 1676 222 31 förhållande
1382 1675 52 30 till
1455 1674 193 40 byggnads-

148 1733 163 39 volymen
342 1734 87 28 stort
460 1730 342 41 lägenhetstillskott.
833 1730 53 29 En
915 1728 245 39 föreställning
1189 1736 59 21 om
1278 1726 67 30 den
1375 1725 54 30 till
1459 1725 55 29 sin
1544 1725 105 29 natur

150 1783 272 39 slumpmässiga
442 1781 315 30 koncentrationen
778 1790 42 20 av
842 1778 305 40 färdigställandet
1170 1787 43 20 av
1233 1775 418 40 bostadsbyggnadsföre-

150 1835 58 39 tag
225 1833 54 31 till
299 1834 82 30 1957
401 1832 56 30 får
475 1841 84 21 man
576 1841 43 20 av
637 1831 193 40 uppgiften,
850 1832 51 28 att
920 1830 112 29 under
1051 1829 42 29 de
1113 1830 137 28 senaste
1270 1827 83 30 åren
1374 1825 276 40 igångsättning-

149 1893 45 22 en
213 1893 43 21 av
276 1892 68 31 nya
363 1883 136 39 företag
518 1882 167 39 tämligen
704 1881 169 29 konstant
893 1881 112 29 avsett
1025 1879 10 29 i
1057 1880 82 28 runt
1160 1878 49 29 tal
1229 1878 41 29 60
1285 1877 62 30 000
1368 1876 200 39 lägenheter
1588 1884 60 31 per

150 1935 49 29 år.

194 1984 118 39 Enligt
333 1982 404 41 departementschefens
760 1981 140 38 mening
922 1980 62 29 bör
1007 1989 82 20 man
1111 1978 192 30 emellertid
1326 1978 175 30 fastställa
1522 1986 133 21 ramar-

151 2044 45 20 na
218 2034 55 30 för
295 2033 392 39 bostadslångivningen
709 2032 80 29 från
812 2031 65 29 den
902 2030 320 39 utgångspunkten,
1247 2031 50 27 att
1320 2038 83 20 man
1428 2028 227 29 eftersträvar

151 2086 48 28 ett
215 2083 325 40 bostadsbyggande
556 2092 41 21 av
612 2083 67 28 den
695 2091 46 20 nu
757 2081 191 40 uppnådda
964 2080 269 39 omfattningen.

196 2135 52 29 Av
268 2134 87 30 flera
376 2134 76 29 skäl
473 2134 39 29 är
531 2133 57 29 det
607 2133 71 28 inte
698 2131 138 40 möjligt
857 2133 50 28 att
929 2131 104 29 exakt
1055 2137 97 31 ange,
1175 2131 67 27 hur
1264 2131 71 27 stor
1356 2128 297 39 bostadsproduk-

152 2185 84 33 tion,
252 2193 74 21 som
343 2185 69 28 kan
428 2183 262 30 åstadkommas
707 2184 22 27 t.
747 2191 49 20 ex.
814 2182 110 29 under
943 2180 84 30 1958
1043 2180 81 29 eller
1144 2180 94 29 1959.
1257 2179 149 29 Relativt
1423 2179 74 29 små
1513 2178 141 29 föränd-

152 2234 118 39 ringar
292 2234 10 29 i
321 2235 66 28 den
407 2233 283 39 genomsnittliga
711 2231 278 39 byggnadstiden
1009 2231 172 38 påverkar
1202 2229 244 30 årstillskottet
1469 2230 68 27 rätt
1561 2237 92 29 myc-

152 2286 69 28 ket.
243 2284 260 38 Förändringar
523 2283 11 29 i
554 2283 98 38 fråga
672 2292 55 19 om
749 2282 95 29 såväl
863 2281 266 39 lägenheternas
1151 2280 130 29 storlek
1304 2288 74 20 som
1399 2279 146 29 andelen
1564 2278 11 28 i
1596 2278 59 29 bo-

154 2335 165 29 stadshus
338 2334 170 37 ingående
527 2333 132 29 lokaler
678 2332 170 39 påverkar
868 2331 267 38 lånebeloppens
1157 2330 130 29 storlek
1307 2338 60 30 per
1388 2329 169 38 lägenhet.
1580 2328 74 29 Vad

153 2394 42 20 en
214 2384 70 30 viss
304 2384 208 29 medelsram
534 2385 195 27 motsvarar
748 2382 8 28 i
778 2391 66 29 nya
865 2380 344 38 bostadslägenheter
1228 2380 69 28 kan
1318 2379 119 29 därför
1458 2379 72 28 inte
1551 2378 103 29 exakt

153 2436 183 28 beräknas.
355 2433 91 30 Även
466 2433 282 38 förskjutningar
767 2441 42 20 av
828 2430 303 40 igångsättningen
1153 2430 78 29 från
1252 2439 41 20 en
1312 2430 53 29 del
1386 2439 41 19 av
1447 2429 72 28 året
1542 2427 47 31 till
1611 2437 42 19 en
