2206 2614
736 181 251 30 Statsutskottets
1012 182 164 30 utlåtande
1202 182 49 30 Nr
1273 187 49 26 36.
1766 186 8 28 1

946 559 58 39 Nr
1032 559 63 40 36.

768 710 112 30 Ankom
905 711 40 29 till
969 711 170 38 riksdagens
1164 712 93 30 kansli
1282 714 54 27 den
1365 714 37 27 18
1426 722 78 20 mars
1530 714 78 28 1919
1635 714 35 29 kl.
1698 716 16 26 5
1739 725 23 18 e.
1789 724 35 20 m.

426 853 186 35 Utlåtande
642 855 9 33 1
680 855 188 44 anledning
896 868 42 21 av
972 857 125 44 Kungl.
1127 857 126 43 Maj:ts
1276 859 213 44 proposition
1515 859 175 44 angående
1713 860 112 44 åtgär-

616 913 61 34 der
698 912 66 43 för
790 914 178 35 ordnande
997 927 42 22 av
1060 916 302 43 postpersonalens
1393 918 12 32 i
1438 916 194 36 Stockholm
1677 918 148 34 bostads-

610 971 121 45 fråga.

1523 1023 72 48 (4:e
1625 1024 100 47 avd.)

317 1171 63 38 Uti
417 1184 46 24 en
506 1171 56 37 till
605 1172 208 50 riksdagen
852 1173 165 48 avlåten,
1046 1174 73 37 den
1148 1177 43 34 31
1224 1175 204 38 december
1459 1177 94 35 1918
1583 1176 243 49 dagtecknad

215 1222 238 48 proposition
475 1219 58 50 (nr
555 1221 70 48 14),
645 1223 128 37 vilken
795 1224 58 36 för
874 1224 279 38 förberedande
1174 1225 237 50 behandling
1426 1226 197 37 hänvisats
1639 1226 57 37 till
1712 1232 111 32 stats-

216 1272 199 47 utskottet,
449 1273 68 36 har
545 1273 142 49 Kungl.
717 1274 117 48 Maj:t,
864 1275 121 37 under
1015 1275 243 49 åberopande
1287 1290 47 23 av
1358 1277 288 49 propositionen
1675 1277 150 50 bifogat

215 1323 141 48 utdrag
375 1337 47 22 av
451 1324 423 49 statsrådsprotokollet
902 1326 57 36 för
988 1326 257 37 civilärenden
1271 1328 57 36 för
1348 1341 146 24 samma
1514 1327 88 49 dag,
1624 1328 200 48 föreslagit

216 1373 208 49 riksdagen
454 1374 191 49 medgiva,
675 1380 55 31 att
754 1376 443 50 generalpoststyrelsen
1218 1381 60 33 må
1298 1377 56 37 till
1375 1378 245 37 Stockholms
1640 1379 185 49 koopera-

215 1423 77 37 tiva
330 1424 340 49 bostadsförening
698 1430 90 32 utan
818 1427 198 48 personlig
1041 1428 248 48 ansvarighet
1316 1429 123 37 under
1467 1429 11 35 i
1506 1429 320 50 statsrådsproto-

216 1474 117 37 kollet
362 1475 167 49 angivna
556 1474 139 38 villkor
724 1489 46 24 av
789 1477 224 48 -postmedel
1043 1477 170 38 utlämna
1242 1479 59 37 lån
1328 1478 58 37 till
1408 1479 140 50 belopp
1569 1494 46 23 av
1635 1494 192 24 samman-

215 1525 80 49 lagt
316 1525 115 49 högst
451 1527 135 46 60,000
615 1526 151 38 kronor.

315 1576 243 38 Beträffande
598 1577 260 50 utredningen
890 1579 10 36 i
925 1580 160 36 ärendet
1113 1580 58 37 får
1199 1581 190 37 utskottet
1418 1581 160 38 hänvisa
1607 1581 57 37 till
1694 1582 132 37 åbero-

215 1626 98 49 pade
341 1627 438 49 statsrådsprotokollet.

314 1728 86 37 Med
442 1728 297 49 ifrågavarande
781 1730 147 50 förslag
969 1731 146 49 åsyftas
1157 1736 55 33 att
1239 1732 220 38 underlätta
1489 1733 248 50 möjligheten
1767 1734 58 37 för

214 1778 74 37 den
330 1780 102 48 lägst
461 1779 187 38 avlönade
678 1781 322 49 postpersonalen
1029 1782 11 36 i
1069 1782 270 38 huvudstaden
1369 1788 54 32 att
1447 1784 90 48 ingå
1565 1787 125 34 såsom
1720 1785 105 36 med-

213 1829 159 38 lemmar
400 1830 11 36 i
440 1830 244 38 Stockholms
725 1832 249 49 kooperativa
1016 1833 354 50 bostadsförening,
1414 1834 58 37 för
1511 1840 54 32 att
1598 1835 224 49 därigenom

214 1880 161 38 beredas
417 1881 150 37 tillfälle
611 1886 55 33 att
708 1882 156 50 förhyra
900 1883 226 49 lägenheter
1153 1884 10 36 i
1191 1884 47 37 de
1267 1884 247 48 bostadshus,
1538 1899 83 24 som
1651 1899 48 23 av
1726 1886 99 37 före-

214 1931 142 49 ningen
385 1932 196 49 uppföras.
638 1932 149 38 Genom
817 1934 240 37 erhållandet
1081 1948 46 23 av
1152 1935 63 36 det
1242 1935 298 49 ifrågavarande
1569 1936 103 38 lånet
1699 1937 124 37 skulle

215 1982 227 50 föreningen
482 1983 128 37 kunna
653 1983 122 37 befria
815 1984 47 37 de
886 1985 336 49 posttjänstemän,
1250 1999 82 24 som
1362 1986 160 50 inginge
1546 1988 11 36 i
1582 1987 241 50 föreningen,

214 2032 81 38 från
337 2033 236 50 erläggande
614 2034 122 37 under
773 2035 46 37 de
859 2041 195 32 närmaste
1096 2040 88 33 åren
1214 2050 47 23 av
1289 2043 117 31 annat
1435 2043 46 31 än
1511 2052 46 23 en
1586 2038 148 37 mindre
1762 2038 59 38 del

213 2096 46 23 av
288 2083 73 37 den
390 2084 132 46 insats,
547 2098 81 23 som
659 2084 111 49 eljest
797 2086 274 50 regelmässigt
1098 2087 182 37 utkräves
1309 2101 46 24 av
1385 2088 311 38 medlemmarna.
1735 2089 86 37 Med

213 2133 64 37 det
304 2134 228 49 ifrågasatta
560 2135 283 50 lånebeloppet,
874 2138 136 46 60,000
1039 2138 151 47 kronor,
1219 2138 124 37 skulle
1369 2139 122 49 enligt
1511 2139 215 50 beräkning
1746 2153 78 23 om-

213 2184 114 50 kring
371 2187 69 35 150
473 2186 322 49 posttjänstemän
825 2187 129 37 kunna
983 2187 211 51 förhjälpas
1223 2188 55 37 till
1308 2189 282 38 bekommande
1619 2204 46 24 av
1694 2191 131 48 lägen-

215 2236 118 37 heter.

256 2292 133 41 Bihang
414 2294 51 31 till
487 2293 188 42 riksdagens
695 2295 156 40 protokoll
873 2299 94 29 1919.
1014 2302 19 25 6
1055 2297 88 32 saml.
1189 2300 40 29 24
1253 2297 80 41 häft.
1381 2299 69 40 (Nr
1472 2299 153 39 36—38)
1767 2302 9 27 1
