1920 2806
519 120 380 31 Jordbruksutskottets
925 119 176 31 utlåtande
1126 120 47 30 Nr
1200 121 49 29 32.
1600 115 42 29 23

173 204 79 31 Med
271 205 135 36 hänsyn
426 205 49 29 till
495 205 279 30 önskvärdheten
794 207 49 28 att
862 204 242 31 åstadkomma
1125 206 123 29 största
1268 204 140 36 möjliga
1429 204 209 37 förbättring

133 256 8 29 i
165 255 221 37 mejeriernas
409 255 228 30 ekonomiska
661 255 141 30 resultat
828 256 85 28 även
938 262 123 28 genom
1086 254 242 37 förbilligande
1352 264 41 20 av
1419 254 216 37 förädlingen

131 316 42 21 av
195 307 246 35 produkterna,
465 306 98 30 torde
586 305 126 30 liksom
735 304 121 32 hittills
882 305 208 37 statsbidrag
1113 305 85 31 böra
1221 305 82 36 utgå
1325 305 51 31 till
1400 306 235 30 kostnaderna

131 356 55 31 för
208 357 287 30 konsulenternas
521 365 103 22 resor.
673 356 69 30 För
764 357 93 30 detta
881 355 165 32 ändamål
1069 356 65 30 har
1158 356 110 30 under
1292 356 234 30 innevarande
1549 356 84 30 bud-

131 407 93 36 getår
247 407 141 31 räknats
411 408 79 29 med
512 409 47 29 ett
582 407 126 36 belopp
733 416 42 21 av
800 407 119 35 36,000
941 407 132 30 kronor
1095 407 65 30 och
1185 407 10 30 i
1221 407 53 30 sin
1297 407 257 36 framställning
1577 416 57 21 om

132 458 119 36 anslag
272 457 57 30 för
350 458 96 30 nästa
469 456 168 38 budgetår
659 458 63 29 har
743 456 278 37 riksföreningen
1043 457 125 30 räknat
1191 457 78 30 med
1293 466 133 21 samma
1449 457 186 30 medelsbe-

129 508 77 30 hov.
231 508 66 37 Jag
321 517 99 23 anser
443 508 70 37 mig
537 508 85 31 böra
645 508 138 30 biträda
807 509 113 30 denna
943 508 265 36 framställning.
1235 508 13 30 I
1273 508 198 37 anslutning
1496 508 51 30 till
1572 508 66 30 den

129 557 96 32 förut
255 558 199 36 föreslagna
484 558 349 36 omorganisationen
864 568 102 26 synes
996 559 87 30 böra
1112 558 179 36 medgivas
1320 561 49 27 att
1398 558 240 36 utanordning

131 610 78 30 sker
230 620 43 20 av
292 610 475 35 resekostnadsersättningar
784 612 85 27 utan
889 612 49 27 att
959 608 208 37 föregående
1186 609 211 37 granskning
1417 619 43 21 av
1482 610 152 30 reseräk-

131 660 170 36 ningarna
325 661 95 29 skett.
467 659 241 37 Utanordning
731 669 43 21 av
798 660 207 36 statsbidrag
1027 660 97 30 torde
1146 660 85 30 böra
1254 661 65 35 äga
1342 669 77 21 rum
1442 659 193 31 halvårsvis

131 711 10 29 i
160 710 181 31 efterskott
362 710 45 36 på
427 710 210 36 rekvisition,
660 710 107 30 sedan
786 710 51 30 till
857 710 350 36 lantbruksstyrelsen
1231 710 184 31 inkommit
1435 711 42 29 de
1497 710 138 36 uppgif-

131 763 50 28 ter
203 770 58 20 om
282 759 394 37 befattningshavarnas
696 759 234 37 tjänstgöring
952 769 77 21 som
1050 761 169 35 styrelsen
1240 761 72 29 kan
1331 759 180 37 påfordra.
1534 760 104 30 Lant-

130 811 274 36 bruksstyrelsen
427 811 65 31 bör
516 812 64 35 äga
603 812 67 29 rätt
694 814 49 29 att
768 810 86 32 efter
877 811 213 37 granskning
1115 821 42 21 av
1181 812 99 30 dessa
1303 811 184 37 uppgifter,
1514 812 63 30 där
1601 810 37 31 så

131 862 157 31 befinnes
313 862 131 36 skäligt,
470 862 195 30 bestämma
688 871 58 21 om
772 862 220 36 nedsättning
1016 872 43 20 av
1082 862 309 36 bidragsbeloppet.
1441 862 49 30 De
1514 862 121 30 hittills

131 912 201 37 tillämpade
355 913 306 30 bestämmelserna
682 912 179 36 angående
881 912 264 37 reseersättning
1166 913 51 30 till
1240 913 271 31 konsulenterna
1533 922 103 27 synas

132 963 55 30 vid
205 963 101 30 bifall
322 963 50 30 till
388 964 65 30 vad
470 962 59 37 jag
545 963 146 31 sålunda
708 962 158 32 förordat
882 963 86 31 böra
984 964 162 35 upphöra
1164 967 48 27 att
1229 963 99 36 gälla.
1373 963 261 37 Specialkonsu-

131 1014 155 30 lenterna
302 1014 97 30 torde
414 1014 86 30 böra
519 1012 131 32 erhålla
668 1013 189 36 ersättning
875 1014 55 29 för
947 1014 309 30 resekostnaderna
1274 1014 87 30 efter
1381 1023 134 22 samma
1534 1022 101 29 grun-

131 1064 60 30 der
209 1073 75 21 som
303 1073 47 21 nu
371 1064 89 36 gälla
480 1064 58 30 för
555 1064 437 36 distriktskonsulenterna,
1013 1064 122 30 därvid
1155 1065 89 30 dock
1265 1065 110 30 tillika
1394 1065 64 30 bör
1477 1065 90 36 gälla
1587 1068 49 28 att

132 1114 416 37 specialkonsulenternas
567 1114 188 36 ersättning
773 1114 76 31 icke
868 1115 63 30 bör
948 1115 173 30 beräknas
1142 1115 88 30 efter
1247 1116 56 30 det
1321 1125 24 21 s.
1367 1116 32 29 k.
1418 1115 217 37 besparings-

132 1165 228 36 reglementet.
404 1164 167 31 Assistent
589 1165 64 30 bör
669 1164 133 32 erhålla
820 1165 188 36 ersättning
1027 1165 87 31 efter
1131 1166 93 30 klass
1244 1165 48 30 III
1312 1166 27 29 E
1358 1166 10 29 i
1388 1166 178 30 allmänna
1585 1175 50 22 re-

131 1215 265 37 sereglementet,
425 1215 103 31 såvitt
552 1216 71 29 han
648 1216 75 30 icke
748 1215 95 31 förut
869 1216 88 30 varit
982 1216 351 36 distriktskonsulent,
1360 1216 55 31 för
1442 1216 107 31 vilket
1574 1217 62 31 fall

132 1267 70 29 han
228 1267 63 29 bör
317 1264 133 38 åtnjuta
476 1266 266 36 reseersättning
768 1266 86 30 efter
881 1275 133 21 samma
1042 1267 149 36 grunder
1217 1276 75 21 som
1319 1267 94 36 dylik
1440 1267 195 31 konsulent.

131 1316 15 30 I
164 1317 109 30 likhet
292 1317 78 30 med
389 1317 66 30 vad
474 1316 278 37 riksföreningen
774 1316 116 31 anfört
910 1326 101 21 anser
1032 1317 67 37 jag,
1121 1320 48 28 att
1189 1318 193 31 skillnaden
1403 1319 10 29 i
1434 1318 200 31 statsbidra-

131 1370 70 33 gets
222 1367 128 30 storlek
370 1367 54 30 för
447 1368 66 29 den
535 1368 165 29 händelse
719 1376 77 22 resa
817 1367 169 37 företages
1007 1367 47 36 på
1073 1368 200 31 rekvisition
1297 1378 41 20 av
1360 1369 147 30 svenska
1528 1370 106 29 smör-

132 1417 273 36 provningarnas
425 1418 143 35 styrelse
585 1418 81 29 eller
684 1427 42 21 av
744 1427 117 21 annan
879 1418 75 30 icke
973 1418 65 29 bör
1055 1418 254 36 upprätthållas
1330 1419 10 30 i
1358 1419 276 36 fortsättningen.

132 1467 73 31 Vad
228 1467 277 37 riksföreningen
529 1467 10 30 i
563 1468 92 30 detta
679 1469 255 35 sammanhang
958 1468 194 32 framhållit
1175 1470 150 29 rörande
1348 1469 288 31 konsulenternas

132 1527 94 21 resor
244 1518 10 29 i
274 1517 184 37 anledning
477 1527 43 21 av
539 1518 201 30 rekvisition
763 1518 79 30 från
862 1519 147 30 svenska
1029 1519 369 37 smörprovningarnas
1419 1520 142 36 styrelse
1584 1530 51 26 sy-

132 1577 58 21 nes
211 1569 88 29 även
322 1569 74 29 värt
416 1572 49 26 att
484 1568 154 30 beaktas.

175 1618 14 29 I
208 1618 343 31 överensstämmelse
568 1620 79 29 med
668 1620 66 29 vad
752 1619 58 36 jag
829 1619 9 30 i
857 1620 55 29 det
934 1619 207 36 föregående
1160 1620 116 31 anfört
1296 1621 95 30 torde
1410 1621 52 30 till
1481 1621 154 30 Befräm-

131 1668 104 37 jande
251 1678 43 21 av
311 1669 346 36 mejerihanteringen
674 1679 45 20 m.
737 1679 59 20 m.:
815 1669 125 37 Bidrag
956 1670 51 30 till
1024 1670 192 30 avlönande
1233 1680 44 20 av
1294 1670 343 37 mejerikonsulenter

132 1729 44 20 m.
207 1729 45 20 m.
285 1720 85 30 böra
399 1719 56 31 för
484 1721 100 29 nästa
613 1720 169 36 budgetår
812 1720 136 31 anvisas
979 1724 48 27 ett
1060 1721 268 37 förslagsanslag
1358 1732 41 20 av
1435 1721 133 40 (75,600
1600 1718 36 36 +

131 1770 118 34 36,000
262 1768 56 40 =)
356 1770 138 34 111,600
525 1770 137 30 kronor.
694 1770 114 31 Sedan
837 1771 186 36 riksdagen
1053 1771 101 31 fattat
1182 1772 113 31 beslut
1325 1772 10 30 i
1366 1771 272 38 anslagsfrågan,

132 1820 97 30 torde
251 1821 56 29 det
329 1820 36 31 få
386 1821 190 30 ankomma
597 1820 45 37 på
665 1821 122 36 Kungl.
812 1821 100 36 Maj:t
938 1824 49 28 att
1008 1822 142 31 utfärda
1172 1822 224 37 erforderliga
1418 1823 218 30 bestämmel-

134 1878 52 20 ser
203 1870 8 29 i
231 1871 144 28 ämnet.»

178 1969 74 30 Den
271 1970 10 29 i
300 1969 138 30 ärendet
460 1980 41 19 av
521 1970 146 30 svenska
686 1969 222 37 mejeriernas
927 1971 233 38 riksförening
1180 1972 207 30 verkställda
1409 1973 228 35 utredningen

135 2029 99 26 synes
261 2020 162 30 utskottet
450 2020 76 36 giva
555 2020 57 30 vid
643 2021 148 35 handen,
821 2024 48 27 att
896 2021 240 36 utvecklingen
1165 2022 95 30 inom
1289 2022 347 37 mejerihanteringen

134 2070 151 30 medfört
317 2070 193 36 betydande
543 2070 245 35 förändringar
823 2072 8 29 i
864 2071 286 31 konsulenternas
1183 2073 300 36 arbetsuppgifter.
1519 2073 120 31 Såsom

133 2121 380 35 departementschefen
543 2120 190 31 framhållit
763 2122 94 29 torde
885 2123 41 28 de
954 2123 201 30 nuvarande
1183 2124 78 29 med
1291 2125 195 29 statsmedel
1515 2125 122 29 under-

134 2172 121 29 stödda
281 2171 390 37 mejerikonsulenterna
698 2173 8 29 i
734 2181 41 20 en
802 2173 53 29 del
882 2172 60 30 fall
969 2173 45 29 ha
1043 2173 97 30 blivit
1165 2173 135 30 mindre
1326 2174 158 30 effektivt
1511 2178 126 34 utnytt-

133 2220 88 37 jade,
247 2222 105 29 sedan
376 2222 41 29 de
442 2222 115 30 lokala
581 2221 442 36 mejeriorganisationerna
1046 2223 10 30 i
1081 2224 58 29 allt
1164 2225 108 31 större
1296 2225 209 36 omfattning
1530 2226 108 36 själva

133 2271 137 29 anställt
299 2272 208 34 tjänstemän
535 2273 78 28 med
640 2273 400 35 konsulentkompetens.
1070 2273 178 36 Därjämte
1275 2284 99 27 synes
1402 2276 235 30 konsulenter-

134 2331 61 20 nas
222 2322 115 29 arbete
362 2321 221 31 beträffande
611 2323 416 36 produkttillverkningen
1054 2324 44 30 ha
1126 2324 95 30 blivit
1248 2325 9 30 i
1283 2325 67 30 viss
1377 2325 80 30 mån
1484 2327 155 29 eftersatt

135 2372 42 35 på
198 2373 111 33 grund
331 2383 41 19 av
394 2375 47 27 att
465 2373 140 29 arbeten
628 2373 78 29 med
729 2373 191 36 byggnads-
944 2375 65 28 och
1033 2375 296 30 maskintekniska
1354 2379 86 27 samt
1464 2377 173 35 organisa-

135 2422 126 30 toriska
287 2422 166 36 spörsmål
479 2423 146 29 kommit
648 2426 48 27 att
721 2424 98 29 träda
842 2424 9 29 i
875 2425 221 34 förgrunden.

1689 1977 129 25 Utskottet.
