1906 2850
330 166 17 30 2
634 166 419 39 Bevillningsutskottets
1075 170 224 34 betänkande
1319 172 51 31 Nr
1398 175 51 30 43.

283 246 42 29 år
347 245 64 31 och
435 245 182 37 angående
641 246 126 33 värdet
789 258 47 20 av
856 248 69 31 den
949 250 208 37 omyndiges
1182 251 246 38 förmögenhet
1450 254 62 31 vid
1535 257 182 35 utgången
1739 267 47 21 av

285 297 136 30 samma
441 298 51 35 år,
513 297 118 32 därest
651 298 201 32 inkomsten
873 301 152 35 uppgått
1044 302 57 30 till
1120 303 110 31 minst
1251 304 57 30 100
1328 303 132 32 kronor
1481 306 86 31 eller
1588 307 197 37 förmögen-

283 348 105 31 heten
407 350 151 35 uppgått
576 349 57 32 till
652 350 110 32 minst
780 351 88 35 1,200
886 351 140 32 kronor.

327 419 130 30 Genom
486 419 218 35 proposition
728 419 66 31 den
820 421 39 29 22
884 420 157 31 februari
1064 422 96 36 1924,
1185 433 42 20 nr
1252 424 51 35 53,
1328 424 63 31 har
1415 425 135 37 Kungl.
1576 427 101 37 Maj:t
1700 429 87 31 före-

284 471 107 34 slagit
426 470 187 35 riksdagen
647 472 53 29 att
735 473 128 34 antaga
896 472 133 35 förslag
1062 473 56 30 till
1142 474 59 35 lag
1225 485 56 20 om
1305 476 292 38 förmynderskap
1621 482 165 29 ävensom

283 521 142 31 därmed
460 522 345 35 sammanhängande
838 523 205 36 lagförslag.
1089 524 161 32 Nämnda
1274 528 218 34 proposition
1516 530 63 30 har
1604 540 145 22 numera
1774 534 12 29 i

283 572 185 31 huvudsak
503 573 156 35 antagits
683 583 44 20 av
752 574 198 36 riksdagen.
997 575 125 36 Enligt
1146 577 146 31 berörda
1316 578 134 37 förslag
1474 580 56 31 till
1556 581 59 36 lag
1639 592 56 21 om
1719 584 67 30 för-

283 624 245 37 mynderskap,
563 635 73 21 som
671 627 39 29 är
745 626 129 31 avsedd
908 628 52 30 att
996 627 99 31 träda
1120 629 12 30 i
1156 629 96 31 kraft
1274 630 67 31 den
1366 632 17 29 1
1408 631 143 36 januari
1576 634 93 36 1925,
1694 635 91 32 skall

282 678 199 31 kontrollen
505 680 81 29 över
610 678 270 37 förmyndarnas
904 679 223 37 förvaltning
1150 691 45 21 av
1212 682 40 31 de
1270 683 206 37 omyndigas
1494 686 167 35 egendom
1678 688 107 31 hand-

282 730 109 30 havas
415 739 45 21 av
483 739 68 26 nya
576 740 120 25 organ,
721 730 40 31 de
785 741 26 20 s.
836 731 32 30 k.
894 732 348 36 överförmyndarna.
1288 735 54 30 En
1366 735 219 33 konsekvens
1609 749 45 20 av
1672 739 113 32 denna

282 781 229 36 lagstiftning
535 781 114 30 skulle
673 781 118 30 därför
815 782 108 35 bliva,
948 784 52 29 att
1024 784 143 30 berörda
1191 786 264 37 uppgiftsplikt,
1490 788 3 30 i
1517 788 66 31 den
1607 792 81 29 mån
1705 791 79 31 den-

282 842 132 20 samma
438 841 100 21 anses
562 833 83 30 böra
672 832 205 37 bibehållas,
903 834 248 36 överflyttades
1175 837 20 29 å
1218 837 349 37 överförmyndarna.

323 883 66 31 Det
413 884 110 30 måste
547 884 194 31 emellertid
766 894 101 21 anses
891 886 181 36 önskvärt,
1101 888 51 30 att
1176 889 339 37 överförmyndarna
1540 892 74 31 icke
1638 894 145 36 åläggas

280 935 110 31 andra
425 935 161 36 uppdrag
621 938 45 28 än
701 937 140 35 sådana,
867 947 71 21 som
965 938 147 31 framstå
1136 949 73 21 som
1234 941 288 37 oundgängligen
1546 944 236 38 nödvändiga.

280 988 130 30 Genom
446 987 145 31 berörda
626 988 255 36 uppgiftsplikt
917 991 59 28 äro
1011 991 208 36 omyndigas
1254 993 154 31 inkomst
1443 995 63 30 och
1541 996 242 36 förmögenhet

280 1039 258 30 underkastade
581 1049 42 20 en
665 1041 183 34 strängare
896 1041 155 30 kontroll
1090 1045 44 27 än
1173 1043 65 30 den
1277 1044 54 30 för
1368 1045 110 31 andra
1522 1048 260 37 skattskyldiga

281 1090 173 36 gällande.
504 1090 52 31 Ur
587 1090 338 37 kontrollsynpunkt
957 1093 96 30 torde
1085 1094 267 32 bestämmelsen
1384 1107 85 20 vara
1497 1108 44 20 av
1570 1099 212 36 jämförelse-

280 1143 55 30 vis
358 1142 244 31 underordnad
627 1143 186 36 betydelse.
859 1144 80 31 Med
963 1144 137 37 hänsyn
1118 1145 123 32 härtill
1259 1148 63 30 och
1339 1148 43 31 då
1399 1159 125 25 genom
1540 1151 241 37 föreliggande

279 1195 132 35 förslag
446 1194 128 31 beretts
609 1195 186 35 möjlighet
830 1196 54 30 för
919 1196 208 32 ordförande
1152 1198 11 30 i
1188 1199 315 36 taxeringsnämnd
1538 1203 62 31 och
1629 1204 153 31 kronans

279 1246 129 31 ombud
433 1246 60 30 hos
517 1246 329 35 prövningsnämnd
870 1248 51 30 att
945 1249 44 34 på
1014 1248 152 36 begäran
1189 1250 133 31 erhålla
1345 1252 232 38 erforderliga
1600 1256 182 35 uppgifter

278 1308 45 19 av
358 1297 308 36 överförmyndare
702 1298 147 31 rörande
884 1299 185 36 omyndigs
1100 1301 153 31 inkomst
1278 1303 60 30 och
1365 1304 251 38 förmögenhet,
1641 1307 63 30 har
1729 1310 53 28 ut-

279 1349 129 30 skottet
432 1349 150 30 anslutit
606 1350 54 34 sig
684 1350 57 30 till
767 1350 176 36 förslaget.

325 1401 47 30 På
396 1401 116 35 grund
535 1411 44 20 av
604 1401 56 31 det
685 1402 147 30 anförda
856 1402 54 31 får
934 1403 171 31 utskottet
1129 1404 196 37 hemställa,

722 1488 51 29 att
808 1488 187 35 riksdagen
1030 1490 119 35 måtte,
1174 1491 76 30 med
1284 1492 102 30 bifall
1420 1494 56 30 till
1501 1494 135 37 Kungl.
1661 1496 119 37 Maj:ts

679 1539 229 31 förevarande
943 1541 214 35 proposition
1193 1552 42 20 nr
1274 1544 72 35 207,
1371 1546 129 35 antaga
1525 1556 91 21 ovan
1641 1548 138 31 införda

679 1591 132 35 förslag
835 1591 58 30 till
918 1591 207 37 förordning
1149 1603 56 21 om
1229 1594 133 32 ändrad
1387 1596 131 36 lydelse
1542 1608 43 21 av
1612 1600 37 30 11
1675 1597 18 37 $
1717 1601 62 31 och

679 1643 40 30 15
743 1639 18 37 $
785 1644 18 29 4
828 1653 102 20 mom.
954 1654 45 20 av
1024 1644 253 38 förordningen
1301 1646 66 32 den
1392 1649 39 30 28
1456 1649 143 33 oktober
1623 1653 84 30 1910
1724 1663 53 20 om

679 1695 429 36 taxeringsmyndigheter
1132 1698 62 30 och
1218 1698 215 34 förfarandet
1458 1702 61 31 vid
1543 1704 173 36 taxering.

320 1779 201 31 Stockholm
545 1780 65 30 den
635 1781 38 29 16
699 1781 70 35 maj
796 1782 92 29 1924.

698 1866 50 31 På
771 1867 409 35 bevillningsutskottets
1205 1872 150 33 vägnar:

891 1952 112 30 ERIK
1028 1951 148 34 RÖING.

277 2152 194 24 Närvarande:
500 2152 96 24 herrar
626 2153 96 30 Röing,
743 2153 97 24 Gustal
860 2154 120 26 Nilsson,
1002 2156 172 25 Antonsson,
1197 2156 114 24 Boman,
1333 2158 145 24 Jönsson
1470 2148 19 42 i
1501 2160 64 25 Boa.
1587 2161 160 25 Johansson
1770 2164 6 22 i

497 2197 146 27 Kullersta,
664 2197 95 28 Sköld,
780 2197 130 24 Hedlund
933 2198 5 23 i
960 2192 162 33 Östersund,
1143 2199 99 24 Olsson
1262 2200 8 23 i
1290 2201 159 26 Golvvasta,
1466 2203 134 30 Heyman,
1616 2205 160 25 Johansson

497 2241 7 22 i
536 2241 165 29 Hornsberg,
735 2241 130 23 Carlsson
895 2242 7 22 i
932 2241 90 28 Gävle,
1058 2238 120 32 Äström,
1209 2244 131 25 Granath,
1370 2246 159 24 Pettersson
1560 2248 6 22 i
1598 2249 178 29 Hällbacken,

496 2284 137 30 Jeppsson
656 2284 52 23 och
730 2285 189 23 Brännström.

570 2541 172 28 Stockholm,
759 2542 79 24 Isaac
854 2543 120 24 Marcus”
990 2544 375 33 Boktryckeri-Aktiebolag,
1384 2547 74 24 1924.
