2214 2618
421 184 19 29 2
647 181 119 32 Första
782 180 201 32 kammarens
999 178 137 39 första
1160 178 171 41 tillfälliga
1353 178 137 32 utskotts
1513 177 167 32 utlåtande
1704 177 53 32 Nr
1780 179 29 30 1.

421 263 258 38 betänkanden
718 276 45 22 nr
804 264 45 33 10
889 262 69 35 och
1000 264 44 33 19
1085 267 95 30 samt
1216 262 58 35 till
1307 261 70 36 vad
1414 263 13 34 i
1464 261 151 36 ärendet
1651 260 107 36 blivit
1792 261 102 35 inom
1925 260 93 36 riks-

422 318 137 49 dagens
588 318 145 35 kamrar
761 315 134 44 anfört,
927 314 37 36 få
996 316 198 34 inskränka
1222 316 56 47 sig
1305 315 59 35 till
1394 320 54 30 att
1477 321 209 36 omnämna,
1717 313 62 36 det
1807 312 209 49 riksdagen,

422 371 85 36 med
536 371 201 47 anledning
765 383 43 22 av
837 370 189 34 motionen
1046 382 45 22 nr
1122 370 72 34 138
1225 368 118 36 beslöt
1373 373 64 39 att,
1466 369 14 34 i
1509 368 164 48 enlighet
1702 366 84 36 med
1813 367 71 36 vad
1912 379 107 36 nyss-

422 424 162 36 nämnda
613 424 143 35 utskott
784 423 195 48 tillstyrkt,
1010 422 118 36 avlåta
1157 423 173 34 skrivelse
1358 422 58 34 till
1447 421 136 48 Kungl.
1614 420 108 48 Maj:t
1742 420 84 35 med
1845 420 173 36 anhållan

422 491 61 23 om
521 476 242 37 utarbetande
806 489 43 22 av
891 475 112 36 sådan
1045 475 159 48 ändring
1231 477 12 33 i
1272 474 169 49 gällande
1471 473 464 49 expeditionsförordning,
1966 478 53 31 att

422 532 72 35 den
533 530 78 37 däri
648 529 176 49 stadgade
866 530 104 34 lösen
1013 528 57 36 för
1107 529 182 47 protokoll
1317 535 87 29 över
1431 529 248 47 växelprotest
1708 532 95 31 samt
1832 527 59 35 för
1918 527 101 36 bevis

424 585 126 36 därom
580 588 20 32 å
628 585 118 42 växel,
778 585 114 33 måtte
921 584 12 33 i
963 581 104 49 fråga
1096 595 60 22 om
1185 583 128 35 växlar
1341 582 58 34 till
1419 581 144 36 mindre
1592 581 134 48 belopp
1756 580 199 36 nedsättas.

556 638 130 35 Denna
729 636 276 48 framställning
1032 636 167 35 befinner
1228 637 66 46 sig,
1325 636 117 47 enligt
1470 634 69 36 vad
1568 635 180 35 utskottet
1776 634 67 35 har
1871 635 57 46 sig
1956 633 64 36 be-

423 693 101 42 kant,
555 692 159 46 alltjämt
741 689 146 37 vilande
917 689 66 35 hos
1013 689 138 48 Kungl.
1181 688 115 48 Maj:t.

558 744 188 36 Utskottet
792 744 66 35 har
900 748 92 30 trott
1033 744 56 46 sig
1125 743 113 44 finna,
1278 747 53 30 att
1369 741 62 36 det
1475 754 44 23 av
1547 742 229 34 motionären
1805 739 217 49 ifrågasatta

423 798 350 48 kostnadsbeloppet
802 795 58 37 för
887 797 261 47 växelprotest,
1181 798 20 33 2
1231 796 52 35 kr.
1317 797 47 34 50
1395 802 74 37 öre,
1499 795 79 35 icke
1608 797 75 32 står
1710 796 13 33 i
1753 798 267 31 överensstäm-

424 853 113 35 melse
567 851 84 36 med
679 851 45 35 de
753 864 43 22 av
824 851 232 34 motionären
1085 845 130 57 gjorda
1239 845 307 57 beräkningarne.

558 905 189 35 Utskottet
776 903 164 49 grundar
969 903 121 35 denna
1118 904 57 34 sin
1204 903 93 35 åsikt
1326 905 47 45 på
1402 901 164 48 följande
1596 900 329 48 omständigheter.

556 957 178 49 Avgiften
764 957 57 35 för
848 957 250 48 växelprotest
1127 959 109 45 utgår
1264 957 117 46 enligt
1410 956 128 47 kungl.
1569 953 310 49 förordningarna
1908 955 113 46 angå-

431 1012 92 36 ende
565 1011 337 49 expeditionslösen
942 1010 68 35 den
1053 1012 19 33 7
1104 1009 193 36 december
1329 1010 99 34 1883
1460 1013 94 30 samt
1583 1006 188 49 angående
1801 1007 220 48 stämpelav-

424 1065 119 49 giften
573 1065 70 36 den
674 1067 19 33 2
721 1066 86 46 juni
840 1065 97 34 1889
971 1063 118 36 under
1118 1062 163 48 följande
1310 1061 178 37 särskilda
1516 1062 115 34 titlar:

562 1118 73 46 1:0)
674 1119 102 35 lösen
815 1117 58 36 för
910 1118 183 47 protokoll
1131 1123 86 29 över
1252 1120 199 41 protesten:
1498 1113 114 37 första
1641 1114 102 35 arket
1774 1115 19 33 2
1825 1114 66 43 kr.,
1922 1113 100 47 varje

424 1187 44 22 av
497 1173 43 36 de
570 1174 126 45 övriga
727 1174 17 32 1
777 1172 72 41 kr.;

562 1224 73 48 2:0)
664 1227 102 34 lösen
796 1224 57 35 för
881 1224 102 36 bevis
1012 1227 20 32 å
1059 1224 134 35 växeln
1222 1236 58 22 om
1309 1221 201 37 verkställd
1538 1226 156 44 protest:
1729 1223 17 32 1
1779 1221 70 43 kr.;

562 1278 70 47 3:o)
662 1292 60 22 om
752 1278 175 48 åtgärden
957 1278 81 35 sker
1064 1282 104 30 utom
1197 1276 324 36 ämbetsrummet:

561 1331 35 48 a)
638 1334 12 33 i
698 1331 91 44 stad,
834 1338 173 29 ävensom
1050 1333 47 45 på
1124 1330 125 35 landet
1278 1330 88 35 eller
1393 1330 58 34 till
1481 1328 79 36 stad
1588 1327 163 36 hörande
1779 1326 242 44 lantområde,

428 1387 46 35 då
503 1385 57 37 för
601 1385 291 47 förrättningens
920 1383 268 37 verkställande
1218 1396 79 22 resa
1324 1383 80 34 icke
1440 1380 193 45 erfordras,
1665 1380 57 36 för
1748 1381 100 46 varje
1877 1393 144 35 person,

428 1453 79 23 som
536 1440 163 44 besökes,
743 1441 16 32 1
792 1439 71 42 kr.;
894 1438 69 35 och
992 1444 40 29 är
1061 1438 204 46 ersättning
1293 1435 58 36 för
1377 1437 118 34 vittne
1523 1436 12 34 i
1564 1435 120 35 denna
1713 1435 225 46 gottgörelse
1966 1435 58 34 in-

427 1494 200 48 begripen
608 1490 22 56 ;

562 1545 37 47 b)
629 1545 184 37 erfordras
842 1558 81 22 resa
952 1543 57 37 för
1037 1543 267 36 verkställande
1333 1556 44 22 av
1406 1541 225 48 förrättning
1659 1544 20 32 å
1707 1540 126 36 landet
1858 1541 90 35 eller
1966 1541 58 35 till

429 1600 81 36 stad
538 1599 164 37 hörande
743 1598 242 43 lantområde,
1015 1604 63 29 äro
1107 1596 332 48 förrättningsman
1468 1595 67 36 och
1564 1596 117 34 vittne
1710 1594 227 48 berättigade
1966 1595 58 34 till

428 1653 132 37 arvode
602 1654 68 35 och
708 1652 286 47 reseersättning
1031 1650 93 36 efter
1154 1663 137 23 samma
1319 1649 175 49 grunder,
1524 1662 78 22 som
1631 1650 12 33 i
1673 1647 103 49 fråga
1804 1660 60 22 om
1894 1652 131 30 ersätt-

429 1708 93 47 ning
551 1706 57 36 för
637 1707 214 47 utmätning
879 1712 63 28 äro
971 1704 181 48 gällande.
1211 1704 9 35 I
1247 1703 228 36 sistnämnda
1500 1701 177 37 avseende
1697 1701 146 47 stadgas
1862 1702 13 33 i
1895 1701 128 47 kungl.

430 1760 267 48 förordningen
727 1772 83 35 ang.
842 1760 208 45 ersättning
1078 1759 58 33 till
1165 1756 331 48 förrättningsmän
1517 1754 56 36 för
1594 1756 213 46 utmätning
1825 1756 12 33 i
1858 1753 168 36 enskilda

430 1815 75 34 mål
543 1827 47 21 m.
622 1827 48 22 m.
719 1812 70 36 den
823 1814 45 33 12
895 1810 75 49 juli
1002 1812 112 42 1878,
1146 1816 53 30 att
1228 1810 328 45 förrättningsman
1586 1809 91 34 skall
1707 1806 57 37 för
1792 1808 101 47 varje
1923 1807 103 49 dylik

431 1866 225 48 förrättning
698 1867 138 35 erhålla
876 1867 19 33 2
926 1866 66 43 kr.,
1032 1870 95 30 samt
1164 1865 126 43 vittne,
1321 1876 77 22 som
1420 1862 163 36 biträder
1610 1861 62 36 vid
1702 1860 236 49 förrättning,
1969 1859 58 37 för

430 1921 99 47 varje
558 1920 226 48 förrättning
828 1921 18 33 1
879 1920 66 42 kr.,
976 1919 177 47 varjämte
1183 1917 330 48 förrättningsman
1542 1915 67 36 och
1639 1917 117 33 vittne
1784 1921 62 29 äro
1874 1914 152 35 berätti-

430 1973 93 47 gade
551 1975 57 34 till
637 1975 215 46 ersättning,
882 1972 153 36 vardera
1062 1970 58 37 för
1140 1971 118 47 skjuts
1287 1969 93 37 efter
1408 1983 46 22 en
1483 1970 91 44 häst,
1606 1967 57 37 för
1691 1981 91 31 resa,
1812 1980 78 23 som
1911 1966 116 37 erfor-

430 2027 84 36 dras
548 2026 53 37 för
630 2026 288 48 förrättningen;

566 2080 76 46 4:0)
671 2081 177 47 slutligen
887 2080 93 35 skall
1019 2079 98 35 bevis
1160 2091 59 22 om
1262 2078 248 47 växelprotest
1547 2076 171 47 beläggas
1757 2075 84 35 med
1870 2075 157 47 stämpel

431 2135 59 34 till
519 2134 133 49 belopp
683 2147 43 23 av
756 2135 48 34 50
834 2140 73 28 öre.

566 2187 212 37 Kostnaden
808 2185 58 37 för
893 2187 250 47 växelprotest
1172 2187 143 46 uppgår
1343 2183 140 36 således
1512 2184 56 34 till

565 2240 49 47 A)
645 2243 20 33 3
705 2242 52 34 kr.
804 2241 47 34 50
895 2247 74 28 öre.
1005 2252 58 22 om
1093 2243 188 43 protesten
1310 2238 213 35 verkställes
1552 2240 20 32 å
1601 2235 426 48 förrättningsmannens

431 2293 238 38 ämbetsrum.
