2176 2638
379 208 38 35 ig
886 200 240 47 Lagutskottets
1149 198 166 38 utlåtande
1338 198 53 37 Nr
1414 199 50 35 48.

377 310 81 24 som
496 296 12 36 i
544 295 109 48 fråga
692 307 60 24 om
789 292 117 37 andra
933 291 163 47 arbeten,
1125 290 101 36 vilka
1254 288 105 37 såväl
1386 288 13 35 i
1425 286 135 37 lätthet
1589 298 80 24 som
1697 284 12 36 i
1737 280 186 40 avseende
1951 284 20 34 å

377 349 46 37 de
451 347 226 50 hygieniska
704 344 268 48 förhållanden,
1000 342 186 37 varunder
1213 341 45 36 de
1284 339 184 45 bedrivas,
1497 343 63 31 äro
1589 336 152 38 därmed
1769 334 201 48 likställda,

378 413 112 37 synes
532 399 61 36 det
634 398 196 46 utskottet,
874 401 54 32 att
969 395 99 50 goda
1109 393 71 37 och
1220 391 174 50 vägande
1435 390 81 37 skäl
1547 389 97 36 hava
1672 387 213 49 förebragts
1916 386 56 36 för

378 451 248 50 medgivande
656 464 45 23 av
729 463 46 23 en
802 448 118 37 sådan
949 446 139 49 Kungl.
1117 445 128 49 Maj:ts
1274 444 239 49 dispensrätt,
1542 454 80 23 som
1650 441 12 35 i
1688 439 282 51 propositionen

378 504 166 37 föreslås.

481 549 108 42 Även
617 553 276 37 motionärerna
921 563 113 37 synas
1057 549 83 37 icke
1159 549 95 49 hysa
1272 545 302 50 betänkligheter
1591 548 80 32 mot
1690 547 53 32 ett
1762 541 211 50 stadgande

379 621 48 23 av
460 607 115 36 sådan
603 604 194 38 innebörd.
853 604 118 36 Deras
999 601 157 48 farhåga
1183 600 118 37 riktar
1329 599 61 49 sig
1417 597 114 49 därpå
1559 601 54 32 att
1640 594 117 38 under
1785 594 63 36 det
1876 594 97 36 före-

379 660 133 48 slagna
553 656 226 50 stadgandet
811 655 121 37 skulle
959 655 12 36 i
999 653 290 49 tillämpningen
1317 651 129 36 kunna
1472 648 180 38 hänföras
1676 646 143 50 jämväl
1848 644 126 37 arbete

378 712 13 35 i
426 710 242 49 brädgårdar,
706 709 244 48 skeppsvarv,
988 704 298 50 stenhuggerier,
1316 716 32 23 o.
1371 716 28 23 s.
1420 715 36 23 v.
1502 700 129 37 Ehuru
1660 699 109 36 dessa
1797 697 178 48 farhågor

379 761 171 38 förefalla
590 761 32 49 ej
667 760 211 49 obetydligt
912 757 233 47 överdrivna,
1174 757 67 35 har
1269 755 63 36 det
1360 754 96 37 dock
1483 758 107 44 synts
1619 750 196 47 utskottet,
1845 753 55 32 att
1928 761 47 23 en

375 814 203 50 jämkning
613 813 12 36 i
661 812 245 37 redaktionen
934 810 68 37 bör
1029 814 73 44 äga
1129 822 95 34 rum,
1253 821 80 23 som
1360 806 172 49 tydligen
1562 804 151 48 klargör
1741 802 104 36 vilka
1872 801 103 48 slags

380 867 153 36 arbeten
560 878 82 24 som
669 864 84 37 med
781 862 226 50 stadgandet
1035 873 118 25 avses.

483 1022 52 36 På
575 1020 123 50 grund
726 1032 47 24 av
809 1018 73 36 vad
921 1016 184 37 utskottet
1133 1013 157 38 sålunda
1318 1012 124 37 anfört
1469 1011 56 37 får
1552 1010 184 37 utskottet
1764 1006 212 49 hemställa,

886 1118 72 50 1:0)
981 1124 54 32 att
1053 1117 215 49 riksdagen,
1288 1115 86 38 med
1392 1113 350 50 tillkännagivande
1763 1117 54 31 att
1835 1110 142 49 Kungl.

779 1172 129 49 Maj:ts
936 1169 290 51 ifrågavarande
1254 1168 144 49 förslag
1424 1167 82 37 icke
1534 1166 143 36 kunnat
1706 1178 46 23 av
1770 1163 207 48 riksdagen

778 1225 13 36 i
833 1223 218 38 oförändrat
1092 1221 107 38 skick
1239 1220 148 37 bifallas
1429 1222 116 33 måtte
1578 1217 59 38 för
1665 1217 57 37 sin
1751 1216 58 37 del
1839 1220 139 43 antaga

779 1276 167 50 följande
975 1274 142 50 förslag
1144 1273 56 52 till

484 1348 48 50 A)

435 1439 59 39 lag
521 1446 58 24 om
611 1436 138 34 ändrad
776 1434 139 42 lydelse
943 1442 43 24 av
1016 1432 59 50 13,
1104 1432 42 33 16
1175 1430 67 50 och
1270 1430 42 33 41
1341 1425 45 50 $$
1415 1430 13 32 i
1456 1429 104 40 lagen
1587 1436 60 24 om
1674 1424 262 42 arbetarskydd

882 1484 2 2 |
989 1485 68 33 den
1089 1484 46 33 29
1160 1482 83 44 juni
1273 1482 105 33 1912.

487 1589 231 49 Härigenom
759 1587 211 47 förordnas,
1011 1590 55 32 att
1110 1587 58 46 13,
1213 1585 45 35 16
1297 1582 70 38 och
1396 1583 45 35 41
1473 1579 44 51 $$
1544 1580 13 36 i
1584 1580 114 48 lagen
1727 1591 60 24 om
1816 1576 163 38 arbetar-

385 1642 123 50 skydd
536 1642 72 36 den
637 1643 47 34 29
710 1640 83 49 juni
825 1641 98 35 1912
952 1638 105 37 skola
1085 1637 140 37 erhålla
1254 1634 167 50 följande
1449 1632 161 38 ändrade
1638 1630 158 50 lydelse:

1132 1759 46 35 13
1206 1756 32 50 8.

489 1846 237 40 Beträffande
753 1845 248 50 minderårigs
1029 1842 248 38 användande
1305 1840 56 37 till
1390 1839 233 50 bergverks-,
1644 1837 143 47 bruks-,
1807 1835 173 47 fabriks-,

387 1901 221 38 hantverks-
640 1901 89 36 eller
755 1903 117 33 annat
899 1896 227 38 industriellt
1154 1894 125 37 arbete
1308 1893 89 37 eller
1424 1892 57 36 till
1509 1888 346 52 byggnadsarbete,
1884 1886 98 38 ändå

387 1960 54 30 att
473 1954 63 37 det
563 1953 33 49 ej
627 1959 40 30 är
695 1957 53 32 att
776 1950 158 38 hänföra
961 1949 56 37 till
1043 1946 226 38 industriellt
1298 1944 139 48 arbete,
1466 1943 105 37 skola
1598 1942 100 49 gälla
1726 1940 166 50 följande
1918 1939 64 36 be-

387 2006 249 37 stämmelser:

491 2057 33 49 a)
565 2056 83 37 Den
688 2054 270 49 minderåriges
1001 2050 181 39 arbetstid
1223 2052 60 34 må
1324 2048 33 49 ej
1401 2046 227 48 överskrida,
1670 2045 58 36 för
1756 2038 227 58 minderårig

387 2109 119 37 under
533 2114 140 32 tretton
701 2110 39 33 år
769 2120 65 23 sex
862 2106 148 36 timmar
1039 2117 46 23 av
1113 2103 144 49 dygnet
1285 2101 90 37 eller
1402 2099 197 37 trettiosex
1627 2097 149 37 timmar
1795 2095 12 37 i
1826 2094 155 47 veckan,

387 2161 60 37 för
486 2160 239 49 minderårig,
767 2171 81 24 som
889 2157 85 50 fyllt
1014 2160 141 32 tretton
1195 2167 86 24 men
1323 2152 32 50 ej
1399 2152 140 49 fjorton
1572 2153 53 45 år,
1654 2152 77 33 åtta
1758 2147 150 37 timmar
1936 2159 47 23 av

389 2213 144 49 dygnet
573 2212 89 35 eller
701 2211 194 49 fyrtioåtta
935 2209 148 36 timmar
1122 2207 12 35 i
1170 2206 143 37 veckan
1340 2204 70 37 och
1438 2204 58 36 för
1523 2215 123 24 annan
1674 2199 229 48 minderårig
1930 2198 53 37 tio

388 2265 150 37 timmar
566 2277 46 23 av
641 2262 142 49 dygnet
811 2261 91 38 eller
930 2260 117 37 sextio
1075 2260 149 36 timmar
1252 2258 10 35 i
1294 2256 152 37 veckan.
