1910 2820
512 150 118 30 Andra
654 151 239 37 lagutskottets
918 152 177 32 utlåtande
1119 152 49 31 Nr
1191 155 51 31 32.
1591 152 36 30 11

123 233 134 31 arbetas
276 232 47 38 så,
342 236 49 29 att
408 235 66 30 den
489 252 45 4 —
549 235 96 31 inom
662 237 42 30 de
721 236 168 32 områden
908 237 193 37 Konungen
1118 239 209 31 bestämmer
1344 257 44 4 —
1404 241 158 30 kommer
1579 244 48 28 att

123 284 89 35 gälla
235 284 58 30 vid
318 283 278 39 krigsolycksfall
621 287 81 29 över
726 287 121 30 huvud
872 288 64 30 och
961 288 77 31 icke
1062 289 86 30 blott
1172 290 278 36 krigsolycksfall
1476 291 9 30 i
1511 291 117 33 arbete

120 335 65 30 och
205 335 71 30 dels
299 338 51 28 att
371 337 16 28 7
410 336 19 37 8
451 345 134 22 samma
605 337 54 36 lag
678 338 210 36 upphäves.»

116 516 119 41 Fråga
257 526 61 24 om
341 518 159 33 ändrade
524 520 165 40 grunder
712 520 61 33 för
792 521 209 41 beräkning
1017 532 42 23 av
1074 523 319 41 tilläggsavgifter
1409 524 69 33 och
1495 524 131 40 bidrag

117 566 61 33 för
212 568 238 34 bestridande
483 579 44 24 av
560 571 313 33 omkostnaderna
906 572 60 32 för
989 572 364 41 försäkringsrådets
1377 575 67 32 och
1468 575 157 32 riksför-

550 621 383 41 säkringsanstaltens
956 623 247 33 verksamhet.

166 714 113 37 Enligt
300 715 41 30 16
362 715 18 37 8
402 714 97 38 lagen
520 725 57 21 om
597 716 196 39 försäkring
813 717 57 37 för
890 717 184 39 olycksfall
1095 720 10 29 i
1124 719 115 31 arbete
1260 720 88 30 skall
1369 719 113 32 såsom
1503 720 123 37 bidrag

119 764 51 31 till
188 765 223 33 bestridande
430 775 42 22 av
492 767 293 32 omkostnaderna
806 767 57 31 för
882 768 330 37 försäkringsrådets
1234 771 66 29 och
1322 770 302 37 riksförsäkrings-

119 816 188 31 anstaltens
331 817 219 31 verksamhet
573 817 56 31 för
651 818 95 37 varje
768 818 198 38 försäkring
989 820 11 30 i
1023 821 170 31 anstalten
1216 821 52 30 till
1293 822 201 30 statsverket
1517 823 107 36 erläg-

120 872 58 30 gas
199 866 245 38 tilläggsavgift
462 869 81 29 med
561 868 135 38 belopp,
717 870 245 30 motsvarande
981 870 72 31 fem
1074 874 141 33 procent
1236 881 44 21 av
1300 872 323 38 försäkringsavgif-

120 920 66 33 ten,
207 918 181 31 beräknad
409 921 84 28 utan
515 919 137 36 hänsyn
672 920 51 30 till
745 921 139 36 avdrag,
908 930 75 21 som
1005 921 224 31 omförmäles
1252 921 11 31 i
1289 923 37 29 11
1352 923 19 37 8
1393 923 11 30 i
1426 924 110 36 lagen.

163 967 340 38 Försäkringsbolag,
525 978 75 21 som
621 978 95 23 avses
737 970 12 30 i
769 971 19 29 4
811 971 18 37 8
850 971 11 30 i
880 972 99 35 lagen
1004 970 212 40 (ömsesidigt
1237 973 384 37 socialförsäkringsbo-

117 1017 82 40 lag),
222 1019 39 30 är
283 1018 108 32 också
413 1019 150 37 skyldigt
585 1023 49 28 att
656 1021 51 30 till
731 1022 203 31 statsverket
957 1023 138 36 erlägga
1117 1023 122 37 bidrag
1261 1023 53 31 till
1336 1024 221 31 bestridande
1581 1034 42 21 av

117 1070 154 31 nämnda
291 1070 256 31 omkostnader.
568 1071 159 37 Bidraget
746 1072 153 37 erlägges
920 1072 56 31 för
994 1072 98 37 varje
1111 1073 256 38 räkenskapsår
1386 1075 79 31 med
1484 1075 138 37 belopp,

119 1120 244 30 motsvarande
383 1123 50 28 tre
455 1124 142 33 procent
620 1131 42 20 av
683 1131 163 21 summan
868 1133 42 20 av
933 1123 411 37 försäkringsavgifterna
1363 1143 45 3 —
1427 1128 85 28 utan
1535 1126 86 31 hän-

118 1179 63 27 syn
201 1170 50 31 till
272 1172 237 35 nyssnämnda
531 1172 129 37 avdrag
680 1190 45 4 —
744 1172 58 31 för
823 1173 42 31 de
886 1174 10 30 i
917 1173 137 37 bolaget
1076 1175 111 30 under
1207 1175 291 37 räkenskapsåret
1519 1179 104 34 tagna

117 1220 248 38 försäkringar.

163 1271 316 32 Bestämmelserna
502 1272 11 31 i
540 1273 40 30 16
604 1273 19 37 8
647 1283 43 21 av
716 1274 85 30 1916
825 1273 57 32 års
905 1275 55 36 lag
984 1275 64 32 äro
1072 1275 46 37 på
1140 1276 114 36 grund
1278 1286 44 21 av
1347 1277 240 37 stadgandena
1610 1278 12 30 i

119 1323 14 29 1
160 1322 19 37 8
203 1323 11 30 i
238 1323 85 31 1937
347 1323 56 31 års
426 1323 368 40 krigsförsäkringslag
815 1325 205 38 tillämpliga
1044 1327 80 30 med
1148 1328 169 30 avseende
1340 1327 21 31 å
1384 1327 238 39 försäkringar

116 1373 103 37 enligt
239 1374 217 31 sistnämnda
473 1375 65 36 lag.
559 1375 125 31 Vidare
701 1375 60 31 må
779 1377 157 36 nämnas,
956 1380 50 27 att
1026 1377 231 37 arbetsgivare
1276 1378 139 37 jämlikt
1434 1379 20 30 6
1474 1379 19 37 8
1513 1379 108 37 krigs-

116 1423 316 38 försäkringslagen
456 1426 40 29 är
520 1425 126 37 pliktig
670 1428 51 28 att
746 1426 54 30 till
826 1426 68 31 den
920 1426 429 39 försäkringsinrättning,
1374 1429 11 30 i
1411 1429 119 31 vilken
1555 1429 66 31 hos

115 1474 130 31 honom
266 1475 172 31 anställda
462 1476 60 30 äro
545 1476 204 31 försäkrade
771 1476 139 37 jämlikt
933 1478 101 37 lagen
1058 1487 57 21 om
1138 1478 198 38 försäkring
1359 1479 55 31 för
1437 1480 184 37 olycksfall

115 1525 10 30 i
150 1525 124 37 arbete,
300 1526 136 36 erlägga
459 1527 56 30 det
538 1526 118 37 tillägg
678 1526 50 31 till
752 1527 146 36 tidigare
920 1528 159 31 bestämd
1103 1528 333 39 försäkringsavgift,
1462 1540 76 22 som
1562 1530 58 32 må

115 1575 197 31 föranledas
338 1586 44 21 av
406 1576 263 37 tillämpningen
695 1587 43 21 av
764 1577 422 39 krigsförsäkringslagen.

159 1676 14 31 I
193 1676 165 31 skrivelse
378 1677 66 31 den
464 1677 17 30 7
503 1676 90 37 april
615 1677 79 31 1941
718 1678 66 31 har
803 1678 327 38 redareföreningen
1148 1680 176 32 hemställt
1344 1691 57 21 om
1420 1680 110 33 sådan
1549 1682 69 37 lag-

114 1726 156 38 ändring,
288 1730 50 28 att
357 1727 282 38 tilläggsavgifter
655 1728 64 31 och
737 1729 124 37 bidrag
879 1729 56 31 för
951 1730 222 33 bestridande
1190 1741 43 21 av
1252 1732 293 32 omkostnaderna
1564 1732 57 32 för

116 1776 329 37 försäkringsrådets
469 1778 66 30 och
557 1778 479 38 riksförsäkringsanstaltens
1063 1782 220 31 verksamhet
1305 1781 105 32 måtte
1434 1783 183 31 reduceras

116 1827 49 30 till
184 1828 136 36 belopp,
342 1837 75 21 som
433 1827 57 31 må
508 1837 100 22 anses
628 1829 141 36 skäliga.

155 1912 52 30 En
228 1912 215 36 redogörelse
461 1912 57 30 för
535 1913 206 35 yttrandena
760 1913 134 31 lämnas
914 1913 21 31 å
956 1914 62 30 sid.
1040 1915 107 30 9—12
1167 1915 11 29 i
1198 1916 259 36 propositionen
1475 1927 43 20 nr
1540 1919 75 29 275.

153 1994 264 37 Föredragande
444 1995 378 38 departementschefen
847 1998 65 30 har
935 1999 11 30 i
971 1999 260 36 propositionen
1258 2010 42 20 nr
1327 2002 62 29 275
1417 2001 129 31 anfört:

157 2045 139 31 >Såsom
312 2046 121 36 bidrag
450 2046 50 30 till
517 2047 221 31 bestridande
754 2057 43 21 av
814 2049 294 31 omkostnaderna
1126 2049 56 31 för
1196 2050 418 38 riksförsäkringsanstal-

110 2099 73 28 tens
205 2097 65 30 och
292 2096 331 37 försäkringsrådets
645 2099 219 30 verksamhet
886 2100 130 30 betalas
1038 2116 45 4 —
1102 2100 110 30 under
1233 2101 212 38 benämning
1466 2103 150 36 tilläggs-

110 2147 107 37 avgift
243 2148 193 35 respektive
461 2148 123 37 bidrag
607 2165 44 4 —
676 2148 49 30 till
753 2151 203 29 statsverket
983 2150 68 30 viss
1079 2154 141 33 procent
1246 2151 20 31 å
1294 2152 324 37 försäkringsavgif-

111 2201 96 27 terna
240 2198 106 36 enligt
379 2199 431 37 olycksfallsförsäkrings-
844 2201 65 29 och
942 2200 465 39 krigsförsäkringslagarna,
1442 2204 174 35 nämligen

111 2249 69 29 fem
201 2251 142 33 procent
365 2248 20 30 å
407 2249 236 36 försäkringar
664 2250 10 29 i
695 2249 462 38 riksförsäkringsanstalten
1180 2253 65 29 och
1267 2255 51 28 tre
1341 2257 140 32 procent
1503 2254 21 31 å
1547 2255 68 29 för-

109 2298 179 36 säkringar
307 2298 11 29 i
338 2299 42 29 de
398 2299 205 36 ömsesidiga
622 2300 155 35 bolagen.
798 2300 303 31 Procentsatserna
1121 2303 88 29 hava
1231 2303 179 30 fastställts
1431 2306 81 28 med
1530 2305 85 29 hän-

110 2358 62 26 syn
192 2348 50 30 till
261 2349 160 30 normala
440 2348 252 31 förhållanden.
715 2349 48 31 På
783 2352 111 34 grund
914 2360 43 21 av
978 2352 41 30 de
1040 2352 169 30 särskilda
1229 2353 121 36 risker,
1372 2363 73 22 som
1465 2355 149 30 förorsa-

109 2399 62 30 kas
196 2409 42 20 av
263 2399 121 36 kriget,
409 2399 80 36 utgå
515 2400 54 30 för
595 2400 293 38 krigsförsäkring
913 2402 89 35 höga
1029 2403 156 35 premier.
1213 2403 108 31 Dessa
1348 2404 168 32 innefatta
1543 2407 73 29 dels

110 2450 75 34 viss,
213 2449 142 36 förhöjd
383 2450 127 36 premie
537 2451 54 29 för
616 2451 230 35 ersättningar
871 2452 104 36 enligt
1002 2453 518 39 olycksfallsförsäkringslagen
1550 2457 64 30 och
