2198 2620
415 178 19 30 2
805 172 363 42 Bevillningsutskottets
1191 170 195 33 betänkande
1409 170 53 30 Nr
1486 170 51 30 14.

371 256 196 36 vinsterna
607 254 93 37 först
736 253 70 36 hos
833 252 156 48 bolaget
1016 250 69 37 och
1114 250 116 48 därpå
1259 249 68 36 hos
1356 248 257 48 aktieägarna,
1641 248 12 35 i
1681 248 73 36 den
1783 248 85 34 mån
1896 245 75 37 den

372 308 57 36 till
471 307 84 36 dem
598 305 174 37 utdelats.
827 296 34 44 Å
894 303 118 36 andra
1040 302 107 36 sidan
1176 301 69 36 har
1272 313 87 23 man
1387 299 189 37 betraktat
1605 299 152 48 bolaget
1785 297 69 37 och
1883 297 88 36 dess

373 359 174 48 delägare
574 360 124 34 såsom
727 355 121 37 skilda
876 353 288 49 skattesubjekt,
1193 365 81 23 som
1294 365 67 22 var
1380 351 58 35 för
1457 351 62 48 sig
1537 350 153 36 tillförts
1710 350 99 36 ökad
1829 349 143 36 skatte-

372 411 103 36 kraft
515 422 137 37 genom
695 413 54 31 ett
789 405 272 50 vinstgivande
1101 404 160 37 resultat
1288 417 44 22 av
1361 402 177 48 bolagets
1565 401 252 37 verksamhet.
1871 400 101 37 Från

373 464 125 36 denna
538 468 85 29 rent
663 460 162 36 konkret
866 456 280 38 framträdande
1187 454 230 38 skattekraft
1459 454 68 36 har
1562 466 87 23 man
1679 459 123 30 ansett
1828 452 143 36 varken

373 521 124 30 staten
526 513 89 37 eller
642 513 232 35 kommunen
901 509 129 36 kunna
1057 509 127 36 bortse
1212 507 62 36 vid
1303 505 315 49 tillgodoseendet
1645 517 48 23 av
1721 504 83 35 sina
1831 504 139 36 skatte-

373 567 134 36 behov.
560 563 49 37 Så
637 564 68 36 har
738 576 99 32 man,
870 564 125 34 såsom
1024 560 72 37 den
1124 557 245 38 omförmälda
1396 556 209 36 historiken
1633 556 113 45 visar,
1775 554 197 37 efterhand

374 617 134 38 drivits
539 616 94 36 fram
661 615 58 36 till
747 614 71 35 den
838 613 134 49 punkt,
994 617 55 31 att
1068 611 71 36 den
1159 609 225 37 omtvistade
1412 606 449 48 dubbelbeskattningen,
1891 619 81 23 som

375 671 81 35 från
499 668 135 48 början
674 679 68 23 var
781 665 201 36 inskränkt
1022 664 57 35 till
1120 660 405 47 statsbeskattningen,
1568 659 65 36 där
1664 659 74 36 den
1767 658 206 36 omfattade

375 722 98 36 blott
514 719 159 37 faktiskt
713 717 175 36 utdelade
932 714 227 37 vinstmedel
1201 713 70 37 och
1300 715 48 46 på
1375 716 53 32 ett
1457 710 161 49 tidigare
1646 710 163 36 stadium
1839 722 46 22 av
1913 714 60 30 ut-

373 772 227 48 vecklingen
629 770 73 37 fick
738 769 270 48 kompenseras
1035 778 138 36 genom
1201 765 79 35 viss
1308 763 242 47 avdragsrätt
1578 761 57 36 för
1661 761 176 49 bolagen,
1865 759 109 37 blivit

374 825 86 36 fullt
488 821 224 52 genomförd
742 821 103 35 såväl
873 819 149 47 statligt
1049 831 81 23 som
1159 815 244 37 kommunalt.

506 875 126 48 Sagda
658 873 223 46 utveckling
907 871 76 35 kan
1012 882 108 24 anses
1149 867 213 37 fullbordad
1390 878 139 37 genom
1559 870 138 30 tvenne
1727 877 47 22 av
1796 865 95 34 1919
1914 865 59 34 års

375 927 158 49 lagtima
572 926 159 46 riksdag
771 922 142 38 fattade
956 922 135 46 beslut,
1134 920 63 36 det
1234 931 70 24 ena
1338 931 60 23 om
1428 915 246 51 upptagande
1703 928 47 22 av
1778 915 71 35 den
1877 928 30 22 s.
1937 915 36 35 k.

376 980 197 35 B-skatten
602 977 62 36 vid
693 976 107 36 sidan
829 988 46 22 av
903 974 184 47 bolagens
1116 970 185 38 ordinarie
1325 970 279 44 inkomstskatt,
1624 966 221 48 varigenom
1866 966 110 36 deras

377 1030 203 37 fonderade
615 1027 223 37 vinstmedel
874 1024 297 38 underkastades
1200 1022 160 37 särskild
1391 1020 257 47 beskattning,
1676 1017 64 37 det
1769 1017 115 36 andra
1912 1031 64 22 av-

378 1082 136 37 seende
554 1077 409 51 bevillningstaxering
997 1077 70 35 och
1108 1088 80 23 som
1219 1074 94 48 följd
1342 1073 114 36 därav
1484 1070 219 38 kommunal
1731 1068 246 48 beskattning

378 1149 46 21 av
455 1132 312 48 aktieutdelning.

507 1185 55 35 De
590 1182 261 49 föreliggande
880 1180 239 36 motionerna
1146 1178 89 48 giva
1261 1176 61 36 vid
1350 1176 163 46 handen,
1543 1175 177 35 hurusom
1747 1171 230 37 motståndet

380 1243 78 31 mot
495 1237 72 35 den
604 1234 175 47 gällande
807 1230 433 51 bolagsbeskattningen
1269 1240 156 24 numera
1453 1226 136 36 samlat
1616 1225 61 48 sig
1705 1223 270 37 företrädesvis
2001 1233 8 6 "

379 1292 48 47 på
455 1289 45 36 de
529 1286 247 37 omförmälda
803 1284 98 37 båda
928 1283 225 49 punkterna.

509 1339 278 36 Motionärerna
828 1337 97 35 hava
965 1335 84 36 icke
1090 1333 151 36 tilltrott
1282 1332 60 48 sig
1383 1335 55 31 att
1465 1329 217 47 framlägga
1711 1333 55 30 ett
1792 1326 186 36 utformat

381 1392 145 47 förslag
567 1391 56 35 till
651 1390 157 48 frågans
836 1387 156 48 lösning
1019 1392 91 30 utan
1138 1385 97 35 hava
1264 1388 152 31 stannat
1444 1381 64 36 vid
1537 1379 226 37 hemställan
1791 1391 59 23 om
1880 1378 97 35 skri-

381 1445 102 35 velse
524 1442 57 37 till
621 1441 143 48 Kungl.
806 1440 106 48 Maj:t
940 1438 85 36 med
1054 1437 170 47 begäran
1253 1448 59 23 om
1340 1434 162 35 »sådana
1531 1431 206 48 ändringar
1765 1443 45 22 av
1837 1429 140 36 skatte-

382 1495 326 46 förordningarna,
750 1505 79 23 som
868 1496 63 30 äro
967 1488 244 48 erforderliga
1240 1487 57 35 för
1324 1483 244 38 undvikande
1596 1496 46 22 av
1671 1480 307 37 dubbelbeskatt-

381 1547 96 48 ning
506 1548 20 33 å
555 1544 237 47 aktiebolags
819 1540 260 38 vinstmedel».
1135 1539 17 36 I
1181 1538 276 48 motiveringen
1500 1535 97 36 hava
1638 1533 45 36 de
1716 1538 171 30 närmare
1916 1545 64 22 an-

381 1599 99 49 givit
519 1597 102 36 vissa
662 1594 203 38 önskemål.
921 1591 238 37 Beträffande
1201 1588 391 46 statsbeskattningen
1633 1585 69 36 har
1730 1583 156 37 sålunda
1915 1586 65 46 på-

381 1650 143 49 yrkats,
567 1649 78 36 dels
687 1647 61 36 att
769 1645 197 37 B-skatten
996 1645 115 34 måtte
1148 1642 207 46 borttagas,
1386 1639 78 36 dels
1493 1637 70 37 ock
1592 1643 53 30 att
1672 1636 165 48 bolagen
1864 1637 117 34 måtte

382 1701 206 48 berättigas
618 1704 54 31 att
699 1698 63 36 vid
792 1698 58 35 sin
879 1695 175 48 taxering
1082 1693 167 48 avdraga
1277 1691 176 37 utdelade
1480 1688 224 37 vinstmedel
1732 1687 96 36 intill
1853 1688 20 34 6
1895 1698 86 36 pro-

385 1760 85 30 cent
498 1766 46 22 av
571 1751 194 49 kapitalet.
822 1748 57 36 En
908 1746 180 37 liknande
1115 1743 202 38 reduktion
1344 1743 67 35 har
1439 1741 69 37 ock
1538 1740 186 36 förordats
1752 1739 11 35 i
1784 1739 107 47 fråga
1919 1750 61 23 om

383 1801 528 48 kommunalbeskattningen,
954 1798 131 36 såvida
1121 1797 32 48 ej
1185 1796 116 36 sådan
1328 1793 248 47 beskattning
1605 1805 46 22 av
1678 1788 304 48 aktieutdelning

385 1856 126 36 kunde
539 1855 79 36 helt
645 1852 198 37 avskaffas.

515 1904 348 51 Utgångspunkten
911 1902 59 36 för
1010 1899 252 38 bedömandet
1303 1911 46 22 av
1391 1898 149 47 frågan,
1586 1908 58 23 om
1693 1892 289 47 aktiebolagens

384 1960 145 35 vinster
569 1956 222 38 överhuvud
832 1960 106 43 taget
979 1953 118 36 tillåta
1138 1951 166 37 starkare
1345 1947 247 48 beskattning
1627 1951 48 30 än
1717 1942 265 38 motsvarande

386 2012 145 35 vinster
558 2011 12 34 i
599 2008 147 37 enskild
787 2007 112 45 hand,
941 2004 107 37 torde
1076 2004 13 35 i
1117 2002 206 37 allmänhet
1362 2000 109 46 varit,
1514 2004 52 31 att
1593 2010 85 23 man
1710 2001 124 31 ansett
1861 1994 120 36 aktie-

386 2061 284 49 bolagsformen
710 2061 124 34 såsom
876 2057 119 36 sådan
1023 2055 187 36 innesluta
1239 2052 263 43 civilrättsliga
1531 2049 69 37 och
1628 2047 189 49 praktiskt
1844 2046 140 36 ekono-

388 2114 122 36 miska
550 2112 162 36 fördelar
753 2124 46 23 av
840 2109 72 36 den
955 2113 68 41 art,
1066 2112 52 31 att
1159 2106 62 36 det
1253 2105 118 36 under
1400 2102 105 50 dylik
1535 2101 93 36 form
1657 2097 329 48 sammanskjutna

389 2164 183 50 kapitalet
599 2164 70 36 och
698 2163 84 36 dess
810 2160 231 47 avkastning
1068 2159 103 47 finge
1200 2169 108 24 anses
1335 2159 260 45 representera
1623 2165 42 23 en
1695 2150 150 37 relativt
1865 2152 119 32 större

390 2215 233 39 skattekraft.
680 2214 89 36 Man
808 2213 75 36 kan
924 2211 166 50 givetvis
1129 2209 115 36 tvista
1272 2221 60 23 om
1362 2208 63 35 det
1453 2204 228 50 principiellt
1707 2199 238 49 berättigade
1973 2199 11 34 i

389 2269 102 36 detta
533 2267 319 47 åskådningssätt,
895 2276 98 34 men,
1036 2267 94 31 även
1169 2274 59 22 om
1271 2273 86 22 man
1385 2258 186 36 erkänner
1598 2255 84 37 dess
1710 2250 273 50 berättigande,
