1932 2814
261 143 39 30 10
711 149 263 31 Statsutskottets
996 153 167 29 utlåtande
1184 163 40 19 nr
1249 156 47 28 73.

664 242 362 38 Försvarsväsendets
1055 246 295 47 fastighetsfond.

734 327 380 52 Arméförvaltningens
1142 328 150 50 delfond.

309 396 61 42 2:o)
404 399 87 31 Vissa
526 401 283 38 byggnadsarbeten
839 413 35 22 m.
900 413 35 22 m.
983 405 160 33 Ordnande
1168 416 36 23 av
1225 409 100 31 första
1347 410 243 39 tygkompaniets
1614 413 57 30 och
1694 413 64 38 tyg-

256 448 327 39 förvaltningsskolans
615 453 192 39 förläggning
837 452 19 33 å
876 455 187 32 Järvafältet.
1110 457 161 32 Ordnande
1294 467 35 23 av
1353 459 123 32 arméns
1500 461 258 33 intendenturför-

258 495 71 34 råds
352 500 57 30 och
433 500 99 31 första
556 501 388 42 intendenturkompaniets
965 506 192 40 förläggning
1181 506 19 33 å
1221 509 186 32 Järvafältet.
1444 511 161 32 Ordnande
1629 521 36 22 av
1681 513 77 32 Göta

258 550 267 38 pansarlivgardes
546 552 203 39 förläggning.
796 555 158 32 Ordnande
978 564 36 23 av
1037 557 77 31 Svea
1138 558 152 39 livgardes
1312 561 191 39 förläggning
1527 559 19 33 å
1567 562 189 33 Järvafältet.

256 597 219 34 Beträffande
512 601 125 41 Kungl.
672 602 117 42 Maj:ts
826 605 126 42 förslag
986 617 55 20 om
1075 608 119 41 anslag
1225 609 53 31 till
1310 610 256 42 ifrågavarande
1599 613 159 32 ändamål

255 648 204 41 (punkterna
493 652 90 41 1—5)
617 652 155 33 kommer
804 655 168 32 utskottet
1005 659 49 29 att
1087 657 183 34 framdeles
1300 660 109 32 under
1431 661 183 42 riksdagen
1637 663 119 41 avgiva

254 699 185 39 utlåtande,
463 701 105 32 vilket
590 702 142 33 härmed

853 756 160 32 anmäles.

722 900 387 52 Marinförvaltningens
1138 905 148 37 delfond.

305 971 63 42 3:0)
389 973 88 32 Vissa
501 975 283 38 byggnadsarbeten
809 986 36 23 m.
870 987 37 23 m.
944 979 220 33 Beträffande
1187 981 127 42 Kungl.
1338 982 116 42 Maj:ts
1477 983 129 43 förslag
1628 996 56 20 om
1700 997 55 20 an-

252 1022 73 40 slag
357 1023 53 31 till
443 1023 256 42 ifrågavarande
732 1027 157 32 ändamål
921 1028 121 42 (punkt
1069 1030 30 41 6)
1131 1031 154 32 kommer
1307 1032 169 33 utskottet
1498 1036 51 29 att
1570 1035 184 33 framdeles

254 1073 106 31 under
382 1073 183 43 riksdagen
589 1076 119 41 avgiva
731 1078 185 39 utlåtande,
940 1080 105 31 vilket
1068 1081 141 32 härmed

850 1155 159 32 anmäles.

737 1300 358 52 Flygförvaltningens
1124 1304 148 37 delfond.

302 1370 63 42 4:o)
402 1372 88 32 Vissa
524 1374 284 39 byggnadsarbeten
845 1386 36 22 m.
917 1387 36 22 m.
1008 1378 125 42 Kungl.
1159 1379 103 42 Maj:t
1283 1381 62 31 har
1367 1381 179 43 föreslagit
1568 1383 183 43 riksdagen

256 1420 120 43 (punkt
398 1423 28 37 7,
451 1423 63 32 sid.
537 1424 137 42 44—72)
702 1427 50 30 att

303 1472 73 31 dels
396 1473 55 31 till
470 1473 102 32 Vissa
589 1474 320 42 byggnadsarbeten
927 1489 42 20 m.
989 1489 41 20 m.
1051 1479 53 31 för
1122 1479 203 42 budgetåret
1345 1481 136 32 1943/44
1499 1482 118 32 anvisa
1636 1484 50 30 ett
1704 1483 47 31 in-

251 1523 309 43 vesteringsanslag
578 1536 40 20 av
637 1526 188 38 25,000,000
841 1527 136 39 kronor;

303 1573 73 33 dels
399 1575 62 31 ock
482 1576 164 42 medgiva,
670 1580 50 29 att
742 1577 255 43 ifrågavarande
1020 1581 119 41 anslag
1159 1583 55 30 må
1235 1582 214 33 överskridas
1470 1603 44 4 —
1534 1584 150 33 förutom
1706 1588 46 40 på

250 1626 68 30 sätt
339 1636 41 20 av
403 1625 375 42 departementschefen
800 1630 146 41 angivits
970 1631 12 31 i
1004 1632 377 42 statsrådsprotokollet
1403 1635 82 31 över
1506 1634 245 34 försvarsären-

251 1676 65 31 den
343 1677 55 30 för
425 1677 67 31 den
517 1678 20 30 4
563 1678 134 41 januari
727 1679 79 31 1943
834 1680 77 31 med
937 1680 135 43 belopp,
1101 1692 74 21 som
1201 1682 157 42 betingas
1386 1694 40 20 av
1454 1683 227 44 prisstegring
1706 1703 44 5 —

250 1726 92 32 inom
365 1738 115 21 ramen
503 1739 40 21 av
566 1731 48 30 ett
636 1729 128 42 belopp
786 1741 42 20 av
849 1731 187 38 98,800,000
1058 1732 134 39 kronor,
1216 1733 13 31 i
1251 1734 65 31 den
1339 1736 78 30 mån
1439 1737 39 30 så
1501 1736 171 32 erfordras
1695 1736 56 32 för

250 1777 271 43 tillgodoseende
546 1790 41 21 av
610 1780 280 33 medelsbehovet
913 1782 55 31 för
993 1782 41 32 de
1058 1782 313 44 byggnadsföretag
1394 1796 42 20 m.
1462 1796 53 27 m.,
1541 1796 74 21 som
1641 1786 110 42 enligt

249 1829 199 42 riksdagens
468 1829 115 32 beslut
601 1830 12 31 i
632 1830 186 42 anledning
836 1842 41 20 av
896 1831 65 32 vad
980 1831 12 31 i
1012 1832 148 32 nämnda
1178 1833 340 42 statsrådsprotokoll
1538 1835 109 31 under
1665 1835 84 42 flyg-

248 1880 269 42 förvaltningens
542 1880 141 32 delfond
707 1881 84 32 eller
813 1882 12 31 i
848 1882 147 31 särskild
1018 1883 217 41 proposition
1258 1884 135 32 anföres
1418 1884 97 32 skola
1536 1885 135 32 komma
1693 1886 54 31 till

248 1930 180 32 utförande
445 1931 77 31 med
539 1931 174 32 anlitande
731 1943 41 20 av
788 1932 145 32 berörda
949 1933 126 42 anslag.

299 2033 120 33 Under
443 2034 111 33 denna
577 2035 110 42 punkt
709 2035 63 33 har
795 2036 374 42 departementschefen
1193 2038 128 32 anmält
1344 2039 115 41 frågor
1483 2050 54 21 om
1561 2040 186 33 medelsan-

248 2084 136 43 visning
406 2085 54 32 för
484 2085 92 32 vissa
599 2086 313 42 byggnadsföretag
934 2087 58 32 vid
1016 2088 207 41 flygvapnet,
1249 2088 99 39 vilka,
1373 2091 114 30 såsom
1511 2090 109 32 under
1642 2089 105 43 punk-

249 2138 56 29 ten
333 2136 63 41 1:0)
428 2136 12 31 i
466 2136 93 31 detta
584 2136 176 32 utlåtande
786 2137 156 41 angivits,
969 2137 133 33 komma
1127 2141 51 29 att
1203 2139 104 41 draga
1331 2139 186 33 kostnader
1541 2151 41 21 av
1607 2140 140 33 tillsam-

245 2196 97 21 mans
363 2186 187 38 98,800,000
570 2186 127 32 kronor
717 2187 108 32 under
845 2188 211 42 budgetåren
1077 2189 146 39 1943/47,
1245 2190 13 31 i
1277 2190 105 32 vilket
1403 2190 127 42 belopp
1551 2190 194 38 kostnader,

246 2247 72 20 som
332 2238 57 30 äro
404 2237 200 31 föranledda
619 2248 40 20 av
673 2238 235 41 prisstegring,
924 2238 85 32 dock
1023 2238 73 32 icke
1110 2240 58 30 äro
1183 2239 193 32 inräknade.
1402 2239 69 32 För
1484 2240 147 31 nämnda
1644 2240 102 41 bygg-

246 2287 227 32 nadsarbeten
493 2287 109 33 skulle
621 2288 109 41 enligt
750 2288 65 32 den
834 2289 93 31 förut
945 2288 154 33 lämnade
1120 2290 239 41 redogörelsen
1378 2290 137 32 anvisas
1534 2290 54 31 för
1605 2290 141 42 budget-

246 2340 71 30 året
338 2338 137 32 1943/44
494 2341 49 29 ett
561 2339 349 42 investeringsanslag
929 2350 40 21 av
989 2340 187 38 25,000,000
1194 2340 133 32 kronor.
1358 2340 386 42 Departementschefen

245 2388 62 32 har
326 2389 144 32 sålunda
490 2389 126 32 anmält
635 2390 154 41 följande
809 2389 312 43 byggnadsföretag
1140 2390 109 32 under
1268 2390 112 32 denna
1398 2391 118 41 punkt.

301 2439 260 33 Västmanlands
584 2440 207 42 flygflottilj.
825 2441 240 33 Kostnaderna
1089 2442 55 31 för
1167 2442 265 32 Västmanlands
1457 2442 214 42 flygflottiljs
1697 2443 48 30 ut-
