2214 2634
735 154 242 32 Statsutskottets
1000 151 165 32 utlitande
1189 150 53 31 Nr
1265 151 54 29 44.
1774 145 15 29 1

961 559 60 41 Nr
1046 559 68 40 44.

773 715 118 29 Ankom
914 714 46 28 till
984 712 170 34 riksdagens
1177 710 96 29 kansli
1296 709 58 28 den
1378 710 37 26 12
1440 707 72 34 april
1537 707 79 27 1921
1641 705 39 28 kl.
1706 706 16 26 2
1747 714 25 18 e.
1797 714 39 17 m.

434 862 190 37 Utlåtande
668 861 14 34 i
709 859 192 43 anledning
929 870 45 22 av
1002 857 134 43 Kungl.
1165 854 122 45 Maj:ts
1313 851 313 45 framställningar
1652 848 182 44 angående

630 928 149 42 förvärv
819 937 44 23 av
903 919 313 46 beskickningshus
1248 922 14 33 i
1298 912 149 42 London
1473 930 45 22 m.
1547 916 45 35 m.
1618 907 111 54 jämte
1756 910 43 40 en
1827 915 14 34 i

630 996 119 33 ämnet
775 993 104 34 väckt
905 992 162 34 motion.

694 1056 15 16 v
1498 1032 76 47 (1:a
1601 1030 103 47 avd.)

363 1199 19 34 I
408 1198 72 34 den
508 1198 57 34 till
591 1196 202 44 riksdagen
820 1194 72 35 den
921 1194 20 33 7
969 1192 154 44 januari
1153 1191 93 34 1921
1277 1188 153 36 avlåtna
1449 1186 282 45 propositionen
1751 1185 85 34 med

227 1251 143 42 förslag
396 1249 57 34 till
480 1248 228 43 tilläggsstat
735 1246 58 34 till
819 1245 202 34 riksstaten
1049 1242 59 35 för
1135 1241 41 35 år
1206 1241 93 34 1921
1330 1240 69 33 har
1416 1238 141 43 Kungl:
1577 1236 128 43 Maj:t,
1718 1236 124 34 under

225 1299 241 45 åberopande
506 1307 69 25 av:
597 1297 122 44 punkt
754 1296 43 34 15
825 1296 13 33 i
866 1295 63 34 det
955 1293 65 35 vid
1047 1292 284 44 propositionen
1358 1288 136 44 fogade
1522 1286 315 43 statsrådsproto-

218 1352 125 33 -'kollet
382 1353 88 31 över
508 1343 588 47 utrikesdepartementsärenden
1136 1342 59 34 för
1235 1351 145 24 samma
1407 1339 84 43 dag,
1519 1337 196 43 föreslagit
1740 1337 96 33 riks-

227 1402 125 43 dagen
393 1402 65 39 att,
499 1399 13 33 i
552 1397 189 35 avvaktan
781 1395 50 44 på
871 1395 72 34 den
971 1393 245 45 proposition,
1245 1402 81 23 som
1353 1389 125 34 kunde
1506 1388 101 34 bliva
1633 1386 203 44 riksdagen

228 1450 171 44 förelagd
439 1448 196 45 angående
674 1447 153 35 förvärv
867 1457 47 23 av
953 1442 338 44 beskickningshus
1331 1440 12 34 i
1371 1439 169 41 London,
1568 1437 23 35 å
1609 1438 231 43 tilläggsstat

228 1502 60 35 för
328 1501 42 35 år
412 1500 92 35 1921
547 1498 123 36 såsom
709 1495 388 43 reservationsanslag
1123 1492 166 35 beräkna
1317 1493 54 32 ett
1396 1490 136 43 belopp
1560 1500 44 23 av
1623 1487 212 44 :1,200,000

228 1549 150 52 kronor.
1694 1540 2 3 !

366 1601 220 35 Sedermera
625 1600 69 33 har
739 1598 140 43 Kungl.
919 1595 111 44 Maj:t
1069 1596 13 33 i
1122 1606 45 22 en
1208 1594 58 34 till
1297 1591 200 43 riksdagen
1526 1589 161 42 avlåten,
1717 1588 72 35 den
1818 1589 21 33 4

231 1665 101 23 mars
375 1652 92 34 1921
511 1649 252 45 dagtecknad'
787 1647 233 45 proposition
1061 1641 61 47 (nr
1165 1639 98 48 153),
1292 1642 120 34 under
1438 1639 238 44 åberopande
1704 1650 48 23 av
1780 1638 63 35 det

231 1704 66 34 vid
336 1702 281 45 propositionen
657 1699 137 45 fogade
835 1695 410 45 statsrådsprotokollet
1285 1697 89 31 över
1400 1691 442 43 utrikesdepartements-

233 1754 164 35 ärenden
425 1752 58 35 för
515 1762 145 24 samma
688 1750 85 44 dag,
801 1748 194 43 föreslagit
1020 1746 201 43 riksdagen
1250 1746 57 32 att
1333 1743 57 35 till
1418 1742 151 36 förvärv
1597 1752 49 22 av
1671 1739 169 35 beskick-

234 1804 184 44 ningshus
458 1804 13 33 i
509 1801 158 35 London
695 1812 49 23 m.
774 1812 47 22 m.
850 1799 22 34 å
899 1799 230 42 tilläggsstat
1155 1795 58 35 för
1241 1795 42 34 år
1313 1794 92 34 1921
1436 1793 132 34 anvisa
1595 1793 54 32 ett
1675 1801 168 23 reserva-

234 1855 236 42 tionsanslag
496 1864 49 23 av
571 1853 137 33 kronor
738 1849 208 44 1,260,000.

369 1903 241 36 Beträffande
651 1901 250 44 utredningen
929 1899 12 34 i
968 1898 156 35 ärendet
1150 1896 59 35 får
1236 1895 184 35 utskottet
1447 1892 159 35 hänvisa
1633 1891 58 35 till
1719 1890 129 35 åbero-

235 1956 98 45 pade
359 1953 387 49 statsrådsprotokoll.

369 2056 139 34 Vidare
536 2056 69 33 har
631 2055 12 33 i
671 2065 45 23 en
744 2053 101 34 inom
873 2051 118 34 första
1018 2050 218 33 kammaren
1265 2058 48 23 av
1339 2046 86 34 herr
1446 2044 38 36 C.
1504 2043 211 43 Lindhagen
1733 2042 111 35 väckt

235 2108 143 34 motion
419 2102 61 48 (nr
514 2101 97 46 189),
640 2104 125 34 vilken
793 2101 195 36 hänvisats
1016 2101 56 34 till
1098 2097 273 36 förberedande
1399 2094 231 43 behandling
1657 2104 48 23 av
1733 2095 112 32 stats-

237 2158 193 42 utskottet,
469 2156 220 41 hemställts,
718 2157 57 31 att
801 2152 213 43 riksdagen,
1042 2151 13 33 i
1082 2148 207 44 anledning
1316 2159 48 23 av
1389 2145 283 45 propositionen
1699 2155 47 22 nr
1775 2143 69 34 153

229 2221 69 23 om
330 2208 153 35 förvärv
509 2218 48 23 av
583 2203 337 45 beskickningshus
947 2203 13 33 i
987 2201 169 42 London,
1185 2199 100 42 ville,
1314 2197 58 35 för
1399 2197 72 34 den
1499 2195 179 35 händelse
1711 2204 136 34 propo-

374 2269 128 42 Bihang
525 2268 49 31 till
596 2268 179 41 riksdagens
796 2264 154 44 protokoll
972 2264 96 31 1921.
1092 2263 21 31 6
1134 2261 90 32 saml.
1248 2261 44 31 29
1307 2260 83 43 häft.
1434 2259 68 39 (Nr
1524 2258 65 38 44)
1794 2256 16 30 1
