2182 2690
379 212 18 32 6
831 216 360 31 Konstitutionsutskottets
1218 217 151 31 Utlåtande
1393 218 57 30 N:o
1475 219 51 29 11.

377 295 99 37 hvad
519 296 69 37 den
630 297 128 36 träffar
792 296 43 38 de
864 297 165 37 enskilda
1057 298 194 37 arbetarne
1279 299 101 36 inom
1408 299 255 50 statstjänsten.
1720 298 140 51 Hvarje
1889 305 87 32 rätt-

376 351 140 50 färdigt
556 352 168 36 omdöme
765 350 102 39 öfver
908 355 53 34 ett
1000 358 135 44 system
1171 355 114 35 måste
1313 354 88 36 söka
1429 360 77 31 mot
1533 355 175 48 oförtjänt
1735 355 240 50 missaktning

377 406 141 50 skydda
546 405 83 37 dem
658 419 78 23 som
755 407 135 37 kanske
910 407 129 37 endast
1056 416 64 28 äro
1139 411 190 47 systemets
1347 407 149 38 slafvar.
1538 410 74 49 Jag
1627 410 118 36 skulle
1762 410 107 36 också
1885 410 90 49 vilja

377 473 45 38 ge
451 463 53 34 ett
531 461 164 36 starkare
724 462 151 48 uttryck
903 460 40 38 af
969 463 231 36 erkännande
1223 464 58 35 för
1300 463 45 36 de
1364 462 97 51 goda
1475 464 233 49 egenskaper,
1723 477 78 23 som
1816 465 161 49 alltjämt

378 514 54 38 stå
446 513 48 53 på
522 515 70 36 den
621 516 152 36 svenska
801 515 253 50 byråkratiens
1081 517 209 45 kreditsida,
1319 516 130 38 främst
1477 518 205 49 ärligheten
1711 518 68 37 och
1808 520 169 48 plikttro-

377 570 121 36 heten.
555 569 84 37 Man
667 574 85 45 äger
779 571 110 49 ingen
917 574 75 33 rätt
1019 576 54 32 att
1100 572 115 49 draga
1242 573 184 35 allmänna
1453 573 190 36 slutsatser
1663 571 39 39 af
1713 573 105 47 vissa,
1836 576 24 34 t.
1875 586 32 24 o.
1924 586 49 24 m.

377 624 138 50 ganska
553 624 395 50 uppseendeväckande
979 627 171 48 exempel
1178 625 47 50 på
1252 632 196 31 motsatsen
1475 626 81 37 från
1584 633 140 31 senaste
1752 626 96 39 åren.
1905 627 72 37 Det

377 678 96 37 lider
500 679 92 36 intet
619 677 143 47 tvifvel,
790 685 54 30 att
871 679 63 37 vår
962 680 341 38 ämbetsmannakår
1331 694 78 24 som
1438 682 124 36 helhet
1590 688 99 30 ännu
1717 682 161 49 alltjämt
1905 685 72 33 tro-

378 733 73 35 fast
483 733 112 48 fyller
624 732 98 36 hvad
762 734 68 35 den
860 746 101 23 anser
990 746 78 23 som
1096 734 53 36 sin
1178 735 96 47 plikt
1313 735 68 35 och
1410 736 151 35 motstår
1588 734 188 37 frestelsen
1805 741 56 30 att
1889 742 88 42 göra

378 786 56 50 sig
462 786 54 36 sin
540 786 177 50 ställning
744 787 60 36 till
832 788 94 49 godo
955 788 60 37 för
1042 788 143 36 enskild
1213 789 164 50 vinning.
1433 788 48 37 Vi
1509 788 46 38 ha
1582 789 67 36 här
1676 790 13 35 i
1716 789 125 37 landet
1868 790 110 48 ingen

378 841 221 49 portugisisk
639 840 200 49 byråkrati,
874 842 85 36 med
992 843 78 35 dess
1097 855 118 24 massa
1243 844 39 35 af
1308 856 88 23 rena
1424 843 198 45 sinekurer,
1650 845 32 47 ej
1712 844 117 36 heller
1856 843 122 50 någon

378 895 89 49 rysk
508 893 197 51 byråkrati,
747 896 83 36 med
874 896 79 37 dess
995 897 154 36 slemma
1187 897 108 50 rykte
1323 898 12 35 i
1363 897 104 50 fråga
1498 911 61 23 om
1588 903 102 31 extra
1718 898 181 37 ordinarie
1928 899 50 35 in-

379 950 173 51 komster.

486 1002 118 39 Ännu
647 1006 52 34 ett
732 1004 67 36 bör
827 1005 11 35 i
868 1005 101 36 detta
997 1006 264 50 sammanhang
1288 1005 226 38 framhållas.
1560 1006 80 37 Den
1668 1007 111 49 ryska
1807 1007 173 49 byråkra-

379 1058 74 36 tien
496 1065 42 29 är
575 1063 88 31 utan
691 1057 133 38 tvifvel
851 1072 45 24 en
924 1060 126 36 brutal
1078 1061 113 45 makt,
1220 1074 77 23 som
1327 1061 77 36 icke
1433 1062 137 36 känner
1597 1062 78 36 sina
1703 1068 151 42 gränser
1880 1067 100 32 emot

380 1112 70 36 den
492 1112 167 36 enskilda
700 1113 168 45 friheten,
910 1114 11 35 i
964 1115 76 35 alla
1070 1114 189 37 händelser
1286 1115 80 36 icke
1394 1116 130 36 tvekar
1552 1120 55 31 att
1629 1114 228 38 öfverskrida
1885 1117 94 35 dem.

379 1166 116 49 Ingen
524 1167 72 35 kan
625 1167 84 36 med
739 1168 154 48 sanning
921 1168 100 37 beslå
1049 1169 69 36 den
1146 1169 154 37 svenska
1327 1169 233 50 byråkratien
1587 1169 60 36 för
1676 1183 43 23 en
1747 1170 151 36 tendens
1921 1171 59 36 till

379 1220 176 36 liknande
570 1221 234 48 öfvergrepp.
833 1222 82 35 Här
930 1221 72 37 står
1013 1222 459 48 justitieombudsmannen
1487 1222 373 51 författningsmässig
1875 1224 105 44 vakt;

382 1274 69 36 och
478 1274 114 35 redan
621 1274 62 36 det
710 1275 105 48 ringa
843 1276 99 35 antal
969 1274 77 48 fall,
1077 1276 66 37 där
1170 1278 73 34 han
1272 1275 56 38 får
1356 1276 197 50 anledning
1580 1277 157 49 ingripa,
1755 1278 121 35 tillika
1895 1277 86 37 med

382 1326 132 38 fallens
541 1329 214 49 sedvanliga
783 1329 262 50 obetydlighet,
1068 1334 39 33 är
1130 1334 54 33 ett
1210 1331 218 49 tillräckligt
1456 1331 102 36 bevis
1577 1332 66 44 för,
1662 1334 55 33 att
1735 1331 70 37 den
1822 1332 161 36 enskilda

382 1386 115 32 rätten
525 1383 65 34 hos
618 1395 56 23 oss
703 1390 40 28 är
770 1383 163 49 skäligen
961 1386 112 47 trygg
1101 1391 78 30 mot
1206 1398 45 23 en
1271 1384 196 37 öfverdrift
1486 1383 40 37 af
1538 1385 445 49 ämbetsmannamyndig-

383 1435 119 37 heten.

491 1489 18 36 I
551 1490 119 36 denna
709 1491 149 49 mening
899 1491 113 37 måste
1041 1492 109 37 alltså
1177 1493 91 36 talet
1296 1506 61 23 om
1385 1491 246 50 byråkratism
1659 1494 12 35 i
1699 1492 80 37 vårt
1807 1493 88 36 land
1925 1494 58 36 be-

383 1544 151 36 tecknas
570 1557 78 23 som
676 1543 242 38 öfverdrifvet
946 1547 68 35 och
1042 1547 255 49 oberättigadt.
1355 1546 97 37 Våra
1482 1547 285 37 ämbetslokaler
1795 1554 60 29 äro
1884 1548 98 48 inga-

384 1597 114 37 lunda
526 1598 132 36 härdar
685 1599 56 35 för
770 1604 53 31 ett
850 1599 233 50 godtyckligt
1110 1601 303 49 förmyndarskap
1442 1599 102 38 öfver
1572 1602 261 35 allmänheten.
1879 1602 105 35 Felet

384 1652 12 35 i
425 1651 65 37 vår
517 1651 334 51 statsförvaltning,
881 1654 61 36 det
970 1667 77 23 som
1076 1660 66 43 gör
1166 1660 54 31 att
1242 1668 87 23 man
1349 1655 189 49 verkligen
1558 1655 72 36 kan
1647 1656 74 35 tala
1736 1669 59 22 om
1813 1655 170 50 byråkra-

385 1706 84 36 tism
497 1704 107 38 äfven
634 1707 65 35 hos
727 1720 67 31 oss,
824 1708 103 36 sitter
954 1708 47 49 på
1029 1714 51 30 ett
1109 1709 77 36 helt
1210 1714 112 31 annat
1350 1708 84 37 håll.

494 1760 78 36 Vår
614 1761 190 49 byråkrati
838 1768 40 29 är
910 1763 89 35 raka
1026 1768 196 31 motsatsen
1250 1764 60 35 till
1338 1763 209 50 Rysslands.
1604 1764 199 48 Rysslands
1832 1771 38 28 är
1899 1763 86 50 god-

385 1814 145 49 tycklig
558 1815 68 35 och
655 1815 139 44 brutal,
822 1816 132 36 liksom
983 1816 68 37 den
1081 1825 43 27 är
1151 1816 84 50 föga
1258 1830 192 36 noggrann
1474 1830 61 23 om
1553 1818 157 48 ärlighet
1725 1819 112 48 enligt
1852 1824 133 30 väster-

386 1868 151 36 ländska
580 1869 197 48 principer;
820 1882 84 23 men
945 1870 69 36 den
1053 1877 41 30 är
1132 1870 21 36 å
1181 1871 113 36 andra
1322 1871 103 36 sidan
1455 1883 44 24 en
1526 1872 210 36 institution
1765 1871 39 36 af
1831 1872 155 36 oerhörd

386 1921 99 37 kraft
522 1922 66 36 och
616 1921 267 38 målmedveten
912 1925 133 48 energi.
1103 1924 80 37 Den
1211 1926 152 35 svenska
1392 1924 232 50 byråkratien
1653 1926 133 35 saknar
1813 1926 81 36 dess
1922 1927 64 43 fel;

387 1988 85 23 men
516 1976 35 35 vi
591 1977 139 44 frukta,
765 1983 55 30 att
847 1977 71 36 den
941 1979 123 35 tillika
1091 1979 132 36 saknar
1252 1979 118 36 denna
1398 1978 179 49 förtjänst.
1627 1979 79 36 Den
1734 1979 253 49 byråkratism,

386 2031 38 34 vi
462 2031 47 34 ha
551 2035 54 30 att
646 2037 88 42 göra
772 2031 95 45 med,
903 2032 117 49 ligger
1050 2032 47 49 på
1124 2035 60 34 det
1218 2035 151 43 passiva
1398 2032 180 37 området:
1608 2034 78 35 icke
1715 2032 272 38 öfverträdelse-

388 2086 89 33 utan
519 2083 432 51 underlåtenhetssynder
992 2108 51 4 —
1080 2087 183 35 bristande
1304 2085 98 46 drift,
1438 2087 160 36 initiativ
1640 2089 68 34 och
1741 2088 244 48 sakkunskap.

387 2137 18 36 I
433 2137 102 37 dessa
562 2138 229 37 hänseenden
818 2139 114 37 måste
960 2141 37 35 vi
1024 2139 101 50 gifva
1152 2141 304 36 karakteristiken
1484 2142 66 35 här
1578 2140 110 38 ofvan
1716 2145 81 32 rätt.

496 2191 80 37 Den
605 2191 341 39 öfverensstämmer
974 2195 67 35 ock
1070 2194 84 36 med
1182 2195 97 35 hvad
1307 2207 78 24 som
1414 2195 154 35 allmänt
1596 2207 103 25 anses
1724 2194 46 50 på
1789 2195 200 36 omdömes-

389 2248 83 47 gillt
500 2246 77 36 håll
606 2247 40 35 af
672 2248 71 34 alla
772 2246 227 50 partifärger.
1055 2248 59 37 ”Vi
1143 2248 158 37 behöfva
1329 2262 44 23 en
1401 2248 155 41 friskare
1589 2249 110 45 fläkt,
1733 2249 148 50 yttrade
1896 2250 94 48 nyli-

389 2314 71 36 gen
501 2301 26 36 f.
567 2300 194 38 statsrådet
789 2300 103 39 Axel
921 2301 146 38 Schotte
1096 2303 12 36 i
1138 2316 43 22 en
1205 2308 149 43 uppsats
1382 2316 61 23 om
1472 2303 69 37 den
1571 2303 151 36 svenska
1751 2302 240 38 statsförvalt-
