2175 2691
385 236 21 31 4
837 234 358 31 Konstitutionsutskottets
1226 232 153 31 Utlåtande
1402 232 56 30 N:o
1483 232 51 29 11.

384 319 12 36 i
428 319 84 36 hela
540 317 62 38 det
634 315 485 51 statsförvaltningssystem,
1148 315 130 36 hvaraf
1305 313 215 49 regeringen
1549 310 172 51 utgjorde
1749 312 143 47 spetsen
1920 310 69 36 och

386 373 204 51 symbolen.
645 371 57 37 Då
744 372 102 36 brast
887 370 139 38 bandet
1059 370 38 36 af
1124 368 217 46 förtroende,
1369 380 77 25 som
1474 365 243 38 sammanhöll
1744 364 245 38 allmänheten

386 428 87 37 med
502 432 135 33 statens
665 426 303 45 administration,
999 425 67 36 och
1095 424 62 37 det
1184 425 52 35 tal
1254 424 72 36 fick
1351 421 84 46 fart,
1458 434 77 24 som
1554 420 205 50 stämplade
1779 420 211 37 densamma

387 496 76 24 som
495 495 45 24 en
568 482 91 36 enda
687 484 74 34 stor
787 480 91 37 härd
905 479 58 38 för
991 477 378 51 utvecklingsfientlig
1397 475 207 38 formalism
1632 475 68 37 och
1733 487 123 24 annan
1885 473 106 51 byrå-

385 537 143 37 kratisk
555 535 114 39 bråte.

494 591 99 37 Utan
634 589 132 39 tvifvel
794 589 105 37 råder
927 590 62 36 det
1016 588 158 51 mycken
1203 587 181 45 oklarhet,
1414 586 157 50 mycken
1600 583 203 46 öfverdrift,
1831 583 160 50 mycken

387 646 99 37 falsk
513 645 283 51 generalisering
824 645 12 35 i
864 645 102 36 detta
992 644 63 36 tal.
1103 642 50 37 Vi
1181 642 127 36 kunna
1336 640 108 37 också
1471 639 83 37 från
1581 640 129 47 början
1737 643 88 45 taga
1852 639 59 36 för
1939 636 51 37 af-

388 701 135 48 gjordt,
559 704 56 33 att
653 701 68 35 den
750 700 154 35 unisona
930 699 113 35 kören
1071 698 12 35 i
1110 697 79 36 icke
1219 696 204 48 oväsentlig
1450 695 93 49 grad
1571 694 196 37 förstärkes
1795 691 39 38 af
1855 691 155 37 sådana
1992 687 22 66 -:

387 759 126 41 röster,
543 753 129 37 hvilka
699 753 85 36 med
814 751 247 50 byråkratism
1080 750 203 36 identifiera
1305 750 48 35 all
1371 749 203 48 statstjänst
1592 748 69 35 och
1679 746 86 36 med
1784 745 206 36 formalism

390 810 49 36 all
468 808 146 50 respekt
641 806 56 38 för
724 808 124 49 lagens
874 806 124 50 helgd,
1026 805 68 37 och
1122 804 128 37 hvilka
1277 804 108 36 alltså
1413 803 167 49 begagna
1608 802 54 49 sig
1685 799 41 38 af
1751 801 135 49 dagens
1914 799 77 49 opi-

388 864 88 35 nion
504 862 57 37 för
588 865 53 34 att
668 863 150 35 komma
845 861 85 36 hela
954 859 66 38 vår
1038 859 188 37 historiskt
1246 857 192 37 utbildade
1458 860 72 33 stat
1547 856 60 36 till
1624 854 72 38 lifs.
1754 855 84 36 Men
1857 853 134 37 sådana

388 917 310 49 omständigheter
739 922 89 44 göra
872 915 61 37 det
961 915 97 36 blott
1084 914 102 37 desto
1214 913 244 49 angelägnare
1485 915 57 32 att
1568 911 87 36 söka
1683 911 130 35 utröna
1841 908 62 36 det
1930 908 61 36 be-

388 971 182 50 rättigade
597 972 13 35 i
638 971 187 49 missnöjet
853 969 84 37 med
966 967 372 50 statsförvaltningen,
1366 965 58 38 för
1452 970 54 32 att
1534 964 110 38 sedan
1672 964 127 36 kunna
1816 962 89 38 råda
1924 963 67 36 bot

388 1025 124 50 därpå.

495 1080 50 37 Vi
586 1078 38 38 få
663 1080 107 36 alltså
812 1079 80 36 icke
920 1077 54 38 slå
1002 1090 56 24 oss
1085 1077 58 37 till
1170 1090 41 23 ro
1239 1076 84 36 med
1350 1074 183 38 reformen
1561 1072 47 51 på
1637 1072 354 50 representationens

389 1133 160 47 område,
577 1135 69 35 och
674 1134 39 36 vi
740 1134 128 36 kunna
895 1133 81 36 icke
1005 1132 116 36 heller
1149 1136 129 32 stanna
1306 1129 62 37 vid
1395 1134 91 45 ytan
1505 1127 41 37 af
1562 1127 88 38 våra
1664 1127 192 49 bräckliga
1876 1126 114 36 admi-

389 1189 349 36 nistrationsformer
766 1188 130 35 allena.
939 1186 49 36 Vi
1016 1187 114 34 måste
1149 1184 108 37 äfven
1272 1184 47 48 på
1333 1182 380 48 statsförvaltningens
1728 1182 157 46 räkning
1901 1180 89 36 söka

390 1242 46 50 gå
463 1242 72 37 ned
562 1242 61 36 till
651 1241 168 49 grunden
839 1241 68 35 och
927 1239 128 36 andan.
1099 1238 208 50 Riksdagen
1327 1238 66 35 har
1406 1259 49 4 —
1469 1249 79 23 som
1566 1235 121 37 nedan
1707 1235 93 35 skall
1815 1233 175 54 utförligt

390 1298 141 47 påvisas
559 1318 51 4 —
634 1296 111 36 redan
778 1296 98 48 gjort
903 1295 141 48 början,
1074 1293 48 36 då
1147 1293 70 36 den
1245 1292 148 36 förlidet
1420 1290 50 46 år,
1499 1290 64 37 vid
1590 1288 360 50 löneregleringarna
1978 1288 12 34 i

390 1351 95 36 vissa
526 1351 165 36 centrala
733 1349 255 44 ämbetsverk,
1014 1346 69 38 fäst
1124 1346 153 37 särskild
1318 1344 325 50 uppmärksamhet
1683 1342 47 50 på
1762 1343 229 36 arbetssättet

392 1405 178 36 därinom.
624 1403 50 37 Vi
715 1402 113 37 måste
868 1401 169 38 fortsätta
1064 1400 46 50 på
1137 1401 118 36 denna
1284 1407 82 42 väg,
1396 1398 217 43 eftertänka,
1642 1397 108 37 hvari
1776 1398 82 35 vårt
1885 1395 105 50 byrå-

391 1459 162 36 kratiska
592 1459 94 35 onda
717 1458 127 48 ligger,
872 1458 69 34 och
968 1455 210 45 eftersinna,
1209 1454 96 36 hvad
1333 1467 78 23 som
1440 1453 73 35 kan
1541 1459 105 41 göras
1674 1451 162 36 däremot
1865 1472 48 4 —
1943 1449 48 49 på

392 1514 62 35 det
495 1517 54 32 att
580 1512 81 36 icke
690 1510 258 38 misstroendet
975 1512 78 34 mot
1080 1511 135 35 statens
1243 1509 142 48 tjänare
1413 1507 95 36 skall
1536 1505 150 50 öfvergå
1714 1505 58 37 till
1800 1504 62 37 det
1888 1502 102 38 farli-

391 1572 101 44 gaste
520 1565 41 37 af
587 1567 78 44 allt,
693 1566 145 35 misstro
866 1570 79 30 mot
971 1563 131 50 själfva
1130 1565 127 34 staten.

873 1734 83 32 Den
981 1732 172 33 svenska
1175 1730 326 43 byråkratismen.

497 1834 80 37 Den
618 1834 156 37 svenska
814 1832 360 48 statsförvaltningen
1216 1838 41 29 är
1293 1828 62 40 det
1381 1829 148 38 fastaste
1557 1829 189 50 uttrycket
1773 1827 56 38 för
1856 1827 133 37 folkets

390 1889 197 37 historiska
615 1888 222 49 gestaltning
865 1899 130 37 genom
1019 1885 154 37 tiderna.
1229 1884 124 37 Under
1379 1884 179 37 växlande
1585 1882 265 50 författningar
1868 1882 122 36 lefver

390 1942 272 50 förvaltningen
703 1945 98 33 ännu
828 1941 93 36 kvar
952 1939 47 49 på
1026 1940 75 35 sina
1129 1944 115 32 rötter
1270 1938 84 37 från
1386 1939 217 37 1600-talet.
1658 1937 82 37 Den
1768 1943 40 30 är
1836 1948 45 24 en
1909 1936 81 36 ska-

390 1998 97 48 pelse
528 1996 41 37 af
603 1998 53 34 ett
686 1994 93 46 folk,
801 1994 114 37 bland
943 1994 105 36 hvars
1075 1998 97 32 stora
1200 1994 220 49 egenskaper
1449 1990 247 52 begåfningen
1723 1992 60 35 för
1810 1990 180 49 organisa-

389 2052 80 35 tion
510 2055 38 32 är
587 2063 46 23 en
671 2048 41 37 af
741 2049 45 37 de
814 2053 94 32 mest
935 2047 283 37 framträdande.
1274 2048 83 35 Den
1384 2045 181 38 framstod
1592 2045 48 50 på
1667 2046 54 35 sin
1749 2044 55 36 tid
1832 2057 78 23 som
1939 2046 52 34 ett

392 2107 161 34 mönster
593 2105 59 35 för
692 2102 231 37 främmande
959 2102 98 44 land,
1085 2101 170 36 särskildt
1282 2100 190 36 Danmark
1500 2100 68 36 och
1595 2098 191 50 Ryssland.
1841 2097 81 37 Den
1950 2104 41 29 är

380 2163 109 41 ännu
539 2158 157 48 alltjämt
741 2156 260 49 imponerande
1047 2168 131 36 genom
1224 2155 54 36 sin
1319 2153 137 37 fasthet
1498 2154 69 36 och
1610 2154 63 35 sitt
1716 2153 274 46 sammanhang.

391 2214 83 36 Den
502 2219 40 30 är
569 2210 208 51 ryggraden
805 2211 12 35 i
845 2209 66 38 vår
938 2209 219 49 statskropp,
1188 2211 179 34 stommen
1386 2209 12 35 i
1417 2208 84 37 hela
1528 2207 66 38 vår
1617 2207 173 50 politiska
1809 2205 183 51 organisa-

390 2267 76 36 tion
505 2279 79 24 som
627 2265 179 50 enhetligt
843 2263 80 38 folk
954 2285 38 5 —
1022 2268 79 31 mot
1132 2262 405 50 samhällsupplösande
1569 2262 152 36 rörelser
1749 2263 53 34 ett
1828 2260 164 36 starkare

392 2325 89 32 värn
510 2327 45 29 än
584 2319 93 37 både
706 2319 234 49 kungadöme
969 2318 68 35 och
1064 2317 285 49 riksdagsvälde.
