2207 2680
402 225 40 29 48
853 222 358 30 Konstitutionsutskottets
1239 221 151 30 Utlåtande
1412 220 57 30 N:r
1494 220 51 29 11.

506 305 190 36 Utskottet
736 304 66 37 vill
841 304 117 35 vidare
1000 303 180 44 anmärka,
1209 304 55 34 att
1293 301 242 37 motionärens
1562 298 217 38 hänvisande
1807 297 57 36 till
1892 295 111 37 andra

400 360 126 37 länder
554 360 82 36 med
663 359 182 48 afsättliga
872 358 222 36 ämbetsmän
1122 358 80 35 icke
1222 360 38 33 är
1280 356 149 37 särdeles
1448 354 218 50 vägledande
1687 352 80 37 med
1786 353 137 47 hänsyn
1948 351 53 36 till

400 415 290 36 önskvärdheten
733 415 67 35 och
839 413 261 48 lämpligheten
1138 413 37 35 af
1217 412 68 35 den
1328 410 206 48 föreslagna
1561 409 192 36 reformen.
1811 406 57 48 Ty
1895 408 21 34 å
1938 418 65 23 ena

401 469 101 36 sidan
531 469 63 35 har
621 468 223 36 motionären
872 467 78 36 icke
977 467 102 44 visat,
1110 468 53 35 att
1191 466 54 36 uti
1274 466 43 35 de
1345 465 136 45 länder,
1512 463 65 37 där
1603 462 187 50 principen
1819 474 60 23 om
1903 461 100 35 stats-

401 524 183 48 tjänarnes
617 522 223 49 afsättlighet
871 525 38 33 är
940 519 193 50 fastslagen
1168 521 67 36 och
1263 521 11 34 i
1302 521 119 48 någon
1450 520 85 35 mån
1554 518 192 48 tillämpas,
1764 516 67 36 hos
1850 514 151 37 ämbets-

402 579 66 36 och
510 579 293 47 tjänstemännen
845 577 193 36 förefinnas
1081 576 42 36 de
1164 575 253 49 förnämligare
1460 573 218 50 egenskaper
1720 571 81 35 med
1838 568 166 38 afseende

401 634 21 35 å
463 633 66 45 nit,
570 632 215 48 skicklighet
826 632 65 35 och
925 629 100 47 drift,
1056 643 76 23 som
1161 630 226 36 motionären
1420 641 129 36 genom
1578 627 62 36 sitt
1667 626 137 48 förslag
1831 626 91 34 trott
1950 624 55 47 sig

402 688 123 35 kunna
557 685 246 37 åstadkomma
845 686 99 35 inom
978 686 77 35 vårt
1087 685 102 35 lands
1216 681 343 39 ämbetsmannakår.
1617 681 77 37 Och
1713 682 20 34 å
1762 679 113 36 andra
1903 678 101 36 sidan

403 748 39 29 är
481 741 60 35 det
581 752 45 23 en
658 740 95 35 känd
787 740 75 45 sak,
892 744 53 31 att
972 739 126 36 sådant
1127 738 215 36 afskedande
1371 738 13 34 i
1407 738 133 45 många
1568 735 66 36 fall
1661 734 199 36 betraktats
1889 733 115 35 såsom

403 795 11 35 i
443 795 72 48 hög
547 794 89 50 grad
664 794 229 49 godtyckligt
921 794 67 36 och
1017 806 75 23 mer
1121 799 44 29 än
1194 805 45 24 en
1268 794 96 47 gång
1391 796 79 32 rent
1498 789 38 37 af
1561 789 215 37 framhållits
1803 788 116 35 såsom
1949 792 55 30 ut-

404 850 81 49 slag
513 848 41 37 af
579 849 146 48 politisk
753 849 208 48 förföljelse.

511 902 52 38 På
589 904 119 48 grund
736 902 40 37 af
800 903 95 36 hvad
922 902 147 36 sålunda
1097 902 135 35 anförts
1259 901 56 35 får
1342 900 178 36 utskottet
1547 896 199 46 hemställa,

938 1013 53 34 att
1032 1011 82 34 herr
1141 1009 168 48 Kjelléns
1337 1008 234 36 förevarande
1601 1007 141 36 motion
1763 1004 78 37 icke
1861 1004 59 35 må
1938 1003 68 36 för-

832 1064 126 38 anleda
986 1066 119 46 någon
1133 1063 225 48 Riksdagens
1386 1061 136 51 åtgärd.

513 1156 210 37 Stockholm
751 1156 68 36 den
850 1157 48 36 24
926 1155 91 48 april
1049 1156 110 35 1908.

980 1263 51 35 På
1059 1255 194 42 utskottets
1282 1268 148 41 vägnar:

976 1369 146 37 HUGO
1150 1367 290 37 BLOMBERG.

1026 1563 368 42 Reservationer:

515 1660 37 35 af
580 1660 83 35 herr
693 1660 123 46 Staaff,
845 1658 81 35 med
954 1657 151 36 hvilken
1124 1657 123 34 herrar
1265 1656 181 42 Beckman,
1469 1653 196 36 Ericsson
1652 1647 17 63 i
1685 1652 155 44 Vallsta,
1861 1651 147 36 friherre

409 1716 130 41 Bonde,
583 1714 212 42 Centerwall,
840 1713 231 34 Kvarnzelius
1113 1709 66 36 och
1219 1722 64 23 von
1324 1709 130 35 Schéele
1491 1708 157 42 instärat,
1685 1718 78 24 som
1797 1710 125 40 ansett,
1958 1707 53 34 att

410 1768 195 37 utskottets
634 1765 183 38 utlåtande
846 1766 83 35 bort
956 1765 108 35 hafva
1092 1763 159 48 följande
1279 1762 150 48 lydelse:

525 1836 13 18 »
545 1821 414 36 Statsämbetsmännens
988 1816 368 48 offentligt-rättsliga
1381 1815 173 47 ställning
1582 1821 39 29 är
1671 1836 27 3 —
1739 1835 40 4 —
1814 1835 40 3 —
1889 1834 40 4 —
1964 1834 43 4 —

413 1896 209 6 RS
686 1896 94 4 —
822 1894 40 4 —
892 1872 147 49 politisk
1067 1870 208 49 förföljelse.

519 1930 104 35 Efter
650 1928 194 36 utskottets
871 1927 149 47 mening
1048 1926 130 35 liksom
1208 1926 90 34 efter
1325 1924 242 36 motionärens
1596 1929 39 29 är
1661 1923 54 35 ett
1738 1919 40 37 af
1800 1921 42 36 de
1861 1921 151 35 främsta

412 1983 182 37 villkoren
623 1983 53 36 för
704 1984 54 35 ett
785 1981 153 48 kraftigt
965 1979 352 48 utvecklingsarbete
1347 1977 161 50 dugliga,
1537 1975 234 37 initiativrika
1795 1975 216 49 regeringar.

412 2038 96 36 Från
537 2037 213 48 regeringen
779 2037 87 35 böra
894 2034 215 49 lifgifvande
1136 2032 175 49 impulser
1338 2030 250 38 företrädesvis
1616 2029 90 50 utgå
1729 2027 56 38 för
1812 2031 52 34 att
1886 2029 126 36 vidare

414 2092 109 37 verka
555 2092 99 35 inom
687 2089 348 37 administrationens
1063 2088 69 35 alla
1160 2099 138 37 grenar.
1354 2086 69 36 Att
1450 2085 212 49 regeringen
1692 2084 122 36 därvid
1841 2083 172 36 behöfver

416 2147 79 36 stöd
523 2146 66 36 och
616 2145 102 48 hjälp
746 2145 37 36 af
810 2143 191 49 duglighet
1029 2141 67 37 och
1120 2142 121 48 energi
1269 2141 100 36 inom
1397 2140 272 47 förvaltningen
1698 2145 103 41 säger
1825 2138 55 48 sig
1899 2137 110 48 själft.

416 2199 465 47 Hufvudförutsättningen
909 2198 56 35 för
992 2201 53 32 att
1064 2196 97 36 detta
1180 2195 93 36 skall
1291 2195 114 36 blifva
1423 2194 108 36 fallet
1550 2200 38 29 är
1606 2192 178 49 tydligen,
1802 2194 53 34 att
1873 2191 143 36 urvalet

417 2255 61 35 vid
505 2253 249 48 befordringar
781 2253 82 35 sker
890 2252 151 35 framför
1068 2250 66 36 allt
1162 2249 81 37 med
1271 2249 163 36 afseende
1462 2247 46 50 på
1526 2247 222 49 skicklighet
1766 2246 60 36 till
1845 2246 169 47 tjänsten.

419 2308 79 36 Och
537 2308 12 35 i
593 2308 60 35 det
680 2307 182 36 afseendet
890 2306 101 35 torde
1019 2305 107 35 sedan
1154 2303 109 49 långa
1290 2303 95 36 tider
1412 2302 158 36 tillbaka
1598 2301 203 47 betydande
1829 2300 49 36 fel
1905 2298 110 38 hafva
