2298 2705
693 166 85 40 Laqg-
789 164 172 33 Utskottets
992 162 171 34 Utlåtande
1188 163 64 33 N:o
1275 165 52 30 40.
1753 162 18 30 9

208 252 48 30 att
284 249 213 39 förekomma,
527 248 71 32 icke
627 248 125 32 lemnas
780 258 38 21 ur
847 247 95 40 sigte.
996 247 100 31 Detta
1125 245 123 33 dubbla
1274 243 151 33 ändamål
1453 244 59 32 har
1538 244 174 32 Utskottet
1731 247 83 29 trott

208 302 113 30 kunna
347 301 115 32 vinnas
491 309 116 31 genom
635 299 220 40 borttagande
884 298 33 32 af
941 297 265 41 bestämmelsen,
1236 299 50 29 att
1300 296 294 32 sammankomster
1613 295 52 32 till
1684 305 129 30 gemen-

208 362 125 22 samma
372 350 295 41 andaktsöfningar
701 353 78 29 utan
812 349 246 33 vederbörande
1086 349 229 40 presterskaps
1343 347 209 32 omedelbara
1579 346 134 41 ledning
1740 347 72 31 icke

209 405 52 30 må
294 404 101 30 ”utan
425 402 158 33 särskildt
610 401 150 33 tillstånd
788 411 61 31 ega
875 411 71 21 rum
975 400 18 32 å
1022 400 58 40 tid,
1110 399 41 33 då
1178 400 122 31 allmän
1327 398 187 41 gudstjenst
1541 400 10 29 i
1578 397 236 40 församlingen

209 454 138 41 hålles”,
383 454 58 32 och
475 453 171 32 införande
679 453 10 31 i
717 453 75 32 dess
820 453 96 32 ställe
945 451 33 33 af
1003 452 56 32 det
1086 450 191 42 stadgande,
1307 453 49 29 att
1384 449 100 33 sådan
1514 450 257 31 sammankomst
1785 449 27 40 ej

209 505 49 31 får
297 504 109 32 hållas
448 503 35 33 så
524 508 81 27 nära
632 504 113 32 stället
771 503 51 32 för
848 504 62 31 den
939 503 166 31 allmänna
1132 502 241 40 gudstjensten,
1404 503 49 29 att
1479 500 62 31 den
1571 500 137 32 sednare
1736 500 80 31 eller

208 556 182 40 ordningen
417 555 56 33 vid
501 555 192 32 densamma
721 557 123 39 störes;
886 553 108 33 såsom
1022 553 82 41 följd
1130 552 117 33 hvaraf
1272 552 62 32 den
1361 552 11 31 i
1399 550 256 41 författningens
1676 550 137 33 sednare

209 607 52 32 del
289 606 191 33 fastställda
507 605 262 42 ansvarspåföljd
796 605 50 33 för
872 604 261 33 föranstaltande
1162 603 34 33 af
1221 603 36 33 så
1284 602 171 33 beskaffad
1482 603 260 32 sammankomst
1757 602 59 31 och

208 658 50 31 för
297 657 203 41 upplåtande
530 656 34 33 af
593 657 62 32 hus
683 657 111 32 dertill
823 657 58 32 bör
908 655 91 41 utgå,
1029 656 58 32 och
1117 654 235 34 öfverträdelse
1381 653 34 32 af
1440 653 56 32 det
1522 663 63 31 nya
1612 652 200 41 stadgandet

209 708 78 32 falla
315 708 105 33 under
448 708 392 33 ansvarsbestämmelsen
868 708 11 31 i
908 708 36 31 11
976 707 82 41 Kap.
1089 707 20 31 2
1137 708 19 38 8
1186 705 210 40 Strafflagen.

310 760 62 31 Vid
412 759 62 32 den
516 759 140 41 ändring
697 758 34 33 af
768 759 154 40 gällande
962 758 251 32 bestämmelser
1252 757 11 31 i
1290 758 121 38 ämnet,
1442 764 69 36 som
1540 754 139 33 sålunda
1706 755 108 31 skulle

210 820 62 31 ega
312 821 72 21 rum
419 811 61 31 och
508 819 68 23 som
604 811 73 31 icke
705 810 87 32 lärer
819 811 112 31 kunna
958 810 57 32 ske
1043 808 43 42 på
1114 810 100 30 annat
1240 809 67 31 sätt
1334 810 41 28 än
1403 816 115 30 genom
1549 808 58 39 att,
1637 805 73 31 med
1740 815 77 30 upp-

211 861 163 33 häfvande
403 860 33 32 af
461 861 119 39 Kongl.
610 861 249 40 Förordningen
887 861 63 31 den
978 861 39 31 26
1046 860 146 31 Oktober
1221 859 89 40 1858,
1340 856 133 33 utfärda
1500 866 39 22 en
1568 866 107 22 annan
1702 856 10 31 i
1744 855 74 32 dess

211 912 108 41 ställe,
348 912 134 32 hvilken
511 911 128 32 således
667 911 49 32 får
743 911 137 33 sednare
908 911 112 31 datum
1050 914 40 28 än
1118 919 63 31 nya
1208 908 204 40 strafflagen,
1440 916 105 32 synes,
1572 906 70 32 med
1665 905 152 33 afseende

211 962 42 43 på
279 961 182 33 innehållet
489 961 34 33 af
548 963 18 31 8
595 964 19 38 8
643 962 9 31 i
681 962 61 31 den
772 972 23 22 s.
826 963 30 30 k.
887 960 378 41 Promulgations-lagen
1294 959 62 31 den
1386 959 38 31 14
1451 959 88 31 Mars
1562 958 87 39 1864,
1684 957 133 31 hvilken

212 1015 19 38 &
258 1014 53 32 väl
339 1013 10 31 i
376 1012 94 40 fråga
498 1022 51 22 om
578 1012 208 40 förvandling
816 1012 33 32 af
873 1012 192 37 vitesböter,
1096 1021 68 22 som
1193 1010 105 39 enligt
1325 1008 98 35 äldre
1455 1007 196 40 författning
1672 1006 143 40 ådömas,

211 1064 152 32 hänvisar
404 1064 52 31 till
485 1063 61 31 den
575 1063 10 31 i
613 1064 19 30 2
659 1063 81 40 Kap.
774 1064 36 30 11
840 1064 18 38 8
889 1062 202 40 Strafflagen
1118 1061 50 32 för
1194 1061 88 32 vissa
1309 1061 111 30 böters
1448 1058 207 39 förvandling
1684 1056 133 41 angifna

211 1115 117 40 grund,
371 1124 74 22 men
487 1124 51 22 om
580 1114 96 32 hvars
704 1114 211 39 tillämpning
950 1114 122 31 tvekan
1100 1112 110 31 kunde
1237 1109 132 42 uppstå,
1399 1109 41 32 då
1467 1109 93 40 fråga
1587 1109 63 31 blir
1677 1118 51 21 om
1756 1107 61 32 för-

210 1166 158 39 vandling
410 1164 33 32 af
481 1164 163 32 likartade
685 1165 105 39 böter,
832 1163 140 33 ådömda
1013 1163 104 38 enligt
1150 1173 39 21 en
1217 1160 196 40 författning
1442 1159 34 32 af
1497 1171 112 35 yngre
1637 1159 112 31 datum
1777 1162 41 28 än

212 1216 212 39 Strafflagen,
459 1225 51 22 om
545 1215 107 31 denna
678 1215 196 39 författning
901 1214 166 32 bibehölle
1096 1223 123 22 samma
1246 1211 197 39 hänvisning
1472 1220 68 22 som
1572 1210 78 31 1858
1678 1209 51 32 års
1757 1208 62 33 för-

213 1267 139 40 ordning
394 1266 51 32 till
485 1266 86 32 hvad
611 1265 341 40 Utsöknings-balken
988 1264 168 40 angående
1184 1264 112 31 böters
1323 1261 209 39 förvandling
1561 1260 144 40 stadgar,
1748 1260 72 31 sist-

215 1317 140 32 nämnda
382 1317 198 39 hänvisning
607 1317 81 31 böra
716 1316 89 40 utgå.

308 1367 176 33 Utskottet
523 1367 193 32 hemställer
750 1366 127 33 således
909 1365 255 40 vördsamligen,
1195 1367 49 29 att
1272 1363 61 32 den
1362 1363 119 32 väckta
1508 1362 166 31 motionen
1704 1360 35 32 så
1767 1360 52 32 till

210 1418 75 33 vida
313 1417 103 33 måtte
444 1417 144 42 bifallas,
618 1420 50 29 att

609 1468 190 39 Riksdagen
838 1466 51 33 för
929 1468 50 31 sin
1018 1466 52 31 del
1110 1466 148 31 beslutar
1290 1474 39 22 en
1357 1462 207 41 författning,
1593 1462 223 39 hvarigenom,

611 1518 74 32 med
712 1518 139 40 ändring
880 1516 34 33 af
938 1516 120 39 Kongl.
1087 1515 249 40 Förordningen
1365 1513 169 40 angående
1554 1512 164 33 särskilda
1737 1521 80 22 sam-

610 1570 224 30 mankomster
865 1567 51 33 för
944 1566 256 40 andaktsöfning
1228 1566 63 31 den
1319 1565 39 32 26
1386 1564 146 32 Oktober
1562 1563 89 38 1858,
1681 1562 135 39 stadgas

611 1628 68 23 som
708 1618 112 41 följer:

611 1669 238 32 ”Medlemmar
877 1667 33 32 af
935 1666 420 41 Evangeliskt-Lutherska
1383 1665 124 40 kyrkan
1534 1673 76 23 vare
1636 1664 26 39 ej
1679 1662 143 32 förment

615 1723 50 28 att
692 1720 279 31 sammankomma
998 1718 52 32 till
1077 1726 245 31 gemensamma
1349 1714 294 39 andaktsöfningar
1670 1716 79 28 utan
1770 1722 53 21 ve-

612 1770 203 31 derbörande
849 1769 229 40 presterskaps
1112 1768 209 31 omedelbara
1347 1766 153 41 ledning;
1529 1765 84 31 dock
1640 1763 52 31 må
1720 1762 99 32 sådan

613 1820 259 32 sammankomst
900 1818 18 32 å
945 1818 59 41 tid,
1034 1817 41 33 då
1104 1818 123 31 allmän
1255 1816 188 41 gudstjenst
1469 1815 10 31 i
1505 1814 236 39 församlingen
1760 1812 61 32 för-

613 1874 115 36 rättas,
758 1870 26 40 ej
815 1879 62 30 ega
903 1879 71 22 rum
1003 1868 36 33 så
1066 1872 80 28 nära
1174 1868 56 32 det
1257 1867 107 41 ställe,
1386 1866 57 32 der
1462 1865 229 41 gudstjensten
1705 1862 116 41 hålles,

615 1924 48 29 att
703 1921 106 31 denna
850 1920 81 32 eller
971 1919 183 40 ordningen
1195 1918 114 32 dervid
1343 1920 116 29 störes.
1512 1916 39 40 Ej
1582 1916 81 32 eller
1690 1913 52 33 må
1769 1913 55 33 vid

615 1970 285 41 religionsöfning,
930 1980 68 22 som
1027 1970 27 40 ej
1084 1973 36 28 är
1148 1972 49 29 att
1224 1968 138 32 hänföra
1389 1967 52 32 till
1470 1966 130 32 enskild
1623 1964 199 40 husandakt,

615 2022 147 31 tillträde
803 2025 117 36 vägras
960 2020 254 40 församlingens
1255 2019 224 40 presterskap,
1521 2017 141 31 medlem
1691 2015 34 32 af
1750 2015 73 31 dess

616 2071 164 42 kyrkoråd
820 2073 81 31 eller
941 2071 62 31 den
1044 2071 172 39 offentliga
1257 2069 233 41 myndigheten
1518 2068 10 31 i
1556 2070 104 37 orten,
1689 2066 135 32 hvilken

615 2122 203 33 sistnämnda
845 2122 202 41 myndighet,
1077 2122 11 31 i
1114 2121 158 32 händelse
1302 2119 33 33 af
1360 2118 155 33 inträffad
1543 2117 183 41 olaglighet
1745 2116 80 32 eller

616 2173 170 40 oordning,
816 2182 77 31 eger
921 2176 59 37 att,
1010 2172 57 32 der
1095 2171 35 33 så
1157 2171 117 40 nödigt
1300 2179 105 30 anses,
1431 2170 300 32 sammankomsten
1745 2176 80 31 upp-

616 2224 79 32 lösa.
750 2223 188 40 Uppträder
978 2222 119 39 någon,
1132 2231 69 23 som
1230 2222 27 40 ej
1289 2224 36 29 är
1353 2222 90 39 prest
1471 2220 81 31 eller
1579 2219 104 39 enligt
1710 2217 114 40 kyrko-

301 2277 78 34 Bih,
403 2277 50 32 till
477 2276 116 33 Riksd.
620 2276 89 33 Prot.
734 2277 95 32 1867.
873 2277 20 31 7
920 2275 96 33 Saml.
1040 2278 19 29 6
1082 2274 98 43 Häft.
1726 2270 19 31 2

1030 2347 12 18 4
