2220 2672
699 218 250 33 Statsutskottets
980 218 171 33 Utlåtande
1175 219 63 31 N:o
1265 222 27 35 6.
1696 220 53 32 [19

201 307 45 48 på
288 304 84 50 Nya
399 299 193 56 Älfsborg,
635 305 96 38 hade
761 305 269 50 fordringarna
1058 309 47 46 på
1134 305 293 50 sjöförbindelse
1459 305 109 38 ökats
1597 305 11 37 i
1638 307 155 49 mycket

199 358 79 49 hög
306 358 106 49 grad.
468 335 124 59 Enär
616 357 127 39 vidare
779 358 298 38 minmaterielon
1116 358 220 38 förvarades
1364 362 48 46 på
1443 363 54 33 tre
1527 358 100 38 olika
1655 359 137 37 ställen

199 410 100 36 inom
338 410 233 49 fästningen,
606 424 89 23 vore
740 412 39 35 af
816 411 181 37 behofvet
1026 412 121 36 starkt
1175 411 203 49 påkalladt,
1409 416 55 32 att
1491 412 301 37 detachements-

199 463 289 37 befälhafvaren
521 463 96 36 hade
650 463 56 37 till
749 463 66 36 sitt
855 463 226 49 förfogande
1123 464 58 36 för
1221 468 194 45 transport
1451 463 41 36 af
1517 463 176 50 personal
1722 464 70 36 och

200 514 169 37 materiel
417 515 56 37 till
521 515 45 37 de
610 515 100 37 olika
751 515 343 50 förrådsplatserna
1136 529 45 23 en
1223 515 145 38 mindre
1411 515 174 51 ångslup,
1636 516 155 37 hvilken

198 567 133 37 kräfde
352 568 146 36 mindre
518 568 54 36 tid
591 568 58 36 för
668 567 245 50 uppeldning,
934 568 144 36 mindre
1100 567 255 37 driftkostnad
1375 573 96 32 samt
1490 568 145 38 mindre
1651 569 141 37 besätt-

200 620 95 58 ning
324 620 68 36 och
423 620 326 64 maskinpersonal
781 625 48 31 än
858 621 72 35 den
959 621 265 36 förutnämnda
1255 621 317 37 minkabelbåten.
1616 621 175 36 Anskaff-

200 672 331 49 ningskostnaden
560 673 60 36 för
649 687 46 22 en
725 673 161 57 ångslup
913 672 236 37 beräknades
1177 673 54 36 till
1265 675 136 46 10.000
1430 674 148 36 kronor.

302 725 140 49 Kriget
477 725 12 36 i
519 725 176 37 Ostasien
726 725 97 36 hade
852 725 98 38 visat
979 725 284 37 minväsendets
1293 703 101 59 stora
1422 725 195 51 betydelse
1645 726 64 37 vid
1738 731 54 32 ett

199 778 108 36 lands
350 755 158 59 försvar.
564 778 73 36 Det
681 791 88 23 vore
812 777 127 37 därför
980 778 41 36 af
1052 777 196 50 synnerlig
1277 778 90 49 vikt,
1398 783 55 32 att
1481 778 123 38 medel
1636 778 156 38 ställdes

199 830 58 36 till
272 829 428 50 marinförvaltningens
718 830 229 49 disposition
963 830 59 36 för
1038 835 54 31 att
1108 830 102 49 gifva
1224 830 288 38 minförsvarets
1525 831 182 37 målsmän
1718 830 74 38 till-

200 882 86 37 fälle
316 887 55 32 att
399 896 138 36 genom
558 882 130 38 försök
707 896 46 24 m.
773 896 45 23 m.
838 882 258 38 åstadkomma
1115 882 277 51 förbättringar
1410 883 12 36 i
1444 886 64 34 vår
1528 883 263 37 minmateriel.

305 935 407 50 Marinförvaltningen
745 935 219 37 hemställer
1002 935 137 48 därför,
1169 940 54 32 att
1251 935 121 37 Eders
1400 936 141 49 Kungl.
1572 936 106 50 Maj:t
1705 936 88 37 ville

199 988 69 36 hos
288 988 221 49 Riksdagen
528 993 95 43 göra
641 988 293 48 framställning,
956 992 52 31 att
1027 987 86 37 utaf
1129 988 71 37 den
1220 988 207 50 besparing
1447 988 40 37 af
1490 965 146 70 22.209
1654 989 139 36 kronor

201 1042 47 34 22
278 1046 76 42 öre,
384 1054 79 24 som
493 1013 172 81 uppstått
692 1040 11 36 i
733 1017 214 60 kostnaden
975 1040 58 36 för
1062 1039 160 38 berörda
1251 1041 281 49 ångkranpråm
1560 1041 59 37 för
1638 1041 155 36 minför-

200 1097 126 32 svaret
367 1093 63 36 vid
473 1092 198 49 Göteborg
713 1092 177 49 omkring
934 1093 135 47 10,000
1112 1093 154 47 kronor,
1299 1069 124 61 måtte
1451 1093 36 36 få
1516 1093 192 38 användas
1736 1093 58 37 till

201 1145 245 37 anskaffande
489 1145 41 37 af
569 1159 43 23 en
645 1122 174 72 ångslup
862 1146 58 36 för
961 1144 268 38 minförsvaret
1272 1145 60 36 vid
1376 1144 198 51 Göteborg
1612 1151 98 32 samt
1738 1150 56 32 att

200 1198 229 47 återstoden,
463 1199 134 47 12,209
629 1198 139 36 kronor
798 1200 46 33 22
875 1203 75 42 öre,
980 1200 117 33 måtte
1126 1197 128 37 ställas
1283 1197 55 37 till
1366 1197 122 37 Eders
1508 1199 138 49 Kungl.
1668 1198 125 50 Maj:ts

201 1228 228 71 disposition
459 1251 57 35 för
545 1249 281 38 minväsendets
852 1249 253 50 utveckling.»

304 1303 56 35 Då
397 1302 296 49 anskaffningen
729 1302 41 37 af
804 1302 73 36 den
905 1303 84 36 utaf
1014 1301 411 51 marinförvaltningen
1455 1302 217 50 föreslagna
1700 1306 93 46 ång-

201 1354 146 50 slupen,
386 1355 155 36 hvilken
582 1355 187 36 måhända
810 1355 83 36 med
936 1354 118 38 fördel
1100 1354 120 37 skulle
1263 1355 127 36 kunna
1431 1355 154 49 utbytas
1626 1360 79 32 mot
1747 1369 47 23 en

200 1408 201 47 motorbåt,
440 1421 113 36 synes
589 1407 152 37 komma
778 1411 54 32 att
869 1406 170 38 medföra
1071 1407 207 49 besparing
1309 1407 12 36 1
1354 1407 45 37 de
1433 1407 119 49 årliga
1584 1407 210 50 utgifterna

201 1473 140 35 genom
369 1460 238 37 densammas
636 1459 247 49 användning
911 1459 10 36 i
952 1459 125 37 stället
1107 1459 57 37 för
1193 1473 47 23 en
1268 1459 42 37 af
1334 1460 45 36 de
1407 1460 86 36 utaf
1509 1460 285 37 ämbetsverket

202 1512 248 37 omförmälda
478 1512 363 48 minkabelbåtarna,
872 1516 98 33 samt
998 1511 251 37 anställandet
1278 1512 40 36 af
1343 1512 45 36 de
1416 1513 84 36 utaf
1516 1512 278 38 marinförvalt-

201 1565 143 49 ningen
376 1565 223 49 ifrågasatta
641 1565 179 36 försöken
860 1564 60 37 för
953 1564 335 37 åstadkommande
1323 1564 40 36 af
1387 1564 272 50 förbättringar
1686 1565 10 36 i
1726 1568 68 33 vår

200 1617 251 36 minmateriel
488 1622 41 31 är
558 1616 245 51 synnerligen
833 1616 196 49 behöfligt,
1058 1617 68 36 har
1154 1617 418 49 departementschefen
1600 1617 194 37 hemställt

206 1682 61 24 om
296 1669 188 38 aflåtande
513 1669 56 37 till
598 1669 221 49 Riksdagen
849 1669 39 37 af
913 1682 49 23 nu
990 1669 250 37 förevarande
1269 1669 291 50 framställning.

304 1748 211 48 Utskottet,
553 1762 79 22 som
669 1748 84 36 icke
781 1747 84 37 haft
894 1751 117 45 något
1039 1752 54 32 att
1123 1747 123 37 erinra
1274 1753 78 32 mot
1382 1748 140 49 Kungl.
1553 1748 125 49 Majt:s
1706 1748 88 37 ifrå-

202 1800 216 49 gavarande
446 1800 158 49 förslag,
633 1799 229 47 hemställer,

705 1909 55 32 att
797 1904 217 49 Riksdagen
1043 1907 59 34 må
1130 1904 205 48 medgifva,
1367 1910 54 31 att
1448 1905 83 37 utaf
1557 1905 73 36 den
1657 1905 137 49 bespa-

488 1976 13 7 e
600 1956 89 49 ring
726 1957 40 36 af
804 1959 136 44 22,209
984 1957 138 36 kronor
1155 1959 47 34 22
1232 1962 76 41 öre,
1339 1970 81 23 som
1447 1960 172 46 uppstått
1647 1960 20 33 å
1693 1958 101 36 kost-

601 2009 124 36 naden
754 2009 58 36 för
841 2022 47 23 en
916 2009 278 49 ångkranpråm
1223 2009 60 36 för
1303 2009 267 37 minförsvaret
1593 2009 63 36 vid
1677 2009 116 37 Göte-

602 2061 108 48 borg,
740 2061 59 36 för
840 2061 175 37 hvilkens
1045 2061 244 36 anskaffande
1322 2063 95 35 1903
1448 2065 59 33 års
1534 2061 169 49 Riksdag
1730 2061 64 37 be-

601 2113 109 49 viljat
750 2112 134 49 medel,
926 2116 60 34 må
1028 2113 195 37 användas
1266 2114 178 49 omkring
1488 2116 135 46 10,000
1652 2114 142 36 kronor

602 2165 57 36 till
688 2143 246 59 anskaffande
973 2165 42 37 af
1049 2179 46 23 en
1132 2165 160 50 ångslup
1327 2166 89 36 eller
1444 2179 48 24 en
1520 2143 188 60 motorbåt
1735 2166 59 37 för

602 2217 268 37 minförsvaret
910 2218 63 36 vid
1016 2217 196 48 Göteborg
1253 2223 97 32 samt
1391 2223 56 32 att
1486 2219 216 36 återstoden
1735 2222 59 33 må

602 2269 129 37 ställas
760 2269 58 37 till
846 2270 140 48 Kungl.
1016 2270 126 49 Maj:ts
1172 2270 225 49 disposition
1427 2271 59 37 för
1510 2271 282 37 minväsendets

605 2322 233 49 ntveckling.
