2240 2669
728 220 246 32 Statsutskottets
1005 221 170 31 Utlåtande
1199 222 62 31 N:o
1288 225 27 28 6.
1713 224 57 30 111

223 306 137 37 Västra
400 306 251 38 Hästholmen
695 310 20 34 å
750 307 216 49 respektive
1011 309 161 47 160,000
1214 308 150 48 kronor,
1406 310 139 47 40,400
1574 309 142 37 kronor
1744 310 70 37 och

226 360 162 47 110,000
417 359 151 37 kronor.

326 411 57 38 De
411 412 109 37 flesta
550 412 254 37 kostnaderna
831 413 59 36 för
918 413 131 37 eldens
1077 412 157 49 ledning
1262 427 113 35 synas
1395 413 12 36 i
1427 414 125 37 stället
1570 415 128 37 kunna
1721 429 93 36 upp-

224 463 145 49 skjutas
398 464 57 36 till
484 468 41 33 år
555 466 108 35 1908.
721 463 49 38 Så
799 470 40 31 är
866 465 254 36 förhållandet
1147 466 85 35 med
1261 470 179 45 posterna
1469 469 20 33 å
1518 468 137 45 50,700
1676 467 139 37 kronor

224 517 72 36 och
339 518 138 46 99,300
519 517 143 36 kronor
703 517 59 36 för
791 517 130 37 eldens
950 517 160 49 ledning
1139 521 19 33 å
1186 517 136 37 Västra
1349 518 252 38 Hästholmen
1630 520 69 36 och
1727 520 87 37 med

224 568 147 38 hälften
412 569 41 37 af
490 569 46 37 de
573 569 191 54 utgifter,
788 583 80 23 som
911 574 64 32 äro
1003 574 196 45 upptagna
1227 570 12 36 i
1266 575 137 45 posten
1432 574 19 33 å
1483 573 161 46 160,000
1673 572 141 37 kronor

224 622 59 36 för
323 621 131 37 eldens
482 621 159 50 ledning
683 625 20 33 å
742 622 205 49 Alfsborgs
983 622 183 50 fästning.
1222 623 84 36 Den
1335 624 237 37 återstående
1600 624 148 37 hälften
1775 625 42 37 af

224 674 235 37 sistnämnda
500 680 88 43 post
628 674 70 37 bör
739 674 170 37 däremot
937 677 90 46 utgå
1054 674 120 37 under
1209 678 40 33 år
1280 676 110 46 1907,
1420 681 90 32 enär
1539 676 154 37 därmed
1721 677 94 37 böra

223 726 181 37 betäckas
446 726 207 37 kostnader
693 727 59 36 för
793 727 168 47 arbeten,
1004 740 83 23 som
1128 730 119 34 måste
1289 732 114 43 göras
1432 729 195 48 samtidigt
1654 729 85 37 med
1768 729 46 37 de

222 778 314 37 fortifikatoriska
565 779 70 36 och
664 778 146 38 således
839 779 119 36 under
987 779 235 37 sistnämnda
1251 782 49 34 år.

325 830 134 49 Enligt
500 831 78 35 min
619 831 156 49 mening
815 831 92 37 böra
936 831 128 36 därför
1091 831 54 36 uti
1173 831 249 37 förevarande
1451 832 181 36 afseende
1662 832 152 37 anvisas

222 883 59 36 för
311 885 39 34 år
382 884 94 35 1907
508 882 168 50 följande
705 883 152 50 belopp,
886 883 211 49 nämligen:

223 989 59 34 för
310 987 399 48 befästningsarbeten
736 987 63 36 vid
828 986 234 54 Karlskrona
1091 986 172 49 fästning
1288 1019 59 3 .....
1367 1019 3 3 .
1403 987 140 37 kronor
1572 989 176 45 374,050:
1766 1010 49 3 —

244 1054 13 15 »
486 1051 17 23 »
766 1051 17 24 »
829 1039 206 49 Ålfsborgs
1167 1052 203 23 name
1462 1053 16 22 »
1597 1042 219 46 49,050:
1785 1037 33 57 —

240 1103 16 23 »
303 1091 484 49 bestyckningskostnader
814 1090 64 38 vid
931 1104 17 23 >»
1166 1104 204 22 Poe
1461 1105 17 22 »
1575 1093 240 47 160,000:
1784 1089 33 57 —

239 1157 17 22 »
304 1144 240 36 återstående
563 1143 486 49 bestyckningskostnader
1065 1146 20 33 å
1102 1142 135 38 Västra
1252 1142 113 37 Häst-

326 1191 56 56 1816)
392 1191 67 56 655125
462 1209 7 22 5
490 1227 880 4 NR
1462 1208 16 22 »
1598 1197 150 46 40,400:
1765 1217 51 3 —

224 1247 242 37 återstående
504 1247 109 37 delen
650 1247 41 36 af
725 1247 182 50 beviljadt
943 1247 138 50 belopp
1118 1247 60 37 för
1207 1247 168 36 kanoner

328 1303 19 33 å
377 1299 276 50 VästerbergGbq
658 1332 712 4 mmm
1030 1295 85 58 sars
1168 1332 202 4 rss
1462 1312 17 23 »
1522 1294 26 57 —
1576 1299 172 47 110,000:
1765 1319 50 5 —

224 1352 40 36 af
281 1352 238 37 återstående
555 1352 161 36 kostnad
758 1352 59 36 för
854 1352 130 37 eldens
1018 1352 157 48 ledning
1211 1354 20 34 å
1268 1345 103 43 Älfs-

326 1404 116 48 borgs
471 1404 171 48 fäStDll2
660 1398 391 58 msssssmmsmsesssrnn
1072 1436 298 4 rss
1462 1416 16 22 »
1599 1403 149 45 80,000:
1766 1423 50 3 —

1224 1471 152 39 Summa
1404 1473 140 36 kronor
1573 1472 175 47 813,500:
1766 1492 49 4 —

328 1551 73 37 För
443 1554 39 34 år
528 1553 96 35 1908
654 1550 121 37 skulle
804 1551 47 36 då
879 1553 141 33 återstå
1049 1554 54 32 att
1132 1550 130 37 anvisa
1291 1552 163 45 386,450
1482 1550 151 36 kronor.
1689 1542 125 43 Åfven

225 1603 119 48 enligt
386 1604 84 35 mitt
510 1603 147 49 förslag
698 1603 171 36 kommer
902 1602 147 36 således
1078 1616 48 22 en
1155 1602 176 37 afsevärd
1360 1603 59 36 del
1447 1603 42 35 af
1514 1602 63 36 det
1605 1607 99 30 ännu
1731 1601 83 36 icke

223 1655 180 37 anvisade
444 1655 180 49 beloppet
665 1654 91 37 eller
796 1657 65 34 två
901 1653 230 49 tredjedelar
1169 1658 54 32 att
1251 1657 92 46 utgå
1370 1653 121 37 under
1520 1657 40 33 år
1590 1654 110 45 1907,
1730 1665 86 23 men

223 1707 107 37 torde
369 1707 103 37 detta
500 1707 82 37 icke
611 1708 129 36 kunna
769 1706 196 48 undvikas,
995 1720 61 23 om
1083 1719 87 23 man
1198 1706 66 36 vill
1292 1707 114 36 hafva
1432 1705 292 51 ifrågavarande
1759 1718 56 23 ar-

223 1760 113 36 beten
365 1760 135 47 bragta
528 1760 56 35 till
614 1760 74 36 slut
715 1759 120 36 under
864 1758 386 49 byggnadsperioden
1279 1759 70 36 och
1376 1759 83 36 icke
1487 1772 138 35 genom
1651 1756 167 50 uppskof

225 1811 96 37 skall
351 1811 155 49 fördyra
534 1811 45 37 de
608 1824 47 24 en
684 1813 105 47 gång
817 1809 195 38 beslutade
1042 1810 188 37 arbetena.

327 1863 17 36 I
377 1864 111 36 dessa
516 1863 205 37 kostnader
749 1863 114 37 hafva
891 1862 113 38 äfven
1031 1862 246 37 inberäknats
1307 1861 213 49 ersättning
1547 1861 57 36 till
1633 1874 46 23 en
1707 1861 108 36 forti-

223 1916 316 36 fikationskassör
579 1916 85 37 med
709 1917 109 45 1,500
860 1915 152 46 kronor,
1053 1915 57 35 till
1140 1917 20 33 3
1189 1914 281 49 posthafvande
1499 1913 316 37 underofficerare

224 1967 86 37 med
340 1969 47 35 50
417 1973 63 31 öre
510 1981 67 35 per
605 1982 88 22 man
721 1968 70 36 och
820 1967 74 48 dag
924 1972 98 31 samt
1050 1967 214 48 ersättning
1290 1966 58 36 till
1371 1965 262 48 kontorsvakt,
1655 1978 159 37 expens-

224 2020 206 38 kostnader
470 2034 47 23 m.
535 2034 61 32 m.,
640 2020 67 37 allt
743 2020 64 36 vid
835 2020 186 36 hvardera
1049 2019 40 37 af
1115 2019 45 37 de
1188 2022 65 34 två
1280 2018 267 49 fästningarna
1576 2017 239 37 Karlskrona

224 2073 69 36 och
321 2066 196 55 Älfsborg.

328 2125 73 36 För
442 2124 275 50 lämpligheten
746 2124 40 36 af
811 2124 112 36 dessa
952 2123 273 48 ersättningars
1254 2123 188 49 utgående
1470 2122 170 37 anhåller
1663 2122 70 49 jag
1761 2127 55 31 att

225 2178 38 35 få
305 2177 175 49 åberopa,
511 2177 97 36 hvad
644 2176 40 36 af
709 2176 137 37 chefen
874 2176 60 36 för
962 2175 579 50 landtförsvarsdepartementet
1568 2174 118 37 redan
1713 2175 103 36 förut

225 2229 123 36 denna
390 2229 76 48 dag
507 2229 145 36 anförts
693 2229 12 35 i
746 2229 109 47 fråga
889 2242 59 22 om
978 2228 127 49 dylika
1134 2228 277 48 ersättningars
1439 2227 192 49 utgående
1659 2226 63 36 vid
1751 2226 64 37 be-

224 2281 349 48 fästningsarbeten
602 2283 19 34 å
649 2279 233 49 Karlsborgs
910 2280 203 48 fästning».
