2221 2672
747 226 244 31 Statsutskottets
1002 225 168 33 Utlåtande
1193 226 63 30 N:o
1283 230 27 27 6.
1444 222 4 4 |
1713 227 58 30 123

219 311 134 38 verket
392 311 12 37 i
446 312 74 37 den
562 312 134 50 frågan
736 310 142 40 lämnat
904 312 13 37 i
946 312 59 37 sin
1032 311 263 51 underdåniga
1324 312 197 37 skrifvelse
1551 312 72 38 den
1652 315 47 35 27
1731 326 84 37 sep-

219 365 146 37 tember
395 366 108 36 1904.

322 417 253 39 Varfschefen
603 416 64 38 vid
702 416 241 38 Stockholms
963 416 139 38 station
1130 416 97 38 hade
1246 416 141 48 vidare,
1409 416 108 38 anför
1536 417 279 38 marinförvalt-

219 471 157 49 ningen,
396 471 138 49 begärt
554 471 111 46 9,000
685 469 140 38 kronor
852 469 58 37 till
939 469 247 37 anskaffande
1215 469 40 37 af
1281 482 47 24 en
1356 469 189 37 motorbåt
1564 469 60 37 för
1643 469 172 38 artilleri-

221 523 323 50 departementets
572 522 127 37 behof.

323 576 17 36 I
382 575 178 38 afseende
596 575 92 36 härå
715 574 98 38 hade
843 574 135 37 chefen
1006 574 59 37 för
1093 573 459 52 artilleridepartementet
1580 574 136 47 anfört,
1746 579 67 45 att,

220 642 60 23 om
322 628 63 37 det
424 627 171 50 begärda
636 628 157 49 bogser-
832 628 70 36 och
929 627 336 50 isbrytarfartyget
1294 626 175 49 erhölles,
1499 626 62 38 det
1589 627 226 50 visserligen

219 680 120 38 under
380 680 165 48 vintern,
588 679 46 38 då
674 680 32 37 is
735 680 98 49 låge,
863 680 125 37 blefve
1017 680 135 36 lättare
1181 684 55 32 att
1264 680 151 36 komma
1444 679 57 37 till
1528 679 285 50 Björnholmen,

219 746 87 24 men
335 738 56 32 att
420 733 301 50 departementet
740 733 113 37 äfven
876 732 118 38 andra
1013 732 98 38 tider
1129 735 48 48 på
1197 736 80 34 året
1296 736 137 33 nästan
1453 732 179 50 dagligen
1651 732 164 39 behöfde

220 786 118 38 sända
366 791 41 32 ut
434 786 80 37 folk
542 786 12 36 i
583 786 72 36 och
682 785 59 37 för
769 785 365 50 laddningsarbeten
1162 785 57 37 till
1237 784 273 50 Björnholmen
1530 785 69 37 och
1618 785 196 49 Loudden,

221 839 67 36 där
317 838 223 50 göromålen
569 838 171 50 ständigt
768 838 151 37 ökades.

324 891 140 38 Härtill
498 890 126 38 kunde
653 905 87 23 man
768 890 229 50 visserligen
1025 890 173 39 använda
1226 893 63 34 två
1316 889 119 38 redan
1463 889 232 51 förefintliga
1724 893 91 47 ång-

221 944 140 49 slupar,
390 957 86 24 men
505 944 110 37 dessa
643 957 90 24 vore
758 944 154 49 mycket
931 943 78 37 ofta
1027 948 196 45 upptagna
1241 943 60 37 för
1320 942 118 38 andra
1457 942 185 49 ändamål,
1662 943 155 37 hvarför

220 997 234 37 kontinuitet
469 996 11 36 i
496 996 147 37 arbetet
664 997 33 49 ej
719 995 107 38 alltid
846 996 125 36 kunde
992 996 145 37 vinnas.
1195 995 52 36 På
1266 995 125 49 grund
1411 995 41 36 af
1467 995 177 38 båtarnas
1663 995 154 38 relativt

221 1054 101 32 stora
363 1049 222 49 besättning
628 1062 60 23 om
723 1051 20 34 3
773 1048 57 37 till
860 1050 20 35 5
910 1062 86 23 man
1024 1061 92 24 vore
1146 1047 193 38 dessutom
1367 1047 260 38 kostnaderna
1656 1047 58 38 för
1743 1048 73 37 fär-

221 1101 117 37 derna
366 1101 210 38 afsevärda.

325 1153 70 38 Om
439 1153 170 38 däremot
639 1167 48 24 en
713 1153 160 50 lämplig
902 1153 188 37 motorbåt
1118 1153 150 48 funnes,
1299 1151 122 38 skulle
1451 1151 129 50 dylika
1607 1152 210 38 kostnader

221 1207 127 36 kunna
376 1206 191 50 betydligt
594 1206 246 49 nedbringas.

324 1259 60 36 En
424 1259 60 36 för
526 1258 215 38 ändamålet
781 1257 157 51 lämplig
979 1258 189 37 motorbåt
1209 1257 137 48 kunde,
1389 1256 122 50 enligt
1555 1257 120 37 under
1715 1258 102 36 hand

220 1311 209 37 inkommet
456 1311 137 48 anbud,
610 1311 160 37 erhållas
798 1310 60 38 för
887 1324 46 23 en
962 1310 175 49 kostnad,
1168 1310 32 49 ej
1227 1309 285 50 öfverstigande
1533 1311 110 45 9,000
1664 1310 151 37 kronor.

220 1364 319 37 Driftkostnaden
567 1364 60 37 för
655 1363 82 37 färd
766 1363 57 37 till
851 1364 71 36 och
950 1364 86 36 från
1063 1362 284 49 Björnholmen,
1376 1361 155 38 hvilken
1550 1376 50 23 nu
1620 1363 196 50 uppginge

222 1417 57 36 till
308 1417 179 49 omkring
517 1418 46 35 34
592 1416 154 47 kronor,
776 1416 121 37 skulle
926 1416 85 37 med
1041 1429 46 23 en
1116 1414 103 51 dylik
1239 1415 188 36 motorbåt
1446 1415 151 37 komma
1616 1420 54 32 att
1689 1419 128 47 uppgå

222 1468 57 37 till
322 1468 159 38 allenast
512 1472 17 34 7
560 1469 141 37 kronor
730 1470 47 35 50
807 1474 64 31 öre
900 1468 70 37 och
1000 1468 155 37 sålunda
1184 1481 46 23 en
1258 1466 208 50 besparing
1495 1467 41 37 af
1561 1467 178 51 omkring
1768 1470 47 35 26

221 1522 141 37 kronor
390 1527 114 44 göras
532 1522 60 36 för
619 1521 130 48 hvarje
779 1520 86 50 dag,
896 1521 46 36 då
968 1520 337 49 laddningsarbete
1333 1520 246 37 förekomme.

324 1574 74 37 För
435 1573 117 50 öfrigt
589 1573 121 37 skulle
749 1587 47 23 en
825 1573 117 37 sådan
970 1573 190 37 motorbåt
1187 1573 126 37 bättre
1342 1577 191 33 motsvara
1560 1572 181 38 behofvet
1769 1577 47 32 än

222 1627 74 36 den
322 1603 209 60 tillförene
542 1626 42 37 af
608 1626 242 37 varfschefen
873 1625 218 50 föreslagna
1110 1625 146 37 mindre
1276 1625 219 49 bogserbåt,
1516 1637 79 25 som
1614 1625 203 47 beräknats

221 1680 110 36 kosta
360 1681 139 45 40,000
527 1679 152 36 kronor.

326 1731 54 36 På
407 1731 125 49 grund
556 1731 41 37 af
612 1730 100 37 hvad
742 1730 156 37 sålunda
926 1731 144 36 anförts
1098 1730 68 36 har
1186 1728 407 64 marinförvaltningen
1612 1729 203 47 hemställt,

224 1783 64 37 det
328 1783 142 49 Kungl.
513 1783 108 50 Maj:t
661 1783 146 36 täcktes
850 1785 20 34 å
911 1787 107 32 extra
1059 1787 75 32 stat
1174 1782 59 37 för
1275 1784 38 34 år
1358 1783 93 35 1907
1490 1782 92 36 äska
1610 1781 121 38 medel
1759 1783 58 35 för

224 1813 247 59 anskaffande
509 1835 41 36 af
571 1798 180 87 "följande
780 1834 171 37 materiel
978 1834 58 37 till
1064 1834 124 37 nedan
1217 1834 157 49 angifna
1403 1833 174 49 kostnad,
1607 1833 207 50 nämligen:

225 1959 21 33 2
264 1956 226 50 kolpråmar,
508 1970 45 23 en
568 1956 59 37 för
640 1956 187 37 hvardera
844 1955 199 49 stationen,
1061 1957 21 34 3
1097 1957 138 46 40,000
1251 1955 124 36 kr.......
1393 1956 140 36 kronor
1588 1956 149 47 80,000:
1770 1977 45 4 —

225 2011 21 34 2
277 2009 235 37 motorbåtar
540 2009 59 37 för
627 2009 237 36 Karlskrona
885 2008 154 48 station,
1059 2022 45 22 en
1125 2009 21 35 å
1168 2009 135 46 15,000
1324 2007 54 37 kr.

330 2062 71 36 och
430 2075 47 23 en
506 2063 21 35 åå
556 2063 111 46 9,000
696 2062 607 36 RIsnmmmmnsrrrssrrsrrrrsrerssrnsrasrrn
1281 2058 25 56 a
1464 2073 16 22 »
1588 2061 149 47 24.000:
1767 2083 49 3 —

229 2116 17 35 1
277 2115 157 48 bogser-
464 2114 71 37 och
563 2091 309 82 isbrytarfartyg,
909 2113 121 37 tillika
1062 2093 317 68 bevakningsbåt,

327 2143 61 60 för
417 2166 241 37 Stockholms
687 2166 685 37 statlön......wuw«
1043 2139 66 79 soo
1122 2139 46 79 us
1177 2139 55 79 um
1275 2139 100 79 eva
1464 2177 16 23 »
1565 2166 173 48 116,000:
1768 2187 49 3 —

230 2221 16 34 1
278 2219 191 37 motorbåt
496 2219 59 37 för
585 2218 240 38 Stockholms
854 2219 138 37 station
1018 2250 355 4 «msec
1464 2230 17 22 »
1615 2219 123 46 9,000:
1772 2239 45 5 —

1216 2287 152 38 Summa
1395 2288 140 36 kronor
1563 2289 176 48 229,000:
1770 2311 48 4 —
