2218 2630
481 211 116 32 Första
622 211 202 32 kammarens
847 212 104 32 andra
978 212 169 42 tillfälliga
1170 214 131 32 utskotts
1325 214 165 32 utlåtande
1515 216 51 31 Nr
1590 218 49 29 11.
1841 219 14 29 1

964 681 69 42 Nr
1081 682 77 43 11.

867 816 113 25 Ankom
1002 816 41 25 till
1064 816 170 33 riksdagens
1254 817 94 26 kansli
1368 817 56 26 den
1446 818 32 26 13
1498 819 71 32 april
1590 819 67 26 1917
1679 820 37 25 kl.
1736 820 16 25 4
1772 828 23 18 e.
1817 830 36 16 m.

571 956 130 36 Första
731 958 219 36 kammarens
979 960 133 34 andra
1142 960 182 45 tillfälliga
1353 962 142 34 utskotts
1524 962 179 36 utlåtande
1731 975 45 23 nr
1805 967 46 32 11

676 1020 12 34 i
718 1020 188 45 anledning
942 1033 44 23 av
1029 1022 114 35 andra
1180 1023 222 36 kammarens
1441 1023 107 36 beslut
1575 1026 149 35 rörande
1752 1027 100 34 väckt

673 1083 128 35 motion
844 1094 53 24 om
935 1084 165 36 skrivelse
1135 1085 52 35 till
1224 1085 131 45 Kungl.
1393 1086 113 43 Maj:t
1533 1088 177 44 angående
1738 1091 113 34 utred-

673 1145 84 44 ning
785 1146 13 34 1
826 1146 87 35 visst
940 1146 92 45 syfte
1059 1148 13 33 i
1093 1146 115 46 fråga
1237 1159 54 25 om
1320 1150 232 35 kostnaderna
1568 1150 66 43 för
1653 1151 197 37 brödsädes-

667 1209 257 43 produktionen
952 1210 14 34 i
995 1209 125 36 landet.

353 1366 19 34 I
414 1378 43 23 en
500 1365 95 36 inom
626 1368 115 34 andra
771 1368 210 35 kammaren
1010 1369 111 36 väckt
1150 1371 67 34 och
1247 1370 57 36 till
1333 1372 81 34 dess
1443 1373 112 34 andra
1583 1372 183 49 tillfälliga
1794 1379 53 32 ut-

247 1418 100 36 skott
389 1419 178 36 hänvisad
610 1420 145 45 motion,
795 1433 44 23 nr
876 1424 87 42 280,
995 1423 66 35 har
1089 1424 84 34 herr
1202 1424 131 36 Olsson
1362 1424 13 35 i
1403 1425 179 48 Blädinge
1611 1439 45 25 m.
1687 1428 35 35 fl.
1753 1428 98 36 hem-

245 1472 111 44 ställt,
407 1476 75 33 »att
519 1472 197 49 riksdagen
752 1474 85 35 ville
866 1475 65 36 hos
960 1476 136 47 Kungl.
1128 1476 107 49 Maj:t
1264 1478 156 45 anhålla,
1453 1480 61 35 det
1541 1480 141 36 täcktes
1710 1482 138 47 Kungl.

244 1525 107 49 Maj:t
393 1526 73 36 låta
508 1526 215 37 föranstalta
752 1541 54 23 om
838 1530 112 35 sådan
978 1530 200 48 utredning
1205 1533 156 34 rörande
1390 1532 244 38 kostnaderna
1663 1535 56 35 för
1747 1536 103 35 bröd-

244 1579 375 48 sädesproduktionen
647 1581 12 35 i
689 1584 80 34 vårt
810 1582 95 45 land,
951 1586 53 33 att
1047 1587 46 43 på
1135 1585 227 46 grundvalen
1391 1598 45 24 av
1464 1587 206 37 densamma
1699 1592 54 32 ett
1780 1589 70 36 till-

243 1634 234 35 närmelsevis
505 1634 110 37 exakt
645 1635 319 48 produktionspris
992 1640 58 32 må
1079 1638 125 36 kunna
1234 1639 124 47 läggas
1387 1639 57 37 till
1463 1642 121 46 grund
1603 1641 56 36 för
1678 1643 172 36 framtida

243 1688 191 35 åsättande
475 1700 45 24 av
562 1688 163 36 maximi-
767 1690 87 35 eller
896 1690 220 48 minimipris
1144 1695 20 32 å
1193 1694 202 45 spannmål,
1427 1697 93 33 samt
1548 1698 64 41 att,
1644 1696 120 36 därest
1793 1697 57 36 för

246 1740 265 48 utredningens
553 1742 271 37 verkställande
868 1745 134 35 sådana
1045 1746 168 45 åtgärder
1255 1746 140 37 behöva
1424 1747 178 48 vidtagas,
1633 1761 73 24 som
1736 1750 113 37 kräva

245 1793 217 49 riksdagens
505 1796 232 44 medverkan,
782 1798 223 47 exempelvis
1033 1798 14 35 i
1076 1799 102 47 fråga
1220 1812 55 23 om
1306 1800 188 49 brukning
1522 1815 43 24 av
1594 1802 97 37 vissa
1719 1804 129 36 krono-

244 1848 180 45 hemman,
469 1849 135 47 Kungl.
648 1849 108 49 Maj:t
797 1851 141 36 täcktes
976 1851 56 36 för
1060 1852 196 48 riksdagen
1286 1854 200 48 framlägga
1514 1855 136 49 förslag
1677 1857 14 36 i
1719 1854 130 40 sådant

244 1903 217 35 avseende».

351 1957 87 34 Med
477 1958 177 34 avseende
696 1960 46 44 på
785 1958 265 48 motiveringen
1101 1959 136 37 tillåter
1280 1961 56 47 sig
1377 1962 179 37 utskottet
1598 1964 152 37 hänvisa
1792 1966 56 35 till

245 2009 197 36 motionen.

350 2116 129 36 Andra
507 2117 228 36 kammarens
764 2120 112 35 andra
901 2119 181 48 tillfälliga
1102 2120 141 37 utskott
1262 2122 67 35 har
1348 2121 13 36 i
1380 2123 200 48 anledning
1598 2136 44 25 av
1663 2126 183 36 motionen

243 2170 122 36 anfört
393 2170 175 48 följande:

358 2224 94 36 »Det
479 2225 13 35 i
520 2225 237 37 förevarande
787 2226 136 36 motion
951 2227 227 36 avhandlade
1206 2230 214 45 spörsmålet
1448 2236 39 30 är
1513 2231 115 48 enligt
1646 2233 197 38 utskottets

243 2277 149 48 mening
433 2291 44 23 av
519 2279 70 35 den
630 2279 196 48 betydelse,
872 2283 53 34 att
957 2281 62 36 det
1047 2281 82 35 från
1157 2282 61 36 det
1246 2283 200 36 allmännas
1475 2284 78 36 sida
1582 2286 165 47 påkallar
1773 2289 71 35 den

243 2334 132 33 största
411 2333 333 47 uppmärksamhet.
802 2334 190 36 Utskottet
1030 2340 39 30 är
1097 2335 121 36 därför
1246 2336 110 37 också
1385 2337 83 37 fullt
1496 2351 86 24 ense
1610 2341 81 35 med
1720 2342 123 36 motio-

287 2392 135 42 Bihang
439 2393 50 33 till
502 2394 192 41 riksdagens
704 2395 160 42 protokoll
881 2398 95 30 1917.
1002 2398 47 31 12
1064 2396 92 32 saml.
1178 2398 23 31 2
1216 2398 73 31 avd.
1323 2401 43 28 10
1383 2398 81 39 häft.
1501 2400 54 32 (Nr
1571 2403 65 38 11).
1781 2404 14 31 1

1870 1385 157 32 Motionen.

1902 2138 102 30 Andra

1856 2182 185 32 kammarens

1893 2228 115 30 utskott.
