2160 2690
393 203 16 27 2
681 201 218 30 Sammansatta
923 201 91 30 Stats-
1038 201 65 37 (och
1126 200 237 39 Lag-)utskottets
1394 200 153 29 Utlåtande
1571 200 58 29 N:o
1654 202 48 27 10.

491 279 16 36 I
534 280 231 37 motionerna
791 280 68 36 har
886 280 165 45 erinrats,
1080 285 55 31 att
1162 279 132 47 Kongl.
1323 278 101 47 Maj:t
1451 278 71 37 den
1550 281 45 35 28
1623 278 166 37 februari
1819 280 94 36 1902
1939 293 61 22 an-

392 330 114 37 befalt
542 332 388 48 kommerskollegium
966 336 63 41 att,
1070 330 91 38 efter
1196 330 165 37 hörande
1389 329 40 38 af
1453 330 132 48 Kongl.
1612 330 120 48 Maj:ts
1759 329 241 49 befallnings-

390 382 186 38 hafvande
607 384 12 36 i
646 383 245 37 Norrbottens
918 385 62 35 län
1009 383 68 37 och
1105 384 274 46 bergmästaren
1408 383 11 35 i
1446 395 112 24 norra
1586 381 194 47 distriktet,
1808 384 191 35 inkomma

390 435 84 36 med
502 434 200 47 utlåtande,
729 436 186 36 huruvida
943 436 68 35 och
1038 436 12 35 i
1078 435 150 36 hvilken
1257 433 227 47 omfattning
1501 434 354 46 inmnutningsrätten
1875 440 124 44 syntes

389 487 202 45 kollegium
618 487 89 36 böra
734 486 207 48 upphäfvas
969 488 89 35 eller
1085 487 75 35 tills
1186 486 127 36 vidare
1332 485 250 49 suspenderas,
1601 490 94 32 samt
1713 491 55 31 att
1786 486 213 47 kollegium,

389 538 112 36 sedan
530 537 144 48 Kongl.
714 538 118 47 Maj:ts
873 537 413 49 befallningshafvande
1327 538 69 36 och
1436 538 273 45 bergmästaren
1745 542 118 43 yttrat
1897 539 55 45 sig
1988 539 10 34 i

390 595 132 40 ämnet,
559 590 85 37 med
681 590 300 37 öfverlemnande
1017 589 40 37 af
1081 590 104 37 dessa
1211 589 278 49 myndigheters
1516 589 211 45 yttranden,
1755 588 70 37 den
1854 591 19 34 2
1903 590 96 48 april

392 643 94 35 1902
531 641 147 49 afoifvit
713 648 81 41 eget
830 642 192 36 utlåtande
1064 643 13 35 i
1113 642 158 36 ärendet
1324 640 85 38 Med
1446 641 202 46 anledning
1675 640 40 36 af
1740 641 98 36 hvad
1865 640 133 47 Kongl.

388 693 118 46 Maj:ts
534 692 413 47 befallningshafvande
973 695 12 35 i
1013 695 63 35 sitt
1094 693 283 46 ifrågavarande
1395 692 174 45 yttrande
1588 692 132 45 anfört,
1740 691 112 37 hafva
1871 694 129 34 motio-

388 751 159 29 närerna
578 743 179 37 förklarat
786 746 54 45 sig
868 758 96 32 anse,
1000 749 55 31 att
1081 745 102 35 inom
1211 743 244 37 Norrbottens
1482 744 62 35 län
1573 743 21 36 å
1621 743 211 46 kronojord,
1860 756 78 23 som
1967 744 29 47 ej

388 796 120 36 under
547 796 146 46 ständig
732 797 295 46 besittningsrätt
1065 796 203 36 innehades
1305 796 89 36 eller
1429 808 88 24 vore
1544 795 58 36 till
1628 795 157 36 boställe
1813 795 185 46 anslagen,

388 849 215 44 inmutning
639 849 75 34 tills
750 848 127 36 vidare
913 849 81 35 icke
1020 847 116 37 borde
1162 846 38 37 få
1228 861 67 34 ega
1321 861 84 22 rum
1432 852 113 31 annat
1573 854 43 28 än
1646 846 58 37 för
1731 847 163 35 kronans
1921 847 79 35 räk-

389 900 99 45 ning.
538 899 128 37 Under
694 899 232 47 åberopande
953 898 110 37 häraf
1089 899 66 36 och
1184 898 45 37 då
1257 898 45 37 de
1330 898 108 37 äfven
1465 898 98 36 hölle
1590 897 88 46 före,
1706 903 55 31 att
1788 911 134 35 genom
1950 903 51 31 ett

390 951 203 46 stadgande
629 951 12 35 i
677 950 130 37 sådant
838 951 95 49 syfte
960 951 271 46 inskränkning
1257 950 116 36 borde
1401 957 107 42 göras
1535 950 11 35 i
1575 949 71 37 den
1674 948 40 37 af
1737 949 134 46 Kongl.
1900 949 100 46 Maj:t

390 1003 115 45 enligt
544 1003 229 47 proposition
814 1003 71 36 den
927 1006 45 33 24
1008 1003 150 45 januari
1196 1004 94 34 1902
1330 999 75 49 (n:o
1436 998 61 49 18)
1533 1001 161 46 begärda
1726 1007 74 30 rätt
1826 1002 59 34 till
1911 1014 89 34 upp-

388 1053 127 37 låtelse
555 1053 42 36 af
633 1054 144 36 kronan
817 1054 284 36 tillkommande
1137 1053 307 47 jordegareandel
1471 1054 12 34 i
1510 1053 143 45 grutva,
1681 1051 113 38 hafva
1820 1053 181 35 motionä-

389 1119 109 23 rerna
525 1104 184 37 framstält
737 1105 112 37 ofvan
876 1105 158 37 berörda
1060 1105 147 46 förslag.

490 1206 60 38 Af
572 1208 273 46 handlingarna
872 1209 11 34 i
911 1209 62 36 det
1000 1207 39 36 af
1065 1208 275 35 motionärerna
1368 1206 257 46 omförmälda,
1652 1206 48 47 på
1727 1206 133 45 Kongl.
1879 1206 120 47 Maj:ts

391 1258 176 50 pröfning
595 1267 99 28 ännu
721 1259 184 37 beroende
933 1259 143 45 ärende,
1113 1259 126 37 hvilka
1265 1258 225 48 handlingar
1517 1259 96 36 varit
1639 1257 58 36 för
1723 1258 180 35 utskottet
1929 1258 71 35 till-

390 1311 182 47 gängliga,
599 1311 183 36 inhemtas
809 1310 315 47 hufvudsakligen
1151 1310 172 47 följande.

491 1362 281 46 Bergmästaren
808 1363 12 35 i
855 1375 111 23 norra
998 1362 184 35 distriktet
1208 1362 68 35 har
1302 1360 181 37 förklarat
1511 1361 55 45 sig
1602 1360 29 47 ej
1661 1360 93 48 hysa
1781 1359 130 37 tvifvel
1938 1372 60 23 om

391 1419 54 30 att
481 1413 60 36 det
576 1426 88 24 vore
700 1413 242 49 fördelaktigt
975 1419 53 30 att
1055 1412 229 36 fortfarande
1311 1411 188 37 bibehålla
1523 1412 354 45 inmutningsrätten
1905 1410 94 36 oför-

391 1464 142 37 ändrad
574 1470 95 31 samt
707 1464 126 48 insåge
869 1465 42 46 ej,
947 1463 151 38 hvarför
1130 1464 61 36 det
1217 1477 52 23 nu
1296 1462 209 47 ifrågasatts
1533 1468 55 30 att
1614 1461 191 48 upphäfva
1832 1463 89 35 eller
1948 1462 51 35 in-

391 1517 159 35 skränka
577 1516 113 46 sagda
717 1521 83 37 rätt,
828 1515 222 37 åtminstone
1078 1515 97 37 hvad
1203 1515 160 47 anginge
1391 1514 204 48 kronojord
1622 1515 12 35 i
1661 1513 243 38 Norrbottens
1927 1514 72 35 län.

390 1567 72 36 Det
487 1567 125 35 kunde
640 1568 213 45 visserligen
881 1580 89 23 vara
997 1572 90 37 sant,
1116 1571 53 30 att
1195 1567 352 44 inmutningsrätten
1575 1565 160 46 mången
1762 1564 96 46 gång
1876 1564 124 36 blifvit

392 1618 146 37 använd
577 1618 48 47 på
666 1623 51 31 ett
757 1624 82 37 sätt,
880 1631 79 23 som
998 1617 168 49 tydligen
1201 1618 80 35 icke
1317 1616 124 37 kunde
1467 1630 89 24 vara
1582 1617 13 35 i
1622 1615 378 37 öfverensstämmelse

391 1670 82 36 med
516 1669 156 47 afsigten
708 1670 84 36 med
828 1683 49 22 nu
911 1669 172 47 gällande
1111 1668 227 49 grufstadga,
1378 1682 84 22 men
1491 1668 100 36 detta
1618 1667 117 37 borde
1761 1668 79 36 icke
1867 1672 133 41 utgöra

391 1722 217 44 tillräckligt
645 1720 150 36 talande
823 1721 80 35 skäl
930 1719 58 37 för
1024 1732 141 25 samma
1191 1724 91 31 rätts
1310 1719 264 47 upphäfvande
1601 1719 89 36 eller
1717 1718 282 41 inskränkande.

392 1771 141 38 Genom
570 1772 128 45 dylika
733 1771 172 47 åtgärder
940 1772 118 35 skulle
1086 1770 110 37 äfven
1222 1770 87 47 föga
1335 1784 90 23 vara
1452 1775 150 40 vunnet,
1629 1776 41 42 ty
1698 1770 187 35 sannolikt
1911 1782 89 23 vore

392 1825 73 34 alla
505 1824 191 45 befintliga
735 1823 223 36 åtminstone
998 1828 116 31 större
1150 1821 457 49 jernmalmsfyndigheter
1646 1821 113 36 redan
1799 1820 200 37 inmutade.

393 1874 71 37 Om
491 1875 352 45 inmutningsrätten
871 1875 119 35 skulle
1016 1873 207 47 upphäfvas
1252 1873 89 36 eller
1369 1873 226 44 inskränkas,
1619 1873 148 35 komme
1786 1873 213 45 antagligen

393 1926 193 36 skilnaden
615 1926 129 36 endast
771 1930 54 31 att
851 1924 117 37 blifva
995 1924 80 46 den,
1105 1929 53 31 att
1185 1923 278 37 vederbörande
1489 1925 186 35 inmutare
1692 1923 209 37 verkstälde
1921 1924 79 35 sina

393 1977 373 48 arbetsskyldigheter
806 1978 11 34 i
857 1977 122 35 stället
1015 1975 58 37 för
1101 1981 62 39 att,
1196 1976 6 35 i
1230 1975 173 36 ändamål
1429 1980 55 31 att
1510 1976 121 47 slippa
1657 1975 154 36 bekosta
1838 1974 162 49 dyrbara

391 2028 313 36 försvarsarbeten
745 2029 11 34 i
796 2027 174 36 stundom
1010 2028 149 47 mycket
1199 2026 318 48 svårtillgängliga
1556 2027 150 44 trakter,
1748 2027 9 34 i
1795 2033 81 39 eget
1912 2027 88 34 eller

393 2093 142 22 annans
570 2093 114 22 namn
722 2078 39 36 år
788 2078 91 36 efter
906 2078 39 36 år
971 2079 144 35 inmuta
1142 2078 78 35 sina
1248 2091 93 33 egna
1367 2077 238 49 fyndigheter
1632 2077 106 48 ånyo,
1767 2077 117 35 under
1912 2090 88 33 upp-

392 2130 70 47 gift
488 2135 55 31 att
570 2130 44 37 de
640 2143 89 24 vore
755 2130 146 36 sönade.
953 2129 284 48 Bergmästaren
1266 2128 134 48 ansåge
1429 2130 57 45 sig
1511 2128 48 47 på
1586 2128 122 47 grund
1734 2127 109 37 häraf
1867 2128 68 35 och
1963 2126 39 37 af

392 2182 100 36 hvad
532 2182 74 35 han
646 2183 13 34 i
695 2181 111 47 öfrigt
842 2181 122 35 anfört
989 2182 81 34 icke
1096 2181 92 35 böra
1214 2181 189 47 tillstyrka
1429 2179 266 48 upphäfvande
1723 2180 88 35 eller
1837 2180 161 35 inskrän-

393 2233 120 36 kande
553 2232 40 36 af
629 2233 362 47 inmutningsrätten,
1032 2245 83 22 men
1153 2231 47 36 då
1226 2231 114 46 något
1366 2231 115 36 borde
1509 2238 107 40 göras
1643 2230 58 37 för
1728 2236 54 30 att
1808 2231 191 35 motverka

394 2285 44 36 de
477 2284 162 36 rådande
676 2284 182 45 oskicken,
898 2290 122 42 syntes
1053 2281 313 49 stämpelafgiften
1393 2282 58 37 för
1478 2282 191 37 mutandel
1698 2282 88 36 böra
1813 2282 102 45 höjas
1943 2281 56 36 till
