1924 2858
539 183 114 30 Första
674 184 224 35 lagutskottets
919 185 162 30 utlåtande
1105 186 48 29 Nr
1176 191 48 27 15.
1619 190 19 32 9

127 267 229 39 betjäningens
381 268 159 40 avlöning
574 281 68 21 som
669 271 61 32 den
754 283 114 21 senare
890 272 55 32 till
969 273 279 40 prästerskapets,
1272 275 12 31 i
1308 276 327 33 överensstämmelse

127 318 135 32 varmed
286 318 60 33 ock
371 330 117 27 genom
514 320 40 32 39
579 320 18 39 8
622 321 12 31 i
658 320 118 39 kungl.
801 322 223 33 resolutionen
1049 323 60 32 den
1136 325 39 31 19
1202 324 170 34 december
1398 327 83 31 1727
1509 326 125 33 förkla-

128 371 68 30 rats
214 380 81 21 vara
313 368 73 33 icke
404 381 91 21 mera
514 374 40 28 än
574 370 124 41 billigt,
718 375 49 29 att
785 371 253 40 kyrkovaktare
1055 374 57 32 vid
1132 374 284 40 församlingarna
1435 376 93 33 bleve
1548 377 88 32 efter

128 419 213 39 vanligheten
363 432 42 19 av
426 420 165 39 allmogen
613 422 228 39 underhållne,
863 423 154 32 varifrån
1038 425 251 39 prästerskapet
1309 426 104 33 alltså
1432 427 203 33 befriades».

126 489 44 3 —
197 469 167 39 BSlutligen
392 471 116 38 avsåg,
536 472 108 32 såsom
672 477 141 34 nämnts,
842 474 55 32 det
924 474 12 32 i
963 475 164 33 motionen
1153 476 147 33 avsedda
1326 477 197 40 rättsfallet,
1550 478 83 33 refe-

127 523 88 29 rerat
239 520 11 32 i
276 521 301 39 regeringsrättens
601 523 123 32 årsbok
750 524 53 32 för
827 525 39 31 år
891 525 96 40 1921,
1013 525 125 38 jämväl
1162 526 357 39 kyrkovaktmästares
1544 529 89 32 avlö-

126 570 92 39 ning.
266 570 72 33 Den
365 571 62 33 där
450 572 264 39 ifrågavarande
738 573 234 40 kyrkoherden
997 576 12 31 i
1035 588 38 20 en
1100 577 201 38 församling
1324 578 12 31 i
1363 575 188 42 Älvsborgs
1577 579 56 32 län

126 621 95 39 hade,
246 622 108 32 såsom
381 634 84 20 ovan
490 627 103 35 sagts,
619 624 55 32 för
698 624 54 32 till
777 626 62 31 250
864 625 124 33 kronor
1012 626 169 33 beräknad
1205 627 147 34 inkomst
1375 641 44 20 av
1443 629 71 33 fast
1538 641 95 27 egen-

126 671 74 32 dom
223 672 74 32 med
320 676 47 28 ett
391 673 275 38 taxeringsvärde
690 675 106 32 såsom
820 687 109 21 annan
953 677 166 38 fastighet
1140 689 42 20 av
1206 679 95 37 5,000
1325 678 123 33 kronor
1470 683 88 29 samt
1580 680 54 33 för

126 723 97 37 4,200
247 722 139 33 kronors
411 723 147 33 inkomst
580 736 43 20 av
645 724 132 39 kapital
801 726 60 31 och
885 726 113 33 arbete
1023 727 79 32 eller
1127 728 54 32 för
1205 728 142 39 tillhopa
1372 730 98 38 4,450
1493 729 139 34 kronors

128 772 147 33 inkomst
311 773 133 38 påförts
482 773 179 39 utskylder
698 775 54 32 till
792 776 61 32 den
892 776 164 39 kyrkliga
1093 777 197 33 kommunen
1329 779 89 33 efter
1457 781 18 30 2
1514 780 124 33 kronor

128 824 41 31 20
197 828 54 27 öre
279 824 54 32 för
361 825 63 31 100
451 824 140 33 kronors
618 825 148 33 inkomst
792 826 74 33 med
893 827 145 39 tillhopa
1066 829 40 32 97
1135 827 123 34 kronor
1285 831 41 31 90
1345 835 65 28 öre.
1451 830 115 33 Därav
1583 831 51 33 be-

129 874 88 39 löpte
248 875 54 31 till
333 875 292 38 kyrkovaktarens
658 877 158 39 avlöning
849 878 87 33 efter
970 881 39 31 21
1044 884 53 28 öre
1131 881 53 31 för
1217 883 62 31 100
1313 881 140 33 kronors
1486 882 148 33 inkomst

128 926 18 31 9
185 925 121 32 kronor
345 927 42 31 34
426 932 65 27 öre.
532 928 69 32 Hos
642 928 206 39 Konungens
888 930 368 40 befallningshavande,
1299 932 61 33 där
1398 932 235 39 kyrkoherden

127 976 139 32 anförde
299 977 120 32 besvär
453 982 81 28 även
568 978 11 32 i
614 979 107 32 denna
755 980 62 38 del,
852 981 141 32 anförde
1028 981 243 40 kyrkoherden,
1306 987 53 28 att
1393 996 116 26 genom
1548 986 84 31 1910

123 1026 55 32 års
202 1026 56 38 lag
280 1038 51 20 om
354 1027 171 39 reglering
545 1040 42 20 av
609 1029 270 40 prästerskapets
902 1031 160 39 avlöning
1084 1033 268 39 prästerskapets
1374 1034 157 33 befrielse
1555 1035 77 32 från

125 1076 198 38 deltagande
360 1078 11 31 i
410 1090 82 27 egen
518 1079 159 39 avlöning
702 1091 78 21 vore
806 1081 169 39 upphävd,
1001 1086 150 28 varemot
1175 1083 74 33 dess
1276 1083 158 34 befrielse
1461 1084 77 33 från
1565 1085 66 32 del-

124 1127 144 37 tagande
289 1127 12 31 i
323 1128 160 38 avlöning
504 1129 36 32 åt
560 1129 104 32 sådan
686 1130 285 40 kyrkobetjäning
993 1144 69 20 som
1083 1132 262 40 kyrkovaktare,
1369 1134 263 40 orgeltrampare

124 1177 61 32 och
211 1177 207 38 dödgrävare
447 1179 212 33 fortfarande
687 1184 113 35 syntes
829 1182 52 31 stå
909 1182 82 32 fast.
1041 1183 203 38 Konungens
1273 1184 359 40 befallningshavande

124 1227 134 38 yttrade
281 1228 12 31 i
317 1228 61 34 sitt
401 1229 124 38 utslag,
549 1233 52 29 att
624 1230 42 32 då
691 1231 251 39 prästerskapet
965 1232 137 38 jämlikt
1125 1232 18 39 8
1168 1234 40 32 39
1232 1234 12 31 i
1266 1234 118 40 kungl.
1410 1235 221 33 resolutionen

127 1277 61 32 den
211 1279 39 31 19
273 1278 171 33 december
467 1280 83 32 1727
572 1291 78 21 vore
673 1281 76 31 från
772 1281 201 39 deltagande
994 1283 12 31 i
1029 1282 267 39 kyrkovaktares
1318 1284 159 39 avlöning
1498 1285 135 39 befriat,

125 1328 103 33 funne
257 1329 206 39 Konungens
494 1330 360 41 befallningshavande
884 1333 129 39 skäligt
1041 1335 183 38 undanröja
1255 1335 223 39 överklagade
1509 1336 122 33 debite-

127 1379 268 39 rtingsåtgärden,
429 1381 11 31 i
474 1381 65 32 vad
564 1381 60 33 den
647 1383 124 37 avsåge
796 1383 38 33 de
858 1383 189 39 utskylder,
1072 1396 69 21 som
1164 1385 132 38 påförts
1321 1386 234 38 kyrkoherden
1579 1387 55 32 till

122 1429 291 38 kyrkovaktarens
434 1431 168 40 avlöning,
623 1434 197 37 uppgående
841 1434 107 39 enligt
967 1435 93 32 förut
1079 1436 142 38 angiven
1241 1436 315 39 beräkningsgrund
1576 1438 55 31 till

124 1480 18 31 I
161 1479 122 33 kronor
301 1481 41 31 34
361 1485 65 34 öre,
445 1481 11 31 i
475 1481 86 38 följd
580 1494 105 21 varav
704 1484 54 31 det
776 1483 110 33 skulle
904 1485 116 38 åligga
1038 1485 197 33 kommunen
1254 1490 52 28 att
1323 1487 54 32 till
1396 1487 234 38 kyrkoherden

123 1530 193 38 återbetala,
338 1531 66 32 vad
424 1531 66 32 han
511 1532 11 31 i
543 1532 122 33 sådant
684 1533 184 33 hänseende
887 1534 113 33 kunde
1020 1535 87 32 hava
1127 1535 119 39 erlagt.
1288 1536 102 33 Detta
1412 1537 116 40 utslag
1548 1538 82 32 fast-

127 1580 137 33 ställdes
290 1593 41 20 av
356 1581 348 40 kammarkollegium.
753 1584 299 38 Regeringsrätten
1079 1586 92 38 fann,
1196 1591 80 28 enär
1299 1586 234 40 kyrkoherden
1559 1588 73 33 icke

126 1630 110 33 kunde
260 1643 95 21 anses
380 1632 128 39 pliktig
529 1637 52 29 att
604 1634 54 32 för
682 1635 50 31 sin
755 1635 263 38 ifrågavarande
1042 1636 146 33 inkomst
1210 1641 121 35 utgöra
1354 1638 122 39 bidrag
1498 1638 54 33 till
1575 1651 56 20 av-

124 1681 114 38 löning
263 1694 40 20 av
328 1681 263 42 kyrkovaktare,
618 1684 29 38 ej
674 1685 75 32 skäl
772 1691 80 33 göra
879 1686 145 40 ändring
1046 1687 12 31 i
1083 1687 56 33 det
1163 1687 77 40 slut,
1265 1688 117 32 vartill
1407 1688 222 33 kammarkol-

123 1731 124 38 legium
269 1732 151 33 kommit.
465 1733 301 40 Regeringsrätten
789 1736 145 33 ändrade
958 1737 126 33 således
1108 1738 240 38 motiveringen
1372 1739 183 39 såtillvida,
1580 1743 50 29 att

124 1782 83 32 1727
231 1783 53 31 års
307 1783 179 32 resolution
507 1784 72 32 icke
601 1785 112 32 direkt
733 1786 202 39 åberopades
959 1799 68 20 som
1050 1788 73 32 stöd
1146 1788 54 32 för
1219 1788 265 39 ifrågavarande
1505 1789 124 33 skatte-

123 1832 114 33 frihet.

168 1932 67 33 Det
274 1934 93 31 torde
407 1934 80 32 böra
528 1935 136 39 erinras,
707 1940 51 28 att
797 1937 270 39 prästerskapets
1107 1951 44 19 nu
1191 1939 264 39 ifrågavarande
1495 1941 133 38 privile-

123 1983 92 38 glium
246 1984 174 32 såtillvida
450 1989 37 27 är
516 1997 42 19 av
586 1986 169 38 betydligt
783 1987 246 33 vidsträcktare
1060 1989 204 38 omfattning
1295 1994 42 28 än
1369 1990 56 34 det
1455 1991 92 32 förut
1576 1991 51 33 be-

123 2034 165 32 handlade
311 2034 193 38 privilegiet
527 2036 139 32 rörande
688 2037 586 41 prästgårdsbyggnadsskyldighet,
1298 2044 53 28 att
1373 2041 183 32 detsamma
1580 2043 49 30 åt-

122 2084 108 37 njutes
268 2085 54 31 för
357 2085 269 39 prästerskapets
652 2087 76 32 hela
753 2087 267 41 löneinkomster,
1045 2090 94 31 såväl
1165 2090 59 32 den
1250 2090 163 33 kontanta
1438 2091 94 33 lönen
1558 2104 69 20 som

121 2135 165 31 eventuell
312 2135 132 34 förmån
469 2148 43 19 av
537 2138 190 37 prästgård.
776 2138 179 33 Huruvida
981 2139 54 32 det
1060 2139 150 33 sträcker
1235 2141 53 38 sig
1313 2146 89 27 ännu
1427 2141 115 40 längre
1568 2143 60 32 och

124 2196 96 20 avser
243 2196 37 20 en
302 2189 113 34 prästs
438 2185 75 32 hela
536 2186 316 39 beskattningsbara
875 2188 129 39 belopp,
1029 2194 81 27 även
1134 2189 53 31 till
1212 2191 60 31 den
1298 2191 52 32 del
1375 2191 91 32 detta
1488 2192 66 32 kan
1577 2192 52 32 be-

121 2234 75 38 löpa
219 2235 43 37 på
283 2235 105 32 andra
409 2235 192 40 inkomster,
624 2237 61 32 har
706 2238 153 38 tydligen
881 2239 73 32 icke
976 2240 10 31 i
1010 2240 205 33 sistnämnda
1239 2241 152 32 rättsfall
1413 2242 90 32 varit
1524 2243 104 32 under

122 2284 174 38 prövning.
339 2286 65 32 Att
424 2286 91 32 detta
535 2286 72 32 icke
628 2291 37 28 är
686 2287 99 32 fallet
803 2288 92 32 torde
916 2289 183 32 emellertid
1120 2290 93 38 ligga
1234 2291 11 31 i
1267 2290 119 33 sakens
1405 2295 110 29 natur.
1559 2292 68 32 Till

121 2334 73 32 stöd
217 2334 117 32 härför
354 2335 68 32 kan
445 2336 124 37 jämväl
592 2336 162 39 åberopas
778 2338 205 38 Konungens
1007 2338 375 39 befallningshavandes
1405 2341 11 31 i
1442 2340 185 40 Göteborgs

121 2384 60 32 och
202 2384 111 33 Bohus
335 2384 55 32 län
413 2386 240 38 ovannämnda,
676 2398 43 20 av
741 2386 127 40 Kungl.
892 2387 102 38 Maj:t
1015 2388 59 32 den
1098 2389 40 31 29
1160 2390 66 37 maj
1251 2390 84 32 1896
1358 2390 196 33 fastställda
1576 2396 51 27 ut-

121 2433 75 39 slag
219 2438 153 28 ävensom
399 2438 49 28 ett
472 2435 157 38 yttrande
653 2448 42 19 av
720 2435 345 41 kammarkollegium,
1091 2438 107 32 vilket
1222 2439 212 33 omförmäles
1460 2441 11 31 i
1498 2441 129 39 Kungl.

122 2483 117 38 Maj:ts
264 2496 83 20 ovan
372 2485 220 32 omförmälda
616 2486 205 38 proposition
845 2498 39 19 nr
908 2488 41 31 30
973 2487 53 31 till
1051 2489 84 31 1904
1159 2488 54 32 års
1238 2488 139 39 riksdag
1399 2491 74 31 med
1498 2491 129 37 förslag

1688 1952 109 26 Skatte-

1665 1985 147 34 frihetens

1649 2019 193 34 omfattning.
