1890 2836
267 197 21 29 4
740 200 230 28 Statsutskottets
992 201 147 27 utlåtande
1161 201 48 27 Nr
1234 202 66 27 119.

933 459 61 41 Nr
1024 459 84 41 119.

691 571 126 27 Ankom
841 571 50 27 till
914 571 187 36 riksdagens
1126 571 103 28 kansli
1253 572 61 27 den
1341 572 37 27 19
1403 572 62 36 maj
1494 572 78 27 1936
1596 572 40 27 kl.
1664 573 36 27 12
1725 582 40 18 m.

584 662 194 37 Utldatande
805 663 14 36 1
846 662 193 49 anledning
1068 676 45 22 av
1141 663 134 49 Kungl.
1301 665 128 47 Maj:ts
1449 665 226 47 proposition
1703 678 64 23 an-

679 723 137 49 gående
844 723 159 49 befrielse
1015 723 65 49 för
1092 724 148 48 furiren
1260 724 61 35 vid
1339 725 225 48 Kronobergs
1583 732 186 41 regemente

681 783 29 35 I.
729 782 48 36 H.
799 783 151 36 Persson
970 784 59 35 och
1049 784 239 48 värnpliktige
1312 783 40 37 G.
1376 784 39 37 G.
1440 786 222 47 Magnusson
1675 786 94 48 från

683 843 71 36 viss
782 843 405 49 betalningsskyldighet.

1548 895 61 41 (1:a
1631 895 85 41 avd.)

323 985 62 33 Uti
410 997 41 20 en
475 986 65 31 den
564 987 19 31 6
607 997 90 21 mars
722 987 80 32 1936
826 987 212 42 dagtecknad
1053 988 219 41 proposition
1289 988 51 41 (nr
1352 988 72 42 203)
1440 989 62 31 har
1517 989 127 41 Kungl.
1659 989 108 41 Maj:t,

268 1036 111 32 under
401 1036 217 42 åberopande
642 1048 40 20 av
703 1037 57 32 vid
783 1038 261 41 propositionen
1068 1038 94 42 fogat
1184 1039 123 41 utdrag
1329 1050 41 20 av
1391 1039 378 40 statsrådsprotokollet

269 1088 80 30 över
371 1087 302 32 försvarsärenden
696 1088 52 31 för
771 1099 130 20 samma
924 1088 73 41 dag,
1021 1089 177 41 föreslagit
1221 1089 182 40 riksdagen
1427 1089 164 41 medgiva,

319 1140 50 29 att
393 1149 101 20 envar
516 1149 40 20 av
579 1138 129 31 furiren
731 1138 57 31 vid
810 1138 223 42 Kronobergs
1056 1141 195 40 regemente
1274 1140 27 31 I.
1316 1140 45 31 H.
1378 1140 151 31 Persson
1546 1140 63 31 och
1626 1139 144 32 Gunnar

269 1187 137 32 Gideon
443 1188 214 42 Magnusson
694 1189 127 31 befrias
859 1189 73 31 dels
968 1189 74 31 från
1076 1190 67 31 den
1177 1190 76 31 dem
1286 1190 135 41 jämlikt
1453 1190 225 41 krigsrättens
1711 1191 58 31 vid

268 1239 150 31 nämnda
450 1241 195 39 regemente
675 1240 112 40 utslag
810 1239 67 31 den
900 1239 40 31 25
963 1239 86 42 april
1074 1240 82 31 1934
1178 1240 120 41 ålagda
1321 1240 197 42 skyldighet
1541 1243 49 29 att
1613 1241 53 31 till
1688 1241 81 31 riks-

268 1289 384 41 försäkringsanstalten
683 1289 199 32 solidariskt
903 1290 116 41 utgiva
1040 1290 148 41 tillhopa
1211 1291 60 31 748
1294 1291 128 31 kronor
1443 1291 41 31 50
1508 1293 66 36 öre,
1599 1291 73 31 dels
1695 1292 74 30 från

268 1340 410 42 ersättningsskyldighet
710 1340 52 31 till
797 1340 204 32 statsverket
1028 1341 11 30 i
1062 1340 94 42 fråga
1179 1352 54 20 om
1258 1341 27 42 ej
1312 1341 132 32 mindre
1468 1342 42 31 de
1533 1342 137 41 belopp,
1695 1353 74 20 som

269 1390 127 42 Kungl.
421 1391 96 41 Maj:t
541 1390 64 32 och
628 1391 130 31 kronan
779 1391 136 42 jämlikt
938 1391 89 31 Göta
1049 1391 155 32 hovrätts
1229 1391 65 32 den
1317 1393 40 30 28
1380 1392 74 41 juni
1472 1392 81 31 1935
1569 1392 200 32 meddelade

268 1441 80 31 dom
383 1441 108 41 ålagts
524 1441 162 38 utbetala,
722 1441 147 42 tillhopa
904 1442 90 38 1,885
1019 1442 128 31 kronor
1179 1443 41 31 50
1253 1444 58 29 öre
1333 1443 105 40 jämte
1460 1444 106 36 ränta,
1590 1443 83 31 eller
1695 1454 74 20 som

267 1492 132 32 kronan
432 1491 184 32 framdeles
649 1491 66 32 kan
748 1492 137 31 komma
907 1494 50 29 att
979 1492 137 42 åläggas
1140 1492 152 32 utbetala
1322 1493 54 31 till
1403 1493 366 42 jordbruksarbetaren

270 1542 39 32 O.
333 1542 163 42 Almgren
530 1544 44 40 på
600 1542 112 42 grund
738 1554 40 19 av
801 1542 127 32 honom
953 1542 66 32 den
1044 1544 16 30 1
1083 1543 64 41 juli
1172 1544 80 31 1933
1275 1544 182 31 åsamkade
1482 1544 113 38 skada,
1620 1546 41 29 än
1686 1546 84 29 även

268 1593 43 31 de
344 1593 137 41 belopp,
517 1603 74 21 som
625 1592 457 42 riksförsäkringsanstalten
1116 1594 53 31 för
1197 1593 96 32 tiden
1316 1594 87 31 efter
1426 1594 66 32 den
1515 1595 40 31 25
1578 1595 87 41 april
1690 1595 82 31 1934

267 1643 170 33 utbetalat
460 1643 82 32 eller
564 1643 67 31 kan
654 1643 135 32 komma
811 1645 51 30 att
885 1643 151 32 utbetala
1059 1643 53 32 till
1132 1644 162 42 Almgren
1316 1646 114 30 såsom
1452 1645 189 41 ersättning
1660 1645 10 30 i
1687 1645 82 31 före-

268 1694 149 32 varande
440 1694 183 39 avseende;

319 1748 85 30 samt
424 1748 49 28 att
495 1745 41 31 de
560 1745 137 42 belopp,
720 1745 74 32 från
817 1745 109 32 vilkas
950 1745 183 42 utgivande
1149 1746 150 32 Persson
1316 1746 65 31 och
1396 1746 213 42 Magnusson
1627 1746 144 32 sålunda

267 1796 137 38 befrias,
428 1797 54 30 må
504 1806 41 21 ur
567 1795 237 42 vederbörliga
827 1795 230 43 räkenskaper
1079 1796 183 32 avskrivas.

320 1889 122 33 Under
469 1890 228 42 tjänstgöring
723 1890 58 31 vid
803 1890 224 42 Kronobergs
1050 1892 195 40 regemente
1268 1891 67 31 den
1361 1893 15 29 1
1399 1891 63 41 juli
1487 1892 80 31 1933
1590 1892 77 32 blev
1682 1892 88 41 jord-

267 1940 286 32 bruksarbetaren
589 1940 39 32 O.
663 1940 171 42 Almgren,
858 1940 113 34 vilken
993 1941 58 31 vid
1073 1943 210 40 regementet
1305 1942 184 41 fullgjorde
1513 1942 52 31 sin
1589 1943 179 41 värnplikt,

268 1990 123 32 träffad
423 1991 12 31 i
462 1992 138 31 vänstra
621 1991 103 32 benet
747 2002 40 20 av
811 1993 50 30 ett
883 1991 224 42 gevärsskott,
1131 1992 78 31 med
1231 1992 132 42 påföljd
1387 1994 50 30 att
1459 1992 93 32 brott
1575 1994 18 30 å
1616 1992 154 32 lårbenet

267 2041 163 42 uppstod.
476 2041 138 32 Skottet
646 2041 87 32 hade
756 2041 170 32 avlossats
949 2053 40 20 av
1010 2042 58 31 vid
1090 2044 211 40 regementet
1323 2043 258 41 tjänstgörande
1604 2043 166 42 värnplik-

267 2092 70 41 tige
361 2091 143 33 Gunnar
527 2092 136 32 Gideon
686 2092 225 42 Magnusson,
936 2103 72 21 som
1032 2092 11 32 i
1066 2092 108 32 likhet
1197 2093 78 31 med
1297 2093 163 41 Almgren
1484 2093 109 32 under
1614 2093 90 32 befäl
1727 2105 41 20 av

266 2142 131 32 furiren
420 2143 57 31 vid
499 2144 211 40 regementet
731 2143 27 31 I.
782 2143 45 31 H.
852 2143 150 31 Persson
1026 2143 143 42 deltagit
1191 2143 11 32 i
1226 2155 42 20 en
1285 2144 307 42 skolskjutövning.
1617 2144 67 31 Vid
1699 2155 71 21 ren-

267 2193 123 41 göring
423 2204 41 20 av
496 2193 42 32 de
571 2193 59 32 vid
664 2193 209 42 övningarna
907 2194 154 31 använda
1082 2194 206 32 karbinerna
1309 2194 89 32 hade
1421 2195 213 41 Magnusson
1657 2195 115 31 funnit

268 2243 206 42 slagfjädern
510 2246 19 29 å
552 2255 42 20 en
618 2255 39 20 av
680 2244 102 32 dessa
805 2244 111 41 spänd
939 2244 63 31 och
1024 2244 11 31 i
1059 2244 89 42 syfte
1171 2246 50 30 att
1244 2245 122 42 slappa
1387 2245 132 42 fjädern
1543 2245 89 41 gjort
1655 2256 41 20 en
1720 2257 51 20 av-

266 2294 148 42 fyrning,
439 2295 115 31 varvid
578 2296 50 30 ett
650 2294 11 32 i
684 2294 165 32 karbinen
872 2295 233 32 kvarsittande
1129 2295 94 32 skott
1244 2296 143 31 brunnit
1409 2307 50 20 av.

320 2345 18 31 I
351 2345 185 41 anledning
551 2356 40 20 av
608 2345 214 42 olycksfallet
838 2345 142 32 ställdes
996 2345 150 32 Persson
1164 2346 63 31 och
1243 2346 215 42 Magnusson
1475 2346 57 31 vid
1547 2346 223 42 Kronobergs

268 2397 215 40 regementes
506 2395 163 42 krigsrätt
692 2395 109 32 under
823 2395 103 32 tilltal
942 2396 52 31 för
1010 2396 174 41 tjänstefel
1201 2396 63 32 och
1280 2397 157 31 vållande
1454 2397 52 30 till
1522 2396 247 43 kroppsskada.

268 2446 126 41 Utslag
418 2446 218 32 meddelades
660 2446 66 32 den
742 2446 41 31 25
798 2446 88 42 april
904 2447 88 31 1934.
1016 2446 218 42 Krigsrätten
1250 2449 114 40 ansåg,
1382 2449 49 29 att
1448 2447 92 31 såväl
1556 2447 214 41 Magnusson

268 2507 75 22 som
356 2497 149 32 Persson
519 2499 109 30 måste
644 2507 100 22 anses
757 2497 86 31 hava
859 2497 90 42 gjort
972 2496 52 43 sig
1047 2497 155 43 skyldiga
1225 2497 52 32 till
1292 2497 238 32 vårdslösheti
1544 2498 148 41 tjänsten
1707 2498 64 31 och

1634 2575 53 19 1137
1702 2575 26 19 36
