2203 2647
461 201 109 31 Andra
594 202 194 32 kammarens
812 204 100 40 fjärde
936 204 165 43 tillfälliga
1124 207 127 30 utskotts
1276 207 159 31 utlåtande
1458 208 53 31 Nr
1533 211 29 29 6.
1753 212 16 30 1

937 637 60 40 Nr
1026 638 40 40 6.

750 792 110 28 Ankom
884 793 45 27 till
954 794 178 36 Riksdagens
1156 795 95 28 kansli
1275 796 55 27 den
1357 799 34 25 16
1416 797 75 35 april
1518 800 78 26 1912
1614 798 40 28 kl.
1682 802 12 24 1
1721 808 24 19 e.
1770 809 38 19 m.

397 934 134 37 Andra
572 937 229 36 kammarens
835 938 127 48 fjärde
990 939 197 49 tillfälliga
1216 941 144 36 utskotts
1388 941 187 37 utlåtande
1603 956 43 23 nr
1675 944 24 34 6
1727 945 82 35 med

600 1005 198 49 anledning
827 1006 48 49 af
896 1006 131 37 Första
1045 1008 229 37 kammarens
1293 1010 113 35 beslut
1425 1012 153 35 rörande
1597 1011 96 37 inom
1714 1012 94 36 båda

598 1073 196 35 kamrarna
836 1075 125 35 väckta
989 1076 171 35 motioner
1187 1089 55 22 om
1270 1077 319 49 dåvägabringande
1616 1079 45 47 af
1687 1082 120 34 utred-

598 1141 88 47 ning
713 1141 14 35 i
747 1141 116 49 fråga
891 1155 53 24 om
980 1143 165 48 effektiva
1174 1142 167 50 åtgärder
1362 1146 66 48 för
1455 1147 284 36 underlättande
1766 1149 45 47 af

590 1209 307 47 Jordupplätelser
932 1211 67 48 för
1038 1224 90 36 egna
1161 1213 74 35 hem
1268 1213 24 35 å
1322 1214 211 36 kronomark
1561 1216 13 34 i
1601 1215 204 37 Norrland.

327 1359 83 36 Med
450 1360 200 48 anledning
691 1360 39 36 af
768 1375 44 22 en
845 1363 100 34 inom
975 1363 127 36 Andra
1130 1365 213 35 kammaren
1371 1365 39 35 af
1434 1366 128 35 herrar
1590 1367 214 36 Bäckström

192 1410 68 35 och
303 1409 199 37 Wikström
543 1412 107 34 väckt
687 1413 150 43 motion,
880 1426 44 22 nr
966 1415 82 42 234,
1090 1414 93 36 hade
1212 1416 229 35 kammarens
1471 1416 117 48 fjärde
1615 1417 189 50 tillfälliga

191 1461 142 35 utskott
374 1461 198 44 hemställt,
615 1467 53 31 att
709 1463 209 49 Riksdagen
959 1467 112 33 måtte
1099 1466 12 34 i
1139 1465 189 37 skrifvelse
1356 1468 58 34 till
1442 1467 134 47 Kungl.
1605 1467 107 48 Maj:t
1740 1482 64 22 an-

189 1512 99 35 hålla
315 1525 60 23 om
404 1513 201 47 utredning
633 1514 187 47 angående
848 1515 326 36 åstadkommande
1202 1516 39 36 af
1267 1531 78 22 mer
1364 1517 172 37 effektiva
1555 1520 172 45 åtgärder
1746 1519 59 37 för

190 1563 284 36 underlättande
503 1563 39 36 af
563 1564 317 48 jordupplåtelser
907 1565 57 36 för
991 1566 362 49 odlingslägenheter
1378 1572 20 32 å
1417 1570 219 35 kronomark
1656 1571 11 34 i
1687 1570 116 36 Norr-

189 1613 97 36 land.
342 1614 125 35 Andra
508 1615 209 35 kammaren
760 1615 139 36 fattade
939 1617 122 35 beslut
1100 1619 12 34 i
1153 1618 163 48 enlighet
1357 1620 82 34 med
1474 1621 199 35 utskottets
1701 1621 102 36 hem-

190 1665 143 35 ställan.

323 1715 117 37 Sedan
469 1717 160 35 beslutet
657 1717 188 48 delgifvits
873 1718 127 36 Första
1028 1719 212 36 kammaren
1269 1721 66 35 och
1355 1721 188 37 hänvisats
1562 1723 58 35 till
1640 1723 162 35 behand-

188 1767 80 48 ling
297 1766 39 35 af
362 1768 118 35 denna
507 1769 203 35 kammares
739 1769 114 35 andra
880 1769 187 49 tillfälliga
1094 1772 150 41 utskott,
1274 1772 214 36 hemställde
1518 1773 100 36 detta
1645 1774 154 43 utskott,

187 1822 54 31 att
281 1817 127 37 Första
448 1819 211 35 kammaren
699 1820 78 35 icke
819 1824 112 32 måtte
976 1821 143 36 biträda
1159 1822 129 36 Andra
1328 1824 230 35 kammarens
1599 1826 11 33 i
1652 1824 149 37 ärendet

186 1868 141 36 fattade
355 1870 134 44 beslut,
524 1883 82 22 men
635 1876 52 30 att
715 1871 212 36 kammaren
954 1872 85 36 ville
1067 1872 57 36 för
1152 1874 56 35 sin
1237 1874 57 35 del
1322 1874 154 44 besluta,
1506 1880 54 30 att
1589 1875 211 49 Riksdagen

186 1923 113 32 måtte
332 1922 11 33 i
376 1920 193 36 skrifvelse
597 1922 56 35 till
682 1921 136 49 Kungl.
847 1922 103 47 Maj:t
978 1923 154 44 anhålla,
1162 1923 62 36 det
1252 1924 134 49 Kungl.
1416 1925 106 48 Maj:t
1548 1926 140 36 täcktes
1716 1931 85 44 taga

186 1971 119 35 under
337 1970 278 49 öfvervägande,
648 1973 183 35 huruvida
857 1974 80 35 icke
965 1975 171 47 åtgärder
1162 1976 13 34 i
1203 1975 71 35 den
1302 1977 176 47 riktning,
1513 1990 77 22 som
1619 1978 181 35 utskottet

186 2022 64 34 här
291 2021 111 37 ofvan
442 2021 204 49 ifrågasatt,
676 2024 123 35 kunna
827 2024 168 48 vidtagas
1023 2024 58 37 för
1109 2026 283 36 underlättande
1421 2027 39 35 af
1480 2028 319 48 jordupplåtelser

186 2071 56 36 för
269 2073 363 48 odlingslägenheter
659 2078 20 31 å
706 2075 251 47 kronoparker
985 2076 66 35 och
1081 2075 356 50 öfverloppsmarker
1463 2079 9 34 i
1503 2078 45 36 de
1576 2091 64 23 sex
1659 2079 139 35 nordli-

184 2128 101 42 gaste
314 2124 120 35 länen.

319 2174 74 36 Till
423 2175 81 35 stöd
534 2174 56 37 för
617 2176 120 35 denna
765 2177 218 35 hemställan
1012 2177 153 37 anförde
1193 2180 198 34 utskottet:

317 2225 52 36 Af
399 2226 336 49 domänstyrelsens
763 2227 268 37 ofvanberörda
1059 2229 191 36 utlåtande
1278 2233 114 33 måste
1421 2244 105 22 anses
1555 2231 152 48 framgå,
1728 2237 66 38 att,

184 2275 106 37 äfven
319 2289 60 23 om
408 2276 213 48 dröjsmålet
647 2278 62 35 vid
737 2278 273 49 behandlingen
1038 2278 40 37 af
1099 2280 70 35 den
1200 2281 13 34 i
1246 2281 187 36 motionen
1467 2281 242 36 omförmälda
1728 2295 68 22 an-

224 2340 129 40 Bihang
377 2341 49 31 till
448 2341 199 43 Riksdagens
663 2342 162 39 protokoll
849 2343 97 31 1912.
992 2345 42 30 13
1058 2345 89 30 saml.
1192 2346 19 29 4
1235 2345 67 42 afd.
1347 2345 21 31 6
1390 2345 82 42 häft.
1517 2346 69 41 (Nr
1608 2346 43 41 6).
