<?xml version="1.0" encoding="UTF-8"?>
<alto xmlns="http://www.loc.gov/standards/alto/ns-v3#" xmlns:xlink="http://www.w3.org/1999/xlink" xmlns:xsi="http://www.w3.org/2001/XMLSchema-instance" xsi:schemaLocation="http://www.loc.gov/standards/alto/ns-v3# http://www.loc.gov/alto/v3/alto-3-0.xsd">
	<Description>
		<MeasurementUnit>pixel</MeasurementUnit>
		<sourceImageInformation>
			<fileName>/tmp/tess__dm_xb21_input.PNG</fileName>
		</sourceImageInformation>
		<OCRProcessing ID="OCR_0">
			<ocrProcessingStep>
				<processingSoftware>
					<softwareName>tesseract 5.3.0</softwareName>
				</processingSoftware>
			</ocrProcessingStep>
		</OCRProcessing>
	</Description>
	<Layout>
		<Page WIDTH="1872" HEIGHT="2786" PHYSICAL_IMG_NR="0" ID="page_0">
			<PrintSpace HPOS="0" VPOS="0" WIDTH="1872" HEIGHT="2786">
				<ComposedBlock ID="cblock_0" HPOS="384" VPOS="163" WIDTH="1213" HEIGHT="41">
					<TextBlock ID="block_0" HPOS="384" VPOS="163" WIDTH="1213" HEIGHT="41">
						<TextLine ID="line_0" HPOS="384" VPOS="163" WIDTH="1213" HEIGHT="41">
							<String ID="string_0" HPOS="384" VPOS="163" WIDTH="450" HEIGHT="33" WC="0.90" CONTENT="Konstitutionsutskottets"/><SP WIDTH="23" VPOS="163" HPOS="834"/>
							<String ID="string_1" HPOS="857" VPOS="167" WIDTH="179" HEIGHT="32" WC="0.96" CONTENT="utlåtande"/><SP WIDTH="22" VPOS="167" HPOS="1036"/>
							<String ID="string_2" HPOS="1058" VPOS="179" WIDTH="43" HEIGHT="20" WC="0.96" CONTENT="nr"/><SP WIDTH="20" VPOS="179" HPOS="1101"/>
							<String ID="string_3" HPOS="1121" VPOS="171" WIDTH="19" HEIGHT="28" WC="0.96" CONTENT="9"/><SP WIDTH="21" VPOS="171" HPOS="1140"/>
							<String ID="string_4" HPOS="1161" VPOS="170" WIDTH="40" HEIGHT="30" WC="0.94" CONTENT="år"/><SP WIDTH="23" VPOS="170" HPOS="1201"/>
							<String ID="string_5" HPOS="1224" VPOS="171" WIDTH="83" HEIGHT="29" WC="0.96" CONTENT="1956"/><SP WIDTH="273" VPOS="171" HPOS="1307"/>
							<String ID="string_6" HPOS="1580" VPOS="174" WIDTH="17" HEIGHT="30" WC="0.80" CONTENT="3"/>
						</TextLine>
					</TextBlock>
				</ComposedBlock>
				<ComposedBlock ID="cblock_1" HPOS="83" VPOS="245" WIDTH="1512" HEIGHT="1358">
					<TextBlock ID="block_1" HPOS="89" VPOS="245" WIDTH="1506" HEIGHT="198">
						<TextLine ID="line_1" HPOS="93" VPOS="245" WIDTH="1501" HEIGHT="47">
							<String ID="string_7" HPOS="93" VPOS="245" WIDTH="51" HEIGHT="30" WC="0.93" CONTENT="till"/><SP WIDTH="20" VPOS="245" HPOS="144"/>
							<String ID="string_8" HPOS="164" VPOS="247" WIDTH="206" HEIGHT="39" WC="0.91" CONTENT="stadgandet"/><SP WIDTH="22" VPOS="247" HPOS="370"/>
							<String ID="string_9" HPOS="392" VPOS="247" WIDTH="94" HEIGHT="31" WC="0.93" CONTENT="såväl"/><SP WIDTH="19" VPOS="247" HPOS="486"/>
							<String ID="string_10" HPOS="505" VPOS="248" WIDTH="307" HEIGHT="31" WC="0.92" CONTENT="huvudredaktion"/><SP WIDTH="20" VPOS="248" HPOS="812"/>
							<String ID="string_11" HPOS="832" VPOS="251" WIDTH="44" HEIGHT="39" WC="0.93" CONTENT="på"/><SP WIDTH="19" VPOS="251" HPOS="876"/>
							<String ID="string_12" HPOS="895" VPOS="252" WIDTH="303" HEIGHT="40" WC="0.90" CONTENT="utgivningsorten"/><SP WIDTH="22" VPOS="252" HPOS="1198"/>
							<String ID="string_13" HPOS="1220" VPOS="263" WIDTH="74" HEIGHT="20" WC="0.93" CONTENT="som"/><SP WIDTH="21" VPOS="263" HPOS="1294"/>
							<String ID="string_14" HPOS="1315" VPOS="256" WIDTH="279" HEIGHT="30" WC="0.92" CONTENT="lokalredaktion"/>
						</TextLine>
						<TextLine ID="line_2" HPOS="91" VPOS="296" WIDTH="1504" HEIGHT="44">
							<String ID="string_15" HPOS="91" VPOS="296" WIDTH="44" HEIGHT="38" WC="0.96" CONTENT="på"/><SP WIDTH="23" VPOS="296" HPOS="135"/>
							<String ID="string_16" HPOS="158" VPOS="297" WIDTH="110" HEIGHT="29" WC="0.96" CONTENT="andra"/><SP WIDTH="23" VPOS="297" HPOS="268"/>
							<String ID="string_17" HPOS="291" VPOS="298" WIDTH="140" HEIGHT="38" WC="0.95" CONTENT="platser."/><SP WIDTH="25" VPOS="298" HPOS="431"/>
							<String ID="string_18" HPOS="456" VPOS="298" WIDTH="165" HEIGHT="30" WC="0.96" CONTENT="Däremot"/><SP WIDTH="24" VPOS="298" HPOS="621"/>
							<String ID="string_19" HPOS="645" VPOS="301" WIDTH="39" HEIGHT="29" WC="0.96" CONTENT="är"/><SP WIDTH="23" VPOS="301" HPOS="684"/>
							<String ID="string_20" HPOS="707" VPOS="300" WIDTH="318" HEIGHT="40" WC="0.96" CONTENT="korrespondenter"/><SP WIDTH="23" VPOS="300" HPOS="1025"/>
							<String ID="string_21" HPOS="1048" VPOS="303" WIDTH="76" HEIGHT="31" WC="0.96" CONTENT="icke"/><SP WIDTH="24" VPOS="303" HPOS="1124"/>
							<String ID="string_22" HPOS="1148" VPOS="306" WIDTH="49" HEIGHT="27" WC="0.96" CONTENT="att"/><SP WIDTH="25" VPOS="306" HPOS="1197"/>
							<String ID="string_23" HPOS="1222" VPOS="304" WIDTH="150" HEIGHT="31" WC="0.96" CONTENT="hänföra"/><SP WIDTH="24" VPOS="304" HPOS="1372"/>
							<String ID="string_24" HPOS="1396" VPOS="306" WIDTH="53" HEIGHT="29" WC="0.93" CONTENT="till"/><SP WIDTH="24" VPOS="306" HPOS="1449"/>
							<String ID="string_25" HPOS="1473" VPOS="307" WIDTH="122" HEIGHT="29" WC="0.91" CONTENT="redak-"/>
						</TextLine>
						<TextLine ID="line_3" HPOS="89" VPOS="346" WIDTH="1504" HEIGHT="49">
							<String ID="string_26" HPOS="89" VPOS="346" WIDTH="83" HEIGHT="33" WC="0.95" CONTENT="tion,"/><SP WIDTH="25" VPOS="346" HPOS="172"/>
							<String ID="string_27" HPOS="197" VPOS="347" WIDTH="84" HEIGHT="29" WC="0.96" CONTENT="även"/><SP WIDTH="25" VPOS="347" HPOS="281"/>
							<String ID="string_28" HPOS="306" VPOS="356" WIDTH="56" HEIGHT="20" WC="0.96" CONTENT="om"/><SP WIDTH="24" VPOS="356" HPOS="362"/>
							<String ID="string_29" HPOS="386" VPOS="348" WIDTH="40" HEIGHT="29" WC="0.96" CONTENT="de"/><SP WIDTH="23" VPOS="348" HPOS="426"/>
							<String ID="string_30" HPOS="449" VPOS="349" WIDTH="79" HEIGHT="38" WC="0.96" CONTENT="äger"/><SP WIDTH="22" VPOS="349" HPOS="528"/>
							<String ID="string_31" HPOS="550" VPOS="357" WIDTH="95" HEIGHT="21" WC="0.96" CONTENT="mera"/><SP WIDTH="22" VPOS="357" HPOS="645"/>
							<String ID="string_32" HPOS="667" VPOS="350" WIDTH="182" HEIGHT="39" WC="0.96" CONTENT="varaktiga"/><SP WIDTH="24" VPOS="350" HPOS="849"/>
							<String ID="string_33" HPOS="873" VPOS="352" WIDTH="169" HEIGHT="39" WC="0.96" CONTENT="uppdrag."/><SP WIDTH="24" VPOS="352" HPOS="1042"/>
							<String ID="string_34" HPOS="1066" VPOS="353" WIDTH="147" HEIGHT="42" WC="0.96" CONTENT="Företag"/><SP WIDTH="24" VPOS="353" HPOS="1213"/>
							<String ID="string_35" HPOS="1237" VPOS="355" WIDTH="54" HEIGHT="29" WC="0.92" CONTENT="för"/><SP WIDTH="24" VPOS="355" HPOS="1291"/>
							<String ID="string_36" HPOS="1315" VPOS="356" WIDTH="278" HEIGHT="39" WC="0.91" CONTENT="nyhetsförmed-"/>
						</TextLine>
						<TextLine ID="line_4" HPOS="92" VPOS="397" WIDTH="1218" HEIGHT="46">
							<String ID="string_37" HPOS="92" VPOS="397" WIDTH="70" HEIGHT="38" WC="0.95" CONTENT="ling"/><SP WIDTH="19" VPOS="397" HPOS="162"/>
							<String ID="string_38" HPOS="181" VPOS="399" WIDTH="38" HEIGHT="28" WC="0.95" CONTENT="är"/><SP WIDTH="19" VPOS="399" HPOS="219"/>
							<String ID="string_39" HPOS="238" VPOS="397" WIDTH="75" HEIGHT="30" WC="0.96" CONTENT="icke"/><SP WIDTH="20" VPOS="397" HPOS="313"/>
							<String ID="string_40" HPOS="333" VPOS="399" WIDTH="10" HEIGHT="28" WC="0.96" CONTENT="i"/><SP WIDTH="19" VPOS="399" HPOS="343"/>
							<String ID="string_41" HPOS="362" VPOS="398" WIDTH="64" HEIGHT="29" WC="0.96" CONTENT="och"/><SP WIDTH="20" VPOS="398" HPOS="426"/>
							<String ID="string_42" HPOS="446" VPOS="398" WIDTH="54" HEIGHT="30" WC="0.96" CONTENT="för"/><SP WIDTH="19" VPOS="398" HPOS="500"/>
							<String ID="string_43" HPOS="519" VPOS="399" WIDTH="51" HEIGHT="39" WC="0.96" CONTENT="sig"/><SP WIDTH="20" VPOS="399" HPOS="570"/>
							<String ID="string_44" HPOS="590" VPOS="402" WIDTH="49" HEIGHT="28" WC="0.96" CONTENT="att"/><SP WIDTH="19" VPOS="402" HPOS="639"/>
							<String ID="string_45" HPOS="658" VPOS="400" WIDTH="181" HEIGHT="39" WC="0.96" CONTENT="jämställa"/><SP WIDTH="19" VPOS="400" HPOS="839"/>
							<String ID="string_46" HPOS="858" VPOS="404" WIDTH="78" HEIGHT="29" WC="0.93" CONTENT="med"/><SP WIDTH="21" VPOS="404" HPOS="936"/>
							<String ID="string_47" HPOS="957" VPOS="403" WIDTH="353" HEIGHT="40" WC="0.92" CONTENT="tidningsredaktion."/>
						</TextLine>
					</TextBlock>
					<TextBlock ID="block_2" HPOS="91" VPOS="448" WIDTH="1504" HEIGHT="296">
						<TextLine ID="line_5" HPOS="136" VPOS="448" WIDTH="1459" HEIGHT="49">
							<String ID="string_48" HPOS="136" VPOS="448" WIDTH="12" HEIGHT="29" WC="0.92" CONTENT="I"/><SP WIDTH="27" VPOS="448" HPOS="148"/>
							<String ID="string_49" HPOS="175" VPOS="448" WIDTH="481" HEIGHT="41" WC="0.90" CONTENT="tryckfrihetsförordningen"/><SP WIDTH="27" VPOS="448" HPOS="656"/>
							<String ID="string_50" HPOS="683" VPOS="452" WIDTH="140" HEIGHT="39" WC="0.96" CONTENT="stadgas"/><SP WIDTH="26" VPOS="452" HPOS="823"/>
							<String ID="string_51" HPOS="849" VPOS="453" WIDTH="91" HEIGHT="30" WC="0.95" CONTENT="vissa"/><SP WIDTH="27" VPOS="453" HPOS="940"/>
							<String ID="string_52" HPOS="967" VPOS="455" WIDTH="179" HEIGHT="41" WC="0.96" CONTENT="undantag"/><SP WIDTH="26" VPOS="455" HPOS="1146"/>
							<String ID="string_53" HPOS="1172" VPOS="455" WIDTH="79" HEIGHT="30" WC="0.96" CONTENT="från"/><SP WIDTH="27" VPOS="455" HPOS="1251"/>
							<String ID="string_54" HPOS="1278" VPOS="458" WIDTH="115" HEIGHT="39" WC="0.96" CONTENT="regeln"/><SP WIDTH="26" VPOS="458" HPOS="1393"/>
							<String ID="string_55" HPOS="1419" VPOS="467" WIDTH="57" HEIGHT="21" WC="0.93" CONTENT="om"/><SP WIDTH="26" VPOS="467" HPOS="1476"/>
							<String ID="string_56" HPOS="1502" VPOS="459" WIDTH="93" HEIGHT="30" WC="0.92" CONTENT="med-"/>
						</TextLine>
						<TextLine ID="line_6" HPOS="92" VPOS="497" WIDTH="1501" HEIGHT="50">
							<String ID="string_57" HPOS="92" VPOS="497" WIDTH="133" HEIGHT="30" WC="0.91" CONTENT="delares"/><SP WIDTH="32" VPOS="497" HPOS="225"/>
							<String ID="string_58" HPOS="257" VPOS="499" WIDTH="264" HEIGHT="30" WC="0.93" CONTENT="ansvarsfrihet."/><SP WIDTH="35" VPOS="499" HPOS="521"/>
							<String ID="string_59" HPOS="556" VPOS="501" WIDTH="195" HEIGHT="31" WC="0.91" CONTENT="Innefattar"/><SP WIDTH="31" VPOS="501" HPOS="751"/>
							<String ID="string_60" HPOS="782" VPOS="503" WIDTH="245" HEIGHT="32" WC="0.96" CONTENT="meddelandet"/><SP WIDTH="32" VPOS="503" HPOS="1027"/>
							<String ID="string_61" HPOS="1059" VPOS="506" WIDTH="262" HEIGHT="41" WC="0.96" CONTENT="ärekränkning"/><SP WIDTH="31" VPOS="506" HPOS="1321"/>
							<String ID="string_62" HPOS="1352" VPOS="510" WIDTH="73" HEIGHT="28" WC="0.96" CONTENT="mot"/><SP WIDTH="32" VPOS="510" HPOS="1425"/>
							<String ID="string_63" HPOS="1457" VPOS="509" WIDTH="136" HEIGHT="30" WC="0.96" CONTENT="enskild"/>
						</TextLine>
						<TextLine ID="line_7" HPOS="91" VPOS="549" WIDTH="1503" HEIGHT="49">
							<String ID="string_64" HPOS="91" VPOS="556" WIDTH="136" HEIGHT="30" WC="0.96" CONTENT="person,"/><SP WIDTH="29" VPOS="556" HPOS="227"/>
							<String ID="string_65" HPOS="256" VPOS="549" WIDTH="71" HEIGHT="30" WC="0.93" CONTENT="kan"/><SP WIDTH="27" VPOS="549" HPOS="327"/>
							<String ID="string_66" HPOS="354" VPOS="550" WIDTH="222" HEIGHT="30" WC="0.92" CONTENT="meddelaren"/><SP WIDTH="29" VPOS="550" HPOS="576"/>
							<String ID="string_67" HPOS="605" VPOS="552" WIDTH="121" HEIGHT="30" WC="0.96" CONTENT="ställas"/><SP WIDTH="27" VPOS="552" HPOS="726"/>
							<String ID="string_68" HPOS="753" VPOS="553" WIDTH="53" HEIGHT="29" WC="0.96" CONTENT="till"/><SP WIDTH="27" VPOS="553" HPOS="806"/>
							<String ID="string_69" HPOS="833" VPOS="563" WIDTH="128" HEIGHT="21" WC="0.96" CONTENT="ansvar"/><SP WIDTH="27" VPOS="563" HPOS="961"/>
							<String ID="string_70" HPOS="988" VPOS="555" WIDTH="107" HEIGHT="40" WC="0.96" CONTENT="enligt"/><SP WIDTH="28" VPOS="555" HPOS="1095"/>
							<String ID="string_71" HPOS="1123" VPOS="557" WIDTH="179" HEIGHT="31" WC="0.96" CONTENT="allmänna"/><SP WIDTH="26" VPOS="557" HPOS="1302"/>
							<String ID="string_72" HPOS="1328" VPOS="559" WIDTH="121" HEIGHT="39" WC="0.95" CONTENT="regler,"/><SP WIDTH="29" VPOS="559" HPOS="1449"/>
							<String ID="string_73" HPOS="1478" VPOS="560" WIDTH="116" HEIGHT="29" WC="0.96" CONTENT="därest"/>
						</TextLine>
						<TextLine ID="line_8" HPOS="91" VPOS="598" WIDTH="1503" HEIGHT="51">
							<String ID="string_74" HPOS="91" VPOS="598" WIDTH="245" HEIGHT="31" WC="0.96" CONTENT="meddelandet"/><SP WIDTH="20" VPOS="598" HPOS="336"/>
							<String ID="string_75" HPOS="356" VPOS="600" WIDTH="76" HEIGHT="30" WC="0.96" CONTENT="icke"/><SP WIDTH="21" VPOS="600" HPOS="432"/>
							<String ID="string_76" HPOS="453" VPOS="600" WIDTH="126" HEIGHT="31" WC="0.96" CONTENT="införts"/><SP WIDTH="22" VPOS="600" HPOS="579"/>
							<String ID="string_77" HPOS="601" VPOS="602" WIDTH="11" HEIGHT="29" WC="0.96" CONTENT="i"/><SP WIDTH="21" VPOS="602" HPOS="612"/>
							<String ID="string_78" HPOS="633" VPOS="602" WIDTH="161" HEIGHT="31" WC="0.93" CONTENT="skriften."/><SP WIDTH="22" VPOS="602" HPOS="794"/>
							<String ID="string_79" HPOS="816" VPOS="604" WIDTH="183" HEIGHT="31" WC="0.92" CONTENT="Likaledes"/><SP WIDTH="23" VPOS="604" HPOS="999"/>
							<String ID="string_80" HPOS="1022" VPOS="608" WIDTH="37" HEIGHT="28" WC="0.96" CONTENT="är"/><SP WIDTH="21" VPOS="608" HPOS="1059"/>
							<String ID="string_81" HPOS="1080" VPOS="607" WIDTH="138" HEIGHT="40" WC="0.93" CONTENT="vanliga"/><SP WIDTH="22" VPOS="607" HPOS="1218"/>
							<String ID="string_82" HPOS="1240" VPOS="609" WIDTH="354" HEIGHT="40" WC="0.91" CONTENT="ansvarighetsregler"/>
						</TextLine>
						<TextLine ID="line_9" HPOS="91" VPOS="649" WIDTH="1502" HEIGHT="49">
							<String ID="string_83" HPOS="91" VPOS="650" WIDTH="50" HEIGHT="28" WC="0.96" CONTENT="att"/><SP WIDTH="20" VPOS="650" HPOS="141"/>
							<String ID="string_84" HPOS="161" VPOS="649" WIDTH="159" HEIGHT="40" WC="0.96" CONTENT="tillämpa"/><SP WIDTH="19" VPOS="649" HPOS="320"/>
							<String ID="string_85" HPOS="339" VPOS="650" WIDTH="57" HEIGHT="31" WC="0.96" CONTENT="vid"/><SP WIDTH="20" VPOS="650" HPOS="396"/>
							<String ID="string_86" HPOS="416" VPOS="651" WIDTH="92" HEIGHT="31" WC="0.96" CONTENT="vissa"/><SP WIDTH="19" VPOS="651" HPOS="508"/>
							<String ID="string_87" HPOS="527" VPOS="653" WIDTH="162" HEIGHT="29" WC="0.96" CONTENT="närmare"/><SP WIDTH="20" VPOS="653" HPOS="689"/>
							<String ID="string_88" HPOS="709" VPOS="654" WIDTH="150" HEIGHT="39" WC="0.96" CONTENT="angivna"/><SP WIDTH="20" VPOS="654" HPOS="859"/>
							<String ID="string_89" HPOS="879" VPOS="655" WIDTH="93" HEIGHT="31" WC="0.96" CONTENT="brott"/><SP WIDTH="19" VPOS="655" HPOS="972"/>
							<String ID="string_90" HPOS="991" VPOS="659" WIDTH="72" HEIGHT="27" WC="0.96" CONTENT="mot"/><SP WIDTH="21" VPOS="659" HPOS="1063"/>
							<String ID="string_91" HPOS="1084" VPOS="659" WIDTH="251" HEIGHT="39" WC="0.96" CONTENT="tystnadsplikt"/><SP WIDTH="21" VPOS="659" HPOS="1335"/>
							<String ID="string_92" HPOS="1356" VPOS="660" WIDTH="64" HEIGHT="30" WC="0.96" CONTENT="och"/><SP WIDTH="20" VPOS="660" HPOS="1420"/>
							<String ID="string_93" HPOS="1440" VPOS="660" WIDTH="57" HEIGHT="31" WC="0.93" CONTENT="vid"/><SP WIDTH="20" VPOS="660" HPOS="1497"/>
							<String ID="string_94" HPOS="1517" VPOS="662" WIDTH="76" HEIGHT="29" WC="0.91" CONTENT="obe-"/>
						</TextLine>
						<TextLine ID="line_10" HPOS="91" VPOS="698" WIDTH="771" HEIGHT="46">
							<String ID="string_95" HPOS="91" VPOS="698" WIDTH="115" HEIGHT="40" WC="0.92" CONTENT="hörigt"/><SP WIDTH="20" VPOS="698" HPOS="206"/>
							<String ID="string_96" HPOS="226" VPOS="701" WIDTH="227" HEIGHT="30" WC="0.96" CONTENT="utlämnande"/><SP WIDTH="21" VPOS="701" HPOS="453"/>
							<String ID="string_97" HPOS="474" VPOS="711" WIDTH="41" HEIGHT="20" WC="0.96" CONTENT="av"/><SP WIDTH="19" VPOS="711" HPOS="515"/>
							<String ID="string_98" HPOS="534" VPOS="702" WIDTH="129" HEIGHT="41" WC="0.96" CONTENT="hemlig"/><SP WIDTH="19" VPOS="702" HPOS="663"/>
							<String ID="string_99" HPOS="682" VPOS="704" WIDTH="180" HEIGHT="40" WC="0.96" CONTENT="handling."/>
						</TextLine>
					</TextBlock>
					<TextBlock ID="block_3" HPOS="89" VPOS="749" WIDTH="1504" HEIGHT="284">
						<TextLine ID="line_11" HPOS="135" VPOS="749" WIDTH="1458" HEIGHT="51">
							<String ID="string_100" HPOS="135" VPOS="749" WIDTH="222" HEIGHT="32" WC="0.91" CONTENT="Meddelaren"/><SP WIDTH="21" VPOS="749" HPOS="357"/>
							<String ID="string_101" HPOS="378" VPOS="751" WIDTH="155" HEIGHT="40" WC="0.93" CONTENT="åtnjuter"/><SP WIDTH="23" VPOS="751" HPOS="533"/>
							<String ID="string_102" HPOS="556" VPOS="754" WIDTH="362" HEIGHT="41" WC="0.91" CONTENT="anonymitetsskydd."/><SP WIDTH="23" VPOS="754" HPOS="918"/>
							<String ID="string_103" HPOS="941" VPOS="757" WIDTH="248" HEIGHT="40" WC="0.92" CONTENT="Boktryckare,"/><SP WIDTH="24" VPOS="757" HPOS="1189"/>
							<String ID="string_104" HPOS="1213" VPOS="759" WIDTH="195" HEIGHT="41" WC="0.95" CONTENT="förläggare"/><SP WIDTH="23" VPOS="759" HPOS="1408"/>
							<String ID="string_105" HPOS="1431" VPOS="761" WIDTH="81" HEIGHT="29" WC="0.92" CONTENT="eller"/><SP WIDTH="23" VPOS="761" HPOS="1512"/>
							<String ID="string_106" HPOS="1535" VPOS="771" WIDTH="58" HEIGHT="21" WC="0.91" CONTENT="an-"/>
						</TextLine>
						<TextLine ID="line_12" HPOS="91" VPOS="801" WIDTH="1501" HEIGHT="50">
							<String ID="string_107" HPOS="91" VPOS="808" WIDTH="79" HEIGHT="26" WC="0.94" CONTENT="nan,"/><SP WIDTH="28" VPOS="808" HPOS="170"/>
							<String ID="string_108" HPOS="198" VPOS="810" WIDTH="75" HEIGHT="20" WC="0.96" CONTENT="som"/><SP WIDTH="26" VPOS="810" HPOS="273"/>
							<String ID="string_109" HPOS="299" VPOS="801" WIDTH="64" HEIGHT="30" WC="0.96" CONTENT="har"/><SP WIDTH="27" VPOS="801" HPOS="363"/>
							<String ID="string_110" HPOS="390" VPOS="803" WIDTH="49" HEIGHT="29" WC="0.96" CONTENT="att"/><SP WIDTH="26" VPOS="803" HPOS="439"/>
							<String ID="string_111" HPOS="465" VPOS="804" WIDTH="80" HEIGHT="38" WC="0.96" CONTENT="taga"/><SP WIDTH="23" VPOS="804" HPOS="545"/>
							<String ID="string_112" HPOS="568" VPOS="804" WIDTH="198" HEIGHT="41" WC="0.96" CONTENT="befattning"/><SP WIDTH="27" VPOS="804" HPOS="766"/>
							<String ID="string_113" HPOS="793" VPOS="807" WIDTH="78" HEIGHT="29" WC="0.93" CONTENT="med"/><SP WIDTH="28" VPOS="807" HPOS="871"/>
							<String ID="string_114" HPOS="899" VPOS="807" WIDTH="123" HEIGHT="31" WC="0.92" CONTENT="skrifts"/><SP WIDTH="28" VPOS="807" HPOS="1022"/>
							<String ID="string_115" HPOS="1050" VPOS="809" WIDTH="187" HEIGHT="40" WC="0.95" CONTENT="tryckning"/><SP WIDTH="26" VPOS="809" HPOS="1237"/>
							<String ID="string_116" HPOS="1263" VPOS="810" WIDTH="82" HEIGHT="31" WC="0.96" CONTENT="eller"/><SP WIDTH="27" VPOS="810" HPOS="1345"/>
							<String ID="string_117" HPOS="1372" VPOS="812" WIDTH="78" HEIGHT="29" WC="0.96" CONTENT="med"/><SP WIDTH="27" VPOS="812" HPOS="1450"/>
							<String ID="string_118" HPOS="1477" VPOS="812" WIDTH="115" HEIGHT="39" WC="0.96" CONTENT="tryckt"/>
						</TextLine>
						<TextLine ID="line_13" HPOS="91" VPOS="850" WIDTH="1502" HEIGHT="52">
							<String ID="string_119" HPOS="91" VPOS="850" WIDTH="123" HEIGHT="31" WC="0.92" CONTENT="skrifts"/><SP WIDTH="21" VPOS="850" HPOS="214"/>
							<String ID="string_120" HPOS="235" VPOS="851" WIDTH="191" HEIGHT="41" WC="0.96" CONTENT="utgivning,"/><SP WIDTH="23" VPOS="851" HPOS="426"/>
							<String ID="string_121" HPOS="449" VPOS="854" WIDTH="79" HEIGHT="39" WC="0.96" CONTENT="äger"/><SP WIDTH="22" VPOS="854" HPOS="528"/>
							<String ID="string_122" HPOS="550" VPOS="854" WIDTH="148" HEIGHT="31" WC="0.96" CONTENT="sålunda"/><SP WIDTH="21" VPOS="854" HPOS="698"/>
							<String ID="string_123" HPOS="719" VPOS="856" WIDTH="76" HEIGHT="30" WC="0.96" CONTENT="icke"/><SP WIDTH="21" VPOS="856" HPOS="795"/>
							<String ID="string_124" HPOS="816" VPOS="857" WIDTH="76" HEIGHT="40" WC="0.96" CONTENT="röja"/><SP WIDTH="22" VPOS="857" HPOS="892"/>
							<String ID="string_125" HPOS="914" VPOS="867" WIDTH="77" HEIGHT="20" WC="0.93" CONTENT="vem"/><SP WIDTH="21" VPOS="867" HPOS="991"/>
							<String ID="string_126" HPOS="1012" VPOS="859" WIDTH="223" HEIGHT="31" WC="0.92" CONTENT="meddelaren"/><SP WIDTH="21" VPOS="859" HPOS="1235"/>
							<String ID="string_127" HPOS="1256" VPOS="862" WIDTH="48" HEIGHT="34" WC="0.96" CONTENT="är,"/><SP WIDTH="23" VPOS="862" HPOS="1304"/>
							<String ID="string_128" HPOS="1327" VPOS="871" WIDTH="56" HEIGHT="20" WC="0.95" CONTENT="om"/><SP WIDTH="20" VPOS="871" HPOS="1383"/>
							<String ID="string_129" HPOS="1403" VPOS="862" WIDTH="76" HEIGHT="30" WC="0.95" CONTENT="icke"/><SP WIDTH="22" VPOS="862" HPOS="1479"/>
							<String ID="string_130" HPOS="1501" VPOS="863" WIDTH="92" HEIGHT="39" WC="0.92" CONTENT="skyl-"/>
						</TextLine>
						<TextLine ID="line_14" HPOS="91" VPOS="900" WIDTH="1500" HEIGHT="52">
							<String ID="string_131" HPOS="91" VPOS="900" WIDTH="117" HEIGHT="39" WC="0.96" CONTENT="dighet"/><SP WIDTH="20" VPOS="900" HPOS="208"/>
							<String ID="string_132" HPOS="228" VPOS="902" WIDTH="119" HEIGHT="30" WC="0.96" CONTENT="därtill"/><SP WIDTH="21" VPOS="902" HPOS="347"/>
							<String ID="string_133" HPOS="368" VPOS="904" WIDTH="38" HEIGHT="29" WC="0.96" CONTENT="är"/><SP WIDTH="21" VPOS="904" HPOS="406"/>
							<String ID="string_134" HPOS="427" VPOS="903" WIDTH="218" HEIGHT="32" WC="0.96" CONTENT="föreskriven"/><SP WIDTH="20" VPOS="903" HPOS="645"/>
							<String ID="string_135" HPOS="665" VPOS="906" WIDTH="12" HEIGHT="29" WC="0.96" CONTENT="i"/><SP WIDTH="21" VPOS="906" HPOS="677"/>
							<String ID="string_136" HPOS="698" VPOS="907" WIDTH="56" HEIGHT="39" WC="0.96" CONTENT="lag"/><SP WIDTH="21" VPOS="907" HPOS="754"/>
							<String ID="string_137" HPOS="775" VPOS="907" WIDTH="81" HEIGHT="31" WC="0.93" CONTENT="eller"/><SP WIDTH="21" VPOS="907" HPOS="856"/>
							<String ID="string_138" HPOS="877" VPOS="908" WIDTH="223" HEIGHT="31" WC="0.92" CONTENT="meddelaren"/><SP WIDTH="22" VPOS="908" HPOS="1100"/>
							<String ID="string_139" HPOS="1122" VPOS="911" WIDTH="198" HEIGHT="39" WC="0.96" CONTENT="samtycker"/><SP WIDTH="20" VPOS="911" HPOS="1320"/>
							<String ID="string_140" HPOS="1340" VPOS="912" WIDTH="53" HEIGHT="29" WC="0.96" CONTENT="till"/><SP WIDTH="21" VPOS="912" HPOS="1393"/>
							<String ID="string_141" HPOS="1414" VPOS="912" WIDTH="177" HEIGHT="40" WC="0.96" CONTENT="åtgärden."/>
						</TextLine>
						<TextLine ID="line_15" HPOS="89" VPOS="950" WIDTH="1503" HEIGHT="51">
							<String ID="string_142" HPOS="89" VPOS="950" WIDTH="65" HEIGHT="30" WC="0.95" CONTENT="Det"/><SP WIDTH="20" VPOS="950" HPOS="154"/>
							<String ID="string_143" HPOS="174" VPOS="953" WIDTH="38" HEIGHT="29" WC="0.96" CONTENT="är"/><SP WIDTH="20" VPOS="953" HPOS="212"/>
							<String ID="string_144" HPOS="232" VPOS="952" WIDTH="77" HEIGHT="30" WC="0.96" CONTENT="icke"/><SP WIDTH="19" VPOS="952" HPOS="309"/>
							<String ID="string_145" HPOS="328" VPOS="953" WIDTH="107" HEIGHT="31" WC="0.96" CONTENT="heller"/><SP WIDTH="21" VPOS="953" HPOS="435"/>
							<String ID="string_146" HPOS="456" VPOS="954" WIDTH="125" HEIGHT="31" WC="0.96" CONTENT="tillåtet"/><SP WIDTH="19" VPOS="954" HPOS="581"/>
							<String ID="string_147" HPOS="600" VPOS="957" WIDTH="51" HEIGHT="29" WC="0.96" CONTENT="att"/><SP WIDTH="19" VPOS="957" HPOS="651"/>
							<String ID="string_148" HPOS="670" VPOS="956" WIDTH="11" HEIGHT="29" WC="0.93" CONTENT="i"/><SP WIDTH="21" VPOS="956" HPOS="681"/>
							<String ID="string_149" HPOS="702" VPOS="958" WIDTH="303" HEIGHT="38" WC="0.91" CONTENT="tryckfrihetsmål"/><SP WIDTH="20" VPOS="958" HPOS="1005"/>
							<String ID="string_150" HPOS="1025" VPOS="962" WIDTH="34" HEIGHT="28" WC="0.96" CONTENT="ta"/><SP WIDTH="20" VPOS="962" HPOS="1059"/>
							<String ID="string_151" HPOS="1079" VPOS="970" WIDTH="70" HEIGHT="30" WC="0.96" CONTENT="upp"/><SP WIDTH="21" VPOS="970" HPOS="1149"/>
							<String ID="string_152" HPOS="1170" VPOS="961" WIDTH="124" HEIGHT="40" WC="0.96" CONTENT="frågan"/><SP WIDTH="21" VPOS="961" HPOS="1294"/>
							<String ID="string_153" HPOS="1315" VPOS="971" WIDTH="76" HEIGHT="21" WC="0.96" CONTENT="vem"/><SP WIDTH="22" VPOS="971" HPOS="1391"/>
							<String ID="string_154" HPOS="1413" VPOS="972" WIDTH="74" HEIGHT="21" WC="0.93" CONTENT="som"/><SP WIDTH="21" VPOS="972" HPOS="1487"/>
							<String ID="string_155" HPOS="1508" VPOS="964" WIDTH="84" HEIGHT="29" WC="0.92" CONTENT="läm-"/>
						</TextLine>
						<TextLine ID="line_16" HPOS="89" VPOS="1003" WIDTH="320" HEIGHT="30">
							<String ID="string_156" HPOS="89" VPOS="1003" WIDTH="61" HEIGHT="28" WC="0.94" CONTENT="nat"/><SP WIDTH="21" VPOS="1003" HPOS="150"/>
							<String ID="string_157" HPOS="171" VPOS="1003" WIDTH="238" HEIGHT="30" WC="0.96" CONTENT="meddelande."/>
						</TextLine>
					</TextBlock>
					<TextBlock ID="block_4" HPOS="83" VPOS="1052" WIDTH="1510" HEIGHT="394">
						<TextLine ID="line_17" HPOS="133" VPOS="1052" WIDTH="1458" HEIGHT="48">
							<String ID="string_158" HPOS="133" VPOS="1052" WIDTH="309" HEIGHT="32" WC="0.91" CONTENT="Ansvarsfriheten"/><SP WIDTH="26" VPOS="1052" HPOS="442"/>
							<String ID="string_159" HPOS="468" VPOS="1055" WIDTH="55" HEIGHT="30" WC="0.93" CONTENT="för"/><SP WIDTH="25" VPOS="1055" HPOS="523"/>
							<String ID="string_160" HPOS="548" VPOS="1057" WIDTH="198" HEIGHT="30" WC="0.92" CONTENT="meddelare"/><SP WIDTH="27" VPOS="1057" HPOS="746"/>
							<String ID="string_161" HPOS="773" VPOS="1059" WIDTH="107" HEIGHT="39" WC="0.96" CONTENT="gäller"/><SP WIDTH="25" VPOS="1059" HPOS="880"/>
							<String ID="string_162" HPOS="905" VPOS="1059" WIDTH="213" HEIGHT="41" WC="0.96" CONTENT="principiellt"/><SP WIDTH="26" VPOS="1059" HPOS="1118"/>
							<String ID="string_163" HPOS="1144" VPOS="1063" WIDTH="87" HEIGHT="29" WC="0.96" CONTENT="även"/><SP WIDTH="27" VPOS="1063" HPOS="1231"/>
							<String ID="string_164" HPOS="1258" VPOS="1063" WIDTH="253" HEIGHT="31" WC="0.96" CONTENT="meddelanden"/><SP WIDTH="27" VPOS="1063" HPOS="1511"/>
							<String ID="string_165" HPOS="1538" VPOS="1064" WIDTH="53" HEIGHT="30" WC="0.96" CONTENT="för"/>
						</TextLine>
						<TextLine ID="line_18" HPOS="89" VPOS="1101" WIDTH="1502" HEIGHT="53">
							<String ID="string_166" HPOS="89" VPOS="1101" WIDTH="317" HEIGHT="41" WC="0.96" CONTENT="offentliggörande"/><SP WIDTH="21" VPOS="1101" HPOS="406"/>
							<String ID="string_167" HPOS="427" VPOS="1104" WIDTH="11" HEIGHT="30" WC="0.96" CONTENT="i"/><SP WIDTH="22" VPOS="1104" HPOS="438"/>
							<String ID="string_168" HPOS="460" VPOS="1105" WIDTH="114" HEIGHT="35" WC="0.96" CONTENT="skrift,"/><SP WIDTH="23" VPOS="1105" HPOS="574"/>
							<String ID="string_169" HPOS="597" VPOS="1116" WIDTH="75" HEIGHT="21" WC="0.93" CONTENT="som"/><SP WIDTH="22" VPOS="1116" HPOS="672"/>
							<String ID="string_170" HPOS="694" VPOS="1109" WIDTH="138" HEIGHT="38" WC="0.91" CONTENT="tryckes"/><SP WIDTH="21" VPOS="1109" HPOS="832"/>
							<String ID="string_171" HPOS="853" VPOS="1111" WIDTH="98" HEIGHT="28" WC="0.96" CONTENT="utom"/><SP WIDTH="21" VPOS="1111" HPOS="951"/>
							<String ID="string_172" HPOS="972" VPOS="1110" WIDTH="101" HEIGHT="30" WC="0.96" CONTENT="riket."/><SP WIDTH="23" VPOS="1110" HPOS="1073"/>
							<String ID="string_173" HPOS="1096" VPOS="1112" WIDTH="350" HEIGHT="41" WC="0.91" CONTENT="Inskränkningarna"/><SP WIDTH="21" VPOS="1112" HPOS="1446"/>
							<String ID="string_174" HPOS="1467" VPOS="1114" WIDTH="10" HEIGHT="29" WC="0.93" CONTENT="i"/><SP WIDTH="21" VPOS="1114" HPOS="1477"/>
							<String ID="string_175" HPOS="1498" VPOS="1115" WIDTH="93" HEIGHT="39" WC="0.92" CONTENT="prin-"/>
						</TextLine>
						<TextLine ID="line_19" HPOS="89" VPOS="1152" WIDTH="1502" HEIGHT="51">
							<String ID="string_176" HPOS="89" VPOS="1152" WIDTH="99" HEIGHT="39" WC="0.91" CONTENT="cipen"/><SP WIDTH="24" VPOS="1152" HPOS="188"/>
							<String ID="string_177" HPOS="212" VPOS="1155" WIDTH="39" HEIGHT="29" WC="0.96" CONTENT="är"/><SP WIDTH="22" VPOS="1155" HPOS="251"/>
							<String ID="string_178" HPOS="273" VPOS="1154" WIDTH="89" HEIGHT="30" WC="0.96" CONTENT="dock"/><SP WIDTH="23" VPOS="1154" HPOS="362"/>
							<String ID="string_179" HPOS="385" VPOS="1155" WIDTH="11" HEIGHT="29" WC="0.96" CONTENT="i"/><SP WIDTH="22" VPOS="1155" HPOS="396"/>
							<String ID="string_180" HPOS="418" VPOS="1156" WIDTH="86" HEIGHT="30" WC="0.96" CONTENT="visst"/><SP WIDTH="22" VPOS="1156" HPOS="504"/>
							<String ID="string_181" HPOS="526" VPOS="1156" WIDTH="199" HEIGHT="32" WC="0.96" CONTENT="hänseende"/><SP WIDTH="23" VPOS="1156" HPOS="725"/>
							<String ID="string_182" HPOS="748" VPOS="1168" WIDTH="97" HEIGHT="22" WC="0.96" CONTENT="mera"/><SP WIDTH="22" VPOS="1168" HPOS="845"/>
							<String ID="string_183" HPOS="867" VPOS="1160" WIDTH="219" HEIGHT="31" WC="0.96" CONTENT="omfattande"/><SP WIDTH="23" VPOS="1160" HPOS="1086"/>
							<String ID="string_184" HPOS="1109" VPOS="1163" WIDTH="45" HEIGHT="28" WC="0.96" CONTENT="än"/><SP WIDTH="24" VPOS="1163" HPOS="1154"/>
							<String ID="string_185" HPOS="1178" VPOS="1162" WIDTH="43" HEIGHT="31" WC="0.96" CONTENT="då"/><SP WIDTH="23" VPOS="1162" HPOS="1221"/>
							<String ID="string_186" HPOS="1244" VPOS="1164" WIDTH="58" HEIGHT="29" WC="0.95" CONTENT="det"/><SP WIDTH="23" VPOS="1164" HPOS="1302"/>
							<String ID="string_187" HPOS="1325" VPOS="1164" WIDTH="105" HEIGHT="39" WC="0.93" CONTENT="gäller"/><SP WIDTH="24" VPOS="1164" HPOS="1430"/>
							<String ID="string_188" HPOS="1454" VPOS="1165" WIDTH="137" HEIGHT="30" WC="0.93" CONTENT="medde-"/>
						</TextLine>
						<TextLine ID="line_20" HPOS="86" VPOS="1203" WIDTH="1507" HEIGHT="48">
							<String ID="string_189" HPOS="86" VPOS="1203" WIDTH="101" HEIGHT="30" WC="0.96" CONTENT="lande"/><SP WIDTH="31" VPOS="1203" HPOS="187"/>
							<String ID="string_190" HPOS="218" VPOS="1204" WIDTH="52" HEIGHT="30" WC="0.96" CONTENT="till"/><SP WIDTH="29" VPOS="1204" HPOS="270"/>
							<String ID="string_191" HPOS="299" VPOS="1205" WIDTH="166" HEIGHT="31" WC="0.96" CONTENT="inländsk"/><SP WIDTH="30" VPOS="1205" HPOS="465"/>
							<String ID="string_192" HPOS="495" VPOS="1207" WIDTH="114" HEIGHT="33" WC="0.94" CONTENT="skrift."/><SP WIDTH="30" VPOS="1207" HPOS="609"/>
							<String ID="string_193" HPOS="639" VPOS="1209" WIDTH="99" HEIGHT="29" WC="0.96" CONTENT="Brott"/><SP WIDTH="30" VPOS="1209" HPOS="738"/>
							<String ID="string_194" HPOS="768" VPOS="1212" WIDTH="72" HEIGHT="27" WC="0.96" CONTENT="mot"/><SP WIDTH="31" VPOS="1212" HPOS="840"/>
							<String ID="string_195" HPOS="871" VPOS="1212" WIDTH="253" HEIGHT="39" WC="0.96" CONTENT="tystnadsplikt"/><SP WIDTH="31" VPOS="1212" HPOS="1124"/>
							<String ID="string_196" HPOS="1155" VPOS="1213" WIDTH="70" HEIGHT="29" WC="0.96" CONTENT="kan"/><SP WIDTH="32" VPOS="1213" HPOS="1225"/>
							<String ID="string_197" HPOS="1257" VPOS="1214" WIDTH="147" HEIGHT="30" WC="0.96" CONTENT="sålunda"/><SP WIDTH="31" VPOS="1214" HPOS="1404"/>
							<String ID="string_198" HPOS="1435" VPOS="1216" WIDTH="158" HEIGHT="29" WC="0.96" CONTENT="medföra"/>
						</TextLine>
						<TextLine ID="line_21" HPOS="84" VPOS="1256" WIDTH="1507" HEIGHT="50">
							<String ID="string_199" HPOS="84" VPOS="1263" WIDTH="127" HEIGHT="21" WC="0.96" CONTENT="ansvar"/><SP WIDTH="21" VPOS="1263" HPOS="211"/>
							<String ID="string_200" HPOS="232" VPOS="1256" WIDTH="108" HEIGHT="39" WC="0.96" CONTENT="enligt"/><SP WIDTH="22" VPOS="1256" HPOS="340"/>
							<String ID="string_201" HPOS="362" VPOS="1257" WIDTH="178" HEIGHT="30" WC="0.95" CONTENT="allmänna"/><SP WIDTH="22" VPOS="1257" HPOS="540"/>
							<String ID="string_202" HPOS="562" VPOS="1259" WIDTH="111" HEIGHT="39" WC="0.96" CONTENT="regler"/><SP WIDTH="22" VPOS="1259" HPOS="673"/>
							<String ID="string_203" HPOS="695" VPOS="1260" WIDTH="76" HEIGHT="30" WC="0.96" CONTENT="icke"/><SP WIDTH="22" VPOS="1260" HPOS="771"/>
							<String ID="string_204" HPOS="793" VPOS="1261" WIDTH="87" HEIGHT="30" WC="0.96" CONTENT="blott"/><SP WIDTH="22" VPOS="1261" HPOS="880"/>
							<String ID="string_205" HPOS="902" VPOS="1261" WIDTH="11" HEIGHT="29" WC="0.96" CONTENT="i"/><SP WIDTH="22" VPOS="1261" HPOS="913"/>
							<String ID="string_206" HPOS="935" VPOS="1262" WIDTH="94" HEIGHT="29" WC="0.96" CONTENT="vissa"/><SP WIDTH="23" VPOS="1262" HPOS="1029"/>
							<String ID="string_207" HPOS="1052" VPOS="1263" WIDTH="173" HEIGHT="30" WC="0.96" CONTENT="särskilda"/><SP WIDTH="24" VPOS="1263" HPOS="1225"/>
							<String ID="string_208" HPOS="1249" VPOS="1264" WIDTH="62" HEIGHT="30" WC="0.96" CONTENT="fall"/><SP WIDTH="23" VPOS="1264" HPOS="1311"/>
							<String ID="string_209" HPOS="1334" VPOS="1267" WIDTH="86" HEIGHT="27" WC="0.95" CONTENT="utan"/><SP WIDTH="23" VPOS="1267" HPOS="1420"/>
							<String ID="string_210" HPOS="1443" VPOS="1266" WIDTH="71" HEIGHT="29" WC="0.95" CONTENT="helt"/><SP WIDTH="24" VPOS="1266" HPOS="1514"/>
							<String ID="string_211" HPOS="1538" VPOS="1275" WIDTH="53" HEIGHT="31" WC="0.92" CONTENT="ge-"/>
						</TextLine>
						<TextLine ID="line_22" HPOS="84" VPOS="1306" WIDTH="1505" HEIGHT="49">
							<String ID="string_212" HPOS="84" VPOS="1306" WIDTH="132" HEIGHT="34" WC="0.90" CONTENT="nerellt,"/><SP WIDTH="25" VPOS="1306" HPOS="216"/>
							<String ID="string_213" HPOS="241" VPOS="1307" WIDTH="38" HEIGHT="29" WC="0.96" CONTENT="så"/><SP WIDTH="22" VPOS="1307" HPOS="279"/>
							<String ID="string_214" HPOS="301" VPOS="1309" WIDTH="98" HEIGHT="27" WC="0.96" CONTENT="snart"/><SP WIDTH="21" VPOS="1309" HPOS="399"/>
							<String ID="string_215" HPOS="420" VPOS="1308" WIDTH="57" HEIGHT="29" WC="0.96" CONTENT="det"/><SP WIDTH="21" VPOS="1308" HPOS="477"/>
							<String ID="string_216" HPOS="498" VPOS="1309" WIDTH="39" HEIGHT="29" WC="0.96" CONTENT="är"/><SP WIDTH="21" VPOS="1309" HPOS="537"/>
							<String ID="string_217" HPOS="558" VPOS="1309" WIDTH="99" HEIGHT="40" WC="0.96" CONTENT="fråga"/><SP WIDTH="23" VPOS="1309" HPOS="657"/>
							<String ID="string_218" HPOS="680" VPOS="1319" WIDTH="58" HEIGHT="20" WC="0.96" CONTENT="om"/><SP WIDTH="22" VPOS="1319" HPOS="738"/>
							<String ID="string_219" HPOS="760" VPOS="1320" WIDTH="43" HEIGHT="20" WC="0.96" CONTENT="en"/><SP WIDTH="22" VPOS="1320" HPOS="803"/>
							<String ID="string_220" HPOS="825" VPOS="1313" WIDTH="254" HEIGHT="40" WC="0.96" CONTENT="tystnadsplikt"/><SP WIDTH="23" VPOS="1313" HPOS="1079"/>
							<String ID="string_221" HPOS="1102" VPOS="1315" WIDTH="148" HEIGHT="38" WC="0.96" CONTENT="angiven"/><SP WIDTH="22" VPOS="1315" HPOS="1250"/>
							<String ID="string_222" HPOS="1272" VPOS="1315" WIDTH="9" HEIGHT="29" WC="0.96" CONTENT="i"/><SP WIDTH="25" VPOS="1315" HPOS="1281"/>
							<String ID="string_223" HPOS="1306" VPOS="1316" WIDTH="63" HEIGHT="39" WC="0.91" CONTENT="lag."/><SP WIDTH="26" VPOS="1316" HPOS="1369"/>
							<String ID="string_224" HPOS="1395" VPOS="1317" WIDTH="194" HEIGHT="30" WC="0.91" CONTENT="Meddelare"/>
						</TextLine>
						<TextLine ID="line_23" HPOS="83" VPOS="1355" WIDTH="1507" HEIGHT="49">
							<String ID="string_225" HPOS="83" VPOS="1355" WIDTH="52" HEIGHT="30" WC="0.90" CONTENT="till"/><SP WIDTH="34" VPOS="1355" HPOS="135"/>
							<String ID="string_226" HPOS="169" VPOS="1357" WIDTH="169" HEIGHT="30" WC="0.96" CONTENT="utländsk"/><SP WIDTH="33" VPOS="1357" HPOS="338"/>
							<String ID="string_227" HPOS="371" VPOS="1358" WIDTH="104" HEIGHT="30" WC="0.96" CONTENT="skrift"/><SP WIDTH="33" VPOS="1358" HPOS="475"/>
							<String ID="string_228" HPOS="508" VPOS="1359" WIDTH="157" HEIGHT="40" WC="0.96" CONTENT="åtnjuter"/><SP WIDTH="34" VPOS="1359" HPOS="665"/>
							<String ID="string_229" HPOS="699" VPOS="1370" WIDTH="136" HEIGHT="21" WC="0.93" CONTENT="samma"/><SP WIDTH="32" VPOS="1370" HPOS="835"/>
							<String ID="string_230" HPOS="867" VPOS="1364" WIDTH="364" HEIGHT="40" WC="0.89" CONTENT="anonymitetsskydd,"/><SP WIDTH="37" VPOS="1364" HPOS="1231"/>
							<String ID="string_231" HPOS="1268" VPOS="1375" WIDTH="74" HEIGHT="20" WC="0.96" CONTENT="som"/><SP WIDTH="34" VPOS="1375" HPOS="1342"/>
							<String ID="string_232" HPOS="1376" VPOS="1367" WIDTH="214" HEIGHT="30" WC="0.92" CONTENT="tillkommer"/>
						</TextLine>
						<TextLine ID="line_24" HPOS="84" VPOS="1407" WIDTH="718" HEIGHT="39">
							<String ID="string_233" HPOS="84" VPOS="1407" WIDTH="316" HEIGHT="39" WC="0.94" CONTENT="uppgiftslämnare"/><SP WIDTH="23" VPOS="1407" HPOS="400"/>
							<String ID="string_234" HPOS="423" VPOS="1409" WIDTH="52" HEIGHT="29" WC="0.94" CONTENT="till"/><SP WIDTH="22" VPOS="1409" HPOS="475"/>
							<String ID="string_235" HPOS="497" VPOS="1409" WIDTH="166" HEIGHT="31" WC="0.96" CONTENT="inländsk"/><SP WIDTH="23" VPOS="1409" HPOS="663"/>
							<String ID="string_236" HPOS="686" VPOS="1411" WIDTH="116" HEIGHT="30" WC="0.96" CONTENT="skrift."/>
						</TextLine>
					</TextBlock>
					<TextBlock ID="block_5" HPOS="87" VPOS="1457" WIDTH="1502" HEIGHT="146">
						<TextLine ID="line_25" HPOS="132" VPOS="1457" WIDTH="1456" HEIGHT="50">
							<String ID="string_237" HPOS="132" VPOS="1457" WIDTH="168" HEIGHT="40" WC="0.95" CONTENT="Slutligen"/><SP WIDTH="27" VPOS="1457" HPOS="300"/>
							<String ID="string_238" HPOS="327" VPOS="1459" WIDTH="57" HEIGHT="29" WC="0.95" CONTENT="må"/><SP WIDTH="26" VPOS="1459" HPOS="384"/>
							<String ID="string_239" HPOS="410" VPOS="1460" WIDTH="157" HEIGHT="34" WC="0.96" CONTENT="nämnas,"/><SP WIDTH="27" VPOS="1460" HPOS="567"/>
							<String ID="string_240" HPOS="594" VPOS="1462" WIDTH="51" HEIGHT="28" WC="0.96" CONTENT="att"/><SP WIDTH="25" VPOS="1462" HPOS="645"/>
							<String ID="string_241" HPOS="670" VPOS="1461" WIDTH="186" HEIGHT="41" WC="0.96" CONTENT="utlänning"/><SP WIDTH="26" VPOS="1461" HPOS="856"/>
							<String ID="string_242" HPOS="882" VPOS="1464" WIDTH="38" HEIGHT="29" WC="0.96" CONTENT="är"/><SP WIDTH="25" VPOS="1464" HPOS="920"/>
							<String ID="string_243" HPOS="945" VPOS="1463" WIDTH="11" HEIGHT="29" WC="0.93" CONTENT="i"/><SP WIDTH="26" VPOS="1463" HPOS="956"/>
							<String ID="string_244" HPOS="982" VPOS="1465" WIDTH="384" HEIGHT="42" WC="0.91" CONTENT="tryckfrihetsrättsligt"/><SP WIDTH="24" VPOS="1465" HPOS="1366"/>
							<String ID="string_245" HPOS="1390" VPOS="1468" WIDTH="198" HEIGHT="31" WC="0.96" CONTENT="hänseende"/>
						</TextLine>
						<TextLine ID="line_26" HPOS="87" VPOS="1507" WIDTH="1502" HEIGHT="50">
							<String ID="string_246" HPOS="87" VPOS="1507" WIDTH="156" HEIGHT="31" WC="0.65" CONTENT="likställd"/><SP WIDTH="23" VPOS="1507" HPOS="243"/>
							<String ID="string_247" HPOS="266" VPOS="1509" WIDTH="79" HEIGHT="29" WC="0.96" CONTENT="med"/><SP WIDTH="24" VPOS="1509" HPOS="345"/>
							<String ID="string_248" HPOS="369" VPOS="1510" WIDTH="127" HEIGHT="29" WC="0.96" CONTENT="svensk"/><SP WIDTH="22" VPOS="1510" HPOS="496"/>
							<String ID="string_249" HPOS="518" VPOS="1511" WIDTH="237" HEIGHT="39" WC="0.96" CONTENT="medborgare,"/><SP WIDTH="25" VPOS="1511" HPOS="755"/>
							<String ID="string_250" HPOS="780" VPOS="1512" WIDTH="104" HEIGHT="30" WC="0.96" CONTENT="såvitt"/><SP WIDTH="23" VPOS="1512" HPOS="884"/>
							<String ID="string_251" HPOS="907" VPOS="1514" WIDTH="31" HEIGHT="39" WC="0.96" CONTENT="ej"/><SP WIDTH="27" VPOS="1514" HPOS="938"/>
							<String ID="string_252" HPOS="965" VPOS="1517" WIDTH="108" HEIGHT="28" WC="0.96" CONTENT="annat"/><SP WIDTH="24" VPOS="1517" HPOS="1073"/>
							<String ID="string_253" HPOS="1097" VPOS="1515" WIDTH="104" HEIGHT="40" WC="0.96" CONTENT="följer"/><SP WIDTH="23" VPOS="1515" HPOS="1201"/>
							<String ID="string_254" HPOS="1224" VPOS="1526" WIDTH="41" HEIGHT="20" WC="0.93" CONTENT="av"/><SP WIDTH="24" VPOS="1526" HPOS="1265"/>
							<String ID="string_255" HPOS="1289" VPOS="1518" WIDTH="300" HEIGHT="39" WC="0.90" CONTENT="tryckfrihetsför-"/>
						</TextLine>
						<TextLine ID="line_27" HPOS="87" VPOS="1558" WIDTH="858" HEIGHT="45">
							<String ID="string_256" HPOS="87" VPOS="1558" WIDTH="192" HEIGHT="39" WC="0.96" CONTENT="ordningen"/><SP WIDTH="23" VPOS="1558" HPOS="279"/>
							<String ID="string_257" HPOS="302" VPOS="1559" WIDTH="83" HEIGHT="30" WC="0.96" CONTENT="eller"/><SP WIDTH="21" VPOS="1559" HPOS="385"/>
							<String ID="string_258" HPOS="406" VPOS="1569" WIDTH="116" HEIGHT="21" WC="0.96" CONTENT="annan"/><SP WIDTH="22" VPOS="1569" HPOS="522"/>
							<String ID="string_259" HPOS="544" VPOS="1561" WIDTH="55" HEIGHT="40" WC="0.96" CONTENT="lag"/><SP WIDTH="21" VPOS="1561" HPOS="599"/>
							<String ID="string_260" HPOS="620" VPOS="1562" WIDTH="82" HEIGHT="30" WC="0.96" CONTENT="eller"/><SP WIDTH="22" VPOS="1562" HPOS="702"/>
							<String ID="string_261" HPOS="724" VPOS="1562" WIDTH="221" HEIGHT="41" WC="0.96" CONTENT="författning."/>
						</TextLine>
					</TextBlock>
				</ComposedBlock>
				<ComposedBlock ID="cblock_2" HPOS="692" VPOS="1689" WIDTH="288" HEIGHT="37">
					<TextBlock ID="block_6" HPOS="692" VPOS="1689" WIDTH="288" HEIGHT="37">
						<TextLine ID="line_28" HPOS="692" VPOS="1689" WIDTH="288" HEIGHT="37">
							<String ID="string_262" HPOS="692" VPOS="1689" WIDTH="48" HEIGHT="29" WC="0.96" CONTENT="De"/><SP WIDTH="21" VPOS="1689" HPOS="740"/>
							<String ID="string_263" HPOS="761" VPOS="1690" WIDTH="219" HEIGHT="36" WC="0.96" CONTENT="sakkunniga"/>
						</TextLine>
					</TextBlock>
				</ComposedBlock>
				<ComposedBlock ID="cblock_3" HPOS="81" VPOS="1769" WIDTH="1506" HEIGHT="749">
					<TextBlock ID="block_7" HPOS="81" VPOS="1769" WIDTH="1506" HEIGHT="349">
						<TextLine ID="line_29" HPOS="130" VPOS="1769" WIDTH="1457" HEIGHT="49">
							<String ID="string_264" HPOS="130" VPOS="1770" WIDTH="13" HEIGHT="29" WC="0.95" CONTENT="I"/><SP WIDTH="18" VPOS="1770" HPOS="143"/>
							<String ID="string_265" HPOS="161" VPOS="1769" WIDTH="238" HEIGHT="30" WC="0.93" CONTENT="betänkandet"/><SP WIDTH="18" VPOS="1769" HPOS="399"/>
							<String ID="string_266" HPOS="417" VPOS="1770" WIDTH="134" HEIGHT="31" WC="0.91" CONTENT="erinras"/><SP WIDTH="20" VPOS="1770" HPOS="551"/>
							<String ID="string_267" HPOS="571" VPOS="1780" WIDTH="56" HEIGHT="21" WC="0.96" CONTENT="om"/><SP WIDTH="20" VPOS="1780" HPOS="627"/>
							<String ID="string_268" HPOS="647" VPOS="1774" WIDTH="50" HEIGHT="28" WC="0.96" CONTENT="att"/><SP WIDTH="19" VPOS="1774" HPOS="697"/>
							<String ID="string_269" HPOS="716" VPOS="1782" WIDTH="82" HEIGHT="21" WC="0.96" CONTENT="man"/><SP WIDTH="19" VPOS="1782" HPOS="798"/>
							<String ID="string_270" HPOS="817" VPOS="1773" WIDTH="56" HEIGHT="30" WC="0.93" CONTENT="vid"/><SP WIDTH="21" VPOS="1773" HPOS="873"/>
							<String ID="string_271" HPOS="894" VPOS="1775" WIDTH="502" HEIGHT="43" WC="0.90" CONTENT="tryckfrihetsförordningens"/><SP WIDTH="20" VPOS="1775" HPOS="1396"/>
							<String ID="string_272" HPOS="1416" VPOS="1779" WIDTH="171" HEIGHT="31" WC="0.96" CONTENT="tillkomst"/>
						</TextLine>
						<TextLine ID="line_30" HPOS="87" VPOS="1818" WIDTH="1500" HEIGHT="48">
							<String ID="string_273" HPOS="87" VPOS="1818" WIDTH="74" HEIGHT="30" WC="0.96" CONTENT="icke"/><SP WIDTH="29" VPOS="1818" HPOS="161"/>
							<String ID="string_274" HPOS="190" VPOS="1821" WIDTH="97" HEIGHT="28" WC="0.96" CONTENT="torde"/><SP WIDTH="28" VPOS="1821" HPOS="287"/>
							<String ID="string_275" HPOS="315" VPOS="1820" WIDTH="46" HEIGHT="30" WC="0.96" CONTENT="ha"/><SP WIDTH="28" VPOS="1820" HPOS="361"/>
							<String ID="string_276" HPOS="389" VPOS="1823" WIDTH="113" HEIGHT="27" WC="0.96" CONTENT="ansett"/><SP WIDTH="28" VPOS="1823" HPOS="502"/>
							<String ID="string_277" HPOS="530" VPOS="1821" WIDTH="105" HEIGHT="40" WC="0.96" CONTENT="något"/><SP WIDTH="28" VPOS="1821" HPOS="635"/>
							<String ID="string_278" HPOS="663" VPOS="1823" WIDTH="148" HEIGHT="30" WC="0.96" CONTENT="aktuellt"/><SP WIDTH="27" VPOS="1823" HPOS="811"/>
							<String ID="string_279" HPOS="838" VPOS="1824" WIDTH="112" HEIGHT="30" WC="0.96" CONTENT="behov"/><SP WIDTH="29" VPOS="1824" HPOS="950"/>
							<String ID="string_280" HPOS="979" VPOS="1826" WIDTH="167" HEIGHT="40" WC="0.96" CONTENT="föreligga"/><SP WIDTH="29" VPOS="1826" HPOS="1146"/>
							<String ID="string_281" HPOS="1175" VPOS="1837" WIDTH="41" HEIGHT="20" WC="0.97" CONTENT="av"/><SP WIDTH="28" VPOS="1837" HPOS="1216"/>
							<String ID="string_282" HPOS="1244" VPOS="1828" WIDTH="263" HEIGHT="32" WC="0.96" CONTENT="bestämmelser"/><SP WIDTH="28" VPOS="1828" HPOS="1507"/>
							<String ID="string_283" HPOS="1535" VPOS="1831" WIDTH="52" HEIGHT="29" WC="0.96" CONTENT="till"/>
						</TextLine>
						<TextLine ID="line_31" HPOS="86" VPOS="1868" WIDTH="1501" HEIGHT="49">
							<String ID="string_284" HPOS="86" VPOS="1868" WIDTH="111" HEIGHT="39" WC="0.96" CONTENT="skydd"/><SP WIDTH="27" VPOS="1868" HPOS="197"/>
							<String ID="string_285" HPOS="224" VPOS="1870" WIDTH="54" HEIGHT="29" WC="0.96" CONTENT="för"/><SP WIDTH="26" VPOS="1870" HPOS="278"/>
							<String ID="string_286" HPOS="304" VPOS="1870" WIDTH="67" HEIGHT="29" WC="0.96" CONTENT="den"/><SP WIDTH="26" VPOS="1870" HPOS="371"/>
							<String ID="string_287" HPOS="397" VPOS="1880" WIDTH="74" HEIGHT="20" WC="0.96" CONTENT="som"/><SP WIDTH="26" VPOS="1880" HPOS="471"/>
							<String ID="string_288" HPOS="497" VPOS="1871" WIDTH="161" HEIGHT="31" WC="0.96" CONTENT="lämnade"/><SP WIDTH="25" VPOS="1871" HPOS="658"/>
							<String ID="string_289" HPOS="683" VPOS="1874" WIDTH="254" HEIGHT="30" WC="0.96" CONTENT="meddelanden"/><SP WIDTH="26" VPOS="1874" HPOS="937"/>
							<String ID="string_290" HPOS="963" VPOS="1875" WIDTH="51" HEIGHT="29" WC="0.96" CONTENT="till"/><SP WIDTH="27" VPOS="1875" HPOS="1014"/>
							<String ID="string_291" HPOS="1041" VPOS="1885" WIDTH="41" HEIGHT="20" WC="0.96" CONTENT="en"/><SP WIDTH="28" VPOS="1885" HPOS="1082"/>
							<String ID="string_292" HPOS="1110" VPOS="1878" WIDTH="222" HEIGHT="39" WC="0.94" CONTENT="nyhetsbyrå."/><SP WIDTH="26" VPOS="1878" HPOS="1332"/>
							<String ID="string_293" HPOS="1358" VPOS="1880" WIDTH="49" HEIGHT="28" WC="0.93" CONTENT="De"/><SP WIDTH="26" VPOS="1880" HPOS="1407"/>
							<String ID="string_294" HPOS="1433" VPOS="1881" WIDTH="154" HEIGHT="28" WC="0.89" CONTENT="sakkun-"/>
						</TextLine>
						<TextLine ID="line_32" HPOS="81" VPOS="1919" WIDTH="1505" HEIGHT="50">
							<String ID="string_295" HPOS="81" VPOS="1919" WIDTH="80" HEIGHT="38" WC="0.92" CONTENT="niga"/><SP WIDTH="25" VPOS="1919" HPOS="161"/>
							<String ID="string_296" HPOS="186" VPOS="1919" WIDTH="206" HEIGHT="30" WC="0.96" CONTENT="framhåller"/><SP WIDTH="25" VPOS="1919" HPOS="392"/>
							<String ID="string_297" HPOS="417" VPOS="1922" WIDTH="202" HEIGHT="34" WC="0.95" CONTENT="emellertid,"/><SP WIDTH="27" VPOS="1922" HPOS="619"/>
							<String ID="string_298" HPOS="646" VPOS="1925" WIDTH="50" HEIGHT="27" WC="0.96" CONTENT="att"/><SP WIDTH="26" VPOS="1925" HPOS="696"/>
							<String ID="string_299" HPOS="722" VPOS="1924" WIDTH="124" HEIGHT="39" WC="0.96" CONTENT="frågan"/><SP WIDTH="27" VPOS="1924" HPOS="846"/>
							<String ID="string_300" HPOS="873" VPOS="1926" WIDTH="196" HEIGHT="29" WC="0.96" CONTENT="sedermera"/><SP WIDTH="27" VPOS="1926" HPOS="1069"/>
							<String ID="string_301" HPOS="1096" VPOS="1927" WIDTH="148" HEIGHT="29" WC="0.96" CONTENT="kommit"/><SP WIDTH="27" VPOS="1927" HPOS="1244"/>
							<String ID="string_302" HPOS="1271" VPOS="1928" WIDTH="9" HEIGHT="28" WC="0.96" CONTENT="i"/><SP WIDTH="27" VPOS="1928" HPOS="1280"/>
							<String ID="string_303" HPOS="1307" VPOS="1931" WIDTH="48" HEIGHT="27" WC="0.96" CONTENT="ett"/><SP WIDTH="25" VPOS="1931" HPOS="1355"/>
							<String ID="string_304" HPOS="1380" VPOS="1932" WIDTH="107" HEIGHT="27" WC="0.96" CONTENT="annat"/><SP WIDTH="28" VPOS="1932" HPOS="1487"/>
							<String ID="string_305" HPOS="1515" VPOS="1931" WIDTH="71" HEIGHT="38" WC="0.96" CONTENT="läge"/>
						</TextLine>
						<TextLine ID="line_33" HPOS="86" VPOS="1971" WIDTH="1500" HEIGHT="48">
							<String ID="string_306" HPOS="86" VPOS="1977" WIDTH="122" HEIGHT="30" WC="0.42" CONTENT="genom"/><SP WIDTH="20" VPOS="1977" HPOS="208"/>
							<String ID="string_307" HPOS="228" VPOS="1972" WIDTH="49" HEIGHT="28" WC="0.96" CONTENT="att"/><SP WIDTH="21" VPOS="1972" HPOS="277"/>
							<String ID="string_308" HPOS="298" VPOS="1971" WIDTH="65" HEIGHT="29" WC="0.96" CONTENT="den"/><SP WIDTH="21" VPOS="1971" HPOS="363"/>
							<String ID="string_309" HPOS="384" VPOS="1971" WIDTH="130" HEIGHT="39" WC="0.96" CONTENT="dragits"/><SP WIDTH="21" VPOS="1971" HPOS="514"/>
							<String ID="string_310" HPOS="535" VPOS="1972" WIDTH="91" HEIGHT="30" WC="0.96" CONTENT="fram"/><SP WIDTH="20" VPOS="1972" HPOS="626"/>
							<String ID="string_311" HPOS="646" VPOS="1973" WIDTH="10" HEIGHT="29" WC="0.96" CONTENT="i"/><SP WIDTH="20" VPOS="1973" HPOS="656"/>
							<String ID="string_312" HPOS="676" VPOS="1974" WIDTH="66" HEIGHT="29" WC="0.95" CONTENT="den"/><SP WIDTH="21" VPOS="1974" HPOS="742"/>
							<String ID="string_313" HPOS="763" VPOS="1974" WIDTH="183" HEIGHT="40" WC="0.95" CONTENT="offentliga"/><SP WIDTH="20" VPOS="1974" HPOS="946"/>
							<String ID="string_314" HPOS="966" VPOS="1975" WIDTH="247" HEIGHT="32" WC="0.96" CONTENT="diskussionen"/><SP WIDTH="22" VPOS="1975" HPOS="1213"/>
							<String ID="string_315" HPOS="1235" VPOS="1979" WIDTH="63" HEIGHT="29" WC="0.93" CONTENT="och"/><SP WIDTH="22" VPOS="1979" HPOS="1298"/>
							<String ID="string_316" HPOS="1320" VPOS="1981" WIDTH="266" HEIGHT="38" WC="0.91" CONTENT="uppmärksam-"/>
						</TextLine>
						<TextLine ID="line_34" HPOS="86" VPOS="2019" WIDTH="1500" HEIGHT="50">
							<String ID="string_317" HPOS="86" VPOS="2019" WIDTH="101" HEIGHT="30" WC="0.96" CONTENT="heten"/><SP WIDTH="20" VPOS="2019" HPOS="187"/>
							<String ID="string_318" HPOS="207" VPOS="2021" WIDTH="155" HEIGHT="38" WC="0.96" CONTENT="speciellt"/><SP WIDTH="19" VPOS="2021" HPOS="362"/>
							<String ID="string_319" HPOS="381" VPOS="2022" WIDTH="124" HEIGHT="30" WC="0.96" CONTENT="riktats"/><SP WIDTH="20" VPOS="2022" HPOS="505"/>
							<String ID="string_320" HPOS="525" VPOS="2022" WIDTH="44" HEIGHT="40" WC="0.95" CONTENT="på"/><SP WIDTH="19" VPOS="2022" HPOS="569"/>
							<String ID="string_321" HPOS="588" VPOS="2023" WIDTH="308" HEIGHT="32" WC="0.96" CONTENT="konsekvenserna"/><SP WIDTH="18" VPOS="2023" HPOS="896"/>
							<String ID="string_322" HPOS="914" VPOS="2035" WIDTH="42" HEIGHT="21" WC="0.96" CONTENT="av"/><SP WIDTH="18" VPOS="2035" HPOS="956"/>
							<String ID="string_323" HPOS="974" VPOS="2028" WIDTH="50" HEIGHT="28" WC="0.93" CONTENT="att"/><SP WIDTH="19" VPOS="2028" HPOS="1024"/>
							<String ID="string_324" HPOS="1043" VPOS="2027" WIDTH="300" HEIGHT="40" WC="0.91" CONTENT="nyhetsbyråerna"/><SP WIDTH="18" VPOS="2027" HPOS="1343"/>
							<String ID="string_325" HPOS="1361" VPOS="2030" WIDTH="30" HEIGHT="39" WC="0.96" CONTENT="ej"/><SP WIDTH="22" VPOS="2030" HPOS="1391"/>
							<String ID="string_326" HPOS="1413" VPOS="2031" WIDTH="64" HEIGHT="29" WC="0.93" CONTENT="har"/><SP WIDTH="20" VPOS="2031" HPOS="1477"/>
							<String ID="string_327" HPOS="1497" VPOS="2041" WIDTH="89" HEIGHT="20" WC="0.92" CONTENT="sam-"/>
						</TextLine>
						<TextLine ID="line_35" HPOS="85" VPOS="2071" WIDTH="1459" HEIGHT="47">
							<String ID="string_328" HPOS="85" VPOS="2078" WIDTH="55" HEIGHT="22" WC="0.96" CONTENT="ma"/><SP WIDTH="23" VPOS="2078" HPOS="140"/>
							<String ID="string_329" HPOS="163" VPOS="2071" WIDTH="165" HEIGHT="39" WC="0.96" CONTENT="ställning"/><SP WIDTH="23" VPOS="2071" HPOS="328"/>
							<String ID="string_330" HPOS="351" VPOS="2072" WIDTH="9" HEIGHT="28" WC="0.93" CONTENT="i"/><SP WIDTH="23" VPOS="2072" HPOS="360"/>
							<String ID="string_331" HPOS="383" VPOS="2072" WIDTH="382" HEIGHT="41" WC="0.90" CONTENT="tryckfrihetsrättsligt"/><SP WIDTH="23" VPOS="2072" HPOS="765"/>
							<String ID="string_332" HPOS="788" VPOS="2075" WIDTH="198" HEIGHT="30" WC="0.96" CONTENT="hänseende"/><SP WIDTH="23" VPOS="2075" HPOS="986"/>
							<String ID="string_333" HPOS="1009" VPOS="2086" WIDTH="73" HEIGHT="20" WC="0.92" CONTENT="som"/><SP WIDTH="25" VPOS="2086" HPOS="1082"/>
							<String ID="string_334" HPOS="1107" VPOS="2078" WIDTH="437" HEIGHT="40" WC="0.92" CONTENT="tidningsredaktionerna."/>
						</TextLine>
					</TextBlock>
					<TextBlock ID="block_8" HPOS="84" VPOS="2121" WIDTH="1502" HEIGHT="397">
						<TextLine ID="line_36" HPOS="129" VPOS="2121" WIDTH="1457" HEIGHT="51">
							<String ID="string_335" HPOS="129" VPOS="2121" WIDTH="48" HEIGHT="29" WC="0.96" CONTENT="De"/><SP WIDTH="22" VPOS="2121" HPOS="177"/>
							<String ID="string_336" HPOS="199" VPOS="2122" WIDTH="220" HEIGHT="38" WC="0.95" CONTENT="sakkunniga"/><SP WIDTH="22" VPOS="2122" HPOS="419"/>
							<String ID="string_337" HPOS="441" VPOS="2123" WIDTH="63" HEIGHT="29" WC="0.95" CONTENT="har"/><SP WIDTH="20" VPOS="2123" HPOS="504"/>
							<String ID="string_338" HPOS="524" VPOS="2123" WIDTH="118" HEIGHT="30" WC="0.96" CONTENT="funnit"/><SP WIDTH="21" VPOS="2123" HPOS="642"/>
							<String ID="string_339" HPOS="663" VPOS="2126" WIDTH="50" HEIGHT="28" WC="0.96" CONTENT="att"/><SP WIDTH="20" VPOS="2126" HPOS="713"/>
							<String ID="string_340" HPOS="733" VPOS="2125" WIDTH="93" HEIGHT="31" WC="0.96" CONTENT="vissa"/><SP WIDTH="21" VPOS="2125" HPOS="826"/>
							<String ID="string_341" HPOS="847" VPOS="2126" WIDTH="214" HEIGHT="40" WC="0.96" CONTENT="svårigheter"/><SP WIDTH="20" VPOS="2126" HPOS="1061"/>
							<String ID="string_342" HPOS="1081" VPOS="2129" WIDTH="222" HEIGHT="38" WC="0.96" CONTENT="uppkommit"/><SP WIDTH="20" VPOS="2129" HPOS="1303"/>
							<String ID="string_343" HPOS="1323" VPOS="2131" WIDTH="108" HEIGHT="29" WC="0.96" CONTENT="härav"/><SP WIDTH="21" VPOS="2131" HPOS="1431"/>
							<String ID="string_344" HPOS="1452" VPOS="2132" WIDTH="53" HEIGHT="30" WC="0.96" CONTENT="för"/><SP WIDTH="21" VPOS="2132" HPOS="1505"/>
							<String ID="string_345" HPOS="1526" VPOS="2142" WIDTH="60" HEIGHT="30" WC="0.90" CONTENT="ny-"/>
						</TextLine>
						<TextLine ID="line_37" HPOS="84" VPOS="2170" WIDTH="1502" HEIGHT="46">
							<String ID="string_346" HPOS="84" VPOS="2170" WIDTH="260" HEIGHT="39" WC="0.88" CONTENT="hetsbyråerna."/><SP WIDTH="25" VPOS="2170" HPOS="344"/>
							<String ID="string_347" HPOS="369" VPOS="2172" WIDTH="92" HEIGHT="30" WC="0.92" CONTENT="Även"/><SP WIDTH="23" VPOS="2172" HPOS="461"/>
							<String ID="string_348" HPOS="484" VPOS="2181" WIDTH="56" HEIGHT="21" WC="0.96" CONTENT="om"/><SP WIDTH="22" VPOS="2181" HPOS="540"/>
							<String ID="string_349" HPOS="562" VPOS="2174" WIDTH="101" HEIGHT="30" WC="0.96" CONTENT="dessa"/><SP WIDTH="23" VPOS="2174" HPOS="663"/>
							<String ID="string_350" HPOS="686" VPOS="2174" WIDTH="214" HEIGHT="40" WC="0.96" CONTENT="svårigheter"/><SP WIDTH="21" VPOS="2174" HPOS="900"/>
							<String ID="string_351" HPOS="921" VPOS="2177" WIDTH="31" HEIGHT="39" WC="0.96" CONTENT="ej"/><SP WIDTH="25" VPOS="2177" HPOS="952"/>
							<String ID="string_352" HPOS="977" VPOS="2177" WIDTH="70" HEIGHT="29" WC="0.96" CONTENT="kan"/><SP WIDTH="23" VPOS="2177" HPOS="1047"/>
							<String ID="string_353" HPOS="1070" VPOS="2179" WIDTH="161" HEIGHT="29" WC="0.96" CONTENT="närmare"/><SP WIDTH="24" VPOS="2179" HPOS="1231"/>
							<String ID="string_354" HPOS="1255" VPOS="2180" WIDTH="269" HEIGHT="36" WC="0.96" CONTENT="konkretiseras,"/><SP WIDTH="24" VPOS="2180" HPOS="1524"/>
							<String ID="string_355" HPOS="1548" VPOS="2184" WIDTH="38" HEIGHT="28" WC="0.96" CONTENT="är"/>
						</TextLine>
						<TextLine ID="line_38" HPOS="85" VPOS="2220" WIDTH="1501" HEIGHT="50">
							<String ID="string_356" HPOS="85" VPOS="2220" WIDTH="87" HEIGHT="29" WC="0.96" CONTENT="dock"/><SP WIDTH="29" VPOS="2220" HPOS="172"/>
							<String ID="string_357" HPOS="201" VPOS="2221" WIDTH="236" HEIGHT="30" WC="0.96" CONTENT="förhållandet"/><SP WIDTH="26" VPOS="2221" HPOS="437"/>
							<String ID="string_358" HPOS="463" VPOS="2223" WIDTH="107" HEIGHT="38" WC="0.96" CONTENT="enligt"/><SP WIDTH="27" VPOS="2223" HPOS="570"/>
							<String ID="string_359" HPOS="597" VPOS="2225" WIDTH="40" HEIGHT="28" WC="0.93" CONTENT="de"/><SP WIDTH="28" VPOS="2225" HPOS="637"/>
							<String ID="string_360" HPOS="665" VPOS="2225" WIDTH="241" HEIGHT="39" WC="0.91" CONTENT="sakkunnigas"/><SP WIDTH="29" VPOS="2225" HPOS="906"/>
							<String ID="string_361" HPOS="935" VPOS="2227" WIDTH="141" HEIGHT="40" WC="0.96" CONTENT="mening"/><SP WIDTH="26" VPOS="2227" HPOS="1076"/>
							<String ID="string_362" HPOS="1102" VPOS="2230" WIDTH="274" HEIGHT="39" WC="0.95" CONTENT="uppenbarligen"/><SP WIDTH="29" VPOS="2230" HPOS="1376"/>
							<String ID="string_363" HPOS="1405" VPOS="2233" WIDTH="104" HEIGHT="37" WC="0.95" CONTENT="ägnat"/><SP WIDTH="27" VPOS="2233" HPOS="1509"/>
							<String ID="string_364" HPOS="1536" VPOS="2234" WIDTH="50" HEIGHT="28" WC="0.96" CONTENT="att"/>
						</TextLine>
						<TextLine ID="line_39" HPOS="84" VPOS="2270" WIDTH="1501" HEIGHT="42">
							<String ID="string_365" HPOS="84" VPOS="2270" WIDTH="241" HEIGHT="39" WC="0.95" CONTENT="psykologiskt"/><SP WIDTH="20" VPOS="2270" HPOS="325"/>
							<String ID="string_366" HPOS="345" VPOS="2273" WIDTH="66" HEIGHT="27" WC="0.96" CONTENT="sett"/><SP WIDTH="20" VPOS="2273" HPOS="411"/>
							<String ID="string_367" HPOS="431" VPOS="2273" WIDTH="108" HEIGHT="38" WC="0.95" CONTENT="skapa"/><SP WIDTH="20" VPOS="2273" HPOS="539"/>
							<String ID="string_368" HPOS="559" VPOS="2283" WIDTH="42" HEIGHT="19" WC="0.96" CONTENT="en"/><SP WIDTH="19" VPOS="2283" HPOS="601"/>
							<String ID="string_369" HPOS="620" VPOS="2274" WIDTH="217" HEIGHT="38" WC="0.95" CONTENT="benägenhet"/><SP WIDTH="20" VPOS="2274" HPOS="837"/>
							<String ID="string_370" HPOS="857" VPOS="2276" WIDTH="62" HEIGHT="29" WC="0.93" CONTENT="hos"/><SP WIDTH="21" VPOS="2276" HPOS="919"/>
							<String ID="string_371" HPOS="940" VPOS="2277" WIDTH="197" HEIGHT="30" WC="0.91" CONTENT="meddelare"/><SP WIDTH="21" VPOS="2277" HPOS="1137"/>
							<String ID="string_372" HPOS="1158" VPOS="2280" WIDTH="49" HEIGHT="27" WC="0.96" CONTENT="att"/><SP WIDTH="20" VPOS="2280" HPOS="1207"/>
							<String ID="string_373" HPOS="1227" VPOS="2289" WIDTH="81" HEIGHT="20" WC="0.96" CONTENT="vara"/><SP WIDTH="22" VPOS="2289" HPOS="1308"/>
							<String ID="string_374" HPOS="1330" VPOS="2290" WIDTH="93" HEIGHT="20" WC="0.91" CONTENT="mera"/><SP WIDTH="21" VPOS="2290" HPOS="1423"/>
							<String ID="string_375" HPOS="1444" VPOS="2282" WIDTH="141" HEIGHT="29" WC="0.91" CONTENT="restrik-"/>
						</TextLine>
						<TextLine ID="line_40" HPOS="87" VPOS="2320" WIDTH="1497" HEIGHT="48">
							<String ID="string_376" HPOS="87" VPOS="2320" WIDTH="67" HEIGHT="30" WC="0.96" CONTENT="tiva"/><SP WIDTH="26" VPOS="2320" HPOS="154"/>
							<String ID="string_377" HPOS="180" VPOS="2323" WIDTH="62" HEIGHT="27" WC="0.96" CONTENT="när"/><SP WIDTH="27" VPOS="2323" HPOS="242"/>
							<String ID="string_378" HPOS="269" VPOS="2322" WIDTH="56" HEIGHT="28" WC="0.96" CONTENT="det"/><SP WIDTH="27" VPOS="2322" HPOS="325"/>
							<String ID="string_379" HPOS="352" VPOS="2322" WIDTH="105" HEIGHT="37" WC="0.96" CONTENT="gäller"/><SP WIDTH="27" VPOS="2322" HPOS="457"/>
							<String ID="string_380" HPOS="484" VPOS="2323" WIDTH="177" HEIGHT="39" WC="0.96" CONTENT="uppgifter"/><SP WIDTH="28" VPOS="2323" HPOS="661"/>
							<String ID="string_381" HPOS="689" VPOS="2324" WIDTH="51" HEIGHT="29" WC="0.93" CONTENT="till"/><SP WIDTH="27" VPOS="2324" HPOS="740"/>
							<String ID="string_382" HPOS="767" VPOS="2326" WIDTH="252" HEIGHT="38" WC="0.92" CONTENT="nyhetsbyråer"/><SP WIDTH="26" VPOS="2326" HPOS="1019"/>
							<String ID="string_383" HPOS="1045" VPOS="2328" WIDTH="43" HEIGHT="29" WC="0.95" CONTENT="än"/><SP WIDTH="29" VPOS="2328" HPOS="1088"/>
							<String ID="string_384" HPOS="1117" VPOS="2328" WIDTH="49" HEIGHT="29" WC="0.93" CONTENT="till"/><SP WIDTH="29" VPOS="2328" HPOS="1166"/>
							<String ID="string_385" HPOS="1195" VPOS="2329" WIDTH="389" HEIGHT="39" WC="0.91" CONTENT="tidningsredaktioner."/>
						</TextLine>
						<TextLine ID="line_41" HPOS="85" VPOS="2370" WIDTH="1496" HEIGHT="51">
							<String ID="string_386" HPOS="85" VPOS="2370" WIDTH="45" HEIGHT="29" WC="0.95" CONTENT="Ur"/><SP WIDTH="25" VPOS="2370" HPOS="130"/>
							<String ID="string_387" HPOS="155" VPOS="2371" WIDTH="128" HEIGHT="30" WC="0.95" CONTENT="allmän"/><SP WIDTH="28" VPOS="2371" HPOS="283"/>
							<String ID="string_388" HPOS="311" VPOS="2373" WIDTH="178" HEIGHT="37" WC="0.96" CONTENT="synpunkt"/><SP WIDTH="26" VPOS="2373" HPOS="489"/>
							<String ID="string_389" HPOS="515" VPOS="2375" WIDTH="37" HEIGHT="27" WC="0.96" CONTENT="är"/><SP WIDTH="25" VPOS="2375" HPOS="552"/>
							<String ID="string_390" HPOS="577" VPOS="2374" WIDTH="56" HEIGHT="29" WC="0.96" CONTENT="det"/><SP WIDTH="26" VPOS="2374" HPOS="633"/>
							<String ID="string_391" HPOS="659" VPOS="2376" WIDTH="47" HEIGHT="27" WC="0.96" CONTENT="ett"/><SP WIDTH="24" VPOS="2376" HPOS="706"/>
							<String ID="string_392" HPOS="730" VPOS="2375" WIDTH="260" HEIGHT="39" WC="0.96" CONTENT="betydelsefullt"/><SP WIDTH="25" VPOS="2375" HPOS="990"/>
							<String ID="string_393" HPOS="1015" VPOS="2377" WIDTH="146" HEIGHT="30" WC="0.96" CONTENT="intresse"/><SP WIDTH="25" VPOS="2377" HPOS="1161"/>
							<String ID="string_394" HPOS="1186" VPOS="2381" WIDTH="50" HEIGHT="27" WC="0.96" CONTENT="att"/><SP WIDTH="26" VPOS="2381" HPOS="1236"/>
							<String ID="string_395" HPOS="1262" VPOS="2380" WIDTH="264" HEIGHT="40" WC="0.96" CONTENT="lagstiftningen"/><SP WIDTH="25" VPOS="2380" HPOS="1526"/>
							<String ID="string_396" HPOS="1551" VPOS="2383" WIDTH="30" HEIGHT="38" WC="0.95" CONTENT="ej"/>
						</TextLine>
						<TextLine ID="line_42" HPOS="85" VPOS="2421" WIDTH="1500" HEIGHT="42">
							<String ID="string_397" HPOS="85" VPOS="2421" WIDTH="114" HEIGHT="37" WC="0.94" CONTENT="lägger"/><SP WIDTH="22" VPOS="2421" HPOS="199"/>
							<String ID="string_398" HPOS="221" VPOS="2422" WIDTH="124" HEIGHT="30" WC="0.96" CONTENT="hinder"/><SP WIDTH="25" VPOS="2422" HPOS="345"/>
							<String ID="string_399" HPOS="370" VPOS="2422" WIDTH="8" HEIGHT="29" WC="0.95" CONTENT="i"/><SP WIDTH="24" VPOS="2422" HPOS="378"/>
							<String ID="string_400" HPOS="402" VPOS="2424" WIDTH="107" HEIGHT="38" WC="0.96" CONTENT="vägen"/><SP WIDTH="24" VPOS="2424" HPOS="509"/>
							<String ID="string_401" HPOS="533" VPOS="2423" WIDTH="54" HEIGHT="30" WC="0.96" CONTENT="för"/><SP WIDTH="22" VPOS="2423" HPOS="587"/>
							<String ID="string_402" HPOS="609" VPOS="2424" WIDTH="66" HEIGHT="30" WC="0.96" CONTENT="den"/><SP WIDTH="23" VPOS="2424" HPOS="675"/>
							<String ID="string_403" HPOS="698" VPOS="2425" WIDTH="223" HEIGHT="30" WC="0.95" CONTENT="verksamhet"/><SP WIDTH="23" VPOS="2425" HPOS="921"/>
							<String ID="string_404" HPOS="944" VPOS="2435" WIDTH="74" HEIGHT="21" WC="0.96" CONTENT="som"/><SP WIDTH="25" VPOS="2435" HPOS="1018"/>
							<String ID="string_405" HPOS="1043" VPOS="2429" WIDTH="122" HEIGHT="29" WC="0.96" CONTENT="utövas"/><SP WIDTH="23" VPOS="2429" HPOS="1165"/>
							<String ID="string_406" HPOS="1188" VPOS="2439" WIDTH="41" HEIGHT="20" WC="0.96" CONTENT="av"/><SP WIDTH="23" VPOS="2439" HPOS="1229"/>
							<String ID="string_407" HPOS="1252" VPOS="2431" WIDTH="57" HEIGHT="28" WC="0.96" CONTENT="TT"/><SP WIDTH="23" VPOS="2431" HPOS="1309"/>
							<String ID="string_408" HPOS="1332" VPOS="2432" WIDTH="62" HEIGHT="28" WC="0.96" CONTENT="och"/><SP WIDTH="26" VPOS="2432" HPOS="1394"/>
							<String ID="string_409" HPOS="1420" VPOS="2432" WIDTH="165" HEIGHT="31" WC="0.96" CONTENT="liknande"/>
						</TextLine>
						<TextLine ID="line_43" HPOS="85" VPOS="2472" WIDTH="1499" HEIGHT="46">
							<String ID="string_410" HPOS="85" VPOS="2472" WIDTH="260" HEIGHT="38" WC="0.84" CONTENT="nyhetsbyråer."/><SP WIDTH="23" VPOS="2472" HPOS="345"/>
							<String ID="string_411" HPOS="368" VPOS="2474" WIDTH="47" HEIGHT="28" WC="0.96" CONTENT="De"/><SP WIDTH="22" VPOS="2474" HPOS="415"/>
							<String ID="string_412" HPOS="437" VPOS="2474" WIDTH="221" HEIGHT="39" WC="0.94" CONTENT="sakkunniga"/><SP WIDTH="21" VPOS="2474" HPOS="658"/>
							<String ID="string_413" HPOS="679" VPOS="2485" WIDTH="102" HEIGHT="20" WC="0.96" CONTENT="anser"/><SP WIDTH="22" VPOS="2485" HPOS="781"/>
							<String ID="string_414" HPOS="803" VPOS="2477" WIDTH="55" HEIGHT="29" WC="0.96" CONTENT="det"/><SP WIDTH="22" VPOS="2477" HPOS="858"/>
							<String ID="string_415" HPOS="880" VPOS="2477" WIDTH="105" HEIGHT="29" WC="0.96" CONTENT="också"/><SP WIDTH="21" VPOS="2477" HPOS="985"/>
							<String ID="string_416" HPOS="1006" VPOS="2478" WIDTH="211" HEIGHT="40" WC="0.92" CONTENT="principiellt"/><SP WIDTH="22" VPOS="2478" HPOS="1217"/>
							<String ID="string_417" HPOS="1239" VPOS="2481" WIDTH="345" HEIGHT="33" WC="0.92" CONTENT="otillfredsställande"/>
						</TextLine>
					</TextBlock>
				</ComposedBlock>
			</PrintSpace>
		</Page>
	</Layout>
</alto>
