1874 2782
446 165 284 31 Statsutskottets
753 161 183 31 memorial
957 170 42 20 nr
1023 160 61 29 158
1106 159 38 30 år
1169 158 83 30 1956
1587 153 15 30 1

768 476 59 40 Nr
855 475 73 41 158

317 581 286 32 Statsutskottets
619 578 184 32 memorial
818 577 179 40 angående
1015 575 160 40 uppskov
1190 574 80 29 med
1287 570 255 39 behandlingen
1559 577 42 21 av

540 631 91 30 vissa
657 629 51 31 till
732 629 170 30 utskottet
923 626 191 31 hänvisade
1136 624 165 31 ärenden.

1329 689 101 33 (1—35
1459 688 93 33 avd.)

142 808 98 29 Efter
267 804 261 38 framställning
557 812 42 20 av
628 801 170 29 utskottet
826 798 63 29 har
920 794 389 32 talmanskonferensen
1340 791 57 30 vid
1426 798 175 22 samman-

97 860 98 29 träde
221 858 67 30 den
316 857 39 29 18
382 855 70 39 maj
483 854 83 30 1956
592 851 106 40 enligt
724 849 171 31 utskottet
922 846 331 31 tillhandakommet
1279 840 322 43 protokollsutdrag

98 909 135 33 uttalat,
255 909 51 28 att
326 904 389 33 talmanskonferensen
736 901 76 30 icke
832 899 89 29 hade
942 898 105 39 något
1068 898 51 28 att
1142 895 116 30 erinra
1276 895 73 28 mot
1369 892 160 40 uppskov
1549 890 52 30 till

98 958 235 31 innevarande
357 957 56 30 års
440 954 216 32 höstsession
679 952 78 30 med
781 949 259 39 behandlingen
1064 956 41 21 av
1130 947 41 30 de
1194 946 63 29 här
1284 944 115 30 nedan
1424 943 178 40 upptagna

98 1011 185 30 ärendena.

143 1111 116 30 Under
280 1108 220 40 åberopande
522 1107 107 29 härav
650 1105 55 29 får
727 1104 171 29 utskottet
919 1100 196 33 hemställa,

456 1160 50 28 att
523 1157 186 38 riksdagen
727 1154 57 30 må
800 1153 138 30 besluta
954 1153 50 29 att
1021 1150 51 30 till
1089 1147 263 32 höstsessionen
1368 1146 77 30 med
1463 1145 140 29 inneva-

412 1209 107 29 rande
538 1208 56 29 års
613 1206 142 39 riksdag
775 1203 196 41 uppskjuta
988 1199 258 40 behandlingen
1268 1207 41 21 av
1329 1196 157 41 följande
1506 1197 98 28 ären-

412 1261 77 33 den,
505 1258 177 39 nämligen

458 1311 37 29 A.
521 1310 40 29 de
586 1309 58 30 vid
671 1307 83 30 1955
780 1307 56 29 års
862 1304 144 39 riksdag
1030 1303 126 30 väckta
1182 1301 220 30 motionerna
1428 1299 29 29 1:
1473 1297 63 30 340
1562 1305 40 21 av

411 1362 81 28 herr
515 1359 129 31 Osvald
666 1359 90 30 samt
777 1358 46 29 II:
840 1356 63 30 312
926 1364 43 21 av
988 1355 58 29 fru
1068 1352 206 31 Sandström
1294 1350 65 30 och
1379 1350 81 28 herr
1482 1349 121 29 Svens-

413 1421 64 20 son
495 1411 11 29 i
525 1408 205 41 Ljungskile
750 1417 58 20 om
829 1407 135 29 ändrad
985 1403 239 40 organisation
1244 1411 42 20 av
1306 1398 298 33 naturhistoriska

413 1460 220 34 riksmuseet,

457 1513 36 29 B.
518 1510 157 40 följande
696 1509 57 30 vid
778 1508 83 30 1956
883 1507 57 30 års
962 1505 142 39 riksdag
1128 1503 125 31 väckta
1275 1502 182 32 motioner,
1481 1499 123 31 nämli-

414 1571 66 32 gen

461 1613 33 33 1)
525 1611 218 31 motionerna
763 1612 29 28 I:
811 1610 36 29 11
868 1618 43 20 av
927 1608 81 29 herr
1028 1607 143 29 Gunnar
1189 1606 87 38 Berg
1295 1613 45 20 m.
1360 1603 37 29 fl.
1416 1602 65 30 och
1502 1602 45 29 II:
1566 1601 37 29 17

414 1674 43 21 av
475 1664 80 29 herr
576 1663 201 29 Andersson
797 1661 11 29 i
829 1658 167 40 Ronneby
1018 1667 44 20 m.
1084 1657 37 30 fl.
1143 1665 57 22 om
1220 1653 231 32 användande
1471 1662 42 20 av
1534 1661 71 20 ma-

415 1716 118 29 rinens
556 1722 86 31 egna
664 1721 85 21 varv
771 1711 57 30 vid
853 1709 189 31 utförande
1067 1717 42 20 av
1132 1706 188 41 planerade
1344 1704 181 40 nybyggen
1551 1703 54 29 för

415 1766 178 29 marinens
612 1763 160 39 räkning,

460 1816 35 33 2)
526 1814 219 30 motionerna
764 1814 29 29 I:
812 1812 37 29 17
871 1820 42 20 av
932 1811 80 28 herr
1032 1809 119 39 Birger
1171 1807 202 30 Andersson
1393 1806 90 29 samt
1503 1804 45 30 II:
1565 1804 40 29 20

415 1875 43 21 av
476 1866 121 29 herrar
615 1863 139 31 Severin
772 1863 10 29 i
803 1861 202 31 Stockholm
1025 1859 66 30 och
1111 1858 208 30 Sundström
1337 1865 58 21 om
1413 1855 193 38 ersättning

416 1917 53 29 till
485 1916 93 30 vissa
595 1915 206 38 markägare
820 1912 54 30 för
894 1911 109 29 skada
1021 1909 66 30 och
1104 1908 140 39 intrång
1264 1915 125 32 genom
1408 1904 198 39 avsättning

417 1967 115 30 såsom
550 1964 202 31 fornminne
770 1972 42 21 av
830 1964 48 28 ett
898 1961 141 30 område
1057 1960 57 30 vid
1132 1957 244 32 Böckersboda
1392 1958 11 29 i
1413 1955 194 41 -Lyrestads

413 2018 138 32 socken,

462 2068 35 33 3)
527 2066 220 31 motionerna
765 2066 28 29 I:
810 2064 41 30 20
870 2073 42 20 av
927 2063 81 29 herr
1025 2062 106 39 Grym
1149 2070 44 20 m.
1212 2060 37 29 fl.
1267 2059 65 30 och
1349 2059 45 29 II:
1413 2057 39 30 18
1469 2066 42 21 av
1527 2057 80 29 herr

413 2119 152 29 Jansson
598 2117 10 29 i
641 2116 102 30 Kalix
774 2124 45 20 m.
845 2114 36 29 fl.
904 2112 179 40 angående
1105 2110 188 39 utredning
1313 2118 59 21 om
1393 2107 215 40 anläggande

419 2178 42 21 av
484 2169 48 29 ett
556 2166 234 41 plåtvalsverk
817 2165 57 28 vid
900 2163 229 30 Norrbottens
1153 2160 168 40 järnverk
1345 2160 11 28 i
1380 2158 117 34 Luleå,

463 2218 35 33 4)
529 2217 218 30 motionerna
766 2217 28 28 I:
811 2214 41 30 49
870 2224 42 19 av
928 2214 81 28 herr
1026 2212 205 30 Hesselbom
1249 2220 43 20 m.
1312 2210 37 29 fl.
1367 2209 64 30 och
1451 2209 44 29 II:
1509 2208 41 30 66
1568 2217 41 20 av

419 2269 80 29 herr
522 2267 195 39 Lundqvist
740 2275 44 20 m.
808 2265 37 29 fl.
870 2273 57 20 om
950 2272 42 21 en
1016 2261 183 31 rättvisare
1222 2260 177 41 placering
1424 2259 10 29 i
1457 2259 152 39 dyrorts-

420 2318 197 30 hänseende
635 2326 41 20 av
693 2316 92 30 vissa
802 2316 221 30 kommuner,

465 2368 35 33 5)
531 2367 220 30 motionerna
772 2365 86 30 1:59
881 2373 42 20 av
944 2363 80 29 herr
1046 2361 159 31 Eliasson
1229 2370 44 21 in.
1297 2360 36 30 fl.
1356 2360 64 29 och
1442 2360 45 28 II:
1504 2359 40 29 85
1570 2367 41 20 av

420 2419 80 29 herr
516 2419 151 29 Jansson
686 2417 9 28 i
714 2415 182 41 Aspeboda
916 2423 44 20 m.
979 2414 35 29 fl.
1032 2422 57 20 om
1108 2412 154 30 ändrade
1278 2409 263 31 bestämmelser
1559 2409 52 29 rö-

422 2469 107 30 rande
548 2467 200 39 besiktning
767 2475 42 21 av
830 2465 120 30 hästar
971 2464 54 29 för
1045 2462 260 40 krigsmaktens
1325 2461 121 33 behov,

139 2540 14 26 1
195 2539 111 30 Bihang
319 2537 46 25 till
376 2536 170 31 riksdagens
556 2534 148 32 protokoll
716 2533 76 25 1956.
812 2533 16 24 6
838 2532 85 25 saml.
943 2531 39 25 Nr
991 2531 48 25 158
