1880 2782
246 171 19 30 2
557 175 119 31 Andra
695 176 246 40 lagutskottets
960 179 179 31 utlåtande
1158 190 42 20 nr
1218 181 42 30 57
1278 182 40 29 år
1338 183 83 30 1963

291 252 14 29 I
320 253 217 31 motionerna
552 256 31 28 I:
600 255 58 30 761
676 256 65 30 och
756 257 49 29 II:
819 258 64 29 923
897 258 64 30 har
975 259 132 39 yrkats,
1124 262 50 28 att
1189 261 187 41 riksdagen
1393 263 78 30 med
1487 265 118 39 avslag
1620 265 20 30 å
1655 275 77 30 pro-

245 305 198 39 positionen
457 307 107 30 måtte
578 310 127 38 antaga
719 309 158 40 följande

919 470 137 43 Förslag

961 542 53 30 till

934 625 98 48 Lag

241 703 170 41 angående
434 712 245 33 procentsatsen
702 706 55 32 för
780 715 95 35 uttag
897 720 42 21 av
961 710 104 41 avgift
1088 712 104 30 under
1207 712 81 31 åren
1304 713 211 32 1965—1969
1531 716 49 30 till
1596 715 132 33 försäk-

752 762 117 41 ringen
883 761 53 32 för
950 764 269 41 tilläggspension

285 854 210 40 Härigenom
517 857 194 35 förordnas,
733 862 52 27 att
806 860 67 30 den
893 861 11 28 i
929 861 38 30 19
988 862 80 39 kap.
1091 863 17 29 5
1133 863 15 37 8
1172 864 101 39 lagen
1295 874 58 20 om
1374 866 130 30 allmän
1526 867 201 41 försäkring

239 907 233 32 omförmälda
492 913 264 36 procentsatsen
777 913 55 29 för
852 916 96 38 uttag
968 924 43 20 av
1031 916 108 39 avgift
1160 917 51 29 till
1233 917 245 41 försäkringen
1500 920 55 30 för
1575 921 152 40 tilläggs-

239 961 148 38 pension
401 962 87 30 skall
504 963 54 29 för
571 966 126 28 ettvart
710 975 43 20 av
765 966 83 30 åren
866 967 214 31 1965—1969
1094 970 122 39 utgöra
1231 971 68 39 sju.

283 1058 13 29 I
311 1059 218 32 motionerna
542 1062 31 28 I:
590 1062 61 29 762
664 1063 66 29 och
743 1064 49 29 II:
807 1065 60 29 921
884 1065 63 30 har
960 1066 131 39 yrkats,

284 1112 45 29 »I.
354 1115 50 27 att
418 1113 187 40 riksdagen
620 1115 57 30 vid
693 1116 257 41 behandlingen
966 1129 42 19 av
1023 1121 262 38 propositionen
1300 1132 42 19 nr
1361 1122 59 30 123
1437 1124 107 30 måtte

280 1164 136 32 besluta
440 1168 50 28 att
514 1168 153 39 avgiften
692 1169 52 30 till
770 1170 244 41 försäkringen
1038 1173 55 29 för
1116 1174 296 39 tilläggspension,
1438 1177 126 30 räknat
1588 1178 45 39 på
1657 1179 67 29 den

235 1218 374 40 pensionsgrundande
625 1222 212 35 inkomsten,
856 1224 56 30 må
928 1225 82 40 utgå
1029 1226 78 29 med
1126 1226 49 34 7,5
1193 1230 144 36 procent
1355 1229 54 29 för
1428 1230 82 29 1965
1528 1231 65 29 och
1610 1231 19 30 8
1646 1241 78 30 pro-

234 1273 81 27 cent
334 1271 54 30 för
410 1273 97 35 1966;
529 1277 90 27 samt

280 1325 97 29 avslå
390 1326 125 40 Kungl.
530 1328 123 39 Maj:ts
667 1329 133 40 förslag
813 1330 220 32 beträffande
1048 1333 263 40 avgiftsuttaget
1329 1335 230 37 1967—1969;
1576 1340 91 27 samt

279 1379 52 28 att
347 1379 256 31 vederbörande
619 1382 136 30 utskott
772 1383 107 30 måtte
896 1385 158 30 utarbeta
1072 1386 130 40 förslag
1219 1387 51 29 till
1288 1388 107 40 enligt
1412 1398 88 21 ovan
1517 1390 206 41 erforderlig

233 1430 145 39 lagtext;

278 1484 42 29 II.
345 1486 50 28 att
412 1486 187 40 riksdagen
616 1488 11 29 i
646 1488 167 32 skrivelse
831 1490 50 30 till
901 1491 125 40 Kungl.
1045 1493 105 40 Maj:t
1168 1494 108 31 måtte
1295 1496 140 30 anhålla
1453 1506 57 21 om
1529 1498 192 39 skyndsam

232 1537 189 41 utredning
437 1539 178 39 angående
631 1542 289 40 ATP-systemets
938 1545 171 30 inverkan
1126 1547 44 39 på
1188 1548 245 39 näringslivets
1452 1551 200 40 utveckling
1669 1554 51 28 att

232 1589 91 40 ligga
338 1591 52 29 till
405 1593 112 38 grund
532 1593 57 29 vid
605 1594 244 32 fastställande
865 1606 42 21 av
920 1598 263 41 avgiftsuttaget
1199 1601 55 29 för
1269 1602 95 29 tiden
1380 1602 42 30 fr.
1438 1612 30 20 o.
1484 1613 46 20 m.
1548 1604 113 30 1967.>

274 1687 14 29 I
308 1688 217 32 motionerna
544 1691 31 29 I:
591 1691 62 30 763
671 1693 66 29 och
754 1693 49 30 II:
817 1695 64 29 922
899 1695 65 30 har
981 1696 132 39 yrkats,
1134 1699 71 28 »att
1223 1698 188 41 riksdagen
1432 1701 79 29 med
1529 1702 190 40 anledning

230 1750 43 20 av
287 1741 125 40 Kungl.
428 1743 123 40 Maj:ts
566 1746 218 38 proposition
798 1757 43 19 nr
859 1748 58 29 123
934 1749 108 30 måtte

273 1795 37 33 a)
341 1795 54 29 för
416 1796 54 29 sin
491 1797 53 30 del
566 1798 135 31 besluta
723 1801 51 28 att
795 1801 263 41 avgiftsuttaget
1078 1804 52 29 till
1152 1804 246 41 försäkringen
1420 1807 55 29 för
1497 1808 130 30 allmän
1649 1810 68 29 till-

228 1847 246 40 läggspension
490 1859 48 20 nu
555 1851 189 31 fastställes
762 1853 55 30 för
833 1854 83 30 åren
935 1855 81 30 1965
1035 1857 65 29 och
1120 1857 81 30 1966
1218 1859 65 29 och
1299 1859 53 29 till
1370 1860 40 29 de
1427 1860 11 29 i
1453 1858 262 47 propositionen

228 1900 199 41 föreslagna
441 1906 306 36 procentsatserna
762 1906 56 30 för
834 1907 100 30 dessa
950 1908 48 35 år,
1017 1909 50 34 7,5
1084 1919 89 30 resp.
1190 1911 19 29 8
1226 1914 144 36 procent
1386 1922 43 20 av
1443 1915 273 39 pensionsgrun-

226 1953 115 31 dande
361 1955 170 36 inkomst;

270 2007 39 34 b)
339 2008 9 29 i
370 2009 165 31 skrivelse
555 2011 52 29 till
628 2012 125 40 Kungl.
775 2014 106 40 Maj:t
901 2016 140 30 anhålla
1062 2019 51 28 att
1132 2028 43 20 en
1195 2019 248 41 klarläggande
1465 2023 250 30 samhällseko-

225 2060 142 30 nomisk
388 2063 121 39 analys
532 2073 43 20 av
595 2066 356 40 pensionssparandet
974 2070 144 34 utföres,
1141 2072 120 30 varvid
1285 2073 142 31 särskilt
1449 2075 264 31 AP-fondernas

225 2114 133 29 verkan
375 2115 44 39 på
435 2115 57 30 det
509 2117 108 30 totala
635 2120 207 37 sparandels
860 2122 213 40 omfattning
1090 2125 63 29 och
1172 2125 155 31 ändrade
1346 2127 160 30 struktur
1524 2126 190 47 uppmärk-

227 2175 164 27 sammas,
407 2171 91 27 samt
512 2172 50 27 att
583 2170 4 29 i
602 2171 170 31 samband
787 2173 145 31 härmed
946 2184 44 21 en
1003 2176 147 40 översyn
1166 2177 172 41 företages
1354 2189 42 20 av
1410 2180 40 30 de
1466 2181 50 30 till
1532 2183 181 38 pensions-

226 2222 166 37 systemet
416 2222 136 31 knutna
576 2224 158 39 reglerna
758 2226 57 29 för
839 2227 273 41 fondkapitalets
1137 2230 178 41 placering
1339 2234 65 28 och
1428 2234 284 31 administration

224 2274 80 28 med
333 2275 262 40 utgångspunkt
624 2277 79 30 från
731 2281 50 27 ett
810 2280 210 41 ovillkorligt
1048 2282 195 32 beaktande
1272 2295 43 20 av
1342 2286 287 40 ATP-systemets
1659 2290 53 29 sä-

223 2325 156 32 kerhet>.

265 2433 227 32 Beträffande
514 2436 41 29 de
578 2436 75 30 skäl
675 2438 261 32 motionärerna
957 2441 119 30 anfört
1098 2443 51 29 till
1173 2444 77 29 stöd
1273 2444 56 30 för
1351 2445 77 31 sina
1448 2447 183 39 yrkanden
1654 2448 55 30 får

222 2486 171 30 utskottet
405 2488 146 31 hänvisa
564 2490 52 29 till
629 2491 221 31 motionerna
863 2493 46 30 II:
924 2493 74 35 923,
1013 2494 29 30 I:
1060 2495 60 30 762
1134 2497 64 29 och
1212 2497 30 29 I:
1260 2497 72 30 763.
