2322 2781
765 171 83 40 Lug-
860 172 161 34 Utskottets
1052 174 169 34 Utlåtande
1244 178 63 31 N:o
1333 182 26 28 1.

978 457 78 41 N:o
1086 458 33 40 1.

785 645 74 27 Ank.
885 646 45 27 till
955 647 99 30 Riksd.
1080 649 95 28 kansli
1198 650 55 28 den
1278 654 36 25 31
1341 653 65 27 Jan.
1435 654 88 36 1873,
1547 655 38 28 kl.
1614 659 36 25 12
1675 658 87 28 midd.

455 782 198 51 Utlåtande,
694 787 18 34 i
748 787 192 52 anledning
980 793 44 48 af
1058 793 129 37 Andra
1223 795 238 39 Kammarens
1496 799 123 38 remiss
1655 804 47 49 af
1724 807 128 35 motion

649 839 182 48 angdende
859 843 155 49 ändring
1041 845 17 35 i
1078 845 166 47 gällande
1265 849 292 51 fattigvårdslag.

351 940 124 36 Andra
517 942 215 38 Kammaren
760 946 63 35 har
850 947 52 35 till
931 948 290 48 Lag-Utskottets
1248 952 213 51 behandling
1489 957 227 38 öfverlemnat
1743 973 43 24 en
1814 963 39 35 af

247 990 92 36 Herr
366 990 30 36 I.
424 992 136 52 Asklöf
583 996 105 35 väckt
718 998 128 35 motion
874 1000 80 45 (N:o
985 1003 72 46 32),
1087 1002 181 48 åsyftande
1296 1007 148 48 ändring
1472 1009 11 35 i
1510 1022 48 23 nu
1591 1011 163 46 gällande
1782 1014 66 36 fat-

246 1043 380 51 tigvårdsförordnings
656 1048 256 39 bestämmelser
940 1065 55 23 om
1022 1054 231 38 hemortsrätt.

348 1096 104 36 Detta
478 1097 132 49 förslag
637 1100 71 35 kan
736 1101 76 36 ieke
840 1102 163 38 hänföras
1031 1106 52 35 till
1112 1107 129 36 allmän
1269 1109 106 48 civil-,
1404 1111 181 37 kriminal-
1614 1115 84 36 eller
1717 1118 130 47 kyrko-

243 1147 68 47 lag.
365 1148 69 36 Det
474 1150 100 36 faller
610 1152 132 36 således
769 1158 96 32 utom
892 1157 155 36 området
1073 1158 52 35 för
1152 1159 290 48 Lag-Utskottets
1470 1165 11 35 i
1511 1168 44 34 53
1586 1167 19 46 8
1633 1166 213 52 Regerings-

245 1198 134 37 formen
420 1201 64 35 och
526 1205 46 33 42
616 1204 18 46 8
676 1204 393 53 Riksdags-ordningen
1097 1212 184 37 utstakade
1309 1215 231 37 verksamhet.
1596 1218 116 38 Också
1739 1222 107 36 hafva

243 1252 156 35 enskilde
427 1254 231 37 motionärers
689 1257 58 35 vid
779 1261 108 43 1868,
922 1263 91 34 1869
1044 1263 64 35 och
1140 1266 94 34 1872
1264 1265 102 37 årens
1394 1268 184 48 riksdagar
1596 1271 123 47 gjorda
1737 1274 107 36 fram-

242 1303 208 49 ställningar
491 1308 148 35 rörande
680 1309 474 52 fattigvårdslagstiftningen
1195 1316 112 36 blifvit
1348 1319 216 38 behandlade
1592 1323 38 35 af
1654 1324 192 50 Tillfälliga

245 1355 150 37 Utskott.
450 1356 64 37 Att
554 1359 155 37 deremot
750 1361 127 49 Kongl.
918 1365 118 48 Maj:ts
1063 1366 53 36 till
1162 1370 91 34 1871
1285 1370 56 35 års
1370 1370 158 50 Riksdag
1555 1374 134 47 afgifna
1716 1378 129 47 nådiga

240 1409 217 46 proposition
497 1412 77 34 med
616 1412 131 48 förslag
775 1415 51 34 till
853 1416 203 49 förordning
1084 1420 180 46 angående
1292 1421 234 49 fattigvården
1554 1426 207 40 hänvisades
1789 1431 55 35 till

240 1459 65 35 och
343 1460 236 39 behandlades
619 1465 38 35 af
693 1465 277 48 Lag-Utskottet
1009 1483 63 22 var
1112 1483 42 23 en
1195 1472 82 48 följd
1320 1475 38 35 af
1382 1476 56 35 det
1465 1477 11 35 i
1506 1480 44 34 89
1582 1479 18 46 8
1628 1479 215 51 Regerings-

239 1511 134 36 formen
413 1513 283 39 förekommande
737 1519 193 47 stadgande
973 1534 55 24 om
1061 1523 259 50 behandlingen
1361 1528 38 34 af
1429 1529 129 36 sådana
1586 1531 256 51 lagstiftnings-

240 1563 127 48 frågor,
409 1565 131 48 hvilka,
581 1568 207 38 tillhörande
830 1572 57 35 det
915 1572 128 48 Kongl.
1072 1575 100 48 Maj:t
1200 1589 117 24 ensam
1345 1579 217 39 förbehållna
1589 1583 253 51 lagstiftnings-

239 1616 151 46 område,
419 1618 39 34 af
481 1618 129 49 Kongl.
642 1621 100 48 Maj:t
768 1623 206 48 hänskjutas
1002 1627 53 35 till
1083 1624 214 57 Riksdagen.

339 1668 181 38 Utskottet
561 1684 55 24 ser
644 1673 53 47 sig
725 1674 134 37 derföre
886 1677 184 37 föranlåtet
1099 1684 50 32 att
1176 1681 52 36 till
1256 1682 123 37 Andra
1406 1684 215 40 Kammaren
1649 1685 192 57 återlemna

236 1719 267 48 ifrågavarande
530 1724 147 48 motion;

627 1776 135 37 hvilket
788 1779 53 35 för
868 1780 204 49 Riksdagen
1099 1785 176 36 vördsamt
1303 1787 293 50 tillkännagifves.

339 1841 203 38 Stockholm
570 1846 66 35 den
666 1848 42 34 31
741 1846 148 38 Januari
919 1851 107 36 1873.

754 1986 51 36 På
847 1988 247 39 Utskottets
1135 1997 185 43 vägnar:

788 2080 44 32 H.
856 2081 39 34 G.
919 2091 67 24 von
1010 2083 282 36 GEGERFELT.

322 2340 72 31 Bih.
420 2342 48 30 till
492 2343 106 32 Biksd.
626 2346 83 31 Prot.
741 2349 88 29 1873.
880 2351 18 26 7
923 2349 93 32 Saml.
1045 2353 17 28 1
1088 2352 90 40 Häft.
