1914 2832
578 176 250 28 Statsutskottets
850 176 158 27 utlåtande
1027 176 44 27 Nr
1092 176 68 27 204.
1596 176 20 31 5

772 509 68 40 Nr
871 509 91 40 204.

661 630 112 25 Ankom
792 630 42 25 till
852 630 168 31 riksdagens
1038 629 95 25 kansli
1152 629 55 25 den
1225 629 32 24 27
1275 629 60 32 maj
1356 629 67 24 1938
1441 627 37 25 kl.
1497 628 17 24 3
1533 635 22 18 e.
1575 635 37 18 m.

318 716 182 32 Utlåtande
522 718 11 29 i
554 717 187 39 anledning
763 726 41 21 av
827 717 170 30 motioner
1018 717 11 30 i
1051 716 200 39 anslutning
1274 716 50 30 till
1346 716 124 39 Kungl.
1493 716 119 39 Maj:ts

515 779 216 39 proposition
749 778 79 31 med
844 778 130 39 förslag
993 779 51 30 till
1062 779 55 38 lag
1137 777 178 40 angående
1333 778 134 31 ändrad
1485 777 128 40 lydelse

514 850 42 21 av
580 841 101 39 lagen
704 841 67 30 den
794 841 42 30 22
859 841 76 39 juni
960 841 82 30 1911
1069 850 57 21 om
1151 840 229 31 ekonomiska
1400 840 210 39 föreningar.

1387 893 67 39 (3:e
1471 892 89 40 avd.)

158 1001 13 29 I
194 1000 56 31 två
271 1001 223 39 likalydande
514 1001 172 31 motioner
705 1002 122 30 väckta
863 1002 66 30 den
951 1010 75 27 ena,
1046 1011 42 20 nr
1109 1001 75 36 339,
1205 1001 96 30 inom
1322 1000 110 31 första
1452 1001 157 29 kamma-

113 1063 61 21 ren
191 1063 42 21 av
248 1054 80 30 herr
343 1054 40 31 K.
401 1054 212 39 Magnusson
630 1055 10 30 i
659 1055 142 30 Kalmar
817 1055 66 30 och
900 1055 66 30 den
983 1055 120 35 andra,
1120 1063 43 21 nr
1179 1055 74 34 482,
1271 1054 96 30 inom
1385 1054 109 30 andra
1511 1054 97 29 kam-

112 1116 120 21 maren
254 1116 42 21 av
317 1107 80 30 herr
418 1107 37 31 Å.
479 1108 152 30 Jonsson
653 1108 10 30 i
687 1107 202 40 Skedsbygd
912 1118 44 20 m.
978 1107 38 38 fl.
1038 1108 65 29 har
1125 1107 204 36 hemställts,
1352 1110 50 27 att
1423 1106 186 39 riksdagen

112 1159 79 31 ville
211 1160 134 30 besluta
366 1163 59 33 att,
446 1161 80 30 med
545 1160 101 31 bifall
667 1161 51 30 till
741 1161 123 38 Kungl.
887 1160 117 39 Maj:ts
1025 1160 214 40 proposition
1262 1170 40 20 nr
1323 1161 63 30 295
1421 1160 10 30 i
1452 1160 68 30 vad
1541 1160 67 30 den

111 1222 99 21 avser
236 1213 135 30 ändrad
396 1213 228 40 lagstiftning,
651 1214 131 39 jämväl
809 1215 100 29 ställa
936 1217 47 27 ett
1007 1214 127 39 belopp
1162 1223 43 21 av
1234 1214 62 30 150
1309 1214 65 30 000
1401 1214 129 30 kronor
1556 1212 52 31 till

112 1265 124 40 Kungl.
256 1266 117 39 Maj:ts
392 1266 207 40 förfogande
617 1270 50 28 att
684 1266 45 41 på
747 1268 66 30 sätt
832 1267 123 39 Kungl.
976 1267 100 39 Maj:t
1094 1268 72 29 kan
1184 1267 98 30 finna
1301 1267 158 39 lämpligt
1477 1267 129 30 använ-

110 1319 62 30 das
195 1318 115 32 såsom
334 1320 77 30 stöd
432 1319 55 31 för
509 1320 42 31 de
572 1330 43 21 av
638 1321 361 39 byggsparkassornas
1022 1320 220 31 verksamhet
1263 1319 145 32 hårdast
1431 1320 176 30 drabbade

110 1372 286 37 medlemmarna,
413 1372 244 32 företrädesvis
674 1373 331 40 familjeförsörjare.

154 1481 13 29 I
185 1480 215 40 proposition
417 1489 41 21 nr
475 1481 74 34 295,
567 1480 117 30 vilken
700 1480 212 38 hänskjutits
930 1480 51 29 till
997 1480 213 39 behandling
1227 1489 43 21 av
1287 1479 110 31 första
1415 1480 190 39 lagutskot-

108 1536 57 33 tet,
188 1533 65 30 har
277 1533 124 39 Kungl.
426 1533 100 39 Maj:t
549 1532 166 40 framlagt
736 1533 130 39 förslag
889 1533 52 30 till
964 1533 136 30 ändrad
1122 1533 130 38 lydelse
1274 1542 43 21 av
1341 1533 42 30 46
1407 1533 65 30 och
1497 1533 40 30 75
1562 1530 43 41 $$

108 1586 100 39 lagen
232 1586 67 30 den
321 1587 41 29 22
385 1585 75 40 juni
486 1586 80 30 1911
591 1596 58 20 om
672 1585 226 31 ekonomiska
921 1585 210 39 föreningar.
1167 1586 193 39 Förslagets
1383 1586 89 38 syfte
1495 1586 37 30 är
1555 1588 50 27 att

107 1639 182 31 förhindra
315 1639 219 39 registrering
559 1648 43 21 av
628 1639 205 30 ekonomisk
858 1638 170 40 förening,
1055 1648 75 21 som
1156 1640 123 29 utövar
1306 1639 54 30 sin
1385 1639 220 30 verksamhet

107 1692 88 30 efter
214 1692 158 39 grunder,
393 1701 75 21 som
486 1692 10 30 i
516 1692 265 39 tillämpningen
800 1692 158 30 medföra
978 1695 47 27 ett
1043 1692 183 39 väsentligt
1245 1692 186 39 gynnande
1450 1702 42 20 av
1512 1692 93 30 vissa

107 1745 226 30 medlemmar
357 1744 45 41 på
428 1745 41 30 de
494 1745 136 39 övrigas
654 1746 204 35 bekostnad,
886 1748 90 27 samt
1000 1748 59 33 att,
1086 1745 62 30 där
1173 1745 107 30 redan
1304 1745 206 39 registrerad
1534 1745 69 30 för-

106 1798 104 39 ening
228 1799 123 29 utövar
370 1798 219 30 verksamhet
609 1798 86 31 efter
715 1798 131 31 sådana
867 1798 158 39 grunder,
1044 1798 161 39 medgiva
1224 1799 66 30 rätt
1310 1798 55 31 för
1385 1799 150 30 domstol
1553 1801 51 28 att

106 1850 87 31 efter
212 1851 164 30 anmälan
396 1851 154 30 förklara
571 1850 109 31 sådan
700 1851 159 39 förening
880 1851 136 39 skyldig
1037 1855 49 26 att
1106 1851 99 30 träda
1225 1851 10 30 i
1257 1851 215 32 likvidation.
1495 1852 107 30 Dessa

106 1904 188 38 ändringar
314 1902 147 32 föreslås
485 1905 156 29 närmast
663 1905 80 29 med
765 1905 104 29 tanke
891 1903 45 40 på
960 1904 41 30 de
1025 1914 24 20 s.
1073 1905 33 29 k.
1130 1904 354 39 byggsparkassorna,
1508 1904 95 30 vilka

105 1955 249 31 åstadkommit
377 1956 109 30 skada
509 1956 55 30 för
586 1966 42 21 en
652 1960 70 27 stor
747 1957 54 30 del
824 1966 42 20 av
889 1956 285 37 medlemmarna,
1199 1958 82 29 enär
1304 1957 42 30 de
1368 1957 76 30 icke
1466 1958 136 28 kunnat

105 2008 159 40 uppfylla
282 2009 121 38 gjorda
420 2009 205 31 utfästelser.

149 2061 122 31 Första
292 2061 224 39 lagutskottet
537 2062 64 30 har
624 2062 164 39 tillstyrkt
809 2062 100 30 bifall
931 2062 51 30 till
1004 2063 42 30 de
1069 2061 147 32 sålunda
1239 2062 197 40 föreslagna
1459 2063 141 39 lagänd-

103 2114 174 39 ringarna.

147 2167 14 30 I
185 2167 259 39 propositionen
466 2168 65 30 har
553 2169 87 29 även
662 2169 132 29 berörts
816 2167 125 40 frågan
964 2178 57 20 om
1045 2169 191 30 eventuella
1260 2168 237 40 stödåtgärder
1520 2168 79 31 från

103 2220 56 30 det
181 2220 195 30 allmännas
399 2220 74 31 sida
496 2221 51 30 till
568 2220 140 31 förmån
729 2221 54 30 för
805 2221 42 30 de
868 2230 173 30 personer,
1064 2231 76 20 som
1161 2221 177 31 åsamkats
1360 2221 162 31 förluster
1545 2230 53 31 ge-

103 2281 82 21 nom
206 2273 237 38 medlemskap
463 2273 10 29 i
492 2274 288 38 byggsparkassa.
813 2273 154 30 Sålunda
985 2274 174 38 upplyses,
1180 2277 49 27 att
1249 2277 128 27 statens
1398 2275 201 38 egnahems-

102 2325 142 38 styrelse
262 2326 177 29 verkställt
456 2325 68 30 viss
544 2326 184 38 utredning
746 2326 11 29 i
775 2327 117 29 ämnet
910 2326 65 30 och
994 2327 87 29 även
1100 2326 164 39 framlagt
1282 2326 130 39 förslag
1431 2337 56 20 om
1506 2328 91 29 stöd-

101 2377 160 40 åtgärder
281 2378 10 29 i
314 2378 154 30 nämnda
489 2377 98 39 syfte.
622 2379 383 38 Egnahemsstyrelsens
1027 2379 184 38 utredning
1233 2380 38 29 är
1292 2379 190 30 emellertid
1503 2380 95 29 ännu

101 2430 30 39 ej
154 2430 158 30 slutförd.

146 2483 388 39 Departementschefen
551 2483 65 30 har
634 2484 10 29 i
663 2484 92 30 detta
772 2484 197 30 hänseende
987 2483 55 31 för
1060 2492 85 31 egen
1164 2484 54 30 del
1236 2484 117 31 anfört
1368 2484 167 40 följande.

141 2545 120 34 Bihang
280 2546 46 26 till
344 2545 182 35 riksdagens
544 2546 159 34 protokoll
724 2547 83 26 1938.
837 2547 18 26 6
873 2547 87 26 saml.
990 2546 43 27 Nr
1052 2547 167 27 202—204.
1577 2547 19 29 2
