2232 2628
677 138 341 31 Jordbruksutskottets
1043 138 159 31 utlåtande
1225 137 53 31 Nr
1301 139 57 29 36.
1752 139 28 29 11

373 220 138 42 (Kungl.
536 222 121 40 Maj:ts
680 222 153 40 förslag.)
1258 221 196 35 (Utskottets
1475 221 150 40 förslag.)

219 327 170 34 hetsfiske
430 327 87 35 böra
557 329 157 34 inrättas
754 329 9 33 i
804 328 244 43 fiskevattnet,
1092 333 94 29 samt
1217 327 96 35 huru
1341 327 108 34 fisket
1476 328 117 44 enligt
1623 327 87 34 hans
1733 327 94 35 åsikt

217 377 211 48 lämpligast
468 379 88 34 skall
598 378 151 48 nyttjas.
804 378 119 35 Anser
964 376 405 48 förrättningsmannen
1404 377 125 35 fiskets
1565 377 190 35 brukande
1783 390 44 22 av

217 427 198 48 delägarna
447 441 64 22 var
538 427 56 36 för
621 429 57 47 sig
706 429 115 45 enligt
848 427 184 36 fastställd
1062 429 83 46 plan
1176 429 122 33 kunna
1326 427 278 46 ifrågakonnna,
1634 427 91 34 skall
1756 428 70 34 han

218 485 166 40 uppgöra
411 479 67 34 och
506 478 12 34 i
548 478 208 35 utlätandet
783 477 207 48 framlägga
1018 478 138 47 förslag
1184 479 56 33 till
1270 480 96 44 plan.

972 596 39 33 11
1044 593 33 44 8.

349 678 120 37 Sedan
509 678 425 48 förrättningsmannens
976 678 187 35 utlåtande
1205 678 203 48 framlagts,
1442 679 90 35 skall
1564 677 96 36 inför
1688 678 136 35 honom

217 731 173 34 anställas
431 730 232 47 omröstning
703 729 188 48 angående
932 728 141 49 frågan,
1107 729 186 35 huruvida
1319 729 386 46 gemensamhetsfiske
1734 728 92 35 skall

216 781 165 41 inrättas,
410 783 39 33 så
475 780 68 35 ock
570 779 58 36 för
656 780 94 34 huru
781 783 132 44 många
940 782 40 32 år
998 779 129 36 sådant
1145 780 89 35 fiske
1253 780 89 35 skall
1364 781 146 34 komma
1528 781 57 34 till
1606 779 105 35 stånd
1732 784 95 30 samt

217 844 59 23 om
304 831 128 35 fiskets
461 830 225 48 upplåtande
715 833 45 44 på
787 830 155 35 arrende
969 831 89 34 eller
1085 830 206 48 antagande
1319 843 42 22 av
1390 831 86 46 plan
1503 829 57 36 för
1587 831 125 34 fiskets
1739 830 87 34 bru-

221 882 118 34 kande
379 894 43 22 av
464 881 198 45 delägarna
702 893 64 22 var
807 879 58 36 för
905 880 71 47 sig;
1019 880 66 35 och
1127 881 92 34 skall
1260 880 128 35 härvid
1430 880 127 47 frågan
1591 893 58 22 om
1678 892 148 34 gemen-

217 931 272 36 samhetsfiskes
529 930 210 36 inrättande
779 930 186 48 företagas
997 931 57 34 till
1082 930 204 48 avgörande
1315 930 93 35 efter
1435 931 124 45 övriga
1589 943 50 22 nu
1668 929 159 35 nämnda

218 982 134 47 frågor,
381 994 59 22 om
469 984 121 45 någon
618 981 170 48 delägare
816 981 64 35 det
905 981 121 48 yrkar.

351 1032 71 35 För
461 1033 121 35 beslut
624 1045 59 22 om
715 1031 403 48 gemensamhetsfiskes
1147 1031 208 35 inrättande
1384 1031 185 36 erfordras
1598 1030 227 36 beträffande

216 1083 229 43 fiskevatten,
486 1095 77 23 som
605 1090 39 28 är
683 1082 12 34 i
735 1084 56 34 sin
833 1082 124 35 helhet
994 1081 125 45 oskift,
1153 1094 78 23 mer
1258 1090 46 27 än
1333 1081 140 36 hälften
1500 1082 66 35 och
1595 1084 12 32 i
1634 1080 103 49 fråga
1765 1094 59 22 om

217 1138 114 31 annat
358 1134 217 35 fiskevatten
603 1134 114 34 minst
744 1136 62 32 två
833 1133 222 47 tredjedelar
1082 1146 44 22 av
1154 1134 170 47 samtliga
1350 1132 188 49 delägares
1567 1133 139 35 rösttal.

350 1184 188 46 Delägare,
580 1196 78 23 som
699 1184 98 47 gjort
838 1184 210 47 ansökning
1088 1196 59 23 om
1187 1182 350 49 förrättningsmans
1565 1182 259 42 förordnande,

216 1247 84 23 vare
342 1235 32 47 ej
418 1234 110 36 därav
560 1233 217 37 förhindrad
809 1239 53 30 att
889 1239 98 30 rösta
1015 1239 76 30 mot
1119 1234 209 35 inrättande
1356 1247 44 22 av
1426 1234 396 46 gemensamhetsfiske.

972 1353 43 33 12
1044 1350 32 44 8.

349 1435 286 47 Förrättningen
673 1437 91 34 skall
804 1437 163 34 avslutas
1008 1436 83 35 med
1131 1436 339 48 tillkännagivande
1510 1440 65 38 att,
1614 1448 57 22 om
1705 1438 121 45 någon

216 1487 118 36 finner
374 1487 57 47 sig
462 1486 156 48 befogad
650 1486 58 36 till
739 1487 248 47 påminnelser
1014 1488 11 33 i
1050 1486 101 48 fråga
1178 1499 58 22 om
1265 1486 420 48 gemensamhetsfiskets
1713 1487 114 34 inrät-

216 1537 111 36 tande
364 1538 89 35 eller
493 1537 318 49 tillgodogörande
843 1538 90 35 eller
965 1536 228 36 beträffande
1223 1538 268 47 uppskattning
1518 1538 67 34 och
1615 1537 211 47 uträkning,

216 1601 127 23 varom
375 1590 13 32 i
418 1590 19 33 9
467 1587 23 45 &
518 1587 182 45 förmäles,
729 1588 135 36 sådana
892 1588 251 49 påminnelser
1170 1591 59 32 må
1255 1589 145 47 ingivas
1428 1589 57 35 till
1514 1588 223 47 Konungens
1765 1587 62 35 be-

216 1638 343 48 fallningshavande
587 1638 77 36 före
692 1639 155 35 klockan
874 1640 77 35 tolv
979 1641 20 32 å
1026 1638 199 36 trettionde
1253 1639 118 48 dagen
1399 1638 83 36 från
1501 1639 272 45 avslutningen.

350 1689 418 47 Förrättningsmannen
808 1690 141 48 åligger
980 1695 52 29 att
1063 1688 264 50 ofördröjligen
1355 1690 58 34 till
1445 1689 225 48 Konungens
1699 1688 128 36 befall-

216 1740 276 48 ningshavande
531 1740 155 36 insända
725 1740 61 36 det
821 1740 63 36 vid
916 1739 274 49 förrättningen
1218 1739 105 36 förda
1350 1741 185 47 protokoll
1559 1741 114 46 jämte
1700 1740 126 47 övriga

216 1790 222 48 handlingar
464 1791 188 47 angående
680 1791 120 35 saken.

971 1869 42 34 13
1043 1866 33 45 8.

349 1938 104 39 Hava
490 1943 57 35 till
584 1942 226 47 Konungens
848 1942 392 50 befallningshavande
1271 1943 197 36 inkommit
1502 1943 229 47 handlingar,
1768 1947 59 30 ut-

215 1992 162 45 visande,
406 1998 54 30 att
492 1993 197 48 delägarna
721 1999 89 31 utan
844 1993 236 49 förrättning,
1109 2007 124 22 varom
1262 2007 93 22 ovan
1383 2001 94 40 sägs,
1502 1993 126 36 träffat
1655 2000 170 29 överens-

215 2044 199 35 kommelse
454 2057 60 22 om
552 2044 210 36 inrättande
794 2058 44 22 av
872 2045 396 48 gemensamhetsfiske,
1297 2045 68 35 och
1393 2052 40 28 är
1459 2045 32 47 ej
1521 2044 129 36 sådant
1677 2043 65 36 fall
1770 2043 56 36 för

215 2094 159 44 handen,
403 2099 55 31 att
484 2095 115 47 enligt
629 2097 20 33 5
678 2093 23 45 $&
729 2094 227 48 förrättning
983 2095 82 36 bort
1092 2095 124 44 hållas,
1245 2096 72 35 låte
1341 2095 225 48 Konungens
1586 2093 240 47 befallnings-

217 2145 165 36 havande
407 2156 134 35 genom
570 2146 232 48 kungörelse,
831 2158 81 23 som
941 2146 90 35 skall
1058 2145 138 37 införas
1225 2147 11 34 i
1263 2146 369 48 länskungörelserna
1664 2145 67 35 och
1754 2145 72 35 tid-

215 2196 90 49 ning
332 2197 100 36 inom
461 2201 101 31 orten
592 2201 94 31 samt
714 2197 171 47 uppläsas
914 2198 11 34 i
954 2197 140 48 kyrkan
1122 2197 12 35 i
1162 2197 69 36 den
1260 2198 89 34 eller
1376 2196 45 36 de
1449 2197 162 39 socknar,
1638 2195 64 36 där
1721 2196 106 35 fiske-
