2226 2628
433 181 116 32 Första
573 180 216 31 Kommarens
815 178 176 43 Tillfälliga
1023 179 140 32 Utskotts
1187 179 75 39 (N:o
1286 180 33 40 1)
1352 179 169 32 Utlåtande
1545 180 62 31 N:o
1632 181 50 31 19.
1794 179 20 31 3

259 261 323 47 läskedryckerna
610 272 81 23 som
719 260 59 35 för
806 260 67 35 det
899 258 246 47 rusgifvande
1174 259 89 35 ölet.
1306 259 53 35 De
1379 259 160 47 skärpta
1557 260 297 45 bestämmelser,

260 327 80 23 som
381 326 90 23 man
510 312 152 35 kunnat
704 312 119 35 önska
865 323 37 23 se
943 311 225 46 tillämpade
1209 311 14 35 i
1259 310 109 47 fråga
1397 323 63 23 om
1487 310 227 47 försäljning
1742 311 41 35 af
1807 312 48 44 öl,

260 366 122 36 skulle
423 364 194 46 nämligen
648 364 129 35 blifvit
804 363 178 47 gällande
1011 362 112 36 äfven
1151 363 60 35 för
1238 363 241 46 svagdricka,
1508 363 151 35 hvilket
1687 363 42 35 af
1753 363 103 35 olika

260 418 83 35 skäl
372 417 69 35 alls
468 416 85 36 icke
582 429 69 23 var
675 416 218 46 tillrådligt.
948 416 74 34 Det
1049 415 123 35 skulle
1201 415 122 46 enligt
1350 414 213 36 utskottets
1590 415 156 46 mening
1765 415 91 35 fast-

259 482 82 23 mer
376 468 114 36 hafva
524 469 103 34 varit
655 471 58 32 ett
739 468 213 45 missgrepp
981 469 60 33 att
1068 467 113 35 ställa
1210 466 500 47 svagdricksförsäljningen
1736 467 122 35 under

259 522 46 34 de
345 520 225 36 restriktiva
610 520 298 44 bestämmelser,
950 531 81 23 som
1071 519 88 35 med
1195 518 65 46 fog
1288 531 110 33 synas
1425 518 206 46 påkallade
1659 521 199 43 gentemot

258 573 234 36 missbruket
520 572 42 35 af
585 573 48 34 öl.

386 625 167 35 Numera
582 630 42 29 är
652 623 214 36 emellertid
894 623 232 45 ställningen
1154 634 47 23 en
1227 622 82 35 helt
1333 634 137 23 annan.
1514 621 255 47 Svagdrickat
1787 622 71 35 har

258 689 139 33 genom
426 677 73 35 den
526 676 157 35 förlidet
703 678 43 32 år
764 674 204 36 utfärdade
987 673 343 47 maltskattelagen
1349 674 13 35 i
1380 673 287 46 beskattnings-
1689 674 72 35 och
1780 674 77 34 till-

257 728 385 46 verkningsafseende
656 727 129 36 blifvit
800 726 119 36 skildt
933 726 85 35 från
1033 726 46 35 de
1090 725 245 46 rusgifvande
1347 725 174 36 starkare
1532 725 323 46 maltdryckerna.

258 781 58 35 En
356 780 164 36 särskild
560 779 227 46 förordning
822 778 163 35 rörande
1017 777 227 46 försäljning
1273 777 42 35 af
1337 777 230 46 svagdricka
1596 777 72 35 och
1697 778 45 34 de
1770 777 86 36 icke

259 832 206 46 spirituösa
493 831 215 46 dryckerna
736 830 208 46 föreligger
970 830 13 34 i
1011 829 154 46 förslag,
1186 829 228 35 utarbetadt
1432 829 105 35 inom
1555 828 301 47 finansdeparte-

257 887 158 42 mentet,
449 883 151 35 hvilket
631 883 144 45 förslag
803 887 43 30 är
873 881 247 36 remitteradt
1147 881 61 34 till
1235 881 313 46 länsstyrelserna
1576 880 60 35 för
1661 881 193 45 yttrande.

257 937 74 34 Det
364 941 43 30 är
435 938 60 33 att
522 938 118 32 vänta
669 934 72 36 och
769 934 159 46 hoppas,
959 936 59 32 att
1045 932 197 46 förslaget,
1271 945 82 23 som
1379 932 118 35 bland
1526 935 120 32 annat
1674 932 98 35 afser
1800 935 57 32 ett

256 987 245 46 fullständigt
528 986 230 47 frigifvande
788 985 42 36 af
853 984 377 47 svagrickshandeln,
1255 984 105 35 inom
1379 984 93 35 kort
1489 984 139 35 varder
1646 983 211 36 fastställdt

257 1040 61 34 till
358 1039 267 35 efterrättelse.
680 1039 167 34 Numera
888 1037 110 35 torde
1040 1036 145 35 således
1219 1036 100 35 intet
1351 1048 81 23 som
1460 1036 100 34 helst
1586 1036 138 35 hinder
1750 1038 107 33 möta

256 1091 60 35 för
352 1094 60 32 att
440 1091 87 35 med
554 1090 107 36 kraft
688 1093 92 43 taga
809 1089 58 35 itu
895 1089 86 35 med
1010 1089 45 34 de
1085 1088 86 35 från
1198 1087 312 47 lagstiftningens
1538 1087 198 46 synpunkt
1762 1088 94 34 nöd-

255 1143 167 46 vändiga
452 1143 232 46 åtgärderna
711 1144 83 33 mot
823 1141 78 35 ölet
929 1140 72 36 och
1029 1143 61 32 att
1116 1140 14 35 i
1158 1140 138 35 sådant
1324 1139 96 46 syfte
1449 1139 130 35 skrida
1607 1140 61 34 till
1696 1151 47 23 en
1770 1139 85 35 full-

256 1195 155 45 ständig
439 1194 270 45 omarbetning
737 1193 42 35 af
802 1192 178 47 gällande
1007 1191 289 36 bestämmelser
1323 1191 164 35 rörande
1516 1191 275 46 försäljningen
1819 1191 42 35 af

258 1247 45 34 de
331 1246 245 46 rusgifvande
600 1244 312 46 maltdryckerna
933 1243 71 36 och
1023 1243 108 35 vinet
1149 1243 13 34 i
1186 1243 66 35 det
1271 1243 95 45 syfte
1387 1243 45 35 de
1453 1243 226 35 deciderade
1699 1242 156 46 nykter-

256 1298 282 35 hetsvännerna
565 1297 112 46 länge
706 1296 178 46 påyrkat.

386 1350 57 34 En
471 1349 118 35 sådan
618 1348 270 45 omarbetning
915 1358 107 35 synes
1049 1346 120 35 redan
1193 1345 43 35 af
1249 1348 87 32 rent
1355 1345 174 35 formella
1548 1345 84 35 skäl
1650 1358 93 22 vara
1762 1346 93 34 nöd-

255 1401 154 46 vändig,
439 1401 116 35 sedan
582 1412 47 23 ur
656 1399 276 46 förordningen
960 1397 150 36 afskilts
1138 1399 41 33 så
1198 1397 214 46 väsentliga
1432 1397 106 35 delar
1557 1409 81 23 som
1658 1397 76 35 alla
1753 1398 102 34 stad-

255 1453 152 45 ganden
447 1452 164 35 rörande
653 1450 249 47 svagdrickat
944 1449 72 36 och
1059 1449 45 35 de
1142 1448 86 35 icke
1253 1449 206 46 spirituösa
1487 1448 226 46 dryckerna.
1768 1449 88 35 Men

257 1504 111 36 äfven
407 1517 47 22 ur
494 1504 126 46 saklig
661 1502 196 48 synpunkt
893 1502 110 35 torde
1032 1513 47 23 en
1107 1501 183 46 grundlig
1317 1500 165 36 revision
1511 1500 42 36 af
1576 1500 280 47 författningen

255 1569 93 22 vara
388 1556 184 46 påkallad
613 1556 73 35 och
727 1554 186 47 oafvislig.
969 1553 145 36 Genom
1155 1553 46 34 de
1238 1555 104 44 gång
1375 1552 96 35 efter
1499 1565 128 22 annan
1653 1552 202 46 företagna

254 1608 283 46 lappningarna
577 1610 51 43 på
669 1608 221 34 densamma
929 1604 115 36 hafva
1085 1604 195 46 nämligen
1321 1605 82 35 dess
1438 1604 104 35 olika
1570 1604 286 35 bestämmelser

254 1660 129 34 blifvit
411 1660 70 34 allt
508 1661 153 33 svårare
690 1662 60 31 att
776 1658 111 35 tolka
915 1657 72 35 och
1014 1656 89 35 med
1130 1655 218 35 hvarandra
1376 1655 153 45 förlika,
1550 1658 41 32 så
1610 1658 60 32 att
1689 1655 166 35 erfaren-

254 1710 116 35 heten
397 1711 110 44 visat,
538 1713 60 32 att
625 1710 66 35 det
717 1710 99 35 både
843 1709 60 34 för
930 1707 223 44 domstolar,
1177 1707 270 45 myndigheter
1466 1707 72 35 och
1558 1707 171 34 enskilde
1754 1710 101 31 mött

255 1762 239 46 svårigheter
518 1764 60 32 att
596 1761 132 35 kunna
747 1763 50 44 på
817 1763 59 32 ett
894 1758 354 36 tillfredsställande
1268 1760 78 33 sätt
1365 1758 177 46 tillämpa
1561 1758 292 46 förordningens

254 1813 218 36 olikartade
501 1812 250 36 föreskrifter.
794 1811 141 36 Därtill
960 1810 188 44 kommer,
1179 1812 60 32 att
1258 1809 45 35 de
1323 1809 226 35 restriktiva
1568 1810 287 34 bestämmelser

254 1865 73 35 och
357 1864 426 47 ordningsföreskrifter
810 1862 281 46 författningen
1119 1861 205 35 innehållit
1350 1861 101 35 visat
1479 1862 58 42 sig
1564 1873 82 23 mer
1674 1861 72 35 och
1773 1873 82 23 mer

254 1916 261 47 otillräckliga
551 1919 59 32 att
638 1916 131 35 kunna
797 1915 210 46 förebygga
1036 1913 66 35 det
1129 1913 170 35 hotande
1329 1913 282 35 ölmissbruket.
1666 1913 53 35 På
1747 1913 106 35 dessa

253 1968 171 44 grunder
450 1968 72 35 har
550 1980 47 23 en
625 1968 226 45 fullständig
879 1966 72 36 och
979 1965 329 45 genomgripande
1337 1964 165 36 revision
1522 1964 43 35 af
1579 1964 274 46 förordningen

253 2019 125 35 kräfts
407 2019 41 35 af
472 2032 46 22 en
547 2022 43 31 år
618 2019 97 35 efter
743 2021 43 32 år
814 2018 71 35 allt
913 2016 174 36 starkare
1116 2016 145 34 vorden
1289 2016 249 45 folkmening.

384 2071 73 34 Vid
495 2071 123 34 denna
652 2070 166 35 revision
854 2069 126 45 ligger
1007 2067 66 35 det
1100 2067 307 45 uppenbarligen
1434 2072 94 29 nära
1558 2067 60 34 till
1644 2067 122 35 hands
1794 2070 60 31 att

255 2122 120 36 tänka
416 2122 58 45 sig
515 2121 319 45 omarbetningen
875 2120 13 35 i
931 2117 233 46 tillämpliga
1205 2118 106 34 delar
1344 2118 147 45 gående
1523 2118 13 34 i
1565 2118 73 34 den
1666 2117 186 46 riktning,

254 2173 178 48 gällande
460 2171 519 46 brännvinsförsäljningslag
1007 2169 164 44 anvisar,
1201 2169 113 35 hvars
1341 2169 287 35 bestämmelser
1650 2169 13 34 i
1683 2169 66 34 det
1767 2169 87 35 hela

255 2227 99 35 visat
388 2225 57 46 sig
482 2224 148 46 ägnade
666 2226 60 32 att
753 2222 204 36 motverka
986 2220 72 36 och
1086 2220 152 35 minska
1266 2220 303 44 förbrukningen
1600 2220 43 35 af
1665 2220 190 36 brännvin
