2178 2628
384 163 39 30 10
790 160 341 32 Jordbruksutskottets
1156 158 163 33 utlåtande
1342 158 51 31 Nr
1417 159 50 30 11.

1064 580 58 39 Nr
1149 580 56 40 11.

839 736 110 27 Ankom
968 735 42 27 till
1029 735 178 36 Riksdagens
1226 735 91 27 kansli
1337 735 52 27 den
1407 735 34 26 23
1461 735 119 27 februari
1601 735 66 26 1911
1689 734 37 27 kl.
1746 735 17 26 2
1782 744 25 17 e.
1827 743 35 17 m.

551 878 206 46 Utlåtande,
798 880 13 33 i
851 878 196 44 anledning
1088 877 47 43 af
1170 876 137 45 Kungl.
1337 876 131 43 Maj:ts
1492 876 230 45 proposition
1750 875 188 45 angående

742 947 222 45 upplåtande
1005 945 49 44 af
1089 957 43 24 en
1171 946 164 45 lägenhet
1368 944 95 44 från
1489 944 109 44 förra
1620 943 319 45 fänriksbostället

747 1016 166 45 Gölstorp
941 1027 47 23 nr
1014 1018 21 32 1
1065 1016 13 34 i
1109 1009 268 50 Östergötlands
1405 1014 73 35 län.

1634 1115 74 48 (1:a
1736 1114 100 49 Afd.)

474 1223 18 35 I
529 1236 45 23 en
602 1222 55 36 till
685 1222 217 48 Riksdagen
929 1221 72 36 den
1030 1222 47 35 28
1106 1220 156 37 oktober
1292 1220 96 35 1910
1417 1219 147 43 aflåten,
1594 1219 54 36 till
1673 1217 268 48 jordbruksut-

346 1276 161 35 skottets
536 1273 266 37 förberedande
829 1272 232 49 behandling
1087 1272 183 36 hänvisad
1299 1271 234 49 proposition
1560 1284 45 22 nr
1636 1272 45 34 16
1708 1270 67 36 har
1794 1270 141 49 Kungl.

346 1327 106 49 Maj:t
491 1326 117 36 under
648 1324 235 49 åberopande
924 1324 41 36 af
989 1323 145 50 bilagdt
1162 1323 137 47 utdrag
1327 1323 41 35 af
1392 1322 411 49 statsrådsprotokollet
1831 1321 111 37 öfver

343 1377 366 50 jordbruksärenden
750 1377 58 36 för
848 1389 144 23 samma
1032 1375 75 49 dag
1147 1375 195 48 föreslagit
1379 1374 218 49 Riksdagen
1638 1373 206 49 medgifva,
1885 1378 56 31 att

348 1444 46 23 en
435 1429 57 37 till
533 1430 100 36 förra
672 1428 326 37 fänriksbostället
1042 1430 17 33 1
1102 1427 142 36 mantal
1272 1425 179 50 Gölstorp
1479 1439 45 22 nr
1554 1428 18 33 1
1603 1426 12 35 i
1642 1425 134 48 Regna
1803 1424 141 37 socken

348 1482 40 36 af
413 1471 290 58 Östergötlands
731 1480 63 36 län
821 1479 166 37 hörande
1016 1477 177 50 lägenhet
1220 1477 189 37 benämnd
1440 1477 132 37 Udden
1601 1480 72 44 må,
1694 1477 85 36 med
1798 1476 12 36 i
1830 1481 113 31 stats-

347 1531 314 52 rådsprotokollet
703 1537 172 31 närmare
921 1531 172 48 angifvet
1138 1530 166 47 område,
1348 1529 120 49 enligt
1507 1529 130 47 kungl.
1686 1527 255 49 kungörelsen

348 1585 72 36 den
463 1586 45 35 31
552 1584 198 37 december
794 1584 95 35 1909
933 1582 196 49 angående
1170 1581 225 37 förändrade
1434 1580 168 49 grunder
1639 1581 58 35 för
1725 1579 218 49 åtgärder
1922 1575 24 60 i

349 1637 98 49 syfte
489 1641 54 31 att
579 1638 38 34 åt
652 1635 146 37 mindre
826 1634 219 37 bemedlade
1074 1634 69 37 och
1172 1633 240 37 obemedlade
1441 1632 139 36 bereda
1608 1631 149 37 tillfälle
1786 1636 55 31 att
1867 1631 75 36 för-

348 1688 134 36 värfva
518 1686 425 49 egnahemslägenheter
975 1686 83 36 från
1084 1686 101 35 vissa
1212 1684 353 49 kronoegendomar
1593 1684 70 36 och
1691 1683 85 36 med
1804 1682 137 37 jiaktta-

349 1739 126 49 gande
517 1740 41 35 af
594 1739 45 36 de
680 1739 13 36 i
735 1737 131 49 kungl.
900 1737 149 37 brefvet
1081 1737 56 36 till
1165 1736 324 49 domänstyrelsen
1517 1748 145 23 samma
1690 1735 77 48 dag
1793 1735 13 35 i
1834 1734 108 48 fråga

349 1805 61 23 om
439 1791 292 49 tillämpningen
759 1790 42 37 af
823 1789 160 37 berörda
1009 1788 168 50 grunder
1204 1788 218 36 meddelade
1450 1792 172 31 närmare
1647 1785 294 46 bestämmelser,

349 1844 83 35 från
460 1842 291 49 ifrågavarande
779 1841 185 49 egendom
992 1841 187 49 upplåtas.

478 1893 423 50 Departementschefen
942 1892 67 36 har
1049 1892 56 37 till
1143 1891 218 37 förberörda
1399 1889 376 50 statsrådsprotokoll
1802 1889 12 35 i
1843 1888 102 37 detta

350 1952 108 30 ämne
486 1947 127 35 anfört
640 1944 184 50 följande:

478 1997 95 37 »Vid
601 1998 74 36 den
704 2000 21 33 3
760 1996 153 49 augusti
944 1997 96 36 1909
1069 1996 125 36 hållen
1221 1993 532 51 uppskattningsförrättning
1781 1992 58 36 för
1867 1991 75 36 för-

350 2049 100 50 nyad
491 2048 289 49 utarrendering
819 2049 83 35 från
940 2048 72 36 den
1043 2049 46 35 14
1118 2060 100 23 mars
1249 2048 96 34 1912
1374 2046 42 36 af
1439 2045 100 37 förra
1566 2043 325 38 fänriksbostället
1922 2046 17 33 1

350 2101 142 36 mantal
533 2100 180 50 Gölstorp
756 2114 44 22 ur
842 2103 17 33 1
903 2100 12 35 i
955 2099 133 48 Regna
1126 2098 138 37 socken
1306 2098 41 36 af
1370 2089 289 56 Östergötlands
1687 2095 74 47 län,
1792 2094 154 37 hvilken

351 2151 187 50 egendom
578 2152 148 36 lämnar
766 2165 78 23 mer
885 2155 48 33 än
975 2152 73 35 600
1080 2150 141 37 kronor
1247 2150 12 36 i
1288 2149 168 47 arrende,
1486 2149 114 36 hafva
1627 2146 318 51 uppskattnings-

351 2209 165 32 männen
555 2204 112 36 väckt
708 2204 146 48 förslag
889 2216 62 23 om
980 2201 226 49 försäljning
1234 2201 41 36 af
1298 2214 48 24 en
1372 2201 180 48 lägenhet
1579 2200 85 36 från
1692 2198 252 49 egendomen.

480 2254 85 37 Med
607 2255 208 49 anledning
855 2255 111 36 häraf
989 2254 68 36 har
1084 2253 323 49 domänstyrelsen
1435 2253 11 35 i
1475 2251 240 48 underdånig
1743 2249 207 38 skrifvelse
