1868 2844
283 158 19 30 4
690 163 116 31 Andra
826 164 236 36 lagutskottets
1086 164 175 31 utlåtande
1281 164 49 31 Nr
1348 165 49 29 44.

330 245 123 32 Denna
475 246 204 36 kungörelse
699 246 114 31 träder
836 246 10 31 i
866 246 94 31 kraft
980 247 66 30 den
1072 248 15 29 1
1112 245 139 38 januari
1275 247 93 36 1938,
1392 247 90 30 dock
1505 250 49 28 att
1576 246 218 31 bestämmel-

287 306 101 22 serna
413 298 11 30 i
448 298 18 29 2
490 298 63 30 och
577 298 20 30 3
623 298 41 37 88
690 297 130 38 jämväl
842 297 241 32 dessförinnan
1108 298 99 30 skola
1230 298 104 31 lända
1357 298 51 30 till
1432 297 234 38 efterrättelse,
1691 299 11 29 i
1728 298 66 30 den

287 347 83 32 mån
390 348 38 31 så
446 348 172 31 erfordras
638 348 54 31 för
712 348 244 37 kungörelsens
974 348 221 38 tillämpning
1217 348 78 31 från
1314 350 66 30 och
1401 349 79 30 med
1498 349 156 31 nämnda
1672 349 76 37 dag.

331 499 14 30 I
365 500 254 35 sammanhang
637 500 81 30 med
735 500 146 30 berörda
901 500 215 37 proposition
1137 500 65 30 har
1220 500 166 30 utskottet
1403 500 51 30 till
1473 500 213 36 behandling
1703 499 89 31 före-

287 549 78 31 haft
388 559 43 21 en
457 550 10 29 i
491 550 187 36 anledning
703 559 42 21 av
770 551 202 30 densamma
999 551 102 29 väckt
1126 550 141 36 motion,
1292 551 176 35 nämligen
1492 560 41 20 nr
1557 551 65 30 436
1647 551 10 29 i
1683 551 110 29 andra

287 600 207 30 kammaren
518 610 42 20 av
584 601 82 29 herr
689 600 147 30 Persson
860 601 10 29 i
896 600 96 31 Falla
1018 610 45 20 m.
1090 600 49 37 fl.,
1164 601 73 30 vari
1263 601 209 35 hemställes,
1497 603 48 28 att
1570 601 185 36 riksdagen
1783 600 9 30 i

286 651 58 29 sitt
363 651 160 36 yttrande
539 652 81 28 över
637 651 257 37 propositionen
913 650 106 31 måtte
1036 652 120 34 uttala,
1175 654 50 27 att
1242 651 357 36 förhandlingsrätten
1615 651 65 30 bör
1698 651 9 30 i
1726 651 67 30 vad

286 701 68 30 den
375 701 208 30 bestämmes
603 701 11 29 i
633 702 67 29 den
720 701 196 36 föreslagna
935 702 19 29 4
976 702 18 36 8
1013 700 39 31 få
1070 702 67 29 den
1156 702 242 36 avgränsning,
1418 711 75 20 som
1512 701 139 36 angives
1674 701 10 30 i
1704 701 18 37 8
1743 702 20 29 3
1783 701 11 29 i

287 751 237 36 sakkunnigas
544 751 130 36 förslag
693 751 51 30 till
765 752 213 35 kungörelse,
1001 752 32 30 d.
1053 761 30 20 v.
1104 761 25 20 s.
1151 754 50 28 att
1220 751 225 37 förhandling
1464 751 31 37 ej
1516 751 57 31 må
1592 761 81 21 avse
1694 750 99 37 fråga

286 811 58 20 om
370 802 69 30 viss
464 802 135 30 enskild
624 801 221 36 tjänsteman,
874 801 55 31 för
955 801 37 31 så
1017 802 63 30 vitt
1107 802 77 30 icke
1208 801 205 37 spörsmålet
1438 802 106 36 gäller
1572 802 221 36 tillämpning

287 861 43 21 av
352 861 96 21 mera
469 853 144 29 allmänt
636 852 192 37 principiell
850 852 178 30 innebörd.

331 952 226 30 Beträffande
583 953 43 29 de
653 953 85 35 skäl,
765 962 73 20 som
863 952 134 30 anförts
1024 953 51 29 till
1100 953 78 29 stöd
1201 952 55 30 för
1282 953 56 29 det
1364 952 9 30 i
1399 952 260 37 propositionen
1685 952 107 30 fram-

287 1003 101 35 lagda
414 1002 229 37 lagförslaget,
669 1004 163 29 ävensom
858 1003 10 29 i
891 1001 98 38 fråga
1013 1012 58 21 om
1097 1003 44 30 de
1165 1003 85 35 skäl,
1275 1002 259 31 motionärerna
1558 1002 160 36 andragit
1742 1002 51 30 till

288 1053 77 30 stöd
387 1053 56 30 för
464 1052 56 31 sitt
542 1053 167 37 yrkande,
730 1051 55 31 får
807 1053 174 35 utskottet,
1012 1053 4 29 i
1037 1053 69 30 den
1129 1051 83 31 mån
1233 1052 215 36 redogörelse
1469 1051 121 31 därför
1614 1051 76 31 icke
1711 1052 85 29 läm-

286 1113 63 21 nas
369 1104 65 30 här
454 1104 122 35 nedan,
595 1104 147 30 hänvisa
762 1104 50 29 till
831 1104 259 37 propositionen
1108 1104 66 30 och
1193 1104 186 30 motionen.

940 1249 199 33 Inledning.

331 1320 114 37 Några
466 1321 10 29 i
495 1320 208 37 författning
724 1320 183 31 utfärdade
927 1321 261 30 bestämmelser
1207 1330 57 21 om
1285 1320 312 36 förhandlingsrätt
1618 1319 56 31 för
1694 1322 98 28 stats-

284 1371 215 36 tjänstemän
519 1371 117 30 finnas
658 1370 44 37 ej.

331 1421 137 37 Frågan
492 1421 64 30 har
579 1421 59 30 vid
663 1421 88 30 flera
775 1420 160 31 tillfällen
958 1420 207 31 behandlats
1189 1421 11 29 i
1226 1421 184 36 riksdagen
1434 1421 80 29 med
1538 1420 187 36 anledning
1750 1429 43 21 av

286 1472 293 36 interpellationer
604 1472 82 29 eller
711 1471 169 30 motioner
906 1471 79 30 med
1012 1471 210 30 hemställan
1247 1481 57 20 om
1328 1471 195 36 utredning.
1571 1471 53 29 En
1651 1471 141 35 redogö-

285 1522 87 30 relse
391 1522 56 30 för
469 1522 66 30 vad
557 1521 147 31 sålunda
725 1521 223 30 förekommit
968 1522 135 29 lämnas
1124 1520 21 31 å
1167 1521 62 30 sid.
1254 1522 106 29 5—12
1382 1521 10 29 i
1414 1521 269 36 propositionen.

331 1572 173 31 Utskottet
527 1572 58 30 vill
611 1572 10 30 i
646 1573 93 29 detta
763 1572 252 36 sammanhang
1041 1572 115 30 erinra
1181 1581 57 20 om
1262 1571 292 36 socialstyrelsens
1578 1571 66 30 den
1673 1571 39 30 16
1736 1571 56 30 de-

284 1623 140 30 cember
456 1624 82 29 1920
567 1622 238 36 dagtecknade
833 1622 219 30 betänkande
1081 1622 82 30 med
1191 1621 129 37 förslag
1348 1621 51 30 till
1429 1622 56 35 lag
1514 1620 179 37 angående
1722 1620 70 31 för-

286 1674 169 36 handling
482 1674 128 29 mellan
637 1675 111 28 staten
776 1673 65 29 och
867 1673 77 29 dess
970 1672 222 36 tjänstemän.
1246 1672 297 36 Socialstyrelsens
1568 1671 131 36 förslag
1723 1670 69 31 för-

284 1724 150 30 anledde
452 1723 31 37 ej
504 1722 112 37 någon
636 1721 364 38 lagstiftningsåtgärd.

331 1774 75 30 Den
432 1775 39 29 10
493 1773 71 36 maj
591 1774 84 29 1935
700 1772 250 37 bemyndigade
974 1772 123 38 Kungl.
1122 1772 102 36 Maj:t
1246 1771 200 31 dåvarande
1467 1771 124 31 chefen
1613 1772 56 30 för
1695 1772 97 30 kom-

285 1825 513 35 munikationsdepartementet
820 1825 49 28 att
891 1823 146 30 tillkalla
1061 1823 103 36 högst
1185 1822 71 30 fem
1280 1832 163 27 personer
1467 1822 56 30 för
1545 1825 49 27 att
1617 1822 95 30 inom
1736 1822 56 30 de-

283 1878 230 33 partementet
535 1874 136 30 biträda
693 1874 80 30 med
795 1873 253 30 verkställande
1069 1882 43 21 av
1135 1882 43 20 en
1200 1873 183 36 utredning
1404 1873 149 30 rörande
1573 1871 134 38 frågan,
1729 1872 63 30 hu-

286 1926 123 30 ruvida
439 1926 65 29 och
533 1925 10 30 i
572 1925 68 29 vad
668 1923 83 31 mån
780 1933 42 20 en
852 1923 392 36 förhandlingsordning
1273 1922 55 31 för
1357 1922 298 37 statstjänstemän
1685 1922 107 30 borde

285 1976 145 29 komma
449 1976 51 29 till
518 1974 111 36 stånd,
651 1975 163 29 ävensom
834 1976 49 28 att
902 1974 156 36 uppgöra
1077 1973 130 36 förslag
1227 1973 51 30 till
1296 1973 42 30 de
1356 1973 260 30 bestämmelser
1635 1973 11 30 i
1665 1973 126 34 ämnet,

285 2026 115 30 vartill
421 2026 146 29 berörda
586 2025 185 35 utredning
791 2024 115 30 kunde
927 2024 142 36 komma
1091 2026 49 27 att
1159 2023 191 30 föranleda.

330 2076 50 30 De
401 2075 219 36 sakkunniga
639 2076 92 29 hava
752 2074 126 36 avgivit
901 2077 46 27 ett
969 2075 71 29 den
1056 2075 20 29 9
1098 2074 145 30 oktober
1268 2074 82 29 1936
1373 2074 208 36 dagtecknat
1600 2073 191 30 betänkan-

283 2127 44 30 de
352 2127 81 30 med
459 2126 129 36 förslag
614 2125 149 31 rörande
788 2124 391 36 förhandlingsordning
1204 2123 55 30 för
1285 2124 297 36 statstjänstemän
1614 2122 89 40 (stat.
1728 2122 63 31 off.

284 2177 136 30 utredn.
448 2175 180 40 1936:41).
678 2175 118 37 Någon
821 2175 209 30 reservation
1053 2175 66 29 har
1145 2174 75 30 icke
1244 2173 113 37 fogats
1381 2174 51 30 till
1457 2174 245 30 betänkandet.

331 2228 226 36 Redogörelse
587 2226 56 30 för
672 2227 56 29 det
756 2225 254 36 huvudsakliga
1042 2223 188 31 innehållet
1258 2234 43 20 av
1328 2225 42 29 de
1398 2224 236 36 sakkunnigas
1663 2224 129 36 förslag

285 2279 137 29 lämnas
441 2277 20 31 å
479 2277 62 31 sid.
564 2277 128 30 13—16
712 2276 10 30 i
743 2275 268 38 propositionen.

331 2379 171 30 Utskottet
528 2376 142 38 övergår
695 2376 152 31 härefter
869 2376 51 29 till
945 2378 48 27 att
1015 2375 176 30 behandla
1213 2374 251 36 huvuddragen
1488 2384 42 21 av
1553 2375 57 30 det
1633 2375 9 30 i
1667 2383 123 29 propo-

283 2429 150 30 sitionen
452 2428 197 36 föreslagna
666 2426 421 36 förhandlingsinstitutet.
