1918 2828
613 207 228 28 Statsutskottets
863 208 148 27 utlåtande
1033 209 49 26 Nr
1104 210 27 27 4.
1587 208 37 30 31

175 279 86 41 31:o)
295 278 208 41 Mathållning.
541 280 127 42 Kungl.
703 280 99 41 Maj:t
835 281 61 31 har
929 282 177 41 föreslagit
1139 282 182 42 riksdagen
1344 283 122 41 (punkt
1488 284 49 37 37,
1563 283 63 32 sid.

123 330 144 41 92—95),
287 332 50 30 att
360 330 53 32 till
435 331 226 41 mathållning
684 331 52 31 för
760 331 204 42 budgetåret
992 332 136 36 1938/39
1151 332 117 32 anvisa
1291 335 48 29 ett
1363 334 267 41 förslagsanslag

123 391 40 20 av
186 381 168 37 8,850,000
375 381 137 33 kronor.

174 482 321 44 Förslagsanslaget
524 484 52 32 till
609 484 227 42 mathållning
858 485 63 32 har
943 485 11 31 i
977 485 186 33 riksstaten
1186 487 53 31 för
1261 486 204 42 budgetåret
1490 488 137 31 1937/38

121 534 179 41 upptagits
333 535 79 31 med
436 535 167 39 7,600,000
625 536 136 31 kronor.
806 536 285 32 Medelsbehovet
1114 537 109 31 under
1246 537 155 42 anslaget
1424 538 62 31 har
1509 537 119 32 därvid

121 584 183 32 beräknats
329 587 43 40 på
394 586 168 41 grundval
584 597 41 20 av
648 597 42 21 en
713 587 309 41 portionskostnad
1045 599 40 20 av
1107 589 38 31 91
1171 589 58 30 öre
1252 588 53 31 för
1327 599 79 20 man
1430 588 64 32 och
1511 589 118 41 tjänst-

121 635 216 42 göringsdag,
365 636 119 31 varvid
507 637 41 31 82
571 638 57 31 öre
651 637 184 32 beräknats
859 640 172 29 motsvara
1053 638 192 32 kostnaden
1268 639 53 31 för
1343 639 159 41 proviant
1524 641 19 29 å
1566 640 62 31 för-

121 685 281 42 läggningsorten
425 686 425 43 (normalportionspriset)
866 690 90 30 samt
971 689 206 37 återstoden,
1191 690 19 31 9
1226 690 67 36 öre,
1311 689 116 42 övriga
1442 690 187 31 kostnader

121 736 53 31 för
196 739 134 29 arméns
353 737 228 42 mathållning
603 738 79 31 med
706 738 174 41 undantag
903 750 41 20 av
966 739 232 32 kostnaderna
1213 740 52 31 för
1280 740 155 42 kvinnlig
1450 740 96 32 köks-
1563 741 64 31 och

121 787 280 41 servispersonal.
448 787 275 43 Portionspriset
746 790 36 30 är
804 789 166 32 beräknat
992 789 109 32 under
1123 790 255 42 förutsättning,
1403 793 50 29 att
1474 791 58 31 vid
1548 794 81 28 mat-

121 837 200 41 hållningen
355 840 94 30 smör
482 839 87 32 skall
602 839 137 31 komma
761 839 53 31 till
837 840 219 41 användning
1078 840 12 31 i
1113 841 116 31 stället
1251 841 53 31 för
1326 841 179 42 margarin.
1550 841 77 32 Den

121 888 104 31 härav
247 888 201 32 föranledda
470 889 266 32 merkostnaden
759 890 62 31 har
842 891 222 41 uppskattats
1087 891 54 31 till
1165 892 17 31 7
1207 893 57 30 öre
1287 892 53 31 för
1362 892 148 41 portion.

175 938 67 31 Till
265 938 42 32 de
330 951 47 19 nu
400 940 149 31 nämnda
571 940 232 31 kostnaderna
825 941 139 31 komma
986 942 187 41 utgifterna
1189 942 52 31 för
1257 942 66 32 den
1339 943 177 41 kvinnliga
1532 943 96 31 köks-

123 989 63 31 och
210 989 326 42 servispersonalen.
580 990 52 32 Av
656 990 102 32 dessa
779 991 177 32 redovisas
980 992 52 38 de,
1057 1003 73 21 som
1154 992 125 42 belöpa
1296 993 52 41 sig
1363 995 44 39 på
1423 993 206 32 husmödrar

122 1039 65 32 och
220 1040 204 32 biträdande
459 1041 213 38 husmödrar,
707 1041 74 32 från
820 1042 64 31 och
919 1042 78 32 med
1020 1042 204 42 budgetåret
1248 1043 136 32 1936/37
1409 1043 110 32 under
1541 1044 88 32 avlö-

121 1090 268 42 ningsanslaget,
414 1091 110 32 under
546 1091 58 32 det
626 1093 51 30 att
699 1092 53 31 för
774 1092 96 32 köks-
894 1093 64 31 och
983 1093 268 32 servisbiträden
1274 1094 110 32 under
1406 1095 223 31 förevarande

122 1140 119 42 anslag
262 1143 37 29 är
321 1143 177 40 upptagen
522 1153 41 20 en
587 1142 149 32 särskild
758 1143 223 41 anslagspost
1004 1155 39 19 av
1067 1144 138 38 563,000
1226 1144 136 32 kronor.

173 1242 220 33 Beträffande
416 1243 282 33 medelsbehovet
720 1244 110 32 under
853 1245 402 43 mathållningsanslaget
1275 1246 52 32 för
1343 1247 285 32 nästkommande

121 1293 169 41 budgetår
312 1294 61 31 har
396 1294 380 42 departementschefen
799 1295 186 42 föreslagit,
1010 1298 49 29 att
1082 1297 78 31 med
1183 1297 134 41 hänsyn
1342 1297 53 31 tlll
1411 1297 42 32 de
1470 1298 157 41 stegrade

121 1343 358 43 livsmedelspriserna
509 1345 403 42 normalportionspriset
945 1346 74 32 icke
1053 1347 109 31 borde
1195 1347 168 32 beräknas
1386 1348 93 42 lägre
1503 1351 42 29 än
1569 1349 58 31 det

122 1395 195 31 nuvarande
350 1395 53 31 för
435 1395 78 32 hela
546 1399 115 28 armén
696 1396 157 41 gällande
881 1397 207 38 medeltalet,
1114 1398 83 31 eller
1220 1399 39 30 78
1283 1400 67 30 öre.
1396 1399 55 31 Då
1473 1399 154 42 departe-

122 1445 234 31 mentschefen
380 1448 124 36 ansett,
528 1447 50 30 att
598 1446 126 41 jämväl
746 1447 53 31 för
821 1448 99 30 nästa
942 1447 170 41 budgetår
1137 1450 92 29 smör
1251 1448 64 32 bör
1337 1449 137 31 komma
1497 1449 53 31 till
1574 1461 54 19 an-

120 1494 176 42 vändning
328 1495 57 31 vid
419 1498 136 29 arméns
589 1496 300 42 matinrättningar
923 1497 12 31 i
959 1498 116 31 stället
1097 1498 53 31 för
1173 1499 178 41 margarin,
1377 1499 111 31 skulle
1511 1499 116 32 härtill

121 1545 137 31 komma
290 1545 193 32 kostnaden
510 1547 52 30 för
588 1548 102 36 smör,
720 1558 72 20 som
827 1547 93 42 höjts
944 1548 54 31 till
1021 1549 47 30 7.7
1094 1551 58 29 öre
1175 1560 62 30 per
1259 1549 148 41 portion.
1453 1550 69 31 Det
1545 1561 84 20 sam-

123 1595 180 40 manlagda
325 1596 166 42 beloppet
514 1597 110 31 skulle
647 1597 102 32 alltså
771 1598 92 31 bliva
885 1598 51 41 (78
954 1604 31 29 +
1003 1599 46 31 7.7
1065 1599 51 41 =)
1140 1600 69 31 85.7
1235 1601 67 30 öre.

179 1639 144 48 »Övriga
356 1647 451 41 mathållningskostnader»
844 1648 88 32 hava
965 1668 40 3 —
1039 1650 106 30 sedan
1179 1650 74 31 från
1288 1650 174 32 desamma
1496 1651 130 42 dragits

123 1696 413 42 avlöningskostnaderna
557 1699 53 30 för
632 1698 67 32 den
722 1699 175 41 kvinnliga
919 1700 96 31 köks-
1037 1700 64 31 och
1118 1700 315 41 servispersonalen
1450 1720 39 3 —
1505 1702 124 40 jämväl

124 1746 78 32 med
236 1747 133 42 hänsyn
404 1748 53 31 till
492 1749 41 31 de
568 1749 157 42 stegrade
759 1750 356 41 livsmedelspriserna
1138 1751 184 32 beräknats
1346 1752 53 30 till
1425 1754 35 29 11
1487 1754 56 29 öre
1568 1764 61 30 per

125 1808 78 20 man
238 1798 63 31 och
329 1798 74 41 dag.
449 1799 54 31 Då
526 1800 191 31 emellertid
740 1800 232 32 kostnaderna
994 1801 52 31 för
1069 1801 42 31 de
1135 1802 52 30 till
1210 1802 96 31 köks-
1330 1802 63 31 och
1418 1803 213 31 servisbiträ-

125 1847 88 32 dena
247 1849 169 40 utgående
450 1850 64 30 fria
546 1850 355 42 naturaportionerna,
936 1851 91 31 vilka
1060 1852 52 30 för
1147 1853 209 31 närvarande
1389 1853 173 31 bestridas
1589 1865 40 19 av

125 1898 120 38 medel,
281 1909 74 21 som
388 1899 184 32 beräknats
606 1901 52 30 för
693 1901 134 40 »övriga
860 1901 216 37 kostnader»,
1109 1904 132 29 ansetts
1264 1903 52 30 för
1339 1905 99 29 nästa
1461 1903 169 41 budgetår

124 1948 85 31 böra
242 1951 169 38 upptagas
446 1960 73 20 som
554 1961 40 19 en
630 1950 147 31 särskild
811 1951 229 40 anslagspost,
1076 1951 112 32 vilken
1211 1952 184 31 beräknats
1418 1953 53 30 till
1494 1954 136 37 205,000

124 1998 136 37 kronor,
295 1999 61 30 har
389 2011 41 19 en
455 2000 169 40 sänkning
647 2012 40 19 av
710 2000 58 31 det
791 2001 52 30 för
870 2001 134 40 »övriga
1027 2002 201 31 kostnader»
1256 2005 176 39 upptagna
1454 2003 176 41 beloppet,

127 2049 34 30 11
189 2050 66 35 öre,
280 2049 163 41 vidtagits
467 2050 77 31 med
569 2051 46 30 2.5
643 2052 57 29 öre
724 2050 53 31 till
802 2053 47 28 8.5
876 2053 68 29 öre.

177 2100 18 30 I
230 2100 150 40 enlighet
415 2100 140 31 härmed
589 2101 61 30 har
684 2101 281 32 medelsbehovet
993 2102 108 31 under
1125 2103 163 40 anslaget,
1314 2115 54 19 om
1394 2115 77 19 man
1495 2104 135 31 bortser

124 2150 74 30 från
222 2150 231 31 kostnaderna
476 2151 52 30 för
551 2151 65 31 den
639 2151 176 40 kvinnliga
837 2152 96 30 köks-
957 2152 63 30 och
1038 2153 324 40 servispersonalen,
1385 2154 184 31 beräknats
1586 2157 44 38 på

124 2200 166 40 grundval
313 2212 40 19 av
377 2202 49 29 ett
449 2201 381 41 dagskostnadsbelopp
855 2213 39 20 av
918 2201 80 41 (85.7
1018 2207 29 29 +
1066 2204 47 29 8.5
1129 2203 50 40 =)
1202 2204 69 30 94.2
1298 2205 66 29 öre.

177 2250 275 41 Anslagsposten
476 2251 52 30 för
551 2251 165 31 kontanta
739 2252 360 40 avlöningsförmåner,
1124 2253 235 31 arbetskläder
1383 2254 63 30 och
1468 2254 161 40 sjukvård

125 2301 35 29 åt
181 2300 213 30 sistnämnda
418 2301 169 40 personal,
612 2301 113 30 vilken
750 2304 80 37 post
853 2302 52 30 för
928 2302 229 30 innevarande
1174 2303 166 40 budgetår
1357 2304 177 40 upptagits
1552 2304 77 30 med

125 2350 136 37 563,000
294 2350 134 36 kronor,
453 2351 61 29 har
545 2362 39 19 av
618 2351 378 40 departementschefen
1032 2355 131 28 ansetts
1186 2353 83 31 böra
1293 2353 98 40 höjas
1415 2354 77 30 med
1517 2355 114 34 72,000

125 2399 127 31 kronor
283 2400 62 30 och
381 2400 134 30 således
546 2400 182 31 beräknats
752 2401 50 30 till
828 2401 147 40 (563,000
991 2407 30 29 +
1041 2403 173 40 72,000
1177 2395 43 52 =)
1238 2404 136 35 635,000
1398 2403 134 31 kronor.
1578 2404 52 30 De

126 2450 251 39 sammanlagda
413 2450 231 31 kostnaderna
669 2452 50 29 för
742 2451 64 30 den
832 2452 175 38 kvinnliga
1023 2452 93 30 köks-
1135 2453 61 30 och
1215 2453 313 41 servispersonalen
1547 2454 85 30 hava
