1924 2828
298 212 38 30 10
793 216 231 27 Statsutskottets
1047 217 149 26 utlåtande
1218 217 48 27 Nr
1280 215 28 29 4.

296 287 441 42 handräckningskarlarna,
773 289 174 32 skrivaren
982 290 63 31 och
1079 290 205 32 bokföraren
1319 293 89 30 samt
1441 291 267 32 kontorsvakten
1743 292 57 31 vid

295 338 496 42 fortifikationsförvaltningen
814 340 11 30 i
849 340 135 38 Boden;

347 389 67 31 dels
447 389 54 31 ock
534 400 41 20 en
609 390 94 31 inom
734 390 106 31 andra
862 391 194 31 kammaren
1081 403 40 19 av
1144 392 79 31 herr
1247 392 30 31 S.
1307 392 99 32 Cruse
1428 404 38 20 m.
1484 394 38 39 fl.
1546 393 99 30 väckt
1669 393 130 32 motion

295 437 51 41 (nr
382 438 79 41 171),
497 440 70 30 vari
601 440 203 39 hemställts,
829 443 50 28 att
902 441 181 42 riksdagen
1108 444 105 29 måtte
1237 443 145 38 besluta,
1407 445 50 29 att
1480 445 113 29 staten
1616 443 53 31 för
1691 444 107 41 garni-

295 489 268 40 sonssjukhuset
595 490 12 31 i
643 490 201 32 Stockholm
878 492 188 31 fastställes
1090 492 53 31 till
1168 492 121 32 sådant
1311 493 139 42 belopp,
1475 495 50 29 att
1547 494 252 41 lönereglering

293 538 66 32 kan
383 540 222 32 tillerkännas
629 541 200 40 sjukhusets
853 542 321 41 ekonomipersonal
1197 543 105 31 redan
1324 543 231 32 innevarande
1578 544 177 41 budgetår.

345 590 18 30 I
386 591 94 40 fråga
503 602 55 20 om
581 591 43 31 de
647 592 82 38 skäl,
754 592 255 32 motionärerna
1031 594 113 30 anfört
1167 594 53 31 till
1243 594 78 32 stöd
1337 595 53 31 för
1407 594 75 31 sina
1497 594 299 42 framställningar,

294 640 50 31 får
376 640 171 32 utskottet
580 641 143 32 hänvisa
756 642 53 31 till
844 643 215 32 motionerna
1091 644 28 31 I:
1148 645 49 37 21,
1232 644 26 32 I:
1285 645 69 38 136,
1389 645 46 30 II:
1462 646 69 37 129,
1566 644 47 32 II:
1639 645 60 31 134
1733 645 64 31 och

292 690 46 31 IT:
365 691 69 31 171.

346 801 236 32 Förevarande
604 803 118 41 anslag
744 806 37 28 är
802 804 10 30 i
835 804 184 32 riksstaten
1042 806 53 30 för
1117 806 226 31 innevarande
1366 805 169 42 budgetår
1556 806 140 41 uppfört
1718 805 77 31 med

294 852 187 37 26,7100,000
502 852 131 32 kronor.

346 901 120 42 Enligt
486 903 79 31 1936
584 905 53 30 års
657 904 155 41 riksdags
831 905 115 31 beslut
965 905 85 32 skall
1069 907 213 41 övergången
1300 906 53 31 till
1373 906 66 32 den
1457 918 67 30 nya
1542 905 250 42 härordningen

295 953 151 41 försiggå
462 953 10 31 1
488 956 50 29 tre
553 954 137 38 skeden,
706 966 40 20 av
761 955 91 31 vilka
868 955 57 32 det
940 956 107 31 första
1063 957 160 31 omfattar
1237 957 204 41 budgetåret
1456 957 145 38 1936/37,
1617 957 58 32 det
1690 957 104 32 andra

294 1003 95 31 tiden
414 1004 205 32 1937—1940
643 1005 62 31 och
729 1006 57 31 det
809 1006 110 41 tredje
942 1007 95 31 tiden
1061 1007 216 32 1940—1946.
1310 1008 70 31 Vid
1402 1008 122 41 början
1546 1019 41 20 av
1610 1008 57 31 det
1689 1008 105 31 andra

294 1054 118 31 skedet
437 1055 62 31 bör
523 1056 332 41 omorganisationen
880 1068 40 20 av
944 1059 131 29 arméns
1100 1058 141 41 ledning
1264 1058 210 38 verkställas,
1499 1059 163 41 varjämte
1686 1059 108 31 under

294 1105 93 31 detta
407 1105 104 32 skede
531 1106 41 31 de
592 1107 149 31 avsedda
760 1108 288 40 organisatoriska
1069 1109 282 41 förändringarna
1370 1109 11 31 i
1402 1109 111 42 övrigt
1532 1110 124 41 jämväl
1676 1110 11 31 i
1707 1112 87 30 stort

293 1157 66 29 sett
382 1156 83 31 böra
489 1158 60 39 äga
573 1168 82 20 rum.

344 1207 112 31 Dessa
480 1208 148 40 grunder
651 1209 54 30 för
729 1209 65 30 den
819 1220 65 30 nya
908 1209 271 42 härordningens
1205 1211 264 40 genomförande
1494 1211 86 31 hava
1604 1211 108 31 under
1736 1211 57 32 det

292 1267 45 21 nu
360 1258 147 41 löpande
530 1258 203 42 budgetåret
755 1259 190 42 planenligt
968 1260 196 41 tillämpats.
1201 1260 152 32 Sålunda
1375 1261 61 31 har
1460 1261 333 42 omorganisationen

294 1319 39 19 av
351 1310 134 29 arméns
503 1309 122 41 högsta
643 1309 140 41 ledning
801 1321 141 20 numera
959 1310 12 31 i
989 1311 178 31 huvudsak
1186 1312 209 40 genomförts
1416 1312 63 31 och
1498 1312 41 32 de
1557 1313 12 30 i
1588 1313 204 41 föregående

294 1361 53 29 års
368 1359 405 42 statsverksproposition
794 1361 146 40 angivna
959 1361 314 42 kaderökningarna
1293 1362 86 32 hava
1399 1363 109 31 under
1527 1365 73 29 året
1619 1364 171 41 vidtagits.

344 1410 18 30 I
400 1410 55 30 sin
482 1410 163 32 skrivelse
673 1411 65 31 den
768 1412 38 30 10
834 1412 193 41 september
1055 1413 80 30 1937
1163 1413 173 41 angående
1365 1414 259 32 lantförsvarets
1652 1415 139 31 medels-

292 1460 110 43 behov
423 1461 54 30 för
496 1460 201 42 budgetåret
719 1462 135 31 1938/39
875 1462 62 31 har
956 1463 344 41 arméförvaltningen
1320 1464 59 31 vid
1398 1464 231 42 beräkningen
1650 1476 40 20 av
1711 1466 81 30 lant-

292 1510 185 31 försvarets
501 1510 299 44 avlöningsanslag
823 1515 112 39 utgått
958 1512 88 32 ifrån
1070 1525 40 19 av
1133 1513 126 42 Kungl.
1284 1514 102 42 Maj:t
1409 1517 44 39 på
1476 1515 165 40 grundval
1664 1526 41 21 av
1728 1515 64 31 för-

292 1561 246 32 svarsbeslutet
576 1562 194 32 fastställda
809 1563 148 41 grunder
985 1564 53 31 för
1065 1564 333 42 kaderändringarna
1426 1566 108 31 under
1561 1566 227 41 nyssnämnda

290 1611 176 42 budgetår.
501 1613 18 30 I
542 1613 90 41 syfte
655 1616 50 28 att
728 1614 149 31 undvika
901 1614 209 42 rubbningar
1134 1626 40 20 av
1197 1615 375 33 arbetsförhållandena
1595 1616 58 32 vid
1677 1616 115 32 skolor

292 1663 61 31 och
373 1663 251 41 truppförband
645 1666 87 29 samt
752 1664 52 31 för
824 1666 50 29 att
892 1664 167 41 begränsa
1079 1665 41 30 de
1140 1665 77 31 med
1236 1666 222 40 personalens
1479 1667 229 41 omplacering
1727 1668 64 30 för-

291 1714 107 31 enade
414 1714 413 41 flyttningskostnaderna
842 1715 61 30 har
918 1715 346 42 arméförvaltningen
1279 1716 187 42 föreslagit,
1484 1719 49 29 att
1549 1717 243 43 kaderökning-

292 1776 80 20 arna
396 1765 58 31 vid
480 1765 99 31 dessa
602 1776 118 21 senare
746 1766 271 41 organisationer
1041 1768 104 30 måtte
1171 1767 215 40 genomföras
1412 1768 87 31 först
1525 1768 75 31 från
1627 1769 62 31 och
1715 1770 77 31 med

291 1814 65 31 den
375 1815 16 30 1
411 1815 143 31 oktober
571 1816 89 31 1938.
690 1816 52 31 De
760 1827 66 31 nya
843 1817 588 43 regementskassörsbeställningar,
1451 1830 73 20 som
1542 1819 106 42 enligt
1666 1819 123 42 planen

291 1865 94 31 skola
409 1866 162 31 tillsättas
596 1867 108 31 under
727 1867 279 32 nästkommande
1029 1868 177 41 budgetår,
1230 1868 85 31 hava
1339 1869 190 31 emellertid
1554 1872 130 29 ansetts
1707 1870 82 31 böra

290 1915 162 32 tillsättas
476 1916 103 31 redan
603 1917 75 31 från
703 1917 62 31 och
788 1917 77 31 med
889 1917 220 42 budgetårets
1132 1918 130 42 början.

341 1966 104 31 Emot
472 1967 41 31 de
541 1967 144 31 sålunda
710 1979 40 19 av
777 1968 345 42 arméförvaltningen
1150 1969 144 41 angivna
1321 1970 193 41 grunderna
1541 1971 53 31 för
1621 1973 167 30 staternas

289 2015 216 32 beräknande
540 2016 60 31 har
636 2016 376 42 departementschefen
1047 2018 73 32 icke
1145 2018 74 32 haft
1240 2021 106 39 något
1371 2022 50 29 att
1447 2021 118 31 erinra.
1603 2021 118 32 Ehuru
1747 2022 41 30 de

290 2066 280 43 kaderökningar,
592 2079 74 20 som
686 2068 95 32 skola
800 2069 156 41 vidtagas
977 2070 107 31 under
1105 2072 98 30 nästa
1223 2070 175 42 budgetår,
1421 2072 133 31 således
1575 2072 12 31 i
1608 2073 91 40 regel
1718 2073 73 32 icke

289 2116 133 32 komma
440 2119 50 29 att
509 2118 168 41 företagas
698 2119 114 30 förrän
832 2130 41 19 en
894 2119 167 41 fjärdedel
1080 2131 41 20 av
1139 2120 201 41 budgetåret
1359 2121 137 41 förgått,
1517 2133 101 30 synes
1639 2122 149 42 departe-

289 2168 233 31 mentschefen
544 2168 85 31 dock
649 2180 41 19 av
711 2168 286 42 budgettekniska
1018 2170 73 31 skäl
1112 2170 58 31 lön
1192 2171 53 30 för
1266 2171 41 31 de
1328 2172 304 40 nytillkommande
1653 2173 133 31 beställ-

288 2218 165 41 ningarna
478 2218 83 32 böra
585 2218 166 32 beräknas
777 2220 53 30 för
855 2219 78 32 hela
957 2220 211 41 budgetåret.
1206 2221 95 31 Dock
1326 2222 61 31 har
1413 2223 75 30 från
1514 2222 57 32 det
1595 2223 191 32 beräknade

288 2269 106 30 totala
412 2269 342 42 avlöningsbeloppet
773 2270 126 42 avdrag
916 2271 108 41 gjorts
1042 2271 77 31 med
1138 2274 49 29 ett
1204 2272 126 42 belopp
1348 2273 237 32 motsvarande
1605 2274 65 31 den
1689 2286 98 30 unge-

288 2319 121 41 färliga
433 2330 153 20 summan
610 2331 40 20 av
674 2320 41 31 de
739 2320 136 42 belopp,
900 2321 136 31 varmed
1060 2323 151 30 staterna
1234 2323 52 30 för
1310 2323 116 31 skolor
1450 2323 63 31 och
1536 2324 250 41 truppförband

287 2368 197 42 härigenom
506 2369 101 32 blivit
629 2370 53 31 för
704 2370 82 42 högt
809 2370 201 32 beräknade.

345 2420 115 31 Under
480 2420 160 32 rubriken
661 2420 361 41 avlöningsförmåner,
1043 2425 173 38 upptagna
1237 2424 12 30 i
1269 2423 237 42 vederbörliga
1526 2427 106 29 stater
1652 2424 62 32 har
1734 2425 53 31 de-

287 2471 331 39 partementschefen
636 2471 177 42 föreslagit
831 2472 66 31 den
915 2472 252 42 förändringen,
1186 2475 48 29 att
1252 2476 150 29 staterna
1419 2474 54 31 för
1490 2476 73 40 väg-
1581 2476 62 31 och
1661 2478 125 29 vatten-

290 2519 300 42 byggnadskårens
623 2521 305 42 chefsexpedition,
962 2523 348 41 tygdepartementets
1343 2524 152 32 fabriker
1526 2525 63 31 och
1621 2525 164 32 anstalter
