1892 2830
276 186 41 32 66
762 193 230 28 Statsutskottets
1015 195 147 28 utlåtande
1183 196 49 27 Nr
1254 199 27 27 4.

281 263 145 30 varande
445 263 66 31 fem
529 264 54 30 till
602 275 68 26 sex,
689 268 85 28 samt
792 268 50 29 att
860 267 153 40 anslaget
1031 268 53 30 till
1102 269 199 41 avlöningar
1319 271 58 31 vid
1395 272 115 31 verket
1529 276 54 28 må
1601 274 81 32 ökas
1703 277 75 30 med

280 313 93 37 6,000
396 313 124 31 kronor
543 316 120 29 utöver
687 315 57 31 det
767 316 127 42 belopp
919 329 72 19 som
1015 330 40 19 av
1080 319 126 41 Kungl.
1232 320 100 42 Maj:t
1357 322 207 42 föreslagits;

333 364 75 30 dels
428 365 60 30 ock
508 376 41 19 en
569 365 94 31 inom
683 366 103 31 andra
805 367 193 32 kammaren
1018 380 40 19 av
1078 370 79 30 herr
1179 370 34 31 C.
1235 371 175 41 Lindberg
1429 374 11 30 i
1463 373 199 34 Stockholm
1682 377 97 32 väckt

279 414 130 30 motion
428 414 52 40 (nr
495 415 87 40 249),
599 416 71 30 vari
685 416 201 39 hemställts,
903 420 49 29 att
967 418 181 42 riksdagen
1165 423 102 29 måtte
1284 422 135 32 besluta
1433 426 43 39 på
1492 425 286 41 sjökarteverkets

279 466 67 28 stat
364 467 148 39 upptaga
530 468 50 28 tre
599 466 170 32 ordinarie
787 467 534 37 kontrollstationsföreståndare
1340 474 57 30 vid
1416 474 363 35 kontrollstationerna

279 514 21 32 i.
318 513 207 40 Stockholm,
553 516 128 31 Malmö
709 518 62 30 och
798 518 177 42 Göteborg
1002 523 85 28 samt
1116 524 50 28 att
1193 522 99 32 dessa
1320 524 233 33 föreståndare
1581 527 12 30 i
1621 527 157 32 lönehän-

279 565 124 31 seende
427 566 151 40 placeras
604 567 11 30 i
640 567 162 41 lönegrad
825 569 39 30 B.
879 570 49 30 23.

331 615 18 30 I
369 616 94 42 fråga
484 629 53 19 om
558 619 42 31 de
621 620 82 38 skäl,
725 622 250 32 motionärerna
996 624 113 31 anfört
1131 625 54 31 till
1207 626 77 30 stöd
1306 626 54 31 för
1381 627 74 31 sina
1476 624 301 50 framställningar,

280 665 51 30 får
354 667 166 32 utskottet
543 669 143 33 hänvisa
709 672 52 30 till
785 673 212 32 motionerna
1022 675 28 30 I:
1065 675 49 37 27,
1139 676 49 30 IT:
1203 676 39 31 93
1266 677 62 30 och
1351 677 49 31 IT:
1415 678 69 31 249.

330 758 235 33 Förevarande
583 762 119 41 anslag
719 765 35 28 är
767 763 53 31 för
833 764 227 33 innevarande
1074 766 167 42 budgetår
1254 768 140 41 uppfört
1406 769 76 31 med
1495 770 136 37 248,900
1643 771 134 31 kronor.

330 808 82 31 Med
432 810 134 31 erinran
587 814 49 29 att
657 815 19 28 å
695 813 156 40 gällande
873 817 68 29 stat
961 817 111 31 medel
1093 818 124 32 funnes
1238 820 191 33 beräknade
1451 823 53 30 för
1525 824 189 33 avlönande
1737 837 40 20 av

278 869 41 20 en
347 861 93 30 extra
467 861 170 32 ordinarie
665 863 335 43 befattningshavare
1034 867 188 43 (assistent)
1255 871 57 30 vid
1340 871 291 43 Jordmagnetiska
1659 876 118 31 under-

278 909 329 42 sökningsväsendet
630 913 11 30 i
663 914 72 31 21:a
758 914 216 42 lönegraden,
997 918 61 30 har
1082 919 384 41 departementschefen,
1490 924 43 31 då
1557 925 57 32 det
1637 937 142 21 numera

279 959 92 41 finge
395 972 99 20 anses
519 962 54 31 till
599 963 85 32 fullo
710 965 187 42 ådagalagt,
924 969 48 29 att
998 968 65 31 den
1090 969 256 42 ifrågavarande
1373 974 404 44 assistentbefattningen

276 1029 42 3 —
347 1010 191 34 oberoende
570 1025 41 19 av
641 1015 53 30 till
723 1016 113 31 vilken
868 1018 286 33 statsinstitution
1187 1021 56 31 det
1273 1022 289 42 jordmagnetiska
1595 1028 182 31 undersök-

277 1060 264 41 ningsväsendet
570 1063 113 33 kunde
712 1065 132 33 komma
873 1070 48 29 att
951 1069 174 32 definitivt
1154 1071 169 42 förläggas
1351 1093 43 3 —
1420 1086 79 20 vore
1529 1077 54 30 för
1612 1078 164 32 verksam-

277 1110 119 32 hetens
420 1112 209 34 bedrivande
653 1116 210 42 erforderlig,
888 1121 111 29 ansett
1023 1120 53 41 sig
1099 1121 83 31 böra
1205 1122 171 42 tillstyrka
1399 1136 41 20 en
1465 1137 40 19 av
1529 1128 169 40 styrelsen
1724 1129 55 31 för

278 1161 265 40 sjökarteverket
567 1165 100 40 gjord
691 1166 251 44 framställning
966 1181 53 20 om
1043 1170 256 44 befattningens
1324 1176 213 40 uppförande
1562 1180 19 28 å
1606 1179 171 31 ordinarie

278 1214 67 29 stat
366 1213 76 31 med
464 1214 174 42 placering
659 1217 11 29 i
693 1217 206 41 lönegraden
922 1220 38 30 B.
975 1221 47 30 21.

329 1265 68 30 För
420 1266 65 31 den
507 1278 140 21 numera
670 1270 244 40 obligatoriska
937 1272 193 33 kontrollen
1155 1285 40 20 av
1219 1275 304 42 fartygslanternor
1548 1279 62 31 och
1636 1280 140 41 fartygs-

276 1314 198 42 kompasser
492 1318 113 32 finnas
625 1320 107 31 under
749 1321 267 40 sjökarteverket
1034 1324 148 40 lydande
1201 1337 24 19 s.
1245 1326 28 31 k.
1294 1326 318 34 kontrollstationer
1629 1330 11 30 i
1662 1330 116 32 Stock-

276 1365 102 37 holm,
409 1366 184 43 Göteborg,
625 1369 136 39 Malmö,
791 1371 141 32 Kalmar
963 1374 62 30 och
1058 1374 193 33 Sundsvall.
1293 1377 68 31 Vid
1392 1379 211 32 stationerna
1633 1383 58 29 äro
1723 1392 53 20 an-

277 1416 124 31 ställda
439 1418 168 32 särskilda
645 1419 543 44 kontrollstationsföreståndare,
1227 1427 110 31 tillika
1376 1429 125 31 ombud
1529 1431 59 30 vid
1616 1431 161 40 sjökarte-

277 1465 134 32 verkets
433 1471 181 37 agenturer
635 1470 11 30 i
668 1472 145 30 nämnda
836 1473 123 31 städer.
994 1474 52 31 De
1069 1478 140 39 antagas
1232 1488 40 20 av
1293 1478 120 32 chefen
1435 1480 54 30 för
1510 1481 270 40 sjökarteverket

278 1515 86 31 efter
394 1518 150 31 ansökan
576 1520 145 31 medelst
752 1522 229 33 förordnande
1012 1525 190 33 tillsvidare
1233 1530 43 38 på
1305 1529 70 30 viss
1406 1529 60 38 tid,
1497 1530 103 42 högst
1632 1532 67 31 fem
1732 1535 46 29 år.

276 1566 18 31 I
312 1567 374 41 avlöningshänseende
706 1572 132 40 åtnjuta
856 1573 558 37 kontrollstationsföreståndarna
1433 1580 73 31 dels
1525 1582 158 38 arvoden,
1704 1594 73 20 som

277 1618 43 39 på
344 1617 129 42 förslag
496 1630 40 20 av
561 1620 121 32 chefen
707 1622 52 30 för
784 1623 267 40 sjökarteverket
1076 1627 130 41 årligen
1233 1628 187 33 fastställas
1446 1642 40 19 av
1511 1631 126 42 Kungl.
1665 1633 111 41 Maj:t,

279 1667 72 31 dels
372 1668 60 31 ock
450 1680 41 20 en
510 1670 169 40 fjärdedel
699 1683 39 20 av
757 1673 41 30 de
817 1674 155 40 avgifter,
991 1687 73 19 som
1084 1677 57 41 vid
1161 1678 65 30 den
1246 1682 150 37 agentur,
1417 1681 255 33 vederbörande
1693 1684 84 31 före-

278 1719 78 36 står,
381 1718 123 42 inflyta
527 1721 53 30 för
603 1722 206 32 verkställda
833 1724 294 43 undersökningar
1151 1739 40 19 av
1215 1730 157 31 nautiska
1395 1731 205 32 instrument
1625 1734 62 31 och
1712 1735 64 40 sjö-

278 1768 173 32 lanternor
472 1774 86 27 samt
581 1772 54 30 för
658 1773 177 32 utfärdade
859 1775 178 32 certifikat.

329 1822 387 41 Departementschefen
759 1825 60 31 har
864 1826 195 39 framhållit,
1106 1830 49 29 att
1199 1829 578 38 kontrollstationsföreståndarnas

278 1872 351 42 avlöningsförmåner
654 1875 164 32 bestämts
845 1876 58 31 vid
929 1889 41 19 en
995 1878 171 41 tidpunkt,
1194 1880 42 31 då
1261 1881 408 35 kontrollverksamheten
1696 1897 80 20 vore

277 1925 49 28 att
350 1923 154 32 betrakta
528 1927 113 29 såsom
667 1937 41 19 en
732 1926 158 40 bisyssla.
928 1928 118 31 Under
1071 1930 58 30 det
1155 1932 48 29 att
1229 1931 92 32 detta
1346 1933 61 31 allt
1432 1934 211 33 fortfarande
1669 1937 108 41 enligt

278 1973 393 41 departementschefens
710 1977 137 41 mening
886 1980 107 29 måste
1033 1990 99 21 anses
1173 1992 77 20 vara
1289 1982 228 33 förhållandet
1557 1986 11 30 i
1598 1986 94 41 fråga
1722 1998 54 20 om

277 2023 362 33 kontrollstationerna
669 2027 10 29 i
708 2026 140 32 Kalmar
878 2029 62 30 och
972 2029 194 39 Sundsvall,
1196 2032 86 31 hade
1313 2033 131 32 arbetet
1473 2036 57 30 vid
1561 2032 215 46 kontrollsta-

278 2073 155 32 tionerna
460 2075 11 30 i
500 2075 208 39 Stockholm,
739 2077 175 42 Göteborg
943 2080 61 30 och
1032 2080 128 32 Malmö
1189 2083 76 30 med
1293 2085 80 30 åren
1400 2085 100 32 blivit
1529 2087 154 32 alltmera
1711 2099 65 20 om-

279 2124 160 32 fattande.
477 2125 148 32 Särskilt
648 2138 120 30 genom
793 2129 41 31 de
859 2131 37 29 år
921 2130 80 32 1936
1025 2132 179 32 utfärdade
1228 2133 300 35 bestämmelserna
1553 2148 54 20 om
1633 2139 143 31 lantern-

278 2175 232 32 certifikatens
535 2177 231 41 giltighetstid
791 2179 132 32 komme
949 2181 130 32 arbetet
1104 2183 57 31 vid
1188 2184 40 30 de
1253 2187 50 28 tre
1329 2186 211 32 sistnämnda
1566 2189 211 31 stationerna

279 2227 48 28 att
351 2225 34 31 få
410 2237 41 19 en
476 2227 105 31 sådan
606 2229 213 41 omfattning,
846 2233 49 28 att
921 2242 40 20 en
987 2232 206 42 förbättring
1218 2246 40 19 av
1283 2236 253 33 vederbörande
1562 2239 213 32 kontrollsta-

278 2275 347 34 tionsföreståndares
657 2279 244 42 löneställning
933 2282 91 41 finge
1057 2294 100 21 anses
1189 2285 234 43 ofrånkomlig.
1466 2288 133 32 Härvid
1631 2290 61 31 har
1724 2291 53 31 de-

278 2327 331 39 partementschefen
647 2333 111 28 ansett
794 2331 53 41 sig
884 2333 10 29 i
921 2333 198 41 anslutning
1145 2335 54 31 till
1225 2338 48 29 ett
1299 2348 40 19 av
1365 2338 169 32 allmänna
1561 2340 216 32 civilförvalt-

277 2375 145 41 ningens
444 2377 205 33 lönenämnd
670 2380 132 41 avgivet
824 2382 137 41 förslag,
983 2386 49 28 att
1051 2384 559 37 kontrollstationsföreståndarna
1630 2391 11 30 i
1664 2391 115 32 Stock-

278 2426 92 30 holm
390 2427 62 31 och
472 2428 176 42 Göteborg
666 2431 76 30 med
762 2431 133 41 hänsyn
914 2433 54 30 till
988 2434 173 41 omfånget
1182 2447 40 19 av
1242 2437 97 31 deras
1359 2438 292 43 arbetsuppgifter
1670 2441 106 32 borde

280 2475 128 32 erhålla
424 2489 42 19 en
483 2478 125 32 fastare
628 2481 208 41 anställning
852 2482 58 31 vid
928 2483 267 40 sjökarteverket
1212 2489 41 28 än
1272 2488 53 30 för
1342 2491 217 30 närvarande.
1579 2491 18 30 I
1614 2492 164 32 avvaktan
