2193 2675
466 221 38 31 18
671 224 101 30 Andra
795 226 188 28 Kammarens
1010 226 163 38 Tillfälliga
1201 227 125 29 Utskotts
1348 225 58 39 (Nr
1428 225 31 40 4y
1485 228 155 29 Utlåtande
1662 229 46 28 Nr
1729 226 50 32 38.

423 300 173 50 billigare
637 302 123 37 under
799 316 43 24 en
885 303 229 48 nedgående
1154 304 250 51 konjunktur,
1434 311 41 32 är
1514 305 66 38 det
1610 306 162 50 möjligt,
1802 312 56 33 att
1883 307 143 39 kassan

423 352 111 38 äfven
561 355 75 37 kan
664 354 143 38 bereda
834 355 276 39 kommunerna
1137 356 124 38 bättre
1290 357 126 38 kredit
1446 357 118 39 under
1584 358 140 38 sådana
1743 359 277 38 förhållanden.

420 404 83 38 Den
544 406 139 37 tanken
727 406 68 37 har
837 407 116 38 också
992 413 151 45 yppats,
1172 414 54 31 att
1267 414 54 32 ett
1360 409 167 38 kreditiv
1567 410 42 37 af
1643 410 222 48 Riksdagen
1897 411 123 38 skulle

421 456 130 39 ställas
594 458 57 37 till
679 458 140 49 Kungl.
850 459 125 50 Maj:ts
1004 459 227 49 förfogande
1260 460 59 37 för
1346 466 55 31 att
1427 461 201 49 begagnas
1657 462 58 38 till
1742 462 189 49 tillfälliga
1959 463 63 37 lån

422 511 36 34 åt
497 509 237 49 kommuner,
778 524 81 24 som
893 511 91 49 vilja
1011 512 107 49 börja
1147 517 55 32 att
1228 512 216 50 igångsätta
1472 513 171 48 arbeten,
1671 519 68 33 när
1766 515 254 50 lågkonjunk-

419 566 111 32 turen
567 561 183 50 inbryter,
795 576 85 23 men
922 563 387 51 penningtillgången
1339 570 99 32 ännu
1467 570 41 33 är
1536 565 139 51 knapp.
1729 566 197 39 Utskottet
1952 566 69 39 har

419 613 213 38 emellertid
661 614 33 50 ej
724 614 127 37 funnit
879 615 209 49 anledning
1115 620 174 33 närmare
1318 616 90 49 ingå
1434 620 49 47 på
1510 617 231 39 denna-sak.

551 666 130 37 Under
708 666 359 39 arbetslöshetsåret
1096 669 95 36 1908
1220 668 134 49 vidtog
1382 669 75 37 den
1485 669 186 48 engelske
1687 670 331 38 arbetsministern

417 716 93 36 John
538 717 124 35 Burns
699 719 175 45 åtgärder
901 718 12 34 i
941 718 99 48 syfte
1082 723 55 31 att
1173 719 122 36 förmå
1331 720 275 36 kommunerna
1646 721 200 49 påskynda
1873 735 47 23 en
1954 722 63 37 del

419 766 190 39 ordinarie
650 767 169 38 arbeten.
873 767 140 39 Härom
1049 774 123 46 yttrar
1212 769 74 37 han
1326 769 92 46 själf
1453 770 55 37 uti
1549 771 380 38 underhusdebatten
1952 785 65 24 an-

417 818 150 49 gående
593 819 306 38 arbetslösheten
928 821 72 37 den
1029 823 46 34 26
1105 821 161 38 oktober
1295 823 110 36 1908:
1442 822 109 38 »Med
1570 823 208 49 anledning
1798 823 41 38 af
1852 823 165 39 rådande

419 870 283 49 exceptionella
721 870 274 50 förhållanden,
1016 872 70 37 och
1106 872 47 38 då
1171 873 38 37 vi
1225 872 128 37 kunde
1373 873 157 48 förutse,
1551 879 55 32 att
1621 875 258 37 arbetslöshet
1896 875 123 38 skulle

417 921 151 38 inträffa
596 922 125 38 denna
750 923 134 47 vinter,
913 923 147 38 beslöto
1089 924 38 36 vi
1155 929 54 32 att
1227 929 94 44 göra
1339 924 98 38 hvad
1459 925 37 37 vi
1512 925 127 38 kunde
1655 926 60 38 för
1733 931 55 33 att
1806 926 214 51 förebygga

419 974 229 37 densamma.
705 974 49 38 Så
781 980 105 31 snart
912 975 134 50 billiga
1072 988 150 37 pengar
1250 976 126 38 kunde
1397 977 162 37 erhållas
1591 1002 49 5 —
1658 978 64 37 det
1738 992 68 23 var
1822 979 57 36 för
1896 992 123 36 unge-

418 1024 57 38 fär
503 1038 67 24 sex
598 1026 179 37 månader
805 1027 120 37 sedan
952 1046 49 6 —
1029 1026 224 38 meddelade
1273 1028 68 49 jag
1368 1028 275 39 kommunerna
1671 1034 54 32 att
1753 1030 64 36 det
1839 1043 68 23 var
1925 1030 94 37 nöd-

417 1076 160 48 vändigt
616 1077 154 48 vidtaga
807 1081 117 45 något
966 1078 57 37 för
1051 1084 53 31 att
1131 1078 150 37 minska
1309 1078 73 38 den
1409 1080 164 37 väntade
1599 1081 321 48 arbetslösheten,
1949 1081 71 38 och

414 1127 68 49 jag
520 1128 91 37 sade
650 1128 98 48 dem,
777 1134 54 32 att
859 1129 178 38 eftersom
1067 1143 148 36 pengar
1241 1143 51 24 nu
1320 1130 126 38 blifvit
1473 1130 145 50 billiga,
1647 1131 46 39 de
1722 1132 132 48 borde,
1883 1146 60 23 om
1972 1133 47 37 de

417 1179 98 36 hade
553 1183 120 44 några
713 1180 159 49 företag,
901 1195 82 23 som
1010 1182 77 36 förr
1114 1182 92 35 eller
1235 1195 131 24 senare
1395 1182 123 37 skulle
1545 1183 159 48 utföras,
1731 1184 102 37 helst
1860 1184 75 38 låta
1962 1190 58 32 ut-

417 1229 82 38 föra
522 1229 114 38 dessa
660 1237 149 31 snarast
833 1232 161 49 möjligt,
1023 1232 70 37 och
1117 1231 37 37 vi
1170 1232 123 37 skulle
1309 1232 87 38 med
1412 1233 87 49 nöje
1516 1234 247 49 understödja
1780 1235 110 37 deras
1908 1235 111 37 sträf-

416 1295 74 23 van
531 1287 55 31 att
624 1282 207 37 verkställa
870 1283 191 37 arbetena.
1120 1283 133 37 Denna
1282 1283 230 38 hemställan
1541 1285 155 49 gjordes
1725 1286 180 37 särskildt
1933 1286 86 37 med

416 1333 115 36 tanke
556 1335 48 46 på
633 1333 45 37 de
705 1333 308 50 yrkesskickliga
1037 1334 223 37 arbetarnas
1280 1335 264 48 belägenhet.»
1596 1336 96 48 >»Jag
1711 1341 119 43 ansåg
1850 1336 64 39 det
1929 1351 90 23 vara

418 1386 66 33 vår
523 1384 97 49 plikt
653 1389 54 31 att
733 1390 95 42 göra
854 1388 129 46 något,
1013 1399 81 23 som
1123 1386 235 37 omedelbart
1384 1386 71 48 gaf
1474 1387 45 36 de
1546 1387 226 49 yrkeslärda
1799 1388 219 50 sysselsätt-

416 1434 106 49 ning,
551 1435 72 37 och
647 1435 38 36 vi
710 1435 131 50 afsågo
861 1436 59 36 för
940 1436 104 38 detta
1063 1436 172 37 ändamål
1256 1436 161 50 företag,
1439 1451 81 24 som
1541 1438 108 38 skola
1668 1438 189 38 bestridas
1877 1452 139 36 genom

416 1486 95 37 lån.»
564 1485 67 38 »Vi
659 1486 128 37 kunna
814 1488 87 36 med
925 1492 98 33 rätta
1050 1493 105 43 säga,
1176 1493 53 30 att
1262 1488 65 37 det
1345 1489 98 36 varit
1463 1492 65 34 vår
1546 1489 117 49 afsigt
1682 1495 55 32 att
1756 1490 91 50 vilja
1875 1490 142 39 förutse

416 1537 127 37 nöden
572 1537 69 37 och
669 1537 238 38 förekomma
933 1539 253 37 densamma.»
1222 1538 147 38 Genom
1397 1540 102 37 John
1527 1540 124 38 Burns
1680 1541 178 49 åtgärder
1884 1542 134 48 igång-

417 1593 118 33 sattes
555 1589 243 37 kommunala
827 1590 156 37 arbeten
1012 1590 58 37 för
1094 1603 56 23 c:a
1179 1591 46 36 50
1253 1590 176 50 miljoner
1456 1592 163 36 kronors
1647 1592 117 38 värde
1788 1592 165 50 tidigare
1969 1599 48 31 än

417 1640 94 48 eljes
540 1640 122 37 skulle
690 1654 90 23 vara
808 1640 263 38 förhållandet.

549 1691 121 37 Bland
709 1692 44 36 de
793 1692 184 48 engelska
1006 1693 177 37 städerna
1205 1693 191 36 utmärkte
1426 1694 60 48 sig
1512 1694 180 37 särskildt
1719 1695 124 37 Leeds
1872 1695 59 36 för
1959 1695 58 37 sin

417 1742 173 37 sträfvan
618 1747 54 32 att
699 1743 175 37 utveckla
904 1743 70 37 den
1006 1744 187 37 ordinarie
1218 1744 243 38 kommunala
1481 1745 296 38 verksamheten
1796 1746 123 37 under
1937 1746 81 49 låg-

416 1793 294 49 konjunkturen.

222 1890 159 65 faen
551 1894 63 37 Uti
654 1895 90 37 flera
783 1895 134 37 länder
956 1896 48 36 ha
1031 1896 276 49 regeringarna
1333 1897 80 38 haft
1441 1897 57 38 sin
1525 1899 341 49 uppmärksamhet
1891 1899 125 37 riktad

299 1925 113 33 ggande
448 1949 14 5 ,..
669 1950 8 8 -
886 1947 5 6 .
969 1947 6 7 :
1524 1949 6 7 .
1764 1956 15 5 58
1904 1956 14 5 -

248 1958 45 27 till
310 1959 78 26 vissa
418 1944 117 49 därpå
563 1950 54 31 att
645 1946 140 37 sådana
812 1947 189 36 ordinarie
1019 1948 243 37 kommunala
1282 1948 168 47 arbeten,
1470 1949 128 37 hvilka
1617 1955 87 31 utan
1724 1956 121 31 större
1862 1950 154 49 olägen-

248 1991 131 28 årstider.
418 1995 65 37 het
511 1995 129 37 kunna
667 1996 143 38 utföras
838 1998 121 37 under
987 1998 368 50 vintermånaderna,
1383 2000 118 37 borde
1527 2000 197 49 förläggas
1751 2001 57 37 till
1837 2001 74 37 den
1939 2005 77 33 års-

414 2046 119 48 tiden,
576 2052 92 31 enär
703 2048 220 37 densamma
957 2049 58 36 för
1044 2049 46 37 de
1119 2050 211 38 arbetslösa
1353 2051 158 36 innebär
1539 2052 189 37 särskilda
1754 2052 261 37 umbäranden

415 2097 69 37 och
520 2098 248 49 svårigheter.
832 2099 131 38 Redan
1006 2102 96 35 1894
1139 2101 107 37 skref
1284 2102 221 49 preussiska
1545 2102 374 38 inrikesministeriet
1958 2103 58 37 till

414 2148 287 49 kommunerna,
719 2156 54 31 att
801 2150 46 37 de
871 2151 108 37 »méd
995 2151 150 49 hänsyn
1163 2152 57 36 till
1240 2153 295 37 sannolikheten
1556 2153 40 37 af
1611 2153 239 38 förestående
1868 2154 145 37 arbets-

414 2199 124 37 löshet
566 2200 71 37 och
664 2201 184 37 behofvet
875 2207 54 32 att
956 2202 214 51 förebygga
1200 2204 72 37 och
1301 2203 133 38 mildra
1462 2204 233 49 densamma,
1723 2224 49 6 —
1790 2224 48 6 —
1858 2224 49 5 —
1926 2204 89 39 ville

414 2251 205 37 verkställa
661 2266 46 22 en
747 2252 136 37 allmän
925 2254 71 36 och
1034 2255 238 48 planmässig
1299 2255 217 49 fördelning
1543 2256 198 49 avgående
1771 2256 45 38 de
1844 2256 170 49 arbeten,

415 2315 80 24 som
536 2316 92 23 voro
671 2304 159 37 afsedda
857 2310 55 32 att
934 2305 156 49 utföras,
1119 2319 87 24 men
1234 2306 34 48 ej
1297 2306 298 49 nödvändigtvis
1625 2307 164 38 behöfde
1818 2307 197 50 förläggas
