1896 2806
104 1366 133 24 Utskottet.

288 147 40 31 52
772 146 262 29 Statsutskottets
1056 144 167 29 utlåtande
1246 153 38 19 nr
1306 146 29 26 ö.

291 222 254 42 ifrågavarande
573 221 119 42 anslag
723 220 203 42 (punkterna
953 220 59 31 128
1040 219 62 31 och
1131 219 69 37 129,
1229 230 24 20 s.
1285 218 58 31 192
1371 217 62 31 och
1462 216 71 40 193)
1565 216 151 31 kommer
1743 219 46 28 ut-

290 273 127 32 skottet
438 275 48 29 att
506 283 118 20 senare
647 271 117 41 avgiva
786 270 183 37 utlåtande,
992 270 104 33 vilket
1115 269 140 31 härmed

918 337 157 31 anmäles.

343 425 104 42 104:0)
492 426 140 32 Statens
655 425 132 32 anstalt
802 424 55 32 för
872 423 271 40 fallandesjuka:
1162 421 270 33 Omkostnader.
1456 419 81 32 Med
1554 418 239 42 tillstyrkande

291 487 39 20 av
350 476 127 40 Kungl.
499 475 119 41 Maj:ts
641 474 128 41 förslag
794 473 121 42 (punkt
938 473 68 37 130,
1029 484 25 20 s.
1079 471 192 40 193-195),
1294 471 106 31 vilket
1421 470 141 31 innebär
1584 481 41 20 en
1646 469 145 40 höjning

291 538 39 20 av
352 527 153 40 anslaget
528 526 77 31 med
627 526 18 30 6
659 525 61 31 600
742 525 132 37 kronor,
897 523 195 32 hemställer
1115 522 176 37 utskottet,

584 595 50 29 att
661 592 180 41 riksdagen
868 593 53 29 må
948 590 53 32 till
1028 590 141 31 Statens
1195 588 125 32 anstalt
1346 588 53 40 för
1426 587 263 41 fallandesjuka:
1720 586 71 31 Om-

542 642 185 32 kostnader
756 642 52 31 för
835 641 202 41 budgetåret
1067 639 136 32 1945/46
1234 639 116 31 anvisa
1379 640 49 30 ett
1457 637 267 42 förslagsanslag
1752 648 40 20 av

542 694 60 31 223
616 694 61 31 500
700 693 132 30 kronor.

289 790 10 32 ;
330 788 117 42 2105:0)
492 789 141 32 Statens
667 787 131 32 anstalt
830 787 55 31 för
918 785 270 40 fallandesjuka:
1225 784 200 33 Ferieresor
1459 784 56 31 för
1545 783 116 32 elever
1683 791 44 22 m.
1752 791 43 23 m.

292 840 126 41 Kungl.
446 838 100 42 Maj:t
572 838 62 31 har
666 837 121 41 (punkt
815 836 67 38 131,
912 847 24 21 s.
967 835 58 31 195
1053 835 62 31 och
1145 834 72 41 196)
1250 833 177 42 föreslagit
1454 833 180 41 riksdagen
1662 834 51 29 att
1738 832 54 31 till

293 890 138 32 Statens
453 888 126 32 anstalt
600 888 55 31 för
677 886 259 41 fallandesjuka:
960 885 196 32 Ferieresor
1179 885 53 31 för
1254 884 111 31 elever
1386 895 41 20 m.
1450 895 41 19 m.
1516 883 53 31 för
1590 883 204 41 budgetåret

292 939 136 32 1945/46
450 939 116 31 anvisa
588 940 50 30 ett
659 936 266 42 förslagsanslag
946 947 40 20 av
1008 936 91 31 7000
1119 935 134 31 kronor.

344 1015 67 32 Till
431 1014 257 41 ifrågavarande
709 1013 154 31 ändamål
883 1012 60 31 har
964 1012 117 40 anslag
1100 1011 73 31 icke
1195 1011 92 31 förut
1306 1010 150 32 anvisats
1477 1011 20 29 å
1517 1009 193 31 riksstaten.

342 1065 127 41 Kungl.
495 1064 119 41 Maj:ts
639 1063 129 42 förslag
790 1062 151 38 innebär,
967 1064 50 29 att
1040 1062 72 31 elev
1138 1061 58 32 vid
1220 1061 169 31 anstalten
1414 1060 86 32 skall
1525 1060 88 31 efter
1636 1058 157 32 direktio-

292 1126 84 20 nens
408 1115 54 31 för
493 1114 171 32 anstalten
695 1113 216 42 beprövande
944 1112 127 32 erhålla
1103 1111 190 41 ersättning
1323 1111 54 32 för
1407 1109 303 42 biljettkostnader
1740 1109 53 32 för

292 1176 75 21 resa
390 1165 58 31 vid
472 1165 61 31 läs-
557 1165 85 31 eller
666 1164 205 31 arbetsårets
896 1163 120 41 början
1041 1162 63 32 och
1129 1162 70 32 slut
1224 1164 87 29 samt
1334 1161 57 31 vid
1416 1160 200 42 julferierna
1640 1160 76 31 från
1740 1170 53 21 an-

292 1216 124 32 stalten
436 1215 53 32 till
506 1215 178 32 hemorten
704 1214 90 38 eller,
815 1214 114 31 därest
947 1213 168 32 särskilda
1134 1212 237 31 förhållanden
1391 1213 37 30 så
1447 1211 142 42 påkalla,
1608 1210 55 32 till
1682 1220 111 21 annan

292 1265 140 42 lämplig
456 1265 89 42 plats
571 1265 54 31 för
650 1264 225 32 ferievistelse
901 1264 63 31 och
989 1265 79 30 åter.

345 1357 122 32 Såsom
488 1359 84 30 även
594 1357 205 32 framhållits
821 1367 40 21 av
883 1355 375 42 departementschefen
1281 1355 67 31 tala
1369 1354 94 32 såväl
1484 1354 214 31 humanitära
1720 1364 72 21 som

291 1408 174 42 praktiska
484 1408 72 31 skäl
575 1407 55 32 för
648 1409 50 29 att
716 1407 154 31 eleverna
889 1407 58 30 vid
965 1406 169 32 anstalten
1154 1406 12 30 i
1185 1405 193 42 möjligaste
1397 1406 77 30 mån
1493 1404 143 32 beredes
1656 1403 136 32 tillfälle

292 1461 49 30 att
357 1459 109 31 under
481 1458 148 32 ferierna
644 1458 106 31 vistas
768 1457 9 31 i
795 1457 75 32 sina
885 1457 86 31 hem.
999 1456 179 32 Utskottet
1195 1456 51 31 får
1261 1456 76 31 med
1354 1455 239 42 tillstyrkande
1609 1466 40 20 av
1665 1454 126 41 Kungl.

292 1507 118 42 Maj:ts
433 1508 128 42 förslag
582 1507 190 38 hemställa,

586 1586 50 29 att
657 1584 181 41 riksdagen
861 1586 54 28 må
936 1584 53 31 till
1013 1583 139 31 Statens
1174 1582 126 31 anstalt
1321 1582 55 40 för
1397 1581 264 41 fallandesjuka:
1684 1580 109 31 Ferie-

543 1644 95 23 resor
657 1635 54 40 för
730 1634 110 32 elever
859 1645 42 20 m.
921 1645 42 20 m.
983 1634 53 30 för
1053 1633 203 41 budgetåret
1277 1632 136 32 1945/46
1432 1632 116 32 anvisa
1568 1633 49 30 ett
1637 1631 157 41 förslags-

544 1686 119 41 anslag
686 1696 40 20 av
749 1685 91 31 79000
863 1684 133 31 kronor.

346 1776 103 42 106:0)
494 1778 134 40 Bidrag
651 1777 57 32 till
731 1776 392 42 epileptikeranstalter.
1162 1773 219 33 Beträffande
1404 1772 256 42 ifrågavarande
1677 1772 118 40 anslag

298 1827 122 42 (punkt
456 1828 67 37 132,
559 1839 25 20 s.
622 1828 73 40 197)
735 1827 149 31 kommer
918 1826 167 31 utskottet
1119 1827 50 29 att
1193 1836 118 20 senare
1337 1823 119 42 avgiva
1479 1823 184 37 utlåtande,
1689 1822 107 32 vilket

293 1878 138 32 härmed

922 1926 157 31 anmäles.

348 2019 104 42 107:0)
495 2020 134 40 Bidrag
662 2020 57 32 till
752 2019 130 32 driften
915 2027 45 23 av
992 2018 173 32 anstalter
1198 2018 55 31 för
1279 2018 256 40 psykopatiska
1561 2017 64 32 och
1647 2018 149 31 nervösa

292 2071 97 32 barn.
427 2071 103 32 Vissa
558 2070 130 40 bidrag
718 2070 55 32 till
798 2070 149 31 lasarett
973 2078 43 22 m.
1041 2078 43 22 m.
1123 2067 19 31 I
1165 2067 153 41 enlighet
1340 2067 79 31 med
1441 2067 127 41 Kungl.
1592 2067 118 41 Maj:ts
1732 2067 62 31 för-

295 2121 73 41 slag
394 2120 204 43 (punkterna
623 2120 59 31 133
706 2119 62 32 och
793 2119 67 37 134,
886 2130 25 20 s.
937 2119 58 31 197
1020 2119 63 31 och
1108 2118 71 41 198)
1209 2118 63 31 och
1295 2118 108 31 under
1426 2118 143 37 erinran,
1596 2119 49 30 att
1668 2128 126 21 samma

294 2171 126 42 belopp
443 2171 150 31 anvisats
618 2170 54 31 för
696 2169 226 32 innevarande
946 2169 175 40 budgetår,
1145 2168 197 32 hemställer
1365 2167 175 38 utskottet,

588 2247 50 30 att
661 2245 180 41 riksdagen
865 2246 54 30 må
942 2245 53 30 för
1018 2244 203 41 budgetåret
1245 2243 135 32 1945/46
1404 2244 117 31 anvisa

588 2296 31 41 a)
648 2296 54 31 till
730 2294 127 42 Bidrag
885 2294 53 32 till
965 2293 128 41 driften
1120 2304 41 21 av
1189 2294 164 32 anstalter
1379 2294 54 40 för
1460 2292 244 42 psykopatiska
1733 2294 61 31 och

545 2348 145 29 nervösa
715 2346 81 31 barn
820 2347 49 30 ett
893 2344 267 42 förslagsanslag
1184 2355 40 20 av
1249 2344 38 32 85
1300 2344 61 31 000
1384 2344 134 37 kronor,

588 2396 36 41 b)
652 2396 55 32 till
737 2395 97 31 Vissa
863 2393 118 42 bidrag
1008 2393 53 32 till
1090 2393 138 32 lasarett
1256 2404 42 21 m.
1325 2404 42 20 m.
1395 2395 48 29 ett
1471 2392 118 42 anslag
1615 2404 41 20 av
1684 2393 112 32 15800

547 2447 134 31 kronor.
