1904 2804
92 1941 132 24 Utskottet.

279 136 40 31 12
747 136 264 29 Statsutskottets
1033 135 167 29 utlåtande
1223 143 38 20 nr
1283 136 29 27 ö.

574 210 28 40 c)
631 210 54 31 till
702 209 335 41 Försäkringsrådet:
1055 208 209 41 Avlöningar
1281 209 54 31 för
1351 207 204 41 budgetåret
1573 206 137 32 1945/46
1728 217 55 21 an-

531 260 75 32 visa
628 262 49 30 ett
699 258 268 43 förslagsanslag
988 269 40 20 av
1050 258 61 31 278
1124 258 62 31 000
1208 257 133 31 kronor.

331 353 86 41 22:0)
443 353 351 41 Försäkringsrådet:
819 351 265 33 Omkostnader.
1108 350 83 32 Med
1205 350 241 42 tillstyrkande
1462 361 40 21 av
1517 350 127 42 Kungl.
1662 350 118 42 Maj:ts

276 404 132 41 förslag
429 403 121 42 (punkt
571 404 51 38 34,
647 414 25 21 s.
696 404 40 31 36
759 402 65 32 och
839 402 62 40 37),
919 402 105 31 vilket
1038 401 12 31 i
1066 401 214 31 förhållande
1296 401 54 31 till
1366 400 230 32 innevarande
1612 400 169 42 budgetår

277 454 147 32 innebär
452 465 42 21 en
523 453 283 42 anslagshöjning
829 452 79 32 med
932 453 61 31 700
1014 452 136 38 kronor,
1178 451 169 32 avseende
1373 453 124 40 posten
1524 451 53 31 till
1604 461 180 32 expenser,

278 504 200 32 hemställer
500 504 179 39 utskottet,

600 573 50 29 att
660 571 182 41 riksdagen
856 572 55 29 må
923 570 53 32 till
984 569 330 40 Försäkringsrådet:
1335 568 230 32 Omkostnader
1576 569 53 31 för
1640 568 141 41 budget-

548 624 72 29 året
645 622 136 38 1945/46
804 621 119 31 anvisa
946 623 49 29 ett
1017 619 267 42 förslagsanslag
1306 631 40 20 av
1371 620 113 31 13300
1506 619 138 32 kronor.

332 732 85 42 23:0)
450 733 375 40 Yrkesinspektionen:
850 732 229 39 Avlöningar.
1102 730 128 41 Kungl.
1254 729 99 42 Maj:t
1375 729 62 31 har
1452 728 122 43 (punkt
1588 729 93 38 35,
1657 724 35 54 s.
1699 729 84 32 38—

276 782 53 43 42)
352 783 176 41 föreslagit
542 783 183 41 riksdagen
741 784 49 29 att
806 782 75 31 dels
897 781 181 42 godkänna
1092 791 41 21 av
1148 780 247 41 föredragande
1412 780 186 31 statsrådet
1613 779 171 32 Erlander

276 834 165 32 förordad
473 833 250 41 avlöningsstat
748 833 53 30 för
822 831 357 43 yrkesinspektionen,
1204 833 49 29 att
1275 831 175 41 tillämpas
1472 830 73 32 tills
1567 830 117 31 vidare
1706 831 76 30 från

278 885 65 31 och
366 884 79 32 med
467 884 204 41 budgetåret
694 884 146 38 1945/46,
865 883 75 31 dels
964 882 62 32 ock
1041 882 54 31 till
1109 881 370 41 Yrkesinspektionen:
1502 881 213 41 Avlöningar
1729 880 55 32 för

277 935 151 31 nämnda
450 935 168 41 budgetår
640 934 118 32 anvisa
781 936 50 29 ett
853 933 269 41 förslagsanslag
1144 943 41 20 av
1209 933 60 31 700
1281 932 63 31 000
1365 932 137 30 kronor.

330 1028 264 42 Ifrågavarande
628 1028 118 41 anslag
779 1029 37 29 är
845 1027 12 30 i
884 1027 185 31 riksstaten
1092 1026 53 31 för
1167 1025 231 32 innevarande
1421 1024 170 42 budgetår
1614 1027 168 39 upptaget

279 1079 79 32 med
381 1080 60 30 690
459 1075 57 50 000
537 1079 136 31 kronor.

331 1129 285 32 Medelsbehovet
639 1128 109 32 under
770 1128 313 41 avlöningsstatens
1107 1127 221 41 anslagspost
1343 1126 54 31 till
1413 1126 200 41 avlöningar
1628 1125 53 32 till
1696 1125 87 32 icke-

278 1180 172 32 ordinarie
472 1179 161 42 personal
656 1179 61 31 har
738 1178 186 32 beräknats
947 1178 52 31 till
1024 1178 134 31 139000
1180 1177 127 31 kronor
1329 1179 73 29 mot
1426 1177 134 31 129000
1582 1176 128 32 kronor
1728 1176 54 31 för

277 1230 231 32 innevarande
530 1230 177 41 budgetår.
751 1229 132 31 Därvid
905 1229 62 31 har
989 1229 190 37 förutsatts,
1196 1230 50 29 att
1265 1239 43 20 en
1324 1227 457 41 distriktsingenjörsbefatt-

277 1281 86 42 ning
394 1281 12 31 i
439 1280 207 40 lönegraden
679 1281 52 30 HEo
744 1280 41 31 20
818 1280 65 31 och
911 1281 55 29 två
988 1278 388 42 aspirantbefattningar
1397 1278 12 31 i
1432 1277 207 42 lönegraden
1665 1277 53 31 Ex
1731 1277 48 38 18,

276 1332 92 31 vilka
390 1332 230 40 befattningar
642 1332 12 30 i
676 1330 296 42 besparingssyfte
994 1329 118 32 hållits
1134 1329 144 31 vakanta
1300 1328 106 32 sedan
1421 1328 206 41 budgetåret
1644 1328 138 38 1941/42

278 1394 78 20 men
374 1383 86 31 efter
474 1382 224 41 medgivande
714 1392 39 20 av
769 1381 127 41 Kungl.
913 1380 98 41 Maj:t
1026 1379 207 32 återbesatts
1248 1379 111 31 under
1373 1378 126 32 hösten
1513 1379 90 38 1944,
1617 1380 162 29 ävensom

278 1445 43 19 en
355 1444 42 20 av
429 1436 50 29 tre
504 1433 220 31 vakanssatta
744 1430 644 43 yrkesunderinspektörsbefattningar
1410 1429 11 31 i
1444 1429 209 41 lönegraden
1676 1429 52 31 Eo
1743 1430 39 30 16

279 1484 98 31 skola
399 1495 80 20 vara
500 1483 145 32 tillsatta
667 1483 109 31 under
798 1484 100 30 nästa
920 1482 176 41 budgetår.
1121 1481 165 31 Däremot
1302 1481 61 30 har
1379 1480 73 31 icke
1467 1479 185 32 beräknats
1668 1479 113 32 medel

277 1535 54 31 för
365 1534 198 41 avlöningar
595 1534 55 31 till
683 1533 41 32 de
754 1536 51 29 tre
828 1534 97 30 extra
947 1531 567 41 distriktsingenjörsbefattningar
1535 1530 13 31 i
1570 1530 209 41 lönegraden

278 1585 54 31 Ex
355 1586 50 37 21,
440 1596 73 20 som
545 1584 161 31 inrättats
739 1584 11 31 i
784 1583 187 41 anledning
1003 1594 40 20 av
1072 1582 233 42 gengasfaran.
1351 1581 185 42 Möjlighet
1562 1583 51 29 att
1634 1581 54 31 för
1709 1582 74 30 när-

277 1635 150 31 varande
460 1637 76 39 taga
569 1634 164 41 ställning
759 1633 53 32 till
839 1634 118 41 frågan
981 1644 54 20 om
1058 1633 148 31 behovet
1229 1643 40 20 av
1291 1632 103 31 dessa
1417 1631 232 41 befattningar
1670 1631 112 31 under

278 1685 204 41 budgetåret
506 1685 137 39 1945/46
666 1695 100 21 anses
789 1684 173 41 nämligen
987 1684 27 41 ej
1039 1683 174 42 föreligga.
1259 1682 172 41 Slutligen
1454 1682 62 31 har
1538 1682 139 31 räknats
1700 1681 79 32 med

278 1738 50 30 ett
351 1736 81 31 ökat
455 1735 253 38 medelsbehov,
736 1735 16 31 3
764 1735 63 31 000
849 1735 137 38 kronor,
1009 1735 53 31 för
1084 1733 151 42 tillfällig
1258 1733 198 41 skrivbjälp.

333 1780 127 47 Övriga
481 1786 258 41 anslagsposter
761 1785 11 31 i
795 1785 294 41 avlöningsstaten
1113 1784 44 31 ha
1179 1783 196 42 föreslagits
1402 1783 97 32 skola
1520 1783 165 42 uppföras
1701 1782 80 32 med

278 1836 228 32 oförändrade
528 1836 139 41 belopp.

331 1930 71 31 Det
434 1930 61 31 har
526 1929 75 32 icke
634 1931 132 30 ansetts
789 1929 135 41 möjligt
947 1930 50 30 att
1018 1928 57 32 vid
1098 1927 473 42 statsverkspropositionens
1594 1926 188 42 avgivande

278 1983 78 39 taga
391 1980 162 41 ställning
586 1980 54 31 till
673 1980 117 40 frågan
824 1990 56 21 om
914 1980 138 30 fortsatt
1085 1978 112 32 behov
1230 1978 154 31 kommer
1411 1979 50 30 att
1483 1977 166 41 föreligga
1670 1976 111 32 under

277 2032 101 30 nästa
400 2030 167 42 budgetår
590 2041 40 20 av
653 2030 42 31 de
718 2032 51 29 tre
784 2030 12 30 i
812 2029 188 41 anledning
1020 2040 39 20 av
1075 2028 224 42 gengasfaran
1315 2028 170 31 inrättade
1502 2030 95 29 extra
1612 2027 169 31 distrikts-

276 2081 377 42 ingenjörstjänsterna.
699 2080 67 31 Vid
803 2080 124 31 sådant
959 2079 212 32 förhållande
1204 2079 44 31 ha
1281 2078 112 32 medel
1426 2078 74 31 icke
1535 2080 132 29 ansetts
1698 2077 85 32 böra

277 2132 169 31 beräknas
480 2132 51 31 för
563 2131 103 32 dessa
698 2131 241 41 befattningar.
985 2131 180 31 Utskottet
1197 2130 60 31 vill
1286 2130 74 31 icke
1387 2129 190 31 framställa
1598 2131 113 39 någon
1734 2129 46 31 in-

275 2182 177 41 vändning
474 2182 163 38 häremot,
662 2192 77 21 men
761 2181 203 32 förutsätter
986 2181 11 31 i
1020 2181 110 31 likhet
1153 2180 78 31 med
1253 2179 248 42 föredragande
1518 2180 195 37 statsrådet,
1731 2182 50 29 att

276 2233 131 40 Kungl.
430 2232 97 42 Maj:t
552 2232 184 31 framdeles
763 2233 124 40 prövar
909 2232 12 30 i
944 2231 64 32 vad
1031 2233 78 29 mån
1132 2231 67 31 den
1223 2230 163 42 speciella
1407 2229 373 43 gengasinspektionen

277 2283 67 31 kan
378 2283 135 31 komma
546 2285 50 29 att
629 2282 74 32 visa
737 2282 51 41 sig
822 2282 203 41 erforderlig
1057 2283 85 30 även
1176 2281 86 31 efter
1291 2283 172 39 utgången
1487 2291 40 20 av
1549 2280 231 31 innevarande

276 2333 179 41 budgetår.

330 2384 56 31 Då
418 2383 124 42 Kungl.
567 2383 117 41 Maj:ts
711 2383 128 41 förslag
867 2383 31 40 ej
922 2383 108 31 heller
1051 2383 12 30 i
1086 2382 112 41 övrigt
1219 2382 85 41 givit
1325 2382 170 31 utskottet
1518 2380 187 42 anledning
1728 2381 53 32 till

278 2434 146 39 erinran,
448 2434 198 32 hemställer
668 2434 180 37 utskottet,
