1914 2812
593 137 264 31 Statsutskottets
879 137 167 31 utlåtande
1069 150 38 19 nr
1125 138 28 31 5.
1580 136 38 33 19

119 212 196 41 utrustning
337 223 39 20 av
398 212 219 42 polikliniker
638 213 53 32 för
712 213 239 32 folktandvård
974 214 53 31 för
1048 214 202 41 budgetåret
1274 214 136 32 1945/46
1433 215 116 31 anvisa
1572 217 47 29 ett

118 262 349 42 reservationsanslag
491 274 41 20 av
557 262 133 32 200000
715 263 133 31 kronor.

170 356 67 31 För
258 356 210 41 budgetåren
492 354 316 34 1938/39—1942/43
830 357 85 32 hava
937 357 54 31 till
1012 358 257 41 ifrågavarande
1292 358 155 32 ändamål
1469 358 149 32 anvisats

119 407 349 41 reservationsanslag
498 417 53 20 om
580 406 145 43 tillhopa
754 407 62 31 650
828 407 61 32 000
917 407 134 32 kronor.
1092 408 67 31 För
1187 408 96 32 tiden
1313 409 149 32 därefter
1490 409 62 31 har
1578 429 42 4 —

118 457 77 31 med
214 457 133 41 hänsyn
369 457 53 31 till
443 459 19 29 å
482 457 153 41 anslaget
656 457 192 42 förefintlig
868 458 208 31 reservation
1097 478 43 4 —
1159 459 30 41 ej
1213 459 151 32 anvisats
1386 461 103 40 några
1510 460 109 32 medel

118 509 54 30 för
195 508 200 31 ändamålet.
431 507 30 31 Å
484 508 153 41 anslaget
660 508 100 31 fanns
785 508 57 31 vid
866 511 171 39 utgången
1060 520 40 20 av
1122 509 205 42 budgetåret
1350 510 135 32 1943/44
1509 522 42 20 en
1574 522 45 20 re-

119 557 171 31 servation
310 569 41 20 av
371 558 12 30 1
403 561 78 28 runt
503 559 46 30 tal
569 559 60 30 212
643 559 60 31 000
723 559 133 31 kronor.

171 608 67 31 För
266 609 171 40 anslagets
466 609 216 41 användning
709 609 90 41 gälla
826 610 259 32 föreskrifterna
1111 611 12 30 i
1150 611 228 42 kungörelsen
1407 612 64 31 den
1499 613 19 30 3
1546 613 73 41 juni

120 659 79 31 1938
230 659 53 40 (nr
306 659 74 41 358)
411 659 172 41 angående
610 659 208 42 statsbidrag
842 660 54 31 till
922 660 248 39 folktandvård,
1197 661 129 32 ändrad
1351 673 120 30 genom
1497 663 123 41 kungö-

119 708 105 32 relser
246 720 41 21 nr
309 709 71 38 351,
407 709 177 31 1058/1940
608 710 62 31 och
693 709 169 32 422/1942.

173 759 67 32 Till
271 759 224 32 anskaffande
526 771 40 19 av
599 760 202 42 erforderlig
832 762 197 41 utrustning
1060 762 53 31 för
1144 763 347 41 tandpoliklinikerna
1524 766 96 39 utgår

119 809 209 42 statsbidrag
350 810 78 31 med
450 810 102 41 högst
575 810 130 31 hälften
730 821 39 20 av
796 810 65 32 den
885 811 151 41 verkliga
1058 812 200 39 kostnaden,
1284 813 85 32 dock
1393 817 49 28 att
1465 815 155 41 bidraget

119 858 72 32 icke
211 861 54 29 må
285 859 171 42 överstiga
475 859 215 33 beträffande
711 861 69 31 fast
799 861 182 42 poliklinik
1000 863 19 30 3
1032 862 61 31 000
1112 862 126 32 kronor
1258 864 72 38 och,
1352 875 54 21 om
1427 876 71 21 mer
1516 867 42 29 än
1579 877 41 20 en

119 909 196 32 tandläkare
342 911 86 31 skall
453 922 79 21 vara
557 911 60 33 där
642 912 157 38 anställd,
827 912 91 32 1300
943 912 126 32 kronor
1095 914 53 31 för
1174 914 93 41 varje
1292 915 196 42 ytterligare
1515 917 105 31 sådan

118 961 197 31 tandläkare
337 964 87 29 samt
443 962 215 32 beträffande
680 962 245 33 ambulatorisk
945 964 182 41 poliklinik
1150 965 93 31 1000
1262 965 133 32 kronor.

170 1012 52 30 Av
245 1012 109 31 under
376 1012 63 41 juli
464 1013 80 31 1944
567 1024 40 20 av
630 1013 351 42 medicinalstyrelsen
1004 1015 249 32 införskaffade
1276 1017 248 42 upplysningar
1546 1019 74 31 från

119 1062 236 42 landstingens
392 1063 429 42 hälsovårdsberedningar
857 1065 155 41 framgår,
1050 1067 49 30 att
1126 1066 58 31 det
1209 1068 253 41 sammanlagda
1487 1068 133 32 statsbi-

121 1113 228 42 dragsbelopp
380 1114 54 30 för
464 1113 237 41 färdigställda
732 1115 63 31 och
825 1115 186 42 påbörjade
1042 1116 228 41 polikliniker,
1303 1120 44 39 på
1377 1118 105 32 vilket
1512 1119 108 31 lands-

119 1162 117 40 tingen
258 1161 114 33 kunde
394 1164 81 40 göra
498 1161 154 44 anspråk,
677 1167 131 39 uppgår
831 1165 52 31 till
906 1166 61 31 266
980 1167 61 30 600
1063 1167 133 32 kronor.
1232 1168 54 31 Då
1308 1169 57 31 vid
1389 1171 170 39 utgången
1581 1181 39 20 av

120 1213 135 40 augusti
277 1213 122 31 månad
421 1214 80 31 1944
523 1216 19 29 å
562 1214 154 42 anslaget
737 1216 123 31 funnes
883 1216 212 42 disponibelt
1116 1220 49 29 ett
1186 1218 126 42 belopp
1334 1230 40 20 av
1395 1219 61 32 205
1468 1220 61 31 938
1550 1220 70 31 kro-

119 1274 71 27 nor,
218 1264 215 32 erfordrades
460 1265 53 31 för
539 1265 258 33 utanordnande
824 1278 40 20 av
891 1267 210 42 statsbidrag
1126 1269 54 31 till
1207 1269 256 42 ifrågavarande
1490 1271 130 41 polikli-

119 1312 96 32 niker
236 1314 197 42 ytterligare
456 1316 12 30 i
491 1318 78 28 runt
591 1317 47 30 tal
660 1316 40 32 60
713 1317 61 31 000
797 1317 132 32 kronor.

172 1363 82 32 Med
282 1366 256 41 utgångspunkt
566 1366 74 32 från
670 1367 108 32 under
806 1368 203 42 budgetåret
1039 1370 135 31 1943/44
1203 1371 195 32 utbetalade
1428 1372 193 42 bidragsbe-

119 1414 90 41 lopp,
232 1415 92 31 cirka
346 1416 59 31 130
417 1416 62 32 000
498 1417 133 38 kronor,
653 1417 62 32 har
734 1418 352 43 medicinalstyrelsen
1106 1424 114 29 ansett
1240 1422 60 31 150
1313 1423 61 31 000
1394 1423 125 32 kronor
1538 1423 83 32 böra

119 1465 113 32 anslås
258 1466 53 31 för
334 1466 398 42 bidragsverksamheten
757 1469 108 31 under
888 1470 204 41 budgetåret
1116 1472 144 32 1945/46.

172 1517 18 30 1
211 1516 151 42 enlighet
382 1517 139 32 härmed
541 1518 61 31 har
622 1519 169 41 styrelsen
811 1520 187 42 föreslagit,
1020 1524 49 29 att
1090 1522 152 42 anslaget
1264 1524 53 30 för
1338 1526 97 30 nästa
1455 1525 166 42 budgetår

120 1569 166 39 upptages
310 1568 78 31 med
415 1568 53 40 (60
480 1568 61 31 000
559 1574 28 29 +
607 1569 59 31 150
679 1570 73 41 000)
781 1571 134 31 210000
937 1571 134 32 kronor.

172 1617 385 41 Departementschefen
579 1619 61 31 har
662 1619 195 40 framhållit,
881 1623 50 30 att
953 1622 57 32 det
1031 1634 141 21 numera
1193 1635 111 31 synes,
1328 1625 105 32 bland
1455 1630 102 29 annat
1578 1630 44 39 på

121 1667 109 40 grund
255 1678 40 20 av
321 1668 41 31 de
388 1679 40 20 av
452 1670 261 32 statsmakterna
737 1671 161 42 vidtagna
922 1673 202 40 åtgärderna
1149 1675 53 31 för
1227 1677 49 29 att
1301 1676 129 32 tillföra
1456 1677 165 33 folktand-

120 1717 126 31 vården
268 1719 207 39 tandläkare,
499 1720 114 33 finnas
636 1721 185 43 anledning
844 1725 130 40 antaga,
999 1726 50 29 att
1072 1725 127 32 antalet
1222 1726 93 32 inom
1339 1727 282 34 folktandvården

121 1768 257 42 tjänstgörande
400 1771 195 32 tandläkare
617 1772 85 31 efter
723 1773 92 31 hand
835 1773 150 32 kommer
1007 1777 49 29 att
1077 1775 64 32 öka
1163 1776 62 32 och
1246 1779 50 29 att
1316 1789 67 30 nya
1404 1779 218 41 polikliniker

121 1819 96 31 skola
241 1819 115 32 kunna
379 1820 142 33 inrättas
547 1822 11 30 i
584 1822 65 31 den
675 1823 214 42 omfattning,
916 1835 73 20 som
1014 1826 352 42 medicinalstyrelsen
1392 1829 117 32 räknat
1535 1831 85 31 med.

121 1870 384 40 Departementschefen
524 1872 61 30 har
604 1872 114 32 därför
735 1875 113 30 ansett
867 1874 53 42 sig
937 1875 85 31 böra
1045 1876 5 30 i
1069 1876 178 32 huvudsak
1266 1878 146 42 godtaga
1431 1880 190 33 medicinal-

122 1920 186 41 styrelsens
341 1922 245 41 uppskattning
615 1934 41 19 av
687 1924 278 34 medelsbehovet
996 1926 54 30 för
1080 1927 209 42 statsbidrag
1319 1929 53 31 till
1404 1930 218 41 polikliniker

122 1971 106 31 under
248 1973 98 30 nästa
364 1971 175 42 budgetår,
560 1984 75 20 men
655 1973 61 31 har
735 1976 114 30 ansett
867 1975 57 31 det
943 1975 54 32 för
1016 1976 191 32 ändamålet
1228 1979 220 43 erforderliga
1469 1982 152 41 anslaget

121 2022 114 31 kunna
258 2022 168 31 avrundas
449 2023 103 31 nedåt
575 2023 52 31 till
651 2024 60 31 200
724 2025 61 31 000
808 2025 132 32 kronor.

173 2072 126 32 Vidare
322 2073 60 32 har
405 2073 373 42 departementschefen
802 2076 113 31 anfört
938 2076 161 42 följande.

172 2131 18 31 I
213 2131 222 32 förevarande
459 2133 245 41 sammanhang
725 2134 60 31 vill
806 2134 57 42 jag
885 2136 134 31 anmäla
1042 2147 41 21 en
1100 2137 101 42 fråga,
1220 2149 73 21 som
1310 2139 101 32 berör
1426 2141 194 33 inrättande

120 2185 39 19 av
193 2174 398 41 centraltandpoliklinik
623 2175 93 32 inom
751 2176 335 42 landstingsområde
1110 2180 84 31 eller
1217 2181 77 31 stad
1317 2184 95 29 utom
1435 2183 185 42 landsting,

121 2226 73 20 som
229 2216 169 31 anordnat
430 2217 248 32 folktandvård.
723 2218 120 41 Enligt
875 2221 21 29 4
917 2219 22 41 &
961 2220 229 42 kungörelsen
1213 2224 176 40 angående
1413 2225 209 42 statsbidrag

121 2257 50 30 till
188 2258 239 31 folktandvård
452 2259 86 30 skall
562 2261 94 29 såom
679 2260 234 41 komplement
936 2261 53 31 till
1012 2262 425 42 distriktspoliklinikerna
1452 2268 111 31 finnas
1580 2279 41 20 en

120 2300 11 29 i
154 2299 201 41 anslutning
378 2299 52 31 till
452 2300 229 42 landstingets
704 2302 275 32 centrallasarett
1001 2304 82 31 eller
1106 2305 140 32 därmed
1267 2307 188 42 jämförligt
1478 2309 143 40 sjukhus

121 2341 175 31 anordnad
331 2342 266 41 tandpoliklinik
623 2342 429 43 (centraltandpoliklinik),
1082 2357 72 21 som
1179 2347 105 32 bland
1307 2352 105 28 annat
1435 2350 86 32 skall
1544 2362 78 21 vara

121 2383 128 31 avsedd
280 2384 53 30 för
356 2394 92 21 mera
469 2384 253 41 komplicerade
745 2386 68 32 fall.
859 2386 18 31 I
900 2388 217 41 proposition
1141 2400 40 20 nr
1206 2390 58 30 127
1289 2391 52 31 till
1367 2392 80 31 1938
1470 2395 54 29 års
1540 2393 81 32 riks-

122 2425 64 40 dag
210 2426 176 40 angående
408 2426 194 32 inrättande
625 2438 39 20 av
687 2427 239 32 folktandvård
950 2429 211 39 förutsattes,
1185 2434 51 28 att
1256 2432 142 42 dispens
1415 2434 73 31 från
1505 2436 117 31 anord-
