2164 2600
845 163 278 33 Bankoutskottets
1144 162 165 33 utlåtande
1331 162 53 31 Nr
1405 162 53 31 57.

489 246 194 38 Utskottet
728 244 70 36 har
838 243 82 37 icke
959 242 120 36 heller
1119 241 126 36 funnit
1280 240 81 36 skäl
1389 239 139 36 föreslå
1556 239 125 47 någon
1711 237 165 47 ändring
1902 235 55 36 uti

360 299 73 36 den
474 311 47 23 av
548 297 143 47 Kungl.
720 295 109 49 Maj:t
857 296 12 35 i
896 294 284 50 propositionen
1208 306 46 22 nr
1283 292 73 35 363
1383 289 229 38 verkställda
1639 286 318 39 kostnadsberäk-

360 350 158 49 ningen,
545 349 14 36 i
586 348 72 37 vad
687 348 73 36 den
789 360 110 23 avser
926 346 67 36 här
1020 343 292 49 ifrågavarande
1340 341 298 50 dyrtidstillägg.

489 401 197 38 Utskottet
713 398 217 37 hemställer
957 397 119 46 alltså,

891 506 55 31 att
980 498 205 49 riksdagen
1213 497 87 37 med
1328 497 104 37 bifall
1460 496 57 36 till
1548 495 139 47 Kungl.
1718 493 129 47 Maj:ts
1875 506 84 37 pro-

761 553 166 50 position
954 565 44 23 nr
1026 553 71 34 327
1129 555 98 31 samt
1254 548 288 50 propositionen
1570 560 44 22 nr
1642 547 85 45 363,
1756 545 13 35 i
1792 544 73 36 vad
1885 544 73 37 den

763 618 110 23 avser
900 603 195 50 pensions-
1124 602 68 36 och
1221 600 433 48 indragningsstaterna,
1682 599 62 34 må

895 655 34 48 1)
957 654 204 50 godkänna
1189 666 98 23 ovan
1315 652 160 48 intagna
1494 650 147 48 förslag
1659 648 57 37 till
1731 648 229 48 kungörelse

763 707 86 38 med
891 707 190 36 allmänna
1113 704 167 49 grunder
1308 703 59 36 för
1394 701 290 50 dyrtidstillägg
1712 702 38 34 åt
1779 699 25 37 f.
1835 699 34 36 d.
1898 699 63 36 be-

763 758 331 49 fattningshavare
1122 757 11 36 i
1161 761 145 31 statens
1333 755 118 48 tjänst
1478 767 50 23 m.
1558 753 37 36 fl.
1624 752 260 50 pensionärer;

895 811 36 49 2)
961 813 20 33 å
1009 809 237 48 tilläggsstat
1274 807 59 36 för
1360 809 40 33 år
1430 807 96 35 1921
1557 805 118 35 under
1703 803 91 36 elfte
1813 802 148 36 huvud-

765 863 110 36 titeln
903 864 123 34 såsom
1056 859 304 49 förslagsanslag
1388 858 132 35 anvisa

895 915 74 35 dels
998 912 57 37 till
1084 910 285 50 dyrtidstillägg
1397 912 37 33 åt
1460 909 25 36 f.
1515 908 33 36 d.
1572 907 109 37 civila
1708 905 255 48 befattnings-

765 967 141 35 bavare
946 964 11 36 i
999 968 144 32 statens
1179 962 118 48 tjänst
1325 975 48 22 m.
1402 960 36 36 fl.
1468 959 245 50 pensionärer
1742 962 55 31 ett
1824 956 138 49 belopp

767 1030 47 23 av
845 1016 227 47 13,700,000
1101 1015 156 43 kronor;

896 1069 74 36 dels
1015 1069 63 34 ock
1119 1066 58 35 till
1212 1064 288 50 dyrtidstillägg
1529 1065 37 33 åt
1594 1062 24 35 f.
1649 1061 33 36 d.
1712 1061 164 35 militära
1902 1060 62 36 be-

767 1119 331 48 fattningshavare
1126 1122 53 32 ett
1207 1117 139 48 belopp
1375 1129 45 22 av
1449 1114 205 49 4,700,000
1682 1113 156 43 kronor;
1869 1116 96 31 samt

899 1170 36 50 3)
965 1170 178 46 förklara,
1173 1173 55 31 att
1256 1168 119 36 under
1406 1168 96 35 1922
1533 1164 206 38 tillsvidare
1768 1163 72 36 och
1868 1162 97 37 intill

768 1224 87 36 dess
893 1222 188 37 definitivt
1120 1220 123 37 beslut
1286 1220 131 35 fattats
1458 1216 162 38 rörande
1660 1216 46 36 de
1742 1215 135 46 medel,
1920 1227 45 23 av

766 1276 104 36 vilka
911 1274 58 36 för
1010 1272 120 49 sagda
1171 1274 39 34 år
1247 1270 255 37 kostnaderna
1530 1269 59 36 för
1618 1266 283 50 dyrtidstillägg
1929 1268 37 33 åt

768 1340 99 23 ovan
908 1323 249 39 omförmälda
1197 1323 244 49 pensionärer
1483 1335 48 22 m.
1566 1320 37 35 fl.
1633 1319 106 36 skola
1767 1318 198 46 bestridas,

769 1378 191 37 desamma
988 1376 107 36 skola
1122 1378 92 45 utgå
1241 1388 48 23 av
1317 1374 45 36 de
1384 1373 139 45 medel,
1553 1371 103 37 vilka
1683 1370 56 37 för
1753 1369 214 37 beredande

770 1444 47 22 av
858 1428 288 51 dyrtidstillägg
1173 1426 121 36 under
1322 1428 40 33 år
1392 1426 96 35 1922
1519 1425 130 34 kunna
1675 1421 116 37 varda
1820 1423 21 34 å
1867 1420 98 36 riks-

770 1487 123 31 staten
921 1480 57 36 för
1007 1479 119 48 sagda
1155 1481 40 33 år
1223 1477 155 37 särskilt
1407 1480 157 32 avsatta.

502 1578 220 38 Stockholm
751 1577 74 36 den
854 1577 46 35 29
930 1575 73 48 maj
1038 1575 109 34 1921.

875 1670 53 36 På
954 1668 333 38 bankoutskottets
1316 1671 162 44 vägnar:

914 1763 124 38 EMIL
1067 1760 366 39 KRISTENSSON.

506 1943 56 26 Vid
580 1942 77 27 detta
676 1939 118 28 ärendes
813 1936 229 34 slutbehandling
1062 1935 73 26 hava
1153 1934 136 25 närvarit:

515 1996 35 17 av
582 1986 88 26 första
697 1984 175 27 kammaren:
901 1981 94 26 herrar
1025 1979 186 32 Gustafsson,
1243 1972 149 37 Öhngren,
1419 1975 138 34 Lindley,
1597 1974 138 29 Vindahl,
1763 1973 171 27 Johansson
1964 1971 9 26 i

376 2031 192 35 Friggeråker,
594 2030 114 29 Walles,
728 2029 173 26 Andersson
919 2025 9 24 i
947 2022 163 36 Hägelåkra
1129 2022 51 25 och
1200 2020 166 33 Malmberg
1384 2021 74 24 samt

507 2084 35 17 av
570 2073 87 26 andra
684 2072 176 26 kammaren:
895 2069 93 25 herrar
1017 2067 201 27 Kristensson,
1254 2064 179 32 Gustafsson
1464 2062 8 26 i
1503 2056 114 37 Örebro,
1642 2061 186 31 Sommelius,
1849 2060 123 39 Ryberg,

376 2119 163 32 Borggren,
560 2117 167 29 Bäcklund,
747 2115 131 26 Persson
896 2113 8 25 i
923 2109 205 37 Björsbyholm,
1148 2108 50 26 och
1218 2107 173 27 Andersson
1410 2107 7 25 i
1437 2105 177 28 Milsmaden.

579 2293 244 67 STOCKHOLM,
847 2305 114 40 ISAAC
975 2303 164 41 MARCUS'
1151 2298 527 45 BOKTRYCKERI-AKTIEBOLAG,
1698 2297 76 40 1921.
