2192 2626
481 189 104 27 Andra
608 190 183 28 kammarens
816 191 132 37 tredje
972 193 147 37 tillfälliga
1143 195 120 27 utskotts
1287 196 148 27 utlätande
1459 196 47 27 Nr
1532 198 45 27 12.
1792 198 35 28 HH

222 258 116 30 krouor
361 264 94 33 stora,
479 272 33 19 si
536 262 124 31 kallade
683 264 310 41 grinsbanefonden,
1019 267 179 39 varigenom
1221 269 190 30 statsverket
1435 280 38 29 pa
1496 269 88 31 detta
1608 271 141 39 kraftiga
1769 273 64 28 sätt

221 299 173 38 stödjande
426 302 58 31 och
518 303 274 42 tillvaratagande
825 307 54 30 det
913 307 144 32 enskilda
1085 309 174 31 initiativet
1283 310 9 30 i
1315 312 231 37 grinsorterua,
1570 312 56 31 här
1648 313 114 39 skapar
1785 316 47 26 ett

222 344 115 37 system
372 353 38 19 av
435 344 123 39 lättare,
582 347 128 30 relativt
734 349 106 39 billigt
863 349 130 40 byggda
1016 350 107 37 banor,
1147 350 75 32 fullt
1245 352 195 39 tillräckliga
1463 354 49 30 för
1534 354 38 30 de
1595 355 147 39 anspråk,
1765 365 65 20 som

221 382 109 31 kunna
362 385 108 32 ställas
504 398 38 28 på
576 388 169 35 desamma,
768 393 55 28 och
848 391 49 30 för
919 391 86 31 vilka
1028 392 174 31 kostnaden
1228 393 99 32 bliver
1350 395 87 30 cirka
1460 396 54 29 60-
1537 397 18 29 å
1579 397 113 36 70,000
1716 397 116 30 kronor

220 434 38 29 pr
291 424 175 41 kilometer,
501 440 94 20 varav
630 434 47 27 tre
710 432 189 38 fjärdedelar
922 433 77 30 eller
1023 434 92 39 högst
1138 435 113 37 50,000
1275 435 115 31 kronor
1413 448 35 28 pr
1471 437 167 31 kilometer
1660 440 53 28 äro
1736 441 95 28 stats-

221 466 110 32 medel.
376 468 63 32 Till
470 471 182 39 jimförelse
686 473 128 31 härmed
851 485 49 19 ma
924 475 119 30 erinras
1066 487 49 18 om
1139 476 52 30 det
1214 477 225 37 förhållandet,
1463 482 48 27 att
1533 479 10 29 i
1567 480 37 29 de
1628 480 136 39 tidigare
1788 492 42 18 nu

220 507 204 43 frängångna
446 512 158 40 förslagen
630 525 49 19 om
703 516 178 30 statsbanas
907 535 36 3 —
968 517 58 30 den
1050 518 34 29 så
1104 517 126 31 kallade
1252 518 250 32 inlandsbanans
1523 538 41 4 —
1588 517 242 48 framdragande

220 559 113 30 genom
369 553 87 30 dessa
490 556 226 39 gränstrakter,
744 557 381 39 byggnadskostnaderna
1148 559 39 30 då
1209 560 91 30 rörde
1322 560 50 41 sig
1396 561 68 30 med
1488 562 102 31 siffror
1612 568 40 34 på
1674 564 116 35 80,000
1813 565 17 28 å

223 592 132 38 100,000
377 595 116 30 kronor
516 607 37 29 pr
575 597 168 31 kilometer
765 599 56 30 och
845 599 105 31 tillika
973 600 58 30 allt
1053 601 192 31 statsmedel.
1291 601 14 30 I
1330 602 53 31 det
1406 603 65 37 fall,
1488 608 48 26 att
1551 604 87 30 dessa
1653 605 176 30 statsbane-

219 634 111 39 planer
364 636 79 30 hade
478 637 165 32 fastställts
676 639 51 31 till
750 640 179 33 utförande.
956 642 77 30 hade
1056 642 119 31 således
1198 645 121 29 statens
1342 645 136 38 utgifter
1500 646 50 29 för
1574 646 86 31 dessa
1682 646 148 31 ändamål

219 676 10 29 i
252 676 54 31 det
339 681 158 28 närmaste
526 680 206 32 fördubblats.
778 683 129 30 Statens
929 684 182 30 nuvarande
1134 685 268 41 understödjande
1425 698 38 19 av
1486 687 60 31 den
1570 688 144 31 enskilda
1737 689 92 30 verk-

218 717 164 32 samheten
405 720 10 29 i
439 721 87 31 detta
559 722 56 31 fall
648 723 57 31 har
727 724 133 31 sålunda
884 725 79 31 visat
985 726 48 40 sig
1056 726 107 31 kunna
1186 727 51 30 till
1262 727 135 40 ungefär
1419 728 122 32 hälften
1566 730 145 31 nedsätta
1733 733 96 28 stats-

218 759 125 31 verkets
377 761 91 40 eljest
495 764 70 30 med
588 764 114 32 enbart
725 766 219 32 statsinitiativ
971 768 166 41 behövliga
1160 769 143 40 utgifter,
1328 770 107 31 varvid
1459 772 189 40 ytterligare
1673 772 55 31 bör
1750 784 79 29 upp-

218 803 236 39 märksammas,
488 811 47 26 att
567 807 38 30 de
628 807 176 41 tillsläppta
828 809 267 41 penningmedlen
1119 821 42 20 nu
1184 813 54 29 äro
1261 811 52 31 lån
1338 813 70 30 med
1432 813 397 43 återbetalningsskyldig-

220 842 62 33 het,
318 855 69 20 men
411 848 58 36 att,
493 859 48 20 om
565 852 106 28 staten
694 850 78 40 själv
795 851 244 31 omhänderhaft
1061 851 241 41 ifrågavarande
1322 854 190 41 Järnvägars
1534 855 179 41 byggande,
1738 856 90 39 kapi-

218 884 160 41 talutlägg
401 899 38 19 av
463 889 117 32 dubbla
602 891 158 31 storleken
788 893 80 30 varit
891 894 210 40 nödvändiga.

326 928 146 33 Därefter
503 933 197 40 övergående
735 934 50 30 till
814 935 206 39 järnvägars
1054 935 81 39 drift
1169 935 58 32 och
1260 937 191 41 trafikering
1474 938 56 30 vill
1553 940 153 39 styrelsen
1730 940 97 30 fram-

219 968 96 38 hålla,
338 974 49 28 att
409 973 54 30 vid
486 974 143 31 enskilda
651 976 173 40 järnvägar
846 977 10 29 i
880 977 94 30 trafik
997 977 159 31 desamma
1179 977 33 31 få
1234 978 99 39 själva
1355 979 189 32 underbålla
1566 980 57 32 och
1641 982 187 39 nyanskaffa

217 1010 147 34 rullande
387 1016 153 39 materiel,
566 1017 129 31 bekosta
717 1018 98 31 banas
838 1020 55 29 och
917 1019 170 31 stationers
1102 1031 58 29 ny-
1176 1020 58 31 och
1250 1021 249 40 ombyggnader,
1515 1023 122 31 skatter
1646 1024 70 30 med
1730 1035 97 27 mera,

218 1054 100 30 under
349 1055 54 31 det
425 1060 48 29 att
495 1069 120 21 samma
638 1060 220 41 utgiftsposter
880 1060 49 32 för
951 1063 119 29 statens
1088 1062 173 40 järnvägar
1285 1063 152 31 bestridas
1460 1074 113 30 genom
1596 1065 124 41 årligen
1743 1066 84 31 åter-

218 1095 190 34 kommande
441 1101 110 40 anslag
585 1113 38 19 av
656 1103 194 31 statsmedel.
896 1103 56 31 Ett
974 1104 186 40 fortgående
1183 1104 244 42 förstatligande
1450 1118 38 19 av
1512 1107 38 31 de
1574 1108 144 31 enskilda
1737 1109 90 40 järn-

219 1140 141 38 vägarna
391 1141 102 32 skulle
526 1143 95 32 alltså
643 1144 151 38 medföra,
817 1148 49 28 att
887 1146 179 40 anspråken
1089 1157 40 30 på
1151 1147 192 31 statskassan
1367 1148 49 30 för
1439 1149 142 31 rullande
1605 1150 141 31 materiel
1769 1150 56 31 och

217 1181 98 44 andra
349 1184 198 32 underhålls-
570 1187 55 30 och
649 1187 339 41 utvidgningsarbeten
1012 1188 51 30 vid
1087 1190 47 29 ett
1155 1188 132 31 sålunda
1310 1190 147 41 utvidgat
1478 1191 223 32 statsbanenät
1723 1192 103 31 skulle

217 1232 11 19 1
252 1225 218 32 motsvarande
493 1228 73 30 mån
589 1229 56 30 och
669 1229 72 31 med
764 1229 87 31 tiden
877 1230 93 40 högst
992 1233 144 28 avsevärt
1158 1233 130 39 stegras.

324 1266 63 31 Det
419 1279 92 30 synes
538 1270 107 31 tillika
669 1282 35 19 ur
728 1271 54 31 det
804 1271 178 31 allmännas
1004 1273 163 40 synpunkt
1189 1274 187 39 uppenbart,
1400 1277 49 28 att
1472 1276 158 31 enskildas
1653 1277 57 30 och
1733 1277 90 30 kom-

217 1307 129 31 munala
380 1313 270 40 ansträngningar
683 1313 56 31 och
762 1314 227 40 uppoffringar,
1013 1314 70 31 med
1108 1315 182 31 nuvarande
1312 1319 65 28 sätt
1400 1316 47 31 för
1470 1317 37 31 de
1531 1318 145 31 enskilda
1694 1319 131 40 järnvä-

217 1358 115 29 garnas
366 1352 166 39 tillkomst,
556 1355 80 30 både
659 1356 74 39 giva
756 1355 128 31 tillfälle
908 1356 49 30 ull
982 1367 39 20 en
1044 1356 243 42 värdesättning
1309 1369 38 19 av
1372 1359 52 30 det
1447 1359 146 41 verkliga
1615 1361 211 37 ortsintresse,

217 1400 65 20 som
305 1392 64 31 kan
397 1394 172 33 förefinnas
592 1396 49 32 för
663 1397 280 31 åstadkommande
967 1398 11 30 i
1000 1400 127 29 orterna
1149 1410 39 19 av
1207 1399 175 41 järnvägar
1404 1400 58 31 och
1484 1401 105 31 tillika
1612 1402 99 31 måste
1734 1413 91 20 anses

217 1442 75 21 vara
313 1444 39 20 av
376 1435 61 32 den
460 1438 78 30 allra
560 1441 115 29 största
699 1439 162 41 betydelse
884 1440 344 31 nationalekonomiskt
1251 1443 71 37 sett,
1346 1442 95 31 bland
1458 1446 100 28 annat
1574 1445 40 38 på
1630 1445 60 30 den
1706 1446 115 39 grund,

217 1477 49 28 att
299 1476 38 31 de
370 1479 133 32 sålunda
527 1481 199 31 ekonomiskt
748 1482 207 31 intresserade
979 1482 229 31 kommunerna
1232 1484 108 30 kunna
1363 1485 125 30 komma
1497 1472 18 56 i
1544 1486 128 31 tillfälle
1695 1490 49 28 att
1766 1489 59 30 öva

219 1516 147 44 behövlig
399 1521 142 33 kontroll
575 1524 142 36 däröver,
749 1526 48 29 att
820 1535 39 20 en
882 1535 40 30 på
945 1524 114 32 sådant
1080 1527 64 29 sätt
1166 1525 202 32 tillkommen
1390 1527 143 41 järnväg,
1556 1531 76 29 utan
1655 1529 169 31 skattande

217 1561 33 28 at
283 1560 49 31 för
367 1563 67 31 dess
468 1566 163 40 egentliga
665 1566 148 31 ändamål
847 1578 68 19 mer
941 1566 78 32 eller
1041 1567 122 31 mindre
1188 1568 199 32 främmande
1408 1569 117 41 syften,
1549 1570 91 32 bleve
1662 1572 88 31 skött
1773 1572 51 30 till

216 1603 116 30 största
366 1606 132 42 möjliga
532 1608 116 31 båtnad
682 1608 50 31 för
765 1609 38 31 de
832 1609 71 31 med
927 1609 179 31 densamma
1129 1609 210 42 förknippade
1362 1611 144 41 verkliga
1527 1613 58 31 och
1608 1614 144 40 legitima
1774 1614 49 30 in-

216 1645 149 32 tressena.
411 1648 59 32 Om
498 1661 72 20 man
594 1650 143 32 däremot
758 1651 71 31 från
855 1651 110 40 början
989 1651 104 31 kunde
1115 1652 78 41 utgå
1216 1652 82 40 från,
1320 1655 48 29 att
1390 1655 193 31 statsverket
1605 1656 57 31 och
1685 1656 54 31 det
1762 1656 60 31 all-

215 1687 127 39 männa,
377 1692 77 30 utan
487 1695 143 28 orternas
652 1695 101 29 större
776 1703 81 30 egna
880 1694 282 41 ansträngningar,
1185 1694 97 41 droge
1305 1695 125 42 försorg
1451 1707 50 20 om
1525 1697 298 32 tillfredsställande

216 1729 79 30 även
318 1742 39 20 av
377 1733 591 42 järnvägskommunikationsbehovet,
991 1735 101 31 skulle
1115 1736 181 41 säkerligen
1321 1738 88 30 detta
1432 1750 41 19 nu
1498 1741 51 29 ute
1570 1740 9 30 i
1596 1740 125 31 landets
1736 1740 87 32 olika

216 1770 87 32 delar
323 1773 134 33 levande
479 1777 57 30 och
559 1777 230 31 fruktbärande
811 1777 134 32 intresse
968 1777 49 32 för
1039 1778 196 31 förbättrade
1254 1779 364 42 järnvägsförbindelser
1640 1783 71 30 med
1734 1784 88 30 dessa

214 1822 176 34 omsorgers
413 1818 159 42 läggande
595 1819 113 31 enbart
730 1819 40 41 på
792 1821 193 30 statsverket
1007 1821 126 30 komma
1155 1824 48 27 att
1226 1822 138 30 minskas
1385 1822 79 31 eller
1479 1823 158 32 måhända
1659 1824 163 32 försvinna

214 1855 56 30 och
295 1856 60 32 den
379 1861 158 31 omtalade
559 1861 251 31 ortskontrollen
832 1873 39 19 av
895 1862 79 31 brist
996 1862 40 41 på
1057 1863 133 31 intresse
1213 1863 158 31 bortfalla.

318 1899 47 33 På
397 1903 104 40 grund
534 1914 38 20 av
606 1903 59 31 vad
696 1903 134 32 sålunda
851 1904 133 38 anförts,
1010 1904 47 31 får
1079 1904 155 42 styrelsen
1256 1916 66 20 som
1344 1907 49 30 sin
1416 1907 171 38 bestämda,
1611 1920 38 19 av
1671 1908 77 42 lång
1772 1921 49 20 er-

214 1938 147 36 farenhet
383 1946 59 30 och
464 1948 77 29 nära
565 1946 151 41 beröring
739 1946 69 31 med
833 1946 38 31 de
895 1946 143 32 enskilda
1057 1947 214 41 järnvägarna
1294 1948 56 31 och
1367 1949 89 31 deras
1472 1949 221 33 förhållanden
1709 1952 112 31 stödda

213 1981 85 34 äsikt
320 1987 114 38 uttala,
457 1991 48 28 att
528 1991 47 28 ett
599 1999 86 20 mera
708 1988 175 32 vidsträckt
906 1989 243 41 förstatligande
1171 2001 38 19 av
1233 1990 37 31 de
1292 1991 135 31 svenska
1450 1992 143 31 enskilda
1607 1994 214 41 järnvägarna

213 2024 27 40 ej
275 2037 74 21 vore
382 2029 52 32 till
468 2030 129 39 båtnad,
630 2033 75 29 utan
729 2030 52 31 till
804 2031 216 31 beståndande
1042 2032 97 30 skada
1162 2032 48 31 för
1232 2032 52 31 det
1306 2033 162 31 allmänna
1490 2035 56 30 och
1570 2036 153 37 enskilda,
1747 2048 71 20 men

212 2069 49 29 att
283 2069 145 34 däremot
450 2083 40 20 en
513 2073 61 31 viss
597 2072 140 32 kontroll
760 2084 93 30 synes
876 2073 76 31 böra
976 2074 69 30 från
1068 2076 121 29 statens
1211 2075 68 30 sida
1301 2078 110 28 utövas
1434 2076 140 38 däröver,
1598 2080 49 29 att
1661 2089 158 21 samman-

212 2109 146 45 slutning
390 2115 72 31 sker
483 2114 42 42 på
546 2115 115 31 sådant
683 2117 73 35 sätt,
779 2118 48 28 att
849 2126 81 20 ovan
954 2115 192 32 framhållna
1168 2117 181 31 eventuella
1371 2118 171 32 nackdelar
1565 2120 28 41 ej
1617 2121 201 40 uppkomma.

318 2156 15 31 I
366 2156 92 42 fråga
480 2168 50 20 om
554 2157 54 31 det
631 2157 100 31 under
753 2159 62 35 2:0)
839 2161 163 38 upptagna
1022 2158 202 40 spörsmålet:
1247 2159 24 30 I
1288 2160 64 30 vad
1375 2161 78 30 mån
1476 2161 153 32 bildande
1653 2173 39 21 av
1714 2166 105 29 större

212 2198 350 41 trafikförvaltningar,
588 2199 199 40 omfattande
806 2199 82 39 flera
904 2200 109 39 bolags
1025 2200 195 41 järnvägar,
1236 2202 55 30 må
1307 2202 112 32 kunna
1436 2204 161 32 utvecklas
1613 2205 57 31 och
1685 2205 134 41 stödjas,

211 2240 56 30 vill
289 2242 157 41 styrelsen
468 2241 113 39 uttala,
604 2245 49 28 att
676 2252 40 21 en
738 2242 248 41 koncentrering
1008 2254 39 19 av
1070 2243 76 31 flera
1168 2244 249 41 närgränsande,
1441 2246 100 31 under
1556 2246 184 42 likformiga
1756 2249 63 30 för-

318 2297 115 38 Bihang
455 2297 43 28 till
519 2295 173 37 riksdagens
709 2295 146 37 protokoll
879 2295 93 30 1917.
998 2296 41 29 13
1060 2297 80 28 saml.
1164 2298 20 27 3
1206 2298 63 27 avd.
1295 2298 40 28 12
1356 2298 73 36 häft.
1470 2299 45 28 (Nr
1538 2298 69 40 12.)
1757 2299 19 29 6
