1898 2768
434 173 389 48 Jordbruksutskottets
843 170 180 35 utlåtande
1043 178 43 21 nr
1108 168 14 30 1
1146 166 40 31 år
1207 163 84 31 1962
1578 155 39 31 35

117 275 279 41 tordringsgång.
420 271 66 30 Till
512 264 242 38 förstärkning
779 270 41 21 av
843 253 330 42 växtinspektionen
1197 249 12 29 i
1234 246 137 31 landets
1397 241 133 41 sydliga
1554 240 64 28 im-

117 325 231 50 porthamnar
375 321 146 32 föreslås
548 319 85 29 böra
659 315 149 30 inrättas
836 319 43 21 en
905 297 482 49 inspektörsassistenttjänst
1414 294 11 28 i
1452 289 166 41 lönegrad

120 382 50 38 Ag
198 380 38 29 12
264 376 79 31 med
368 372 177 42 placering
571 369 11 29 i
609 366 127 31 Malmö
764 363 82 29 eller
873 355 232 40 Hälsingborg
1133 351 88 30 efter
1249 346 191 32 anstaltens
1468 341 151 31 bestäm-

119 429 137 31 mande.
280 419 380 47 Utgiftsförändringar
686 424 41 21 av
753 408 214 35 automatisk
991 407 105 29 natur
1120 403 65 29 har
1209 398 189 31 beräknats
1423 394 52 31 till
1502 392 40 30 3$
1556 390 63 30 400

119 483 52 29 kr.

165 531 13 29 I
206 527 171 34 samband
401 522 146 32 härmed
573 520 64 29 har
663 515 169 32 utskottet
857 508 190 33 behandlat
1072 505 59 31 två
1156 503 52 30 till
1233 499 171 32 utskottet
1429 492 192 33 hänvisade

121 578 224 41 likalydande
367 574 182 32 motioner,
572 568 176 38 nämligen
771 565 29 29 I:
816 563 61 29 497
903 570 41 21 av
967 560 81 28 herr
1069 555 173 30 Mattsson
1267 550 65 31 och
1355 549 80 28 herr
1457 546 165 32 Larsson,

125 632 181 33 Thorsten,
334 628 90 29 samt
452 624 45 29 II:
514 621 63 31 573
605 629 42 21 av
674 618 80 29 herr
779 615 153 29 Larsson
959 611 11 29 i
997 606 144 39 Borrby,
1168 604 11 29 i
1205 602 95 30 vilka
1328 598 171 31 motioner
1527 595 96 28 hem-

124 682 114 30 ställts
260 681 50 29 att
333 676 187 37 riksdagen
544 671 110 30 måtte
676 667 120 39 medge
820 660 215 33 inrättandet
1060 666 42 21 av
1126 665 42 20 en
1192 650 197 38 befattning
1415 656 74 21 som
1514 645 109 29 förste

124 731 164 30 assistent
309 729 13 29 i
341 725 164 39 lönegrad
527 723 48 29 Ae
597 722 38 29 21
658 719 57 30 vid
737 717 132 29 statens
888 700 367 53 växtskyddsanstalts
1277 690 348 55 upplysningsavdel-

125 783 93 38 ning.

170 829 228 34 Beträffande
415 827 41 29 de
474 824 88 34 skäl,
581 831 74 22 som
673 817 261 32 motionärerna
953 811 117 31 anfört
1087 808 53 31 till
1160 805 77 32 stöd
1255 804 55 29 för
1330 802 53 30 sin
1401 797 222 32 hemställan,

126 882 166 30 hänvisar
313 878 169 31 utskottet
504 874 53 31 till
578 871 178 31 motionen
778 867 46 30 II:
841 864 72 31 573.

171 978 393 46 Deparlementschefen
586 977 65 28 har
673 972 117 31 anfört
811 970 45 29 bl.
879 978 29 20 a.
932 964 168 41 följande.

174 1031 362 38 >Anstaltsstyrelsens
556 1026 131 36 förslag
705 1023 52 30 till
778 1030 68 28 nya
864 1015 259 34 bestämmelser
1142 1022 56 20 om
1216 1005 237 39 bekämpande
1473 1013 41 20 av
1535 1003 94 36 pota-

129 1086 80 31 tisål
232 1079 329 46 (potatisnematod)
586 1075 121 40 skiljer
726 1073 51 39 sig
795 1070 80 31 från
894 1066 159 42 gällande
1071 1063 111 39 regler
1199 1057 215 39 väsentligen
1432 1052 127 34 däruti,
1580 1052 50 28 att

130 1135 172 32 inträffad
333 1129 287 34 nematodsmitta
649 1124 106 39 enligt
785 1120 166 38 förslaget
980 1116 125 31 endast
1135 1107 252 41 undantagsvis
1417 1104 88 31 skall
1536 1101 94 31 med-

131 1188 77 29 föra
226 1182 241 33 restriktioner
486 1181 10 29 i
515 1178 100 39 fråga
632 1184 57 22 om
708 1170 268 38 användningen
995 1176 42 20 av
1055 1164 111 33 mark,
1186 1156 237 45 potatisskörd
1441 1164 45 20 m.
1505 1162 46 21 m.
1570 1152 61 29 Be-

130 1235 216 41 kämpandet
363 1233 61 30 bör
442 1230 106 39 enligt
567 1226 169 41 styrelsen
754 1223 126 30 främst
897 1218 183 31 befordras
1099 1221 124 33 genom
1241 1207 212 43 upplysning
1472 1204 64 31 och
1555 1202 77 31 råd-

133 1287 141 40 givning
299 1285 53 29 till
376 1281 147 31 berörda
547 1279 118 30 odlare
692 1275 79 30 från
797 1271 193 32 anstaltens
1016 1266 77 31 sida
1117 1266 10 29 i
1154 1261 194 33 samarbete
1372 1257 79 30 med
1476 1253 157 32 hushåll-

133 1335 304 41 ningssällskapen
460 1332 90 29 samt
572 1335 123 33 genom
716 1322 199 33 inrättande
938 1329 41 20 av
1000 1320 48 28 ett
1069 1314 148 31 centralt
1239 1305 394 37 servicelaboratorium.

133 1384 240 33 Laboratoriet
396 1390 97 22 avses
517 1379 99 31 skola
637 1376 118 31 utföra
775 1368 349 46 jordprovsanalyser
1147 1364 74 30 dels
1243 1364 72 27 mot
1339 1358 107 40 avgift
1468 1357 45 39 på
1534 1355 101 38 begä-

135 1446 64 21 ran
233 1446 41 20 av
308 1432 160 32 enskilda
503 1430 129 32 odlare,
667 1426 73 30 dels
775 1424 54 29 för
864 1431 43 21 en
942 1429 42 20 av
1019 1416 175 32 anstalten
1218 1410 167 42 planerad
1410 1400 225 51 systematisk

135 1481 385 39 nematodinventering
542 1488 42 21 av
605 1477 136 31 landets
762 1473 131 41 jordar.
915 1470 78 30 Med
1015 1467 106 31 tanke
1143 1465 45 40 på
1209 1464 67 29 den
1298 1462 99 37 ringa
1419 1456 184 40 framgång
1624 1455 11 29 i

135 1530 452 47 potatisålsbekämpandet,
613 1536 75 22 som
711 1524 157 31 erhållits
892 1520 80 31 med
996 1515 203 33 nuvarande
1222 1510 272 33 bestämmelser,
1520 1507 116 29 finner

136 1589 60 39 jag
219 1596 43 20 en
287 1582 222 41 omläggning
534 1580 88 30 efter
649 1576 150 40 angivna
822 1571 177 39 riktlinjer
1023 1565 213 33 välbetänkt.
1261 1564 64 38 Jag
1351 1568 97 23 avser
1474 1560 50 28 att
1549 1556 88 30 efter

137 1632 421 44 riksdagsbehandlingen
584 1639 41 20 av
651 1628 95 30 detta
772 1624 121 38 anslag
919 1621 54 30 för
1000 1618 127 39 Kungl.
1155 1615 105 40 Maj:t
1287 1612 193 38 framlägga
1506 1608 132 37 förslag

138 1688 53 30 till
207 1696 46 30 ny
269 1683 208 41 kungörelse
494 1683 10 29 i
523 1681 128 29 ämnet.

183 1738 13 29 I
215 1737 110 29 likhet
344 1734 78 30 med
442 1728 320 40 anstaltsstyrelsen
782 1733 103 22 anser
903 1723 68 39 jag,
992 1722 49 28 att
1061 1715 368 34 laboratorieresurser
1448 1711 54 29 för
1522 1717 118 21 nema-

140 1784 366 37 todundersökningar
530 1782 11 29 i
568 1780 112 30 första
704 1776 95 30 hand
824 1775 63 29 bör
913 1769 225 34 säkerställas
1163 1768 64 28 hos
1255 1764 184 31 anstalten.
1466 1761 59 29 Att
1552 1759 87 29 efter

140 1839 71 29 viss
224 1834 265 40 komplettering
503 1830 152 37 utnyttja
668 1825 173 38 befintligt
856 1821 250 33 laboratorium
1119 1818 58 30 vid
1192 1817 188 30 anstaltens
1396 1812 88 31 filial
1506 1812 4 29 i
1527 1810 114 36 Åkarp

138 1897 101 31 synes
272 1884 122 32 därvid
426 1881 170 40 lämpligt.
630 1879 48 30 På
709 1876 143 31 chefens
886 1874 54 29 för
962 1866 397 41 finansdepartementet
1393 1860 247 39 föredragning

142 1938 114 29 denna
279 1937 66 38 dag
368 1935 64 28 har
455 1932 111 30 under
589 1925 370 44 byggnadsstyrelsens
982 1919 144 32 delfond
1151 1927 40 21 av
1216 1918 132 28 statens
1371 1913 178 30 allmänna
1573 1910 69 29 fas-

143 1985 216 42 tighetsfond
384 1984 93 29 vissa
503 1981 112 30 medel
641 1978 188 30 beräknats
855 1974 55 30 för
936 1974 50 29 att
1011 1970 58 30 vid
1096 1968 134 30 filialen
1256 1962 266 41 iordningställa
1551 1960 92 30 tork-

144 2038 65 29 och
235 2037 174 38 lagerrum
436 2032 54 30 för
516 2030 177 41 jordprov.
719 2026 76 31 Vad
822 2024 106 40 gäller
954 2021 125 40 frågan
1105 2028 58 21 om
1189 2018 42 29 de
1257 2015 113 31 lokala
1399 2010 244 33 lantbrukske-

143 2087 115 29 miska
274 2082 391 33 kontrollstationernas
683 2076 211 31 medverkan
911 2073 58 30 vid
987 2066 451 38 rutinundersökningarna
1456 2071 101 21 anser
1575 2061 69 39 jag,

145 2140 49 27 att
214 2132 393 41 växtskyddsanstalten
630 2129 61 29 bör
712 2128 10 28 i
745 2125 141 32 samråd
908 2123 78 30 med
1009 2120 159 39 lämpligt
1190 2116 160 40 förlagda
1370 2111 275 33 kontrollstatio-

146 2197 60 19 ner
233 2187 138 29 snarast
397 2181 183 31 förbereda
605 2189 41 19 en
673 2177 96 39 dylik
796 2173 223 35 medverkan,
1047 2170 38 31 så
1112 2171 49 28 att
1187 2165 210 39 tillräckliga
1422 2161 223 32 laboratorie-

146 2245 156 22 resurser
327 2235 159 28 kommer
511 2233 49 28 att
587 2229 53 30 stå
664 2228 145 29 odlarna
834 2224 51 30 till
911 2222 89 30 buds
1025 2220 58 30 vid
1108 2216 268 40 bekämpandet.
1403 2206 242 51 Analysavgif-

147 2289 99 26 terna
271 2285 56 29 vid
354 2284 56 29 det
437 2281 139 38 statliga
601 2275 224 32 laboratoriet
850 2274 61 29 bör
938 2279 166 31 avpassas
1132 2268 47 34 så,
1206 2269 50 27 att
1282 2262 365 33 rutinverksamheten

148 2336 44 39 på
216 2335 69 30 sikt
308 2333 67 29 blir
400 2329 199 42 självbärig.
624 2328 119 29 Taxan
767 2324 98 30 torde
890 2323 84 29 böra
998 2320 213 29 bestämmas
1237 2325 40 21 av
1302 2311 346 41 växtskyddsanstal-

149 2388 55 27 ten
227 2386 8 28 i
258 2382 140 32 samråd
419 2381 77 29 med
518 2374 377 35 riksrevisionsverket.

191 2430 429 41 Avlöningskostnaderna
657 2427 53 29 för
746 2426 65 29 den
849 2432 66 30 nya
952 2415 490 35 laboratorieverksamheten,
1478 2411 93 31 vilka
1608 2421 39 19 av

151 2485 168 39 styrelsen
338 2482 188 30 beräknats
545 2479 50 30 till
615 2477 41 30 40
671 2475 62 31 000
750 2475 64 35 kr.,
832 2473 98 30 torde
948 2471 51 30 till
1018 2471 49 29 ett
1085 2469 125 38 belopp
1229 2475 42 21 av
1291 2466 38 29 12
1344 2463 62 31 000
1424 2464 52 29 kr.
1495 2470 155 31 rymmas
