1880 2754
278 162 39 31 76
609 160 389 32 Jordbruksutskottets
1017 161 179 31 utlåtande
1216 172 43 20 nr
1277 163 15 30 1
1314 163 40 30 år
1374 164 84 29 1962

326 245 97 35 81:0)
445 246 165 35 Lindring
627 247 11 29 i
656 246 132 29 mindre
806 246 217 30 bemedlades
1040 247 186 30 kostnader
1244 247 55 30 för
1316 247 261 35 djursjukvård.
1597 247 13 29 I
1629 247 152 40 enlighet

281 296 79 28 med
385 295 125 39 Kungl.
533 296 124 39 Maj:ts
681 296 129 39 förslag
833 296 112 30 under
968 296 158 40 punkten
1149 297 41 29 89
1218 297 42 34 (s.
1285 297 81 34 238)
1395 306 56 21 om
1475 297 213 31 oförändrad
1710 307 71 20 me-

281 344 262 41 delsanvisning
562 356 41 20 av
624 346 61 30 750
700 346 62 30 000
781 347 52 29 kr.
852 347 202 29 hemställer
1073 347 180 35 utskottet,

635 397 50 28 att
706 395 186 40 riksdagen
913 397 58 30 må
992 397 52 29 till
1064 397 170 40 Lindring
1255 397 11 30 i
1286 397 138 30 mindre
1448 398 217 30 bemedlades
1687 399 95 29 kost-

589 446 110 29 nader
725 446 55 40 för
807 447 256 40 djursjukvård
1090 448 55 30 för
1171 448 204 39 budgetåret
1406 449 148 35 1962/63
1584 449 119 30 anvisa
1732 451 48 28 ett

591 496 273 41 förslagsanslag
891 507 42 20 av
961 498 60 29 750
1036 498 61 30 000
1125 499 52 28 kr.

326 649 100 35 82:0)
458 651 386 36 Veterinärhögskolan:
873 652 222 37 Avlöningar.
1123 653 125 39 Kungl.
1278 653 124 39 Maj:ts
1431 652 260 41 framställning
1719 662 63 21 un-

282 700 60 29 der
368 701 158 38 punkten
551 701 40 29 90
623 701 44 33 (s.
694 701 189 35 238—246)
914 702 191 30 innefattar
1129 721 45 3 —
1199 703 155 30 förutom
1379 703 209 30 hemställan
1614 704 52 29 till
1693 704 87 30 riks-

281 749 113 39 dagen
418 753 50 27 att
490 752 121 38 medge
635 752 188 39 ändringar
845 752 11 29 i
879 752 431 41 personalförteckningen
1333 754 66 29 och
1423 754 174 30 fastställa
1619 763 47 30 ny
1689 755 93 29 avlö-

280 799 176 39 ningsstat
477 820 44 3 —
543 802 326 40 anslagsanvisning
893 812 42 20 av
957 802 19 30 4
990 802 63 31 204
1067 803 62 32 000
1153 804 51 29 kr.
1229 804 238 30 innebärande
1491 805 290 39 anslagshöjning

280 851 80 29 med
379 850 64 30 234
457 851 62 30 000
538 852 51 29 kr.

323 902 177 39 Styrelsen
533 902 57 39 för
625 903 367 40 veterinärhögskolan
1026 904 64 30 har
1123 905 11 29 i
1170 905 52 29 sin
1257 905 404 40 anslagsframställning
1683 906 97 29 hem-

280 950 96 31 ställt
395 961 57 20 om
471 952 288 40 anslagshöjning
778 954 79 29 med
877 953 63 31 350
954 953 62 31 000
1036 954 51 29 kr.
1106 954 172 40 varjämte
1297 955 200 30 laboratorn
1517 955 57 30 vid
1593 955 188 30 veterinär-

278 1002 195 39 högskolan
494 1003 37 29 B.
552 1003 112 40 Åberg
684 1003 11 30 i
717 1004 150 30 särskild
890 1005 165 29 skrivelse
1077 1006 187 34 hemställt,
1288 1008 50 27 att
1359 1006 113 30 medel
1495 1006 54 30 för
1570 1006 70 30 viss
1662 1016 116 30 perso-

281 1052 58 29 nal
360 1052 53 29 till
434 1055 48 28 ett
503 1053 124 39 belopp
649 1063 41 21 av
711 1054 10 29 i
741 1056 82 28 runt
845 1054 47 29 tal
917 1054 60 30 104
992 1054 62 30 900
1075 1055 52 30 kr.
1149 1055 108 30 måtte
1278 1056 120 29 ställas
1421 1056 52 29 till
1496 1056 206 39 förfogande
1725 1057 55 29 för

282 1102 179 37 kontroll-,
495 1102 218 40 forsknings-
745 1104 63 29 och
840 1105 494 39 undervisningsverksamhet
1367 1106 11 29 i
1410 1107 371 29 veterinärmedicinsk

280 1152 228 40 radiobiologi
534 1153 58 30 vid
620 1154 211 38 högskolans
859 1155 156 30 kliniska
1041 1156 397 30 centrallaboratorium.

322 1257 395 40 Departementschefen
738 1258 63 29 har
819 1277 44 3 —
882 1259 90 29 efter
992 1260 160 29 närmare
1173 1260 216 39 redogörelse
1411 1261 54 29 för
1486 1261 190 30 innehållet
1696 1262 11 29 i
1728 1261 51 30 fö-

281 1306 194 30 renämnda
497 1307 403 42 anslagsframställning
921 1309 64 30 och
1006 1309 146 30 däröver
1175 1310 145 39 avgivna
1341 1311 188 38 yttranden
1552 1320 41 20 av
1614 1311 167 30 kanslern

280 1356 55 29 för
356 1356 110 31 rikets
485 1357 206 31 universitet
710 1359 65 29 och
795 1361 132 28 statens
947 1360 212 29 lönenämnd
1181 1361 163 29 ävensom
1365 1360 55 31 för
1439 1361 191 30 innehållet
1651 1362 10 29 i
1682 1371 99 29 nyss-

280 1406 149 31 berörda
452 1407 172 31 särskilda
649 1409 164 30 skrivelse
836 1410 66 29 och
925 1410 80 29 över
1028 1410 204 30 densamma
1255 1420 42 20 av
1320 1412 170 38 styrelsen
1515 1411 54 31 för
1591 1412 190 29 veterinär-

279 1456 205 38 högskolan,
501 1458 213 39 högskolans
731 1460 293 39 lärarkollegium,
1042 1461 374 37 medicinalstyrelsens
1434 1463 347 36 strålskyddsnämnd

280 1507 65 29 och
366 1508 576 41 veterinärhögskoleutredningen
966 1511 145 38 avgivna
1132 1512 187 38 yttranden
1340 1531 45 3 —
1407 1512 116 30 anfört
1546 1513 167 39 följande.

325 1557 123 30 >Vissa
472 1558 109 30 under
604 1559 94 30 detta
724 1560 119 40 anslag
867 1561 129 30 äskade
1020 1561 281 40 förstärkningar
1326 1572 42 20 av
1390 1563 390 39 veterinärhögskolans

280 1609 196 37 personella
498 1618 157 21 resurser
678 1619 101 21 anser
801 1611 59 39 jag
883 1621 84 20 vara
991 1621 41 20 av
1055 1612 109 30 sådan
1188 1613 366 40 angelägenhetsgrad,
1579 1616 50 27 att
1652 1614 42 29 de
1718 1613 62 31 bör

280 1658 224 38 genomföras
532 1661 87 29 trots
648 1660 177 40 pågående
854 1662 187 39 utredning
1070 1663 148 29 rörande
1247 1663 230 40 forskningen
1506 1664 64 30 och
1599 1664 181 30 undervis-

279 1707 130 40 ningen
431 1709 57 29 vid
510 1709 204 40 högskolan.
739 1711 153 30 Sålunda
914 1712 62 30 bör
997 1713 201 39 kirurgiska
1221 1714 230 40 avdelningen
1474 1714 149 30 tillföras
1648 1715 66 30 den
1738 1724 41 20 av

280 1758 339 40 högskolestyrelsen
648 1760 197 40 föreslagna
872 1763 217 38 personalen,
1118 1764 88 29 dock
1233 1765 79 29 med
1339 1765 94 30 vissa
1459 1765 227 40 jämkningar
1712 1766 66 29 vad

281 1808 108 38 gäller
421 1809 385 41 tjänstebenämningar
837 1813 65 28 och
935 1814 375 39 anställningsformer.
1341 1815 66 39 Jag
1439 1815 169 35 förordar,
1642 1818 50 28 att
1725 1816 55 30 för

277 1860 156 29 nämnda
454 1860 184 40 avdelning
661 1861 146 30 inrättas
829 1872 43 20 en
894 1863 167 30 halvtids-
1083 1865 64 29 och
1171 1874 57 21 sex
1249 1865 281 40 heltidstjänster
1552 1875 75 21 som
1649 1867 128 29 ekono-

276 1909 187 30 mibiträde
485 1910 10 29 i
517 1911 166 39 lönegrad
705 1911 48 31 Ae
776 1912 28 30 3.
827 1913 319 40 Halvtidstjänsten
1169 1915 127 29 liksom
1319 1924 42 21 en
1385 1925 42 20 av
1449 1916 328 40 heltidstjänsterna

277 1961 38 28 är
338 1960 130 30 avsedd
491 1960 54 30 för
568 1962 351 39 städningsgöromål.
944 1964 12 29 I
980 1964 151 39 enlighet
1154 1965 77 29 med
1256 1966 188 38 styrelsens
1469 1966 130 40 förslag
1621 1967 62 29 bör
1706 1976 70 20 me-

278 2010 53 29 del
361 2010 178 30 dessutom
566 2011 174 31 beräknas
768 2012 54 30 för
849 2013 369 41 halvtidsanställning
1245 2018 71 27 mot
1345 2016 126 30 arvode
1499 2026 41 20 av
1566 2018 48 28 ett
1640 2017 136 30 biträde

278 2060 53 29 för
353 2060 110 30 skriv-
483 2061 64 30 och
567 2062 314 40 kontorsgöromål.
903 2064 244 30 Kostnaderna
1168 2065 54 30 för
1242 2068 49 27 att
1312 2066 204 39 genomföra
1537 2067 149 39 angivna
1707 2067 69 30 för-

278 2111 225 39 stärkningar
523 2112 135 39 uppgår
678 2112 51 30 till
752 2113 38 30 70
806 2113 62 30 900
890 2114 52 29 kr.
963 2114 64 40 Jag
1048 2114 146 31 föreslår
1214 2116 128 35 vidare,
1364 2118 50 28 att
1433 2126 44 20 en
1498 2117 110 39 tjänst
1630 2127 74 20 som
1725 2118 52 29 in-

277 2160 317 32 stitutionsbiträde
618 2162 11 29 i
654 2163 154 39 reglerad
833 2163 314 41 befordringsgång
1171 2166 64 29 och
1258 2175 43 21 en
1326 2166 112 39 tjänst
1464 2176 73 21 som
1561 2167 216 30 ekonomibi-

277 2211 97 29 träde
395 2211 11 29 i
426 2212 165 39 lönegrad
612 2212 51 40 Ag
685 2213 18 30 3
724 2213 197 40 nyinrättas
944 2214 54 30 för
1018 2215 217 30 medicinska
1256 2216 230 40 avdelningen
1508 2217 54 30 för
1583 2217 194 30 icke-idiss-

276 2261 72 29 lare
366 2262 194 39 respektive
579 2263 229 40 avdelningen
828 2264 54 30 för
900 2264 345 41 födoämneshygien.
1263 2266 103 30 Detta
1384 2267 159 39 påkallar
1560 2277 42 20 en
1620 2269 156 38 anslags-

276 2311 133 40 ökning
429 2313 78 29 med
530 2313 39 30 20
584 2312 64 31 400
670 2313 52 30 kr.

322 2362 76 29 Vad
426 2363 106 39 gäller
559 2364 293 39 löneregleringar
879 2365 71 29 kan
976 2365 60 39 jag
1063 2366 187 39 tillstyrka,
1277 2368 50 30 att
1354 2376 43 20 en
1425 2367 110 39 tjänst
1564 2377 74 20 som
1666 2368 109 30 förste

276 2421 194 22 amanuens
490 2413 55 30 vid
566 2414 380 40 röntgenavdelningen
963 2415 13 29 i
995 2415 153 40 enlighet
1167 2416 79 30 med
1265 2416 358 40 högskolestyrelsens
1644 2418 132 40 förslag

275 2463 190 30 omändras
488 2463 51 30 till
564 2463 109 31 förste
694 2464 281 41 assistenttjänst
997 2465 12 30 i
1032 2466 166 40 lönegrad
1221 2466 48 31 Ae
1292 2467 52 30 21.
1370 2467 13 29 I
1407 2468 203 39 anslutning
1633 2469 52 29 till
1708 2469 66 29 vad
