1888 2836
558 207 257 29 Slalsulskotltets
837 208 164 31 utlalande
1021 210 45 29 Nr
1086 211 45 29 60.
1574 217 16 28 7

279 292 193 31 Nuvarande
496 293 134 38 lydelse:

99 364 81 28 verk
199 364 82 30 eller
300 365 187 37 inrättning
506 367 147 29 inhämta
670 365 142 48 muntlig

97 416 82 30 eller
201 417 154 38 skriftlig
376 419 216 37 upplysning,
614 420 123 36 begäre
759 430 53 27 ge-

96 478 75 19 nom
187 471 52 27 sin
255 470 200 32 ordförande
472 472 60 30 hos
550 474 261 29 statsministern

95 522 93 35 eller,
220 531 52 20 om
304 523 105 30 denne
443 527 37 27 är
514 526 203 37 tjänstledig,
750 527 62 29 hos

98 575 190 30 statsrådets
308 577 101 29 äldste
428 579 9 27 i
457 578 99 36 tjänst
573 580 141 29 varande
733 580 82 28 leda-

89 631 65 25 mot
184 627 204 38 Konungens
417 630 179 37 befallning
629 632 46 29 till
707 633 106 29 veder-

94 681 144 30 börande
262 684 47 28 att
331 683 147 30 meddela
499 683 63 31 den
585 685 123 30 äskade
731 695 79 28 upp-

93 735 188 37 lysningen,

410 825 17 34 &
448 827 46 30 16.

134 877 72 30 Den
245 879 189 35 berättelse,
475 889 69 20 som
584 882 225 34 revisorerna,

93 931 131 36 jämlikt
248 931 17 43 $
288 932 18 30 6
329 932 61 29 här
413 942 96 26 ovan,
533 934 96 29 skola
651 936 159 34 upprätta

95 987 79 26 över
199 985 194 30 revisionen
417 995 42 20 av
482 987 213 34 statsverket,
721 987 87 30 skall

94 1037 136 37 åtföljas
270 1047 42 20 av
350 1039 139 30 tabeller
527 1040 51 29 till
617 1040 192 37 jämförelse

92 1091 121 29 mellan
249 1093 335 30 statsinkomsternas
618 1094 190 30 beräknade

93 1144 60 29 och
179 1145 147 30 influtna
351 1146 119 37 belopp
495 1147 105 29 under
627 1148 181 30 revisions-

93 1197 72 30 året
192 1203 83 26 samt
301 1200 122 29 mellan
449 1200 38 30 de
514 1202 11 27 i
551 1203 64 27 stat
641 1201 168 37 uppförda

93 1251 162 37 anslagen
282 1253 60 29 och
369 1253 40 30 de
435 1254 158 37 verkliga
620 1255 188 36 utgifterna

93 1303 53 30 för
180 1314 123 21 samma
337 1306 54 35 tid,
424 1308 177 29 utvisande
635 1309 173 29 överskott

93 1357 83 30 eller
206 1359 85 29 brist
321 1359 42 37 på
393 1361 94 35 varje
518 1362 72 28 titel
611 1361 60 30 och
691 1362 43 36 på
753 1362 55 30 det

91 1410 85 30 hela.

132 1464 109 30 Finna
260 1467 216 29 revisorerna
495 1467 102 38 något
617 1477 42 20 av
679 1468 129 30 riksda-

91 1527 65 27 gen
176 1518 161 31 fastställt
356 1520 119 37 anslag
493 1530 83 21 vara
595 1522 212 31 överskridet

92 1571 83 31 eller
192 1572 116 37 draget
326 1574 52 29 till
396 1577 101 27 annat
515 1575 160 35 ändamål,
694 1579 41 26 än
751 1576 55 31 det

90 1634 43 20 av
164 1626 182 37 riksdagen
379 1627 225 37 föreskrivna,
638 1629 83 30 eller
745 1630 60 29 ock

90 1678 101 38 något
218 1680 10 28 i
255 1681 113 36 övrigt
394 1681 57 30 vid
479 1681 252 39 förvaltningen
758 1686 48 27 att

90 1733 122 34 erinra,
258 1733 84 30 eller
388 1737 37 27 är
461 1735 103 29 sådan
598 1737 207 37 upplysning

89 1786 83 29 eller
202 1787 172 38 handling,
404 1788 64 30 den
498 1790 224 35 revisorerna,
754 1800 51 20 om

90 1840 60 29 ock
171 1840 61 29 den
254 1841 73 29 icke
349 1850 99 21 avser
468 1843 251 35 revisionsåret,
742 1844 63 29 lik-

89 1893 55 29 väl
165 1894 230 37 uttryckligen
416 1895 166 31 förklarat
602 1898 52 28 sin
676 1898 128 29 önskan

88 1947 47 28 att
156 1947 140 35 erhålla,
320 1948 214 38 vederbörlig
556 1950 148 37 begäran
727 1952 77 29 oak-

90 2002 53 32 tat,
174 2001 71 29 icke
274 2002 120 29 vorden
426 2003 70 29 dem
524 2004 173 35 meddelad,
730 2005 76 29 eller

89 2052 149 31 förmena
274 2056 215 29 revisorerna
526 2057 42 37 på
603 2059 100 28 annat
738 2060 65 28 sätt

88 2108 53 27 sin
158 2108 162 36 rättighet
339 2108 108 30 såsom
465 2110 202 38 riksdagens
686 2112 117 29 ombud

88 2159 53 30 för
174 2163 83 27 nära
292 2162 104 34 trädd,
431 2163 36 29 så
502 2164 96 29 skola
623 2164 38 30 de
686 2165 117 30 sådant

88 2213 60 29 allt
172 2214 10 28 i
208 2223 124 22 samma
355 2216 180 31 berättelse
559 2219 160 29 anmärka
742 2219 60 29 och

88 2266 213 39 fullständigt
320 2269 171 31 utlåtande
511 2272 10 27 i
542 2273 107 28 ämnet
668 2273 133 35 avgiva.

1078 298 133 31 Ändrad
1234 300 136 37 lydelse:

874 371 82 28 verk
975 371 83 29 celler
1076 372 187 36 inrättning
1283 373 145 30 inhämta
1446 376 142 35 muntlig

872 423 76 28 eller
974 424 142 36 skriftlig
1142 426 208 36 upplysning,
1386 427 50 28 må
1470 429 119 26 reviso-

872 484 95 21 rerna
989 486 113 26 genom
1125 479 49 27 sin
1198 479 195 30 ordförande
1415 480 60 29 hos
1496 482 92 28 stats-

871 530 167 28 ministern
1065 531 85 34 eller,
1178 539 50 20 om
1255 532 101 29 denne
1383 535 36 26 är
1446 533 142 35 tjänstle-

871 582 62 36 dig,
957 582 61 29 hos
1041 583 189 30 statsrådets
1255 584 101 30 äldste
1381 586 9 27 i
1414 586 99 35 tjänst
1536 596 50 19 va-

867 635 98 29 rande
1002 635 135 30 ledamot
1165 636 119 36 begära
1308 637 203 37 Konungens
1539 639 49 29 be-

871 689 138 36 fallning
1037 690 46 28 till
1110 690 238 30 vederbörande
1375 693 43 27 att
1445 692 140 29 meddela

870 742 61 29 den
949 743 122 29 äskade
1088 744 249 37 upplysningen.

1183 831 17 33 $
1223 832 46 29 16.

907 884 72 29 Den
998 885 177 34 berättelse,
1200 894 68 20 som
1290 887 295 34 statsrevisorerna,

868 938 125 35 jämlikt
1022 938 16 35 8
1067 938 17 29 6
1111 938 59 29 här
1197 947 92 26 ovan,
1316 939 93 29 skola
1435 942 149 34 upprätta

869 992 74 28 över
960 991 181 29 revisionen
1161 1001 39 19 av
1219 993 198 34 stalsverket,
1437 993 85 29 skall
1542 992 42 30 åt-

870 1044 98 36 följas
983 1053 40 20 av
1038 1044 123 29 sådana
1176 1044 132 30 tabeller
1323 1045 59 29 och
1397 1045 187 37 finansiella

870 1097 184 37 översikter,
1071 1107 67 20 som
1153 1100 205 28 revisorerna
1375 1099 46 29 till
1439 1099 146 37 belysan-

869 1150 36 30 de
926 1160 38 20 av
984 1151 207 30 statsverkets
1211 1151 145 31 tillstånd
1376 1152 59 30 och
1454 1152 131 37 förvalt-

867 1206 78 35 ning
974 1204 103 30 under
1105 1206 231 29 revisionsåret
1363 1205 94 37 finna
1486 1207 98 37 erfor-

868 1257 123 37 derliga
1016 1258 75 30 eller
1116 1258 161 38 lämpliga.

908 1311 109 30 Finna
1036 1313 216 29 revisorerna
1271 1313 101 37 något
1392 1322 42 20 av
1454 1312 129 30 riksda-

867 1374 64 27 gen
952 1365 160 29 fastställt
1131 1365 120 37 anslag
1270 1375 83 20 vara
1371 1366 211 30 överskridet

868 1418 82 29 eller
967 1418 116 37 draget
1101 1419 51 28 till
1171 1421 102 27 annat
1291 1419 160 35 ändamål,
1469 1423 42 26 än
1529 1420 52 31 det

866 1480 43 20 av
940 1471 181 37 riksdagen
1155 1472 225 35 föreskrivna,
1413 1473 84 30 eller
1521 1474 60 29 ock

865 1525 102 37 något
993 1526 11 28 i
1031 1526 112 36 övrigt
1169 1526 58 29 vid
1255 1525 250 39 förvaltningen
1534 1529 47 27 att

866 1579 122 34 erinra,
1033 1578 84 31 eller
1163 1582 37 26 är
1237 1579 102 30 sådan
1374 1580 206 38 upplysning

865 1632 82 29 eller
978 1632 170 37 handling,
1181 1633 62 30 den
1274 1635 223 33 revisorerna,
1530 1643 50 20 om

865 1686 60 29 ock
946 1686 62 29 den
1030 1687 72 29 icke
1124 1695 99 21 avser
1243 1688 252 34 revisionsåret,
1518 1688 61 29 lik-

864 1740 56 28 väl
941 1740 229 37 uttryckligen
1192 1740 166 30 förklarat
1378 1742 51 28 sin
1451 1741 128 29 önskan

864 1794 46 27 att
932 1793 140 34 erhålla,
1094 1793 215 38 vederbörlig
1331 1794 148 37 begäran
1503 1795 76 29 oak-

865 1848 53 32 tat,
950 1846 70 29 icke
1049 1847 120 29 vorden
1201 1847 70 29 dem
1300 1848 172 34 meddelad,
1505 1849 75 28 eller

865 1898 149 31 förmena
1049 1901 217 28 revisorerna
1301 1901 43 37 på
1378 1903 101 27 annat
1513 1904 65 27 sätt

864 1954 52 27 sin
933 1953 162 37 rättighet
1114 1954 108 29 såsom
1241 1955 200 37 riksdagens
1461 1955 117 30 ombud

862 2006 51 29 för
946 2009 80 27 nära
1059 2008 99 34 trädd,
1195 2008 37 29 så
1267 2009 93 29 skola
1394 2009 37 29 de
1464 2009 115 29 sådant

863 2059 59 30 allt
947 2060 11 28 i
984 2069 122 21 samma
1129 2061 182 30 berättelse
1335 2063 159 29 anmärka
1518 2062 59 30 och

864 2113 212 37 fullständigt
1095 2114 171 30 utlåtande
1287 2116 10 28 i
1317 2117 107 28 ämnet
1444 2117 132 35 avgiva.

787 2352 16 34 &
825 2353 46 29 17.

125 2409 197 32 Berättelsen
355 2415 74 27 över
460 2414 185 30 revisionen
676 2425 40 20 av
745 2416 189 30 statsverket
965 2417 85 29 skall
1081 2420 170 34 upprättas
1281 2420 10 27 i
1323 2418 51 30 två
1405 2415 170 45 exemplar,

84 2472 39 20 av
150 2465 88 29 vilka
264 2465 50 30 det
340 2475 60 20 ena
428 2467 85 30 skall
540 2469 203 29 överlämnas
770 2470 48 28 till
845 2469 187 38 Konungen
1058 2471 60 29 och
1145 2471 50 30 det
1223 2472 102 30 andra
1352 2473 47 28 till
1428 2472 148 30 fullmäk-

87 2518 69 36 tige
182 2519 11 28 i
219 2519 338 37 riksgäldskontoret.
