1902 2834
346 191 16 26 2
540 190 103 28 Andra
663 191 188 27 kammarens
869 192 112 30 tredje
1000 192 147 34 tillfälliga
1168 192 127 26 utskotts
1314 191 153 27 utlåtande
1485 192 45 26 Nr
1546 192 26 27 3.

313 268 113 32 balans
451 269 59 31 och
536 279 41 21 en
602 270 212 38 synnerligen
840 270 207 32 omfattande
1072 271 213 31 arbetslöshet
1313 271 104 31 skulle
1454 270 55 32 det
1547 271 139 39 givetvis
1721 281 80 21 vara

314 322 164 39 önskvärt,
501 332 53 21 om
576 323 164 38 importen
762 334 41 21 av
825 324 172 33 utländskt
1021 324 130 32 bränsle
1172 325 110 31 kunde
1306 325 9 30 i
1338 325 121 31 största
1480 325 137 38 möjliga
1639 325 161 31 utsträck-

313 376 81 39 ning
417 377 141 31 ersättas
581 377 73 31 med
678 377 130 32 bränsle
832 378 199 38 producerat
1055 378 88 31 inom
1165 379 123 31 landet.
1336 378 168 32 Utskottet
1528 389 96 21 anser
1648 379 117 31 därför
1789 379 10 29 i

314 430 100 32 likhet
442 430 74 31 med
544 431 253 39 motionärerna,
826 436 50 27 att
903 432 121 38 frågan
1052 442 52 21 om
1130 432 217 39 vidtagandet
1375 443 41 20 av
1444 432 156 39 åtgärder
1627 433 11 30 i
1667 433 133 38 angivet

314 486 87 36 syfte
421 483 59 32 bör
502 485 96 38 göras
618 484 52 31 till
690 485 139 31 föremål
849 486 54 30 för
924 496 41 21 en
987 486 161 39 ingående
1169 487 174 38 prövning.

357 538 166 31 Utskottet
551 538 62 31 har
639 539 183 31 emellertid
850 539 54 32 det
933 540 113 31 oaktat
1074 540 115 31 funnit
1217 540 50 39 sig
1293 540 70 31 icke
1390 540 80 31 böra
1497 540 167 38 tillstyrka
1692 540 40 32 de
1760 550 39 21 av

313 592 244 31 motionärerna
576 592 188 39 framlagda
783 593 167 38 förslagen
969 604 52 20 om
1040 594 155 31 skrivelse
1213 594 11 30 i
1244 595 109 30 ämnet
1373 594 53 30 till
1445 594 124 39 Kungl.
1589 594 113 38 Maj:t.
1742 594 57 31 Or-

313 645 98 31 saken
426 646 116 31 härtill
558 646 60 31 har
634 647 146 32 närmast
798 647 87 31 varit
902 647 74 38 den,
995 652 50 27 att
1061 648 120 38 frågan
1199 658 52 21 om
1267 647 157 39 åtgärder
1440 648 55 31 för
1511 648 289 31 åstadkommande

314 709 40 21 av
375 699 83 31 ökad
482 699 216 39 användning
720 710 40 21 av
781 701 163 31 inhemskt
966 701 131 31 bränsle
1119 701 103 31 redan
1245 702 93 30 förut
1360 702 38 30 är
1420 702 140 30 föremål
1582 702 54 31 för
1659 701 141 31 särskild

313 753 291 38 uppmärksamhet
633 754 78 31 från
738 755 272 31 statsmakternas
1038 755 80 31 sida.
1174 756 16 29 I
1219 755 181 39 anledning
1427 766 41 21 av
1495 756 118 31 väckta
1640 755 160 31 motioner

314 807 154 31 framhöll
489 807 141 31 sålunda
652 808 80 31 1930
753 808 54 31 års
828 808 135 39 riksdag
983 809 11 30 i
1012 809 157 31 skrivelse
1189 809 54 32 till
1264 809 123 38 Kungl.
1410 810 105 37 Maj:t
1537 809 263 31 önskvärdheten

313 870 40 19 av
372 864 48 27 att
439 871 39 20 en
498 861 64 38 god
581 861 160 32 vedeldad
761 863 223 37 värmepanna
1004 872 52 21 om
1075 862 129 39 möjligt
1225 862 91 32 bleve
1337 863 324 38 utexperimenterad
1680 863 60 31 och
1760 873 40 21 av

314 921 49 25 att
385 914 61 31 ved
468 914 10 30 i
501 917 106 29 större
629 916 232 38 utsträckning
883 916 102 31 måtte
1008 916 169 31 användas
1199 927 69 20 som
1291 916 129 32 bränsle
1444 919 11 29 i
1478 921 125 27 statens
1626 917 88 38 verk,
1739 917 60 31 där

313 969 35 30 så
365 968 178 39 lämpligen
560 969 110 32 kunde
684 970 57 32 ske
758 974 82 26 utan
856 974 50 27 att
922 970 107 31 sunda
1045 970 206 32 ekonomiska
1269 970 169 38 principer
1456 971 55 30 för
1527 971 137 31 verkens
1681 971 118 31 skötsel

314 1022 196 32 eftersattes.
560 1023 192 32 Sedermera
787 1024 61 30 har
883 1023 560 39 ingenjörsvetenskapsakademien
1479 1025 129 31 arbetat
1633 1025 69 31 dels
1727 1025 73 30 med

313 1076 286 39 undersökningar
620 1077 141 31 rörande
782 1077 190 31 förbättrad
993 1077 328 39 vedeldningspanna
1343 1078 60 30 och
1424 1078 78 38 dels,
1525 1078 74 31 med
1620 1078 180 38 anledning

312 1139 40 22 av
371 1129 63 31 den
454 1130 115 31 hösten
590 1131 78 30 1931
690 1131 157 31 inträdda
865 1131 207 31 ekonomiska
1092 1131 211 38 situationen,
1323 1131 74 31 med
1418 1132 123 38 frågan
1560 1143 51 20 om
1631 1132 168 38 möjlighe-

314 1187 93 28 terna
427 1187 50 30 att
497 1184 76 31 med
592 1185 112 38 rimlig
723 1185 147 31 ekonomi
891 1185 60 31 och
973 1189 82 27 utan
1075 1186 104 31 större
1201 1185 239 39 förändringar
1460 1186 75 31 elda
1554 1186 134 38 vanliga
1708 1185 90 31 koks-

313 1247 128 28 pannor
460 1238 75 31 med
555 1238 108 31 träkol
683 1238 79 32 eller
783 1238 72 32 ved.
896 1238 339 39 Undersökningarna
1257 1240 43 38 på
1321 1239 205 31 sistnämnda
1548 1239 141 39 område,
1711 1239 87 31 vilka

313 1291 128 32 utfallit
465 1292 129 38 mycket
620 1296 185 34 gynnsamt,
830 1293 42 32 ha
897 1293 147 32 närmast
1069 1293 177 31 resulterat
1269 1293 12 30 i
1306 1303 40 21 en
1369 1293 137 39 nyligen
1531 1304 41 20 av
1595 1294 130 38 trycket
1749 1296 49 28 ut-

310 1345 149 31 kommen
480 1345 175 39 broschyr:
677 1346 72 31 Råd
771 1346 59 31 och
851 1346 215 39 anvisningar
1088 1347 54 30 för
1163 1347 136 38 eldning
1320 1357 41 21 av
1384 1347 120 38 gjutna
1526 1347 273 38 sektionspannor

312 1399 73 31 med
408 1399 109 31 träkol
541 1400 59 30 och
624 1399 72 32 ved.
743 1400 124 31 Vidare
892 1401 53 30 må
969 1401 203 38 framhållas,
1199 1405 50 27 att
1275 1401 78 30 1931
1380 1401 53 30 års
1459 1401 304 38 skogssakkunniga
1789 1401 10 29 i

313 1453 143 38 enlighet
474 1453 74 31 med
566 1453 55 31 det
641 1454 34 31 åt
695 1454 73 31 dem
787 1454 98 39 givna
905 1455 189 38 uppdraget
1113 1456 56 30 äro
1188 1456 189 37 sysselsatta
1397 1455 74 31 med
1489 1455 102 31 bland
1610 1458 103 28 annat
1732 1454 66 31 frå-

314 1516 63 29 gan
402 1516 52 21 om
478 1507 85 31 ökad
587 1508 216 38 användning
827 1519 41 20 av
893 1509 163 31 inhemskt
1080 1509 139 31 bränsle.
1269 1508 222 32 Beträffande
1517 1508 217 32 bedrivandet
1759 1518 41 21 av

313 1560 39 31 de
374 1561 223 38 sakkunnigas
619 1562 309 38 utredningsarbete
950 1563 61 30 har
1035 1563 10 30 i
1068 1563 39 31 de
1130 1562 153 32 lämnade
1307 1562 185 32 direktiven
1515 1562 210 38 framhållits,
1750 1565 49 28 att

313 1614 53 31 det
383 1618 111 34 syntes
510 1615 163 40 lämpligt,
691 1620 49 27 att
756 1616 161 31 särskilda
934 1616 126 39 förslag
1077 1616 219 38 upprättades
1312 1616 59 31 och
1388 1616 264 39 skyndsammast
1669 1616 129 38 möjligt

312 1668 179 31 framlades
509 1669 12 30 i
538 1669 107 31 skilda
664 1669 92 32 delar
774 1680 41 21 av
834 1671 119 36 ämnet,
973 1670 60 32 allt
1052 1670 86 31 efter
1156 1670 144 31 arbetets
1319 1670 168 38 fortgång.
1519 1670 16 29 I
1554 1669 63 31 den
1636 1670 61 30 här
1715 1669 84 31 före-

313 1722 153 39 liggande
492 1723 123 39 frågan
641 1724 85 31 hava
751 1723 40 32 de
818 1724 216 39 sakkunniga,
1062 1724 102 38 enligt
1191 1724 65 31 vad
1281 1724 161 31 utskottet
1469 1723 173 38 inhämtat,
1670 1723 63 32 den
1760 1724 39 29 20

313 1775 148 33 februari
482 1777 80 30 1932
583 1776 52 31 till
656 1777 178 33 statsrådet
854 1778 59 30 och
935 1778 118 30 chefen
1074 1778 54 30 för
1147 1776 443 39 jordbruksdepartementet
1610 1777 120 39 ingivit
1752 1781 46 28 ett

313 1830 105 31 första
436 1830 208 31 betänkande
663 1831 73 31 med
755 1831 126 38 förslag
898 1841 53 20 om
969 1831 207 31 inrättandet
1195 1841 41 21 av
1256 1841 39 21 en
1314 1830 115 39 statlig
1447 1831 159 31 lånefond
1631 1832 69 37 (för
1720 1831 78 31 bud-

314 1884 125 37 getåret
467 1883 187 39 1932/1933
680 1885 133 38 250,000
841 1885 138 37 kronor)
1014 1884 54 31 för
1095 1884 100 39 inköp
1224 1895 41 21 av
1292 1884 404 40 träkolsgasgeneratorer.
1752 1885 48 31 Ur

313 1937 107 32 denna
436 1937 93 39 fond,
548 1948 69 21 som
634 1938 104 32 skulle
756 1938 161 35 förvaltas
935 1949 42 20 av
995 1938 244 40 statskontoret,
1259 1939 103 31 skulle
1380 1939 339 39 kommerskollegium
1738 1939 60 37 äga

313 1996 49 27 att
388 1992 103 38 enligt
518 1992 87 31 vissa
630 1992 147 39 grunder
801 1991 123 39 bevilja
951 1993 164 31 räntefria
1140 1993 56 30 lån
1223 1993 53 31 till
1303 1992 94 38 varje
1422 1993 138 38 myndig
1586 1993 212 37 medborgare

313 2045 73 31 med
410 2046 128 31 ordnad
563 2046 148 31 ekonomi
735 2046 59 31 och
819 2046 52 31 till
894 2046 97 39 bolag
1015 2046 54 31 för
1093 2046 100 38 inköp
1218 2057 41 20 av
1282 2046 360 39 träkolsgasgenerator
1666 2047 55 31 för
1743 2056 55 21 an-

313 2099 171 40 vändning
507 2100 90 31 inom
620 2100 123 32 landet.
789 2100 133 38 Frågan
946 2110 52 21 om
1021 2100 175 31 avlåtande
1220 2100 53 31 till
1297 2100 175 38 riksdagen
1496 2111 41 20 av
1560 2101 205 38 proposition
1788 2100 10 29 i

313 2153 91 32 detta
423 2153 123 32 ärende
565 2153 106 39 ligger
691 2154 139 31 sålunda
850 2154 54 31 för
924 2154 210 31 närvarande
1153 2154 108 31 under
1281 2154 123 38 Kungl.
1426 2154 122 38 Maj:ts
1568 2154 174 39 prövning.
1783 2154 16 29 I

313 2207 63 31 den
404 2207 76 30 mån
509 2206 41 32 de
578 2207 222 39 sakkunnigas
828 2207 111 32 arbete
969 2207 207 39 fortskrider,
1206 2208 113 31 kunna
1348 2208 165 31 måhända
1544 2208 123 38 jämväl
1695 2208 104 31 andra

313 2261 125 39 förslag
455 2261 10 31 i
483 2262 62 32 här
563 2261 219 32 förevarande
799 2261 88 39 syfte
905 2261 173 31 förväntas
1096 2261 88 31 inom
1202 2271 40 22 en
1260 2262 83 30 nära
1361 2261 150 32 framtid.

354 2315 76 32 Med
447 2315 131 38 hänsyn
598 2315 52 31 till
670 2315 56 32 det
744 2315 81 39 läge,
846 2315 72 31 vari
937 2315 121 39 frågan
1077 2325 51 21 om
1147 2315 218 39 vidtagandet
1384 2326 41 20 av
1443 2315 158 39 åtgärder
1619 2315 55 31 för
1693 2316 105 31 åstad-

312 2369 194 31 kommande
530 2379 41 21 av
595 2369 85 32 ökad
703 2368 215 39 användning
942 2379 42 21 av
1007 2369 162 31 inhemskt
1193 2369 131 31 bränsle
1348 2369 141 31 sålunda
1514 2370 54 30 för
1590 2369 209 31 närvarande

313 2423 152 32 befinner
482 2423 62 39 sig,
566 2423 59 31 och
645 2423 54 32 till
718 2423 56 31 det
794 2422 119 38 arbete,
935 2432 69 21 som
1024 2423 102 38 enligt
1148 2422 65 32 vad
1234 2432 84 22 ovan
1338 2423 203 32 framhållits
1562 2422 43 38 på
1626 2422 86 31 olika
1731 2423 68 30 håll

313 2477 149 32 bedrives
484 2477 45 39 på
551 2475 258 40 ifrågavarande
832 2476 133 32 område
987 2476 75 32 med
1084 2476 83 32 sikte
1190 2478 43 37 på
1256 2476 264 32 önskvärdheten
1545 2486 41 21 av
1608 2479 50 28 att
1680 2476 118 38 skynd-

314 2535 83 28 samt
420 2530 130 32 komma
573 2531 89 31 fram
684 2530 53 31 till
760 2530 141 38 positiva
924 2530 149 39 resultat,
1096 2530 61 31 har
1180 2530 159 32 utskottet
1363 2530 55 31 för
1440 2531 51 31 sin
1514 2530 53 31 del
1589 2530 135 31 kommit
1747 2531 52 31 till
