2216 2644
686 203 264 34 Statsutskottets
979 202 176 34 Utlåtande
1179 202 64 32 N:o
1266 204 48 30 18.
1749 205 15 27 1

917 730 76 42 N:o
1020 730 61 42 18.

677 885 76 31 Ank.
777 886 42 30 till
841 886 103 29 Riksd.
968 885 95 30 kansli
1085 886 58 28 den
1167 887 18 27 2
1209 884 130 30 februari
1363 884 91 35 1900,
1478 883 38 30 kl.
1540 884 18 29 3
1582 893 26 20 e.
1632 892 39 20 m.

406 1028 196 44 Utlåtande,
630 1029 13 35 i
670 1028 189 44 anledning
894 1027 48 44 af
974 1027 126 45 Kongl.
1129 1027 129 43 Maj:ts
1278 1025 214 47 proposition
1518 1026 178 44 angående
1722 1036 82 34 upp-

598 1088 120 35 låtelse
759 1086 48 44 af
839 1091 47 32 ett
924 1086 59 42 för
1018 1086 260 45 gatureglering
1304 1084 223 46 erforderligt
1553 1085 139 34 område
1709 1083 97 36 invid

600 1145 251 46 länsfängelset
876 1147 14 34 i
917 1145 256 36 Kristianstad.

1539 1192 42 48 (I.
1610 1191 61 49 A.)

332 1347 125 46 Enligt
489 1348 93 35 hvad
609 1348 40 35 af
673 1359 43 24 en
743 1348 54 34 till
822 1347 205 45 Riksdagen
1054 1344 142 46 aflåten,
1225 1345 55 35 till
1307 1345 266 35 statsutskottet
1598 1344 206 35 remitterad

199 1399 213 44 proposition
454 1396 69 49 (n:o
566 1397 58 49 17)
659 1398 40 36 af
727 1399 66 34 den
827 1399 45 34 15
900 1398 181 35 december
1107 1396 152 36 sistlidet
1285 1394 41 37 år
1343 1396 185 42 inhemtas,
1555 1394 92 35 hade
1673 1394 129 44 Kongl.

199 1449 126 45 Maj:ts
351 1449 391 45 befallningshafvande
769 1449 12 35 i
807 1448 261 35 Kristianstads
1094 1449 60 34 län
1173 1447 74 35 med
1268 1446 187 36 skrifvelse
1473 1447 66 33 den
1559 1447 46 33 28
1626 1445 180 35 december

203 1502 94 34 1898
332 1500 232 36 öfverlemnat
595 1511 43 24 en
671 1500 40 35 af
735 1499 316 45 stadsfullmägtige
1077 1499 12 34 i
1116 1497 246 36 Kristianstad
1388 1497 102 45 gjord
1517 1496 208 44 ansökning,
1753 1498 54 32 att

201 1552 122 34 staden
350 1549 111 37 måtte
488 1548 46 46 få,
562 1551 55 35 för
643 1550 211 45 utläggning
881 1549 39 35 af
943 1553 96 41 gata,
1059 1547 81 37 från
1160 1559 42 24 en
1223 1548 97 35 invid
1339 1545 467 46 länsfängelset
1603 1541 19 58 i
1639 1545 167 46 Kristian-

200 1602 79 35 stad
318 1602 148 44 belägen
505 1604 87 32 tomt
629 1604 72 32 mot
733 1603 72 33 800
832 1601 130 34 kronor
988 1600 117 35 tillösa
1132 1599 54 45 sig
1213 1601 52 32 ett
1291 1596 21 37 å
1339 1609 42 24 en
1409 1597 241 44 ansökningen
1677 1597 129 44 bilagd,

201 1653 40 34 af
264 1652 301 44 stadsingeniören
593 1650 39 37 C.
661 1651 30 37 I.
719 1650 59 37 W.
805 1650 101 36 Palm
933 1650 191 45 upprättad
1151 1651 105 33 karta
1283 1649 78 35 med
1387 1648 85 36 röda
1501 1647 185 36 streckade
1705 1647 103 35 linier

200 1703 213 35 betecknadt
440 1700 139 37 område
606 1713 55 24 om
689 1703 47 33 42
765 1712 49 24 ar.

334 1745 111 43 Öfver
472 1752 253 44 ansökningen,
753 1752 59 34 vid
838 1751 145 35 hvilken
1010 1750 128 44 fogats,
1164 1750 108 44 jemte
1293 1749 227 35 omförmälda
1540 1748 118 42 karta,
1678 1747 129 44 utdrag

201 1804 40 34 af
264 1803 223 44 protokollet,
528 1801 109 36 hållet
677 1803 62 33 hos
771 1801 317 43 stadsfullmägtige
1116 1800 66 34 den
1212 1802 45 32 22
1285 1799 188 36 november
1504 1800 106 42 1898,
1639 1798 91 34 hade
1757 1801 51 31 ut-

200 1852 168 37 låtanden
407 1853 161 44 afgifvits
595 1853 40 35 af
663 1852 130 45 Kongl.
834 1851 127 45 Maj:ts
1000 1850 401 45 befallningshafvande,
1442 1846 365 47 fångvårdsstyrelsen

201 1905 64 35 och
305 1904 310 44 domänstyrelsen,
656 1903 143 35 hvilken
839 1902 214 35 sistnämnda
1090 1901 205 44 myndighet
1335 1900 232 35 öfverlemnat
1598 1899 209 34 instrument

202 1955 99 35 öfver
341 1955 66 34 den
449 1956 45 34 29
536 1955 195 43 september
774 1955 93 33 1898
904 1952 175 35 förrättad
1112 1951 406 44 arrendeuppskattning
1550 1948 21 36 å
1598 1950 67 33 den
1692 1950 116 43 lägen-

201 2005 72 44 het,
314 2005 59 35 det
412 2005 56 34 till
500 2004 133 35 inlösen
665 2001 212 47 ifrågasatta
910 2000 156 37 området
1098 2002 175 43 tillhörde,
1303 2001 109 44 jemte
1443 2000 130 43 Kongl.
1602 1998 127 45 Maj:ts
1756 1999 52 34 be-

201 2054 363 45 fallningshafvandes
603 2054 163 34 deröfver
805 2053 135 44 afgifna
971 2050 201 47 utlåtande;
1205 2051 183 35 hvarefter
1415 2050 319 43 stadsfullmägtige
1761 2049 48 34 in-

201 2106 145 33 kommit
372 2105 78 34 med
477 2105 198 34 infordradt
700 2104 177 43 yttrande.

334 2154 56 35 Af
430 2155 258 43 handlingarna
728 2153 11 34 i
779 2153 146 34 ärendet
963 2152 217 34 inhemtades
1216 2151 167 45 följande.
1437 2149 120 45 Enligt
1586 2150 118 42 kongl.
1733 2148 80 35 bref

202 2205 66 34 den
296 2207 45 33 26
370 2205 188 35 november
589 2206 94 34 1842
711 2204 91 34 hade
830 2204 135 33 kronan
992 2202 137 43 tillbytt
1155 2201 55 44 sig
1237 2205 51 31 ett
1316 2198 141 37 område
1485 2203 94 31 öster
1606 2210 54 23 om
1688 2198 121 35 staden

200 2254 257 36 Kristianstad.
522 2253 52 36 Af
612 2255 99 34 detta
754 2251 140 37 område
922 2252 178 36 användes
1131 2253 67 42 1,13
1224 2252 129 34 hektar
1380 2251 54 35 för
1460 2250 269 43 länsfängelsets
1755 2249 56 34 be-

283 2312 75 32 Bih.
385 2311 53 32 till
461 2311 113 33 Riksd.
600 2311 88 32 Prot.
714 2313 92 29 1900.
850 2312 20 29 4
894 2308 99 33 Saml.
1027 2311 8 29 1
1059 2308 81 42 Afd.
1165 2310 42 30 13
1229 2308 96 41 Häft.
1360 2308 77 37 (N:o
1459 2307 62 39 18.)
1754 2309 15 27 1
