2214 2640
741 196 231 29 Statsutskottets
995 194 153 30 Utlåtande
1172 193 58 30 N:o
1255 192 71 33 140.
1751 189 42 31 27

237 279 197 38 tiondedel
464 277 159 47 årligen,
645 275 112 37 äfven
777 287 64 24 om
860 274 232 48 lägenheten
1111 273 124 36 blefve
1255 273 13 35 i
1288 270 245 47 vederbörlig
1552 269 167 47 ordning
1738 270 103 34 åsatt

238 331 159 37 mantal.

367 382 139 47 Kungl.
527 380 129 47 Maj:ts
674 378 425 48 befallningshafvande
1114 377 71 35 har
1202 376 191 36 förklarat
1413 375 59 47 sig
1487 374 87 36 icke
1589 373 114 36 hafva
1718 375 122 44 något

239 438 61 34 att
328 435 127 36 erinra
481 436 84 33 mot
590 432 186 46 förslaget
804 443 63 24 om
895 430 257 47 egendomens
1179 427 207 48 styckning
1405 427 95 35 eller
1517 428 83 33 mot
1619 424 220 37 saluvärde-

239 488 148 47 ringen,
430 485 73 37 och
544 482 331 48 domänstyrelsen
902 482 72 36 har
1001 482 14 35 i
1043 481 59 36 sin
1129 479 285 37 ofvannämnda
1442 478 91 36 und.
1563 476 198 37 skrifvelse
1792 497 46 4 —

239 539 89 37 med
355 535 375 49 tillkännagifvande
759 537 61 34 att
838 534 223 36 hemmanet
1078 531 130 37 blifvit
1225 530 300 37 utarrenderadt
1549 529 60 35 för
1627 529 109 35 tiden
1753 527 87 36 från

237 592 77 35 den
345 593 46 33 14
418 601 103 24 mars
552 590 96 35 1907
678 587 61 36 till
767 587 75 35 den
873 588 45 33 14
938 597 102 24 mars
1063 586 96 34 1908
1179 582 61 37 för
1258 582 166 47 tillhopa
1445 584 72 33 750
1538 581 146 36 kronor
1702 601 52 4 —
1774 592 66 23 an-

239 643 90 46 fört,
359 645 59 33 att
453 640 186 47 styrelsen
667 639 33 47 ej
730 639 100 35 hade
858 640 121 45 något
1006 639 115 43 emot,
1151 638 60 33 att
1238 635 222 35 hemmanet
1488 632 224 48 afyttrades,
1740 631 102 36 helst

236 696 216 35 detsamma
483 692 87 37 icke
593 692 132 35 kunde
751 690 62 36 för
840 692 122 44 något
989 687 318 48 skogsväsendets
1334 685 181 37 ändamål
1543 684 228 37 användas.»

370 797 202 37 Utskottet
599 794 235 45 hemställer,

772 900 60 34 att
872 897 221 46 Riksdagen
1133 897 63 33 må
1236 893 133 36 bifalla
1409 892 139 47 Kungl.
1583 891 128 47 Maj:ts
1739 890 100 36 före-

642 950 169 36 varande
838 948 299 46 framställning.

369 1056 227 37 Stockholm
625 1055 74 36 den
732 1055 46 34 14
805 1052 76 47 maj
917 1055 109 33 1907.

749 1158 52 35 På
828 1156 313 37 statsutskottets
1169 1160 160 41 vägnar:

875 1265 143 38 HUGO
1055 1264 156 37 TAMM.
