2220 2634
402 198 17 28 8
927 204 212 38 Lagutskottets
1169 206 154 30 Utlåtande
1346 208 57 29 N:o
1425 210 49 28 24.

501 274 198 39 Utskottet
738 278 215 48 medgifver
993 281 139 48 villigt,
1173 288 54 31 att
1267 284 66 36 det
1373 284 57 37 för
1469 299 68 23 ens
1571 286 134 37 känsla
1733 287 127 48 ligger
1887 291 118 45 något

402 325 246 49 synnerligen
669 327 212 39 tilltalande
900 330 11 35 i
931 331 256 37 motionärens
1207 333 294 51 framställning,
1521 337 137 36 liksom
1674 337 11 36 i
1702 337 131 50 hvarje
1849 339 155 49 förslag,

403 388 79 23 som
516 377 122 47 syftar
665 378 56 36 till
749 380 299 46 genomförande
1078 383 40 35 af
1141 384 115 36 milda
1284 386 253 47 grundsatser
1557 387 9 36 i
1587 388 417 50 strafflagstiftningen,

402 426 70 36 och
511 427 188 37 utskottet
739 430 124 36 skulle
905 432 85 36 med
1030 433 131 49 glädje
1202 434 108 38 helsa
1352 436 73 37 den
1461 438 129 47 stund,
1620 439 46 35 då
1694 438 247 39 dödsstraffet
1968 442 33 48 ej

402 476 128 37 vidare
559 477 165 38 behöfde
752 481 195 37 användas
976 485 127 34 såsom
1128 485 122 36 medel
1272 486 58 36 för
1349 488 334 49 rättsordningens
1704 486 298 58 uppehållande;

403 540 85 23 men
520 530 20 33 å
568 529 118 36 andra
713 530 111 37 sidan
853 531 36 37 få
917 532 111 37 dessa
1057 534 390 51 känslosynpunkter,
1475 539 96 36 efter
1599 540 206 37 utskottets
1835 541 168 48 mening,

402 577 33 49 ej
465 591 90 23 vara
583 579 222 49 afgörande,
836 582 47 36 då
911 583 63 36 det
1001 585 123 46 gäller
1151 586 145 48 frågan,
1326 587 187 38 huruvida
1533 589 212 37 dödsstraff
1759 591 99 36 skall
1877 595 124 33 såsom

401 628 161 37 straffart
598 629 11 36 1
638 633 81 34 vårt
746 631 111 37 lands
886 633 244 50 lagstiftning
1157 636 212 38 bibehållas
1398 639 91 36 eller
1518 640 69 36 bör
1615 640 10 36 i
1655 641 123 36 denna
1807 643 195 48 egenskap

402 678 189 37 afskaftas.
638 681 75 35 För
741 682 125 38 denna
893 684 125 48 frågas
1048 685 238 38 besvarande
1316 693 41 31 är
1377 689 63 36 det
1458 689 210 48 ingalunda
1686 705 80 34 nog
1785 698 55 30 att
1858 693 65 36 lita
1942 693 62 48 sig

401 729 55 36 till
495 730 192 48 yttringar
719 732 41 36 af
790 746 47 23 en
866 748 101 22 mera
995 735 93 37 eller
1117 737 144 37 mindre
1290 739 153 48 ensidig
1471 740 328 50 känslorigtning;
1834 743 79 46 här,
1942 757 59 22 om

401 780 188 47 någonsin
630 784 47 45 på
713 782 313 50 lagstiftningens
1056 788 165 45 område,
1250 789 154 37 kräfves
1433 790 232 38 förståndets
1693 792 119 48 lugna
1840 794 70 36 och
1939 794 64 36 be-

401 830 271 49 sinningsfulla
698 833 285 39 skärskådande
1012 836 41 37 af
1076 837 73 37 alla
1177 838 46 37 de
1252 840 343 49 omständigheter,
1623 855 81 23 som
1733 844 87 35 med
1849 844 153 48 frågans

400 880 154 49 lösning
582 895 73 35 ega
683 885 287 49 sammanhang.

501 932 74 36 Vill
617 946 86 24 man
744 934 47 36 då
831 935 97 37 först
967 937 95 38 söka
1103 938 56 37 för
1195 939 62 48 sig
1289 940 190 49 klargöra,
1507 942 189 38 huruvida
1724 950 146 31 statens
1899 958 103 23 oom-

400 981 164 37 tvistade
607 983 233 49 befogenhet
880 992 53 31 att
973 987 172 38 inskrida
1185 997 77 29 mot
1299 990 250 50 brottslingar
1576 994 75 36 kan
1679 1007 112 24 anses
1821 995 181 37 innebära

400 1032 111 36 äfven
539 1037 76 32 rätt
642 1041 54 29 att
722 1040 90 43 taga
841 1037 109 36 deras
979 1038 52 47 lif,
1062 1039 47 35 då
1128 1046 144 30 statens
1294 1042 72 35 och
1386 1044 416 37 statsmedlemmarnes
1824 1046 179 37 säkerhet

402 1082 63 36 det
505 1083 159 47 fordrar,
705 1088 41 33 så
788 1086 70 36 bör
895 1101 97 33 man,
1020 1089 96 36 efter
1143 1090 204 37 utskottets
1376 1092 259 49 uppfattning,
1663 1095 33 48 ej
1727 1109 120 33 gerna
1875 1097 127 36 kunna

401 1133 127 37 derom
572 1140 135 31 stanna
747 1135 11 36 i
799 1137 147 48 tvifvel,
974 1151 59 23 om
1064 1152 86 23 man
1179 1140 96 37 blott
1303 1142 192 47 aktgifver
1522 1146 49 46 på
1599 1144 64 37 det
1690 1153 91 29 nära
1809 1147 71 35 och
1909 1147 93 36 nöd-

400 1183 168 49 vändiga
609 1187 318 48 sammanhanget
967 1189 138 37 mellan
1146 1196 144 31 statens
1319 1197 75 32 rätt
1421 1193 71 36 och
1521 1200 144 30 statens
1694 1195 110 49 pligt.
1851 1197 150 49 'Hvarje

400 1239 144 32 statens
561 1235 101 48 pligt
680 1236 222 38 förutsätter
921 1239 85 36 med
1026 1240 304 49 nödvändighet,
1351 1248 54 31 att
1424 1249 121 31 staten
1567 1258 92 34 eger
1678 1251 75 31 rätt
1772 1253 54 30 att
1846 1247 156 48 vidtaga

401 1284 46 36 de
488 1286 191 47 åtgärder,
721 1300 80 25 som
844 1288 58 37 för
941 1289 168 49 pligtens
1152 1291 240 48 fullgörande
1425 1298 64 32 äro
1517 1295 41 35 af
1583 1295 180 38 behofvet
1790 1293 211 57 påkallade.

400 1335 183 37 Beröfvas
612 1343 124 31 staten
764 1338 126 38 denna
917 1345 83 38 rätt,
1030 1344 121 33 måste
1180 1342 156 37 dermed
1357 1344 70 36 ock
1448 1351 145 31 statens
1614 1348 269 36 motsvarande
1903 1348 99 49 pligt

400 1386 182 48 upphöra.
637 1388 59 36 Nu
738 1388 79 37 lära
858 1390 61 36 väl
961 1391 248 48 meningarna
1249 1394 33 47 ej
1325 1407 91 23 vara
1456 1395 135 37 delade
1633 1397 143 47 derom,
1805 1405 54 29 att
1885 1399 115 36 bland

400 1442 143 31 statens
585 1438 138 48 högsta
764 1440 72 36 och
878 1441 315 49 oeftergifligaste
1233 1444 143 48 pligter
1415 1445 110 48 ingår
1566 1447 88 36 dess
1695 1448 226 49 skyldighet
1948 1457 53 29 att

399 1491 117 33 värna
544 1488 72 36 och
645 1489 150 48 skydda
824 1491 200 37 samhället
1052 1499 79 30 mot
1158 1493 79 37 inre
1266 1496 107 35 såväl
1401 1509 80 23 som
1509 1503 101 42 yttre
1639 1498 111 46 faror,
1779 1500 73 35 och
1877 1500 64 37 det
1960 1505 41 31 är

400 1537 47 36 då
486 1539 227 48 uppenbart,
749 1546 55 30 att
832 1548 122 30 staten
983 1545 120 34 måste
1132 1556 72 35 ega
1233 1549 73 33 rätt
1334 1552 54 30 att
1416 1546 171 50 tillämpa
1614 1549 110 36 äfven
1754 1550 247 37 dödsstraffet

399 1594 92 41 gent
531 1595 104 30 emot
667 1590 97 51 dem,
794 1591 149 37 hvilkas
972 1593 205 49 brottsliga
1204 1595 91 48 vilja
1323 1597 34 47 ej
1387 1598 227 36 annorledes
1643 1599 75 36 kan
1746 1600 134 48 stäfjas
1909 1602 91 35 eller

398 1639 270 49 undanrödjas.
722 1644 55 33 År
818 1642 248 37 dödsstraffet
1102 1645 241 49 nödvändigt
1370 1647 57 36 för
1454 1649 334 48 rättsordningens
1818 1652 182 48 uppehål-

399 1688 123 48 lande,
562 1695 43 31 är
645 1691 109 36 alltså
795 1692 167 48 dermed,
1004 1695 127 36 såvidt
1158 1696 187 37 utskottet
1372 1698 74 35 kan
1475 1699 111 44 finna,
1616 1700 88 36 dess
1733 1701 266 49 berättigande

399 1738 244 50 ådagalagdt.

535 1790 152 49 fvergår
720 1806 85 23 man
835 1793 47 36 då
909 1794 56 36 till
993 1795 290 50 undersökning
1311 1811 61 22 om
1402 1798 265 39 dödsstraffets
1696 1802 302 48 nödvändighet,

398 1842 118 34 måste
559 1841 134 37 dervid
733 1843 10 35 i
784 1843 158 37 främsta
969 1852 164 30 rummet
1160 1847 165 46 utredas,
1354 1849 146 37 hvilket
1527 1851 175 36 ändamål
1731 1852 266 37 dödsstraffets

397 1892 247 47 upptagande
685 1892 11 36 i
736 1894 240 37 straffskalan
1005 1896 58 36 för
1091 1896 101 37 vissa
1220 1898 102 37 brott
1350 1899 67 37 har
1444 1906 54 30 att
1524 1901 104 48 fylla.
1683 1902 113 37 Detta
1824 1903 174 37 ändamål

398 1945 41 31 är
477 1942 181 47 gifvetvis
691 1944 215 49 tvåfaldigt,
936 1945 81 37 dels
1047 1952 55 31 att
1129 1948 202 37 afskräcka
1357 1950 81 36 från
1467 1951 143 37 sådana
1638 1952 120 37 brotts
1788 1953 209 49 begående,

398 1991 81 37 dels
508 1993 71 36 och
609 1994 325 49 hufvudsakligen
962 2003 54 31 att
1044 1997 57 36 för
1128 1998 204 38 framtiden
1362 2001 238 49 undanrödja
1628 2003 72 36 den
1730 2004 88 45 fara,
1847 2018 80 23 som
1957 2010 41 31 är

398 2042 155 37 förenad
595 2044 87 49 med
723 2045 178 37 tillvaron
943 2047 40 36 af
1018 2061 47 22 en
1106 2048 11 36 i
1159 2053 41 32 så
1241 2050 79 48 hög
1347 2051 96 48 grad
1472 2051 181 50 brottslig
1680 2054 92 48 vilja
1799 2068 82 23 som
1911 2056 85 46 den,

397 2092 154 37 hvilken
580 2094 75 36 kan
684 2096 10 34 i
722 2095 114 38 dessa
865 2097 100 36 brott
993 2097 151 38 komma
1171 2099 57 36 till
1255 2101 165 48 uttryck.

495 2144 140 37 Kunna
675 2159 49 22 nu
766 2146 114 37 dessa
921 2148 96 36 båda
1058 2149 127 47 syften
1226 2150 135 37 vinnas
1404 2153 84 36 med
1526 2153 118 37 andra
1680 2154 71 37 och
1787 2155 208 49 lindrigare

396 2193 124 37 medel
548 2199 49 31 än
626 2195 257 48 dödsstraffet,
912 2198 68 36 bör
1007 2199 245 48 naturligtvis
1281 2202 226 48 förändring
1535 2203 11 35 i
1575 2204 118 36 sådan
1720 2205 176 49 rigtning
1923 2220 73 34 ega

395 2257 93 24 rum,
542 2246 112 36 Detta
682 2251 40 32 är
750 2247 111 46 dock,
890 2249 94 36 efter
1011 2249 205 37 utskottets
1246 2252 112 48 åsigt,
1386 2253 32 48 ej
1448 2253 263 38 förhållandet.
