2234 2628
205 1281 137 24 Motioner.

209 2213 135 24 Utskottet.

439 169 61 31 126
847 167 351 32 Jordbruksutskottets
1220 168 167 31 utlåtande
1409 169 50 29 Nr
1482 171 20 28 9
1518 169 39 30 Å.

392 245 208 50 godkända
640 245 208 37 kostnader
888 245 60 36 för
989 245 187 50 nyodling
1218 258 46 23 av
1291 246 121 47 mark,
1442 259 81 23 som
1552 246 124 36 första
1702 249 156 44 gången
1888 246 122 37 under

393 307 117 27 våren
544 298 95 35 1918
669 296 110 37 besås
810 297 86 36 med
926 297 66 36 säd
1021 297 57 36 till
1107 310 140 35 mogen
1276 296 116 37 skörd
1422 298 88 36 eller
1538 297 195 37 användes
1759 297 57 35 till
1837 299 173 48 sättning

395 362 47 22 av
470 349 153 48 potatis,
655 348 113 49 högst
797 350 49 35 50
876 354 155 43 procent
1059 348 57 36 för
1144 349 145 47 odling,
1320 350 157 35 varmed
1504 352 50 45 på
1574 348 200 38 enahanda
1794 353 78 31 sätt
1893 350 117 35 första

394 403 158 45 gången
582 400 160 36 förfares
771 400 121 36 under
922 400 134 36 hösten
1089 401 97 35 1918
1216 400 91 36 eller
1335 403 117 33 våren
1486 403 110 45 1919,
1626 401 117 48 högst
1771 402 50 34 40
1851 408 158 40 procent

393 452 63 36 för
493 451 148 50 odling,
681 465 81 23 som
793 451 195 37 användes
1021 454 49 46 på
1099 451 157 48 angivet
1286 455 76 32 sätt
1390 452 119 35 första
1537 455 155 45 gången
1723 451 121 36 under
1874 451 135 36 hösten

397 504 98 35 1919
535 504 92 35 eller
655 506 117 33 våren
803 505 112 44 1920,
945 510 98 29 samt
1072 503 114 48 högst
1215 505 48 34 30
1291 508 158 44 procent
1478 504 58 34 för
1564 504 146 46 odling,
1740 516 81 23 som
1852 502 158 37 sålunda

395 554 194 37 användes
633 555 118 36 första
792 558 156 46 gången
990 555 122 36 under
1154 555 135 35 hösten
1336 556 98 34 1920
1476 555 91 35 eller
1608 557 115 33 våren
1769 556 111 34 1921.
1937 554 70 36 Til

395 606 189 49 nyodling
612 607 102 35 inom
745 606 191 37 Norrland
965 606 72 36 och
1066 606 165 36 Dalarna
1260 609 61 33 må
1350 606 123 49 dylikt
1492 606 139 47 bidrag
1652 608 90 46 utgå
1761 611 93 30 utan
1875 605 134 37 hinder

397 671 47 22 av
486 664 57 29 att
584 658 158 36 marken
784 659 122 36 första
946 661 156 45 gången
1144 658 194 36 användes
1381 658 56 35 till
1467 657 310 47 frambringande
1806 670 48 23 av
1883 671 125 22 annan

396 709 122 48 gröda
563 715 49 31 än
658 710 67 36 säd
767 710 58 36 till
867 722 141 34 mogen
1051 709 113 36 skörd
1206 709 90 36 eller
1342 709 153 48 potatis.
1554 708 284 49 Statsbidraget
1884 712 62 33 må
1975 709 32 49 ej

394 761 191 36 beräknas
627 762 95 36 efter
751 766 123 32 större
902 760 315 49 odlingskostnad
1247 765 47 32 än
1325 762 75 35 500
1430 761 141 35 kronor
1600 760 59 36 för
1687 761 145 35 hektar.
1891 760 119 36 Stats-

395 812 140 49 bidrag
563 813 58 36 till
651 813 162 49 företag,
844 826 81 23 som
948 826 111 33 avser
1080 812 232 49 förbättring
1336 826 48 22 av
1405 812 121 36 betes-
1548 812 90 36 eller
1657 812 221 45 ängsmark,
1899 814 112 45 utgår

396 865 12 35 i
437 843 236 57 förhållande
702 865 57 36 till
788 865 47 36 de
864 864 205 48 godkända
1098 864 256 36 kostnaderna
1383 863 127 37 därför
1538 864 86 36 med
1646 863 115 48 högst
1780 864 49 35 40
1850 870 160 42 procent

395 915 63 36 vid
489 915 166 48 arbeten,
685 929 82 23 som
797 916 169 36 avslutas
995 915 121 36 under
1144 918 40 33 år
1216 917 110 44 1918,
1359 915 112 48 högst
1501 916 48 34 30
1576 921 161 43 procent
1756 915 63 36 vid
1842 915 168 47 arbeten,

396 980 82 23 som
521 968 169 35 avslutas
731 968 122 36 under
898 970 41 33 år
982 969 111 43 1919,
1123 967 69 36 och
1231 967 114 48 högst
1374 969 48 34 20
1451 972 157 43 proceut
1636 966 64 36 vid
1729 966 169 48 arbeten,
1928 979 82 23 som

396 1019 168 36 avslutas
606 1019 121 36 under
774 1022 40 33 år
857 1020 111 45 1920,
998 1018 97 37 dock
1123 1019 114 47 högst
1266 1020 97 35 etter
1391 1031 47 23 en
1468 1018 263 48 sammanlagd
1760 1018 163 36 kostnad
1955 1018 57 36 för

396 1070 136 36 hektar
565 1084 47 22 av
642 1072 74 35 200
744 1071 156 36 kronor.
956 1070 60 36 Av
1044 1070 157 49 beviljat
1229 1070 238 49 statsbidrag
1494 1070 131 36 kunna
1652 1070 98 36 intill
1780 1073 65 32 två
1873 1069 138 48 tredje-

397 1121 104 37 delar
528 1122 265 37 utbekommas
822 1123 120 36 under
971 1122 165 36 arbetets
1166 1123 180 47 fortgång
1375 1122 72 36 och
1475 1122 12 36 i
1515 1125 90 32 mån
1633 1135 47 21 av
1699 1121 191 39 nedlagda
1911 1121 100 35 kost-

396 1174 129 36 nader.
581 1166 231 45 Återstoden
841 1174 198 47 utbetalas,
1069 1174 118 36 sedan
1215 1147 147 79 arbetet
1390 1179 181 43 avsynats
1600 1173 72 35 och
1700 1172 206 80 Bode,

526 1277 18 36 I
586 1278 106 36 detta
734 1277 284 48 sammanhang
1059 1277 70 35 har.
1168 1277 190 36 utskottet
1399 1276 57 36 till
1492 1276 235 47 behandling
1756 1243 165 86 förehaft
1957 1281 55 31 tre

396 1330 105 35 inom
530 1330 119 36 andra
677 1329 222 36 kammaren
927 1328 137 37 väckta
1092 1328 187 36 motioner
1308 1328 194 48 nämligen

528 1380 35 49 a)
593 1395 45 21 nr
675 1383 45 34 21
753 1395 46 22 av
832 1381 88 35 herr
948 1382 210 43 Bergström
1186 1380 11 35 1
1226 1379 208 47 Bäckland,
1464 1379 80 36 vari
1574 1379 225 45 hemställts,
1830 1383 58 32 att
1915 1379 97 36 riks-

397 1433 123 48 dagen
549 1435 118 33 måtte
694 1433 162 46 besluta,
887 1432 63 36 det
978 1431 292 48 odlingsbidrag
1299 1431 58 35 för
1384 1431 189 48 nyodling
1597 1444 47 22 av
1664 1444 102 23 mera
1786 1430 226 37 svårbruten

397 1484 187 36 fastmark
615 1484 227 36 bestämmes
870 1483 57 35 till
955 1484 116 47 högst
1102 1483 110 46 1,000
1240 1483 143 35 kronor
1409 1496 45 34 pr
1482 1482 150 44 hektar;

526 1535 39 49 b)
598 1549 46 22 nr
673 1537 46 34 85
750 1549 47 22 av
826 1535 87 36 herr
941 1536 217 43 Erlansson,
1188 1534 80 35 vari
1297 1533 223 46 hemställts,
1542 1539 55 30 att
1617 1532 205 47 riksdagen
1844 1533 86 36 ville
1951 1533 62 37 be-

396 1588 112 47 sluta,
546 1592 57 31 att
636 1587 60 35 för
723 1587 73 36 den
825 1586 146 48 odling,
1001 1599 83 23 som
1115 1586 118 36 första
1261 1588 157 45 gången
1447 1584 109 36 besås
1584 1585 120 35 under
1732 1585 139 36 hösten
1902 1587 110 41 1919,

397 1639 98 36 skall
523 1639 236 48 statsbidrag
787 1641 96 46 utgå
912 1638 85 35 med
1028 1639 48 34 50
1104 1643 159 43 procent
1291 1650 47 22 av
1368 1636 384 49 odlingskostnaden;

528 1690 33 49 c)
604 1704 47 22 nr
695 1692 74 34 253
800 1703 48 22 av
876 1690 87 35 herr
990 1691 211 34 Andersson
1228 1689 12 35 i
1270 1687 174 47 Grimbo,
1473 1688 80 35 vari
1582 1688 224 45 hemställts,
1836 1693 57 31 att
1919 1688 96 36 riks-

397 1742 124 47 dagen
563 1742 63 35 vid
669 1741 237 48 behandling
947 1754 47 22 av
1035 1741 144 47 Kungl.
1222 1740 128 48 Maj:ts
1391 1739 229 36 hemställan
1655 1752 59 23 om
1744 1740 271 36 ovannämnda

397 1794 398 47 reservationsanslag
837 1796 21 33 å
897 1798 107 30 extra
1045 1798 76 30 stat
1152 1792 59 36 för
1239 1794 41 33 år
1312 1792 99 35 1920
1440 1794 21 32 å
1491 1791 141 36 kronor
1661 1793 205 45 3,600,009
1896 1794 119 34 måtte

396 1845 163 47 besluta,
603 1850 55 30 att
691 1857 198 36 personer,
918 1844 104 36 vilka
1050 1851 93 29 utan
1173 1843 136 47 anslag
1337 1856 48 22 av
1414 1847 146 31 statens
1589 1842 293 49 odlingsbidrag
1910 1843 104 36 inne-

397 1896 168 36 varande
594 1900 41 32 år
662 1895 167 49 uppodla
857 1909 53 35 ny
939 1896 118 43 mark,
1088 1898 60 33 må
1168 1900 73 43 äga
1261 1900 76 30 rätt
1358 1900 56 30 att
1434 1901 91 29 utan
1545 1894 135 36 hinder
1700 1908 45 21 av
1765 1908 50 22 nu
1837 1895 178 47 gällande

398 1947 432 48 kristidsförordningar
873 1946 83 36 fritt
998 1947 154 48 förfoga
1193 1951 87 32 över
1320 1949 21 33 å
1380 1946 123 36 denna
1537 1945 193 50 nybrutna
1758 1946 110 36 mark
1896 1951 116 44 tagna

397 1999 173 37 skördar.

531 2050 241 37 Beträffande
801 2050 47 36 de
877 2050 94 48 skäl,
1001 2063 81 24 som
1113 2050 145 36 anförts
1280 2050 57 36 till
1358 2049 85 37 stöd
1464 2049 59 36 för
1542 2049 111 36 dessa
1672 2049 342 49 framställningar,

398 2102 141 37 tillåter
567 2103 62 48 sig
656 2102 188 36 utskottet
872 2101 162 37 hänvisa
1062 2102 57 36 till
1148 2103 249 35 motionerna.

531 2205 76 36 För
647 2204 157 49 bidrags
845 2204 192 49 utgående
1074 2205 83 35 från
1196 2205 64 36 det
1289 2219 47 22 av
1365 2204 143 48 Kungl.
1538 2204 108 49 Maj:t
1674 2217 49 22 nu
1752 2204 170 49 begärda
1951 2217 64 23 an-

401 2258 135 48 slaget,
566 2262 79 31 mot
672 2269 86 24 vars
778 2256 139 50 belopp
941 2256 187 37 utskottet
1152 2257 84 36 icke
1259 2257 70 36 har
1348 2259 119 46 något
1486 2261 55 30 att
1560 2256 136 48 erinra,
1716 2257 69 35 har
1805 2269 48 23 av
1872 2255 142 50 Kungl.
