2238 2630
190 1805 133 25 Utskottet.

426 151 40 31 36
835 149 344 31 Jordbruksutskottets
1204 148 163 32 utlåtande
1390 148 53 31 Nr
1467 149 19 30 9
1498 149 40 31 A.

382 229 132 37 visade
545 227 210 49 riksdagen
788 227 59 37 för
873 232 84 32 vart
987 226 71 37 och
1087 232 54 31 ett
1170 239 47 23 av
1245 229 90 35 åren
1366 227 255 36 1903—1910
1650 225 124 38 medel
1803 227 58 36 för
1890 226 105 38 detta

383 280 185 38 ändamål.

511 323 55 44 År
602 332 98 36 1908
730 331 134 50 gjorde
894 330 140 48 Kungl.
1063 330 109 49 Maj:t
1201 330 285 48 framställning
1514 329 57 37 till
1598 330 211 49 riksdagen
1838 343 61 24 om
1928 344 66 23 an-

383 382 194 38 ordnande
619 396 48 23 av
696 382 164 50 förnyad
888 382 128 37 tävlan
1045 381 59 37 för
1131 381 185 38 utseende
1345 395 46 22 av
1420 382 130 49 dylika
1577 388 140 30 centra.
1773 381 221 49 Riksdagen

382 434 178 37 anvisade
602 435 59 36 för
702 435 110 37 dessa
845 433 195 50 tävlingar
1063 434 121 49 jämte
1212 433 334 50 upprätthållande
1575 447 46 22 av
1651 433 47 37 de
1726 433 64 36 vid
1819 433 85 36 dem
1933 439 61 31 ut-

382 486 116 37 sedda
539 486 236 37 avelscentra
817 485 137 50 anslag
994 488 21 34 å
1056 491 106 31 extra
1204 490 77 32 stat
1317 485 60 36 för
1404 491 85 31 vart
1517 485 70 37 och
1617 489 55 32 ett
1700 498 47 23 av
1774 487 90 35 åren
1894 486 99 36 1909

382 539 164 36 —1915.

511 580 55 46 År
609 591 99 35 1913
751 589 185 37 framlade
965 589 139 49 Kungl.
1136 588 108 48 Maj:t
1272 588 146 49 förslag
1446 589 58 36 till
1531 589 208 44 riksdagen
1769 601 61 24 om
1859 588 136 37 anord-

382 642 124 37 nande
549 655 47 24 av
637 642 223 50 ytterligare
900 641 150 49 tävling
1092 654 47 23 av
1167 640 294 49 ifrågavarande
1489 641 93 49 slag.
1638 640 270 37 Kostnaderna
1936 640 59 37 för

382 694 124 37 denna
534 693 152 49 tävling
708 694 121 48 jämte
856 692 338 51 upprätthållande
1223 706 46 23 av
1297 692 46 37 de
1363 692 65 37 vid
1449 693 222 36 densamma
1691 692 161 37 utsedda
1872 692 121 37 avels-

382 751 127 32 centra
537 745 239 37 beräknades
803 745 59 36 till
894 746 163 46 122,000
1086 744 153 48 kronor,
1268 757 118 23 varav
1415 745 140 45 27,000
1580 744 142 37 kronor
1742 744 121 36 skulle
1883 750 112 43 tagas

382 797 82 37 från
509 797 283 48 avkastningen
833 810 48 23 av
923 796 145 37 fonden
1108 796 59 36 för
1204 796 162 36 svenska
1394 795 284 50 hornboskaps-
1708 795 70 37 och
1806 796 189 37 fåravelns

382 849 191 49 förädling
602 855 100 30 samt
730 848 239 37 återstående
998 849 139 46 95,000
1166 847 142 37 kronor
1336 847 235 37 beräknades
1591 848 108 36 skola
1719 860 48 24 av
1786 847 209 49 riksdagen

382 901 151 36 anvisas
576 900 85 37 med
703 900 95 37 visst
835 900 139 49 belopp
1003 899 58 37 för
1088 905 86 31 vart
1202 899 71 37 och
1302 904 52 32 ett
1383 913 47 23 av
1460 902 87 34 åren
1580 900 268 46 1914—1920,
1878 899 117 36 därav

385 954 137 44 12,000
563 952 142 37 kronor
746 952 60 36 för
847 951 236 38 sistnämnda
1124 953 52 34 år.
1232 951 223 47 Riksdagen
1496 951 67 36 har
1603 951 60 37 för
1695 951 105 49 varje
1829 963 47 24 av
1903 953 91 34 åren

385 982 255 59 1914—1919
670 1004 150 36 anvisat
848 1003 46 37 de
922 1003 158 37 sålunda
1107 1002 216 37 beräknade
1352 977 197 80 beloppen.

511 1056 249 37 Avelscentra
800 1055 64 37 vid
908 1055 123 37 denna
1071 1055 148 48 tävling
1259 1054 98 37 hava
1397 1060 140 31 utsetts
1565 1055 74 36 den
1671 1056 46 35 12
1748 1055 72 49 maj
1855 1056 98 35 1916
1983 1055 12 35 i

383 1108 108 49 fråga
519 1121 62 23 om
610 1107 265 50 besättningar
902 1121 48 23 av
978 1106 234 50 ayrshireras
1240 1106 70 37 och
1334 1107 73 37 den
1428 1109 48 34 22
1497 1107 216 49 september
1735 1108 97 35 1916
1853 1106 12 36 i
1885 1106 110 49 fråga

381 1172 61 24 om
471 1160 268 49 besättningar
767 1173 47 23 av
843 1160 158 48 fjällras.

509 1203 54 44 År
607 1213 98 34 1918
739 1211 134 49 gjorde
901 1210 143 48 Kungl.
1074 1210 110 49 Maj:t
1208 1210 286 48 framställning
1521 1210 57 36 till
1605 1209 206 49 riksdagen
1840 1223 61 23 om
1932 1210 61 37 be-

380 1263 167 49 viljande
576 1277 47 22 av
651 1262 123 37 medel
802 1263 59 36 för
890 1239 242 60 anordnande
1153 1275 46 23 av
1219 1275 75 36 nya
1315 1261 424 49 avelscentertävlingar
1757 1261 237 38 beträffande

382 1315 143 49 fjällras
567 1315 71 36 och
682 1314 241 50 ayrshireras.
981 1313 265 37 Kostnaderna
1283 1313 126 37 härför
1437 1313 236 37 beräknades
1701 1313 57 36 till
1787 1313 12 35 i
1826 1318 87 31 runt
1942 1314 52 36 tal

383 1367 164 46 177,000
589 1367 154 46 kronor,
784 1366 121 36 vilket
945 1365 139 50 belopp
1126 1365 122 37 skulle
1290 1365 131 37 täckas
1458 1365 79 36 dels
1566 1364 87 37 med
1682 1365 141 47 40,000
1851 1365 144 37 kronor

380 1418 84 36 från
505 1418 283 48 avkastningen
830 1431 46 23 av
910 1417 142 37 fonden
1079 1417 60 36 för
1167 1416 279 50 hornboskaps-
1481 1417 71 36 och
1581 1416 189 37 fåravelns
1800 1416 194 50 förädling

380 1469 80 37 dels
503 1469 70 37 ock
610 1482 139 36 genom
781 1470 136 48 anslag
946 1482 47 23 av
1020 1468 209 49 riksdagen
1258 1471 21 33 å
1310 1469 164 46 137,000
1504 1468 139 36 kronor
1672 1467 123 49 enligt
1823 1468 171 50 följande

382 1521 219 48 fördelning
642 1524 20 34 å
705 1521 46 36 de
792 1520 186 37 särskilda
1020 1523 101 45 åren,
1165 1520 193 48 nämligen
1387 1522 141 46 25,000
1556 1520 141 36 kronor
1725 1519 59 37 för
1811 1522 41 34 år
1882 1523 111 45 1919,

381 1574 139 46 20,000
563 1574 59 36 för
664 1579 85 30 vart
790 1572 71 37 och
904 1578 55 30 ett
1000 1585 46 23 av
1075 1575 90 33 åren
1197 1574 98 34 1920
1324 1571 71 37 och
1427 1573 96 35 1921
1555 1577 99 31 samt
1685 1572 138 46 18,000
1851 1572 143 37 kronor

380 1624 59 37 för
475 1631 86 30 vart
598 1625 72 36 och
699 1630 53 31 ett
781 1638 46 22 av
856 1627 89 33 åren
977 1624 267 36 1922—1925.
1301 1623 220 50 Riksdagen
1549 1623 69 36 har
1646 1623 60 36 för
1734 1625 40 34 år
1805 1625 96 35 1919
1932 1637 62 24 an-

380 1676 97 37 visat
506 1676 63 37 det
599 1677 59 37 för
686 1679 79 34 året
792 1675 219 38 beräknade
1039 1675 190 50 beloppet.
1468 1691 3 3 |

508 1797 56 37 De
606 1810 52 23 nu
701 1796 168 49 begärda
912 1796 184 49 anslagen
1138 1799 59 33 stå
1243 1800 46 45 på
1317 1800 75 33 sätt
1421 1797 169 48 framgår
1620 1810 45 23 av
1695 1797 259 37 ovanstående
1982 1798 12 35 i

380 1849 377 37 överensstämmelse
785 1848 86 37 med
901 1862 47 22 av
975 1848 210 49 riksdagen
1212 1848 180 48 godkänd
1422 1848 90 49 plan
1541 1848 138 37 därför.

509 1901 133 37 Under
671 1899 242 51 åberopande
942 1913 47 23 av
1016 1912 98 24 ovan
1144 1900 168 49 angivna
1336 1900 420 49 anslagsberäkningar
1776 1901 218 37 hemställer

379 1953 198 48 utskottet,

914 2045 55 30 att
996 2038 208 49 riksdagen
1234 2042 60 33 må
1322 2041 20 34 å
1370 2044 106 31 extra
1504 2045 74 30 stat
1606 2038 58 37 för
1685 2042 40 33 år
1746 2040 99 36 1920
1865 2043 127 34 såsom

782 2090 395 49 reservationsanslag
1205 2090 133 37 anvisa

913 2144 76 35 dels
1030 2142 57 36 för
1119 2142 336 50 upprätthållande
1485 2156 45 23 av
1558 2142 45 37 de
1633 2146 41 33 år
1705 2144 98 36 1916
1832 2143 162 38 utsedda

782 2194 237 37 avelscentra
1055 2194 58 36 för
1140 2193 214 49 nötboskap
1386 2196 137 46 12,000
1552 2194 153 47 kronor,

912 2247 77 38 dels
1030 2247 61 37 ock
1120 2245 59 38 för
1207 2245 241 39 bestridande
1476 2259 47 25 av
1550 2246 257 39 kostnaderna
1834 2247 59 38 för
1921 2247 73 38 den
