1917 2833
303 171 42 31 28
700 174 253 33 Statsutskottets
968 175 160 32 utlåtande
1144 186 38 22 nr
1196 176 44 31 88
1255 176 36 32 år
1307 176 88 31 1970

304 262 98 22 nerna
422 254 24 31 I:
461 253 66 32 454
548 254 62 31 och
630 255 40 31 II:
688 255 62 31 663
772 255 180 32 hemställes
972 260 45 27 att
1034 256 168 41 riksdagen
1220 256 102 32 under
1341 257 40 32 de
1399 256 196 33 medicinska
1612 256 182 33 fakulteter-

303 316 57 23 nas
382 308 109 41 anslag
512 309 124 32 anvisar
655 310 142 32 nämnda
817 310 118 42 belopp
955 310 51 32 för
1026 310 206 33 anordnande
1253 321 39 22 av
1313 321 39 22 en
1372 311 239 32 dietetikerkurs
1631 311 54 33 vid
1704 311 90 32 Sahl-

302 362 136 41 grenska
457 362 164 41 sjukhuset
640 364 63 32 och
723 364 179 41 Göteborgs
920 365 184 33 universitet
1120 365 97 32 våren
1239 366 95 32 1971.

348 417 164 32 Utskottet
529 417 50 32 får
597 419 74 31 med
691 419 170 41 anledning
878 419 99 32 härav
995 421 103 30 erinra
1116 431 54 21 om
1190 426 44 27 att
1253 432 39 21 en
1310 422 163 41 professur
1490 423 12 31 i
1517 422 116 32 klinisk
1651 423 143 41 närings-

302 471 68 32 lära
391 472 11 31 i
422 472 242 41 propositionen
685 473 163 32 förutsatts
869 474 137 31 inrättad
1026 475 54 31 vid
1101 475 180 41 Göteborgs
1302 476 183 32 universitet
1505 478 61 31 den
1590 478 13 31 1
1626 477 57 40 juli
1707 477 86 33 1970

302 527 75 31 med
396 526 157 33 docenten
571 527 100 41 Björn
689 528 150 32 Isaksson
856 538 71 22 som
944 529 99 32 förste
1060 529 201 34 innehavare.
1280 531 163 31 Utskottet
1460 541 69 21 som
1547 531 54 32 vill
1618 531 103 32 erinra
1738 541 55 23 om

303 584 45 28 att
368 581 151 32 Isaksson
540 591 70 22 som
631 582 115 32 docent
766 583 161 32 meddelat
945 583 63 32 viss
1027 583 225 42 undervisning
1270 584 12 32 i
1301 584 130 32 dietetik
1449 584 117 33 räknar
1583 587 74 31 med
1676 591 45 27 att
1740 586 53 31 det

301 635 60 32 bör
381 635 104 32 finnas
507 636 199 41 möjligheter
727 641 45 28 att
792 637 89 32 inom
901 647 110 22 ramen
1031 638 51 31 för
1103 639 62 31 den
1184 638 419 42 undervisningsskyldighet
1623 649 70 22 som
1713 639 80 32 skall

303 689 82 32 åvila
402 690 122 32 honom
543 700 71 22 som
632 692 162 40 professor
812 693 81 30 även
908 692 119 31 bereda
1042 696 157 37 utrymme
1217 693 51 31 för
1284 693 63 32 viss
1365 693 100 32 sådan
1480 694 232 41 undervisning.
1731 695 62 31 Be-

300 744 160 33 träffande
485 745 40 32 de
549 746 178 40 ytterligare
751 746 172 32 kostnader
948 756 39 22 av
1010 746 378 33 driftkostnadskaraktär
1412 758 70 22 som
1505 747 65 33 kan
1593 748 132 32 komma
1746 748 47 32 till

300 799 184 32 förutsätter
509 800 153 32 utskottet
689 805 45 27 att
758 801 105 31 medel
888 801 64 31 kan
977 801 106 32 ställas
1108 801 47 32 till
1178 801 189 41 förfogande
1391 801 72 33 från
1488 802 190 32 fakultetens
1703 802 90 32 drift-

301 853 273 41 kostnadsanslag.
594 855 79 30 Med
691 855 123 38 hänsyn
832 855 105 31 härtill
956 855 161 39 avstyrker
1134 855 153 32 utskottet
1304 856 210 31 motionerna.

346 906 164 32 Utskottet
529 907 170 41 tillstyrker
717 907 114 41 Kungl.
852 907 111 41 Maj:ts
983 908 120 41 förslag
1120 908 101 32 under
1239 908 209 32 förevarande
1467 909 138 40 punkter
1623 909 62 31 och
1703 909 89 32 hem-

300 961 106 32 ställer

670 1020 27 31 1.
724 1024 45 27 att
784 1019 170 42 riksdagen
970 1020 207 41 bemyndigar
1192 1022 115 40 Kungl.
1325 1021 97 41 Maj:t
1439 1027 45 27 att
1500 1023 116 31 inrätta
1631 1022 161 41 professu-

621 1083 50 22 rer
690 1074 95 40 enligt
803 1074 63 32 vad
883 1075 11 31 i
912 1074 345 42 statsrådsprotokollet
1274 1076 170 38 förordats,

666 1128 30 31 2.
723 1133 45 26 att
791 1128 168 40 riksdagen
983 1128 206 41 bemyndigar
1212 1130 116 40 Kungl.
1352 1130 97 40 Maj:t
1472 1135 45 27 att
1541 1131 99 31 ändra
1661 1131 132 30 benäm-

619 1182 112 40 ningar
751 1192 40 22 av
811 1183 198 40 professurer
1029 1183 95 40 enligt
1144 1184 62 31 vad
1226 1184 11 31 i
1258 1184 345 40 statsrådsprotokollet
1621 1184 170 37 förordats,

668 1237 30 31 3.
725 1241 45 27 att
786 1237 168 40 riksdagen
971 1237 103 32 avslår
1089 1238 201 31 motionerna
1306 1239 23 31 I:
1345 1238 65 33 349
1428 1239 62 31 och
1507 1239 40 31 II:
1564 1239 62 32 391
1645 1239 12 31 i
1672 1239 64 31 vad
1752 1238 40 31 de

622 1300 91 22 avser
730 1290 179 33 inrättande
928 1291 62 31 den
1012 1292 13 31 1
1047 1291 57 41 juli
1125 1292 85 32 1970
1230 1302 39 22 av
1287 1302 40 21 en
1344 1292 163 41 professur
1524 1292 12 33 i
1552 1292 239 40 kriminologisk

622 1345 375 40 behandlingsforskning
1017 1346 11 30 i
1049 1346 194 40 anknytning
1263 1347 47 30 till
1329 1346 216 32 universitetet
1571 1347 5 30 i
1596 1347 196 36 Stockholm,

666 1398 31 31 4.
724 1402 45 27 att
786 1398 168 40 riksdagen
973 1398 11 32 i
1003 1398 169 41 anledning
1191 1408 39 23 av
1248 1399 200 32 motionerna
1467 1400 24 31 I:
1506 1400 65 31 568
1590 1400 63 31 och
1670 1400 41 32 II:
1726 1399 66 31 504

621 1456 82 27 samt
721 1453 41 31 II:
777 1453 76 37 399,
874 1452 144 41 samtliga
1035 1453 158 31 motioner
1212 1452 93 33 såvitt
1322 1463 44 22 nu
1385 1454 36 31 är
1438 1454 11 31 i
1466 1452 99 42 fråga,
1585 1453 207 40 bemyndigar

623 1507 116 39 Kungl.
760 1507 96 40 Maj:t
876 1512 44 26 att
937 1506 72 32 från
1026 1507 62 30 och
1107 1507 74 31 med
1200 1507 63 31 den
1285 1508 14 30 1
1321 1507 58 40 juli
1401 1508 85 30 1970
1506 1507 54 31 vid
1578 1507 215 31 universitetet

623 1560 10 30 i
648 1560 165 39 Göteborg
828 1560 115 31 inrätta
957 1570 40 21 en
1010 1561 163 40 professur
1187 1561 10 30 i
1210 1561 247 40 plastikkirurgi,
1471 1561 117 37 vilken,
1602 1570 56 22 om
1671 1560 35 32 så
1718 1561 74 40 prö-

619 1623 56 21 vas
698 1614 152 40 lämpligt,
873 1614 61 30 bör
953 1623 77 22 vara
1051 1614 160 40 personlig
1229 1614 52 31 för
1302 1614 157 31 docenten
1478 1614 103 40 Bengt
1599 1614 192 37 Johansson,

666 1668 30 31 5.
723 1672 45 27 att
790 1667 168 40 riksdagen
980 1667 103 32 avslår
1104 1668 165 31 motionen
1290 1668 41 31 II:
1350 1667 60 32 145
1434 1668 11 31 i
1465 1669 63 30 vad
1550 1668 62 31 den
1634 1677 90 23 avser
1744 1668 47 31 in-

623 1722 144 31 rättande
783 1722 63 31 den
865 1723 13 29 1
897 1722 57 40 juli
972 1722 85 31 1970
1073 1722 54 31 vid
1142 1722 216 31 universitetet
1381 1722 3 30 i
1399 1722 145 39 Uppsala
1560 1732 39 21 av
1615 1732 40 20 en
1670 1722 122 40 profes-

623 1784 54 22 sur
694 1775 10 30 i
720 1775 147 37 medicin,
887 1775 125 31 särskilt
1029 1775 224 40 lungmedicin,
1273 1775 74 31 med
1365 1775 158 31 docenten
1542 1775 133 31 Gunnar
1693 1775 99 32 Dabhl-

624 1830 99 29 ström
739 1838 70 21 som
823 1829 99 30 förste
937 1829 201 36 innehavare,

666 1882 30 31 6.
722 1886 45 26 att
789 1882 168 40 riksdagen
980 1882 103 32 avslår
1104 1883 165 31 motionen
1291 1885 40 30 II:
1347 1885 64 31 399
1434 1885 11 30 i
1466 1885 63 31 vad
1550 1884 63 32 den
1634 1895 89 21 avser
1743 1885 48 31 in-

622 1936 145 31 rättande
782 1936 63 32 den
864 1937 13 31 1
896 1937 57 40 juli
971 1937 87 31 1970
1073 1937 53 31 vid
1141 1938 215 32 universitetet
1379 1938 3 32 i
1397 1938 145 40 Uppsala
1559 1949 38 21 av
1613 1949 40 21 en
1669 1939 121 40 profes-

623 1999 53 22 sur
693 1990 10 30 i
719 1990 208 40 barnkirurgi,
947 1991 74 30 med
1039 1991 158 31 docenten
1215 1992 133 30 Gunnar
1367 1992 113 31 Grotte
1499 2001 71 22 som
1586 1992 99 31 förste
1703 1993 87 30 inne-

618 2043 127 38 havare,

665 2098 30 31 7.
722 2102 44 27 att
786 2098 168 39 riksdagen
975 2097 102 32 avslår
1095 2098 165 31 motionen
1279 2099 41 31 II:
1337 2098 66 32 670
1421 2108 54 22 om
1494 2099 178 32 inrättande
1691 2109 39 22 av
1750 2108 40 22 en

618 2151 163 40 professur
794 2151 11 31 i
817 2151 116 40 perifer
945 2151 198 41 kärlkirurgi,

666 2205 29 31 8.
721 2209 45 27 att
794 2205 168 41 riksdagen
991 2207 11 30 i
1030 2206 170 42 anledning
1229 2216 39 23 av
1295 2207 115 41 Kungl.
1440 2208 112 40 Maj:ts
1581 2208 118 42 förslag
1727 2208 62 32 och

616 2259 201 31 motionerna
840 2260 24 30 I:
880 2260 64 30 568
971 2261 62 30 och
1057 2261 41 31 II:
1113 2261 66 30 504
1203 2266 82 26 samt
1309 2263 41 30 II:
1366 2263 64 31 399
1455 2263 113 37 (andra
1592 2267 164 27 att-satsen
1779 2262 11 30 i

617 2313 201 38 hemställan)
847 2313 62 31 och
934 2314 74 30 med
1035 2315 107 38 avslag
1168 2314 19 31 å
1211 2316 201 30 motionerna
1438 2316 24 31 I:
1479 2315 64 33 349
1569 2317 62 30 och
1656 2317 40 30 II:
1712 2316 76 36 391,

618 2366 24 32 I:
658 2366 66 31 454
747 2367 62 31 och
832 2367 40 32 II:
889 2367 75 36 663,
988 2368 41 31 II:
1047 2367 73 39 145,
1144 2368 40 32 II:
1201 2368 64 33 399
1289 2368 113 39 (första
1424 2372 165 28 att-satsen
1608 2370 11 31 i
1640 2369 149 32 hemstäl-

618 2420 77 38 lan),
717 2421 41 31 II:
774 2421 65 31 670
860 2421 62 31 och
942 2422 40 31 II:
998 2421 75 38 691,
1095 2423 144 39 samtliga
1258 2423 158 31 motioner
1435 2422 93 33 såvitt
1545 2433 43 21 nu
1607 2424 35 31 är
1660 2424 11 31 i
1687 2422 100 41 fråga,

616 2475 46 30 till
683 2474 202 31 Medicinska
907 2474 211 38 fakulteterna
1139 2486 42 20 m.
1195 2486 56 21 m.:
1272 2476 198 38 Avlöningar
1492 2477 46 31 till
1558 2476 232 37 lärarpersonal

617 2528 51 31 för
686 2528 186 40 budgetåret
895 2529 149 36 1970/71
1066 2530 124 30 anvisar
1208 2534 44 27 ett
1268 2530 244 40 förslagsanslag
1530 2540 39 22 av
1589 2530 41 30 84
1643 2530 63 31 953
1722 2530 66 30 000

616 2581 59 38 kr.,
