2206 2628
599 208 382 40 Bevillningsutskottets
1004 210 219 31 Betänkande
1246 211 64 30 N:o
1334 213 50 29 34.
1724 212 20 30 3

936 342 45 35 16
1012 340 33 50 8.

298 428 20 34 Z
347 440 103 23 mom.
508 425 279 50 BSkattskyldig,
831 439 80 23 som
954 426 120 50 enligt
1111 427 46 36 de
1185 427 12 36 i
1226 427 125 37 denna
1380 427 226 50 förordning
1633 427 152 37 medde-

194 477 84 37 lade
320 478 286 37 bestämmelser
647 478 83 37 icke
772 483 41 31 är
853 478 142 58 pligtig
1023 485 56 30 att
1107 479 144 58 afgifva
1279 479 154 50 uppgift
1460 479 58 36 till
1546 453 238 80 taxeringen,

193 543 90 23 vare
313 530 95 36 dock
437 530 152 49 skyldig
616 535 54 31 att
698 530 97 37 efter
823 531 218 48 anmaning,
1072 544 80 24 som
1181 531 12 36 1
1220 534 48 34 22
1300 531 20 49 $
1351 534 19 33 2
1399 544 110 23 mom.
1541 536 99 44 sägs,
1660 531 126 37 lemna

193 582 170 49 uppgift:

297 633 36 50 a)
363 637 20 33 å
424 633 64 37 det
529 633 150 50 belopp,
708 633 155 37 hvartill
891 634 94 36 hans
1014 633 167 38 inkomst
1208 634 41 37 af
1273 634 141 49 kapital
1444 634 92 37 eller
1564 635 128 36 arbete
1721 634 65 37 det

194 686 320 48 nästföregående
545 689 80 33 året
652 689 177 46 uppgått;
860 687 70 36 och

299 737 36 49 b)
366 738 108 36 öfver
501 738 195 49 fastighet,
726 738 155 37 hvarför
908 738 213 49 bevillning
1148 738 41 37 af
1212 738 139 37 honom
1378 738 178 49 erlägges
1575 738 13 36 i
1607 738 74 37 den
1700 741 85 33 mån

192 789 218 37 infordrade
439 790 276 49 upplysningar
743 790 126 36 kunna
896 790 156 39 lemnas.

298 843 25 35 2
351 855 100 24 mom.
508 842 60 36 En
597 842 92 36 hvar
718 842 256 49 skattskyldig
1002 847 42 32 är
1072 842 64 37 det
1162 843 12 36 i
1202 841 119 49 öfrigt
1340 842 180 48 obetaget
1538 847 56 31 att
1613 841 173 38 meddela

192 894 290 49 upplysningar,
513 907 82 23 som
623 894 127 37 kunna
777 895 105 48 tjena
909 894 57 36 till
995 894 157 49 ledning
1178 894 64 36 vid
1270 894 95 37 hans
1392 894 188 48 taxering.

937 1034 45 34 18
1012 1032 32 49 8.

296 1122 20 34 1
345 1133 102 23 mom.
505 1118 228 50 Bkyldighet
761 1123 55 32 att
845 1118 145 49 afgifva
1017 1118 164 49 uppgift,
1211 1118 154 37 hvarom
1384 1118 11 36 i
1416 1118 124 36 denna
1560 1117 226 50 förordning

193 1177 103 43 sägs,
326 1171 127 49 åligge
483 1170 58 37 för
569 1171 182 49 omyndig
779 1170 91 37 eller
899 1170 118 36 sådan
1045 1170 266 47 frånvarande,
1339 1170 59 36 för
1426 1170 156 36 hvilken
1602 1171 77 47 god
1699 1183 87 23 man

193 1224 41 36 af
273 1223 163 37 domstol
475 1223 230 46 förordnats,
748 1222 269 48 förmyndaren
1060 1222 90 36 eller
1178 1222 99 48 gode
1306 1235 161 23 mannen
1496 1222 60 36 för
1583 1222 99 36 hvad
1711 1222 74 36 han

192 1276 69 36 har
288 1275 120 36 under
436 1275 58 36 sin
521 1274 245 48 förvaltning.

297 1329 25 34 2
349 1340 102 24 mom.
506 1326 76 36 För
610 1339 125 24 annan
763 1330 47 31 än
839 1325 147 37 enskild
1016 1338 137 36 person
1183 1325 127 49 åligge
1338 1324 448 51 uppgiftsskyldigheten

193 1379 284 37 vederbörande
507 1378 176 49 styrelse,
714 1377 233 49 förvaltning
975 1377 88 37 eller
1092 1377 150 37 ombud.

937 1500 44 34 19
1011 1497 33 50 8.

296 1588 20 34 1
345 1599 102 23 mom.
504 1584 279 50 Skattskyldig,
827 1597 81 23 som
950 1584 142 36 önskar
1124 1584 230 49 upplysning
1385 1584 159 36 rörande
1573 1584 213 36 beskaffen-

192 1639 113 35 heten
348 1638 41 36 af
427 1638 141 36 honom
602 1637 204 48 åliggande
835 1635 395 50 uppgiftsskyldighet
1258 1636 70 36 och
1356 1640 115 32 sättet
1498 1636 61 36 för
1587 1636 86 36 dess
1701 1635 85 36 full-

193 1689 182 49 görande,
419 1702 70 35 ege
532 1694 55 31 att
627 1689 59 35 för
728 1688 134 36 sådant
895 1687 175 36 ändamål
1097 1687 200 36 hänvända
1326 1687 59 48 sig
1412 1687 58 36 till
1498 1687 287 36 vederbörande

192 1740 467 49 bevillningsberednings
689 1738 237 38 ordförande.

297 1794 26 35 2
350 1806 101 23 mom.
506 1792 221 36 Blanketter
763 1790 58 37 till
862 1790 45 37 de
937 1790 207 49 uppgifter,
1174 1804 79 22 som
1282 1790 11 36 1
1326 1792 43 34 15
1399 1790 70 36 och
1501 1791 43 34 17
1576 1789 43 49 $$
1648 1789 138 37 omför-

193 1844 132 47 mälas,
355 1844 108 36 skola
491 1843 269 37 kostnadsfritt
778 1842 305 37 tillhandahållas
1104 1841 44 37 de
1170 1841 278 50 skattskyldige
1468 1842 70 36 hos
1559 1841 226 37 ordförande

191 1897 12 35 i
242 1895 447 50 bevillningsberedning
717 1900 96 32 samt
842 1895 182 48 derjemte
1052 1894 12 36 1
1094 1893 222 37 Stockholm
1344 1894 67 36 hos
1440 1893 344 37 öfverståthållare-

193 1948 175 47 embetet,
397 1948 12 35 i
437 1947 124 49 öfriga
590 1947 126 36 städer
743 1947 70 36 hos
842 1946 252 48 magistraten
1123 1946 69 35 och
1221 1949 20 33 å
1269 1945 127 37 landet
1423 1945 69 36 hos
1521 1945 228 36 ordförande
1774 1945 12 35 i

193 1999 374 36 kommunalnämnd.

296 2051 18 35 I
343 2051 196 36 enahanda
568 2050 164 47 ordning
759 2048 306 37 tillhandahållas
1094 2048 215 36 blanketter
1338 2048 119 48 enligt
1486 2047 180 36 särskildt
1693 2048 93 36 fast-

193 2102 117 37 stäldt
351 2101 180 37 formulär
561 2104 36 33 åt
627 2100 294 48 skattskyldige,
950 2113 94 33 som,
1075 2099 121 36 ehvad
1225 2100 46 35 de
1300 2099 119 48 enligt
1446 2098 340 37 bestämmelserna

192 2154 12 36 i
233 2154 124 35 denna
385 2153 226 57 förordning
639 2157 63 31 äro
732 2151 163 49 pligtige
920 2129 145 70 afgifva
1084 2151 151 48 uppgift
1254 2150 55 36 till
1329 2149 227 49 taxeringen
1577 2149 92 37 eller
1689 2149 95 61 icke,

193 2205 121 40 önska
342 2218 59 22 om
431 2204 56 36 sin
516 2204 360 57 beskattningsbara
902 2203 171 36 inkomst
1101 2202 123 36 lemna
1254 2179 291 71 fullständigare
1565 2200 153 50 uppgift
1738 2205 47 32 än

194 2257 128 47 sådan,
351 2256 156 36 hvarom
535 2256 12 35 i
579 2257 44 34 15
653 2255 20 49 $
702 2258 23 33 4
753 2268 111 23 mom.
894 2254 190 36 förmäles.
