2186 2658
623 197 379 41 Bevillningsutskottets
1025 195 215 33 Betänkande
1264 195 62 32 N:o
1348 197 51 30 23.
1751 195 19 29 9

207 286 11 37 i
260 290 116 32 annat
416 284 78 47 fall,
531 290 48 32 än
616 285 48 36 då
698 282 360 50 tullbehandlingen
1099 281 127 38 blifvit
1256 281 12 36 i
1296 279 244 49 vederbörlig
1567 279 166 50 ordning
1761 279 54 36 af-

207 337 137 36 slutad.

331 386 181 38 Likasom
554 390 20 33 å
612 400 72 23 ena
722 385 111 38 sidan
875 389 361 43 varuemottagaren
1278 383 69 37 bör
1374 381 122 37 under
1530 381 182 49 angifven
1739 381 75 36 för-

208 438 215 49 utsättning
452 438 162 48 fritagas
642 438 85 36 från
755 435 224 51 skyldighet
1006 441 55 31 att
1089 437 160 46 erlägga
1277 432 259 38 skillnadstull
1554 432 59 36 för
1629 437 54 30 ett
1696 431 116 37 redan

207 488 309 38 tullbehandladt
544 489 72 37 och
644 486 215 38 utlämnadt
886 485 207 50 varuparti,
1118 498 116 36 synes
1264 488 20 33 å
1311 484 119 37 andra
1458 483 109 37 sidan
1588 482 226 49 billigheten

208 539 139 46 fordra,
387 544 55 31 att
482 539 84 37 icke
606 539 121 36 heller
767 537 289 38 vederbörande
1101 536 303 48 tulltjänsteman
1444 534 11 36 i
1498 533 181 37 liknande
1708 533 106 36 fall
1794 529 23 60 i

207 590 354 49 anmärkningsväg
589 590 159 49 ålägges
769 594 55 31 att
839 593 143 32 ersätta
996 587 208 37 tullverket
1219 585 154 38 felande
1389 584 226 49 tullbelopp.

331 641 204 37 Likaledes
563 654 113 23 anser
702 640 200 45 utskottet,
931 639 58 36 för
1017 638 74 36 den
1119 637 184 37 händelse
1330 636 304 43 bestämmelser,
1661 638 49 46 på
1738 639 77 32 sätt

207 706 49 23 nu
300 691 123 38 blifvit
449 691 215 49 ifrågasatt,
692 691 153 36 komma
874 694 55 32 att
955 688 186 47 utfärdas,
1175 686 333 50 följdriktigheten
1537 686 148 46 kräfva,
1720 691 56 31 att
1803 685 11 36 i

206 742 270 38 motsvarande
513 742 80 48 fall,
635 742 49 37 då
710 741 63 37 vid
805 739 361 49 tullbehandlingen
1199 740 42 35 af
1265 738 78 36 viss
1370 751 92 23 vara
1486 737 224 36 densamma
1739 737 75 36 för-

206 794 144 37 klarats
391 793 107 38 skola
526 793 121 49 draga
687 794 93 45 lägre
805 791 71 37 tull
905 796 46 31 än
980 791 115 46 förut,
1124 795 55 32 ett
1203 789 122 50 dylikt
1351 788 127 37 beslut
1504 787 86 38 icke
1619 787 96 37 skall
1740 792 73 44 äga

206 844 244 51 tillämpning
490 848 48 45 på
577 844 120 36 redan
736 841 316 38 tullbehandlade
1093 841 71 37 och
1205 839 222 38 utlämnade
1455 839 144 49 partier
1628 839 41 36 af
1692 838 121 37 sådan

206 909 101 24 vara.
349 896 17 37 I
394 894 224 50 anslutning
635 894 58 37 till
717 893 101 37 hvad
846 891 425 51 generaltullstyrelsen
1300 891 132 36 härom
1451 895 121 44 yttrat
1591 903 116 35 synes
1728 889 85 37 där-

206 947 59 37 för
305 952 55 31 ett
387 946 216 48 stadgande
632 945 114 37 äfven
772 944 12 36 i
812 943 70 37 sist
909 943 164 37 berörda
1102 942 182 37 afseende
1313 940 257 49 erforderligt.

330 996 443 49 Bevillningsutskottet,
811 1007 82 24 som
936 993 184 49 slutligen
1161 1006 114 23 anser
1315 992 61 48 sig
1402 991 94 37 böra
1523 990 134 47 uttala,
1686 995 55 32 att
1765 990 48 37 de

206 1048 230 48 ifrågasatta
463 1047 345 37 bestämmelserna
835 1046 81 36 lära
943 1058 92 23 vara
1064 1044 41 36 af
1129 1042 266 38 beskaffenhet
1422 1047 56 31 att
1505 1041 93 37 böra
1617 1042 12 35 i
1648 1041 166 36 hufvud-

206 1098 148 49 sakliga
385 1098 106 37 delar
519 1098 42 37 af
584 1097 223 49 Riksdagen
834 1095 183 47 beslutas,
1047 1095 68 36 har
1144 1095 111 36 alltså
1282 1093 127 37 funnit
1428 1092 61 49 sig
1508 1093 94 36 böra
1621 1091 193 49 tillstyrka

205 1163 45 23 en
281 1149 202 37 skrifvelse
511 1149 11 36 i
551 1149 73 37 den
654 1148 42 36 af
733 1146 238 38 motionären
1001 1145 159 50 angifna
1183 1144 182 49 riktving.

333 1200 53 37 På
413 1200 126 49 grund
569 1200 42 36 af
635 1199 102 37 hvad
766 1198 161 37 sålunda
951 1197 148 37 anförts
1126 1195 223 38 hemställer
1375 1195 201 46 utskottet,

658 1305 55 32 att
752 1299 235 47 Riksdagen,
1023 1298 12 36 i
1068 1296 211 49 anledning
1320 1296 41 36 af
1398 1296 88 36 herr
1527 1295 146 48 Röings
1716 1295 98 36 före-

604 1350 169 37 varande
802 1349 155 45 motion,
985 1348 90 36 ville
1095 1347 150 37 besluta
1265 1351 55 32 att
1338 1346 11 35 i
1370 1345 204 37 skrifvelse
1591 1345 57 36 till
1668 1345 144 48 Kungl.

604 1401 107 48 Maj:t
751 1400 163 46 anhålla,
955 1399 65 36 det
1063 1398 149 37 täcktes
1257 1396 141 49 Kungl.
1445 1396 108 48 Maj:t
1592 1396 76 36 låta
1703 1396 111 36 verk-

605 1451 112 37 ställa
745 1450 219 48 utredning,
991 1449 11 36 i
1032 1449 99 36 hvad
1161 1451 86 33 mån
1268 1448 33 49 ej
1325 1447 145 37 mindre
1490 1447 228 37 tullverkets
1738 1451 76 32 rätt

606 1508 55 31 att
702 1502 59 37 för
792 1500 126 38 införd
948 1513 90 24 vara
1066 1499 179 37 utkräfva
1271 1497 225 51 ytterligare
1523 1498 72 36 tull
1624 1502 47 32 än
1700 1497 112 37 äfven

605 1558 237 44 varuägares
887 1556 75 32 rätt
1008 1556 55 31 att
1103 1549 287 38 återbekomma
1429 1548 121 38 redan
1578 1548 146 50 erlagd,
1753 1548 60 37 för

604 1604 96 49 högt
744 1602 198 38 debiterad
986 1600 189 50 tullafgift
1223 1600 210 48 lämpligen
1479 1603 61 33 må
1584 1600 131 36 kunna
1758 1599 56 36 in-

605 1655 201 45 skränkas,
848 1659 100 31 samt
986 1652 170 37 därefter
1183 1651 59 36 för
1269 1651 223 49 Riksdagen
1520 1650 218 49 framlägga
1766 1650 47 36 de

605 1706 159 48 förslag,
792 1704 155 37 hvartill
975 1703 257 49 utredningen
1260 1702 76 37 kan
1364 1702 106 48 gifva
1499 1701 220 49 anledning.

325 1806 326 44 Stockholm.
582 1801 71 59 den
681 1808 44 35 19
751 1805 95 51 april
877 1807 108 35 1907.

645 1908 53 36 På
725 1904 441 51 bevillningsutskottets
1193 1909 162 44 vägnar:

850 2007 45 36 H.
926 2006 233 37 CAVALLI.

250 2313 71 33 Bih.
347 2311 51 32 till
421 2311 114 33 Riksd.
560 2313 87 32 Prot.
672 2314 91 30 1907.
795 2314 20 28 5
839 2311 98 31 Saml.
977 2313 13 29 1
1015 2310 82 41 Afd.
1140 2313 44 29 22
1205 2310 98 41 Häöft.
1748 2310 19 30 2
