2216 2652
400 205 118 32 Andra
542 205 219 31 Kammarens
787 203 180 41 Tillfälliga
995 202 138 33 Utskotts
1158 202 77 40 (N:o
1261 203 32 37 4)
1325 201 173 33 Utlåtande
1521 201 61 32 N:o
1608 203 51 29 10.
1813 200 16 30 1

951 750 76 40 N:o
1064 750 55 40 10.

938 911 77 27 Ank.
1036 912 42 25 till
1097 911 99 26 Riksd.
1218 911 96 26 kansli
1334 911 58 25 den
1413 911 31 25 11
1464 918 78 18 mars
1562 910 77 33 1902,
1659 910 37 26 kl.
1718 910 15 25 2
1754 917 24 19 e.
1799 918 37 18 m.

455 1004 136 36 Andra
626 1003 251 37 Kammarens
899 1003 127 49 fjerde
1065 1001 192 50 tillfälliga
1294 1002 151 36 utskotts
1484 1000 197 38 utlåtande
1712 1014 60 23 n:o
1804 1004 31 40 4,

668 1076 84 35 med
775 1075 204 48 anledning
1006 1075 47 47 af
1076 1087 45 23 en
1151 1075 48 44 af
1221 1074 85 36 herr
1331 1073 37 39 OC.
1394 1074 37 35 T.
1452 1073 106 36 Lind
1574 1073 106 36 väckt
1699 1073 139 36 motion

671 1146 196 50 angående
896 1146 232 49 indragning
1159 1146 48 48 af
1228 1145 442 49 kronofogdetjenstlerna.

351 1311 72 36 Till
461 1311 179 36 utskottet
672 1311 64 35 har
764 1310 56 35 till
849 1309 254 36 förberedande
1134 1308 220 46 behandling
1382 1308 122 35 blifvit
1531 1307 171 36 hänvisad
1731 1320 42 22 en
1804 1308 37 34 af

245 1367 81 35 herr
372 1365 39 37 C.
458 1364 38 36 T.
536 1363 105 37 Lind
675 1364 159 47 afgifven
874 1363 148 44 motion,
1062 1375 59 23 n:o
1153 1364 60 43 95,
1244 1362 101 35 hvari
1374 1362 218 35 motionären
1624 1361 214 42 hemställer,

251 1422 76 33 »att
363 1419 206 47 Riksdagen
607 1418 82 35 ville
724 1418 54 35 för
807 1418 53 34 sin
890 1417 55 35 del
975 1417 138 36 besluta
1142 1419 53 33 att
1224 1416 56 36 till
1308 1415 135 48 Kongl.
1474 1416 108 46 Maj:t
1610 1415 103 35 aflåta
1738 1415 101 36 skrif-

246 1474 105 44 velse,
385 1472 249 36 innefattande
672 1473 152 46 begäran
854 1484 58 22 om
936 1471 193 47 utredning
1158 1471 36 34 af
1222 1471 137 46 frågan,
1390 1470 66 34 och
1484 1471 54 34 att
1566 1469 135 47 Kongl.
1734 1470 108 46 Maj:t

247 1528 154 35 derefter
438 1528 112 33 måtte
579 1526 56 35 till
670 1525 204 48 Riksdagen
904 1525 135 46 afgifva
1067 1524 221 48 proposition
1318 1536 59 22 om
1404 1523 217 47 indragning
1650 1523 36 34 af
1714 1523 126 35 krono-

247 1582 319 46 fogdetjensterna,
610 1581 92 33 samt
739 1581 54 33 att
825 1578 304 47 kronofogdarnes
1158 1577 347 48 tjensteåligganden
1534 1576 223 47 öfverflyttas
1785 1576 56 35 till

247 1636 242 38 länsmännen,
529 1634 12 34 i
583 1633 258 47 sammanhang
882 1632 170 36 hvarmed
1081 1632 129 46 nödiga
1238 1631 190 47 ändringar
1456 1631 54 34 uti
1538 1630 212 35 hithörande
1775 1630 66 35 för-

248 1689 200 45 fattningar
474 1687 101 36 torde
605 1687 144 35 komma
777 1688 54 33 att
859 1686 177 35 föreslås».

356 1743 122 34 Såsom
508 1741 78 35 skäl
613 1741 55 35 för
696 1741 116 35 denna
836 1741 54 34 sin
920 1739 210 36 hemställan
1160 1739 101 35 anför
1291 1738 218 35 motionären
1540 1737 302 48 hufvudsakligen

247 1796 174 48 följande:

356 1849 160 36 Svenska
544 1848 196 47 allmogens
769 1848 103 46 länge
906 1847 108 35 närda
1042 1846 135 36 önskan
1220 1848 53 33 att
1301 1846 108 35 vinna
1434 1858 43 22 en
1506 1845 215 47 förbättring
1749 1845 12 34 i
1789 1847 54 33 ut-

251 1902 342 49 sökningsväsendet
628 1902 90 35 hade
763 1901 207 47 visserligen
1011 1901 12 34 i
1051 1902 117 45 någon
1199 1901 82 34 mån
1311 1899 249 47 förverkligats
1588 1911 131 35 genom
1748 1900 95 35 anta-

252 1958 132 47 gandet
421 1957 37 34 af
497 1956 68 36 den
603 1969 48 22 nu
695 1955 163 48 gällande
896 1954 330 48 utsökningslagen.
1282 1954 80 35 Den
1401 1953 118 47 gamla
1546 1953 233 47 indelningen
1808 1953 37 34 af

252 2011 390 46 landsstatstjensterna
688 2010 78 35 lade
804 2009 90 35 dock
928 2010 52 34 ett
1007 2009 127 34 hinder
1161 2008 12 34 i
1202 2011 112 43 vägen
1344 2008 54 34 för
1426 2007 68 35 den
1524 2007 154 35 önskade
1707 2007 138 34 förenk-

253 2065 121 47 lingen
405 2065 65 35 och
499 2064 315 48 skyndsamheten.
851 2063 124 35 Under
989 2062 435 47 landshöfdingeembetet
1438 2062 115 34 såsom
1573 2060 273 36 öfverexekutor

253 2119 178 36 sorterade
458 2120 115 33 såsom
606 2117 325 37 underexekutorer
964 2116 299 47 kronofogdarne,
1285 2115 58 35 till
1361 2115 123 35 hvilka
1514 2114 68 36 alla
1606 2114 240 47 ansökningar

254 2186 58 22 om
355 2172 272 47 verkställighet
669 2172 35 34 af
747 2172 123 34 domar
912 2171 65 34 och
1014 2170 119 47 utslag
1161 2171 93 33 samt
1282 2182 57 22 om
1368 2169 199 47 indrifning
1596 2169 36 34 af
1660 2168 187 48 utskylder

254 2226 109 36 borde
406 2226 128 35 ställas.
591 2225 302 47 Kronofogdarne
935 2224 226 35 remitterade
1190 2223 90 35 dock
1309 2223 12 35 i
1349 2223 96 47 regel
1472 2223 99 34 dessa
1600 2222 246 47 förrättnings-

254 2280 163 47 åtgärder
460 2279 57 36 till
557 2279 245 44 länsmännen,
841 2278 122 35 hvilka
991 2279 76 34 åter
1095 2277 225 35 remitterade
1350 2289 42 22 en
1422 2278 73 33 stor
1523 2276 56 35 del
1608 2276 37 35 af
1672 2276 176 35 ärendena

299 2341 75 32 Bih.
403 2341 49 31 till
479 2340 107 32 Riksd.
613 2340 87 32 Prot.
728 2342 95 29 1902.
852 2342 20 28 8
896 2338 98 33 Saml.
1020 2341 22 30 2
1065 2338 77 40 Afd.
1168 2340 22 30 2
1213 2338 110 32 Band.
1351 2340 19 29 7
1392 2337 91 40 Häft.
1509 2337 77 40 (N:o
1612 2338 68 39 10).
1785 2337 16 30 1
