1910 2860
73 1440 151 24 Statistiska

44 1475 211 31 sifferuppyifler

84 1510 134 32 angående

63 1545 174 31 registrerade

64 1581 170 22 understöds-

66 1616 163 30 föreningar.

81 2328 142 23 Utskottets

81 2363 134 30 yltrande.

323 174 19 30 4
672 172 127 33 Andra
816 174 253 37 lagutskottets
1088 175 188 32 utlåtande
1294 176 51 32 Nr
1367 176 51 31 20.

277 259 13 30 1
306 259 179 31 motionen
502 259 207 36 ifrågasatta
732 260 291 36 utsträckningen
1039 270 45 22 av
1101 262 404 37 registreringstvånget.
1538 263 54 31 En
1609 264 148 33 medlem
1771 265 12 30 i

277 310 176 31 nämnden
470 311 64 30 har
550 311 191 31 emellertid
758 312 113 30 ansett
887 311 57 32 det
960 312 183 37 tveksamt,
1161 313 179 31 huruvida
1357 314 74 31 icke
1448 316 50 30 ett
1510 315 172 31 utsträckt
1695 317 87 36 regi-

276 363 284 35 streringstvång
582 362 114 31 skulle
720 363 107 31 verka
850 363 209 31 hämmande
1083 366 44 34 på
1150 365 218 31 tillkomsten
1391 376 45 20 av
1460 367 133 31 sådana
1615 367 56 31 till
1688 367 94 33 vissa

276 414 250 35 arbetsföretag
559 414 185 31 anknutna
779 415 129 35 kassor,
944 415 57 31 till
1026 416 98 31 vilka
1147 416 123 36 bidrag
1294 417 179 32 lämnades
1497 418 284 38 huvudsakligen

276 475 44 20 av
344 465 250 36 arbetsgivare,
618 476 79 21 men
721 467 13 29 i
757 467 73 30 viss
853 467 244 36 utsträckning
1120 468 134 35 jämväl
1277 479 46 20 av
1345 469 169 31 arbetare.
1553 470 56 31 Av
1631 471 151 31 nämnde

276 517 151 30 ledamot
451 516 64 31 har
538 517 213 36 ifrågasatts,
774 518 177 31 huruvida
967 519 75 30 icke
1058 520 196 36 uttrycklig
1270 521 241 32 bestämmelse
1527 522 103 32 borde
1647 523 134 30 införas

276 569 12 29 i
317 568 112 36 lagen,
464 570 53 29 att
551 570 357 36 registreringstvång
942 570 115 31 skulle
1082 571 172 37 föreligga
1278 572 122 31 endast
1424 573 55 30 för
1502 573 42 31 de
1567 574 74 36 fall,
1664 576 53 29 att
1740 574 41 31 de

274 630 45 20 av
353 620 275 31 medlemmarna
662 621 141 36 erlagda
837 622 201 35 avgifterna
1067 633 81 20 vore
1172 633 44 20 av
1241 625 174 35 väsentlig
1439 625 174 36 betydelse
1636 626 54 31 för
1713 627 68 30 för-

274 672 411 35 eningsverksamhetens
709 673 169 31 ekonomi.

318 723 285 36 Socialstyrelsen
635 724 63 31 har
722 725 11 30 i
757 725 61 31 sitt
840 725 56 30 till
920 726 169 31 utskottet
1111 728 158 34 avgivna
1293 728 162 35 yttrande
1479 729 54 30 för
1556 729 56 33 sin
1635 729 54 31 del
1714 730 67 32 för-

274 775 98 31 ordat
414 775 102 31 bifall
555 776 55 30 till
649 777 186 35 motionen,
874 777 126 31 därvid
1038 779 170 36 styrelsen
1243 779 85 31 dock
1364 781 42 34 på
1441 783 162 29 närmare
1631 781 149 31 anförda

274 827 74 30 skäl
373 827 192 36 föreslagit,
589 828 52 30 att
664 829 449 36 registreringsskyldighet
1136 830 74 31 icke
1235 832 106 30 måtte
1365 832 216 31 beträffande
1603 834 177 34 pensions-

273 879 101 30 kassa
408 879 225 36 föreskrivas,
667 879 63 31 där
762 880 300 32 medlemsantalet
1086 882 12 30 i
1120 882 128 31 kassan
1281 883 205 36 understege
1510 884 80 30 fem.
1635 884 18 31 I
1676 885 103 36 fråga

272 940 56 20 om
344 930 40 31 de
401 930 240 32 ovanberörda
671 932 332 35 pensionskassorna
1019 933 76 31 med
1113 934 124 36 bidrag
1255 934 284 36 huvudsakligen
1556 936 78 30 från
1650 937 130 30 arbets-

273 982 150 35 givarna
446 982 63 30 har
531 983 172 35 styrelsen
728 997 39 3 —
792 984 110 30 under
925 984 144 31 erinran
1092 986 50 30 att
1177 996 45 20 av
1251 987 259 36 motiveringen
1534 987 55 31 till
1615 988 82 32 1910
1721 989 58 30 års

271 1033 423 36 sakkunnigbetänkande
728 1035 208 36 framginge,
970 1037 52 29 att
1057 1037 120 35 dylika
1211 1038 120 31 kassor
1366 1048 81 21 vore
1481 1040 52 29 att
1560 1049 81 21 anse
1665 1040 114 31 såsom

272 1085 412 37 understödsföreningar
707 1086 13 30 i
743 1086 118 36 lagens
894 1088 144 35 mening
1066 1088 148 32 allenast
1238 1090 53 30 för
1315 1090 64 30 den
1403 1090 167 31 händelse
1593 1092 186 30 arbetarna

271 1137 202 31 förutsattes
508 1137 115 36 själva
646 1139 13 29 i
681 1140 169 29 avsevärd
861 1140 87 35 grad
972 1140 144 36 bidraga
1139 1141 55 30 till
1223 1142 501 35 pensioneringskostnaderna
1738 1158 38 3 —

271 1189 129 36 anfört,
433 1190 51 30 att
508 1189 68 31 den
599 1190 181 30 förordade
804 1191 289 36 utsträckningen
1116 1202 45 20 av
1186 1194 493 36 registreringsskyldigheten
1703 1196 75 32 icke

274 1242 116 34 syntes
414 1241 121 30 kunna
559 1241 139 31 komma
721 1243 52 29 att
796 1252 84 20 vara
903 1242 54 30 till
984 1243 124 31 hinder
1131 1244 55 30 för
1200 1244 98 31 dessa
1314 1245 130 36 kassor,
1461 1246 64 30 och
1540 1247 51 29 att
1609 1247 168 36 styrelsen

273 1292 61 30 vid
362 1292 121 36 lagens
507 1293 230 36 tillämpning
761 1294 135 30 komme
920 1295 52 30 att
996 1296 45 34 gå
1065 1296 151 36 tillväga
1240 1296 77 31 med
1342 1298 125 29 största
1492 1298 198 31 varsamhet
1713 1300 65 32 och

273 1343 137 37 hänsyn
433 1344 57 31 till
515 1344 41 31 de
580 1345 12 30 i
617 1345 97 36 varje
738 1345 142 31 särskilt
904 1346 64 30 fall
993 1347 164 35 gällande
1181 1348 155 31 faktiska
1360 1349 278 31 förhållandena.

316 1421 70 31 Till
421 1424 163 29 närmare
619 1423 186 36 belysning
839 1433 44 20 av
919 1424 12 30 i
967 1424 295 36 socialstyrelsens
1297 1427 162 34 yttrande
1488 1427 161 31 lämnade
1665 1428 110 31 siffer-

273 1474 179 35 uppgifter
474 1474 181 36 angående
679 1475 74 30 icke
774 1475 226 35 registrerade
1017 1476 410 37 understödsföreningar
1444 1479 58 29 må
1519 1479 64 30 här
1600 1480 176 35 återgivas

272 1526 244 30 motsvarande
550 1526 280 36 sifferuppgifter
864 1527 146 30 rörande
1046 1528 228 35 registrerade
1309 1529 215 36 föreningar,
1549 1530 160 31 hämtade
1734 1542 43 20 ur

272 1586 42 21 en
346 1577 111 31 under
490 1577 140 36 fjolåret
658 1579 11 29 i
694 1577 137 31 Sociala
854 1577 251 32 Meddelanden
1140 1580 202 35 publicerad
1376 1581 262 37 undersökning
1670 1584 107 35 angå-

271 1628 85 31 ende
383 1629 251 35 »registrerade
657 1629 412 36 understödsföreningar
1093 1632 83 29 åren
1202 1632 246 31 1916—1920».
1473 1632 162 32 Nämnda
1649 1635 126 30 under-

271 1680 151 36 sökning
446 1681 148 35 utvisar,
617 1682 52 29 att
692 1681 60 30 vid
777 1681 82 30 1920
883 1682 57 30 års
965 1683 136 35 utgång
1124 1683 139 31 funnits
1287 1684 231 35 registrerade
1542 1686 40 30 87
1599 1687 176 35 pensions-

271 1732 121 30 kassor
417 1745 38 3 —
481 1732 109 30 därav
615 1733 18 29 2
658 1732 76 31 med
769 1732 185 36 godkända
989 1734 141 35 stadgar
1156 1748 38 3 —
1220 1735 78 31 med
1329 1737 48 29 ett
1412 1737 237 36 sammanlagt
1683 1738 91 31 med-

271 1783 184 31 lemsantal
490 1794 46 20 av
571 1784 115 35 38,651
722 1784 62 31 och
818 1794 42 20 en
889 1785 308 36 tillgångssumma
1221 1788 124 29 utöver
1369 1788 191 31 skulderna
1583 1790 20 29 å
1626 1790 150 35 tillhopa

272 1835 192 36 93,656,332
499 1836 128 30 kronor
662 1835 39 31 93
737 1838 57 28 öre
817 1837 91 29 samt
931 1837 62 30 132
1017 1837 562 39 kapitalförsäkringsföreningar
1603 1854 39 3 —
1666 1841 108 31 därav

271 1887 40 29 24
335 1887 78 31 med
436 1887 186 35 godkända
645 1887 138 36 stadgar
801 1901 38 3 —
856 1888 77 30 med
957 1890 48 29 ett
1028 1890 236 36 sammanlagt
1287 1891 265 31 medlemsantal
1576 1902 45 20 av
1638 1893 136 35 162,241

270 1938 63 31 och
349 1948 43 20 en
416 1939 311 36 tillgångssumma
750 1941 122 29 utöver
888 1940 191 31 skulderna
1094 1942 20 29 å
1131 1941 150 36 tillhopa
1297 1943 192 35 12,390,584
1506 1943 126 31 kronor
1649 1945 40 30 44
1706 1947 68 28 öre.

314 1990 56 30 Av
394 1990 204 31 inhämtade
621 1991 258 35 upplysningar
903 1992 158 35 framgår
1085 1993 131 36 vidare,
1241 1995 52 29 att
1317 1995 12 29 i
1353 1994 56 31 det
1432 2004 45 21 av
1495 1996 279 36 socialstyrelsen

270 2042 157 35 angivna
454 2043 134 30 antalet
611 2042 230 35 registrerade
864 2043 415 37 understödsföreningar
1303 2042 74 36 (105
1402 2047 285 34 pensionskassor
1710 2048 65 31 och

270 2094 62 29 140
356 2091 577 39 kapitalförsäkringsföreningar)
957 2095 86 36 ingå
1066 2096 40 30 15
1122 2097 285 35 pensionskassor
1424 2098 64 30 och
1511 2098 40 31 14
1568 2099 205 36 kapitalför-

270 2145 381 36 säkringsföreningar,
676 2146 97 30 vilka
797 2146 112 35 enligt
933 2156 48 21 nu
1006 2147 162 36 gällande
1185 2149 259 31 bestämmelser
1460 2150 32 36 ej
1512 2151 93 30 varit
1621 2151 151 36 pliktiga

270 2197 52 30 att
346 2196 72 31 låta
442 2198 189 34 registrera
655 2198 65 34 sig.

313 2299 64 31 Det
401 2310 45 20 av
470 2300 279 36 socialstyrelsen
773 2301 12 30 i
809 2301 142 32 ärendet
974 2303 157 35 avgivna
1155 2303 198 31 utlåtandet
1371 2305 148 35 utvisar,
1536 2306 52 30 att
1605 2305 55 31 det
1677 2306 96 30 inom

270 2351 171 36 styrelsen
465 2351 55 31 för
543 2352 219 31 närvarande
786 2353 108 36 pågår
918 2363 42 21 en
984 2353 276 38 undersökning,
1285 2365 72 21 som
1381 2365 101 21 avser
1506 2358 52 29 att
1582 2357 35 31 få
1640 2359 133 34 utrönt,

271 2402 72 31 dels
366 2403 13 30 i
402 2403 123 30 vilken
548 2404 247 36 utsträckning
819 2405 402 37 registreringspliktiga
1243 2407 413 37 understödsföreningar
1673 2409 101 31 efter-

271 2455 69 30 satt
374 2454 77 31 dem
486 2455 268 31 tillkommande
789 2456 463 38 registreringsskyldighet,
1288 2459 63 30 och
1374 2459 72 31 dels
1470 2459 235 33 förekomsten
1728 2471 45 21 av
