2252 2746
700 159 77 36 Lag-
787 159 166 31 Utskottets
985 159 167 31 Utlåtande
1178 163 55 26 N:o
1259 162 25 25 9.
1704 164 25 24 11

343 237 34 32 af
404 238 87 31 Herr
518 238 180 33 Beckman:
751 239 134 32 ”Under
921 238 218 33 erkännande
1168 238 35 31 af
1227 239 63 31 den
1320 247 131 31 omsorg
1479 239 59 32 och
1569 239 62 31 den
1661 248 106 31 grann

191 289 166 41 lagenhet,
386 290 74 31 med
488 290 112 31 hvilka
628 290 171 33 Utskottet
826 291 184 31 behandlat
1037 289 256 41 ifrågavarande
1311 290 377 41 angelägenhet,
1577 285 39 50 är
1630 285 54 50 jag
1705 290 74 32 fort-

192 339 139 33 farande
372 340 170 41 betänklig
584 342 73 31 med
693 342 156 32 afseende
878 341 42 41 på
949 342 55 32 det
1031 341 35 32 af
1091 341 171 33 Utskottet
1289 341 174 33 förordade
1492 345 99 29 sättet
1618 345 48 28 att
1694 341 86 33 förse

192 390 172 33 skolrådet
391 393 71 31 med
493 392 208 33 ordförande.

346 442 129 33 Hittills
521 444 62 31 har
628 445 65 41 det,
739 444 103 40 enligt
886 444 65 31 min
1000 443 216 41 öfvertygelse
1258 445 73 31 med
1376 447 96 37 rätta,
1518 445 85 31 varit
1646 448 132 36 pastors

192 494 91 40 pligt,
325 497 49 29 att
409 495 73 32 icke
524 496 83 31 blott
632 496 11 31 i
671 496 183 31 allmänhet
882 495 102 32 vårda
1013 496 49 39 sig
1090 506 50 21 om
1169 495 202 40 folkskolan,
1400 500 81 28 utan
1511 497 61 31 ock
1600 497 101 30 verka
1728 495 50 32 för

193 546 75 30 dess
304 545 95 31 bästa
441 545 109 32 såsom
593 546 199 32 ordförande
830 547 11 30 i
869 545 177 32 skolrådet.
1101 547 118 31 Denna
1246 547 84 40 pligt
1356 548 61 30 har
1445 546 67 33 ofta
1539 547 86 31 varit
1652 546 61 32 och
1741 550 37 28 är

192 600 91 28 ännu
323 598 130 38 ganska
495 601 82 36 tung
616 607 116 31 genom
776 598 62 31 den
880 596 178 41 oförmåga,
1082 597 109 41 någon
1221 597 86 41 gång
1336 598 238 40 obenägenhet,
1604 594 68 35 som
1701 597 73 32 från

192 648 270 40 menigheternas
504 649 71 31 sida
611 650 95 40 lägga
734 649 119 31 hinder
880 649 9 30 i
917 652 103 36 vägen
1049 648 49 32 för
1124 649 206 32 folkskolans
1358 650 189 31 önskvärda
1575 650 198 40 utveckling.

192 700 70 31 Den
293 700 115 39 styrka
437 700 59 31 och
526 701 62 31 den
617 701 162 34 väckelse,
805 700 232 32 medvetandet
1065 710 50 21 om
1145 701 253 40 embetspligten
1428 701 113 40 gifver,
1570 701 91 31 torde
1689 705 89 27 ännu

192 751 61 31 allt
279 750 50 32 för
356 750 68 32 ofta
453 761 79 22 vara
561 751 192 41 erforderlig
780 752 50 31 för
855 754 48 29 att
930 752 73 31 med
1030 751 174 41 framgång
1231 752 165 40 bekämpa
1424 753 97 31 dessa
1549 752 125 32 hinder.

343 802 88 32 Utan
473 802 110 32 tvifvel
624 804 88 32 lärer
746 804 102 31 bland
878 803 39 31 de
946 802 120 41 många
1095 807 161 36 pastorer,
1285 804 112 31 hvilka
1426 803 71 32 haft
1524 803 255 41 ifrågavarande

191 854 187 41 åliggande,
405 864 69 21 mer
502 859 41 27 än
573 865 40 22 en
641 857 114 30 kunna
785 855 166 40 uppletas,
981 864 69 21 som
1080 856 123 31 saknat
1229 855 160 41 törmåga,
1410 856 128 31 kanske
1559 856 149 39 villighet
1723 859 57 33 att,

192 915 69 22 som
302 905 49 40 sig
379 905 82 39 bort,
502 905 141 41 fullgöra
671 907 65 32 det.
791 906 50 31 En
870 905 197 41 fullständig
1095 907 190 39 omöjlighet
1312 910 49 28 att
1388 906 163 41 nöjaktigt
1577 908 87 29 vaka
1692 907 90 32 öfver

191 957 119 32 skolan
339 956 61 32 och
427 956 144 41 fullgöra
600 958 231 41 skyldigheten
861 956 110 33 såsom
1000 957 201 33 ordförande
1229 958 10 31 i
1267 958 74 32 dess
1371 957 59 33 råd
1457 962 37 28 är
1521 958 61 32 ock
1602 959 104 40 enligt
1725 969 55 21 nu-

191 1007 148 33 varande
366 1010 55 38 lag
448 1010 145 31 tänkbar
625 1010 72 32 icke
727 1010 145 31 allenast
899 1009 49 30 till
976 1007 78 42 följd
1083 1008 35 32 af
1143 1009 171 32 bristande
1343 1010 49 30 nit
1419 1010 59 31 och
1507 1009 90 32 kraft
1624 1009 59 32 hos
1713 1020 67 30 pre-

193 1060 199 39 sterskapet,
421 1063 81 28 utan
532 1060 96 33 äfven
656 1062 50 31 till
734 1061 79 40 följd
842 1059 35 32 af
907 1060 113 30 lokala
1048 1059 241 33 förhållanden.
1345 1061 177 39 Gagneligt
1548 1071 77 21 vore
1654 1061 127 32 derföre

191 1121 51 21 om
273 1120 40 22 en
349 1111 70 31 vice
456 1111 199 33 ordförande
691 1112 112 32 kunde
832 1111 116 40 väljas,
975 1120 69 22 som
1072 1111 73 32 icke
1174 1112 204 39 nödvändigt
1405 1111 139 33 behöfde
1573 1122 80 21 vara
1681 1116 100 36 prest,

192 1162 60 32 och
280 1161 148 40 hvilken,
456 1162 42 32 då
526 1167 116 36 pastor
668 1172 77 23 vore
775 1162 112 32 alltför
915 1161 138 41 aflägset
1080 1162 138 40 boende,
1248 1163 79 39 egde
1347 1166 48 29 att
1412 1163 223 40 sjelfständigt
1649 1163 131 33 förfara.

193 1212 177 41 Gagneligt
396 1223 78 22 vore
503 1216 61 30 ock
593 1224 51 22 om
675 1214 272 32 Konsistorierna
975 1213 106 32 blefve
1110 1214 205 40 berättigade
1345 1217 57 38 att,
1429 1214 82 32 efter
1525 1215 164 40 pröfning,
1707 1215 73 32 från

191 1264 323 41 ordförandeskapet
555 1267 137 31 alldeles
735 1266 98 39 skilja
871 1275 39 21 en
942 1267 124 38 pastor,
1095 1274 68 22 som
1193 1266 103 39 enligt
1322 1265 258 41 församlingens
1609 1266 60 32 och
1698 1267 84 31 skol-

190 1317 191 40 inspektors
423 1317 166 41 enhälliga
626 1318 124 32 vitsord
792 1316 149 32 saknade
981 1316 148 40 förmåga
1171 1317 79 31 eller
1288 1317 150 40 villighet
1465 1321 47 29 att
1540 1317 143 40 fullgöra
1711 1319 70 31 ord-

193 1367 179 32 förandens
401 1367 211 43 åligganden,
641 1372 87 28 samt
754 1368 156 32 förordna
939 1378 111 21 annan
1078 1368 193 40 lämpligare
1300 1378 129 30 person.

344 1418 68 41 Mig
440 1428 97 32 synes
573 1420 194 39 förändring
796 1419 34 32 af
854 1420 98 39 lagen
981 1420 11 30 i
1019 1419 105 31 sådan
1154 1419 148 41 syftning
1329 1430 80 22 vara
1438 1413 90 38 mera
1556 1420 225 40 betryggande

193 1469 50 32 för
271 1469 252 34 skolväsendets
551 1472 145 40 lyckliga
725 1472 202 38 utveckling,
944 1474 41 28 än
1014 1471 63 31 den
1107 1469 35 33 af
1167 1470 171 33 Utskottet
1365 1471 199 40 föreslagna.
1618 1464 99 39 Ännu
1746 1476 37 28 är

192 1521 73 31 icke
293 1521 236 33 medvetandet
556 1533 52 21 om
637 1523 209 31 folkskolans
875 1522 170 40 betydelse
1074 1521 37 32 så
1139 1522 89 31 klart
1255 1523 60 31 och
1345 1523 108 31 starkt
1481 1523 60 30 hos
1566 1521 78 33 våra
1661 1523 120 40 menig-

193 1572 103 41 heter,
325 1576 50 28 att
401 1573 72 32 icke
501 1575 90 31 valet
617 1575 49 30 till
696 1573 198 32 ordförande
922 1574 9 30 i
961 1572 179 42 skolrådet,
1169 1572 42 41 på
1240 1573 54 32 det
1322 1577 65 28 sätt
1405 1574 171 32 Utskottet
1603 1573 179 42 föreslagit,

194 1623 107 32 skulle
342 1623 43 41 på
413 1628 46 28 ett
495 1626 80 31 eller
603 1630 106 27 annat
736 1625 95 31 ställe
860 1625 132 31 komma
1020 1627 49 28 att
1096 1623 70 33 afse
1194 1634 90 22 mera
1312 1633 183 31 personens
1525 1625 178 31 sannolika
1731 1626 40 31 be

195 1674 167 41 nägenhet
397 1679 48 28 att
484 1677 186 31 inskränka
712 1676 179 40 utgifterna
919 1675 50 32 för
996 1675 129 41 skolan,
1154 1679 41 27 än
1224 1676 85 31 hans
1338 1676 49 31 nit
1414 1676 49 31 för
1491 1676 75 32 dess
1595 1675 186 33 ändamåls-

194 1725 110 40 enliga
346 1727 181 33 ordnande.
581 1728 200 41 Betydelsen
810 1727 35 32 af
883 1726 204 32 kontinuitet
1114 1726 54 32 vid
1196 1727 204 40 behandling
1428 1727 35 31 af
1488 1727 137 31 skolans
1654 1729 128 38 angelä-

194 1777 160 40 genheter
381 1779 115 40 tyckes
525 1779 96 32 äfven
650 1780 69 31 tala
748 1781 87 29 emot
862 1778 61 31 den
955 1776 35 33 af
1015 1777 172 32 Utskottet
1200 1777 189 40 föreslagna
1406 1779 193 39 ordningen.
1629 1778 153 32 Otvifvel-

195 1828 107 39 aktigt
327 1829 104 40 ligger
446 1829 96 32 äfven
571 1829 184 41 någonting
782 1829 49 32 för
857 1829 209 31 folkskolans
1096 1828 152 40 kristliga
1278 1829 157 31 karakter
1459 1820 229 50 betryggande
1712 1830 72 40 just

195 1879 119 40 deruti,
343 1884 47 27 att
418 1881 187 32 skolrådets
642 1881 197 32 ordförande
867 1884 37 28 är
931 1880 204 38 densamme,
1164 1889 69 21 som
1262 1880 88 30 inom
1380 1880 236 40 församlingen
1647 1881 60 31 har
1736 1880 47 32 så-

194 1938 70 23 som
295 1930 56 32 sitt
367 1932 144 32 embetes
541 1931 176 41 åliggande
746 1935 49 27 att
822 1930 117 41 främja
967 1930 132 40 kristlig
1127 1931 145 39 sanning
1299 1931 59 31 och
1388 1932 146 39 kristligt
1548 1930 46 42 lif,
1614 1931 95 32 äfven
1730 1942 50 21 om

195 1981 159 39 uppvisas
390 1984 77 39 kan,
507 1987 49 28 att
596 1984 62 31 den
701 1993 63 21 ena
797 1983 80 30 eller
904 1982 105 31 andra
1053 1982 124 39 pligten
1206 1982 243 40 undantagsvis
1478 1982 199 32 försummas
1706 1984 77 30 eller

195 2033 111 31 skötes
335 2032 111 33 lamt."

345 2085 36 31 af
405 2085 87 31 Herr
518 2084 203 40 Rosenberg:
755 2082 69 33 "De
853 2083 81 37 skäl,
964 2082 169 32 Utskottet
1152 2083 107 32 anfört
1276 2084 47 31 för
1339 2083 106 41 afslag
1461 2084 35 32 af
1509 2084 86 31 Herr
1610 2083 167 41 Wigardts

197 2137 121 32 motion
350 2136 172 41 angående
551 2136 271 41 kyrkobetjentes
850 2134 191 40 inväljande
1069 2135 10 30 i
1107 2135 179 41 skolrådet,
1317 2145 100 31 synas
1446 2136 65 40 mig
1538 2136 71 31 icke
1630 2135 153 32 tillfreds-

197 2189 175 41 ställande,
401 2188 132 33 hvadan
559 2189 57 41 jag
645 2191 88 29 emot
760 2187 110 33 denna
898 2186 109 40 punkt
1033 2184 51 33 får
1111 2187 137 32 härmed
1276 2188 134 31 anmäla
1439 2188 66 31 min
1548 2186 234 33 reservation."
