<?xml version="1.0" encoding="UTF-8"?>
<alto xmlns="http://www.loc.gov/standards/alto/ns-v3#" xmlns:xlink="http://www.w3.org/1999/xlink" xmlns:xsi="http://www.w3.org/2001/XMLSchema-instance" xsi:schemaLocation="http://www.loc.gov/standards/alto/ns-v3# http://www.loc.gov/alto/v3/alto-3-0.xsd">
	<Description>
		<MeasurementUnit>pixel</MeasurementUnit>
		<sourceImageInformation>
			<fileName>/tmp/tess_vrz5ag8g_input.PNG</fileName>
		</sourceImageInformation>
		<OCRProcessing ID="OCR_0">
			<ocrProcessingStep>
				<processingSoftware>
					<softwareName>tesseract 5.3.0</softwareName>
				</processingSoftware>
			</ocrProcessingStep>
		</OCRProcessing>
	</Description>
	<Layout>
		<Page WIDTH="2289" HEIGHT="2749" PHYSICAL_IMG_NR="0" ID="page_0">
			<PrintSpace HPOS="0" VPOS="0" WIDTH="2289" HEIGHT="2749">
				<ComposedBlock ID="cblock_0" HPOS="575" VPOS="188" WIDTH="1045" HEIGHT="40">
					<TextBlock ID="block_0" HPOS="575" VPOS="188" WIDTH="1045" HEIGHT="40">
						<TextLine ID="line_0" HPOS="575" VPOS="188" WIDTH="1045" HEIGHT="40">
							<String ID="string_0" HPOS="575" VPOS="193" WIDTH="34" HEIGHT="25" WC="0.96" CONTENT="10"/><SP WIDTH="422" VPOS="193" HPOS="609"/>
							<String ID="string_1" HPOS="1031" VPOS="188" WIDTH="80" HEIGHT="40" WC="0.85" CONTENT="Lag-"/><SP WIDTH="10" VPOS="188" HPOS="1111"/>
							<String ID="string_2" HPOS="1121" VPOS="188" WIDTH="167" HEIGHT="32" WC="0.96" CONTENT="Utskottets"/><SP WIDTH="30" VPOS="188" HPOS="1288"/>
							<String ID="string_3" HPOS="1318" VPOS="188" WIDTH="168" HEIGHT="32" WC="0.95" CONTENT="Utlåtande"/><SP WIDTH="25" VPOS="188" HPOS="1486"/>
							<String ID="string_4" HPOS="1511" VPOS="189" WIDTH="58" HEIGHT="31" WC="0.95" CONTENT="N:o"/><SP WIDTH="24" VPOS="189" HPOS="1569"/>
							<String ID="string_5" HPOS="1593" VPOS="194" WIDTH="27" HEIGHT="28" WC="0.64" CONTENT="59."/>
						</TextLine>
					</TextBlock>
				</ComposedBlock>
				<ComposedBlock ID="cblock_1" HPOS="532" VPOS="267" WIDTH="1612" HEIGHT="2045">
					<TextBlock ID="block_1" HPOS="532" VPOS="267" WIDTH="1596" HEIGHT="459">
						<TextLine ID="line_1" HPOS="532" VPOS="267" WIDTH="1588" HEIGHT="44">
							<String ID="string_6" HPOS="532" VPOS="271" WIDTH="113" HEIGHT="39" WC="0.96" CONTENT="tingen"/><SP WIDTH="32" VPOS="271" HPOS="645"/>
							<String ID="string_7" HPOS="677" VPOS="273" WIDTH="114" HEIGHT="37" WC="0.95" CONTENT="pastor"/><SP WIDTH="29" VPOS="273" HPOS="791"/>
							<String ID="string_8" HPOS="820" VPOS="267" WIDTH="77" HEIGHT="43" WC="0.96" CONTENT="sjelf"/><SP WIDTH="33" VPOS="267" HPOS="897"/>
							<String ID="string_9" HPOS="930" VPOS="269" WIDTH="97" HEIGHT="31" WC="0.96" CONTENT="söker"/><SP WIDTH="33" VPOS="269" HPOS="1027"/>
							<String ID="string_10" HPOS="1060" VPOS="269" WIDTH="244" HEIGHT="41" WC="0.96" CONTENT="entledigande,"/><SP WIDTH="29" VPOS="269" HPOS="1304"/>
							<String ID="string_11" HPOS="1333" VPOS="270" WIDTH="78" HEIGHT="31" WC="0.93" CONTENT="eller"/><SP WIDTH="29" VPOS="270" HPOS="1411"/>
							<String ID="string_12" HPOS="1440" VPOS="270" WIDTH="247" HEIGHT="41" WC="0.91" CONTENT="skolinspektör"/><SP WIDTH="28" VPOS="270" HPOS="1687"/>
							<String ID="string_13" HPOS="1715" VPOS="273" WIDTH="79" HEIGHT="32" WC="0.95" CONTENT="eller"/><SP WIDTH="27" VPOS="273" HPOS="1794"/>
							<String ID="string_14" HPOS="1821" VPOS="274" WIDTH="159" HEIGHT="31" WC="0.96" CONTENT="kommun"/><SP WIDTH="29" VPOS="274" HPOS="1980"/>
							<String ID="string_15" HPOS="2009" VPOS="273" WIDTH="111" HEIGHT="33" WC="0.96" CONTENT="derom"/>
						</TextLine>
						<TextLine ID="line_2" HPOS="533" VPOS="320" WIDTH="1590" HEIGHT="48">
							<String ID="string_16" HPOS="533" VPOS="325" WIDTH="57" HEIGHT="37" WC="0.96" CONTENT="gör"/><SP WIDTH="28" VPOS="325" HPOS="590"/>
							<String ID="string_17" HPOS="618" VPOS="322" WIDTH="166" HEIGHT="40" WC="0.95" CONTENT="anmälan,"/><SP WIDTH="28" VPOS="322" HPOS="784"/>
							<String ID="string_18" HPOS="812" VPOS="321" WIDTH="73" HEIGHT="32" WC="0.96" CONTENT="icke"/><SP WIDTH="28" VPOS="321" HPOS="885"/>
							<String ID="string_19" HPOS="913" VPOS="320" WIDTH="87" HEIGHT="32" WC="0.96" CONTENT="lärer"/><SP WIDTH="28" VPOS="320" HPOS="1000"/>
							<String ID="string_20" HPOS="1028" VPOS="320" WIDTH="188" HEIGHT="41" WC="0.96" CONTENT="underlåta,"/><SP WIDTH="30" VPOS="320" HPOS="1216"/>
							<String ID="string_21" HPOS="1246" VPOS="325" WIDTH="57" HEIGHT="37" WC="0.96" CONTENT="att,"/><SP WIDTH="29" VPOS="325" HPOS="1303"/>
							<String ID="string_22" HPOS="1332" VPOS="322" WIDTH="101" HEIGHT="32" WC="0.96" CONTENT="sedan"/><SP WIDTH="30" VPOS="322" HPOS="1433"/>
							<String ID="string_23" HPOS="1463" VPOS="322" WIDTH="248" HEIGHT="33" WC="0.95" CONTENT="vederbörande"/><SP WIDTH="27" VPOS="322" HPOS="1711"/>
							<String ID="string_24" HPOS="1738" VPOS="325" WIDTH="108" HEIGHT="33" WC="0.94" CONTENT="blifvit"/><SP WIDTH="15" VPOS="325" HPOS="1846"/>
							<String ID="string_25" HPOS="1861" VPOS="326" WIDTH="112" HEIGHT="41" WC="0.93" CONTENT="hörde,"/><SP WIDTH="15" VPOS="326" HPOS="1973"/>
							<String ID="string_26" HPOS="1988" VPOS="324" WIDTH="135" HEIGHT="44" WC="0.92" CONTENT="förfara,"/>
						</TextLine>
						<TextLine ID="line_3" HPOS="535" VPOS="373" WIDTH="1589" HEIGHT="44">
							<String ID="string_27" HPOS="535" VPOS="373" WIDTH="107" HEIGHT="33" WC="0.93" CONTENT="såsom"/><SP WIDTH="43" VPOS="373" HPOS="642"/>
							<String ID="string_28" HPOS="685" VPOS="373" WIDTH="328" HEIGHT="39" WC="0.93" CONTENT="omständigheterna"/><SP WIDTH="29" VPOS="373" HPOS="1013"/>
							<String ID="string_29" HPOS="1042" VPOS="373" WIDTH="60" HEIGHT="31" WC="0.96" CONTENT="och"/><SP WIDTH="44" VPOS="373" HPOS="1102"/>
							<String ID="string_30" HPOS="1146" VPOS="374" WIDTH="122" HEIGHT="31" WC="0.96" CONTENT="sakens"/><SP WIDTH="39" VPOS="374" HPOS="1268"/>
							<String ID="string_31" HPOS="1307" VPOS="373" WIDTH="230" HEIGHT="33" WC="0.93" CONTENT="beskaffenhet"/><SP WIDTH="37" VPOS="373" HPOS="1537"/>
							<String ID="string_32" HPOS="1574" VPOS="375" WIDTH="125" HEIGHT="32" WC="0.92" CONTENT="kräfva."/><SP WIDTH="63" VPOS="375" HPOS="1699"/>
							<String ID="string_33" HPOS="1762" VPOS="376" WIDTH="116" HEIGHT="33" WC="0.93" CONTENT="Skulle"/><SP WIDTH="41" VPOS="376" HPOS="1878"/>
							<String ID="string_34" HPOS="1919" VPOS="377" WIDTH="108" HEIGHT="40" WC="0.87" CONTENT="någon"/><SP WIDTH="40" VPOS="377" HPOS="2027"/>
							<String ID="string_35" HPOS="2067" VPOS="388" WIDTH="57" HEIGHT="22" WC="0.87" CONTENT="un-"/>
						</TextLine>
						<TextLine ID="line_4" HPOS="535" VPOS="424" WIDTH="1588" HEIGHT="46">
							<String ID="string_36" HPOS="535" VPOS="425" WIDTH="210" HEIGHT="33" WC="0.92" CONTENT="derlåtenhet"/><SP WIDTH="43" VPOS="425" HPOS="745"/>
							<String ID="string_37" HPOS="788" VPOS="424" WIDTH="113" HEIGHT="32" WC="0.90" CONTENT="dervid"/><SP WIDTH="41" VPOS="424" HPOS="901"/>
							<String ID="string_38" HPOS="942" VPOS="434" WIDTH="60" HEIGHT="30" WC="0.90" CONTENT="ega"/><SP WIDTH="28" VPOS="434" HPOS="1002"/>
							<String ID="string_39" HPOS="1030" VPOS="434" WIDTH="82" HEIGHT="30" WC="0.96" CONTENT="rum,"/><SP WIDTH="42" VPOS="434" HPOS="1112"/>
							<String ID="string_40" HPOS="1154" VPOS="424" WIDTH="36" HEIGHT="32" WC="0.95" CONTENT="så"/><SP WIDTH="29" VPOS="424" HPOS="1190"/>
							<String ID="string_41" HPOS="1219" VPOS="429" WIDTH="45" HEIGHT="34" WC="0.96" CONTENT="är,"/><SP WIDTH="29" VPOS="429" HPOS="1264"/>
							<String ID="string_42" HPOS="1293" VPOS="425" WIDTH="9" HEIGHT="31" WC="0.96" CONTENT="i"/><SP WIDTH="28" VPOS="425" HPOS="1302"/>
							<String ID="string_43" HPOS="1330" VPOS="426" WIDTH="90" HEIGHT="31" WC="0.96" CONTENT="detta"/><SP WIDTH="28" VPOS="426" HPOS="1420"/>
							<String ID="string_44" HPOS="1448" VPOS="434" WIDTH="68" HEIGHT="23" WC="0.96" CONTENT="som"/><SP WIDTH="29" VPOS="434" HPOS="1516"/>
							<String ID="string_45" HPOS="1545" VPOS="426" WIDTH="10" HEIGHT="31" WC="0.95" CONTENT="i"/><SP WIDTH="28" VPOS="426" HPOS="1555"/>
							<String ID="string_46" HPOS="1583" VPOS="426" WIDTH="115" HEIGHT="41" WC="0.96" CONTENT="hvarje"/><SP WIDTH="30" VPOS="426" HPOS="1698"/>
							<String ID="string_47" HPOS="1728" VPOS="431" WIDTH="104" HEIGHT="29" WC="0.96" CONTENT="annat"/><SP WIDTH="28" VPOS="431" HPOS="1832"/>
							<String ID="string_48" HPOS="1860" VPOS="429" WIDTH="69" HEIGHT="41" WC="0.96" CONTENT="fall,"/><SP WIDTH="29" VPOS="429" HPOS="1929"/>
							<String ID="string_49" HPOS="1958" VPOS="430" WIDTH="63" HEIGHT="32" WC="0.96" CONTENT="den"/><SP WIDTH="28" VPOS="430" HPOS="2021"/>
							<String ID="string_50" HPOS="2049" VPOS="431" WIDTH="74" HEIGHT="31" WC="0.96" CONTENT="med"/>
						</TextLine>
						<TextLine ID="line_5" HPOS="534" VPOS="476" WIDTH="1588" HEIGHT="44">
							<String ID="string_51" HPOS="534" VPOS="478" WIDTH="143" HEIGHT="33" WC="0.93" CONTENT="beslutet"/><SP WIDTH="23" VPOS="478" HPOS="677"/>
							<String ID="string_52" HPOS="700" VPOS="476" WIDTH="178" HEIGHT="41" WC="0.92" CONTENT="missnöjde"/><SP WIDTH="24" VPOS="476" HPOS="878"/>
							<String ID="string_53" HPOS="902" VPOS="476" WIDTH="154" HEIGHT="40" WC="0.91" CONTENT="obetaget"/><SP WIDTH="21" VPOS="476" HPOS="1056"/>
							<String ID="string_54" HPOS="1077" VPOS="480" WIDTH="48" HEIGHT="29" WC="0.92" CONTENT="att"/><SP WIDTH="14" VPOS="480" HPOS="1125"/>
							<String ID="string_55" HPOS="1139" VPOS="477" WIDTH="147" HEIGHT="31" WC="0.91" CONTENT="deremot"/><SP WIDTH="20" VPOS="477" HPOS="1286"/>
							<String ID="string_56" HPOS="1306" VPOS="477" WIDTH="10" HEIGHT="31" WC="0.96" CONTENT="i"/><SP WIDTH="25" VPOS="477" HPOS="1316"/>
							<String ID="string_57" HPOS="1341" VPOS="477" WIDTH="77" HEIGHT="40" WC="0.96" CONTENT="laga"/><SP WIDTH="21" VPOS="477" HPOS="1418"/>
							<String ID="string_58" HPOS="1439" VPOS="478" WIDTH="141" HEIGHT="40" WC="0.96" CONTENT="ordning"/><SP WIDTH="21" VPOS="478" HPOS="1580"/>
							<String ID="string_59" HPOS="1601" VPOS="478" WIDTH="139" HEIGHT="41" WC="0.95" CONTENT="fullfölja"/><SP WIDTH="23" VPOS="478" HPOS="1740"/>
							<String ID="string_60" HPOS="1763" VPOS="480" WIDTH="131" HEIGHT="40" WC="0.94" CONTENT="klagan."/><SP WIDTH="43" VPOS="480" HPOS="1894"/>
							<String ID="string_61" HPOS="1937" VPOS="480" WIDTH="50" HEIGHT="32" WC="0.96" CONTENT="En"/><SP WIDTH="25" VPOS="480" HPOS="1987"/>
							<String ID="string_62" HPOS="2012" VPOS="491" WIDTH="110" HEIGHT="22" WC="0.96" CONTENT="annan"/>
						</TextLine>
						<TextLine ID="line_6" HPOS="535" VPOS="527" WIDTH="1588" HEIGHT="41">
							<String ID="string_63" HPOS="535" VPOS="530" WIDTH="83" HEIGHT="32" WC="0.96" CONTENT="brist"/><SP WIDTH="27" VPOS="530" HPOS="618"/>
							<String ID="string_64" HPOS="645" VPOS="533" WIDTH="36" HEIGHT="27" WC="0.96" CONTENT="är"/><SP WIDTH="27" VPOS="533" HPOS="681"/>
							<String ID="string_65" HPOS="708" VPOS="529" WIDTH="61" HEIGHT="31" WC="0.96" CONTENT="ock"/><SP WIDTH="29" VPOS="529" HPOS="769"/>
							<String ID="string_66" HPOS="798" VPOS="532" WIDTH="48" HEIGHT="28" WC="0.96" CONTENT="att"/><SP WIDTH="26" VPOS="532" HPOS="846"/>
							<String ID="string_67" HPOS="872" VPOS="529" WIDTH="9" HEIGHT="30" WC="0.93" CONTENT="i"/><SP WIDTH="32" VPOS="529" HPOS="881"/>
							<String ID="string_68" HPOS="913" VPOS="527" WIDTH="171" HEIGHT="33" WC="0.92" CONTENT="skolrådet"/><SP WIDTH="26" VPOS="527" HPOS="1084"/>
							<String ID="string_69" HPOS="1110" VPOS="529" WIDTH="71" HEIGHT="31" WC="0.96" CONTENT="icke"/><SP WIDTH="29" VPOS="529" HPOS="1181"/>
							<String ID="string_70" HPOS="1210" VPOS="528" WIDTH="108" HEIGHT="32" WC="0.95" CONTENT="finnes"/><SP WIDTH="28" VPOS="528" HPOS="1318"/>
							<String ID="string_71" HPOS="1346" VPOS="530" WIDTH="69" HEIGHT="31" WC="0.96" CONTENT="vice"/><SP WIDTH="29" VPOS="530" HPOS="1415"/>
							<String ID="string_72" HPOS="1444" VPOS="529" WIDTH="209" HEIGHT="39" WC="0.96" CONTENT="ordförande,"/><SP WIDTH="29" VPOS="529" HPOS="1653"/>
							<String ID="string_73" HPOS="1682" VPOS="540" WIDTH="67" HEIGHT="22" WC="0.96" CONTENT="som"/><SP WIDTH="29" VPOS="540" HPOS="1749"/>
							<String ID="string_74" HPOS="1778" VPOS="532" WIDTH="54" HEIGHT="32" WC="0.96" CONTENT="vid"/><SP WIDTH="28" VPOS="532" HPOS="1832"/>
							<String ID="string_75" HPOS="1860" VPOS="532" WIDTH="109" HEIGHT="32" WC="0.96" CONTENT="förfall"/><SP WIDTH="28" VPOS="532" HPOS="1969"/>
							<String ID="string_76" HPOS="1997" VPOS="532" WIDTH="50" HEIGHT="33" WC="0.96" CONTENT="för"/><SP WIDTH="15" VPOS="532" HPOS="2047"/>
							<String ID="string_77" HPOS="2062" VPOS="534" WIDTH="61" HEIGHT="32" WC="0.96" CONTENT="den"/>
						</TextLine>
						<TextLine ID="line_7" HPOS="536" VPOS="580" WIDTH="1592" HEIGHT="42">
							<String ID="string_78" HPOS="536" VPOS="580" WIDTH="168" HEIGHT="33" WC="0.96" CONTENT="ordinarie"/><SP WIDTH="36" VPOS="580" HPOS="704"/>
							<String ID="string_79" HPOS="740" VPOS="581" WIDTH="65" HEIGHT="30" WC="0.96" CONTENT="kan"/><SP WIDTH="43" VPOS="581" HPOS="805"/>
							<String ID="string_80" HPOS="848" VPOS="580" WIDTH="114" HEIGHT="40" WC="0.95" CONTENT="intaga"/><SP WIDTH="29" VPOS="580" HPOS="962"/>
							<String ID="string_81" HPOS="991" VPOS="580" WIDTH="85" HEIGHT="32" WC="0.95" CONTENT="hans"/><SP WIDTH="28" VPOS="580" HPOS="1076"/>
							<String ID="string_82" HPOS="1104" VPOS="580" WIDTH="98" HEIGHT="41" WC="0.95" CONTENT="plats,"/><SP WIDTH="29" VPOS="580" HPOS="1202"/>
							<String ID="string_83" HPOS="1231" VPOS="580" WIDTH="58" HEIGHT="32" WC="0.96" CONTENT="och"/><SP WIDTH="31" VPOS="580" HPOS="1289"/>
							<String ID="string_84" HPOS="1320" VPOS="581" WIDTH="109" HEIGHT="31" WC="0.95" CONTENT="denna"/><SP WIDTH="28" VPOS="581" HPOS="1429"/>
							<String ID="string_85" HPOS="1457" VPOS="581" WIDTH="83" HEIGHT="32" WC="0.95" CONTENT="brist"/><SP WIDTH="25" VPOS="581" HPOS="1540"/>
							<String ID="string_86" HPOS="1565" VPOS="581" WIDTH="93" HEIGHT="33" WC="0.93" CONTENT="torde"/><SP WIDTH="25" VPOS="581" HPOS="1658"/>
							<String ID="string_87" HPOS="1683" VPOS="583" WIDTH="121" HEIGHT="39" WC="0.92" CONTENT="jemväl"/><SP WIDTH="29" VPOS="583" HPOS="1804"/>
							<String ID="string_88" HPOS="1833" VPOS="584" WIDTH="79" HEIGHT="32" WC="0.93" CONTENT="böra"/><SP WIDTH="27" VPOS="584" HPOS="1912"/>
							<String ID="string_89" HPOS="1939" VPOS="584" WIDTH="189" HEIGHT="33" WC="0.92" CONTENT="undanröd-"/>
						</TextLine>
						<TextLine ID="line_8" HPOS="533" VPOS="631" WIDTH="1593" HEIGHT="43">
							<String ID="string_90" HPOS="533" VPOS="634" WIDTH="71" HEIGHT="40" WC="0.87" CONTENT="jas,"/><SP WIDTH="28" VPOS="634" HPOS="604"/>
							<String ID="string_91" HPOS="632" VPOS="633" WIDTH="8" HEIGHT="31" WC="0.59" CONTENT="I"/><SP WIDTH="33" VPOS="633" HPOS="640"/>
							<String ID="string_92" HPOS="673" VPOS="632" WIDTH="123" HEIGHT="32" WC="0.96" CONTENT="hvilket"/><SP WIDTH="29" VPOS="632" HPOS="796"/>
							<String ID="string_93" HPOS="825" VPOS="631" WIDTH="157" HEIGHT="32" WC="0.96" CONTENT="afseende"/><SP WIDTH="28" VPOS="631" HPOS="982"/>
							<String ID="string_94" HPOS="1010" VPOS="632" WIDTH="191" HEIGHT="40" WC="0.96" CONTENT="lämpligast"/><SP WIDTH="28" VPOS="632" HPOS="1201"/>
							<String ID="string_95" HPOS="1229" VPOS="641" WIDTH="109" HEIGHT="32" WC="0.96" CONTENT="synes,"/><SP WIDTH="29" VPOS="641" HPOS="1338"/>
							<String ID="string_96" HPOS="1367" VPOS="637" WIDTH="48" HEIGHT="27" WC="0.96" CONTENT="att"/><SP WIDTH="27" VPOS="637" HPOS="1415"/>
							<String ID="string_97" HPOS="1442" VPOS="634" WIDTH="89" HEIGHT="31" WC="0.96" CONTENT="valet"/><SP WIDTH="26" VPOS="634" HPOS="1531"/>
							<String ID="string_98" HPOS="1557" VPOS="634" WIDTH="76" HEIGHT="31" WC="0.96" CONTENT="sker"/><SP WIDTH="28" VPOS="634" HPOS="1633"/>
							<String ID="string_99" HPOS="1661" VPOS="634" WIDTH="36" HEIGHT="31" WC="0.96" CONTENT="af"/><SP WIDTH="24" VPOS="634" HPOS="1697"/>
							<String ID="string_100" HPOS="1721" VPOS="635" WIDTH="59" HEIGHT="32" WC="0.96" CONTENT="och"/><SP WIDTH="29" VPOS="635" HPOS="1780"/>
							<String ID="string_101" HPOS="1809" VPOS="635" WIDTH="101" HEIGHT="33" WC="0.93" CONTENT="bland"/><SP WIDTH="29" VPOS="635" HPOS="1910"/>
							<String ID="string_102" HPOS="1939" VPOS="635" WIDTH="187" HEIGHT="34" WC="0.91" CONTENT="skolrådets"/>
						</TextLine>
						<TextLine ID="line_9" HPOS="537" VPOS="684" WIDTH="304" HEIGHT="42">
							<String ID="string_103" HPOS="537" VPOS="694" WIDTH="85" HEIGHT="32" WC="0.96" CONTENT="egna"/><SP WIDTH="28" VPOS="694" HPOS="622"/>
							<String ID="string_104" HPOS="650" VPOS="684" WIDTH="191" HEIGHT="32" WC="0.95" CONTENT="ledamöter."/>
						</TextLine>
					</TextBlock>
					<TextBlock ID="block_2" HPOS="538" VPOS="733" WIDTH="1589" HEIGHT="144">
						<TextLine ID="line_10" HPOS="687" VPOS="733" WIDTH="1439" HEIGHT="47">
							<String ID="string_105" HPOS="687" VPOS="734" WIDTH="45" HEIGHT="33" WC="0.96" CONTENT="På"/><SP WIDTH="29" VPOS="734" HPOS="732"/>
							<String ID="string_106" HPOS="761" VPOS="735" WIDTH="109" HEIGHT="40" WC="0.94" CONTENT="grund"/><SP WIDTH="35" VPOS="735" HPOS="870"/>
							<String ID="string_107" HPOS="905" VPOS="733" WIDTH="99" HEIGHT="33" WC="0.94" CONTENT="häraf"/><SP WIDTH="25" VPOS="733" HPOS="1004"/>
							<String ID="string_108" HPOS="1029" VPOS="733" WIDTH="51" HEIGHT="32" WC="0.96" CONTENT="får"/><SP WIDTH="23" VPOS="733" HPOS="1080"/>
							<String ID="string_109" HPOS="1103" VPOS="735" WIDTH="58" HEIGHT="40" WC="0.95" CONTENT="jag"/><SP WIDTH="28" VPOS="735" HPOS="1161"/>
							<String ID="string_110" HPOS="1189" VPOS="735" WIDTH="177" HEIGHT="41" WC="0.96" CONTENT="tillstyrka,"/><SP WIDTH="17" VPOS="735" HPOS="1366"/>
							<String ID="string_111" HPOS="1383" VPOS="738" WIDTH="48" HEIGHT="29" WC="0.93" CONTENT="att"/><SP WIDTH="28" VPOS="738" HPOS="1431"/>
							<String ID="string_112" HPOS="1459" VPOS="736" WIDTH="261" HEIGHT="33" WC="0.90" CONTENT="nedannämnda"/><SP WIDTH="29" VPOS="736" HPOS="1720"/>
							<String ID="string_113" HPOS="1749" VPOS="738" WIDTH="194" HEIGHT="40" WC="0.96" CONTENT="paragrafer"/><SP WIDTH="27" VPOS="738" HPOS="1943"/>
							<String ID="string_114" HPOS="1970" VPOS="739" WIDTH="10" HEIGHT="32" WC="0.96" CONTENT="i"/><SP WIDTH="29" VPOS="739" HPOS="1980"/>
							<String ID="string_115" HPOS="2009" VPOS="739" WIDTH="117" HEIGHT="41" WC="0.96" CONTENT="Kongl."/>
						</TextLine>
						<TextLine ID="line_11" HPOS="538" VPOS="786" WIDTH="1589" HEIGHT="41">
							<String ID="string_116" HPOS="538" VPOS="787" WIDTH="247" HEIGHT="38" WC="0.96" CONTENT="Förordningen"/><SP WIDTH="45" VPOS="787" HPOS="785"/>
							<String ID="string_117" HPOS="830" VPOS="786" WIDTH="62" HEIGHT="30" WC="0.96" CONTENT="den"/><SP WIDTH="29" VPOS="786" HPOS="892"/>
							<String ID="string_118" HPOS="921" VPOS="786" WIDTH="37" HEIGHT="29" WC="0.95" CONTENT="21"/><SP WIDTH="38" VPOS="786" HPOS="958"/>
							<String ID="string_119" HPOS="996" VPOS="786" WIDTH="89" HEIGHT="30" WC="0.96" CONTENT="Mars"/><SP WIDTH="32" VPOS="786" HPOS="1085"/>
							<String ID="string_120" HPOS="1117" VPOS="786" WIDTH="77" HEIGHT="31" WC="0.96" CONTENT="1862"/><SP WIDTH="37" VPOS="786" HPOS="1194"/>
							<String ID="string_121" HPOS="1231" VPOS="795" WIDTH="50" HEIGHT="21" WC="0.92" CONTENT="om"/><SP WIDTH="30" VPOS="795" HPOS="1281"/>
							<String ID="string_122" HPOS="1311" VPOS="788" WIDTH="250" HEIGHT="38" WC="0.92" CONTENT="kyrkostämma"/><SP WIDTH="30" VPOS="788" HPOS="1561"/>
							<String ID="string_123" HPOS="1591" VPOS="792" WIDTH="86" HEIGHT="27" WC="0.96" CONTENT="samt"/><SP WIDTH="27" VPOS="792" HPOS="1677"/>
							<String ID="string_124" HPOS="1704" VPOS="789" WIDTH="166" HEIGHT="38" WC="0.96" CONTENT="kyrkoråd"/><SP WIDTH="30" VPOS="789" HPOS="1870"/>
							<String ID="string_125" HPOS="1900" VPOS="790" WIDTH="60" HEIGHT="31" WC="0.93" CONTENT="och"/><SP WIDTH="29" VPOS="790" HPOS="1960"/>
							<String ID="string_126" HPOS="1989" VPOS="790" WIDTH="138" HEIGHT="32" WC="0.90" CONTENT="skolråd"/>
						</TextLine>
						<TextLine ID="line_12" HPOS="539" VPOS="836" WIDTH="777" HEIGHT="41">
							<String ID="string_127" HPOS="539" VPOS="837" WIDTH="52" HEIGHT="32" WC="0.95" CONTENT="må"/><SP WIDTH="28" VPOS="837" HPOS="591"/>
							<String ID="string_128" HPOS="619" VPOS="836" WIDTH="128" HEIGHT="33" WC="0.95" CONTENT="erhålla"/><SP WIDTH="28" VPOS="836" HPOS="747"/>
							<String ID="string_129" HPOS="775" VPOS="836" WIDTH="146" HEIGHT="41" WC="0.95" CONTENT="följande"/><SP WIDTH="28" VPOS="836" HPOS="921"/>
							<String ID="string_130" HPOS="949" VPOS="836" WIDTH="200" HEIGHT="33" WC="0.96" CONTENT="förändrade"/><SP WIDTH="28" VPOS="836" HPOS="1149"/>
							<String ID="string_131" HPOS="1177" VPOS="836" WIDTH="139" HEIGHT="41" WC="0.96" CONTENT="lydelse:"/>
						</TextLine>
					</TextBlock>
					<TextBlock ID="block_3" HPOS="540" VPOS="888" WIDTH="1592" HEIGHT="136">
						<TextLine ID="line_13" HPOS="688" VPOS="888" WIDTH="1440" HEIGHT="44">
							<String ID="string_132" HPOS="688" VPOS="891" WIDTH="18" HEIGHT="40" WC="0.77" CONTENT="8"/><SP WIDTH="26" VPOS="891" HPOS="706"/>
							<String ID="string_133" HPOS="732" VPOS="889" WIDTH="49" HEIGHT="31" WC="0.94" CONTENT="23."/><SP WIDTH="55" VPOS="889" HPOS="781"/>
							<String ID="string_134" HPOS="836" VPOS="888" WIDTH="250" HEIGHT="40" WC="0.82" CONTENT="Kyrkoherden,"/><SP WIDTH="42" VPOS="888" HPOS="1086"/>
							<String ID="string_135" HPOS="1128" VPOS="889" WIDTH="81" HEIGHT="31" WC="0.94" CONTENT="eller"/><SP WIDTH="41" VPOS="889" HPOS="1209"/>
							<String ID="string_136" HPOS="1250" VPOS="889" WIDTH="62" HEIGHT="31" WC="0.95" CONTENT="den"/><SP WIDTH="45" VPOS="889" HPOS="1312"/>
							<String ID="string_137" HPOS="1357" VPOS="888" WIDTH="84" HEIGHT="32" WC="0.93" CONTENT="hans"/><SP WIDTH="43" VPOS="888" HPOS="1441"/>
							<String ID="string_138" HPOS="1484" VPOS="891" WIDTH="127" HEIGHT="31" WC="0.92" CONTENT="embete"/><SP WIDTH="28" VPOS="891" HPOS="1611"/>
							<String ID="string_139" HPOS="1639" VPOS="889" WIDTH="150" HEIGHT="43" WC="0.96" CONTENT="förestår,"/><SP WIDTH="30" VPOS="889" HPOS="1789"/>
							<String ID="string_140" HPOS="1819" VPOS="892" WIDTH="81" HEIGHT="32" WC="0.96" CONTENT="eller"/><SP WIDTH="25" VPOS="892" HPOS="1900"/>
							<String ID="string_141" HPOS="1925" VPOS="893" WIDTH="61" HEIGHT="30" WC="0.96" CONTENT="ock"/><SP WIDTH="28" VPOS="893" HPOS="1986"/>
							<String ID="string_142" HPOS="2014" VPOS="903" WIDTH="114" HEIGHT="23" WC="0.96" CONTENT="annan"/>
						</TextLine>
						<TextLine ID="line_14" HPOS="540" VPOS="938" WIDTH="1592" HEIGHT="45">
							<String ID="string_143" HPOS="540" VPOS="943" WIDTH="181" HEIGHT="39" WC="0.92" CONTENT="prestman,"/><SP WIDTH="40" VPOS="943" HPOS="721"/>
							<String ID="string_144" HPOS="761" VPOS="940" WIDTH="63" HEIGHT="32" WC="0.96" CONTENT="den"/><SP WIDTH="40" VPOS="940" HPOS="824"/>
							<String ID="string_145" HPOS="864" VPOS="940" WIDTH="67" HEIGHT="31" WC="0.96" CONTENT="han"/><SP WIDTH="42" VPOS="940" HPOS="931"/>
							<String ID="string_146" HPOS="973" VPOS="938" WIDTH="50" HEIGHT="32" WC="0.95" CONTENT="för"/><SP WIDTH="39" VPOS="938" HPOS="1023"/>
							<String ID="string_147" HPOS="1062" VPOS="938" WIDTH="102" HEIGHT="42" WC="0.95" CONTENT="något"/><SP WIDTH="38" VPOS="938" HPOS="1164"/>
							<String ID="string_148" HPOS="1202" VPOS="939" WIDTH="128" HEIGHT="33" WC="0.96" CONTENT="tillfälle"/><SP WIDTH="45" VPOS="939" HPOS="1330"/>
							<String ID="string_149" HPOS="1375" VPOS="940" WIDTH="65" HEIGHT="30" WC="0.89" CONTENT="kan"/><SP WIDTH="45" VPOS="940" HPOS="1440"/>
							<String ID="string_150" HPOS="1485" VPOS="940" WIDTH="107" HEIGHT="33" WC="0.81" CONTENT="dertill"/><SP WIDTH="37" VPOS="940" HPOS="1592"/>
							<String ID="string_151" HPOS="1629" VPOS="941" WIDTH="167" HEIGHT="42" WC="0.95" CONTENT="förordna,"/><SP WIDTH="29" VPOS="941" HPOS="1796"/>
							<String ID="string_152" HPOS="1825" VPOS="946" WIDTH="37" HEIGHT="28" WC="0.96" CONTENT="är"/><SP WIDTH="26" VPOS="946" HPOS="1862"/>
							<String ID="string_153" HPOS="1888" VPOS="943" WIDTH="9" HEIGHT="31" WC="0.96" CONTENT="i"/><SP WIDTH="29" VPOS="943" HPOS="1897"/>
							<String ID="string_154" HPOS="1926" VPOS="943" WIDTH="206" HEIGHT="40" WC="0.96" CONTENT="kyrkorådet"/>
						</TextLine>
						<TextLine ID="line_15" HPOS="541" VPOS="991" WIDTH="209" HEIGHT="33">
							<String ID="string_155" HPOS="541" VPOS="991" WIDTH="209" HEIGHT="33" WC="0.96" CONTENT="ordförande."/>
						</TextLine>
					</TextBlock>
					<TextBlock ID="block_4" HPOS="542" VPOS="1041" WIDTH="1589" HEIGHT="145">
						<TextLine ID="line_16" HPOS="694" VPOS="1041" WIDTH="1436" HEIGHT="44">
							<String ID="string_156" HPOS="694" VPOS="1044" WIDTH="15" HEIGHT="31" WC="0.96" CONTENT="I"/><SP WIDTH="28" VPOS="1044" HPOS="709"/>
							<String ID="string_157" HPOS="737" VPOS="1043" WIDTH="62" HEIGHT="32" WC="0.93" CONTENT="den"/><SP WIDTH="44" VPOS="1043" HPOS="799"/>
							<String ID="string_158" HPOS="843" VPOS="1051" WIDTH="119" HEIGHT="22" WC="0.92" CONTENT="annex-"/><SP WIDTH="35" VPOS="1051" HPOS="962"/>
							<String ID="string_159" HPOS="997" VPOS="1041" WIDTH="80" HEIGHT="32" WC="0.93" CONTENT="eller"/><SP WIDTH="27" VPOS="1041" HPOS="1077"/>
							<String ID="string_160" HPOS="1104" VPOS="1042" WIDTH="332" HEIGHT="42" WC="0.92" CONTENT="kapell-församling,"/><SP WIDTH="27" VPOS="1042" HPOS="1436"/>
							<String ID="string_161" HPOS="1463" VPOS="1044" WIDTH="55" HEIGHT="32" WC="0.96" CONTENT="vid"/><SP WIDTH="27" VPOS="1044" HPOS="1518"/>
							<String ID="string_162" HPOS="1545" VPOS="1044" WIDTH="134" HEIGHT="32" WC="0.96" CONTENT="hvilken"/><SP WIDTH="30" VPOS="1044" HPOS="1679"/>
							<String ID="string_163" HPOS="1709" VPOS="1044" WIDTH="132" HEIGHT="41" WC="0.93" CONTENT="ständig"/><SP WIDTH="28" VPOS="1044" HPOS="1841"/>
							<String ID="string_164" HPOS="1869" VPOS="1048" WIDTH="170" HEIGHT="37" WC="0.92" CONTENT="prestman"/><SP WIDTH="30" VPOS="1048" HPOS="2039"/>
							<String ID="string_165" HPOS="2069" VPOS="1045" WIDTH="61" HEIGHT="33" WC="0.91" CONTENT="fin-"/>
						</TextLine>
						<TextLine ID="line_17" HPOS="542" VPOS="1092" WIDTH="1589" HEIGHT="45">
							<String ID="string_166" HPOS="542" VPOS="1105" WIDTH="58" HEIGHT="23" WC="0.96" CONTENT="nes"/><SP WIDTH="29" VPOS="1105" HPOS="600"/>
							<String ID="string_167" HPOS="629" VPOS="1094" WIDTH="154" HEIGHT="42" WC="0.96" CONTENT="anställd,"/><SP WIDTH="30" VPOS="1094" HPOS="783"/>
							<String ID="string_168" HPOS="813" VPOS="1093" WIDTH="85" HEIGHT="33" WC="0.95" CONTENT="skall"/><SP WIDTH="28" VPOS="1093" HPOS="898"/>
							<String ID="string_169" HPOS="926" VPOS="1093" WIDTH="67" HEIGHT="32" WC="0.95" CONTENT="han"/><SP WIDTH="29" VPOS="1093" HPOS="993"/>
							<String ID="string_170" HPOS="1022" VPOS="1092" WIDTH="71" HEIGHT="33" WC="0.96" CONTENT="föra"/><SP WIDTH="28" VPOS="1092" HPOS="1093"/>
							<String ID="string_171" HPOS="1121" VPOS="1093" WIDTH="93" HEIGHT="32" WC="0.96" CONTENT="ordet"/><SP WIDTH="27" VPOS="1093" HPOS="1214"/>
							<String ID="string_172" HPOS="1241" VPOS="1098" WIDTH="60" HEIGHT="28" WC="0.96" CONTENT="när"/><SP WIDTH="27" VPOS="1098" HPOS="1301"/>
							<String ID="string_173" HPOS="1328" VPOS="1095" WIDTH="245" HEIGHT="41" WC="0.96" CONTENT="kyrkoherden,"/><SP WIDTH="30" VPOS="1095" HPOS="1573"/>
							<String ID="string_174" HPOS="1603" VPOS="1096" WIDTH="80" HEIGHT="32" WC="0.96" CONTENT="eller"/><SP WIDTH="28" VPOS="1096" HPOS="1683"/>
							<String ID="string_175" HPOS="1711" VPOS="1097" WIDTH="73" HEIGHT="40" WC="0.96" CONTENT="den,"/><SP WIDTH="22" VPOS="1097" HPOS="1784"/>
							<String ID="string_176" HPOS="1806" VPOS="1105" WIDTH="68" HEIGHT="23" WC="0.96" CONTENT="som"/><SP WIDTH="21" VPOS="1105" HPOS="1874"/>
							<String ID="string_177" HPOS="1895" VPOS="1096" WIDTH="86" HEIGHT="32" WC="0.93" CONTENT="hans"/><SP WIDTH="21" VPOS="1096" HPOS="1981"/>
							<String ID="string_178" HPOS="2002" VPOS="1098" WIDTH="129" HEIGHT="32" WC="0.90" CONTENT="embete"/>
						</TextLine>
						<TextLine ID="line_18" HPOS="543" VPOS="1145" WIDTH="721" HEIGHT="41">
							<String ID="string_179" HPOS="543" VPOS="1148" WIDTH="169" HEIGHT="38" WC="0.95" CONTENT="förvaltar,"/><SP WIDTH="29" VPOS="1148" HPOS="712"/>
							<String ID="string_180" HPOS="741" VPOS="1147" WIDTH="27" HEIGHT="38" WC="0.96" CONTENT="ej"/><SP WIDTH="30" VPOS="1147" HPOS="768"/>
							<String ID="string_181" HPOS="798" VPOS="1150" WIDTH="36" HEIGHT="27" WC="0.96" CONTENT="är"/><SP WIDTH="27" VPOS="1150" HPOS="834"/>
							<String ID="string_182" HPOS="861" VPOS="1145" WIDTH="9" HEIGHT="31" WC="0.96" CONTENT="i"/><SP WIDTH="30" VPOS="1145" HPOS="870"/>
							<String ID="string_183" HPOS="900" VPOS="1148" WIDTH="161" HEIGHT="28" WC="0.93" CONTENT="stämman"/><SP WIDTH="31" VPOS="1148" HPOS="1061"/>
							<String ID="string_184" HPOS="1092" VPOS="1145" WIDTH="172" HEIGHT="32" WC="0.90" CONTENT="tillstädes."/>
						</TextLine>
					</TextBlock>
					<TextBlock ID="block_5" HPOS="546" VPOS="1196" WIDTH="1588" HEIGHT="146">
						<TextLine ID="line_19" HPOS="695" VPOS="1196" WIDTH="1437" HEIGHT="44">
							<String ID="string_185" HPOS="695" VPOS="1198" WIDTH="15" HEIGHT="32" WC="0.91" CONTENT="I"/><SP WIDTH="30" VPOS="1198" HPOS="710"/>
							<String ID="string_186" HPOS="740" VPOS="1196" WIDTH="170" HEIGHT="33" WC="0.91" CONTENT="skolrådet"/><SP WIDTH="41" VPOS="1196" HPOS="910"/>
							<String ID="string_187" HPOS="951" VPOS="1196" WIDTH="85" HEIGHT="31" WC="0.90" CONTENT="skall"/><SP WIDTH="37" VPOS="1196" HPOS="1036"/>
							<String ID="string_188" HPOS="1073" VPOS="1196" WIDTH="121" HEIGHT="40" WC="0.90" CONTENT="jemväl"/><SP WIDTH="33" VPOS="1196" HPOS="1194"/>
							<String ID="string_189" HPOS="1227" VPOS="1196" WIDTH="245" HEIGHT="42" WC="0.96" CONTENT="kyrkoherden,"/><SP WIDTH="28" VPOS="1196" HPOS="1472"/>
							<String ID="string_190" HPOS="1500" VPOS="1197" WIDTH="79" HEIGHT="32" WC="0.95" CONTENT="eller"/><SP WIDTH="40" VPOS="1197" HPOS="1579"/>
							<String ID="string_191" HPOS="1619" VPOS="1197" WIDTH="61" HEIGHT="32" WC="0.95" CONTENT="den"/><SP WIDTH="30" VPOS="1197" HPOS="1680"/>
							<String ID="string_192" HPOS="1710" VPOS="1197" WIDTH="86" HEIGHT="33" WC="0.93" CONTENT="hans"/><SP WIDTH="29" VPOS="1197" HPOS="1796"/>
							<String ID="string_193" HPOS="1825" VPOS="1199" WIDTH="127" HEIGHT="31" WC="0.88" CONTENT="embete"/><SP WIDTH="29" VPOS="1199" HPOS="1952"/>
							<String ID="string_194" HPOS="1981" VPOS="1198" WIDTH="151" HEIGHT="42" WC="0.96" CONTENT="förestår,"/>
						</TextLine>
						<TextLine ID="line_20" HPOS="548" VPOS="1247" WIDTH="1586" HEIGHT="44">
							<String ID="string_195" HPOS="548" VPOS="1260" WIDTH="79" HEIGHT="22" WC="0.96" CONTENT="vara"/><SP WIDTH="42" VPOS="1260" HPOS="627"/>
							<String ID="string_196" HPOS="669" VPOS="1249" WIDTH="210" HEIGHT="39" WC="0.92" CONTENT="ordförande,"/><SP WIDTH="42" VPOS="1249" HPOS="879"/>
							<String ID="string_197" HPOS="921" VPOS="1248" WIDTH="110" HEIGHT="31" WC="0.92" CONTENT="derest"/><SP WIDTH="40" VPOS="1248" HPOS="1031"/>
							<String ID="string_198" HPOS="1071" VPOS="1248" WIDTH="26" HEIGHT="39" WC="0.92" CONTENT="ej"/><SP WIDTH="44" VPOS="1248" HPOS="1097"/>
							<String ID="string_199" HPOS="1141" VPOS="1248" WIDTH="274" HEIGHT="41" WC="0.76" CONTENT="stifts-styrelsen,"/><SP WIDTH="36" VPOS="1248" HPOS="1415"/>
							<String ID="string_200" HPOS="1451" VPOS="1247" WIDTH="43" HEIGHT="41" WC="0.96" CONTENT="på"/><SP WIDTH="28" VPOS="1247" HPOS="1494"/>
							<String ID="string_201" HPOS="1522" VPOS="1250" WIDTH="157" HEIGHT="31" WC="0.96" CONTENT="anmälan"/><SP WIDTH="43" VPOS="1250" HPOS="1679"/>
							<String ID="string_202" HPOS="1722" VPOS="1249" WIDTH="36" HEIGHT="32" WC="0.96" CONTENT="af"/><SP WIDTH="24" VPOS="1249" HPOS="1758"/>
							<String ID="string_203" HPOS="1782" VPOS="1250" WIDTH="243" HEIGHT="41" WC="0.94" CONTENT="kyrkoherden,"/><SP WIDTH="30" VPOS="1250" HPOS="2025"/>
							<String ID="string_204" HPOS="2055" VPOS="1251" WIDTH="79" HEIGHT="32" WC="0.95" CONTENT="eller"/>
						</TextLine>
						<TextLine ID="line_21" HPOS="546" VPOS="1299" WIDTH="999" HEIGHT="43">
							<String ID="string_205" HPOS="546" VPOS="1302" WIDTH="104" HEIGHT="40" WC="0.96" CONTENT="eljest,"/><SP WIDTH="54" VPOS="1302" HPOS="650"/>
							<String ID="string_206" HPOS="704" VPOS="1299" WIDTH="107" HEIGHT="33" WC="0.94" CONTENT="finner"/><SP WIDTH="29" VPOS="1299" HPOS="811"/>
							<String ID="string_207" HPOS="840" VPOS="1299" WIDTH="71" HEIGHT="32" WC="0.96" CONTENT="skäl"/><SP WIDTH="22" VPOS="1299" HPOS="911"/>
							<String ID="string_208" HPOS="933" VPOS="1302" WIDTH="48" HEIGHT="28" WC="0.96" CONTENT="att"/><SP WIDTH="28" VPOS="1302" HPOS="981"/>
							<String ID="string_209" HPOS="1009" VPOS="1308" WIDTH="112" HEIGHT="22" WC="0.95" CONTENT="annan"/><SP WIDTH="30" VPOS="1308" HPOS="1121"/>
							<String ID="string_210" HPOS="1151" VPOS="1299" WIDTH="200" HEIGHT="33" WC="0.96" CONTENT="ordförande"/><SP WIDTH="28" VPOS="1299" HPOS="1351"/>
							<String ID="string_211" HPOS="1379" VPOS="1299" WIDTH="166" HEIGHT="35" WC="0.96" CONTENT="förordna."/>
						</TextLine>
					</TextBlock>
					<TextBlock ID="block_6" HPOS="696" VPOS="1349" WIDTH="708" HEIGHT="41">
						<TextLine ID="line_22" HPOS="696" VPOS="1349" WIDTH="708" HEIGHT="41">
							<String ID="string_212" HPOS="696" VPOS="1352" WIDTH="199" HEIGHT="32" WC="0.96" CONTENT="Ledamöter"/><SP WIDTH="27" VPOS="1352" HPOS="895"/>
							<String ID="string_213" HPOS="922" VPOS="1351" WIDTH="9" HEIGHT="30" WC="0.96" CONTENT="i"/><SP WIDTH="25" VPOS="1351" HPOS="931"/>
							<String ID="string_214" HPOS="956" VPOS="1349" WIDTH="205" HEIGHT="41" WC="0.93" CONTENT="kyrkorådet"/><SP WIDTH="25" VPOS="1349" HPOS="1161"/>
							<String ID="string_215" HPOS="1186" VPOS="1370" WIDTH="40" HEIGHT="4" WC="0.90" CONTENT="—"/><SP WIDTH="27" VPOS="1370" HPOS="1226"/>
							<String ID="string_216" HPOS="1253" VPOS="1369" WIDTH="40" HEIGHT="5" WC="0.82" CONTENT="-—"/><SP WIDTH="28" VPOS="1369" HPOS="1293"/>
							<String ID="string_217" HPOS="1321" VPOS="1354" WIDTH="83" HEIGHT="29" WC="0.95" CONTENT="utse."/>
						</TextLine>
					</TextBlock>
					<TextBlock ID="block_7" HPOS="698" VPOS="1401" WIDTH="755" HEIGHT="34">
						<TextLine ID="line_23" HPOS="698" VPOS="1401" WIDTH="755" HEIGHT="34">
							<String ID="string_218" HPOS="698" VPOS="1403" WIDTH="62" HEIGHT="32" WC="0.95" CONTENT="Till"/><SP WIDTH="28" VPOS="1403" HPOS="760"/>
							<String ID="string_219" HPOS="788" VPOS="1403" WIDTH="183" HEIGHT="31" WC="0.96" CONTENT="ledamöter"/><SP WIDTH="27" VPOS="1403" HPOS="971"/>
							<String ID="string_220" HPOS="998" VPOS="1402" WIDTH="9" HEIGHT="30" WC="0.93" CONTENT="i"/><SP WIDTH="29" VPOS="1402" HPOS="1007"/>
							<String ID="string_221" HPOS="1036" VPOS="1401" WIDTH="171" HEIGHT="33" WC="0.91" CONTENT="skolrådet"/><SP WIDTH="25" VPOS="1401" HPOS="1207"/>
							<String ID="string_222" HPOS="1232" VPOS="1422" WIDTH="41" HEIGHT="3" WC="0.91" CONTENT="—"/><SP WIDTH="27" VPOS="1422" HPOS="1273"/>
							<String ID="string_223" HPOS="1300" VPOS="1420" WIDTH="40" HEIGHT="6" WC="0.82" CONTENT="—"/><SP WIDTH="28" VPOS="1420" HPOS="1340"/>
							<String ID="string_224" HPOS="1368" VPOS="1406" WIDTH="85" HEIGHT="28" WC="0.96" CONTENT="män."/>
						</TextLine>
					</TextBlock>
					<TextBlock ID="block_8" HPOS="698" VPOS="1453" WIDTH="833" HEIGHT="40">
						<TextLine ID="line_24" HPOS="698" VPOS="1453" WIDTH="833" HEIGHT="40">
							<String ID="string_225" HPOS="698" VPOS="1453" WIDTH="176" HEIGHT="33" WC="0.96" CONTENT="Skolrådet"/><SP WIDTH="27" VPOS="1453" HPOS="874"/>
							<String ID="string_226" HPOS="901" VPOS="1453" WIDTH="103" HEIGHT="40" WC="0.96" CONTENT="väljer"/><SP WIDTH="27" VPOS="1453" HPOS="1004"/>
							<String ID="string_227" HPOS="1031" VPOS="1453" WIDTH="88" HEIGHT="30" WC="0.96" CONTENT="inom"/><SP WIDTH="31" VPOS="1453" HPOS="1119"/>
							<String ID="string_228" HPOS="1150" VPOS="1454" WIDTH="48" HEIGHT="39" WC="0.95" CONTENT="sig"/><SP WIDTH="27" VPOS="1454" HPOS="1198"/>
							<String ID="string_229" HPOS="1225" VPOS="1454" WIDTH="70" HEIGHT="31" WC="0.96" CONTENT="vice"/><SP WIDTH="29" VPOS="1454" HPOS="1295"/>
							<String ID="string_230" HPOS="1324" VPOS="1453" WIDTH="207" HEIGHT="32" WC="0.96" CONTENT="ordförande."/>
						</TextLine>
					</TextBlock>
					<TextBlock ID="block_9" HPOS="699" VPOS="1502" WIDTH="625" HEIGHT="42">
						<TextLine ID="line_25" HPOS="699" VPOS="1502" WIDTH="625" HEIGHT="42">
							<String ID="string_231" HPOS="699" VPOS="1506" WIDTH="15" HEIGHT="31" WC="0.96" CONTENT="I"/><SP WIDTH="29" VPOS="1506" HPOS="714"/>
							<String ID="string_232" HPOS="743" VPOS="1504" WIDTH="37" HEIGHT="33" WC="0.96" CONTENT="så"/><SP WIDTH="28" VPOS="1504" HPOS="780"/>
							<String ID="string_233" HPOS="808" VPOS="1505" WIDTH="52" HEIGHT="31" WC="0.96" CONTENT="väl"/><SP WIDTH="29" VPOS="1505" HPOS="860"/>
							<String ID="string_234" HPOS="889" VPOS="1502" WIDTH="204" HEIGHT="42" WC="0.93" CONTENT="kyrkorådet"/><SP WIDTH="25" VPOS="1502" HPOS="1093"/>
							<String ID="string_235" HPOS="1118" VPOS="1523" WIDTH="40" HEIGHT="4" WC="0.91" CONTENT="—"/><SP WIDTH="26" VPOS="1523" HPOS="1158"/>
							<String ID="string_236" HPOS="1184" VPOS="1522" WIDTH="41" HEIGHT="5" WC="0.91" CONTENT="—"/><SP WIDTH="26" VPOS="1522" HPOS="1225"/>
							<String ID="string_237" HPOS="1251" VPOS="1504" WIDTH="73" HEIGHT="32" WC="0.96" CONTENT="fem."/>
						</TextLine>
					</TextBlock>
					<TextBlock ID="block_10" HPOS="698" VPOS="1556" WIDTH="526" HEIGHT="36">
						<TextLine ID="line_26" HPOS="698" VPOS="1556" WIDTH="526" HEIGHT="36">
							<String ID="string_238" HPOS="698" VPOS="1557" WIDTH="244" HEIGHT="35" WC="0.93" CONTENT="Ledamöterna"/><SP WIDTH="24" VPOS="1557" HPOS="942"/>
							<String ID="string_239" HPOS="966" VPOS="1573" WIDTH="45" HEIGHT="6" WC="0.90" CONTENT="—"/><SP WIDTH="24" VPOS="1573" HPOS="1011"/>
							<String ID="string_240" HPOS="1035" VPOS="1573" WIDTH="41" HEIGHT="5" WC="0.87" CONTENT="—"/><SP WIDTH="25" VPOS="1573" HPOS="1076"/>
							<String ID="string_241" HPOS="1101" VPOS="1574" WIDTH="40" HEIGHT="4" WC="0.91" CONTENT="—"/><SP WIDTH="27" VPOS="1574" HPOS="1141"/>
							<String ID="string_242" HPOS="1168" VPOS="1556" WIDTH="56" HEIGHT="31" WC="0.96" CONTENT="tid."/>
						</TextLine>
					</TextBlock>
					<TextBlock ID="block_11" HPOS="549" VPOS="1602" WIDTH="1590" HEIGHT="250">
						<TextLine ID="line_27" HPOS="700" VPOS="1602" WIDTH="1436" HEIGHT="44">
							<String ID="string_243" HPOS="700" VPOS="1607" WIDTH="70" HEIGHT="32" WC="0.96" CONTENT="Och"/><SP WIDTH="28" VPOS="1607" HPOS="770"/>
							<String ID="string_244" HPOS="798" VPOS="1607" WIDTH="93" HEIGHT="32" WC="0.96" CONTENT="torde"/><SP WIDTH="27" VPOS="1607" HPOS="891"/>
							<String ID="string_245" HPOS="918" VPOS="1606" WIDTH="192" HEIGHT="40" WC="0.96" CONTENT="Riksdagen"/><SP WIDTH="28" VPOS="1606" HPOS="1110"/>
							<String ID="string_246" HPOS="1138" VPOS="1607" WIDTH="47" HEIGHT="31" WC="0.93" CONTENT="uti"/><SP WIDTH="27" VPOS="1607" HPOS="1185"/>
							<String ID="string_247" HPOS="1212" VPOS="1605" WIDTH="210" HEIGHT="39" WC="0.93" CONTENT="underdånig"/><SP WIDTH="28" VPOS="1605" HPOS="1422"/>
							<String ID="string_248" HPOS="1450" VPOS="1604" WIDTH="172" HEIGHT="32" WC="0.96" CONTENT="skrifvelse"/><SP WIDTH="29" VPOS="1604" HPOS="1622"/>
							<String ID="string_249" HPOS="1651" VPOS="1603" WIDTH="145" HEIGHT="40" WC="0.96" CONTENT="anhålla,"/><SP WIDTH="28" VPOS="1603" HPOS="1796"/>
							<String ID="string_250" HPOS="1824" VPOS="1607" WIDTH="49" HEIGHT="28" WC="0.97" CONTENT="att"/><SP WIDTH="20" VPOS="1607" HPOS="1873"/>
							<String ID="string_251" HPOS="1893" VPOS="1603" WIDTH="116" HEIGHT="39" WC="0.95" CONTENT="Kongl."/><SP WIDTH="22" VPOS="1603" HPOS="2009"/>
							<String ID="string_252" HPOS="2031" VPOS="1602" WIDTH="105" HEIGHT="41" WC="0.96" CONTENT="Maj:t,"/>
						</TextLine>
						<TextLine ID="line_28" HPOS="549" VPOS="1653" WIDTH="1589" HEIGHT="44">
							<String ID="string_253" HPOS="549" VPOS="1658" WIDTH="109" HEIGHT="32" WC="0.91" CONTENT="derest"/><SP WIDTH="45" VPOS="1658" HPOS="658"/>
							<String ID="string_254" HPOS="703" VPOS="1662" WIDTH="47" HEIGHT="29" WC="0.96" CONTENT="ett"/><SP WIDTH="40" VPOS="1662" HPOS="750"/>
							<String ID="string_255" HPOS="790" VPOS="1657" WIDTH="122" HEIGHT="33" WC="0.96" CONTENT="sådant"/><SP WIDTH="26" VPOS="1657" HPOS="912"/>
							<String ID="string_256" HPOS="938" VPOS="1657" WIDTH="112" HEIGHT="32" WC="0.96" CONTENT="beslut"/><SP WIDTH="26" VPOS="1657" HPOS="1050"/>
							<String ID="string_257" HPOS="1076" VPOS="1658" WIDTH="118" HEIGHT="31" WC="0.95" CONTENT="vinner"/><SP WIDTH="28" VPOS="1658" HPOS="1194"/>
							<String ID="string_258" HPOS="1222" VPOS="1658" WIDTH="116" HEIGHT="39" WC="0.95" CONTENT="Kongl."/><SP WIDTH="38" VPOS="1658" HPOS="1338"/>
							<String ID="string_259" HPOS="1376" VPOS="1656" WIDTH="112" HEIGHT="40" WC="0.96" CONTENT="Maj:ts"/><SP WIDTH="29" VPOS="1656" HPOS="1488"/>
							<String ID="string_260" HPOS="1517" VPOS="1655" WIDTH="180" HEIGHT="40" WC="0.96" CONTENT="samtycke,"/><SP WIDTH="29" VPOS="1655" HPOS="1697"/>
							<String ID="string_261" HPOS="1726" VPOS="1653" WIDTH="101" HEIGHT="33" WC="0.96" CONTENT="måtte"/><SP WIDTH="28" VPOS="1653" HPOS="1827"/>
							<String ID="string_262" HPOS="1855" VPOS="1655" WIDTH="115" HEIGHT="31" WC="0.95" CONTENT="täckas"/><SP WIDTH="28" VPOS="1655" HPOS="1970"/>
							<String ID="string_263" HPOS="1998" VPOS="1654" WIDTH="11" HEIGHT="30" WC="0.93" CONTENT="i"/><SP WIDTH="28" VPOS="1654" HPOS="2009"/>
							<String ID="string_264" HPOS="2037" VPOS="1653" WIDTH="101" HEIGHT="32" WC="0.91" CONTENT="öfver-"/>
						</TextLine>
						<TextLine ID="line_29" HPOS="549" VPOS="1704" WIDTH="1590" HEIGHT="44">
							<String ID="string_265" HPOS="549" VPOS="1711" WIDTH="252" HEIGHT="31" WC="0.91" CONTENT="ensstämmelse"/><SP WIDTH="41" VPOS="1711" HPOS="801"/>
							<String ID="string_266" HPOS="842" VPOS="1709" WIDTH="135" HEIGHT="32" WC="0.93" CONTENT="dermed"/><SP WIDTH="34" VPOS="1709" HPOS="977"/>
							<String ID="string_267" HPOS="1011" VPOS="1708" WIDTH="133" HEIGHT="40" WC="0.93" CONTENT="vidtaga"/><SP WIDTH="31" VPOS="1708" HPOS="1144"/>
							<String ID="string_268" HPOS="1175" VPOS="1709" WIDTH="38" HEIGHT="31" WC="0.95" CONTENT="de"/><SP WIDTH="29" VPOS="1709" HPOS="1213"/>
							<String ID="string_269" HPOS="1242" VPOS="1707" WIDTH="234" HEIGHT="39" WC="0.96" CONTENT="förändringar"/><SP WIDTH="27" VPOS="1707" HPOS="1476"/>
							<String ID="string_270" HPOS="1503" VPOS="1707" WIDTH="10" HEIGHT="30" WC="0.96" CONTENT="i"/><SP WIDTH="28" VPOS="1707" HPOS="1513"/>
							<String ID="string_271" HPOS="1541" VPOS="1706" WIDTH="116" HEIGHT="39" WC="0.93" CONTENT="Kongl."/><SP WIDTH="31" VPOS="1706" HPOS="1657"/>
							<String ID="string_272" HPOS="1688" VPOS="1705" WIDTH="147" HEIGHT="40" WC="0.89" CONTENT="Stadgan"/><SP WIDTH="30" VPOS="1705" HPOS="1835"/>
							<String ID="string_273" HPOS="1865" VPOS="1715" WIDTH="50" HEIGHT="22" WC="0.93" CONTENT="om"/><SP WIDTH="29" VPOS="1715" HPOS="1915"/>
							<String ID="string_274" HPOS="1944" VPOS="1704" WIDTH="195" HEIGHT="33" WC="0.92" CONTENT="folkunder-"/>
						</TextLine>
						<TextLine ID="line_30" HPOS="549" VPOS="1755" WIDTH="1587" HEIGHT="46">
							<String ID="string_275" HPOS="549" VPOS="1761" WIDTH="173" HEIGHT="40" WC="0.96" CONTENT="visningen"/><SP WIDTH="44" VPOS="1761" HPOS="722"/>
							<String ID="string_276" HPOS="766" VPOS="1761" WIDTH="10" HEIGHT="31" WC="0.96" CONTENT="i"/><SP WIDTH="45" VPOS="1761" HPOS="776"/>
							<String ID="string_277" HPOS="821" VPOS="1761" WIDTH="86" HEIGHT="31" WC="0.96" CONTENT="riket"/><SP WIDTH="28" VPOS="1761" HPOS="907"/>
							<String ID="string_278" HPOS="935" VPOS="1760" WIDTH="61" HEIGHT="31" WC="0.96" CONTENT="den"/><SP WIDTH="31" VPOS="1760" HPOS="996"/>
							<String ID="string_279" HPOS="1027" VPOS="1760" WIDTH="37" HEIGHT="31" WC="0.96" CONTENT="18"/><SP WIDTH="27" VPOS="1760" HPOS="1064"/>
							<String ID="string_280" HPOS="1091" VPOS="1759" WIDTH="81" HEIGHT="32" WC="0.96" CONTENT="Juni"/><SP WIDTH="30" VPOS="1759" HPOS="1172"/>
							<String ID="string_281" HPOS="1202" VPOS="1760" WIDTH="78" HEIGHT="32" WC="0.96" CONTENT="1842"/><SP WIDTH="41" VPOS="1760" HPOS="1280"/>
							<String ID="string_282" HPOS="1321" VPOS="1759" WIDTH="61" HEIGHT="31" WC="0.95" CONTENT="och"/><SP WIDTH="41" VPOS="1759" HPOS="1382"/>
							<String ID="string_283" HPOS="1423" VPOS="1757" WIDTH="104" HEIGHT="40" WC="0.93" CONTENT="öfriga"/><SP WIDTH="42" VPOS="1757" HPOS="1527"/>
							<String ID="string_284" HPOS="1569" VPOS="1757" WIDTH="197" HEIGHT="32" WC="0.91" CONTENT="dithörande"/><SP WIDTH="29" VPOS="1757" HPOS="1766"/>
							<String ID="string_285" HPOS="1795" VPOS="1755" WIDTH="244" HEIGHT="41" WC="0.96" CONTENT="författningar,"/><SP WIDTH="30" VPOS="1755" HPOS="2039"/>
							<String ID="string_286" HPOS="2069" VPOS="1765" WIDTH="67" HEIGHT="23" WC="0.96" CONTENT="som"/>
						</TextLine>
						<TextLine ID="line_31" HPOS="549" VPOS="1804" WIDTH="993" HEIGHT="48">
							<String ID="string_287" HPOS="549" VPOS="1812" WIDTH="48" HEIGHT="31" WC="0.96" CONTENT="till"/><SP WIDTH="30" VPOS="1812" HPOS="597"/>
							<String ID="string_288" HPOS="627" VPOS="1811" WIDTH="79" HEIGHT="41" WC="0.96" CONTENT="följd"/><SP WIDTH="29" VPOS="1811" HPOS="706"/>
							<String ID="string_289" HPOS="735" VPOS="1811" WIDTH="35" HEIGHT="32" WC="0.96" CONTENT="af"/><SP WIDTH="25" VPOS="1811" HPOS="770"/>
							<String ID="string_290" HPOS="795" VPOS="1820" WIDTH="127" HEIGHT="23" WC="0.95" CONTENT="samma"/><SP WIDTH="29" VPOS="1820" HPOS="922"/>
							<String ID="string_291" HPOS="951" VPOS="1811" WIDTH="110" HEIGHT="32" WC="0.96" CONTENT="beslut"/><SP WIDTH="28" VPOS="1811" HPOS="1061"/>
							<String ID="string_292" HPOS="1089" VPOS="1810" WIDTH="53" HEIGHT="32" WC="0.50" CONTENT="må"/><SP WIDTH="28" VPOS="1810" HPOS="1142"/>
							<String ID="string_293" HPOS="1170" VPOS="1810" WIDTH="100" HEIGHT="33" WC="0.96" CONTENT="blifva"/><SP WIDTH="29" VPOS="1810" HPOS="1270"/>
							<String ID="string_294" HPOS="1299" VPOS="1804" WIDTH="243" HEIGHT="45" WC="0.67" CONTENT="erforderliga.”"/>
						</TextLine>
					</TextBlock>
					<TextBlock ID="block_12" HPOS="703" VPOS="1858" WIDTH="1082" HEIGHT="44">
						<TextLine ID="line_32" HPOS="703" VPOS="1858" WIDTH="1082" HEIGHT="44">
							<String ID="string_295" HPOS="703" VPOS="1863" WIDTH="34" HEIGHT="31" WC="0.96" CONTENT="af"/><SP WIDTH="25" VPOS="1863" HPOS="737"/>
							<String ID="string_296" HPOS="762" VPOS="1863" WIDTH="87" HEIGHT="31" WC="0.96" CONTENT="Herr"/><SP WIDTH="27" VPOS="1863" HPOS="849"/>
							<String ID="string_297" HPOS="876" VPOS="1873" WIDTH="59" HEIGHT="21" WC="0.91" CONTENT="von"/><SP WIDTH="31" VPOS="1873" HPOS="935"/>
							<String ID="string_298" HPOS="966" VPOS="1862" WIDTH="166" HEIGHT="40" WC="0.91" CONTENT="Gegerfelt,"/><SP WIDTH="37" VPOS="1862" HPOS="1132"/>
							<String ID="string_299" HPOS="1169" VPOS="1871" WIDTH="68" HEIGHT="22" WC="0.96" CONTENT="som"/><SP WIDTH="30" VPOS="1871" HPOS="1237"/>
							<String ID="string_300" HPOS="1267" VPOS="1860" WIDTH="165" HEIGHT="33" WC="0.96" CONTENT="instämde"/><SP WIDTH="30" VPOS="1860" HPOS="1432"/>
							<String ID="string_301" HPOS="1462" VPOS="1860" WIDTH="73" HEIGHT="31" WC="0.96" CONTENT="med"/><SP WIDTH="29" VPOS="1860" HPOS="1535"/>
							<String ID="string_302" HPOS="1564" VPOS="1859" WIDTH="87" HEIGHT="31" WC="0.95" CONTENT="Herr"/><SP WIDTH="27" VPOS="1859" HPOS="1651"/>
							<String ID="string_303" HPOS="1678" VPOS="1858" WIDTH="107" HEIGHT="40" WC="0.94" CONTENT="Faxe;"/>
						</TextLine>
					</TextBlock>
					<TextBlock ID="block_13" HPOS="552" VPOS="1907" WIDTH="1591" HEIGHT="304">
						<TextLine ID="line_33" HPOS="703" VPOS="1907" WIDTH="1435" HEIGHT="44">
							<String ID="string_304" HPOS="703" VPOS="1914" WIDTH="34" HEIGHT="32" WC="0.96" CONTENT="af"/><SP WIDTH="25" VPOS="1914" HPOS="737"/>
							<String ID="string_305" HPOS="762" VPOS="1914" WIDTH="87" HEIGHT="31" WC="0.93" CONTENT="Herr"/><SP WIDTH="28" VPOS="1914" HPOS="849"/>
							<String ID="string_306" HPOS="877" VPOS="1913" WIDTH="118" HEIGHT="32" WC="0.92" CONTENT="Grefve"/><SP WIDTH="34" VPOS="1913" HPOS="995"/>
							<String ID="string_307" HPOS="1029" VPOS="1913" WIDTH="256" HEIGHT="32" WC="0.95" CONTENT="Wachtmeister:"/><SP WIDTH="53" VPOS="1913" HPOS="1285"/>
							<String ID="string_308" HPOS="1338" VPOS="1910" WIDTH="71" HEIGHT="33" WC="0.78" CONTENT="&quot;Då"/><SP WIDTH="32" VPOS="1910" HPOS="1409"/>
							<String ID="string_309" HPOS="1441" VPOS="1921" WIDTH="39" HEIGHT="21" WC="0.95" CONTENT="en"/><SP WIDTH="29" VPOS="1921" HPOS="1480"/>
							<String ID="string_310" HPOS="1509" VPOS="1910" WIDTH="153" HEIGHT="41" WC="0.94" CONTENT="grundad"/><SP WIDTH="44" VPOS="1910" HPOS="1662"/>
							<String ID="string_311" HPOS="1706" VPOS="1909" WIDTH="222" HEIGHT="39" WC="0.94" CONTENT="anmärkning"/><SP WIDTH="42" VPOS="1909" HPOS="1928"/>
							<String ID="string_312" HPOS="1970" VPOS="1910" WIDTH="88" HEIGHT="29" WC="0.93" CONTENT="emot"/><SP WIDTH="27" VPOS="1910" HPOS="2058"/>
							<String ID="string_313" HPOS="2085" VPOS="1907" WIDTH="53" HEIGHT="32" WC="0.91" CONTENT="Ut-"/>
						</TextLine>
						<TextLine ID="line_34" HPOS="552" VPOS="1958" WIDTH="1585" HEIGHT="47">
							<String ID="string_314" HPOS="552" VPOS="1966" WIDTH="140" HEIGHT="31" WC="0.91" CONTENT="skottets"/><SP WIDTH="47" VPOS="1966" HPOS="692"/>
							<String ID="string_315" HPOS="739" VPOS="1965" WIDTH="123" HEIGHT="40" WC="0.94" CONTENT="förslag"/><SP WIDTH="29" VPOS="1965" HPOS="862"/>
							<String ID="string_316" HPOS="891" VPOS="1966" WIDTH="66" HEIGHT="30" WC="0.96" CONTENT="kan"/><SP WIDTH="30" VPOS="1966" HPOS="957"/>
							<String ID="string_317" HPOS="987" VPOS="1964" WIDTH="87" HEIGHT="40" WC="0.96" CONTENT="ligga"/><SP WIDTH="41" VPOS="1964" HPOS="1074"/>
							<String ID="string_318" HPOS="1115" VPOS="1965" WIDTH="50" HEIGHT="31" WC="0.92" CONTENT="uti"/><SP WIDTH="27" VPOS="1965" HPOS="1165"/>
							<String ID="string_319" HPOS="1192" VPOS="1965" WIDTH="62" HEIGHT="31" WC="0.96" CONTENT="den"/><SP WIDTH="37" VPOS="1965" HPOS="1254"/>
							<String ID="string_320" HPOS="1291" VPOS="1962" WIDTH="299" HEIGHT="41" WC="0.96" CONTENT="omständigheten,"/><SP WIDTH="40" VPOS="1962" HPOS="1590"/>
							<String ID="string_321" HPOS="1630" VPOS="1964" WIDTH="49" HEIGHT="28" WC="0.93" CONTENT="att"/><SP WIDTH="26" VPOS="1964" HPOS="1679"/>
							<String ID="string_322" HPOS="1705" VPOS="1960" WIDTH="187" HEIGHT="32" WC="0.91" CONTENT="fördelarne"/><SP WIDTH="43" VPOS="1960" HPOS="1892"/>
							<String ID="string_323" HPOS="1935" VPOS="1958" WIDTH="35" HEIGHT="33" WC="0.92" CONTENT="af"/><SP WIDTH="36" VPOS="1958" HPOS="1970"/>
							<String ID="string_324" HPOS="2006" VPOS="1963" WIDTH="131" HEIGHT="36" WC="0.92" CONTENT="pastors"/>
						</TextLine>
						<TextLine ID="line_35" HPOS="552" VPOS="2011" WIDTH="1589" HEIGHT="41">
							<String ID="string_325" HPOS="552" VPOS="2020" WIDTH="140" HEIGHT="28" WC="0.95" CONTENT="närvaro"/><SP WIDTH="42" VPOS="2020" HPOS="692"/>
							<String ID="string_326" HPOS="734" VPOS="2016" WIDTH="53" HEIGHT="32" WC="0.92" CONTENT="vid"/><SP WIDTH="36" VPOS="2016" HPOS="787"/>
							<String ID="string_327" HPOS="823" VPOS="2015" WIDTH="186" HEIGHT="33" WC="0.91" CONTENT="skolrådets"/><SP WIDTH="43" VPOS="2015" HPOS="1009"/>
							<String ID="string_328" HPOS="1052" VPOS="2015" WIDTH="271" HEIGHT="32" WC="0.95" CONTENT="sammanträden"/><SP WIDTH="28" VPOS="2015" HPOS="1323"/>
							<String ID="string_329" HPOS="1351" VPOS="2015" WIDTH="117" HEIGHT="31" WC="0.96" CONTENT="kunna"/><SP WIDTH="28" VPOS="2015" HPOS="1468"/>
							<String ID="string_330" HPOS="1496" VPOS="2013" WIDTH="102" HEIGHT="32" WC="0.93" CONTENT="blifva"/><SP WIDTH="28" VPOS="2013" HPOS="1598"/>
							<String ID="string_331" HPOS="1626" VPOS="2012" WIDTH="204" HEIGHT="40" WC="0.91" CONTENT="illusoriska,"/><SP WIDTH="42" VPOS="2012" HPOS="1830"/>
							<String ID="string_332" HPOS="1872" VPOS="2011" WIDTH="189" HEIGHT="40" WC="0.92" CONTENT="derigenom"/><SP WIDTH="30" VPOS="2011" HPOS="2061"/>
							<String ID="string_333" HPOS="2091" VPOS="2013" WIDTH="50" HEIGHT="28" WC="0.96" CONTENT="att"/>
						</TextLine>
						<TextLine ID="line_36" HPOS="552" VPOS="2060" WIDTH="1591" HEIGHT="44">
							<String ID="string_334" HPOS="552" VPOS="2067" WIDTH="98" HEIGHT="32" WC="0.96" CONTENT="dessa"/><SP WIDTH="28" VPOS="2067" HPOS="650"/>
							<String ID="string_335" HPOS="678" VPOS="2068" WIDTH="271" HEIGHT="32" WC="0.96" CONTENT="sammanträden"/><SP WIDTH="30" VPOS="2068" HPOS="949"/>
							<String ID="string_336" HPOS="979" VPOS="2066" WIDTH="67" HEIGHT="32" WC="0.96" CONTENT="ofta"/><SP WIDTH="29" VPOS="2066" HPOS="1046"/>
							<String ID="string_337" HPOS="1075" VPOS="2067" WIDTH="93" HEIGHT="31" WC="0.96" CONTENT="torde"/><SP WIDTH="28" VPOS="2067" HPOS="1168"/>
							<String ID="string_338" HPOS="1196" VPOS="2066" WIDTH="101" HEIGHT="33" WC="0.96" CONTENT="blifva"/><SP WIDTH="29" VPOS="2066" HPOS="1297"/>
							<String ID="string_339" HPOS="1326" VPOS="2069" WIDTH="127" HEIGHT="28" WC="0.96" CONTENT="utsatta"/><SP WIDTH="28" VPOS="2069" HPOS="1453"/>
							<String ID="string_340" HPOS="1481" VPOS="2065" WIDTH="54" HEIGHT="32" WC="0.95" CONTENT="vid"/><SP WIDTH="23" VPOS="2065" HPOS="1535"/>
							<String ID="string_341" HPOS="1558" VPOS="2064" WIDTH="96" HEIGHT="40" WC="0.96" CONTENT="tider,"/><SP WIDTH="24" VPOS="2064" HPOS="1654"/>
							<String ID="string_342" HPOS="1678" VPOS="2062" WIDTH="40" HEIGHT="33" WC="0.96" CONTENT="då"/><SP WIDTH="29" VPOS="2062" HPOS="1718"/>
							<String ID="string_343" HPOS="1747" VPOS="2066" WIDTH="114" HEIGHT="37" WC="0.96" CONTENT="pastor"/><SP WIDTH="41" VPOS="2066" HPOS="1861"/>
							<String ID="string_344" HPOS="1902" VPOS="2062" WIDTH="48" HEIGHT="31" WC="0.92" CONTENT="till"/><SP WIDTH="36" VPOS="2062" HPOS="1950"/>
							<String ID="string_345" HPOS="1986" VPOS="2060" WIDTH="80" HEIGHT="41" WC="0.95" CONTENT="följd"/><SP WIDTH="43" VPOS="2060" HPOS="2066"/>
							<String ID="string_346" HPOS="2109" VPOS="2060" WIDTH="34" HEIGHT="32" WC="0.96" CONTENT="af"/>
						</TextLine>
						<TextLine ID="line_37" HPOS="554" VPOS="2111" WIDTH="1587" HEIGHT="48">
							<String ID="string_347" HPOS="554" VPOS="2119" WIDTH="73" HEIGHT="32" WC="0.93" CONTENT="sina"/><SP WIDTH="31" VPOS="2119" HPOS="627"/>
							<String ID="string_348" HPOS="658" VPOS="2118" WIDTH="274" HEIGHT="41" WC="0.89" CONTENT="embetsgöromål"/><SP WIDTH="30" VPOS="2118" HPOS="932"/>
							<String ID="string_349" HPOS="962" VPOS="2127" WIDTH="76" HEIGHT="22" WC="0.95" CONTENT="vore"/><SP WIDTH="36" VPOS="2127" HPOS="1038"/>
							<String ID="string_350" HPOS="1074" VPOS="2117" WIDTH="193" HEIGHT="33" WC="0.96" CONTENT="förhindrad"/><SP WIDTH="30" VPOS="2117" HPOS="1267"/>
							<String ID="string_351" HPOS="1297" VPOS="2120" WIDTH="47" HEIGHT="29" WC="0.96" CONTENT="att"/><SP WIDTH="28" VPOS="2120" HPOS="1344"/>
							<String ID="string_352" HPOS="1372" VPOS="2117" WIDTH="74" HEIGHT="32" WC="0.93" CONTENT="dem"/><SP WIDTH="40" VPOS="2117" HPOS="1446"/>
							<String ID="string_353" HPOS="1486" VPOS="2116" WIDTH="181" HEIGHT="36" WC="0.88" CONTENT="öfvervara,"/><SP WIDTH="42" VPOS="2116" HPOS="1667"/>
							<String ID="string_354" HPOS="1709" VPOS="2114" WIDTH="50" HEIGHT="32" WC="0.96" CONTENT="får"/><SP WIDTH="36" VPOS="2114" HPOS="1759"/>
							<String ID="string_355" HPOS="1795" VPOS="2114" WIDTH="58" HEIGHT="40" WC="0.96" CONTENT="jag"/><SP WIDTH="27" VPOS="2114" HPOS="1853"/>
							<String ID="string_356" HPOS="1880" VPOS="2111" WIDTH="120" HEIGHT="34" WC="0.79" CONTENT="föreslå"/><SP WIDTH="29" VPOS="2111" HPOS="2000"/>
							<String ID="string_357" HPOS="2029" VPOS="2115" WIDTH="48" HEIGHT="29" WC="0.95" CONTENT="ett"/><SP WIDTH="28" VPOS="2115" HPOS="2077"/>
							<String ID="string_358" HPOS="2105" VPOS="2111" WIDTH="36" HEIGHT="33" WC="0.96" CONTENT="så"/>
						</TextLine>
						<TextLine ID="line_38" HPOS="553" VPOS="2168" WIDTH="747" HEIGHT="43">
							<String ID="string_359" HPOS="553" VPOS="2170" WIDTH="143" HEIGHT="40" WC="0.96" CONTENT="lydande"/><SP WIDTH="29" VPOS="2170" HPOS="696"/>
							<String ID="string_360" HPOS="725" VPOS="2171" WIDTH="114" HEIGHT="40" WC="0.96" CONTENT="tillägg"/><SP WIDTH="27" VPOS="2171" HPOS="839"/>
							<String ID="string_361" HPOS="866" VPOS="2171" WIDTH="50" HEIGHT="31" WC="0.95" CONTENT="till"/><SP WIDTH="29" VPOS="2171" HPOS="916"/>
							<String ID="string_362" HPOS="945" VPOS="2169" WIDTH="187" HEIGHT="33" WC="0.95" CONTENT="Utskottets"/><SP WIDTH="28" VPOS="2169" HPOS="1132"/>
							<String ID="string_363" HPOS="1160" VPOS="2168" WIDTH="140" HEIGHT="40" WC="0.94" CONTENT="förslag:"/>
						</TextLine>
					</TextBlock>
					<TextBlock ID="block_14" HPOS="952" VPOS="2213" WIDTH="1192" HEIGHT="99">
						<TextLine ID="line_39" HPOS="952" VPOS="2213" WIDTH="1192" HEIGHT="39">
							<String ID="string_364" HPOS="952" VPOS="2219" WIDTH="216" HEIGHT="33" WC="0.0" CONTENT="$Skolrådets"/><SP WIDTH="35" VPOS="2219" HPOS="1168"/>
							<String ID="string_365" HPOS="1203" VPOS="2220" WIDTH="270" HEIGHT="32" WC="0.96" CONTENT="sammanträden"/><SP WIDTH="19" VPOS="2220" HPOS="1473"/>
							<String ID="string_366" HPOS="1492" VPOS="2220" WIDTH="141" HEIGHT="31" WC="0.96" CONTENT="utsättas"/><SP WIDTH="29" VPOS="2220" HPOS="1633"/>
							<String ID="string_367" HPOS="1662" VPOS="2216" WIDTH="35" HEIGHT="33" WC="0.96" CONTENT="af"/><SP WIDTH="26" VPOS="2216" HPOS="1697"/>
							<String ID="string_368" HPOS="1723" VPOS="2215" WIDTH="220" HEIGHT="33" WC="0.96" CONTENT="ordföranden"/><SP WIDTH="29" VPOS="2215" HPOS="1943"/>
							<String ID="string_369" HPOS="1972" VPOS="2216" WIDTH="10" HEIGHT="31" WC="0.96" CONTENT="i"/><SP WIDTH="28" VPOS="2216" HPOS="1982"/>
							<String ID="string_370" HPOS="2010" VPOS="2213" WIDTH="134" HEIGHT="34" WC="0.96" CONTENT="samråd"/>
						</TextLine>
						<TextLine ID="line_40" HPOS="952" VPOS="2270" WIDTH="246" HEIGHT="42">
							<String ID="string_371" HPOS="952" VPOS="2272" WIDTH="75" HEIGHT="32" WC="0.95" CONTENT="med"/><SP WIDTH="25" VPOS="2272" HPOS="1027"/>
							<String ID="string_372" HPOS="1052" VPOS="2270" WIDTH="146" HEIGHT="42" WC="0.82" CONTENT="pastor.&quot;"/>
						</TextLine>
					</TextBlock>
				</ComposedBlock>
			</PrintSpace>
		</Page>
	</Layout>
</alto>
