2170 2604
428 176 19 27 4
844 177 114 30 Andra
980 177 224 38 lagutskottets
1225 178 164 30 utlåtande
1410 180 46 28 Nr
1477 180 47 30 26.

387 264 56 30 der
464 265 17 37 8
502 266 19 30 3
541 267 11 28 i
572 266 194 37 protokollet
786 266 52 29 för
859 266 61 30 den
939 266 19 30 3
978 275 88 21 mars
1086 266 77 30 1921
1185 283 37 4 —
1244 267 172 30 anbefallts
1438 269 45 28 att
1503 269 48 29 till
1572 269 196 38 riksdagens
1789 271 103 31 andra
1914 271 67 37 lag-

386 308 123 31 utskott
526 310 116 36 avgiva
658 309 175 30 utlåtande.

526 352 150 30 Härefter
693 352 122 31 beslöts
833 354 158 29 skrivelse
1014 353 50 37 (se
1081 354 222 37 registratur).

526 396 83 30 Herr
627 396 194 38 Lindhagen
839 406 58 21 var
916 397 170 37 skiljaktig
1105 398 61 29 och
1186 398 148 30 anförde:

528 440 90 30 ”Den
653 440 251 38 ifrågavarande
938 441 52 29 för
1013 441 124 30 åborna
1161 442 212 37 synnerligen
1396 443 125 36 viktiga
1545 443 103 37 fråga,
1675 443 53 30 för
1751 454 75 21 vars
1851 447 132 37 lösning

386 484 125 30 åborna
536 484 103 30 under
664 484 99 38 långa
788 484 81 30 tider
894 487 29 35 ej
950 485 127 37 lyckats
1102 485 133 37 påkalla
1260 485 108 37 någon
1395 487 175 37 tillräcklig
1596 488 285 36 uppmärksamhet
1908 490 74 29 från

386 528 230 30 statsmaktens
641 528 82 35 sida,
748 529 59 29 bör
831 529 109 36 någon
965 529 87 37 gång
1076 529 41 37 på
1142 529 104 30 allvar
1270 530 161 37 upptagas
1456 530 48 29 till
1528 532 171 36 prövning.
1735 531 122 30 Därvid
1880 533 103 30 måste

387 575 80 26 även
497 575 176 34 övervägas
701 573 120 29 sakens
848 572 188 37 reglerande
1063 582 115 27 genom
1204 583 45 28 ny
1276 574 60 29 och
1362 573 105 38 tydlig
1493 574 62 37 lag,
1583 575 11 28 i
1622 575 62 29 den
1710 575 75 30 mån
1811 575 39 30 de
1875 577 108 36 gamla

388 616 124 35 oklara,
540 616 187 30 förvittrade
754 616 272 37 författningarne
1052 618 30 36 ej
1109 618 109 28 lämna
1244 617 188 37 tillräckligt
1459 618 71 29 stöd
1557 618 51 29 för
1634 619 284 37 upprätthållande
1944 629 40 21 av

385 660 148 29 kronans
552 660 235 37 ursprungliga
807 661 142 28 avsikter
969 661 69 29 med
1059 660 96 31 dessa
1175 661 190 29 donationer
1385 663 83 28 samt
1489 661 275 37 förverkligandet
1784 672 40 20 av
1843 664 61 28 vad
1924 664 58 29 bil-

387 703 100 37 lighet
511 704 60 29 och
594 713 40 20 en
656 704 64 36 god
741 704 298 37 samhällsordning
1061 704 103 30 under
1185 704 188 30 nuvarande
1396 704 227 31 förhållanden
1645 706 110 36 bjuda.
1779 706 16 29 I
1817 716 40 20 en
1879 707 103 30 sådan

386 747 234 37 angelägenhet
643 750 37 27 är
702 747 51 30 det
776 757 41 21 av
838 750 121 28 största
980 748 171 38 betydelse,
1175 749 45 29 att
1242 748 136 30 framför
1400 749 58 29 allt
1480 749 179 37 riksdagen
1679 750 72 29 med
1774 751 52 29 sin
1850 751 131 37 opinion

388 792 108 29 stöder
512 792 112 29 kravet
640 792 42 37 på
700 801 40 20 en
758 792 102 29 sådan
878 792 160 37 prövning
1056 793 61 28 och
1135 795 81 26 även
1234 792 346 37 jordkommissionens
1600 793 109 30 arbete
1726 795 11 27 i
1754 796 104 28 ämnet
1875 794 108 30 skulle

386 835 189 38 därigenom
594 836 100 29 vinna
713 837 11 27 i
744 836 123 37 styrka.
899 835 61 30 Det
980 844 98 29 synes
1099 837 65 35 mig
1186 835 111 30 därför
1316 836 80 29 böra
1419 836 158 35 förordas,
1599 838 44 28 att
1664 837 176 37 riksdagen
1862 837 122 30 avlåter

389 889 39 20 en
445 879 158 30 skrivelse
619 880 10 27 i
646 880 181 29 motionens
845 879 114 38 syfte.”

528 967 74 30 Som
623 975 92 22 ovan.

1634 1011 41 30 In
1698 1011 110 31 fidem:

1595 1055 78 30 Seve
1705 1055 137 39 Ekberg.

530 1098 145 31 Justerat
692 1099 61 30 den
770 1098 50 36 15/3
839 1099 86 30 1921.

610 1142 30 30 J.
662 1142 165 31 Hansson.

976 1204 74 29 Rätt
1080 1203 149 37 utdraget
1258 1203 134 38 betygar

1079 1246 50 31 Ex
1155 1247 127 30 officio:

1024 1299 111 31 SEVE
1160 1299 189 31 EKBERG.
