2176 2689
346 173 38 31 10
827 173 309 31 Jordbruksulskottels
1163 172 152 31 Utlåtande
1337 172 46 30 Nr
1408 172 50 29 70.

343 261 75 31 stor
454 253 230 51 omfattning.
741 253 128 50 Enligt
910 255 108 48 lagen
1051 254 72 36 kan
1147 254 44 49 ju
1219 254 180 48 knappast
1423 251 196 38 underhåll
1647 251 148 51 åläggas
1829 252 116 37 andra

342 309 216 51 fastigheter
587 316 45 29 än
661 310 56 45 de,
743 321 77 24 som
849 316 61 29 äro
939 309 156 49 belägna
1124 308 63 37 vid
1216 315 119 43 vägen
1363 309 88 36 eller
1481 309 164 48 begagna
1660 307 71 36 den
1750 320 78 23 som
1848 311 93 33 stän-

344 366 63 48 dig
435 364 216 50 utfartsväg.
708 364 104 37 Dock
840 365 118 35 finnas
986 371 125 43 vägar,
1139 363 128 37 hvilka
1295 364 31 48 ej
1356 362 119 50 ingått
1494 376 78 23 som
1588 363 194 44 allmänna,
1796 362 145 37 hvarest

344 420 70 36 den
456 420 187 36 allmänna
679 420 158 35 trafiken
879 425 38 30 är
959 419 111 36 minst
1097 417 75 37 fem
1200 419 57 36 till
1285 419 52 35 tio
1365 417 138 50 gånger
1531 423 114 31 större
1672 421 44 32 än
1745 417 44 36 de
1817 415 123 52 fastig-

342 476 120 35 heters
503 475 120 41 trafik,
667 487 76 23 som
772 474 164 49 lagligen
965 481 62 29 äro
1061 473 169 49 skyldiga
1262 476 53 33 att
1347 472 217 37 underhålla
1591 479 128 42 vägen.
1773 471 166 37 Emedan

341 530 110 48 lagen
493 543 61 22 om
595 529 185 36 allmänna
823 536 114 42 vägar
976 529 72 35 kan
1089 528 121 36 tolkas
1238 527 38 37 så
1304 528 107 45 olika,
1441 526 115 38 hafva
1584 529 99 34 stora
1711 526 228 49 ojämnheter

342 583 166 50 uppstått
549 584 61 36 vid
650 582 196 50 intagande
875 582 40 37 af
941 584 188 35 allmänna
1153 589 127 42 vägar,
1311 582 77 36 dels
1415 582 100 36 inom
1545 581 99 37 olika
1671 581 268 49 väghållnings-

342 639 147 36 distrikt
530 638 67 37 och
626 639 76 36 dels
729 639 101 35 inom
859 651 139 23 samma
1027 638 155 36 distrikt.
1238 636 111 37 Detta
1372 637 67 36 har
1466 637 109 49 gjort,
1603 639 53 33 att
1684 635 133 50 många
1845 636 94 49 byar

342 695 67 34 och
452 693 163 36 enskilda
653 692 213 48 fastigheter
898 691 136 46 blifvit,
1061 692 63 37 vid
1154 691 149 49 delning
1331 690 41 37 af
1397 692 185 35 allmänna
1610 698 123 42 vägar,
1761 690 77 36 helt
1866 690 71 36 fria

341 746 83 36 från
466 747 195 35 underhåll
698 747 38 34 af
764 746 164 35 enskilda
955 753 123 41 vägar,
1108 745 116 35 andra
1252 746 91 47 byar
1370 746 129 42 finnag,
1529 746 146 34 hvarest
1702 743 234 36 underhållet

341 800 41 37 af
408 800 165 37 enskilda
600 800 111 49 vägar
738 804 39 33 är
803 800 76 43 lika
902 802 103 42 stort,
1030 800 51 49 ja,
1097 799 123 37 blifvit
1247 803 116 32 större
1383 802 44 33 än
1447 797 111 38 förut.
1605 797 110 37 Detta
1734 797 66 36 har
1823 798 111 49 gjort,

342 859 54 32 att
424 868 86 22 man
539 855 81 36 sökt
647 856 168 47 utjämna
843 854 562 48 underhållningsskyldigheten
1425 854 37 35 af
1481 853 166 36 enskilda
1662 855 148 46 vägar
1791 849 19 58 å
1828 857 107 31 samt-
1975 859 3 2 '

342 910 73 48 liga
439 908 422 51 jordbruksfastigheter
888 910 99 35 inom
1016 910 236 34 kommunen.
1309 907 64 36 Ett
1401 906 128 37 sådant
1556 905 123 38 försök
1698 907 61 35 till
1779 906 156 49 utjämn-

341 965 89 48 ning
458 964 68 36 har
554 968 125 32 nästan
708 964 106 35 alltid
842 963 164 36 strandat
1034 961 48 51 på
1109 967 56 31 att
1192 976 44 23 en
1264 962 87 36 eller
1378 964 114 47 några
1520 960 301 50 fastighetsägare
1849 961 87 36 eller

341 1017 237 38 innehafvare
619 1023 129 44 vägrat
784 1017 45 49 gå
857 1019 35 34 in
913 1019 47 47 på
987 1019 112 47 något
1127 1017 130 50 dylikt.
1312 1016 17 36 I
1358 1016 137 36 saknad
1523 1017 39 34 af
1590 1016 61 49 lag
1678 1016 12 35 i
1719 1018 122 33 ämnet
1869 1016 66 35 har

341 1074 198 35 orättvisan
567 1073 31 48 ej
628 1073 141 36 kunnat
788 1071 193 50 afhjälpas.
1025 1072 85 36 Man
1125 1071 65 36 har
1205 1070 144 50 påstått,
1370 1074 55 33 att
1445 1070 43 37 de
1504 1068 420 51 jordbruksfastigheter

341 1140 80 24 som
449 1126 82 50 låge
559 1127 106 48 långt
692 1125 79 37 från
800 1127 135 35 allmän
964 1133 83 42 väg,
1076 1126 146 49 inköpts
1249 1126 61 35 till
1337 1126 104 48 lägre
1469 1125 75 48 pris
1573 1131 44 28 än
1646 1124 55 44 de,
1729 1137 78 23 som
1836 1124 100 49 ligga

342 1182 64 35 vid
435 1182 140 35 allmän
604 1188 81 42 väg,
713 1181 144 35 hvadan
884 1181 110 48 ingen
1023 1181 171 35 orättvisa
1222 1179 90 50 ägde
1327 1193 94 23 rum.
1479 1180 113 35 Detta
1611 1177 194 51 påstående
1824 1176 110 38 faller

340 1235 47 50 på
428 1235 62 36 det
521 1235 158 44 faktum,
708 1239 55 31 att
790 1234 63 36 vid
881 1247 74 37 nya
978 1234 269 48 vägdelningen
1276 1234 62 35 det
1364 1232 158 50 mången
1549 1232 96 49 gång
1672 1233 96 34 varit
1796 1245 45 22 en
1868 1245 65 22 ren

342 1288 183 50 lyckträff,
555 1302 59 23 om
642 1301 45 23 en
715 1288 143 37 enskild
886 1293 70 44 väg
983 1288 118 49 ingått
1117 1301 76 23 som
1209 1288 136 36 allmän
1369 1287 89 36 eller
1476 1288 44 47 ej,
1536 1287 37 35 så
1593 1287 232 48 ojämnheten
1845 1287 88 35 eller

340 1344 201 36 orättvisan
582 1344 13 34 i
635 1342 280 37 förhållandena
957 1342 46 49 på
1031 1342 101 36 detta
1160 1342 145 35 område
1332 1354 74 35 nog
1433 1342 31 47 ej
1496 1342 123 34 kunna
1647 1341 284 35 bortresoneras.

341 1397 69 36 Att
437 1410 86 23 man
551 1398 108 35 äfven
688 1397 63 35 vid
778 1397 226 35 tillkomsten
1019 1395 41 37 af
1084 1397 108 48 lagen
1209 1408 59 24 om
1289 1395 164 36 enskilda
1467 1401 113 42 vägar
1595 1399 128 40 ansett,
1742 1399 53 30 att
1813 1393 121 50 någon

342 1452 208 48 utjämning
578 1450 41 36 af
644 1450 233 36 underhållet
904 1452 84 35 bort
1015 1450 74 44 ske,
1119 1462 104 37 synes
1252 1448 112 45 däraf,
1392 1454 54 31 att
1469 1450 190 43 utskottet,
1677 1460 78 24 som
1774 1447 160 37 behand-

343 1507 53 35 lat
436 1504 247 50 lagförslaget,
713 1505 111 36 insatt
856 1505 11 35 i
896 1504 203 37 detsamma
1132 1517 43 23 en
1203 1501 176 51 paragraf
1404 1502 39 36 af
1470 1503 174 42 innehåll,
1672 1508 54 29 att
1754 1502 181 35 kommun

342 1560 120 36 skulle
504 1566 68 41 äga
613 1562 72 33 rätt
717 1562 56 33 att
802 1558 152 49 bidraga
980 1559 61 35 till
1070 1558 195 49 byggande
1294 1558 68 35 och
1389 1556 195 37 underhåll
1612 1557 38 35 af
1678 1556 143 36 enskild
1851 1562 81 41 väg.

342 1615 130 35 Denna
501 1614 170 48 paragraf
694 1618 128 44 antogs
845 1614 39 34 af
911 1612 129 36 Andra
1067 1613 222 43 kammaren,
1312 1624 84 23 men
1416 1610 136 49 afslogs
1567 1609 37 37 af
1626 1609 128 37 Första
1772 1610 162 35 kamma-

342 1681 65 23 ren
426 1668 68 36 och
513 1668 147 35 uteslöts
682 1666 63 37 vid
764 1666 401 49 sammanjämkningen
1185 1665 39 37 af
1240 1666 178 36 besluten.
1473 1664 189 50 Rättighet
1679 1665 58 35 för
1755 1665 179 35 kommun

343 1725 55 33 att
425 1722 143 36 besluta
610 1734 61 23 om
712 1721 132 49 bidrag
877 1722 56 35 till
957 1720 196 37 underhåll
1181 1721 38 35 af
1247 1719 139 37 enskild
1416 1727 69 40 väg
1513 1732 86 23 vore
1627 1731 73 36 nog
1729 1714 203 70 olämpligt,

343 1776 151 36 emedan
522 1775 56 46 de,
607 1788 79 23 som
715 1751 155 72 bidraga
884 1775 85 36 med
983 1774 129 36 endast
1139 1775 205 49 penningar
1371 1774 59 35 till
1458 1773 312 49 vägunderhållet,
1794 1773 31 48 ej
1846 1773 88 35 böra

342 1830 182 49 betungas
564 1829 84 36 med
689 1828 126 37 sådant
856 1842 97 23 mera
994 1833 44 32 än
1079 1829 58 35 till
1170 1829 188 35 allmänna
1386 1834 120 42 vägar.
1564 1828 66 35 Ett
1658 1826 128 37 sådant
1815 1827 120 35 beslut

343 1884 123 36 kunde
495 1883 108 36 också
629 1883 129 36 tänkas
786 1882 46 49 gå
859 1884 128 35 alltför
1010 1882 102 49 långt
1140 1883 12 35 i
1179 1882 141 48 ensidig
1346 1882 174 48 riktning.

450 1938 73 35 Till
550 1936 324 38 åstadkommande
903 1938 36 35 af
968 1936 209 50 utjämning
1206 1936 66 36 och
1299 1936 141 36 lättnad
1467 1935 56 37 för
1551 1935 44 36 de
1624 1934 39 36 af
1689 1933 191 38 underhåll
1898 1932 40 37 af

342 1991 165 37 enskilda
535 1998 116 42 vägar
679 1997 93 30 mest
799 1991 207 49 betungade
1030 1991 116 36 börai
1176 2003 44 24 en
1252 1991 187 43 kommun,
1458 1990 117 49 enligt
1594 1990 76 34 min
1687 1988 104 45 åsikt,
1808 1988 128 36 endast

343 2046 42 35 de
427 2044 444 51 fastighetsinnehafvare,
902 2058 76 23 som
1007 2049 133 44 utgöra
1172 2043 264 49 vägunderhåll
1464 2044 37 35 in
1529 2048 140 40 natura,
1697 2042 20 36 å
1745 2043 191 35 allmänna

342 2103 109 45 vägar
478 2100 157 60 bidraga.
690 2099 112 36 Detta
829 2099 131 49 bidrag
987 2099 68 36 bör
1084 2097 89 51 utgå
1201 2097 39 37 af
1265 2103 132 31 statens
1425 2098 129 47 bidrag
1582 2098 58 35 till
1667 2096 268 49 väghållnings-

343 2130 168 88 skyldige
536 2154 38 35 in
602 2159 134 30 natura
764 2154 101 35 inom
885 2154 233 36 kommunen.
1148 2152 79 37 Den
1247 2152 129 49 högsta
1395 2151 107 36 andel
1521 2150 42 37 af
1574 2151 264 49 statsbidraget,
1857 2162 78 24 som

342 2206 56 38 får
427 2207 89 62 utgå
544 2220 76 24 som
648 2207 130 49 bidrag
806 2208 59 35 till
893 2207 166 37 enskilda
1073 2213 132 42 vägars
1232 2206 194 49 byggande
1446 2206 68 35 och
1535 2205 205 45 underhåll,
1764 2205 67 35 bör
1850 2204 85 36 fast-

342 2263 70 35 slåg
444 2263 12 34 i
484 2263 107 49 lagen
618 2267 93 31 samt
740 2262 65 36 bör
834 2263 31 47 ej
896 2261 38 36 få
962 2260 224 38 öfverskrida
1215 2263 49 35 40
1299 2262 56 46 95.
1410 2261 126 35 Beslut
1563 2273 60 23 om
1652 2234 128 61 sådant
1808 2258 128 49 bidrag
