1858 2782
115 147 48 30 Nr
186 146 172 30 111—112
472 143 285 30 Statsutskottets
778 141 178 31 utlåtande
976 150 42 20 nr
1039 141 58 29 111
1119 141 39 29 år
1179 138 82 31 1957
1605 136 14 29 1

812 377 59 40 Nr
895 377 71 39 111

341 483 183 31 Utlåtande
556 482 11 30 i
594 480 190 40 anledning
813 489 42 20 av
883 478 128 39 Kungl.
1040 477 125 39 Maj:ts
1195 474 217 42 proposition
1442 472 178 40 angående

563 531 163 40 teckning
751 540 43 21 av
818 529 200 41 ytterligare
1043 527 113 31 aktier
1182 527 11 29 i
1218 525 241 38 Aktiebolaget
1482 524 139 29 Statens

559 580 300 41 skogsindustrier
875 589 46 21 m.
938 590 46 20 m.
1001 578 110 40 jämte
1136 577 5 29 i
1159 577 119 29 ämnet
1296 575 122 30 väckta
1436 573 182 30 motioner.

1386 626 73 33 (5:e
1480 623 93 34 avd.)

164 739 12 29 I
198 736 264 42 propositionen
484 745 42 20 nr
549 735 59 29 117
630 734 64 29 har
716 733 126 39 Kungl.
864 731 117 40 Maj:t,
1004 731 110 29 under
1136 727 219 41 åberopande
1378 736 42 20 av
1441 725 107 39 bilagt
1570 726 53 28 ut-

118 791 86 38 drag
222 798 44 21 av
283 785 385 41 statsrådsprotokollet
687 786 81 29 över
787 782 276 31 finansärenden
1083 780 55 30 för
1156 780 68 29 den
1246 780 38 29 15
1304 786 94 21 mars
1420 776 93 35 1957,
1533 775 90 29 före-

120 840 102 39 slagit
241 839 189 39 riksdagen
449 839 50 28 att
521 836 33 34 1)
579 835 187 40 godkänna
786 835 41 29 de
848 833 131 38 förslag
998 830 222 31 beträffande
1240 828 171 40 reglering
1431 836 42 20 av
1494 825 129 30 förhål-

120 891 151 30 landena
313 889 128 29 mellan
483 886 250 31 domänverket
776 884 65 30 och
883 882 242 39 Aktiebolaget
1156 881 138 29 Statens
1327 875 296 42 skogsindustrier

121 951 44 20 m.
190 951 45 21 m.
260 949 76 21 som
359 940 11 29 i
395 938 154 30 nämnda
573 934 349 41 statsrådsprotokoll
947 932 176 30 förordats
1149 933 91 27 samt
1263 928 209 39 bemyndiga
1498 926 125 39 Kungl.

121 992 106 39 Maj:t
246 993 50 29 att
315 990 141 38 vidtaga
479 989 6 29 i
505 987 170 31 samband
695 985 145 31 därmed
860 982 228 40 erforderliga
1108 981 176 39 åtgärder;
1308 979 35 34 2)
1369 978 51 30 till
1442 976 182 40 Reglering

120 1052 43 20 av
181 1041 241 38 Aktiebolaget
441 1040 138 29 Statens
598 1035 317 41 skogsindustriers
934 1034 59 29 lån
1011 1033 64 29 hos
1095 1030 251 31 domänverket
1366 1029 19 30 å
1405 1027 220 41 kapitalbud-

121 1095 111 38 geten,
254 1092 132 29 fonden
407 1090 55 30 för
483 1086 283 35 låneunderstöd,
789 1086 56 30 för
864 1084 206 39 budgetåret
1093 1080 150 37 1957/58
1265 1079 121 31 anvisa
1408 1081 48 28 ett
1478 1078 147 29 investe-

122 1143 221 39 ringsanslag
365 1150 42 20 av
428 1139 41 31 34
483 1139 63 30 550
561 1138 62 30 000
645 1138 141 32 kronor,
810 1137 91 28 samt
923 1134 36 34 3)
987 1134 52 29 till
1061 1131 269 38 Aktieteckning
1352 1130 11 29 i
1385 1128 240 39 Aktiebolaget

123 1195 137 30 Statens
290 1189 297 42 skogsindustrier
615 1189 21 30 å
663 1186 322 41 kapitalbudgeten,
1014 1183 130 30 fonden
1174 1182 54 30 för
1258 1182 132 28 statens
1419 1178 122 34 aktier,
1571 1178 55 29 för

122 1244 206 41 budgetåret
350 1241 149 36 19357/58
519 1239 121 31 anvisa
659 1240 50 29 ett
728 1234 356 41 investeringsanslag
1105 1242 42 21 av
1167 1232 39 30 35
1222 1231 63 30 000
1301 1231 61 30 000
1383 1230 141 29 kronor.

167 1346 12 29 I
195 1343 264 42 propositionen
474 1341 157 33 föreslås,
648 1341 50 28 att
714 1337 241 39 Aktiebolaget
972 1336 137 30 Statens
1126 1331 298 41 skogsindustrier
1441 1330 89 30 skall
1547 1328 82 31 skil-

121 1396 56 40 jas
195 1396 81 29 från
294 1392 250 32 domänverket
562 1391 64 29 och
645 1389 116 31 direkt
779 1386 236 32 underställas
1035 1385 125 39 Kungl.
1179 1383 107 39 Maj:t
1306 1383 90 29 samt
1415 1380 121 31 därvid
1556 1388 72 21 sor-

123 1449 74 27 tera
221 1445 112 30 under
357 1440 437 41 handelsdepartementet.
819 1438 161 39 Bolagets
1006 1435 112 31 aktier
1144 1434 90 30 skall
1259 1432 178 31 överföras
1463 1431 80 29 från
1569 1431 59 29 do-

123 1496 217 31 mänfonden
360 1494 51 30 till
430 1494 67 29 den
516 1492 111 30 under
646 1490 272 30 statskontorets
938 1486 214 38 förvaltning
1173 1484 142 30 stående
1335 1483 130 29 fonden
1485 1481 55 30 för
1561 1482 67 28 sta-

124 1550 76 28 tens
224 1546 123 30 aktier.
372 1542 184 40 Samtidigt
578 1550 98 21 avses
695 1541 47 29 de
766 1537 231 32 ekonomiska
1021 1535 337 31 mellanhavandena
1383 1532 128 30 mellan
1535 1531 94 30 bola-

127 1598 54 38 get
200 1596 66 29 och
286 1593 251 32 domänverket
557 1592 46 29 bli
623 1590 188 39 reglerade.

169 1648 13 29 I
204 1647 89 40 syfte
315 1647 49 29 att
385 1644 222 30 konsolidera
627 1642 155 39 bolagets
803 1638 232 32 ekonomiska
1056 1636 176 39 ställning,
1254 1636 158 29 närmast
1433 1642 125 31 genom
1579 1633 51 29 att

125 1698 193 39 nedbringa
342 1698 41 28 de
406 1694 219 39 kortfristiga
649 1692 192 30 skulderna
863 1691 53 29 till
939 1699 43 20 en
1006 1688 112 39 skälig
1141 1687 91 34 nivå,
1257 1685 147 31 föreslås
1427 1684 128 35 vidare,
1580 1684 50 28 att

125 1749 136 39 bolaget
282 1748 112 30 under
415 1747 101 28 nästa
535 1744 170 39 budgetår
726 1742 149 30 tillföres
896 1742 49 28 ett
966 1740 125 39 belopp
1113 1748 42 20 av
1176 1738 40 29 35
1239 1737 164 39 miljoner
1424 1736 130 29 kronor
1577 1742 53 31 ge-

126 1809 82 20 nom
233 1798 131 39 ökning
389 1806 42 20 av
454 1794 276 40 aktiekapitalet.
756 1793 13 29 I
795 1791 263 41 propositionen
1083 1789 217 32 förutsättes,
1326 1788 49 29 att
1400 1786 155 38 bolagets
1579 1785 52 29 in-

126 1849 215 39 vesteringar
364 1847 74 29 icke
460 1848 86 27 utan
569 1844 292 30 statsmakternas
885 1841 209 38 föregående
1116 1838 172 41 prövning
1311 1837 92 40 gives
1427 1837 109 29 större
1560 1844 72 20 om-

127 1899 153 39 fattning
298 1899 44 28 än
361 1899 48 28 att
429 1897 40 29 de
488 1896 70 29 kan
577 1895 120 29 täckas
716 1901 126 31 genom
861 1889 334 42 självfinansiering.

745 2039 269 42 Propositionen

175 2143 13 29 I
211 2138 383 41 statsrådsprotokollet
616 2136 177 30 redovisas
816 2137 40 28 de
879 2135 93 29 olika
994 2134 165 38 frågorna
1181 2132 110 29 under
1315 2130 155 39 följande
1493 2128 139 32 avsnitt,

132 2193 51 29 till
203 2192 95 29 vilka
319 2191 169 29 utskottet
510 2189 53 29 får
584 2187 162 30 hänvisa:

176 2240 185 39 Inledning
384 2240 42 33 (s.
446 2240 50 31 2).

177 2290 241 38 Aktiebolaget
441 2289 139 28 Statens
604 2284 317 40 skogsindustriers
944 2281 263 41 framställning
1235 2281 43 33 (s.
1303 2280 138 32 3—13).

180 2341 213 29 Yttrandena
419 2342 42 28 (s.
487 2338 157 31 13—19).

178 2389 262 32 Promemorian
463 2388 147 29 rörande
630 2385 238 40 förhållandet
890 2383 127 29 mellan
1040 2380 249 31 domänverket
1312 2379 62 29 och
1397 2377 240 38 Aktiebolaget

133 2442 138 27 Statens
294 2437 298 39 skogsindustrier
621 2436 42 31 (s.
693 2435 158 31 19—30).

166 2509 9 24 1
222 2508 111 29 Bihang
347 2506 45 24 till
405 2505 168 29 riksdagens
585 2503 147 31 protokoll
747 2503 72 23 1957.
840 2503 15 22 6
867 2500 82 24 saml.
968 2503 38 22 Nr
1020 2501 129 22 111-112
