2161 2645
714 189 169 32 Statsutsk
906 194 74 29 ttets
1028 191 154 33 Utlåtande
1208 193 60 32 N:o
1292 197 48 28 51.
1773 200 17 27 5

358 275 302 45 Telegrufmedlen.
721 277 17 35 I
776 289 43 24 en
857 279 53 35 till
944 279 130 45 Kongl.
1105 281 106 46 Maj:t
1241 282 65 35 den
1336 285 19 32 9
1385 284 186 34 november
1598 285 168 35 nästlidet
1793 283 40 37 ar

223 324 126 37 aflåten
378 328 182 35 skrifvelse
588 330 98 43 hade,
716 331 109 44 enligt
855 332 92 34 hvad
978 332 9 33 i
1008 333 104 35 ofvan
1132 333 196 46 åberopade
1349 333 343 47 statsradsprotokoll
1708 338 123 34 vidare

222 380 182 44 meddelas,
432 382 319 44 telegrafstyrelsen
781 383 130 45 anfört,
942 387 54 32 att
1023 386 299 44 telegrafmedlen,
1353 388 121 35 hvilka
1502 389 191 34 beräknats
1718 389 54 35 för
1791 387 40 37 år

227 433 90 32 1888
352 433 50 32 till
434 435 192 39 1,275,000
654 435 130 33 kronor
813 436 63 32 och
906 436 54 33 för
989 434 39 36 är
1061 439 91 32 1889
1182 438 54 33 till
1269 440 194 41 1,200,000
1492 440 138 41 kronor,
1660 441 112 33 under
1791 439 40 36 år

227 484 89 33 1887
360 484 146 43 uppgått
546 484 51 34 till
642 486 196 42 1,229,859
867 487 132 34 kronor
1029 490 45 32 54
1103 491 56 32 öre
1187 499 77 25 men
1294 492 54 32 för
1376 488 39 36 år
1448 492 102 41 1888,
1580 488 43 46 på
1651 492 115 43 grund
1795 492 39 34 af

223 544 40 23 en
303 536 131 42 ganska
475 536 155 44 betydlig
669 537 144 35 tillväxt
846 538 10 34 i
891 539 489 45 telegrafkorrespondensen,
1415 542 239 45 förnämligast
1685 543 64 34 den
1780 548 50 30 ut-

222 586 157 39 ländska,
420 588 200 43 antagligen
660 589 136 34 komme
839 592 54 31 att
926 589 117 45 uppgå
1071 592 54 33 till
1153 592 104 34 minst
1290 595 194 40 1,340,000
1512 594 136 33 kronor.
1709 594 121 35 Under

220 637 138 34 erinran
412 641 50 31 att
516 639 56 34 det
624 639 185 35 inländska
855 642 299 44 telegramportot,
1201 654 71 23 som
1318 644 166 34 nästlidet
1524 642 38 36 år
1602 645 137 44 utgjort
1784 656 42 23 en

222 688 107 34 krona
372 690 51 33 för
464 690 165 43 telegram
671 702 52 22 om
759 691 105 44 högst
898 692 128 34 femton
1057 695 71 41 ord,
1158 695 75 33 med
1264 695 132 44 ökning
1424 696 39 33 af
1487 696 170 44 tjugutem
1688 700 59 30 öre
1776 697 53 34 för

222 739 122 44 hvarje
383 738 181 47 påbörjadt
606 742 119 34 femtai
767 743 61 33 ord
871 743 214 42 derutöfver,
1114 743 78 36 från
1222 746 63 34 och
1314 747 75 34 med
1418 744 40 36 år
1489 748 91 33 1889
1610 748 136 34 komme
1775 752 55 30 att

221 792 213 44 väsentligen
463 793 191 39 förändras,
684 794 10 33 i
722 794 59 35 det
807 794 141 45 jemlikt
976 797 116 43 kongl.
1124 798 233 43 kungörelsen
1385 799 64 33 den
1473 801 18 32 5
1512 800 145 33 oktober
1677 800 152 34 sistlidet

222 841 38 36 är
301 844 145 35 nämnda
480 848 96 41 porto
605 846 110 34 skulle
745 843 78 38 från
853 847 62 35 och
946 849 75 33 med
1050 849 239 35 innevarande
1318 848 57 37 års
1403 850 122 45 början
1553 854 126 41 utgöra
1708 852 121 35 femtio

220 899 57 31 öre
305 896 53 34 för
390 897 163 44 telegram
584 908 51 24 om
663 898 101 44 högst
795 899 49 34 tio
874 900 72 43 ord,
977 901 74 34 med
1082 902 124 44 tillägg
1234 902 37 34 af
1298 902 68 35 fem
1395 906 58 31 öre
1481 903 53 34 för
1562 903 125 45 hvarje
1716 904 111 35 öfver-

223 947 184 45 skjutande
434 949 70 43 ord,
533 949 88 34 hade
650 950 326 45 telegrafstyrelsen
1005 952 128 44 anfört,
1163 956 54 31 att
1245 953 59 35 det
1331 954 77 34 icke
1437 965 81 23 vore
1546 955 137 44 möjligt
1711 959 55 30 att
1784 953 45 46 på

222 999 146 34 förhand
407 1001 74 33 med
522 998 110 46 någon
674 1002 167 34 säkerhet
883 1004 167 42 beräkna,
1092 1005 143 34 hvilken
1264 1006 173 34 inverkan
1466 1003 44 46 på
1536 1007 197 33 inkomsten
1761 1007 66 34 den

220 1052 177 33 beslutade
430 1053 367 43 portonedsättningen
833 1055 136 34 komme
1003 1059 54 30 att
1085 1056 163 34 medföra.
1305 1056 72 35 Vid
1403 1057 197 43 jemförelse
1628 1057 77 34 med
1734 1059 93 33 hvad

220 1099 230 38 förhållandet
477 1103 91 34 varit
596 1103 9 34 i
634 1104 181 44 åtskilliga
845 1106 218 34 främmande
1090 1107 132 44 länder,
1253 1108 63 34 och
1346 1108 164 34 särskildt
1539 1109 7 33 i
1576 1108 165 44 England
1764 1109 63 34 och

220 1152 130 45 Norge,
380 1154 59 34 der
466 1154 243 45 förändringar
737 1156 10 33 i
776 1156 57 34 det
863 1157 186 35 inländska
1069 1159 288 44 telegramportot
1377 1163 117 31 senast
1513 1160 115 34 blifvit
1642 1160 184 44 vidtagna,

222 1206 60 34 och
324 1205 60 35 der
419 1207 366 45 vportonedsättningen
816 1208 208 46 visserligen
1053 1210 53 34 till
1134 1221 40 23 en
1204 1211 124 44 början
1357 1212 129 34 verkat
1513 1212 199 44 minskning
1740 1212 10 34 i
1779 1212 47 34 in-

222 1258 166 42 komsten,
417 1269 75 24 men
521 1259 109 34 denna
658 1263 99 31 snart
785 1270 80 34 nog,
895 1262 62 34 och
986 1262 108 34 redan
1122 1262 106 34 innan
1257 1260 179 47 utgången
1465 1264 38 33 af
1527 1264 57 34 det
1611 1263 111 35 första
1751 1261 77 37 året

221 1309 88 34 efter
349 1310 54 34 det
444 1311 95 43 lägre
580 1314 131 39 portots
752 1311 196 45 införande,
991 1316 87 31 växt
1111 1314 52 33 till
1197 1324 132 23 samma
1362 1315 122 43 belopp
1513 1326 70 23 som
1611 1315 74 34 före
1714 1318 113 40 porto-

221 1361 265 44 nedsättningen
515 1362 82 33 eller
625 1366 93 30 ännu
746 1373 109 33 mera,
886 1364 112 33 skulle
1027 1364 68 43 det,
1125 1364 110 45 enligt
1262 1366 191 42 styrelsens
1473 1363 148 47 meninY,
1643 1366 79 34 icke
1738 1377 88 23 vara

222 1412 189 44 oegentligt
450 1416 53 30 att
542 1414 153 33 beräkna
737 1414 299 44 telegrafverkets
1076 1416 192 34 inkomster
1308 1416 54 34 för
1402 1414 40 36 år
1487 1419 91 32 1890
1612 1417 54 34 till
1694 1428 133 23 samma

220 1464 121 43 belopp
384 1475 68 23 som
493 1464 68 38 det,
603 1465 144 34 hvartill
781 1465 41 34 de
857 1465 54 35 för
939 1463 40 37 år
1012 1468 92 33 1888
1134 1467 75 34 med
1238 1468 167 34 säkerhet
1432 1466 146 47 ansåges
1606 1469 138 34 komma
1773 1472 54 30 att

219 1513 124 45 uppgå.
399 1515 92 43 Men,
521 1513 42 36 då
590 1516 58 34 det
674 1517 77 33 icke
779 1527 85 23 vore
894 1518 209 43 osannolikt,
1129 1521 51 31 att
1202 1519 179 44 tillfälliga
1401 1518 239 35 förhållanden
1660 1520 168 35 inverkat

220 1566 52 32 till
312 1563 303 37 astadkommande
656 1567 38 33 af
732 1568 66 33 den
841 1569 365 43 anmärkningsvärda
1240 1571 159 42 stegring
1432 1571 9 32 i
1470 1571 357 43 telegrafkorrespon-

221 1617 137 43 densen,
399 1628 67 23 som
495 1618 164 34 nästlidet
686 1615 39 37 år
754 1621 60 41 egt
842 1629 87 33 rum,
960 1620 64 34 och
1052 1617 43 37 då
1123 1617 104 37 alltså
1254 1621 78 34 icke
1360 1621 76 34 med
1466 1622 131 34 visshet
1624 1622 117 34 kunde
1770 1619 57 46 på-

221 1669 139 41 räknas,
401 1671 52 31 att
486 1679 126 24 samma
641 1680 206 32 gynsamma
876 1669 241 36 förhållanden
1146 1672 113 33 skulle
1287 1672 151 34 fortfara
1466 1673 103 34 äfven
1597 1673 111 34 under
1735 1674 93 33 inne-

221 1719 152 34 varande
422 1730 39 23 år
501 1720 62 34 och
601 1721 57 33 det
697 1721 303 43 nästkommande,
1043 1722 88 34 hade
1172 1723 326 43 telegrafstyrelsen
1538 1724 146 33 likasom
1726 1727 101 31 stats-

220 1770 162 34 kontoret
408 1770 188 45 föreslagit,
630 1774 53 31 att
710 1772 299 43 telegrafverkets
1036 1773 192 34 inkomster
1254 1771 111 37 måtte
1393 1774 53 34 för
1474 1772 38 36 år
1541 1776 92 33 1890
1653 1776 176 33 beräknas

221 1821 51 34 till
305 1822 190 43 1,260,000
523 1822 136 34 kronor.

353 1871 17 35 I
410 1872 356 35 öfverensstämmelse
801 1874 78 33 med
912 1874 94 34 hvad
1035 1872 144 37 sålunda
1209 1874 118 36 blifvit
1356 1876 38 34 af
1419 1876 323 44 telegrafstyrelsen
1772 1887 57 24 an-

222 1923 102 42 fördt,
367 1924 62 34 har
462 1923 125 44 Kongl.
617 1924 108 44 Maj:t
753 1925 179 42 hemstält,
962 1928 55 31 att
1044 1926 289 44 telegrafmedlen
1362 1924 109 37 måtte
1498 1927 54 34 för
1579 1924 39 37 år
1651 1929 94 33 1890
1774 1929 54 33 be-

221 1974 128 35 räknas
389 1975 51 34 till
486 1975 210 35 sistnämnda
742 1976 138 44 belopp,
927 1978 195 43 1,260,000
1163 1978 141 43 kronor,
1347 1978 142 35 hvilken
1531 1979 211 34 hemställan
1776 1982 52 31 ut-

221 2026 132 34 skottet
380 2037 100 24 anser
507 2027 52 44 sig
585 2028 82 33 böra
695 2027 154 35 förorda.

354 2078 245 42 Skoysmedlen.
655 2078 84 34 Med
767 2078 101 34 bifall
897 2079 54 34 till
978 2078 129 45 Kongl.
1138 2079 138 45 Maj:ts,
1312 2081 4 33 i
1345 2082 166 33 samband
1532 2082 74 33 med
1625 2082 135 44 förslag
1776 2083 52 34 till

221 2128 174 43 reglering
432 2129 39 33 af
507 2129 231 43 skogsstaten,
782 2130 118 33 derom
937 2130 126 43 gjorda
1091 2131 219 43 hemställan,
1346 2132 64 34 har
1438 2132 200 44 Riksdagen
1668 2134 158 39 beslutit,

222 2179 71 34 dels
326 2182 52 31 att
406 2180 39 34 de
473 2179 143 45 afgifter
643 2180 52 34 för
723 2181 294 45 virkesutsyning
1050 2179 20 36 å
1097 2182 93 34 vissa
1219 2183 131 44 skogar
1378 2183 11 34 i
1417 2182 249 46 Kopparbergs
1696 2185 61 33 och
1788 2185 41 34 de

219 2231 228 34 norrländska
474 2232 112 43 länen,
615 2232 122 35 hvilka
762 2231 246 45 jägmästarne
1032 2233 54 34 för
1105 2235 223 34 närvarande
1349 2245 65 33 ega
1436 2236 154 43 uppbära
1607 2236 39 34 af
1658 2236 170 44 enskilde,

218 2283 97 33 skola
343 2283 10 33 i
377 2283 115 34 stället
519 2284 161 43 erläggas
708 2283 55 34 till
797 2285 220 34 statsverket
1045 2286 61 33 och
1135 2284 83 45 ingå
1246 2286 105 34 bland
1380 2287 250 44 skogsmedlen,
1660 2288 73 34 dels
1762 2289 65 33 ock
