2151 2679
449 191 36 28 16
895 186 264 33 Statsutskottets
1187 185 175 34 Utlåtande
1384 186 64 32 N:o
1471 188 49 31 92.

406 281 55 32 att
502 289 46 24 en
589 274 54 38 tid
673 275 42 37 af
739 280 54 32 ett
821 278 40 34 år
889 274 71 38 och
988 288 46 24 en
1061 274 165 38 kostnad
1255 275 42 37 af
1322 276 110 45 5,000
1459 274 141 38 kronor
1629 277 120 35 måste
1778 288 111 24 anses
1918 273 99 38 otill-

405 327 158 50 räcklig,
600 327 129 38 kunde
769 326 212 38 emellertid
1021 330 49 47 på
1105 327 102 50 goda
1235 327 170 50 grunder
1433 332 174 45 antagas,
1636 341 61 24 om
1726 327 148 50 hänsyn
1901 333 112 41 toges

403 379 57 37 till
493 379 314 38 erfarenheterna
839 379 82 37 från
958 379 130 49 Norge
1121 378 71 38 och
1219 379 206 37 Danmark.
1479 379 17 37 I
1525 379 105 37 detta
1658 392 136 24 senare
1823 378 89 38 land
1939 378 75 37 till-

405 437 119 31 sattes
564 431 73 37 den
679 433 45 35 10
761 430 71 50 juli
876 432 93 35 1882
995 431 42 37 af
1060 430 373 38 inrikesministeriet
1460 444 46 23 en
1535 431 249 37 kommission
1814 430 42 37 af
1882 434 20 33 5
1929 444 85 36 per-

404 496 114 24 soner
558 482 87 38 med
683 481 176 51 uppdrag
902 487 56 32 att
990 482 177 49 företaga
1194 495 48 23 en
1267 482 289 49 undersökning
1584 483 41 36 af
1649 482 47 37 de
1720 482 126 37 lokala
1875 482 141 37 förhål-

403 534 164 38 landena
610 534 86 37 med
739 535 149 56 hänsyn
927 533 59 38 till
1026 533 241 50 anläggning
1307 534 42 37 af
1374 534 200 37 utförsels-
1602 534 71 37 och
1700 533 240 38 nödhamnar
1967 537 49 47 på

400 586 182 38 Jutlands
622 585 189 48 västkust,
852 599 12 23 1
905 585 65 37 det
1002 585 177 48 nordliga
1206 586 187 48 Kattegat
1421 585 71 38 och
1519 589 48 46 på
1595 585 207 38 Bornholm
1832 592 100 31 samt
1960 590 57 32 att

402 637 175 38 meddela
606 615 226 59 ministeriet
859 636 200 38 resultatet
1088 638 42 37 af
1129 615 147 59 denna
1305 637 290 50 undersökning
1621 637 121 49 jämte
1771 637 244 37 betänkande

402 689 199 48 angående
629 689 114 36 dessa
769 689 141 48 frågor.
964 689 113 36 Först
1104 689 178 48 omkring
1311 692 20 33 5
1361 692 40 34 år
1429 669 169 57 därefter
1626 688 92 37 eller
1746 689 74 36 den
1850 691 44 34 12
1916 702 101 23 mars

402 741 94 35 1887
543 739 212 37 aflämnade
803 739 297 36 kommissionen
1139 739 64 36 sitt
1243 736 256 71 betänkande,
1545 740 54 35 uti
1640 739 148 36 hvilket
1822 740 192 36 uttalades

401 791 73 37 den
521 790 160 48 åsikten,
728 797 55 31 att
817 790 240 50 anläggning
1081 791 42 36 af
1147 804 47 24 en
1222 790 193 38 nödhamn
1440 793 48 47 på
1514 790 182 38 Jutlands
1726 790 177 38 västkust
1929 789 85 39 icke

401 842 127 37 kunde
558 847 114 44 sägas
701 854 91 25 vara
821 855 47 23 en
895 842 211 49 tvingande
1134 842 301 49 nödvändighet,
1465 842 199 36 hvaremot
1691 842 184 36 behofvet
1903 842 42 36 af
1970 855 46 23 en

400 900 81 32 stor
521 893 255 50 exporthamn
815 872 201 58 därstädes
1057 906 89 24 vore
1188 897 42 33 så
1271 894 152 48 mycket
1464 898 133 32 större.
1653 892 128 38 Sedan
1819 892 121 37 under
1969 892 46 37 de

400 951 172 32 närmast
600 944 170 49 följande
799 948 89 33 åren
916 958 75 35 nya
1018 944 330 49 framställningar
1377 944 125 37 blifvit
1529 944 137 50 gjorda
1694 958 61 22 om
1777 944 240 49 anläggning

401 997 42 37 af
481 1010 47 23 en
569 1003 152 42 export-
755 996 70 36 och
862 996 193 36 nödhamn
1084 996 92 36 eller
1205 996 228 36 åtminstone
1463 995 41 37 af
1528 1009 46 23 en
1603 1000 122 32 större
1753 995 215 37 fiskehamn
1997 999 20 33 å

402 1047 121 50 sagda
564 1048 89 36 kust
689 1047 87 37 med
804 1048 149 49 hänsyn
983 1047 55 36 till
1071 1046 151 38 landets
1250 1046 270 50 fiskerinäring
1544 1046 71 38 och
1639 1047 88 36 dess
1756 1047 180 37 framtida
1960 1052 58 31 ut-

401 1098 193 50 veckling,
633 1098 83 37 blef
753 1112 47 24 en
840 1112 52 35 ny
932 1098 248 37 kommission
1211 1099 42 36 af
1277 1101 20 34 9
1327 1111 184 37 personer
1539 1098 74 37 den
1640 1100 44 35 16
1708 1098 84 49 juni
1821 1100 95 35 1897
1942 1097 75 37 till-

402 1157 76 31 satt
511 1151 59 36 för
603 1155 55 32 att
693 1155 95 43 göra
811 1149 290 49 undersökning
1128 1149 11 36 i
1169 1149 209 50 anledning
1407 1150 40 36 af
1472 1149 47 37 de
1544 1149 242 37 framkomna
1813 1148 102 38 olika
1942 1148 76 38 för-

402 1202 134 48 slagen
578 1214 60 23 om
679 1201 151 48 platsen
872 1201 59 36 för
973 1214 47 22 en
1055 1200 357 49 hamnanläggning
1441 1204 20 33 å
1489 1201 227 36 västkusten
1745 1206 100 30 samt
1872 1201 60 35 för
1961 1206 55 31 att

402 1253 148 49 afgifva
578 1251 256 44 betänkande,
863 1251 189 37 huruvida
1081 1251 64 37 det
1173 1251 108 37 öfver
1309 1251 145 37 hufvud
1480 1251 170 50 förelåge
1667 1256 53 32 ett
1735 1250 168 50 verkligt
1917 1256 102 32 trän-

400 1303 128 50 gande
557 1303 120 37 behof
702 1303 42 36 af
768 1303 239 49 anläggning
1035 1306 20 33 å
1082 1302 180 37 Jutlands
1291 1303 177 37 västkust
1495 1303 42 36 af
1561 1316 47 23 en
1636 1308 123 31 större
1788 1303 127 45 hamn,
1935 1315 82 24 som

400 1318 130 74 kunde
559 1359 94 44 göra
681 1354 119 49 tjänst
829 1368 80 22 som
939 1354 112 36 fiske-
1080 1354 70 36 och
1179 1354 299 36 utförselshamn
1503 1354 71 37 och
1602 1352 123 38 tillika
1745 1331 193 59 nödhamn
1959 1354 59 36 för

403 1405 183 38 särskildt
625 1405 228 37 fiskarbåtar
882 1406 70 36 och
980 1405 266 49 fiskarfartyg;
1287 1405 72 37 och
1383 1405 112 49 afgaf
1520 1405 125 37 denna
1673 1404 250 37 kommission
1953 1404 65 37 sitt

405 1457 244 38 betänkande
676 1457 98 36 först
802 1456 97 37 efter
927 1461 93 32 nära
1049 1453 60 50 3'/>
1138 1459 39 34 år
1205 1456 92 37 eller
1325 1456 75 37 den
1423 1434 53 59 14
1505 1456 207 37 november
1740 1457 108 36 1900.

536 1509 16 36 I
592 1508 131 49 Norge
766 1507 181 37 tillsattes
988 1521 140 35 genom
1166 1507 131 49 kungl.
1327 1507 210 37 resolution
1566 1507 74 37 den
1669 1509 46 35 28
1745 1507 74 49 maj
1851 1509 94 34 1877
1971 1520 47 24 en

401 1559 249 37 kommission
692 1559 42 35 af
771 1561 21 34 8
833 1572 184 35 personer
1057 1559 59 36 för
1140 1564 54 31 att
1222 1560 97 35 efter
1347 1559 279 36 förberedande
1654 1558 127 37 lokala
1807 1558 211 37 undersök-

400 1610 138 49 ningar
579 1615 176 51 uppgöra
794 1616 54 30 ett
888 1610 131 36 utkast
1061 1608 56 37 till
1153 1609 140 37 allmän
1321 1610 91 49 plan
1440 1609 58 37 för
1527 1609 275 37 hamnarbeten
1830 1608 11 36 i
1869 1608 147 37 fiskeri-

401 1661 205 37 distrikten
642 1661 122 48 jämte
805 1660 242 37 betänkande
1090 1660 70 37 och
1201 1660 148 49 förslag
1390 1660 199 49 angående
1630 1660 47 37 de
1713 1660 192 48 åtgärder,
1934 1673 81 23 som

400 1712 129 37 kunde
571 1725 112 23 anses
725 1711 253 49 erforderliga
1020 1711 59 37 för
1124 1691 230 57 hamnarnas
1395 1711 181 37 framtida
1616 1711 214 46 underhåll,
1871 1710 141 49 tillsyn,

402 1762 330 49 ändamålsenliga
769 1762 249 49 användning
1058 1762 71 37 och
1169 1763 232 48 utrustning.
1471 1763 18 36 I
1528 1775 145 24 samma
1711 1740 211 58 resolution
1952 1762 63 36 be-

401 1814 171 37 stämdes
613 1815 125 45 äfven,
781 1820 55 30 att
870 1813 299 37 kommissionen
1212 1814 124 36 skulle
1366 1792 72 58 för
1466 1814 111 36 hvart
1601 1814 71 36 och
1701 1819 54 30 ett
1784 1813 41 36 af
1850 1813 46 36 de
1925 1817 89 42 amt,

401 1879 81 23 som
512 1864 258 49 utredningen
799 1865 146 48 afsåge,
975 1864 169 37 biträdas
1169 1864 41 37 af
1233 1871 140 31 tvenne
1402 1865 42 36 af
1465 1863 270 51 amtstyrelsen
1755 1863 154 37 utvalde
1930 1869 86 31 män

401 1922 99 31 samt
529 1916 41 37 af
595 1916 292 46 öfverlotsarne,
917 1916 93 36 hvar
1038 1916 71 36 och
1137 1929 46 23 en
1203 1915 101 37 inom
1325 1915 65 37 sitt
1410 1915 165 37 distrikt.
1613 1915 142 37 Vidare
1776 1915 240 36 anbefalldes

400 1967 337 37 hamndirektören
780 1974 55 29 att
869 1967 155 48 deltaga
1053 1967 10 35 i
1092 1966 321 37 kommissionens
1442 1980 106 23 resor
1576 1967 70 36 och
1675 1972 55 30 att
1757 1965 149 37 biträda
1931 1965 87 37 med

400 2017 293 51 upplysningar,
736 2017 65 37 råd
847 2017 72 37 och
958 2017 170 37 tekniskt
1169 2017 163 38 bistånd.
1385 2017 112 38 Efter
1539 2023 54 31 att
1634 2017 121 37 under
1782 2022 58 31 tre
1868 2029 149 24 somrar

402 2073 90 34 åren
519 2071 196 35 1877—79
746 2068 115 37 hafva
892 2068 136 37 befarit
1056 2068 138 37 kusten
1223 2070 84 36 från
1335 2069 115 49 ryska
1478 2074 168 43 gränsen
1662 2068 57 36 till
1733 2067 287 48 Kristiansund,

403 2120 110 49 afgaf
535 2119 297 38 kommissionen
863 2120 64 36 sitt
957 2120 241 37 betänkande
1228 2120 73 37 den
1331 2122 46 35 14
1406 2119 203 38 december
1628 2121 108 46 1880,
1754 2118 151 38 således
1920 2119 98 37 efter

404 2149 179 76 omkring
611 2168 61 49 3'l
700 2175 61 33 års
790 2170 143 37 arbete.

536 2223 103 48 Väg-
679 2223 72 37 och
787 2221 535 50 vattenbyggnadsstyrelsen
1357 2221 98 37 hade
1484 2221 61 49 sig
1573 2220 230 50 visserligen
1830 2221 96 36 intet
1955 2220 64 37 be-

397 2273 94 37 kant
526 2287 61 23 om
624 2273 217 38 kostnaden
868 2273 59 37 för
956 2273 149 37 danska
1129 2273 93 37 eller
1249 2273 143 37 norska
1420 2278 128 31 staten
1571 2272 12 36 i
1611 2272 71 36 och
1710 2273 58 35 för
1796 2272 117 36 ofvan
1941 2285 78 23 om-
