2153 2670
623 189 264 32 Statsutskottets
918 187 173 35 Utlåtande
1114 190 63 32 N:o
1200 193 46 31 92.
1664 193 51 29 19:

131 276 202 49 skärgård,
376 276 131 36 kunna
548 276 214 37 emellertid
795 276 137 37 endast
960 276 122 37 under
1108 277 279 49 förutsättning
1415 277 51 45 af,
1495 282 55 32 att
1577 276 167 51 tillgång

129 329 124 35 finnes
281 327 58 36 till
367 330 119 46 något
515 331 41 33 så
583 333 69 31 när
678 332 143 45 trygga
849 328 172 46 hamnar,
1049 328 181 50 begagna
1258 328 60 49 sig
1347 329 41 36 af
1412 328 46 37 de
1487 327 178 38 tillfällen
1683 328 59 37 till

130 380 99 36 ökad
260 379 192 48 förtjänst,
482 391 81 25 som
592 379 70 36 här
689 379 192 50 erbjudas.
936 379 101 37 Utan
1067 379 130 49 dylika
1224 380 160 36 hamnar
1411 383 99 45 våga
1538 379 47 37 de
1614 380 42 36 af
1671 380 71 36 lätt

130 430 163 37 ingedda
327 430 84 36 skäl
439 430 84 37 icke
552 430 277 37 sammansluta
857 430 63 48 sig
944 429 57 37 till
1029 430 117 50 inköp
1177 431 41 36 af
1242 431 46 35 de
1317 430 108 37 båtar
1453 430 72 43 och
1553 431 73 36 den
1656 431 86 36 red-

130 482 109 48 skap,
279 494 82 23 som
390 480 157 36 kräfvas
576 481 60 36 för
664 486 56 31 att
748 480 86 37 med
862 481 123 36 fördel
1014 481 130 36 kunna
1171 486 101 44 ägna
1301 481 60 48 sig
1390 484 36 33 åt
1453 481 96 37 fiske
1579 484 20 34 å
1627 481 114 36 dessa

130 534 84 36 från
255 532 199 37 hemorten
494 530 163 50 aflägset
683 531 185 50 liggande
895 530 254 50 fiskeplatser.
1203 535 68 34 Att
1298 532 87 36 hela
1412 532 166 36 trakters
1606 532 135 36 fiskar-

132 583 228 49 befolkning
399 582 89 37 med
530 583 47 36 de
618 582 111 37 bästa
770 583 322 49 förutsättningar
1133 584 58 36 för
1232 582 202 37 drifvande
1477 584 41 35 af
1539 588 54 31 ett
1619 583 121 37 vinst-

130 634 185 49 gifvande
359 633 184 37 hafsfiske
585 637 49 45 på
672 634 107 36 detta
821 639 77 31 sätt
937 634 76 36 kan
1040 634 154 49 tvingas
1223 639 56 31 att
1306 634 210 37 inskränka
1544 634 58 36 sin
1629 634 112 36 verk-

131 686 151 36 samhet
321 684 58 36 till
421 688 42 33 så
495 685 95 48 godt
618 697 81 23 som
728 684 246 37 uteslutande
1002 685 233 36 strandfiske
1263 685 83 36 från
1376 685 147 36 mindre
1552 685 121 46 båtar,
1702 685 42 36 af

130 736 147 37 hvilket
317 735 11 36 i
372 735 107 48 regel
515 735 137 36 endast
679 735 112 49 ringa
820 735 181 49 förtjänst
1027 736 75 36 kan
1130 736 204 49 påräknas,
1363 735 119 49 därpå
1510 735 127 37 lämna
1665 735 77 37 för-

129 786 232 38 hållandena
388 785 12 37 i
422 785 168 37 Halland
619 791 54 31 ett
695 786 155 37 talande
877 787 253 36 vittnesbörd.
1173 786 168 37 Oaktadt
1370 787 46 36 de
1444 786 111 37 flesta
1577 787 41 35 af
1633 786 109 37 fiske-

129 839 141 48 lägena
310 837 103 36 inom
443 837 106 36 detta
576 837 63 36 län
667 836 106 49 ligga
802 837 247 49 synnerligen
1078 837 62 36 väl
1168 837 57 36 till
1257 838 55 35 för
1341 837 64 36 det
1432 837 196 47 hafsfiske,
1656 837 85 37 från

131 889 147 37 hvilket
318 887 331 49 bohuslänningar
689 888 71 37 och
789 887 121 37 delvis
939 889 114 36 äfven
1082 888 210 48 skåningar
1320 888 87 36 med
1435 901 75 36 nya
1537 888 203 37 motorför-

131 940 132 47 sedda,
293 938 323 49 ändamålsenligt
644 939 199 36 utrustade
871 939 109 36 båtar
1007 958 48 5 —
1082 939 10 36 i
1117 942 142 46 många
1285 938 68 37 fall
1380 938 159 50 byggda
1566 939 87 36 med
1677 939 63 36 lån

131 992 42 36 af
208 989 224 39 statsmedel
472 1009 48 5 —
563 990 130 36 hämta
735 1003 46 22 en
823 989 115 49 riklig
973 989 181 47 inkomst,
1190 993 122 33 måste
1339 989 117 37 likväl
1485 990 113 36 dessa
1624 990 115 36 fiske-

130 1043 136 48 lägens
307 1040 231 49 befolkning
577 1040 99 37 afstå
716 1040 85 37 från
836 1045 55 32 att
918 1040 121 50 draga
1065 1041 125 37 fördel
1220 1041 41 36 af
1286 1041 105 36 detta
1419 1040 107 48 fiske,
1556 1044 41 33 så
1623 1040 116 49 länge

129 1093 132 36 utmed
303 1092 74 36 den
416 1097 127 43 öppna
567 1091 140 37 kusten
734 1091 84 36 icke
847 1092 125 35 finnas
998 1095 122 45 några
1148 1091 113 37 säkra
1285 1092 171 46 hamnar,
1484 1091 12 36 1
1524 1091 129 37 hvilka
1681 1092 59 36 för

131 1144 123 50 dylikt
294 1143 96 36 fiske
428 1142 252 48 erforderliga
723 1147 121 32 större
883 1142 109 37 båtar
1019 1142 130 37 kunna
1178 1143 106 49 ligga
1312 1142 201 50 skyddade
1541 1142 122 37 under
1692 1142 47 37 de

129 1196 9 35 i
169 1194 106 49 regel
305 1194 185 48 stormiga
518 1193 100 36 tider
647 1193 42 36 af
713 1196 91 43 året,
835 1193 47 36 då
909 1194 47 35 de
983 1194 84 36 icke
1096 1194 207 36 användas.

256 1246 57 35 Då
354 1257 146 23 samma
541 1243 363 37 missförhållanden
945 1244 208 37 förefinnas.
1194 1245 113 36 äfven
1349 1247 20 33 å
1410 1244 119 36 andra
1568 1243 105 36 delar
1702 1243 42 36 af

130 1297 119 36 rikets
289 1296 146 46 kuster,
479 1308 114 36 synes
635 1295 79 48 mig
755 1308 45 23 en
839 1294 209 49 utredning
1088 1295 120 37 sådan
1249 1308 79 23 som
1372 1295 85 44 den,
1487 1294 155 37 hvilken
1671 1294 70 37 här

131 1348 125 36 blifvit
283 1346 235 49 föreslagen,
546 1359 92 23 vara
661 1346 12 35 i
701 1347 78 47 hög
807 1346 96 48 grad
932 1346 42 36 af
998 1346 184 36 behofvet
1208 1346 191 49 påkallad.
1450 1345 113 37 Först
1590 1345 48 37 då
1666 1345 74 36 den

131 1398 222 48 föreligger,
391 1397 110 36 torde
539 1397 64 35 det
643 1410 92 23 vara
763 1396 150 48 möjligt
942 1402 54 31 att
1024 1397 88 36 med
1140 1400 128 45 någon
1296 1397 122 35 utsikt
1445 1396 59 36 till
1531 1397 208 48 framgång

131 1450 131 35 kunna
291 1449 81 35 lösa
399 1448 150 48 frågan,
570 1448 98 35 huru
693 1447 64 36 det
780 1447 223 46 understöd,
1028 1453 125 31 staten
1177 1448 60 36 för
1262 1448 239 36 närvarande
1520 1447 147 36 lämnar
1683 1446 56 36 till

133 1499 209 50 byggande
384 1498 41 36 af
461 1498 271 46 fiskehamnar,
774 1498 98 36 skall
914 1498 153 36 komma
1093 1498 58 36 till
1180 1498 157 36 därmed
1367 1498 135 37 afsedd
1531 1503 109 43 nytta
1668 1498 72 36 och

132 1564 115 33 gagn.

130 1580 23 19 ”
258 1601 77 48 Jag
364 1600 106 37 delar
496 1600 59 36 till
578 1599 94 37 fullo
696 1604 93 43 väg-
814 1600 71 35 och
904 1599 555 48 vattenbyggnadsstyrelsens
1476 1599 263 48 uppfattning,

132 1656 55 32 att
228 1652 125 36 denna
395 1650 209 49 utredning
641 1651 69 35 bör
737 1655 116 43 göras
882 1653 42 33 så
950 1650 323 36 vidtomfattande
1303 1650 70 36 och
1401 1649 228 49 fullständig
1657 1663 82 23 som

132 1703 162 48 möjligt,
337 1715 86 23 men
464 1702 75 35 kan
574 1702 173 35 däremot
773 1700 84 37 icke
885 1701 104 35 finna
1016 1704 127 45 någon
1173 1700 209 49 anledning
1410 1705 67 42 att,
1507 1703 125 33 såsom
1662 1706 78 43 sty-

131 1753 128 37 relsen
300 1753 172 46 föreslår,
514 1752 77 36 låta
632 1752 223 36 densamma
891 1752 160 36 afslutas
1080 1751 64 36 vid
1172 1751 344 37 Västernorrlands
1544 1750 84 38 läns
1658 1751 82 36 öfre

131 1810 129 43 gräns.
315 1803 177 37 Nämnda
532 1802 282 49 inskränkning
855 1816 116 35 synes
1012 1802 80 49 mig
1133 1806 42 32 så
1203 1802 152 49 mycket
1383 1802 147 36 mindre
1558 1802 181 49 befogad,

131 1869 82 23 som
243 1856 75 45 det,
349 1854 122 48 enligt
503 1854 101 36 hvad
631 1854 70 48 jag
733 1854 69 35 har
826 1853 79 49 mig
932 1853 155 45 bekant,
1117 1856 20 34 å
1160 1853 91 36 flere
1281 1859 101 30 orter
1410 1853 106 36 såväl
1543 1853 12 35 i
1582 1853 157 36 Väster-

130 1907 133 36 botten
306 1920 80 22 som
428 1905 236 37 Norrbotten
700 1904 210 49 föreligger
939 1905 121 36 behof
1080 1904 41 36 af
1147 1904 257 36 fiskehamnar
1433 1904 72 36 och
1533 1904 65 36 det
1626 1904 113 36 äfven

132 1958 68 35 där
239 1957 122 48 gjorts
403 1956 248 36 resultatlösa
692 1955 328 48 ansträngningar
1060 1961 55 30 att
1143 1955 85 36 från
1257 1955 226 36 kommuner
1512 1955 71 35 och
1611 1954 129 36 lands-

130 2008 85 48 ting
257 2007 143 37 erhålla
439 2007 64 36 det
544 2006 154 37 bistånd
727 2007 71 35 och
825 2006 99 46 stöd,
954 2019 79 23 som
1063 2006 156 36 kräfves
1247 2006 58 36 för
1332 2005 342 37 utbekommandet
1702 2005 42 36 af

132 2059 239 47 statsanslag
398 2058 57 36 till
484 2057 226 49 byggandet
738 2057 42 36 af
800 2057 131 49 dylika
958 2057 194 37 hamnar.»

258 2159 52 36 På
338 2159 126 48 grund
494 2159 41 36 af
558 2159 102 36 hvad
690 2158 160 37 sålunda
880 2159 145 35 anförts
1054 2158 228 38 hemställde
1298 2160 441 48 departementschefen,

130 2209 98 37 efter
256 2210 152 36 samråd
437 2210 87 36 med
553 2210 139 36 chefen
719 2209 59 36 för
807 2208 409 50 civildepartementet,
1246 2216 54 31 att
1328 2210 141 50 Kungl.
1497 2212 105 49 Maj:t
1622 2216 116 33 måtte

128 2260 56 36 till
215 2260 224 49 Riksdagen
467 2266 95 42 göra
589 2274 51 22 nu
669 2260 255 37 förevarande
953 2261 295 52 framställning.
