1914 2834
550 181 275 31 Statsutskottets
851 181 176 32 utlåtande
1051 182 50 31 Nr
1124 185 69 30 157.
1587 181 38 31 15

118 261 45 38 på
184 263 197 38 utbildning
402 273 43 21 av
464 265 166 30 arbetslös
650 265 164 37 ungdom,
835 266 116 30 finner
971 267 175 36 utskottet,
1168 270 49 27 att
1239 268 42 30 de
1301 269 225 36 synpunkter,
1550 278 74 22 som

117 313 11 30 i
147 314 217 31 motionerna
383 315 133 30 anförts
535 316 149 30 rörande
703 316 161 37 speciella
882 317 370 37 fortbildningskurser
1269 318 55 31 för
1342 319 190 31 arbetslösa
1552 320 70 30 äld-

116 374 37 21 re
173 364 335 38 privattjänstemän,
531 367 86 30 böra
637 367 106 36 ägnas
762 367 216 38 vederbörlig
999 369 321 36 uppmärksamhet.
1368 370 171 31 Utskottet
1560 371 63 30 har

117 415 75 31 icke
214 415 103 38 något
336 419 49 28 att
405 417 114 30 erinra
537 420 102 33 emot,
661 420 48 28 att
728 417 225 38 möjligheten
974 428 42 22 av
1037 422 49 28 att
1106 420 126 30 bereda
1252 421 297 36 kompletterande
1569 431 53 28 yr-

117 466 259 39 kesutbildning
395 466 34 32 åt
452 468 41 30 de
516 467 314 39 hjälpbehövande,
854 478 121 22 varom
995 470 65 31 här
1080 471 39 30 är
1141 470 108 38 fråga,
1273 471 191 31 försöksvis
1488 473 134 37 prövas.

646 620 450 41 Fattigvårdsunderstöd.

161 713 14 30 I
201 714 177 31 motionen
403 714 46 30 II:
463 715 64 30 834
552 715 207 36 hemställes,
787 718 50 28 att
862 716 186 37 riksdagen
1071 717 10 30 i
1107 717 163 31 skrivelse
1296 718 51 30 till
1372 718 124 37 Kungl.
1522 719 100 37 Maj:t

116 763 106 31 måtte
238 765 128 36 begära
384 764 108 31 sådan
510 766 148 37 ändring
677 775 41 21 av
736 764 20 41 8
775 767 43 30 43
836 767 11 30 i
867 767 123 37 Kungl.
1009 766 119 38 Maj:ts
1149 769 205 36 kungörelse
1373 779 43 21 av
1435 770 67 30 den
1525 771 15 29 1
1559 770 63 37 juli

118 815 84 31 1933
222 814 178 38 angående
422 816 113 38 statlig
557 817 66 30 och
646 818 301 31 statsunderstödd
966 817 321 39 hjälpverksamhet
1307 820 58 31 vid
1385 822 236 35 arbetslöshet,

115 868 50 28 att
187 867 178 36 arbetslös,
387 877 75 21 som
482 876 42 22 av
547 867 410 39 fattigvårdsmyndighet
981 869 152 37 åtnjuter
1155 871 189 36 periodiskt
1367 871 170 37 utgående
1561 882 60 21 un-

115 917 149 36 derstöd,
285 917 76 31 icke
384 918 50 30 till
456 917 90 38 följd
568 919 108 30 därav
699 921 181 36 avstänges
902 920 79 31 från
1004 920 200 32 erhållande
1225 931 43 21 av
1291 923 257 36 dagunderstöd
1569 931 52 30 ge-

115 977 83 21 nom
220 969 528 32 arbetslöshetskommissionen.

160 1019 226 31 Beträffande
405 1020 42 30 de
467 1020 51 30 till
539 1021 77 30 stöd
637 1021 55 30 för
711 1022 172 36 yrkandet
904 1022 149 31 anförda
1074 1023 119 31 skälen
1213 1023 54 31 får
1289 1025 167 31 utskottet
1477 1026 145 30 hänvisa

115 1070 51 30 till
184 1070 187 31 motionen.

160 1171 14 30 I
193 1171 41 30 43
251 1169 20 41 8
289 1181 43 21 av
348 1171 330 38 hjälpkungörelsen
695 1174 149 36 stadgas,
862 1177 50 28 att
930 1175 256 36 dagunderstöd
1204 1176 75 31 icke
1299 1176 57 31 må
1375 1176 82 38 utgå
1474 1178 51 29 till
1544 1178 76 36 den,

116 1230 74 22 som
210 1222 9 30 i
237 1223 187 36 anledning
444 1232 42 21 av
506 1224 227 31 arbetslöshet
753 1224 153 37 åtnjuter
923 1225 187 38 fattigvård
1129 1226 55 31 för
1204 1227 50 38 sig
1275 1228 80 30 eller
1374 1228 53 30 sin
1447 1228 112 38 familj
1579 1238 42 21 av

115 1275 107 28 annat
241 1274 73 37 slag
331 1275 45 29 än
396 1283 75 21 som
488 1283 97 22 avses
602 1275 10 30 i
633 1276 41 29 50
693 1273 20 42 8
734 1277 19 29 2
773 1285 106 21 mom.
900 1277 11 29 i
930 1277 99 37 lagen
1047 1287 59 20 om
1124 1277 230 38 fattigvården
1373 1280 81 30 eller
1474 1289 83 27 som,
1577 1279 45 32 då

115 1322 98 39 fråga
237 1325 38 29 är
297 1334 58 21 om
379 1324 186 38 fattigvård
587 1326 55 30 för
666 1325 124 38 någon,
815 1327 11 30 i
850 1327 220 31 förhållande
1092 1328 52 31 till
1167 1329 116 31 vilken
1308 1330 71 30 han
1404 1331 39 30 är
1466 1333 49 28 att
1539 1340 82 21 anse

115 1373 114 32 såsom
253 1375 335 38 familjeförsörjare,
613 1378 136 36 utgöres
774 1388 43 20 av
842 1378 86 31 vård
953 1378 20 31 å
999 1378 324 38 sjukvårdsanstalt.
1373 1381 76 31 Vad
1476 1381 145 32 sålunda

114 1424 215 32 föreskrivits
356 1427 88 29 skall
466 1427 89 30 dock
579 1428 76 30 icke
675 1429 123 36 utgöra
820 1429 124 31 hinder
969 1430 55 30 för
1045 1431 207 30 understöds
1276 1432 185 36 utgivande
1486 1432 34 31 åt
1544 1433 75 35 den,

115 1485 75 21 som
208 1476 10 30 i
237 1477 219 37 synnerligen
473 1479 192 36 trängande
681 1478 61 31 fall
760 1479 56 30 för
834 1480 51 37 sig
903 1480 81 30 eller
1000 1480 53 31 sin
1071 1480 112 38 familj
1201 1482 165 37 tillfälligt
1385 1482 151 38 åtnjuter
1555 1483 64 31 fat-

114 1526 133 37 tigvård
266 1536 43 21 av
328 1531 107 27 annat
453 1529 72 37 slag
542 1530 45 29 än
605 1538 81 28 nyss
705 1533 101 34 sagts.

160 1577 171 31 Utskottet
353 1578 59 30 vill
431 1579 113 30 erinra
563 1580 131 36 därom,
718 1583 49 28 att
787 1581 235 31 innevarande
1044 1581 56 32 års
1123 1583 140 38 riksdag
1291 1583 121 39 (andra
1433 1585 186 36 lagutskot-

113 1630 65 28 tets
198 1627 179 32 utlåtande
396 1639 42 20 nr
456 1629 53 39 35)
535 1631 62 30 hos
619 1631 122 37 Kungl.
762 1631 103 37 Maj:t
884 1633 175 30 hemställt
1080 1643 57 21 om
1159 1634 155 37 fullföljd
1334 1644 43 21 av
1398 1635 145 38 tidigare
1565 1637 54 29 be-

114 1679 84 36 gärd
223 1680 185 37 utredning
430 1681 148 30 rörande
602 1682 169 38 reglering
792 1692 43 21 av
858 1682 235 32 förhållandet
1118 1685 128 30 mellan
1270 1686 67 30 den
1360 1686 182 38 offentliga
1568 1697 51 20 ar-

114 1730 349 38 betslöshetshjälpen
484 1732 10 30 i
515 1732 77 31 dess
611 1733 93 31 olika
724 1733 131 31 former
876 1737 89 27 samt
987 1735 67 30 den
1072 1736 176 31 allmänna
1269 1737 242 37 fattigvården.
1556 1738 65 30 Vid

114 1779 123 32 sådant
261 1781 220 32 förhållande
504 1784 65 29 och
594 1783 44 31 då
662 1783 159 37 åtnjuten
843 1785 188 37 fattigvård
1054 1786 104 37 enligt
1182 1788 158 35 gällande
1362 1789 258 30 bestämmelser

114 1830 75 31 icke
209 1832 111 30 under
340 1833 69 30 alla
432 1833 253 37 förhållanden,
710 1834 45 38 på
775 1836 67 30 sätt
865 1846 81 27 nyss
970 1837 157 36 angivits,
1149 1839 99 36 utgör
1268 1839 124 30 hinder
1415 1839 55 30 för
1492 1841 127 29 arbets-

115 1882 238 37 löshetshjälp,
383 1893 100 21 anser
511 1884 51 37 sig
588 1885 165 31 utskottet
779 1886 76 30 icke
883 1888 86 29 böra
996 1888 172 36 tillstyrka
1196 1889 164 31 skrivelse
1385 1890 11 29 i
1425 1891 116 30 ämnet
1569 1891 51 29 till

115 1932 122 37 Kungl.
260 1932 112 38 Maj:t.

597 2086 551 43 Familjeförsörjarbegreppet.

159 2178 14 29 I
195 2178 177 31 motionen
394 2179 46 29 II:
454 2179 63 31 835
544 2180 207 37 hemställes,
776 2184 50 28 att
848 2182 184 36 riksdagen
1059 2183 105 31 måtte
1189 2185 134 30 besluta
1347 2189 49 27 att
1420 2186 10 30 i
1458 2187 162 30 skrivelse

113 2227 52 30 till
187 2228 122 37 Kungl.
330 2228 102 37 Maj:t
452 2230 192 37 hemställa,
667 2234 49 27 att
738 2231 132 31 sådana
890 2233 187 37 ändringar
1099 2234 154 37 vidtagas
1276 2236 10 29 i
1309 2236 229 37 kungörelsen
1560 2247 58 21 an-

114 2276 130 37 gående
262 2279 114 37 statlig
395 2280 65 29 och
478 2282 299 30 statsunderstödd
796 2282 321 37 hjälpverksamhet
1137 2285 57 30 vid
1211 2287 237 35 arbetslöshet,
1468 2290 49 27 att
1536 2289 82 29 änk-

114 2327 120 37 lingar,
253 2337 76 21 som
348 2328 109 31 måste
475 2331 147 30 anställa
640 2331 243 32 hushållerska
902 2333 81 30 eller
1003 2334 107 30 anlita
1128 2334 113 37 någon
1261 2336 95 30 äldre
1377 2337 111 30 dotter
1507 2338 54 30 för
1579 2339 41 29 de

114 2377 231 38 minderåriga
367 2380 149 30 barnens
538 2382 66 29 och
625 2382 169 30 hemmets
815 2382 96 37 vård,
931 2384 92 30 bliva
1044 2384 200 37 jämställda
1266 2387 78 30 med
1367 2387 85 37 gifta
1472 2384 146 46 familje-

113 2427 198 38 försörjare,
332 2428 95 32 såväl
446 2431 65 30 vad
529 2432 56 29 det
605 2433 105 35 gäller
730 2433 147 31 kontant
895 2435 428 32 understödsverksamhet
1341 2447 74 21 som
1433 2439 57 29 vid
1508 2438 109 31 erhål-

114 2478 101 31 lande
232 2488 42 21 av
293 2480 198 37 ortstillägg.

1661 1186 128 26 Utskottet.
