2215 2683
473 191 18 29 2
872 192 407 33 Konstitutionsutskottets
1302 194 165 33 utlåtande
1488 196 66 31 N:o
1583 198 25 29 7.

431 276 44 35 73
507 272 17 49 $
552 288 139 23 samma
718 278 70 46 lag,
817 278 204 48 Konungen
1051 279 186 48 medgifna
1265 286 73 30 rätt
1366 286 53 31 att
1445 281 123 36 fordra
1596 282 90 48 gärd
1713 284 57 35 till
1790 283 191 37 utförande
2000 284 38 37 af

429 332 53 29 ett
522 328 239 47 uppkommet
802 329 83 48 krig
923 330 116 35 skulle
1071 343 130 36 genom
1235 332 43 35 de
1306 332 210 49 föreslagna
1543 335 148 47 lagarne
1719 335 133 36 ändras
1880 336 66 35 och
1975 342 59 29 ut-

428 379 174 44 sträckas,
644 385 94 30 samt
780 380 277 37 bestämmelsen
1089 383 12 34 i
1135 384 44 34 73
1209 380 17 49 $
1254 383 123 49 afsåge
1405 385 79 36 icke
1511 386 152 35 allenast
1690 391 52 30 att
1771 386 202 49 Konungen
2002 388 30 47 ej

428 432 59 32 må
527 435 85 30 utan
652 430 227 49 Riksdagens
920 434 185 47 samtycke
1147 434 167 37 utkräfva
1345 439 114 44 några
1486 438 149 46 pålagor
1663 438 85 35 eller
1774 438 142 47 gärder,
1947 444 87 30 utan

423 481 136 46 Jemväl
591 487 53 30 att
679 482 129 36 sådant
839 483 227 50 Riksdagens
1098 487 187 48 samtycke
1317 487 30 47 ej
1380 488 98 48 finge
1510 489 162 35 sträckas
1699 490 125 48 längre
1852 497 45 28 än
1925 490 108 36 Riks-

427 532 136 48 dagens
595 532 295 50 bevillningsrätt
921 536 12 35 i
965 537 198 36 allmänhet
1193 538 126 45 tilläte,
1353 538 112 37 funne
1493 540 187 45 utskottet,
1711 546 53 30 att
1790 540 243 49 lagförslagen

426 583 78 36 icke
537 589 88 31 utan
652 584 217 49 föregående
897 587 360 50 grundlagsändring
1285 589 120 37 kunde
1434 590 39 36 af
1495 590 209 49 Riksdagen
1733 598 162 42 antagas,
1924 593 108 35 hvar-

425 634 56 37 för
513 636 176 36 utskottet
716 637 209 46 hemstälde,
956 644 53 30 att
1036 641 270 47 propositionen
1335 642 78 36 icke
1442 645 110 33 måtte
1580 642 39 36 af
1642 643 209 49 Riksdagen
1878 643 152 37 bifallas.

426 686 127 36 Denna
579 688 216 36 hemställan
822 690 152 47 gillades
1002 691 40 35 af
1065 691 127 36 Andra
1221 692 233 43 Kammaren;
1484 707 82 23 men
1595 695 97 35 inom
1713 695 127 36 Första
1861 695 172 36 Kamma-

425 750 63 22 ren
517 738 151 47 segrade
696 751 43 22 en
768 752 120 23 annan
917 741 158 46 mening,
1105 743 116 47 enligt
1247 743 147 35 hvilken
1422 744 229 48 grundlagen
1680 749 130 44 ansågs
1829 746 78 35 icke
1926 747 108 46 lägga

425 787 129 37 hinder
581 789 13 35 i
621 796 116 42 vägen
765 789 55 37 för
847 790 263 50 lagförslagens
1137 793 215 49 antagande.

525 839 70 37 Det
635 841 259 48 lagutskottets
934 843 198 45 utlåtande,
1174 844 56 37 för
1268 846 109 35 hvars
1416 847 160 35 innehåll
1611 847 64 48 jag
1717 860 86 36 nyss
1835 847 195 48 redogjort,

423 890 118 36 hvilar
580 896 133 44 ytterst
753 895 45 45 på
837 893 61 36 det
930 895 216 47 antagande,
1181 901 53 30 att
1265 896 242 49 lagförslagen
1537 911 57 22 om
1622 897 317 49 hästanskaffning
1966 899 63 35 och

423 942 256 47 reqvisitioner
718 942 55 37 för
813 944 214 49 krigsbehof
1065 946 192 49 medgåfvo
1297 952 73 31 rätt
1402 948 55 36 till
1491 948 225 50 utskrifning
1743 949 40 36 af
1806 949 135 36 sådana
1969 949 63 36 be-

423 993 208 48 villningar,
667 1006 77 23 som
777 996 207 47 uppräknas
1017 997 11 35 i
1059 999 45 33 60
1132 994 18 48 $
1177 998 329 48 regeringsformen
1535 1001 65 35 och
1629 1001 114 48 enligt
1772 1002 41 34 61
1846 997 17 49 $
1892 1013 139 23 samma

422 1044 60 48 lag
522 1044 100 36 skola
662 1050 148 43 utgöras
849 1047 129 36 endast
1017 1048 55 35 till
1110 1049 111 35 slutet
1258 1048 40 36 af
1325 1049 62 36 det
1418 1054 49 41 år,
1501 1051 116 36 under
1644 1052 108 35 hvars
1778 1052 85 47 lopp
1890 1064 50 36 ny
1969 1051 61 36 be-

422 1095 157 48 villning
615 1095 131 37 blifver
786 1097 40 36 af
861 1098 209 48 Riksdagen
1111 1099 176 36 faststäld.
1348 1100 45 36 Så
1424 1102 79 35 vidt
1529 1102 66 48 jag
1626 1103 141 35 kunnat
1797 1103 111 43 finna,
1937 1115 93 34 upp-

421 1151 86 43 togo
547 1147 201 36 emellertid
789 1148 243 50 lagförslagen
1073 1151 78 35 icke
1192 1154 114 45 några
1345 1153 150 48 pålagor
1534 1154 86 35 eller
1651 1153 142 49 gärder,
1826 1152 205 49 hänförliga

421 1197 56 35 till
518 1197 43 35 de
601 1198 13 34 i
655 1199 44 34 60
741 1196 18 48 $
799 1201 236 46 uppräknade
1074 1201 116 43 titlar;
1229 1203 65 34 och
1336 1203 61 35 vid
1431 1204 129 35 sådant
1591 1204 223 36 förhållande
1847 1206 95 33 lärer
1969 1204 61 35 det

421 1247 79 36 icke
541 1260 131 35 genom
712 1249 96 36 hvad
851 1251 177 35 utskottet
1067 1251 120 36 anfört
1228 1265 88 23 vara
1356 1253 230 50 ådagalagdt,
1621 1260 53 31 att
1707 1255 130 36 hinder
1868 1254 57 36 för
1951 1256 79 46 lag-

421 1297 200 50 förslagens
649 1301 206 47 antagande
883 1301 39 35 af
946 1302 183 48 grundlag
1157 1308 129 38 möter;

522 1362 84 23 men
634 1350 51 36 ddå
712 1364 43 23 en
783 1357 151 31 motsatt
960 1353 150 49 mening
1136 1355 97 47 gjort
1260 1355 57 48 sig
1343 1356 170 48 gällande
1539 1357 99 35 inom
1658 1356 227 49 Riksdagens
1905 1355 127 37 Andra

423 1399 207 45 Kammare;

523 1452 51 35 då
609 1452 86 36 flere
729 1452 39 36 af
797 1454 43 34 de
874 1454 229 49 Riksdagens
1130 1456 209 42 ledamöter,
1369 1469 77 24 som
1473 1463 116 42 yttrat
1616 1459 57 47 sig
1698 1460 13 34 i
1743 1458 140 48 frågan,
1912 1464 119 30 ansett

421 1502 160 48 önskligt
616 1515 97 32 vara,
754 1509 53 30 att
844 1504 61 36 det
941 1504 181 38 förmenta
1153 1507 146 36 hindret
1333 1498 144 64 genom,
1489 1509 365 49 grundlagsändring
1886 1509 143 37 undan-

421 1552 136 47 rödjes;

521 1603 65 35 och
628 1604 51 35 då
719 1604 61 36 det
820 1618 43 22 ur
903 1606 137 36 militär
1072 1609 188 47 synpunkt
1290 1608 141 37 funnits
1464 1622 87 23 vara
1578 1610 39 35 af
1641 1611 189 47 synnerlig
1857 1611 90 48 vigt,
1977 1616 53 31 att

420 1666 44 23 en
505 1667 101 22 mera
645 1655 174 49 tidsenlig
859 1657 319 47 reqvisitionsrätt,
1212 1666 44 28 än
1290 1659 68 36 den
1393 1660 112 36 redan
1539 1661 12 35 i
1580 1663 44 33 74
1654 1659 17 48 $
1699 1661 329 48 regeringsformen

419 1704 197 48 medgifna,
646 1706 131 36 varder
804 1707 171 48 stadgad;
1009 1721 105 23 anser
1141 1709 65 48 jag
1233 1711 178 48 lämpligt,
1441 1716 53 31 att
1520 1712 56 35 till
1604 1712 228 36 sistnämnda
1858 1712 174 48 paragraf

419 1754 103 47 fogas
562 1761 52 30 ett
653 1757 141 48 tillägg,
835 1770 76 23 som
950 1758 246 49 undanrödjer
1228 1760 44 36 de
1303 1761 165 36 formella
1494 1762 300 49 betänkligheter,
1824 1763 123 35 hvilka
1974 1764 55 35 till

420 1805 188 50 äfventyrs
649 1808 124 35 kunna
813 1809 97 35 inom
950 1810 211 47 Riksdagen
1193 1811 224 37 fortfarande
1444 1820 90 40 göra
1561 1814 56 47 sig
1644 1814 167 47 gällande
1839 1820 97 29 emot
1963 1827 64 22 an-

418 1857 159 48 tagande
605 1857 39 36 af
667 1859 136 48 nödiga
829 1860 65 35 och
922 1861 145 48 nyttiga
1094 1862 102 47 lagar
1223 1876 58 22 om
1309 1864 308 46 reqvisitionsrätt
1644 1865 12 35 i
1683 1864 167 49 krigstid.

518 1908 73 48 Jag
621 1909 208 37 hemställer
861 1911 131 44 derför,
1027 1917 53 30 att
1112 1912 113 36 Eders
1253 1913 131 49 Kongl.
1413 1914 103 47 Maj:t
1543 1919 110 32 måtte
1681 1916 13 35 i
1721 1916 224 47 proposition
1973 1917 55 35 till

419 1958 211 49 Riksdagen
670 1959 143 46 föreslå,
850 1966 54 31 att
945 1965 38 33 åt
1026 1965 45 33 74
1110 1960 18 48 $
1169 1964 331 49 regeringsformen
1532 1965 116 49 gifves
1679 1966 160 47 följande
1867 1967 160 36 ändrade

419 2009 152 36 lydelse:

432 2022 25 36 7
519 2060 221 50 »Konungen
782 2075 65 36 ege
885 2063 30 47 ej
950 2069 101 41 magt
1083 2069 53 31 att
1167 2064 124 37 fordra
1322 2069 118 45 någon
1474 2080 120 23 annan
1622 2067 100 49 gärd,
1751 2068 56 36 till
1835 2067 192 38 utförande

419 2110 40 35 af
482 2116 53 30 ett
562 2113 237 46 uppkommet
827 2114 93 48 krig,
949 2121 45 28 än
1023 2115 59 36 det
1111 2117 265 35 sammanskott
1403 2117 39 36 af
1464 2117 157 37 födande
1648 2132 117 31 varor,
1794 2132 76 22 som
1900 2120 55 35 uti
1983 2132 44 23 en

418 2162 163 35 landsort
609 2164 71 34 kan
708 2163 113 37 blifva
848 2164 232 49 erforderligt
1106 2167 56 35 till
1190 2167 194 47 krigsfolks
1414 2169 283 36 underhållande
1725 2170 117 35 under
1859 2174 64 44 tåg
1941 2172 86 34 eller

419 2213 152 44 marsch,
612 2221 66 28 när
715 2214 44 37 de
792 2215 177 36 särskilda
1001 2222 107 39 orter,
1146 2218 64 35 der
1241 2218 100 36 detta
1367 2222 63 45 tåg
1457 2220 93 43 sker,
1578 2221 79 35 icke
1684 2219 116 37 förmå
1826 2226 200 43 trupperna

418 2263 81 36 med
528 2264 129 49 nödigt
685 2266 190 47 uppehälle
902 2266 104 37 förse.
1063 2268 126 36 Denna
1217 2269 90 48 gärd
1335 2270 91 36 skall
1453 2270 91 36 dock
1572 2276 130 43 genast
1720 2271 84 36 med
1822 2272 204 48 penningar
