2122 2651
679 200 247 43 Lag-Utskottets
955 201 158 30 Utlåtande
1136 200 64 31 N:o
1223 201 54 31 35.
1763 203 15 28 7

176 282 168 36 hörande
387 281 184 37 särskilda
607 281 314 49 jordlägenheter
962 282 85 44 kan,
1076 280 42 37 så
1149 281 75 36 vidt
1250 280 72 37 icke
1350 280 180 36 särskilda
1551 279 232 50 föreskrifter

175 334 180 48 medgifva
395 334 189 47 undantag
624 332 179 50 härifrån,
842 333 65 35 ske
943 333 132 35 endast
1109 332 95 36 efter
1236 333 103 35 delar
1373 332 195 36 bestämda
1600 332 10 35 i
1643 331 140 35 förhål-

175 386 110 35 lande
321 385 58 36 till
409 385 63 36 det
501 385 96 42 hela,
626 390 25 30 t.
683 397 57 23 ex.
771 384 58 36 till
858 383 155 45 hälften,
1043 384 57 36 till
1130 397 45 23 en
1204 383 205 48 tredjedel;
1440 383 69 36 och
1539 386 38 32 så
1605 382 86 45 kan,
1722 396 61 22 en-

175 437 69 44 ligt
271 437 62 46 lag
362 437 71 34 den
464 438 46 34 30
538 435 98 35 Mars
668 438 106 41 1879,
804 413 212 70 vangående
1045 436 155 46 delning
1228 434 40 36 af
1288 393 225 94 brgtrnader
1542 433 95 36 efter
1665 440 117 28 mate-

173 467 89 56 rielt
304 466 194 57 bestämda
541 486 184 44 andelar»,
763 464 174 70 gällande
966 485 58 37 för
1053 499 141 22 samma
1223 486 192 42 områden,
1445 485 57 35 för
1531 485 126 36 hvilka
1688 487 92 34 1871

174 542 59 32 års
261 536 260 51 Allgemeines
551 516 384 69 Grundbuchsgesetz
965 545 40 28 är
1024 538 11 35 i
1056 537 111 44 kraft,
1197 536 238 49 sjelfständig
1455 536 224 49 eganderätt
1699 536 82 35 icke

174 589 210 36 förvärfvas
427 590 57 35 till
526 589 209 36 materiella
777 588 153 36 andelar
971 588 39 36 af
1048 602 44 22 en
1134 588 189 49 byggnad,
1366 588 127 35 hvilka
1531 588 81 35 icke
1649 594 64 28 äro
1743 590 39 32 så

173 640 229 45 beskaffade,
449 646 56 30 att
554 641 45 34 de
646 640 125 35 kunna
814 653 106 22 anses
961 643 123 32 såsom
1125 639 261 58 sjelfständiga
1427 638 219 58 kroppsliga
1686 638 95 57 ting,

174 695 121 33 såsom
335 698 25 30 t.
397 705 57 22 ex.
493 692 58 35 till
583 691 185 35 särskilda
796 691 182 47 våningar
1007 691 91 35 eller
1126 703 84 22 rum
1239 691 9 34 i
1278 703 140 23 samma
1448 690 81 43 hus,
1560 690 31 46 ej
1623 689 119 35 heller
1771 690 11 33 i

174 743 134 36 sådant
337 743 173 35 ändamål
539 741 198 36 införande
766 743 11 34 i
806 723 327 66 fastighetsboken
1163 755 66 33 ega
1258 754 83 22 rum
1371 737 33 49 ($
1434 737 53 49 1);
1516 753 78 22 men
1614 740 167 48 rättsför-

173 794 206 56 hällanden,
409 794 117 35 hvilka
505 806 21 22 a
551 793 88 59 före
660 793 120 46 lagens
808 799 31 28 tr
842 774 142 54 ädande
1011 792 13 35 i
1050 792 100 48 kraft
1178 771 117 69 blifvit
1310 792 231 47 grundlagda
1564 803 125 36 genom
1709 790 72 35 del-

174 845 141 58 ningar,
345 858 73 22 som
446 844 71 36 icke
545 843 56 35 stå
627 843 12 35 i
667 843 359 60 öfverensstämmelse
1059 843 80 35 med
1166 843 117 35 denna
1320 842 245 43 bestämmelse,
1595 841 129 36 rubbas
1751 840 32 49 ej

175 897 45 47 af
259 897 207 35 densamma
495 895 59 36 och
581 895 133 43 kunna,
745 894 42 35 så
812 894 75 35 vidt
914 895 41 34 de
982 894 72 35 icke
1081 894 111 44 redan
1213 894 103 48 falla
1344 894 113 34 under
1481 893 105 48 förut
1606 893 66 47 för
1703 897 78 30 sär-

175 947 117 35 skilda
320 947 169 35 områden
520 923 198 71 utfärdade
739 945 136 49 förbud
903 952 70 29 mot
1001 945 153 47 delning,
1178 936 238 57 fortfarande
1436 944 96 35 bilda
1531 943 252 57 föremål
1722 939 65 65 för

174 998 192 48 införande
393 998 13 35 i
425 997 311 49 fastighetsboken,
768 996 148 36 likasom
929 996 65 49 för
1010 996 204 47 ytterligare
1234 1000 36 44 öf
1271 995 236 63 verföringar
1523 994 12 35 1
1555 995 227 40 densamma;

174 1062 85 22 men
289 1050 71 34 kan
390 1040 58 44 för
477 1048 204 36 framtiden
710 1061 44 22 en
782 1048 225 47 ytterligare
1037 1047 341 46 sönderstyckning
1407 1047 38 34 af
1468 1049 46 44 på
1534 1050 39 31 så
1593 1051 76 30 sätt
1689 1058 93 34 upp-

174 1101 138 35 komna
341 1101 104 35 delar
475 1100 81 35 icke
587 1112 67 34 ega
683 1112 82 22 rum
795 1095 32 49 ($
858 1095 55 48 2);
944 1098 82 44 och,
1057 1111 60 22 om
1144 1111 44 22 en
1210 1076 173 69 förening
1403 1098 171 34 kommer
1594 1097 57 35 till
1672 1096 109 36 stånd

175 1151 39 36 af
240 1152 44 35 de
316 1152 9 34 i
355 1149 17 48 $
403 1154 19 34 2
452 1150 234 37 betecknade
716 1150 115 44 delar,
861 1150 127 35 kunna
1017 1149 45 36 de
1091 1149 83 36 icke
1204 1148 128 37 vidare
1368 1148 189 47 särskiljas
1587 1148 92 35 eller
1707 1155 75 28 sär-

174 1203 116 36 skildt
318 1203 196 36 intecknas
543 1199 34 49 ($
607 1199 49 48 3).

274 1263 53 35 På
356 1268 76 30 sätt
473 1262 72 35 den
587 1274 68 22 ene
684 1261 250 44 motionären,
969 1260 99 35 Herr
1096 1258 136 43 Hedin,
1263 1258 108 36 äfven
1401 1257 117 45 anför,
1548 1257 235 36 förekomma

174 1314 69 35 ock
272 1314 287 35 bestämmelser
588 1313 9 35 i
627 1311 134 48 frågan
803 1312 54 35 uti
896 1310 281 48 konungariket
1211 1309 150 36 Italiens
1390 1310 151 47 civillag
1569 1308 39 36 af
1634 1309 71 35 den
1737 1311 43 34 25

174 1364 90 36 Juni
296 1367 107 42 1865,
434 1370 68 30 art.
540 1366 209 41 562—564,
788 1363 128 35 hvilka
953 1342 157 55 artiklar
1145 1361 119 48 enligt
1293 1339 288 69 öfversättning,
1608 1373 81 22 som
1717 1359 66 37 Ut-

174 1416 144 35 skottet
344 1394 87 57 låtit
459 1410 215 57 verkställa,
702 1392 88 70 lyda
819 1426 79 23 som
926 1412 124 48 följer:

274 1475 88 35 562.
416 1465 83 45 Äro
528 1475 11 34 i
570 1479 54 30 ett
652 1474 71 34 hus
751 1474 90 34 flere
870 1473 194 45 våningar,
1093 1471 230 36 tillhörande
1353 1470 181 36 särskilde
1561 1483 123 35 egare,
1710 1470 70 35 och

175 1525 184 37 innefatta
401 1524 326 37 åtkomstbrefven
768 1523 83 36 icke
888 1522 239 37 föreskrifter
1164 1522 82 36 med
1287 1521 214 36 hänseende
1538 1521 59 35 till
1632 1534 151 34 repara-

174 1578 126 35 tioner
329 1577 69 35 och
429 1575 297 49 ombyggnader,
756 1575 95 35 skall
879 1574 153 35 dermed
1061 1573 179 36 förhållas
1269 1576 47 44 på
1345 1578 85 39 sätt,
1461 1585 79 22 som
1568 1571 125 48 följer:

275 1635 73 36 För
375 1641 233 57 yttermurar
637 1634 70 36 och
736 1634 63 36 tak
828 1642 107 27 svara
964 1633 173 48 samtlige
1167 1645 124 35 egare,
1318 1632 91 35 hvar
1435 1632 11 34 i
1465 1630 238 36 förhållande
1723 1631 59 35 till

174 1687 135 36 värdet
347 1687 39 35 af
419 1688 55 34 sin
508 1686 156 48 våning;
694 1688 40 32 så
763 1685 69 35 ock
860 1683 60 37 för
948 1659 231 76 korridorer,
1209 1689 141 41 portar,
1380 1683 177 43 brunnar,
1587 1682 194 44 cisterner,

174 1738 333 48 vattenledningar
548 1737 71 35 och
657 1736 115 36 andra
806 1735 58 36 för
892 1735 85 36 dem
1005 1747 278 35 gemensamma
1311 1735 83 46 ting
1422 1753 47 3 —
1496 1752 50 4 —
1572 1752 47 4 —
1648 1747 66 30 —;

274 1797 121 48 Egare
424 1769 59 63 till
511 1796 128 47 hvarje
668 1796 139 45 våning
837 1795 91 35 eller
952 1795 58 35 till
1035 1794 60 35 del
1116 1793 39 36 af
1171 1794 138 57 våning
1331 1793 203 47 anbringar
1555 1792 69 36 och
1645 1792 138 35 under-

174 1848 119 36 håller
334 1847 275 49 golfläggning,
651 1827 268 63 trossbottnar,
957 1845 107 36 hvalf
1092 1845 69 35 och
1191 1845 63 35 tak
1283 1846 10 34 i
1322 1824 247 68 lägenhetens
1598 1843 183 36 särskilda

175 1899 162 45 lokaler;

276 1928 191 78 rappors
496 1956 257 48 anbringande
783 1956 70 35 och
882 1955 200 36 underhåll
1111 1955 178 35 bekostas
1318 1953 39 36 af
1382 1967 135 33 egarne
1547 1953 85 36 utaf
1654 1953 45 35 de
1722 1956 60 33 vå-

175 2009 145 48 ningar,
350 2009 56 36 dit
435 2009 44 35 de
508 2008 97 44 leda,
634 2009 11 35 i
673 2007 237 36 förhållande
938 2007 58 35 till
1024 2006 129 47 hvarje
1181 2005 158 48 vånings
1367 1980 126 76 värde.

276 2068 73 35 Till
390 2069 181 47 våningar
613 2068 11 34 i
666 2072 54 30 ett
761 2067 70 35 hus
871 2066 135 35 räknas:
1047 2066 155 43 källare,
1237 2064 125 47 palclu
1401 2064 104 35 morti
1545 2064 71 35 och
1657 2063 125 36 vinds-

175 2120 160 35 kamrar.

275 2170 88 36 563.
418 2169 55 36 De
510 2169 181 48 grunder,
729 2181 80 23 som
846 2168 169 48 stadgats
1043 2166 58 36 för
1130 2166 211 48 utgörande
1371 2165 39 37 af
1434 2165 135 46 bidrag
1596 2165 58 36 till
1682 2165 100 35 kost-

176 2222 122 34 naden
331 2220 59 36 för
418 2221 218 46 reparation
665 2219 70 35 och
765 2197 238 70 ombyggnad
1034 2218 38 35 af
1097 2198 112 55 taken
1238 2220 47 44 på
1314 2222 54 30 ett
1397 2217 132 47 hus,
1509 2217 97 34 gälla
1634 2215 109 37 äfven
1771 2216 11 35 i

176 2272 106 48 fråga
310 2285 59 22 om
398 2271 217 47 reparation
644 2270 40 35 af
709 2269 134 36 lastrici
870 2269 120 36 solari.
