<?xml version="1.0" encoding="UTF-8"?>
<alto xmlns="http://www.loc.gov/standards/alto/ns-v3#" xmlns:xlink="http://www.w3.org/1999/xlink" xmlns:xsi="http://www.w3.org/2001/XMLSchema-instance" xsi:schemaLocation="http://www.loc.gov/standards/alto/ns-v3# http://www.loc.gov/alto/v3/alto-3-0.xsd">
	<Description>
		<MeasurementUnit>pixel</MeasurementUnit>
		<sourceImageInformation>
			<fileName>/tmp/tess_lja8yuqr_input.PNG</fileName>
		</sourceImageInformation>
		<OCRProcessing ID="OCR_0">
			<ocrProcessingStep>
				<processingSoftware>
					<softwareName>tesseract 5.3.0</softwareName>
				</processingSoftware>
			</ocrProcessingStep>
		</OCRProcessing>
	</Description>
	<Layout>
		<Page WIDTH="1936" HEIGHT="2820" PHYSICAL_IMG_NR="0" ID="page_0">
			<PrintSpace HPOS="0" VPOS="0" WIDTH="1936" HEIGHT="2820">
				<ComposedBlock ID="cblock_0" HPOS="121" VPOS="1960" WIDTH="128" HEIGHT="27">
					<TextBlock ID="block_0" HPOS="121" VPOS="1960" WIDTH="128" HEIGHT="27">
						<TextLine ID="line_0" HPOS="121" VPOS="1960" WIDTH="128" HEIGHT="27">
							<String ID="string_0" HPOS="121" VPOS="1960" WIDTH="128" HEIGHT="27" WC="0.95" CONTENT="Utskottet."/>
						</TextLine>
					</TextBlock>
				</ComposedBlock>
				<ComposedBlock ID="cblock_1" HPOS="290" VPOS="160" WIDTH="1119" HEIGHT="43">
					<TextBlock ID="block_1" HPOS="290" VPOS="160" WIDTH="1119" HEIGHT="43">
						<TextLine ID="line_1" HPOS="290" VPOS="160" WIDTH="1119" HEIGHT="43">
							<String ID="string_1" HPOS="290" VPOS="160" WIDTH="39" HEIGHT="30" WC="0.95" CONTENT="10"/><SP WIDTH="348" VPOS="160" HPOS="329"/>
							<String ID="string_2" HPOS="677" VPOS="166" WIDTH="118" HEIGHT="31" WC="0.93" CONTENT="Andra"/><SP WIDTH="24" VPOS="166" HPOS="795"/>
							<String ID="string_3" HPOS="819" VPOS="167" WIDTH="239" HEIGHT="36" WC="0.91" CONTENT="lagutskottets"/><SP WIDTH="25" VPOS="167" HPOS="1058"/>
							<String ID="string_4" HPOS="1083" VPOS="168" WIDTH="176" HEIGHT="31" WC="0.96" CONTENT="utlåtande"/><SP WIDTH="24" VPOS="168" HPOS="1259"/>
							<String ID="string_5" HPOS="1283" VPOS="169" WIDTH="50" HEIGHT="31" WC="0.95" CONTENT="Nr"/><SP WIDTH="26" VPOS="169" HPOS="1333"/>
							<String ID="string_6" HPOS="1359" VPOS="171" WIDTH="50" HEIGHT="30" WC="0.87" CONTENT="15."/>
						</TextLine>
					</TextBlock>
				</ComposedBlock>
				<ComposedBlock ID="cblock_2" HPOS="288" VPOS="261" WIDTH="1520" HEIGHT="197">
					<TextBlock ID="block_2" HPOS="288" VPOS="261" WIDTH="1519" HEIGHT="46">
						<TextLine ID="line_2" HPOS="288" VPOS="261" WIDTH="1519" HEIGHT="46">
							<String ID="string_7" HPOS="288" VPOS="261" WIDTH="30" HEIGHT="33" WC="0.93" CONTENT="4."/><SP WIDTH="44" VPOS="261" HPOS="318"/>
							<String ID="string_8" HPOS="362" VPOS="262" WIDTH="196" HEIGHT="41" WC="0.95" CONTENT="Förslaget"/><SP WIDTH="31" VPOS="262" HPOS="558"/>
							<String ID="string_9" HPOS="589" VPOS="264" WIDTH="61" HEIGHT="32" WC="0.96" CONTENT="till"/><SP WIDTH="30" VPOS="264" HPOS="650"/>
							<String ID="string_10" HPOS="680" VPOS="263" WIDTH="226" HEIGHT="33" WC="0.96" CONTENT="konvention"/><SP WIDTH="29" VPOS="263" HPOS="906"/>
							<String ID="string_11" HPOS="935" VPOS="263" WIDTH="60" HEIGHT="40" WC="0.96" CONTENT="(nr"/><SP WIDTH="22" VPOS="263" HPOS="995"/>
							<String ID="string_12" HPOS="1017" VPOS="263" WIDTH="56" HEIGHT="41" WC="0.96" CONTENT="62)"/><SP WIDTH="27" VPOS="263" HPOS="1073"/>
							<String ID="string_13" HPOS="1100" VPOS="267" WIDTH="188" HEIGHT="40" WC="0.93" CONTENT="angående"/><SP WIDTH="28" VPOS="267" HPOS="1288"/>
							<String ID="string_14" HPOS="1316" VPOS="267" WIDTH="446" HEIGHT="35" WC="0.90" CONTENT="säkerhetsföreskrifter"/><SP WIDTH="33" VPOS="267" HPOS="1762"/>
							<String ID="string_15" HPOS="1795" VPOS="272" WIDTH="12" HEIGHT="31" WC="0.97" CONTENT="i"/>
						</TextLine>
					</TextBlock>
					<TextBlock ID="block_3" HPOS="289" VPOS="312" WIDTH="1519" HEIGHT="48">
						<TextLine ID="line_3" HPOS="289" VPOS="312" WIDTH="1519" HEIGHT="48">
							<String ID="string_16" HPOS="289" VPOS="312" WIDTH="405" HEIGHT="41" WC="0.91" CONTENT="byggnadsindustrien"/><SP WIDTH="39" VPOS="312" HPOS="694"/>
							<String ID="string_17" HPOS="733" VPOS="316" WIDTH="97" HEIGHT="31" WC="0.93" CONTENT="samt"/><SP WIDTH="37" VPOS="316" HPOS="830"/>
							<String ID="string_18" HPOS="867" VPOS="315" WIDTH="439" HEIGHT="34" WC="0.92" CONTENT="rekommendationerna"/><SP WIDTH="39" VPOS="315" HPOS="1306"/>
							<String ID="string_19" HPOS="1345" VPOS="316" WIDTH="61" HEIGHT="39" WC="0.93" CONTENT="(nr"/><SP WIDTH="33" VPOS="316" HPOS="1406"/>
							<String ID="string_20" HPOS="1439" VPOS="316" WIDTH="140" HEIGHT="42" WC="0.85" CONTENT="53—56)"/><SP WIDTH="38" VPOS="316" HPOS="1579"/>
							<String ID="string_21" HPOS="1617" VPOS="320" WIDTH="191" HEIGHT="40" WC="0.96" CONTENT="angående"/>
						</TextLine>
					</TextBlock>
					<TextBlock ID="block_4" HPOS="289" VPOS="362" WIDTH="1517" HEIGHT="96">
						<TextLine ID="line_4" HPOS="289" VPOS="362" WIDTH="1517" HEIGHT="45">
							<String ID="string_22" HPOS="289" VPOS="362" WIDTH="455" HEIGHT="44" WC="0.92" CONTENT="säkerhetsföreskrifter,"/><SP WIDTH="42" VPOS="362" HPOS="744"/>
							<String ID="string_23" HPOS="786" VPOS="365" WIDTH="228" HEIGHT="42" WC="0.96" CONTENT="inspektion,"/><SP WIDTH="44" VPOS="365" HPOS="1014"/>
							<String ID="string_24" HPOS="1058" VPOS="367" WIDTH="217" HEIGHT="33" WC="0.94" CONTENT="samverkan"/><SP WIDTH="46" VPOS="367" HPOS="1275"/>
							<String ID="string_25" HPOS="1321" VPOS="368" WIDTH="64" HEIGHT="33" WC="0.94" CONTENT="till"/><SP WIDTH="37" VPOS="368" HPOS="1385"/>
							<String ID="string_26" HPOS="1422" VPOS="368" WIDTH="306" HEIGHT="34" WC="0.96" CONTENT="förekommande"/><SP WIDTH="37" VPOS="368" HPOS="1728"/>
							<String ID="string_27" HPOS="1765" VPOS="380" WIDTH="41" HEIGHT="23" WC="0.94" CONTENT="av"/>
						</TextLine>
						<TextLine ID="line_5" HPOS="444" VPOS="413" WIDTH="1215" HEIGHT="45">
							<String ID="string_28" HPOS="444" VPOS="413" WIDTH="201" HEIGHT="40" WC="0.96" CONTENT="olycksfall"/><SP WIDTH="24" VPOS="413" HPOS="645"/>
							<String ID="string_29" HPOS="669" VPOS="415" WIDTH="68" HEIGHT="32" WC="0.95" CONTENT="och"/><SP WIDTH="24" VPOS="415" HPOS="737"/>
							<String ID="string_30" HPOS="761" VPOS="415" WIDTH="329" HEIGHT="42" WC="0.95" CONTENT="yrkesutbildning"/><SP WIDTH="24" VPOS="415" HPOS="1090"/>
							<String ID="string_31" HPOS="1114" VPOS="418" WIDTH="102" HEIGHT="32" WC="0.93" CONTENT="inom"/><SP WIDTH="26" VPOS="418" HPOS="1216"/>
							<String ID="string_32" HPOS="1242" VPOS="419" WIDTH="417" HEIGHT="39" WC="0.91" CONTENT="byggnadsindustrien."/>
						</TextLine>
					</TextBlock>
				</ComposedBlock>
				<ComposedBlock ID="cblock_3" HPOS="288" VPOS="490" WIDTH="1514" HEIGHT="802">
					<TextBlock ID="block_5" HPOS="288" VPOS="490" WIDTH="1514" HEIGHT="549">
						<TextLine ID="line_6" HPOS="335" VPOS="490" WIDTH="1465" HEIGHT="44">
							<String ID="string_33" HPOS="335" VPOS="490" WIDTH="402" HEIGHT="38" WC="0.91" CONTENT="Konventionsförslaget"/><SP WIDTH="25" VPOS="490" HPOS="737"/>
							<String ID="string_34" HPOS="762" VPOS="493" WIDTH="177" HEIGHT="36" WC="0.93" CONTENT="angående"/><SP WIDTH="27" VPOS="493" HPOS="939"/>
							<String ID="string_35" HPOS="966" VPOS="495" WIDTH="397" HEIGHT="32" WC="0.91" CONTENT="säkerhetsföreskrifter"/><SP WIDTH="27" VPOS="495" HPOS="1363"/>
							<String ID="string_36" HPOS="1390" VPOS="497" WIDTH="11" HEIGHT="30" WC="0.93" CONTENT="i"/><SP WIDTH="27" VPOS="497" HPOS="1401"/>
							<String ID="string_37" HPOS="1428" VPOS="498" WIDTH="372" HEIGHT="36" WC="0.92" CONTENT="byggnadsindustrien"/>
						</TextLine>
						<TextLine ID="line_7" HPOS="289" VPOS="541" WIDTH="1513" HEIGHT="45">
							<String ID="string_38" HPOS="289" VPOS="541" WIDTH="111" HEIGHT="37" WC="0.96" CONTENT="syftar"/><SP WIDTH="14" VPOS="541" HPOS="400"/>
							<String ID="string_39" HPOS="414" VPOS="542" WIDTH="51" HEIGHT="30" WC="0.96" CONTENT="till"/><SP WIDTH="24" VPOS="542" HPOS="465"/>
							<String ID="string_40" HPOS="489" VPOS="545" WIDTH="48" HEIGHT="27" WC="0.96" CONTENT="att"/><SP WIDTH="24" VPOS="545" HPOS="537"/>
							<String ID="string_41" HPOS="561" VPOS="544" WIDTH="257" HEIGHT="31" WC="0.92" CONTENT="standardisera"/><SP WIDTH="21" VPOS="544" HPOS="818"/>
							<String ID="string_42" HPOS="839" VPOS="545" WIDTH="355" HEIGHT="32" WC="0.92" CONTENT="minimiföreskrifter"/><SP WIDTH="20" VPOS="545" HPOS="1194"/>
							<String ID="string_43" HPOS="1214" VPOS="548" WIDTH="149" HEIGHT="30" WC="0.93" CONTENT="rörande"/><SP WIDTH="21" VPOS="548" HPOS="1363"/>
							<String ID="string_44" HPOS="1384" VPOS="548" WIDTH="418" HEIGHT="38" WC="0.91" CONTENT="säkerhetsanordningar"/>
						</TextLine>
						<TextLine ID="line_8" HPOS="288" VPOS="592" WIDTH="1512" HEIGHT="44">
							<String ID="string_45" HPOS="288" VPOS="592" WIDTH="56" HEIGHT="30" WC="0.96" CONTENT="för"/><SP WIDTH="22" VPOS="592" HPOS="344"/>
							<String ID="string_46" HPOS="366" VPOS="593" WIDTH="156" HEIGHT="30" WC="0.96" CONTENT="arbetare"/><SP WIDTH="21" VPOS="593" HPOS="522"/>
							<String ID="string_47" HPOS="543" VPOS="593" WIDTH="94" HEIGHT="31" WC="0.93" CONTENT="inom"/><SP WIDTH="22" VPOS="593" HPOS="637"/>
							<String ID="string_48" HPOS="659" VPOS="595" WIDTH="372" HEIGHT="36" WC="0.92" CONTENT="byggnadsindustrien"/><SP WIDTH="21" VPOS="595" HPOS="1031"/>
							<String ID="string_49" HPOS="1052" VPOS="597" WIDTH="220" HEIGHT="31" WC="0.96" CONTENT="beträffande"/><SP WIDTH="24" VPOS="597" HPOS="1272"/>
							<String ID="string_50" HPOS="1296" VPOS="599" WIDTH="204" HEIGHT="36" WC="0.96" CONTENT="ställningar"/><SP WIDTH="20" VPOS="599" HPOS="1500"/>
							<String ID="string_51" HPOS="1520" VPOS="600" WIDTH="65" HEIGHT="30" WC="0.93" CONTENT="och"/><SP WIDTH="23" VPOS="600" HPOS="1585"/>
							<String ID="string_52" HPOS="1608" VPOS="600" WIDTH="192" HEIGHT="36" WC="0.92" CONTENT="lyftanord-"/>
						</TextLine>
						<TextLine ID="line_9" HPOS="290" VPOS="643" WIDTH="1509" HEIGHT="43">
							<String ID="string_53" HPOS="290" VPOS="643" WIDTH="132" HEIGHT="36" WC="0.96" CONTENT="ningar."/><SP WIDTH="36" VPOS="643" HPOS="422"/>
							<String ID="string_54" HPOS="458" VPOS="644" WIDTH="78" HEIGHT="30" WC="0.96" CONTENT="Med"/><SP WIDTH="21" VPOS="644" HPOS="536"/>
							<String ID="string_55" HPOS="557" VPOS="645" WIDTH="138" HEIGHT="36" WC="0.96" CONTENT="hänsyn"/><SP WIDTH="20" VPOS="645" HPOS="695"/>
							<String ID="string_56" HPOS="715" VPOS="646" WIDTH="51" HEIGHT="29" WC="0.96" CONTENT="till"/><SP WIDTH="23" VPOS="646" HPOS="766"/>
							<String ID="string_57" HPOS="789" VPOS="646" WIDTH="175" HEIGHT="31" WC="0.96" CONTENT="skiftande"/><SP WIDTH="18" VPOS="646" HPOS="964"/>
							<String ID="string_58" HPOS="982" VPOS="647" WIDTH="159" HEIGHT="31" WC="0.96" CONTENT="tekniska"/><SP WIDTH="19" VPOS="647" HPOS="1141"/>
							<String ID="string_59" HPOS="1160" VPOS="649" WIDTH="205" HEIGHT="36" WC="0.96" CONTENT="betingelser"/><SP WIDTH="20" VPOS="649" HPOS="1365"/>
							<String ID="string_60" HPOS="1385" VPOS="650" WIDTH="64" HEIGHT="30" WC="0.96" CONTENT="och"/><SP WIDTH="22" VPOS="650" HPOS="1449"/>
							<String ID="string_61" HPOS="1471" VPOS="650" WIDTH="186" HEIGHT="36" WC="0.96" CONTENT="sedvänjor"/><SP WIDTH="19" VPOS="650" HPOS="1657"/>
							<String ID="string_62" HPOS="1676" VPOS="651" WIDTH="10" HEIGHT="30" WC="0.96" CONTENT="i"/><SP WIDTH="22" VPOS="651" HPOS="1686"/>
							<String ID="string_63" HPOS="1708" VPOS="651" WIDTH="91" HEIGHT="30" WC="0.96" CONTENT="olika"/>
						</TextLine>
						<TextLine ID="line_10" HPOS="290" VPOS="694" WIDTH="1510" HEIGHT="45">
							<String ID="string_64" HPOS="290" VPOS="694" WIDTH="119" HEIGHT="30" WC="0.96" CONTENT="länder"/><SP WIDTH="18" VPOS="694" HPOS="409"/>
							<String ID="string_65" HPOS="427" VPOS="695" WIDTH="92" HEIGHT="30" WC="0.96" CONTENT="hava"/><SP WIDTH="19" VPOS="695" HPOS="519"/>
							<String ID="string_66" HPOS="538" VPOS="695" WIDTH="10" HEIGHT="30" WC="0.96" CONTENT="i"/><SP WIDTH="22" VPOS="695" HPOS="548"/>
							<String ID="string_67" HPOS="570" VPOS="696" WIDTH="256" HEIGHT="31" WC="0.96" CONTENT="konventionen"/><SP WIDTH="20" VPOS="696" HPOS="826"/>
							<String ID="string_68" HPOS="846" VPOS="697" WIDTH="139" HEIGHT="36" WC="0.96" CONTENT="intagits"/><SP WIDTH="20" VPOS="697" HPOS="985"/>
							<String ID="string_69" HPOS="1005" VPOS="698" WIDTH="119" HEIGHT="30" WC="0.95" CONTENT="endast"/><SP WIDTH="20" VPOS="698" HPOS="1124"/>
							<String ID="string_70" HPOS="1144" VPOS="699" WIDTH="91" HEIGHT="31" WC="0.95" CONTENT="vissa"/><SP WIDTH="18" VPOS="699" HPOS="1235"/>
							<String ID="string_71" HPOS="1253" VPOS="700" WIDTH="146" HEIGHT="30" WC="0.96" CONTENT="allmänt"/><SP WIDTH="19" VPOS="700" HPOS="1399"/>
							<String ID="string_72" HPOS="1418" VPOS="700" WIDTH="235" HEIGHT="31" WC="0.93" CONTENT="formulerade"/><SP WIDTH="21" VPOS="700" HPOS="1653"/>
							<String ID="string_73" HPOS="1674" VPOS="702" WIDTH="126" HEIGHT="37" WC="0.91" CONTENT="princi-"/>
						</TextLine>
						<TextLine ID="line_11" HPOS="291" VPOS="746" WIDTH="1511" HEIGHT="45">
							<String ID="string_74" HPOS="291" VPOS="753" WIDTH="68" HEIGHT="28" WC="0.96" CONTENT="per,"/><SP WIDTH="22" VPOS="753" HPOS="359"/>
							<String ID="string_75" HPOS="381" VPOS="746" WIDTH="112" HEIGHT="30" WC="0.96" CONTENT="vilkas"/><SP WIDTH="14" VPOS="746" HPOS="493"/>
							<String ID="string_76" HPOS="507" VPOS="746" WIDTH="181" HEIGHT="37" WC="0.96" CONTENT="praktiska"/><SP WIDTH="20" VPOS="746" HPOS="688"/>
							<String ID="string_77" HPOS="708" VPOS="747" WIDTH="217" HEIGHT="38" WC="0.96" CONTENT="utformning"/><SP WIDTH="19" VPOS="747" HPOS="925"/>
							<String ID="string_78" HPOS="944" VPOS="748" WIDTH="69" HEIGHT="30" WC="0.96" CONTENT="kan"/><SP WIDTH="20" VPOS="748" HPOS="1013"/>
							<String ID="string_79" HPOS="1033" VPOS="749" WIDTH="124" HEIGHT="31" WC="0.96" CONTENT="tänkas"/><SP WIDTH="19" VPOS="749" HPOS="1157"/>
							<String ID="string_80" HPOS="1176" VPOS="750" WIDTH="11" HEIGHT="29" WC="0.96" CONTENT="i"/><SP WIDTH="19" VPOS="750" HPOS="1187"/>
							<String ID="string_81" HPOS="1206" VPOS="750" WIDTH="90" HEIGHT="41" WC="0.96" CONTENT="vissa"/><SP WIDTH="18" VPOS="750" HPOS="1296"/>
							<String ID="string_82" HPOS="1314" VPOS="751" WIDTH="222" HEIGHT="30" WC="0.96" CONTENT="hänseenden"/><SP WIDTH="21" VPOS="751" HPOS="1536"/>
							<String ID="string_83" HPOS="1557" VPOS="753" WIDTH="101" HEIGHT="30" WC="0.96" CONTENT="växla"/><SP WIDTH="21" VPOS="753" HPOS="1658"/>
							<String ID="string_84" HPOS="1679" VPOS="753" WIDTH="10" HEIGHT="29" WC="0.96" CONTENT="i"/><SP WIDTH="19" VPOS="753" HPOS="1689"/>
							<String ID="string_85" HPOS="1708" VPOS="753" WIDTH="94" HEIGHT="30" WC="0.96" CONTENT="olika"/>
						</TextLine>
						<TextLine ID="line_12" HPOS="289" VPOS="796" WIDTH="1510" HEIGHT="41">
							<String ID="string_86" HPOS="289" VPOS="796" WIDTH="129" HEIGHT="30" WC="0.93" CONTENT="länder."/><SP WIDTH="35" VPOS="796" HPOS="418"/>
							<String ID="string_87" HPOS="453" VPOS="797" WIDTH="66" HEIGHT="29" WC="0.95" CONTENT="Till"/><SP WIDTH="22" VPOS="797" HPOS="519"/>
							<String ID="string_88" HPOS="541" VPOS="797" WIDTH="140" HEIGHT="36" WC="0.95" CONTENT="ledning"/><SP WIDTH="21" VPOS="797" HPOS="681"/>
							<String ID="string_89" HPOS="702" VPOS="797" WIDTH="56" HEIGHT="31" WC="0.96" CONTENT="för"/><SP WIDTH="21" VPOS="797" HPOS="758"/>
							<String ID="string_90" HPOS="779" VPOS="798" WIDTH="66" HEIGHT="30" WC="0.96" CONTENT="den"/><SP WIDTH="24" VPOS="798" HPOS="845"/>
							<String ID="string_91" HPOS="869" VPOS="799" WIDTH="180" HEIGHT="36" WC="0.96" CONTENT="praktiska"/><SP WIDTH="22" VPOS="799" HPOS="1049"/>
							<String ID="string_92" HPOS="1071" VPOS="799" WIDTH="262" HEIGHT="38" WC="0.96" CONTENT="utformningen"/><SP WIDTH="23" VPOS="799" HPOS="1333"/>
							<String ID="string_93" HPOS="1356" VPOS="802" WIDTH="65" HEIGHT="30" WC="0.93" CONTENT="har"/><SP WIDTH="24" VPOS="802" HPOS="1421"/>
							<String ID="string_94" HPOS="1445" VPOS="802" WIDTH="354" HEIGHT="31" WC="0.91" CONTENT="konventionsförsla-"/>
						</TextLine>
						<TextLine ID="line_13" HPOS="289" VPOS="847" WIDTH="1512" HEIGHT="42">
							<String ID="string_95" HPOS="289" VPOS="849" WIDTH="53" HEIGHT="33" WC="0.96" CONTENT="get"/><SP WIDTH="23" VPOS="849" HPOS="342"/>
							<String ID="string_96" HPOS="365" VPOS="847" WIDTH="260" HEIGHT="37" WC="0.96" CONTENT="kompletterats"/><SP WIDTH="22" VPOS="847" HPOS="625"/>
							<String ID="string_97" HPOS="647" VPOS="849" WIDTH="81" HEIGHT="30" WC="0.96" CONTENT="med"/><SP WIDTH="20" VPOS="849" HPOS="728"/>
							<String ID="string_98" HPOS="748" VPOS="858" WIDTH="42" HEIGHT="21" WC="0.96" CONTENT="en"/><SP WIDTH="21" VPOS="858" HPOS="790"/>
							<String ID="string_99" HPOS="811" VPOS="850" WIDTH="332" HEIGHT="36" WC="0.95" CONTENT="rekommendation,"/><SP WIDTH="23" VPOS="850" HPOS="1143"/>
							<String ID="string_100" HPOS="1166" VPOS="860" WIDTH="79" HEIGHT="21" WC="0.96" CONTENT="vars"/><SP WIDTH="22" VPOS="860" HPOS="1245"/>
							<String ID="string_101" HPOS="1267" VPOS="852" WIDTH="125" HEIGHT="36" WC="0.96" CONTENT="sakligt"/><SP WIDTH="23" VPOS="852" HPOS="1392"/>
							<String ID="string_102" HPOS="1415" VPOS="853" WIDTH="182" HEIGHT="36" WC="0.96" CONTENT="viktigaste"/><SP WIDTH="22" VPOS="853" HPOS="1597"/>
							<String ID="string_103" HPOS="1619" VPOS="853" WIDTH="53" HEIGHT="30" WC="0.96" CONTENT="del"/><SP WIDTH="23" VPOS="853" HPOS="1672"/>
							<String ID="string_104" HPOS="1695" VPOS="854" WIDTH="39" HEIGHT="29" WC="0.96" CONTENT="är"/><SP WIDTH="20" VPOS="854" HPOS="1734"/>
							<String ID="string_105" HPOS="1754" VPOS="856" WIDTH="47" HEIGHT="28" WC="0.96" CONTENT="ett"/>
						</TextLine>
						<TextLine ID="line_14" HPOS="290" VPOS="897" WIDTH="1510" HEIGHT="42">
							<String ID="string_106" HPOS="290" VPOS="897" WIDTH="113" HEIGHT="31" WC="0.96" CONTENT="såsom"/><SP WIDTH="26" VPOS="897" HPOS="403"/>
							<String ID="string_107" HPOS="429" VPOS="898" WIDTH="114" HEIGHT="36" WC="0.96" CONTENT="bilaga"/><SP WIDTH="26" VPOS="898" HPOS="543"/>
							<String ID="string_108" HPOS="569" VPOS="899" WIDTH="50" HEIGHT="29" WC="0.95" CONTENT="till"/><SP WIDTH="25" VPOS="899" HPOS="619"/>
							<String ID="string_109" HPOS="644" VPOS="899" WIDTH="367" HEIGHT="32" WC="0.93" CONTENT="rekommendationen"/><SP WIDTH="25" VPOS="899" HPOS="1011"/>
							<String ID="string_110" HPOS="1036" VPOS="901" WIDTH="95" HEIGHT="36" WC="0.90" CONTENT="fogat"/><SP WIDTH="23" VPOS="901" HPOS="1131"/>
							<String ID="string_111" HPOS="1154" VPOS="903" WIDTH="280" HEIGHT="36" WC="0.91" CONTENT="typreglemente,"/><SP WIDTH="29" VPOS="903" HPOS="1434"/>
							<String ID="string_112" HPOS="1463" VPOS="906" WIDTH="109" HEIGHT="28" WC="0.96" CONTENT="avsett"/><SP WIDTH="25" VPOS="906" HPOS="1572"/>
							<String ID="string_113" HPOS="1597" VPOS="913" WIDTH="76" HEIGHT="21" WC="0.95" CONTENT="som"/><SP WIDTH="26" VPOS="913" HPOS="1673"/>
							<String ID="string_114" HPOS="1699" VPOS="913" WIDTH="101" HEIGHT="21" WC="0.95" CONTENT="norm"/>
						</TextLine>
						<TextLine ID="line_15" HPOS="295" VPOS="949" WIDTH="1503" HEIGHT="40">
							<String ID="string_115" HPOS="295" VPOS="949" WIDTH="56" HEIGHT="30" WC="0.96" CONTENT="för"/><SP WIDTH="15" VPOS="949" HPOS="351"/>
							<String ID="string_116" HPOS="366" VPOS="949" WIDTH="44" HEIGHT="30" WC="0.96" CONTENT="de"/><SP WIDTH="18" VPOS="949" HPOS="410"/>
							<String ID="string_117" HPOS="428" VPOS="949" WIDTH="211" HEIGHT="38" WC="0.96" CONTENT="detaljerade"/><SP WIDTH="16" VPOS="949" HPOS="639"/>
							<String ID="string_118" HPOS="655" VPOS="950" WIDTH="228" HEIGHT="38" WC="0.96" CONTENT="föreskrifter,"/><SP WIDTH="19" VPOS="950" HPOS="883"/>
							<String ID="string_119" HPOS="902" VPOS="952" WIDTH="11" HEIGHT="29" WC="0.96" CONTENT="i"/><SP WIDTH="18" VPOS="952" HPOS="913"/>
							<String ID="string_120" HPOS="931" VPOS="952" WIDTH="91" HEIGHT="30" WC="0.95" CONTENT="vilka"/><SP WIDTH="20" VPOS="952" HPOS="1022"/>
							<String ID="string_121" HPOS="1042" VPOS="952" WIDTH="9" HEIGHT="29" WC="0.96" CONTENT="i"/><SP WIDTH="20" VPOS="952" HPOS="1051"/>
							<String ID="string_122" HPOS="1071" VPOS="952" WIDTH="95" HEIGHT="37" WC="0.96" CONTENT="varje"/><SP WIDTH="18" VPOS="952" HPOS="1166"/>
							<String ID="string_123" HPOS="1184" VPOS="953" WIDTH="139" HEIGHT="30" WC="0.96" CONTENT="särskilt"/><SP WIDTH="20" VPOS="953" HPOS="1323"/>
							<String ID="string_124" HPOS="1343" VPOS="953" WIDTH="82" HEIGHT="31" WC="0.96" CONTENT="land"/><SP WIDTH="20" VPOS="953" HPOS="1425"/>
							<String ID="string_125" HPOS="1445" VPOS="954" WIDTH="275" HEIGHT="31" WC="0.93" CONTENT="konventionens"/><SP WIDTH="19" VPOS="954" HPOS="1720"/>
							<String ID="string_126" HPOS="1739" VPOS="956" WIDTH="59" HEIGHT="29" WC="0.90" CONTENT="all-"/>
						</TextLine>
						<TextLine ID="line_16" HPOS="289" VPOS="1000" WIDTH="707" HEIGHT="39">
							<String ID="string_127" HPOS="289" VPOS="1000" WIDTH="129" HEIGHT="31" WC="0.92" CONTENT="männa"/><SP WIDTH="21" VPOS="1000" HPOS="418"/>
							<String ID="string_128" HPOS="439" VPOS="1000" WIDTH="218" HEIGHT="32" WC="0.96" CONTENT="föreskrifter"/><SP WIDTH="21" VPOS="1000" HPOS="657"/>
							<String ID="string_129" HPOS="678" VPOS="1002" WIDTH="99" HEIGHT="30" WC="0.96" CONTENT="skola"/><SP WIDTH="21" VPOS="1002" HPOS="777"/>
							<String ID="string_130" HPOS="798" VPOS="1003" WIDTH="198" HEIGHT="36" WC="0.96" CONTENT="preciseras."/>
						</TextLine>
					</TextBlock>
					<TextBlock ID="block_6" HPOS="288" VPOS="1051" WIDTH="1512" HEIGHT="241">
						<TextLine ID="line_17" HPOS="332" VPOS="1051" WIDTH="1468" HEIGHT="40">
							<String ID="string_131" HPOS="332" VPOS="1051" WIDTH="226" HEIGHT="31" WC="0.96" CONTENT="Beträffande"/><SP WIDTH="19" VPOS="1051" HPOS="558"/>
							<String ID="string_132" HPOS="577" VPOS="1051" WIDTH="189" HEIGHT="32" WC="0.96" CONTENT="innehållet"/><SP WIDTH="21" VPOS="1051" HPOS="766"/>
							<String ID="string_133" HPOS="787" VPOS="1053" WIDTH="10" HEIGHT="30" WC="0.93" CONTENT="i"/><SP WIDTH="22" VPOS="1053" HPOS="797"/>
							<String ID="string_134" HPOS="819" VPOS="1053" WIDTH="394" HEIGHT="38" WC="0.91" CONTENT="konventionsförslaget"/><SP WIDTH="20" VPOS="1053" HPOS="1213"/>
							<String ID="string_135" HPOS="1233" VPOS="1055" WIDTH="65" HEIGHT="30" WC="0.93" CONTENT="och"/><SP WIDTH="20" VPOS="1055" HPOS="1298"/>
							<String ID="string_136" HPOS="1318" VPOS="1055" WIDTH="411" HEIGHT="31" WC="0.91" CONTENT="rekommendationerna"/><SP WIDTH="19" VPOS="1055" HPOS="1729"/>
							<String ID="string_137" HPOS="1748" VPOS="1059" WIDTH="52" HEIGHT="26" WC="0.91" CONTENT="ut-"/>
						</TextLine>
						<TextLine ID="line_18" HPOS="288" VPOS="1102" WIDTH="1512" HEIGHT="39">
							<String ID="string_138" HPOS="288" VPOS="1102" WIDTH="81" HEIGHT="29" WC="0.96" CONTENT="över"/><SP WIDTH="18" VPOS="1102" HPOS="369"/>
							<String ID="string_139" HPOS="387" VPOS="1103" WIDTH="66" HEIGHT="29" WC="0.96" CONTENT="vad"/><SP WIDTH="23" VPOS="1103" HPOS="453"/>
							<String ID="string_140" HPOS="476" VPOS="1112" WIDTH="88" HEIGHT="20" WC="0.95" CONTENT="ovan"/><SP WIDTH="21" VPOS="1112" HPOS="564"/>
							<String ID="string_141" HPOS="585" VPOS="1103" WIDTH="158" HEIGHT="36" WC="0.95" CONTENT="angivits,"/><SP WIDTH="23" VPOS="1103" HPOS="743"/>
							<String ID="string_142" HPOS="766" VPOS="1105" WIDTH="157" HEIGHT="35" WC="0.96" CONTENT="gällande"/><SP WIDTH="23" VPOS="1105" HPOS="923"/>
							<String ID="string_143" HPOS="946" VPOS="1106" WIDTH="146" HEIGHT="29" WC="0.96" CONTENT="svenska"/><SP WIDTH="22" VPOS="1106" HPOS="1092"/>
							<String ID="string_144" HPOS="1114" VPOS="1106" WIDTH="269" HEIGHT="35" WC="0.95" CONTENT="bestämmelser,"/><SP WIDTH="17" VPOS="1106" HPOS="1383"/>
							<String ID="string_145" HPOS="1400" VPOS="1106" WIDTH="125" HEIGHT="30" WC="0.96" CONTENT="sakens"/><SP WIDTH="21" VPOS="1106" HPOS="1525"/>
							<String ID="string_146" HPOS="1546" VPOS="1106" WIDTH="254" HEIGHT="30" WC="0.96" CONTENT="förberedande"/>
						</TextLine>
						<TextLine ID="line_19" HPOS="288" VPOS="1152" WIDTH="1510" HEIGHT="41">
							<String ID="string_147" HPOS="288" VPOS="1152" WIDTH="211" HEIGHT="37" WC="0.96" CONTENT="behandling"/><SP WIDTH="28" VPOS="1152" HPOS="499"/>
							<String ID="string_148" HPOS="527" VPOS="1157" WIDTH="88" HEIGHT="27" WC="0.96" CONTENT="samt"/><SP WIDTH="26" VPOS="1157" HPOS="615"/>
							<String ID="string_149" HPOS="641" VPOS="1155" WIDTH="57" HEIGHT="29" WC="0.96" CONTENT="det"/><SP WIDTH="26" VPOS="1155" HPOS="698"/>
							<String ID="string_150" HPOS="724" VPOS="1164" WIDTH="43" HEIGHT="21" WC="0.96" CONTENT="av"/><SP WIDTH="26" VPOS="1164" HPOS="767"/>
							<String ID="string_151" HPOS="793" VPOS="1155" WIDTH="236" HEIGHT="36" WC="0.96" CONTENT="delegationen"/><SP WIDTH="27" VPOS="1155" HPOS="1029"/>
							<String ID="string_152" HPOS="1056" VPOS="1155" WIDTH="56" HEIGHT="31" WC="0.96" CONTENT="för"/><SP WIDTH="27" VPOS="1155" HPOS="1112"/>
							<String ID="string_153" HPOS="1139" VPOS="1157" WIDTH="56" HEIGHT="29" WC="0.96" CONTENT="det"/><SP WIDTH="28" VPOS="1157" HPOS="1195"/>
							<String ID="string_154" HPOS="1223" VPOS="1156" WIDTH="278" HEIGHT="30" WC="0.96" CONTENT="internationella"/><SP WIDTH="26" VPOS="1156" HPOS="1501"/>
							<String ID="string_155" HPOS="1527" VPOS="1157" WIDTH="271" HEIGHT="36" WC="0.96" CONTENT="socialpolitiska"/>
						</TextLine>
						<TextLine ID="line_20" HPOS="288" VPOS="1204" WIDTH="1509" HEIGHT="39">
							<String ID="string_156" HPOS="288" VPOS="1204" WIDTH="207" HEIGHT="30" WC="0.95" CONTENT="samarbetet"/><SP WIDTH="24" VPOS="1204" HPOS="495"/>
							<String ID="string_157" HPOS="519" VPOS="1204" WIDTH="11" HEIGHT="30" WC="0.96" CONTENT="i"/><SP WIDTH="25" VPOS="1204" HPOS="530"/>
							<String ID="string_158" HPOS="555" VPOS="1204" WIDTH="231" HEIGHT="32" WC="0.96" CONTENT="förevarande"/><SP WIDTH="24" VPOS="1204" HPOS="786"/>
							<String ID="string_159" HPOS="810" VPOS="1207" WIDTH="125" HEIGHT="29" WC="0.96" CONTENT="ämnen"/><SP WIDTH="30" VPOS="1207" HPOS="935"/>
							<String ID="string_160" HPOS="965" VPOS="1207" WIDTH="146" HEIGHT="35" WC="0.96" CONTENT="avgivna"/><SP WIDTH="25" VPOS="1207" HPOS="1111"/>
							<String ID="string_161" HPOS="1136" VPOS="1207" WIDTH="176" HEIGHT="36" WC="0.95" CONTENT="yttrandet"/><SP WIDTH="25" VPOS="1207" HPOS="1312"/>
							<String ID="string_162" HPOS="1337" VPOS="1207" WIDTH="135" HEIGHT="30" WC="0.93" CONTENT="lämnas"/><SP WIDTH="25" VPOS="1207" HPOS="1472"/>
							<String ID="string_163" HPOS="1497" VPOS="1206" WIDTH="21" HEIGHT="30" WC="0.90" CONTENT="å"/><SP WIDTH="24" VPOS="1206" HPOS="1518"/>
							<String ID="string_164" HPOS="1542" VPOS="1207" WIDTH="61" HEIGHT="30" WC="0.93" CONTENT="sid."/><SP WIDTH="31" VPOS="1207" HPOS="1603"/>
							<String ID="string_165" HPOS="1634" VPOS="1208" WIDTH="126" HEIGHT="29" WC="0.83" CONTENT="15—17"/><SP WIDTH="30" VPOS="1208" HPOS="1760"/>
							<String ID="string_166" HPOS="1790" VPOS="1207" WIDTH="7" HEIGHT="29" WC="0.95" CONTENT="i"/>
						</TextLine>
						<TextLine ID="line_21" HPOS="288" VPOS="1255" WIDTH="1396" HEIGHT="37">
							<String ID="string_167" HPOS="288" VPOS="1255" WIDTH="257" HEIGHT="36" WC="0.96" CONTENT="propositionen"/><SP WIDTH="25" VPOS="1255" HPOS="545"/>
							<String ID="string_168" HPOS="570" VPOS="1265" WIDTH="43" HEIGHT="20" WC="0.96" CONTENT="en"/><SP WIDTH="23" VPOS="1265" HPOS="613"/>
							<String ID="string_169" HPOS="636" VPOS="1256" WIDTH="225" HEIGHT="36" WC="0.95" CONTENT="redogörelse,"/><SP WIDTH="27" VPOS="1256" HPOS="861"/>
							<String ID="string_170" HPOS="888" VPOS="1257" WIDTH="114" HEIGHT="29" WC="0.96" CONTENT="vartill"/><SP WIDTH="18" VPOS="1257" HPOS="1002"/>
							<String ID="string_171" HPOS="1020" VPOS="1257" WIDTH="166" HEIGHT="30" WC="0.96" CONTENT="utskottet"/><SP WIDTH="25" VPOS="1257" HPOS="1186"/>
							<String ID="string_172" HPOS="1211" VPOS="1256" WIDTH="157" HEIGHT="31" WC="0.96" CONTENT="anhåller"/><SP WIDTH="25" VPOS="1256" HPOS="1368"/>
							<String ID="string_173" HPOS="1393" VPOS="1260" WIDTH="50" HEIGHT="28" WC="0.96" CONTENT="att"/><SP WIDTH="25" VPOS="1260" HPOS="1443"/>
							<String ID="string_174" HPOS="1468" VPOS="1257" WIDTH="37" HEIGHT="31" WC="0.96" CONTENT="få"/><SP WIDTH="24" VPOS="1257" HPOS="1505"/>
							<String ID="string_175" HPOS="1529" VPOS="1258" WIDTH="155" HEIGHT="30" WC="0.96" CONTENT="hänvisa."/>
						</TextLine>
					</TextBlock>
				</ComposedBlock>
				<ComposedBlock ID="cblock_4" HPOS="285" VPOS="1347" WIDTH="1513" HEIGHT="561">
					<TextBlock ID="block_7" HPOS="287" VPOS="1347" WIDTH="1511" HEIGHT="82">
						<TextLine ID="line_22" HPOS="331" VPOS="1347" WIDTH="1467" HEIGHT="40">
							<String ID="string_176" HPOS="331" VPOS="1347" WIDTH="391" HEIGHT="38" WC="0.91" CONTENT="Departementschefen"/><SP WIDTH="27" VPOS="1347" HPOS="722"/>
							<String ID="string_177" HPOS="749" VPOS="1349" WIDTH="65" HEIGHT="30" WC="0.96" CONTENT="har"/><SP WIDTH="27" VPOS="1349" HPOS="814"/>
							<String ID="string_178" HPOS="841" VPOS="1349" WIDTH="148" HEIGHT="30" WC="0.96" CONTENT="rörande"/><SP WIDTH="30" VPOS="1349" HPOS="989"/>
							<String ID="string_179" HPOS="1019" VPOS="1359" WIDTH="47" HEIGHT="20" WC="0.96" CONTENT="nu"/><SP WIDTH="29" VPOS="1359" HPOS="1066"/>
							<String ID="string_180" HPOS="1095" VPOS="1349" WIDTH="221" HEIGHT="31" WC="0.96" CONTENT="behandlade"/><SP WIDTH="27" VPOS="1349" HPOS="1316"/>
							<String ID="string_181" HPOS="1343" VPOS="1350" WIDTH="95" HEIGHT="31" WC="0.96" CONTENT="delar"/><SP WIDTH="29" VPOS="1350" HPOS="1438"/>
							<String ID="string_182" HPOS="1467" VPOS="1360" WIDTH="43" HEIGHT="21" WC="0.96" CONTENT="av"/><SP WIDTH="27" VPOS="1360" HPOS="1510"/>
							<String ID="string_183" HPOS="1537" VPOS="1352" WIDTH="261" HEIGHT="35" WC="0.96" CONTENT="propositionen"/>
						</TextLine>
						<TextLine ID="line_23" HPOS="287" VPOS="1399" WIDTH="129" HEIGHT="30">
							<String ID="string_184" HPOS="287" VPOS="1399" WIDTH="129" HEIGHT="30" WC="0.95" CONTENT="anfört:"/>
						</TextLine>
					</TextBlock>
					<TextBlock ID="block_8" HPOS="285" VPOS="1451" WIDTH="1513" HEIGHT="457">
						<TextLine ID="line_24" HPOS="331" VPOS="1451" WIDTH="1467" HEIGHT="37">
							<String ID="string_185" HPOS="331" VPOS="1451" WIDTH="85" HEIGHT="30" WC="0.96" CONTENT="Lika"/><SP WIDTH="28" VPOS="1451" HPOS="416"/>
							<String ID="string_186" HPOS="444" VPOS="1451" WIDTH="80" HEIGHT="30" WC="0.96" CONTENT="med"/><SP WIDTH="27" VPOS="1451" HPOS="524"/>
							<String ID="string_187" HPOS="551" VPOS="1451" WIDTH="238" HEIGHT="37" WC="0.96" CONTENT="delegationen"/><SP WIDTH="26" VPOS="1451" HPOS="789"/>
							<String ID="string_188" HPOS="815" VPOS="1451" WIDTH="55" HEIGHT="31" WC="0.95" CONTENT="för"/><SP WIDTH="29" VPOS="1451" HPOS="870"/>
							<String ID="string_189" HPOS="899" VPOS="1451" WIDTH="56" HEIGHT="31" WC="0.96" CONTENT="det"/><SP WIDTH="27" VPOS="1451" HPOS="955"/>
							<String ID="string_190" HPOS="982" VPOS="1452" WIDTH="277" HEIGHT="30" WC="0.95" CONTENT="internationella"/><SP WIDTH="29" VPOS="1452" HPOS="1259"/>
							<String ID="string_191" HPOS="1288" VPOS="1452" WIDTH="271" HEIGHT="36" WC="0.96" CONTENT="socialpolitiska"/><SP WIDTH="30" VPOS="1452" HPOS="1559"/>
							<String ID="string_192" HPOS="1589" VPOS="1453" WIDTH="209" HEIGHT="30" WC="0.95" CONTENT="samarbetet"/>
						</TextLine>
						<TextLine ID="line_25" HPOS="287" VPOS="1493" WIDTH="1509" HEIGHT="38">
							<String ID="string_193" HPOS="287" VPOS="1502" WIDTH="101" HEIGHT="21" WC="0.96" CONTENT="anser"/><SP WIDTH="24" VPOS="1502" HPOS="388"/>
							<String ID="string_194" HPOS="412" VPOS="1493" WIDTH="68" HEIGHT="37" WC="0.96" CONTENT="jag,"/><SP WIDTH="20" VPOS="1493" HPOS="480"/>
							<String ID="string_195" HPOS="500" VPOS="1496" WIDTH="49" HEIGHT="28" WC="0.96" CONTENT="att"/><SP WIDTH="25" VPOS="1496" HPOS="549"/>
							<String ID="string_196" HPOS="574" VPOS="1503" WIDTH="83" HEIGHT="20" WC="0.96" CONTENT="man"/><SP WIDTH="24" VPOS="1503" HPOS="657"/>
							<String ID="string_197" HPOS="681" VPOS="1494" WIDTH="80" HEIGHT="30" WC="0.92" CONTENT="med"/><SP WIDTH="25" VPOS="1494" HPOS="761"/>
							<String ID="string_198" HPOS="786" VPOS="1494" WIDTH="297" HEIGHT="30" WC="0.91" CONTENT="tillfredsställelse"/><SP WIDTH="22" VPOS="1494" HPOS="1083"/>
							<String ID="string_199" HPOS="1105" VPOS="1495" WIDTH="63" HEIGHT="29" WC="0.96" CONTENT="bör"/><SP WIDTH="23" VPOS="1495" HPOS="1168"/>
							<String ID="string_200" HPOS="1191" VPOS="1495" WIDTH="99" HEIGHT="30" WC="0.96" CONTENT="hälsa"/><SP WIDTH="25" VPOS="1495" HPOS="1290"/>
							<String ID="string_201" HPOS="1315" VPOS="1495" WIDTH="56" HEIGHT="29" WC="0.96" CONTENT="det"/><SP WIDTH="26" VPOS="1495" HPOS="1371"/>
							<String ID="string_202" HPOS="1397" VPOS="1505" WIDTH="47" HEIGHT="20" WC="0.96" CONTENT="nu"/><SP WIDTH="26" VPOS="1505" HPOS="1444"/>
							<String ID="string_203" HPOS="1470" VPOS="1498" WIDTH="103" HEIGHT="33" WC="0.93" CONTENT="tagna"/><SP WIDTH="24" VPOS="1498" HPOS="1573"/>
							<String ID="string_204" HPOS="1597" VPOS="1495" WIDTH="199" HEIGHT="30" WC="0.91" CONTENT="internatio-"/>
						</TextLine>
						<TextLine ID="line_26" HPOS="286" VPOS="1536" WIDTH="1509" HEIGHT="38">
							<String ID="string_205" HPOS="286" VPOS="1537" WIDTH="89" HEIGHT="30" WC="0.96" CONTENT="nella"/><SP WIDTH="20" VPOS="1537" HPOS="375"/>
							<String ID="string_206" HPOS="395" VPOS="1536" WIDTH="182" HEIGHT="31" WC="0.96" CONTENT="initiativet"/><SP WIDTH="17" VPOS="1536" HPOS="577"/>
							<String ID="string_207" HPOS="594" VPOS="1537" WIDTH="51" HEIGHT="30" WC="0.96" CONTENT="till"/><SP WIDTH="18" VPOS="1537" HPOS="645"/>
							<String ID="string_208" HPOS="663" VPOS="1536" WIDTH="208" HEIGHT="37" WC="0.95" CONTENT="förbättring"/><SP WIDTH="21" VPOS="1536" HPOS="871"/>
							<String ID="string_209" HPOS="892" VPOS="1546" WIDTH="43" HEIGHT="20" WC="0.95" CONTENT="av"/><SP WIDTH="18" VPOS="1546" HPOS="935"/>
							<String ID="string_210" HPOS="953" VPOS="1538" WIDTH="147" HEIGHT="29" WC="0.96" CONTENT="arbetets"/><SP WIDTH="19" VPOS="1538" HPOS="1100"/>
							<String ID="string_211" HPOS="1119" VPOS="1537" WIDTH="161" HEIGHT="30" WC="0.96" CONTENT="säkerhet"/><SP WIDTH="17" VPOS="1537" HPOS="1280"/>
							<String ID="string_212" HPOS="1297" VPOS="1537" WIDTH="95" HEIGHT="30" WC="0.93" CONTENT="inom"/><SP WIDTH="19" VPOS="1537" HPOS="1392"/>
							<String ID="string_213" HPOS="1411" VPOS="1538" WIDTH="384" HEIGHT="36" WC="0.91" CONTENT="byggnadsindustrien."/>
						</TextLine>
						<TextLine ID="line_27" HPOS="287" VPOS="1579" WIDTH="1509" HEIGHT="38">
							<String ID="string_214" HPOS="287" VPOS="1579" WIDTH="62" HEIGHT="36" WC="0.96" CONTENT="Jag"/><SP WIDTH="19" VPOS="1579" HPOS="349"/>
							<String ID="string_215" HPOS="368" VPOS="1580" WIDTH="39" HEIGHT="29" WC="0.96" CONTENT="är"/><SP WIDTH="17" VPOS="1580" HPOS="407"/>
							<String ID="string_216" HPOS="424" VPOS="1580" WIDTH="65" HEIGHT="29" WC="0.96" CONTENT="ock"/><SP WIDTH="23" VPOS="1580" HPOS="489"/>
							<String ID="string_217" HPOS="512" VPOS="1589" WIDTH="79" HEIGHT="20" WC="0.96" CONTENT="ense"/><SP WIDTH="19" VPOS="1589" HPOS="591"/>
							<String ID="string_218" HPOS="610" VPOS="1580" WIDTH="81" HEIGHT="29" WC="0.96" CONTENT="med"/><SP WIDTH="20" VPOS="1580" HPOS="691"/>
							<String ID="string_219" HPOS="711" VPOS="1580" WIDTH="235" HEIGHT="35" WC="0.93" CONTENT="delegationen"/><SP WIDTH="22" VPOS="1580" HPOS="946"/>
							<String ID="string_220" HPOS="968" VPOS="1580" WIDTH="221" HEIGHT="36" WC="0.92" CONTENT="därutinnan,"/><SP WIDTH="20" VPOS="1580" HPOS="1189"/>
							<String ID="string_221" HPOS="1209" VPOS="1583" WIDTH="48" HEIGHT="27" WC="0.96" CONTENT="att"/><SP WIDTH="19" VPOS="1583" HPOS="1257"/>
							<String ID="string_222" HPOS="1276" VPOS="1581" WIDTH="78" HEIGHT="29" WC="0.96" CONTENT="hela"/><SP WIDTH="19" VPOS="1581" HPOS="1354"/>
							<String ID="string_223" HPOS="1373" VPOS="1581" WIDTH="197" HEIGHT="36" WC="0.96" CONTENT="komplexet"/><SP WIDTH="19" VPOS="1581" HPOS="1570"/>
							<String ID="string_224" HPOS="1589" VPOS="1590" WIDTH="42" HEIGHT="21" WC="0.96" CONTENT="av"/><SP WIDTH="19" VPOS="1590" HPOS="1631"/>
							<String ID="string_225" HPOS="1650" VPOS="1581" WIDTH="146" HEIGHT="30" WC="0.95" CONTENT="härmed"/>
						</TextLine>
						<TextLine ID="line_28" HPOS="286" VPOS="1621" WIDTH="1512" HEIGHT="38">
							<String ID="string_226" HPOS="286" VPOS="1622" WIDTH="345" HEIGHT="36" WC="0.95" CONTENT="sammanhängande"/><SP WIDTH="36" VPOS="1622" HPOS="631"/>
							<String ID="string_227" HPOS="667" VPOS="1621" WIDTH="118" HEIGHT="37" WC="0.96" CONTENT="frågor"/><SP WIDTH="34" VPOS="1621" HPOS="785"/>
							<String ID="string_228" HPOS="819" VPOS="1623" WIDTH="62" HEIGHT="29" WC="0.96" CONTENT="bör"/><SP WIDTH="33" VPOS="1623" HPOS="881"/>
							<String ID="string_229" HPOS="914" VPOS="1623" WIDTH="100" HEIGHT="35" WC="0.95" CONTENT="göras"/><SP WIDTH="33" VPOS="1623" HPOS="1014"/>
							<String ID="string_230" HPOS="1047" VPOS="1623" WIDTH="50" HEIGHT="29" WC="0.95" CONTENT="till"/><SP WIDTH="36" VPOS="1623" HPOS="1097"/>
							<String ID="string_231" HPOS="1133" VPOS="1622" WIDTH="147" HEIGHT="31" WC="0.96" CONTENT="föremål"/><SP WIDTH="34" VPOS="1622" HPOS="1280"/>
							<String ID="string_232" HPOS="1314" VPOS="1622" WIDTH="56" HEIGHT="31" WC="0.96" CONTENT="för"/><SP WIDTH="33" VPOS="1622" HPOS="1370"/>
							<String ID="string_233" HPOS="1403" VPOS="1623" WIDTH="195" HEIGHT="36" WC="0.96" CONTENT="utredning,"/><SP WIDTH="30" VPOS="1623" HPOS="1598"/>
							<String ID="string_234" HPOS="1628" VPOS="1624" WIDTH="170" HEIGHT="30" WC="0.96" CONTENT="avseende"/>
						</TextLine>
						<TextLine ID="line_29" HPOS="286" VPOS="1664" WIDTH="1510" HEIGHT="38">
							<String ID="string_235" HPOS="286" VPOS="1664" WIDTH="123" HEIGHT="30" WC="0.92" CONTENT="främst"/><SP WIDTH="27" VPOS="1664" HPOS="409"/>
							<String ID="string_236" HPOS="436" VPOS="1665" WIDTH="286" HEIGHT="36" WC="0.92" CONTENT="tillämpligheten"/><SP WIDTH="26" VPOS="1665" HPOS="722"/>
							<String ID="string_237" HPOS="748" VPOS="1674" WIDTH="43" HEIGHT="20" WC="0.93" CONTENT="av"/><SP WIDTH="24" VPOS="1674" HPOS="791"/>
							<String ID="string_238" HPOS="815" VPOS="1665" WIDTH="410" HEIGHT="36" WC="0.91" CONTENT="konventionsförslagets"/><SP WIDTH="25" VPOS="1665" HPOS="1225"/>
							<String ID="string_239" HPOS="1250" VPOS="1666" WIDTH="65" HEIGHT="29" WC="0.96" CONTENT="och"/><SP WIDTH="25" VPOS="1666" HPOS="1315"/>
							<String ID="string_240" HPOS="1340" VPOS="1666" WIDTH="56" HEIGHT="30" WC="0.96" CONTENT="det"/><SP WIDTH="26" VPOS="1666" HPOS="1396"/>
							<String ID="string_241" HPOS="1422" VPOS="1667" WIDTH="144" HEIGHT="30" WC="0.92" CONTENT="därmed"/><SP WIDTH="24" VPOS="1667" HPOS="1566"/>
							<String ID="string_242" HPOS="1590" VPOS="1667" WIDTH="206" HEIGHT="35" WC="0.92" CONTENT="korrespon-"/>
						</TextLine>
						<TextLine ID="line_30" HPOS="286" VPOS="1707" WIDTH="1510" HEIGHT="38">
							<String ID="string_243" HPOS="286" VPOS="1708" WIDTH="150" HEIGHT="29" WC="0.92" CONTENT="derande"/><SP WIDTH="27" VPOS="1708" HPOS="436"/>
							<String ID="string_244" HPOS="463" VPOS="1708" WIDTH="301" HEIGHT="35" WC="0.92" CONTENT="typreglementets"/><SP WIDTH="22" VPOS="1708" HPOS="764"/>
							<String ID="string_245" HPOS="786" VPOS="1707" WIDTH="258" HEIGHT="30" WC="0.95" CONTENT="bestämmelser"/><SP WIDTH="24" VPOS="1707" HPOS="1044"/>
							<String ID="string_246" HPOS="1068" VPOS="1717" WIDTH="79" HEIGHT="21" WC="0.96" CONTENT="men"/><SP WIDTH="24" VPOS="1717" HPOS="1147"/>
							<String ID="string_247" HPOS="1171" VPOS="1709" WIDTH="86" HEIGHT="29" WC="0.96" CONTENT="även"/><SP WIDTH="24" VPOS="1709" HPOS="1257"/>
							<String ID="string_248" HPOS="1281" VPOS="1709" WIDTH="43" HEIGHT="29" WC="0.96" CONTENT="de"/><SP WIDTH="22" VPOS="1709" HPOS="1324"/>
							<String ID="string_249" HPOS="1346" VPOS="1708" WIDTH="119" HEIGHT="36" WC="0.96" CONTENT="frågor"/><SP WIDTH="21" VPOS="1708" HPOS="1465"/>
							<String ID="string_250" HPOS="1486" VPOS="1710" WIDTH="149" HEIGHT="29" WC="0.90" CONTENT="rörande"/><SP WIDTH="24" VPOS="1710" HPOS="1635"/>
							<String ID="string_251" HPOS="1659" VPOS="1710" WIDTH="137" HEIGHT="35" WC="0.90" CONTENT="inspek-"/>
						</TextLine>
						<TextLine ID="line_31" HPOS="287" VPOS="1750" WIDTH="1508" HEIGHT="38">
							<String ID="string_252" HPOS="287" VPOS="1750" WIDTH="71" HEIGHT="30" WC="0.96" CONTENT="tion"/><SP WIDTH="30" VPOS="1750" HPOS="358"/>
							<String ID="string_253" HPOS="388" VPOS="1753" WIDTH="90" HEIGHT="27" WC="0.96" CONTENT="samt"/><SP WIDTH="29" VPOS="1753" HPOS="478"/>
							<String ID="string_254" HPOS="507" VPOS="1750" WIDTH="208" HEIGHT="30" WC="0.96" CONTENT="samverkan"/><SP WIDTH="29" VPOS="1750" HPOS="715"/>
							<String ID="string_255" HPOS="744" VPOS="1750" WIDTH="51" HEIGHT="29" WC="0.95" CONTENT="till"/><SP WIDTH="27" VPOS="1750" HPOS="795"/>
							<String ID="string_256" HPOS="822" VPOS="1750" WIDTH="256" HEIGHT="36" WC="0.96" CONTENT="förebyggande"/><SP WIDTH="29" VPOS="1750" HPOS="1078"/>
							<String ID="string_257" HPOS="1107" VPOS="1760" WIDTH="43" HEIGHT="20" WC="0.96" CONTENT="av"/><SP WIDTH="29" VPOS="1760" HPOS="1150"/>
							<String ID="string_258" HPOS="1179" VPOS="1751" WIDTH="183" HEIGHT="35" WC="0.96" CONTENT="olycksfall"/><SP WIDTH="28" VPOS="1751" HPOS="1362"/>
							<String ID="string_259" HPOS="1390" VPOS="1752" WIDTH="66" HEIGHT="29" WC="0.96" CONTENT="och"/><SP WIDTH="28" VPOS="1752" HPOS="1456"/>
							<String ID="string_260" HPOS="1484" VPOS="1752" WIDTH="311" HEIGHT="36" WC="0.96" CONTENT="yrkesutbildning,"/>
						</TextLine>
						<TextLine ID="line_32" HPOS="286" VPOS="1792" WIDTH="1511" HEIGHT="38">
							<String ID="string_261" HPOS="286" VPOS="1802" WIDTH="74" HEIGHT="20" WC="0.92" CONTENT="som"/><SP WIDTH="20" VPOS="1802" HPOS="360"/>
							<String ID="string_262" HPOS="380" VPOS="1792" WIDTH="193" HEIGHT="31" WC="0.91" CONTENT="innehållas"/><SP WIDTH="19" VPOS="1792" HPOS="573"/>
							<String ID="string_263" HPOS="592" VPOS="1793" WIDTH="10" HEIGHT="29" WC="0.96" CONTENT="i"/><SP WIDTH="21" VPOS="1793" HPOS="602"/>
							<String ID="string_264" HPOS="623" VPOS="1793" WIDTH="41" HEIGHT="29" WC="0.96" CONTENT="de"/><SP WIDTH="16" VPOS="1793" HPOS="664"/>
							<String ID="string_265" HPOS="680" VPOS="1801" WIDTH="121" HEIGHT="21" WC="0.93" CONTENT="senare"/><SP WIDTH="17" VPOS="1801" HPOS="801"/>
							<String ID="string_266" HPOS="818" VPOS="1793" WIDTH="419" HEIGHT="30" WC="0.90" CONTENT="rekommendationerna."/><SP WIDTH="33" VPOS="1793" HPOS="1237"/>
							<String ID="string_267" HPOS="1270" VPOS="1794" WIDTH="15" HEIGHT="29" WC="0.96" CONTENT="I"/><SP WIDTH="18" VPOS="1794" HPOS="1285"/>
							<String ID="string_268" HPOS="1303" VPOS="1794" WIDTH="174" HEIGHT="30" WC="0.96" CONTENT="avvaktan"/><SP WIDTH="20" VPOS="1794" HPOS="1477"/>
							<String ID="string_269" HPOS="1497" VPOS="1793" WIDTH="44" HEIGHT="37" WC="0.96" CONTENT="på"/><SP WIDTH="18" VPOS="1793" HPOS="1541"/>
							<String ID="string_270" HPOS="1559" VPOS="1796" WIDTH="177" HEIGHT="29" WC="0.95" CONTENT="resultatet"/><SP WIDTH="18" VPOS="1796" HPOS="1736"/>
							<String ID="string_271" HPOS="1754" VPOS="1804" WIDTH="43" HEIGHT="21" WC="0.96" CONTENT="av"/>
						</TextLine>
						<TextLine ID="line_33" HPOS="285" VPOS="1833" WIDTH="1511" HEIGHT="40">
							<String ID="string_272" HPOS="285" VPOS="1844" WIDTH="41" HEIGHT="21" WC="0.96" CONTENT="en"/><SP WIDTH="24" VPOS="1844" HPOS="326"/>
							<String ID="string_273" HPOS="350" VPOS="1834" WIDTH="108" HEIGHT="31" WC="0.96" CONTENT="sådan"/><SP WIDTH="25" VPOS="1834" HPOS="458"/>
							<String ID="string_274" HPOS="483" VPOS="1835" WIDTH="184" HEIGHT="36" WC="0.96" CONTENT="utredning"/><SP WIDTH="25" VPOS="1835" HPOS="667"/>
							<String ID="string_275" HPOS="692" VPOS="1835" WIDTH="98" HEIGHT="30" WC="0.96" CONTENT="torde"/><SP WIDTH="21" VPOS="1835" HPOS="790"/>
							<String ID="string_276" HPOS="811" VPOS="1833" WIDTH="122" HEIGHT="38" WC="0.96" CONTENT="frågan"/><SP WIDTH="24" VPOS="1833" HPOS="933"/>
							<String ID="string_277" HPOS="957" VPOS="1845" WIDTH="57" HEIGHT="20" WC="0.93" CONTENT="om"/><SP WIDTH="23" VPOS="1845" HPOS="1014"/>
							<String ID="string_278" HPOS="1037" VPOS="1835" WIDTH="215" HEIGHT="31" WC="0.92" CONTENT="ratifikation"/><SP WIDTH="23" VPOS="1835" HPOS="1252"/>
							<String ID="string_279" HPOS="1275" VPOS="1845" WIDTH="42" HEIGHT="21" WC="0.93" CONTENT="av"/><SP WIDTH="24" VPOS="1845" HPOS="1317"/>
							<String ID="string_280" HPOS="1341" VPOS="1836" WIDTH="397" HEIGHT="37" WC="0.91" CONTENT="konventionsförslaget"/><SP WIDTH="21" VPOS="1836" HPOS="1738"/>
							<String ID="string_281" HPOS="1759" VPOS="1837" WIDTH="37" HEIGHT="31" WC="0.96" CONTENT="få"/>
						</TextLine>
						<TextLine ID="line_34" HPOS="285" VPOS="1877" WIDTH="326" HEIGHT="31">
							<String ID="string_282" HPOS="285" VPOS="1878" WIDTH="187" HEIGHT="30" WC="0.96" CONTENT="tillsvidare"/><SP WIDTH="30" VPOS="1878" HPOS="472"/>
							<String ID="string_283" HPOS="502" VPOS="1877" WIDTH="109" HEIGHT="31" WC="0.96" CONTENT="anstå."/>
						</TextLine>
					</TextBlock>
				</ComposedBlock>
				<ComposedBlock ID="cblock_5" HPOS="287" VPOS="1953" WIDTH="1506" HEIGHT="188">
					<TextBlock ID="block_9" HPOS="287" VPOS="1953" WIDTH="1506" HEIGHT="188">
						<TextLine ID="line_35" HPOS="333" VPOS="1953" WIDTH="1458" HEIGHT="39">
							<String ID="string_284" HPOS="333" VPOS="1954" WIDTH="170" HEIGHT="31" WC="0.96" CONTENT="Utskottet"/><SP WIDTH="25" VPOS="1954" HPOS="503"/>
							<String ID="string_285" HPOS="528" VPOS="1954" WIDTH="152" HEIGHT="30" WC="0.96" CONTENT="ansluter"/><SP WIDTH="27" VPOS="1954" HPOS="680"/>
							<String ID="string_286" HPOS="707" VPOS="1954" WIDTH="50" HEIGHT="37" WC="0.96" CONTENT="sig"/><SP WIDTH="24" VPOS="1954" HPOS="757"/>
							<String ID="string_287" HPOS="781" VPOS="1954" WIDTH="50" HEIGHT="30" WC="0.96" CONTENT="till"/><SP WIDTH="25" VPOS="1954" HPOS="831"/>
							<String ID="string_288" HPOS="856" VPOS="1953" WIDTH="251" HEIGHT="37" WC="0.93" CONTENT="föredragande"/><SP WIDTH="27" VPOS="1953" HPOS="1107"/>
							<String ID="string_289" HPOS="1134" VPOS="1954" WIDTH="398" HEIGHT="37" WC="0.92" CONTENT="departementschefens"/><SP WIDTH="25" VPOS="1954" HPOS="1532"/>
							<String ID="string_290" HPOS="1557" VPOS="1956" WIDTH="234" HEIGHT="36" WC="0.96" CONTENT="uppfattning,"/>
						</TextLine>
						<TextLine ID="line_36" HPOS="288" VPOS="2004" WIDTH="1504" HEIGHT="38">
							<String ID="string_291" HPOS="288" VPOS="2008" WIDTH="48" HEIGHT="27" WC="0.96" CONTENT="att"/><SP WIDTH="20" VPOS="2008" HPOS="336"/>
							<String ID="string_292" HPOS="356" VPOS="2004" WIDTH="123" HEIGHT="38" WC="0.96" CONTENT="frågan"/><SP WIDTH="23" VPOS="2004" HPOS="479"/>
							<String ID="string_293" HPOS="502" VPOS="2014" WIDTH="57" HEIGHT="20" WC="0.93" CONTENT="om"/><SP WIDTH="19" VPOS="2014" HPOS="559"/>
							<String ID="string_294" HPOS="578" VPOS="2005" WIDTH="218" HEIGHT="30" WC="0.90" CONTENT="ratifikation"/><SP WIDTH="21" VPOS="2005" HPOS="796"/>
							<String ID="string_295" HPOS="817" VPOS="2014" WIDTH="41" HEIGHT="20" WC="0.96" CONTENT="av"/><SP WIDTH="23" VPOS="2014" HPOS="858"/>
							<String ID="string_296" HPOS="881" VPOS="2005" WIDTH="55" HEIGHT="30" WC="0.96" CONTENT="det"/><SP WIDTH="21" VPOS="2005" HPOS="936"/>
							<String ID="string_297" HPOS="957" VPOS="2014" WIDTH="46" HEIGHT="21" WC="0.96" CONTENT="nu"/><SP WIDTH="22" VPOS="2014" HPOS="1003"/>
							<String ID="string_298" HPOS="1025" VPOS="2004" WIDTH="264" HEIGHT="37" WC="0.93" CONTENT="ifrågavarande"/><SP WIDTH="23" VPOS="2004" HPOS="1289"/>
							<String ID="string_299" HPOS="1312" VPOS="2005" WIDTH="396" HEIGHT="37" WC="0.91" CONTENT="konventionsförslaget"/><SP WIDTH="21" VPOS="2005" HPOS="1708"/>
							<String ID="string_300" HPOS="1729" VPOS="2007" WIDTH="63" HEIGHT="29" WC="0.96" CONTENT="bör"/>
						</TextLine>
						<TextLine ID="line_37" HPOS="287" VPOS="2055" WIDTH="1506" HEIGHT="36">
							<String ID="string_301" HPOS="287" VPOS="2055" WIDTH="189" HEIGHT="31" WC="0.95" CONTENT="tillsvidare"/><SP WIDTH="21" VPOS="2055" HPOS="476"/>
							<String ID="string_302" HPOS="497" VPOS="2055" WIDTH="108" HEIGHT="31" WC="0.96" CONTENT="anstå."/><SP WIDTH="36" VPOS="2055" HPOS="605"/>
							<String ID="string_303" HPOS="641" VPOS="2055" WIDTH="103" HEIGHT="31" WC="0.93" CONTENT="Emot"/><SP WIDTH="24" VPOS="2055" HPOS="744"/>
							<String ID="string_304" HPOS="768" VPOS="2055" WIDTH="396" HEIGHT="36" WC="0.90" CONTENT="departementschefens"/><SP WIDTH="24" VPOS="2055" HPOS="1164"/>
							<String ID="string_305" HPOS="1188" VPOS="2056" WIDTH="202" HEIGHT="30" WC="0.96" CONTENT="uttalanden"/><SP WIDTH="22" VPOS="2056" HPOS="1390"/>
							<String ID="string_306" HPOS="1412" VPOS="2057" WIDTH="149" HEIGHT="30" WC="0.96" CONTENT="rörande"/><SP WIDTH="24" VPOS="2057" HPOS="1561"/>
							<String ID="string_307" HPOS="1585" VPOS="2057" WIDTH="42" HEIGHT="30" WC="0.97" CONTENT="de"/><SP WIDTH="22" VPOS="2057" HPOS="1627"/>
							<String ID="string_308" HPOS="1649" VPOS="2056" WIDTH="144" HEIGHT="31" WC="0.96" CONTENT="därmed"/>
						</TextLine>
						<TextLine ID="line_38" HPOS="289" VPOS="2105" WIDTH="1410" HEIGHT="36">
							<String ID="string_309" HPOS="289" VPOS="2105" WIDTH="345" HEIGHT="36" WC="0.91" CONTENT="sammanhängande"/><SP WIDTH="27" VPOS="2105" HPOS="634"/>
							<String ID="string_310" HPOS="661" VPOS="2105" WIDTH="408" HEIGHT="31" WC="0.91" CONTENT="rekommendationerna"/><SP WIDTH="28" VPOS="2105" HPOS="1069"/>
							<String ID="string_311" HPOS="1097" VPOS="2106" WIDTH="63" HEIGHT="30" WC="0.94" CONTENT="har"/><SP WIDTH="30" VPOS="2106" HPOS="1160"/>
							<String ID="string_312" HPOS="1190" VPOS="2106" WIDTH="166" HEIGHT="31" WC="0.94" CONTENT="utskottet"/><SP WIDTH="28" VPOS="2106" HPOS="1356"/>
							<String ID="string_313" HPOS="1384" VPOS="2107" WIDTH="84" HEIGHT="31" WC="0.96" CONTENT="intet"/><SP WIDTH="29" VPOS="2107" HPOS="1468"/>
							<String ID="string_314" HPOS="1497" VPOS="2110" WIDTH="48" HEIGHT="27" WC="0.96" CONTENT="att"/><SP WIDTH="29" VPOS="2110" HPOS="1545"/>
							<String ID="string_315" HPOS="1574" VPOS="2108" WIDTH="125" HEIGHT="29" WC="0.96" CONTENT="erinra."/>
						</TextLine>
					</TextBlock>
				</ComposedBlock>
				<ComposedBlock ID="cblock_6" HPOS="289" VPOS="2204" WIDTH="1504" HEIGHT="88">
					<TextBlock ID="block_10" HPOS="289" VPOS="2204" WIDTH="1504" HEIGHT="88">
						<TextLine ID="line_39" HPOS="334" VPOS="2204" WIDTH="1459" HEIGHT="42">
							<String ID="string_316" HPOS="334" VPOS="2206" WIDTH="116" HEIGHT="30" WC="0.96" CONTENT="Under"/><SP WIDTH="25" VPOS="2206" HPOS="450"/>
							<String ID="string_317" HPOS="475" VPOS="2204" WIDTH="220" HEIGHT="39" WC="0.96" CONTENT="åberopande"/><SP WIDTH="21" VPOS="2204" HPOS="695"/>
							<String ID="string_318" HPOS="716" VPOS="2216" WIDTH="45" HEIGHT="20" WC="0.96" CONTENT="av"/><SP WIDTH="23" VPOS="2216" HPOS="761"/>
							<String ID="string_319" HPOS="784" VPOS="2206" WIDTH="67" HEIGHT="30" WC="0.96" CONTENT="vad"/><SP WIDTH="25" VPOS="2206" HPOS="851"/>
							<String ID="string_320" HPOS="876" VPOS="2206" WIDTH="10" HEIGHT="29" WC="0.96" CONTENT="i"/><SP WIDTH="26" VPOS="2206" HPOS="886"/>
							<String ID="string_321" HPOS="912" VPOS="2206" WIDTH="56" HEIGHT="30" WC="0.96" CONTENT="det"/><SP WIDTH="24" VPOS="2206" HPOS="968"/>
							<String ID="string_322" HPOS="992" VPOS="2205" WIDTH="208" HEIGHT="37" WC="0.96" CONTENT="föregående"/><SP WIDTH="29" VPOS="2205" HPOS="1200"/>
							<String ID="string_323" HPOS="1229" VPOS="2207" WIDTH="74" HEIGHT="39" WC="0.96" CONTENT="(sid."/><SP WIDTH="29" VPOS="2207" HPOS="1303"/>
							<String ID="string_324" HPOS="1332" VPOS="2208" WIDTH="28" HEIGHT="34" WC="0.96" CONTENT="7,"/><SP WIDTH="25" VPOS="2208" HPOS="1360"/>
							<String ID="string_325" HPOS="1385" VPOS="2208" WIDTH="29" HEIGHT="34" WC="0.96" CONTENT="8,"/><SP WIDTH="26" VPOS="2208" HPOS="1414"/>
							<String ID="string_326" HPOS="1440" VPOS="2208" WIDTH="20" HEIGHT="29" WC="0.95" CONTENT="9"/><SP WIDTH="25" VPOS="2208" HPOS="1460"/>
							<String ID="string_327" HPOS="1485" VPOS="2208" WIDTH="65" HEIGHT="29" WC="0.96" CONTENT="och"/><SP WIDTH="27" VPOS="2208" HPOS="1550"/>
							<String ID="string_328" HPOS="1577" VPOS="2206" WIDTH="51" HEIGHT="40" WC="0.96" CONTENT="10)"/><SP WIDTH="31" VPOS="2206" HPOS="1628"/>
							<String ID="string_329" HPOS="1659" VPOS="2206" WIDTH="134" HEIGHT="31" WC="0.96" CONTENT="anförts"/>
						</TextLine>
						<TextLine ID="line_40" HPOS="289" VPOS="2255" WIDTH="461" HEIGHT="37">
							<String ID="string_330" HPOS="289" VPOS="2255" WIDTH="55" HEIGHT="31" WC="0.96" CONTENT="får"/><SP WIDTH="24" VPOS="2255" HPOS="344"/>
							<String ID="string_331" HPOS="368" VPOS="2258" WIDTH="165" HEIGHT="28" WC="0.93" CONTENT="utskottet"/><SP WIDTH="23" VPOS="2258" HPOS="533"/>
							<String ID="string_332" HPOS="556" VPOS="2257" WIDTH="194" HEIGHT="35" WC="0.90" CONTENT="hemställa,"/>
						</TextLine>
					</TextBlock>
				</ComposedBlock>
				<ComposedBlock ID="cblock_7" HPOS="592" VPOS="2324" WIDTH="1200" HEIGHT="189">
					<TextBlock ID="block_11" HPOS="594" VPOS="2324" WIDTH="1196" HEIGHT="87">
						<TextLine ID="line_41" HPOS="639" VPOS="2324" WIDTH="1151" HEIGHT="37">
							<String ID="string_333" HPOS="639" VPOS="2326" WIDTH="49" HEIGHT="28" WC="0.96" CONTENT="att"/><SP WIDTH="20" VPOS="2326" HPOS="688"/>
							<String ID="string_334" HPOS="708" VPOS="2324" WIDTH="184" HEIGHT="36" WC="0.96" CONTENT="riksdagen"/><SP WIDTH="19" VPOS="2324" HPOS="892"/>
							<String ID="string_335" HPOS="911" VPOS="2324" WIDTH="10" HEIGHT="29" WC="0.96" CONTENT="i"/><SP WIDTH="20" VPOS="2324" HPOS="921"/>
							<String ID="string_336" HPOS="941" VPOS="2324" WIDTH="185" HEIGHT="36" WC="0.95" CONTENT="anledning"/><SP WIDTH="18" VPOS="2324" HPOS="1126"/>
							<String ID="string_337" HPOS="1144" VPOS="2333" WIDTH="42" HEIGHT="21" WC="0.95" CONTENT="av"/><SP WIDTH="21" VPOS="2333" HPOS="1186"/>
							<String ID="string_338" HPOS="1207" VPOS="2324" WIDTH="228" HEIGHT="31" WC="0.96" CONTENT="förevarande"/><SP WIDTH="21" VPOS="2324" HPOS="1435"/>
							<String ID="string_339" HPOS="1456" VPOS="2325" WIDTH="214" HEIGHT="36" WC="0.96" CONTENT="proposition"/><SP WIDTH="14" VPOS="2325" HPOS="1670"/>
							<String ID="string_340" HPOS="1684" VPOS="2324" WIDTH="106" HEIGHT="30" WC="0.96" CONTENT="måtte"/>
						</TextLine>
						<TextLine ID="line_42" HPOS="594" VPOS="2373" WIDTH="734" HEIGHT="38">
							<String ID="string_341" HPOS="594" VPOS="2374" WIDTH="10" HEIGHT="30" WC="0.94" CONTENT="i"/><SP WIDTH="24" VPOS="2374" HPOS="604"/>
							<String ID="string_342" HPOS="628" VPOS="2374" WIDTH="165" HEIGHT="30" WC="0.94" CONTENT="skrivelse"/><SP WIDTH="23" VPOS="2374" HPOS="793"/>
							<String ID="string_343" HPOS="816" VPOS="2375" WIDTH="50" HEIGHT="29" WC="0.95" CONTENT="till"/><SP WIDTH="23" VPOS="2375" HPOS="866"/>
							<String ID="string_344" HPOS="889" VPOS="2374" WIDTH="121" HEIGHT="36" WC="0.93" CONTENT="Kungl."/><SP WIDTH="28" VPOS="2374" HPOS="1010"/>
							<String ID="string_345" HPOS="1038" VPOS="2373" WIDTH="100" HEIGHT="37" WC="0.95" CONTENT="Maj:t"/><SP WIDTH="22" VPOS="2373" HPOS="1138"/>
							<String ID="string_346" HPOS="1160" VPOS="2375" WIDTH="168" HEIGHT="36" WC="0.96" CONTENT="meddela,"/>
						</TextLine>
					</TextBlock>
					<TextBlock ID="block_12" HPOS="592" VPOS="2424" WIDTH="1200" HEIGHT="89">
						<TextLine ID="line_43" HPOS="641" VPOS="2424" WIDTH="1147" HEIGHT="36">
							<String ID="string_347" HPOS="641" VPOS="2425" WIDTH="27" HEIGHT="29" WC="0.96" CONTENT="1."/><SP WIDTH="27" VPOS="2425" HPOS="668"/>
							<String ID="string_348" HPOS="695" VPOS="2427" WIDTH="49" HEIGHT="28" WC="0.95" CONTENT="att"/><SP WIDTH="19" VPOS="2427" HPOS="744"/>
							<String ID="string_349" HPOS="763" VPOS="2424" WIDTH="183" HEIGHT="36" WC="0.95" CONTENT="riksdagen"/><SP WIDTH="18" VPOS="2424" HPOS="946"/>
							<String ID="string_350" HPOS="964" VPOS="2425" WIDTH="76" HEIGHT="29" WC="0.96" CONTENT="icke"/><SP WIDTH="16" VPOS="2425" HPOS="1040"/>
							<String ID="string_351" HPOS="1056" VPOS="2425" WIDTH="64" HEIGHT="29" WC="0.96" CONTENT="har"/><SP WIDTH="19" VPOS="2425" HPOS="1120"/>
							<String ID="string_352" HPOS="1139" VPOS="2424" WIDTH="104" HEIGHT="36" WC="0.95" CONTENT="något"/><SP WIDTH="20" VPOS="2424" HPOS="1243"/>
							<String ID="string_353" HPOS="1263" VPOS="2427" WIDTH="49" HEIGHT="28" WC="0.96" CONTENT="att"/><SP WIDTH="18" VPOS="2427" HPOS="1312"/>
							<String ID="string_354" HPOS="1330" VPOS="2425" WIDTH="114" HEIGHT="30" WC="0.96" CONTENT="erinra"/><SP WIDTH="19" VPOS="2425" HPOS="1444"/>
							<String ID="string_355" HPOS="1463" VPOS="2430" WIDTH="71" HEIGHT="26" WC="0.96" CONTENT="mot"/><SP WIDTH="20" VPOS="2430" HPOS="1534"/>
							<String ID="string_356" HPOS="1554" VPOS="2426" WIDTH="67" HEIGHT="29" WC="0.93" CONTENT="vad"/><SP WIDTH="14" VPOS="2426" HPOS="1621"/>
							<String ID="string_357" HPOS="1635" VPOS="2425" WIDTH="153" HEIGHT="29" WC="0.91" CONTENT="föredra-"/>
						</TextLine>
						<TextLine ID="line_44" HPOS="592" VPOS="2475" WIDTH="1200" HEIGHT="38">
							<String ID="string_358" HPOS="592" VPOS="2476" WIDTH="112" HEIGHT="35" WC="0.92" CONTENT="gande"/><SP WIDTH="15" VPOS="2476" HPOS="704"/>
							<String ID="string_359" HPOS="719" VPOS="2475" WIDTH="378" HEIGHT="36" WC="0.90" CONTENT="departementschefen"/><SP WIDTH="16" VPOS="2475" HPOS="1097"/>
							<String ID="string_360" HPOS="1113" VPOS="2475" WIDTH="9" HEIGHT="30" WC="0.96" CONTENT="i"/><SP WIDTH="15" VPOS="2475" HPOS="1122"/>
							<String ID="string_361" HPOS="1137" VPOS="2476" WIDTH="56" HEIGHT="29" WC="0.96" CONTENT="det"/><SP WIDTH="15" VPOS="2476" HPOS="1193"/>
							<String ID="string_362" HPOS="1208" VPOS="2475" WIDTH="57" HEIGHT="31" WC="0.96" CONTENT="vid"/><SP WIDTH="15" VPOS="2475" HPOS="1265"/>
							<String ID="string_363" HPOS="1280" VPOS="2476" WIDTH="259" HEIGHT="37" WC="0.95" CONTENT="propositionen"/><SP WIDTH="16" VPOS="2476" HPOS="1539"/>
							<String ID="string_364" HPOS="1555" VPOS="2475" WIDTH="124" HEIGHT="37" WC="0.91" CONTENT="fogade"/><SP WIDTH="16" VPOS="2475" HPOS="1679"/>
							<String ID="string_365" HPOS="1695" VPOS="2478" WIDTH="97" HEIGHT="28" WC="0.91" CONTENT="stats-"/>
						</TextLine>
					</TextBlock>
				</ComposedBlock>
			</PrintSpace>
		</Page>
	</Layout>
</alto>
