1876 2816
281 173 20 30 8
737 172 274 28 Bankoutskottets
1033 172 159 28 utlåtande
1212 182 37 18 nr
1267 174 45 26 50.

283 253 239 30 mentschefen
544 253 261 39 länsstyrelsens
825 253 233 40 uppfattning,
1084 257 49 28 att
1159 255 41 29 de
1223 255 94 29 äldre
1341 254 183 31 arbetarna
1549 255 108 30 borde
1681 254 91 30 bere-

283 308 61 29 das
366 316 43 21 en
429 307 112 39 rimlig
561 306 199 40 ersättning.
783 306 198 31 Emellertid
1003 311 115 34 syntes
1142 306 122 40 frågan
1284 317 57 20 om
1365 306 94 31 såväl
1479 307 293 39 ersättningarnas

284 361 127 29 storlek
435 370 73 20 som
531 360 99 30 deras
654 360 90 30 form
766 360 134 31 behöva
924 360 46 30 bli
994 360 146 31 föremål
1165 360 55 30 för
1239 361 199 38 ytterligare
1460 361 225 39 utredningar
1708 360 65 31 och

284 414 272 38 överväganden,
575 413 120 30 varför
711 414 378 38 departementschefen
1108 414 89 30 hade
1215 414 55 30 för
1284 414 114 30 avsikt
1416 417 57 32 att,
1493 414 106 30 sedan
1619 423 42 21 en
1679 413 93 40 dylik

283 466 185 39 utredning
489 466 205 36 verkställts,
716 465 192 40 framlägga
929 466 128 40 förslag
1077 466 222 31 härutinnan,
1321 467 118 31 Skulle
1460 467 120 30 därvid
1604 468 42 30 de
1666 466 107 39 årliga

283 519 276 39 ersättningarna
579 520 143 30 komma
741 523 48 27 att
808 519 45 39 på
874 521 66 29 sätt
959 520 245 38 länsstyrelsen
1223 520 177 39 föreslagit
1419 521 185 38 begränsas
1625 524 49 27 att
1693 519 80 39 utgå

284 572 146 31 allenast
456 573 48 29 till
528 572 156 31 arbetare
708 574 80 28 över
808 573 42 29 50
875 571 48 37 år,
950 575 112 35 syntes
1089 574 57 30 det
1169 573 83 31 böra
1277 574 197 37 övervägas,
1501 573 174 31 huruvida
1699 572 75 31 icke

284 625 430 39 engångsersättningarna
739 625 50 31 till
815 625 165 37 arbetare,
1007 626 92 31 vilka
1126 627 165 30 närmade
1319 627 51 38 sig
1395 625 247 38 50-årsåldern,
1667 626 107 31 borde

284 679 46 30 bli
349 678 145 31 föremål
513 680 55 29 för
585 689 44 20 en
647 679 181 39 jämkning
846 678 117 40 uppåt.

328 731 72 31 Mot
425 732 42 31 de
492 731 146 32 sålunda
665 732 117 38 gjorda
810 733 222 30 uttalandena
1054 733 10 30 i
1091 732 100 40 fråga
1215 743 56 20 om
1297 734 43 29 de
1365 731 107 41 årliga
1498 732 276 39 ersättningarna

285 784 233 31 framställdes
540 786 76 29 icke
638 784 114 40 någon
773 785 138 31 erinran
935 784 77 32 från
1033 785 203 40 riksdagens
1259 786 74 31 sida
1363 786 80 38 (skr.
1467 796 41 20 nr
1530 785 92 39 505).

328 860 114 30 Sedan
467 860 196 39 ytterligare
688 860 183 40 utredning
896 869 143 22 numera
1064 860 177 39 företagits
1265 862 11 29 i
1301 862 152 35 ärendet,
1480 862 64 30 har
1569 861 124 40 frågan
1717 870 56 20 om

284 912 109 40 årliga
409 915 188 29 understöd
617 913 35 31 åt
670 914 144 30 berörda
835 914 154 30 arbetare
1008 917 129 28 ansetts
1157 915 83 30 böra
1259 917 170 36 upptagas
1449 915 50 30 till
1520 915 140 39 förnyat
1680 916 93 29 över-

284 968 166 37 vägande.

329 1019 76 31 Den
426 1029 24 20 s.
475 1020 31 30 k.
530 1019 385 31 Salsåkerskommittén
936 1020 62 30 har
1020 1019 171 32 förklarat
1214 1020 49 40 sig
1285 1019 109 40 livligt
1419 1021 151 36 förorda,
1596 1024 50 28 att
1668 1020 107 38 årliga

284 1072 230 39 ersättningar
538 1073 50 30 till
614 1074 43 29 de
681 1074 93 30 äldre
797 1073 183 31 arbetarna
1004 1073 198 38 beviljades.
1229 1068 270 45 Åldersgränsen
1524 1074 56 31 för
1601 1075 100 30 dessa
1725 1082 48 21 er-

285 1126 209 39 sättningars
513 1125 171 40 utgående
703 1129 113 36 syntes
834 1127 86 30 böra
939 1127 103 30 sättas
1061 1127 51 30 till
1132 1128 41 29 50
1192 1126 47 31 år.
1272 1126 137 32 Sådana
1430 1129 164 34 arbetare,
1616 1137 74 21 som
1710 1127 64 31 vis-

284 1179 147 39 serligen
450 1179 75 31 icke
544 1179 150 39 uppnått
713 1180 40 30 50
774 1179 39 31 år
832 1190 80 20 men
933 1181 165 29 närmade
1118 1181 51 38 sig
1189 1179 237 31 50-årsåldern
1447 1182 64 29 och
1533 1180 147 32 sålunda
1699 1180 76 31 icke

284 1233 91 30 hade
396 1242 132 22 samma
548 1233 182 39 möjlighet
750 1243 72 20 som
844 1242 107 30 yngre
972 1234 155 30 arbetare
1149 1236 49 28 att
1218 1233 44 39 på
1283 1243 118 21 annan
1422 1238 53 26 ort
1495 1233 131 32 erhålla
1648 1234 125 29 arbets-

284 1286 220 39 anställning,
524 1287 108 29 borde
651 1287 9 29 i
682 1287 110 30 stället
811 1296 41 20 av
872 1286 185 39 billighets-
1078 1288 66 28 och
1165 1287 216 30 rättviseskäl
1399 1287 227 32 tillerkännas
1645 1297 43 20 en
1706 1287 67 30 för-

283 1339 86 38 höjd
396 1338 351 40 engångsersättning.
786 1340 98 30 Efter
908 1339 168 40 ingående
1101 1341 170 38 prövning
1297 1341 91 30 hade
1414 1340 265 31 kommitterade
1706 1341 66 29 för-

284 1393 160 29 denskull
465 1396 78 27 enat
565 1393 50 39 sig
637 1403 57 20 om
714 1396 48 27 att
783 1393 128 31 föreslå
931 1394 125 29 dubbel
1077 1393 345 40 engångsersättning
1441 1394 51 30 till
1512 1395 166 35 arbetare,
1701 1403 72 21 som

284 1455 81 20 vore
383 1445 107 31 födda
510 1446 74 30 före
607 1447 81 29 1897
710 1456 79 20 men
808 1446 76 30 icke
904 1446 146 39 uppnått
1071 1447 42 29 50
1134 1446 47 30 år.
1215 1447 95 30 Efter
1330 1448 161 30 närmare
1511 1448 263 38 överväganden

283 1508 42 21 av
350 1500 195 37 grunderna
568 1499 56 30 för
647 1501 42 28 de
713 1498 106 40 årliga
843 1500 293 39 ersättningarnas
1158 1500 169 39 utgående
1351 1501 92 29 hade
1466 1501 206 30 kommittén
1696 1503 78 26 enat

285 1552 50 39 sig
353 1562 58 20 om
429 1552 153 39 följande
601 1553 138 38 förslag.
771 1553 65 29 Till
855 1554 163 34 arbetare,
1038 1563 76 21 som
1131 1552 146 40 uppnått
1295 1553 42 30 50
1355 1553 48 36 år,
1424 1554 110 30 skulle
1552 1553 88 40 årlig
1657 1555 115 29 ersätt-

284 1605 85 39 ning
387 1605 82 39 utgå
487 1607 78 29 med
585 1606 64 29 600
667 1607 127 29 kronor
813 1607 80 29 med
913 1606 116 40 tillägg
1049 1617 43 20 av
1110 1607 64 29 200
1194 1607 128 30 kronor
1342 1607 55 30 för
1416 1607 133 30 hustru.
1571 1602 99 36 Änka
1690 1608 85 29 efter

285 1659 401 39 ersättningsberättigad
703 1660 153 30 arbetare
875 1660 109 30 skulle
1001 1659 131 32 erhålla
1149 1659 86 40 årlig
1251 1660 190 39 ersättning
1457 1661 78 29 med
1553 1661 64 29 400
1636 1661 136 29 kronor.

285 1711 166 40 Samtliga
472 1712 229 39 ersättningar
721 1713 110 30 skulle
849 1712 83 39 utgå
950 1712 87 31 intill
1056 1713 167 38 uppnådd
1242 1712 96 31 ålder
1357 1724 42 20 av
1419 1714 39 29 67
1480 1713 39 31 år
1536 1714 83 30 eller
1638 1714 50 30 till
1709 1714 65 29 den

284 1765 164 37 tidpunkt
474 1765 253 36 dessförinnan,
753 1765 42 31 då
823 1766 256 30 vederbörande
1106 1767 117 30 kunde
1249 1767 91 30 bliva
1367 1766 192 39 berättigad
1587 1767 51 30 till
1665 1766 108 30 erhål-

284 1819 103 29 lande
409 1828 42 20 av
474 1818 230 39 folkpension.

329 1871 213 30 Kommittén
562 1872 66 30 har
649 1873 86 29 även
756 1872 109 39 ingått
887 1872 43 39 på
953 1874 54 29 det
1029 1883 43 20 av
1094 1872 369 31 länsarbetsnämnden
1487 1874 195 30 framförda
1706 1873 66 29 för-

285 1925 108 38 slaget
414 1934 56 20 om
492 1923 86 41 årlig
600 1925 188 39 ersättning
810 1926 88 30 även
920 1926 86 30 efter
1026 1926 40 29 67
1088 1925 40 31 år
1150 1925 113 31 såsom
1284 1926 265 38 kompensation
1573 1927 55 29 för
1651 1926 122 30 förlust

285 1987 42 20 av
346 1977 183 31 förmånen
549 1988 42 20 av
610 1979 148 38 hyresfri
777 1979 123 30 bostad
921 1983 87 26 samt
1028 1979 213 30 härutinnan
1261 1979 116 30 anfört
1398 1979 163 39 följande.

328 2048 75 30 Vad
419 2049 370 30 länsarbetsnämnden
804 2049 118 31 anfört
940 2060 72 20 som
1030 2050 75 30 skäl
1123 2050 120 30 härför
1260 2051 64 29 har
1340 2050 206 30 kommittén
1564 2051 116 30 funnit
1696 2050 78 30 fullt

283 2093 164 29 bärande.
483 2093 213 30 Kommittén
718 2094 57 29 vill
798 2094 88 30 även
910 2093 195 35 framhålla,
1130 2098 49 26 att
1201 2095 56 29 vid
1280 2095 42 30 de
1346 2095 329 38 underhandlingar,
1701 2104 72 21 som

284 2137 154 38 föregick
457 2137 311 30 Salsåkersverkets
786 2138 207 39 försäljning
1008 2139 50 30 till
1075 2139 123 38 Igelsta
1214 2139 345 39 trävaruaktiebolag,
1579 2139 124 39 frågan
1718 2148 55 21 om

283 2182 211 30 bostadsrätt
513 2182 54 30 för
590 2183 42 29 de
654 2183 109 30 äldsta
786 2183 181 31 arbetarna
991 2184 56 29 vid
1070 2184 118 29 verket
1211 2184 121 37 intagit
1355 2193 42 20 en
1420 2184 233 38 framskjuten
1675 2184 97 37 plats.

284 2225 52 30 Då
360 2226 189 30 emellertid
572 2226 154 38 köparen
749 2237 41 20 av
814 2227 118 30 verket
954 2227 75 31 icke
1052 2227 118 30 kunde
1194 2227 129 31 förmås
1348 2231 50 27 att
1420 2229 121 38 medge
1565 2228 209 30 bostadsrätt

285 2270 55 30 för
360 2271 41 29 de
421 2272 170 29 anställda
612 2271 56 30 för
689 2281 41 20 en
750 2271 90 31 oviss
861 2272 152 35 framtid,
1033 2273 230 37 begränsades
1283 2273 255 29 bostadsrätten
1560 2273 49 29 till
1631 2273 143 29 allenast

286 2318 48 25 tre
359 2312 48 31 år.
445 2315 13 29 I
483 2315 110 30 stället
618 2316 145 38 medgav
784 2315 155 38 köparen
964 2317 66 29 viss
1055 2316 202 39 förhöjning
1281 2326 42 20 av
1349 2316 284 39 köpeskillingen,
1661 2316 113 30 vilken

286 2358 202 40 förhöjning
508 2359 147 31 kommit
676 2361 201 29 statsverket
896 2361 50 29 till
966 2361 53 29 del
1040 2361 65 30 och
1126 2361 212 38 möjliggjort
1359 2362 55 29 för
1434 2362 203 29 statsverket
1656 2364 49 28 att
1726 2370 47 20 er-

284 2401 93 32 hålla
404 2413 42 20 en
471 2405 243 30 motsvarande
737 2405 106 38 högre
867 2403 249 40 återbetalning
1141 2415 42 20 av
1208 2406 49 29 till
1282 2405 316 39 Salsåkersbolaget
1622 2405 152 30 utbetald

285 2448 215 29 subvention.
539 2448 156 31 Anförda
721 2449 255 39 omständighet
1000 2458 100 29 synes
1128 2450 204 29 kommittén
1358 2451 121 37 utgöra
1506 2452 48 28 ett
1579 2449 196 40 ytterligare

286 2492 109 30 starkt
417 2493 74 29 skäl
513 2492 54 30 för
589 2494 67 29 den
678 2503 42 20 av
741 2494 370 30 länsarbetsnämnden
1133 2494 185 30 förordade
1339 2494 108 38 årliga
1469 2495 234 38 ersättningen
1724 2493 50 31 till
