1888 2846
305 174 16 26 2
507 170 101 27 Första
628 169 188 26 kammarens
831 168 120 34 första
970 166 148 34 tillfälliga
1139 164 123 27 utskotts
1281 162 152 27 utlåtande
1451 162 43 26 Nr
1510 161 27 27 9.

274 252 142 39 uppslag
443 251 54 31 får
521 251 128 37 prövas.
697 249 167 31 Utskottet
889 247 197 30 förutsätter
1113 244 148 40 givetvis,
1287 247 50 28 att
1364 242 120 31 därvid
1510 251 85 27 noga
1621 240 144 36 beaktas,

275 310 49 28 att
349 305 67 31 den
441 304 103 38 enligt
569 303 78 31 fritt
673 302 102 31 ritual
802 300 147 32 ordnade
974 300 192 37 högmässan
1193 298 69 30 icke
1289 297 147 37 förtages
1464 295 50 31 sin
1540 294 158 31 karaktär
1725 303 40 20 av

276 359 118 38 värdig
416 358 59 32 och
497 357 127 38 verklig
647 355 200 39 gudstjänst.

317 412 77 31 Med
417 411 73 32 stöd
511 421 39 21 av
572 410 55 31 det
649 408 143 32 anförda
813 408 54 31 får
889 408 161 30 utskottet
1071 406 96 30 alltså
1187 404 182 37 hemställa,

637 520 52 28 att
710 516 106 31 första
833 515 193 31 kammaren
1045 513 77 31 ville
1142 512 54 31 för
1218 511 51 31 sin
1288 510 54 31 del
1362 510 137 39 besluta,
1521 512 50 27 att
1592 507 176 38 riksdagen

594 570 105 31 måtte
720 569 11 31 i
754 568 155 32 skrivelse
931 567 54 31 till
1004 566 123 38 Kungl.
1149 565 105 38 Maj:t
1276 563 143 38 anhålla,
1441 562 56 32 det
1518 560 125 39 Kungl.
1663 560 107 38 Maj:t

595 623 128 32 täcktes
741 622 137 38 vidtaga
897 620 156 39 åtgärder
1074 620 11 30 i
1105 618 88 39 syfte
1212 621 50 28 att
1282 616 174 39 möjlighet
1474 616 53 30 må
1548 613 136 33 beredas
1703 613 67 31 för-

595 676 159 39 samlings
772 674 212 40 prästerskap
1004 677 50 28 att
1073 676 47 28 ett
1137 672 177 38 begränsat
1333 670 91 31 antal
1443 668 164 38 söndagar
1626 667 145 31 förrätta

596 731 172 38 högmässa
786 729 87 32 efter
890 728 80 31 fritt
987 727 69 31 valt
1076 725 112 32 ritual.

321 840 189 32 Stockholm
533 838 62 32 den
620 838 38 30 15
682 837 67 38 maj
774 836 90 31 1930.

817 943 49 30 På
888 941 176 32 utskottets
1086 940 143 38 vägnar:

826 1050 32 30 J.
882 1049 37 30 P.
943 1044 274 35 JOHANSSON.

333 1309 191 29 Närvarande
543 1307 49 28 vid
611 1305 186 29 förestående
816 1304 125 27 ärendes
954 1302 241 34 slutbehandling
1208 1300 78 28 inom
1301 1300 157 27 utskottet:
1477 1298 101 27 herrar
1595 1295 182 34 Johansson,

494 1353 29 27 J.
540 1352 42 32 P.,
609 1351 126 33 Boberg,
763 1350 112 32 Kropp,
897 1348 111 33 Tamm,
1035 1347 180 32 Johansson,
1234 1346 84 32 Emil,
1340 1344 177 35 Wijkström,
1535 1343 167 33 Bjurström
1722 1341 55 27 och

495 1397 178 30 Andersson,
693 1395 63 26 Per.

719 2513 150 35 Styckhotm,
906 2519 81 25 Oskar
1022 2516 111 26 Eklunds
1169 2516 88 28 boktr.,
1295 2498 73 50 igjö
