1854 2784
563 173 284 31 Statsutskottets
865 171 179 30 utlåtande
1061 179 42 20 nr
1122 170 50 29 70.
1600 165 19 30 5

116 262 108 30 ålder.
244 261 64 30 Vid
328 259 261 32 fastställandet
608 269 42 20 av
669 258 225 29 förmånerna
914 256 11 29 i
946 256 98 38 fråga
1064 256 64 28 har
1149 255 160 28 beaktats
1329 253 66 29 den
1416 252 50 30 tid
1487 261 41 20 av
1549 260 71 21 om-

116 311 104 40 kring
244 311 39 30 19
305 311 48 34 år,
376 310 175 29 varunder
573 309 93 30 förre
688 307 283 40 torvingenjören
993 306 152 30 Jönsson
1167 304 90 30 varit
1280 303 151 30 anställd
1454 302 11 29 i
1489 303 131 28 statens

117 362 123 39 tjänst.
258 362 165 29 Däremot
440 361 66 30 har
523 361 137 38 hänsyn
677 359 72 30 inte
766 358 104 39 tagits
888 357 53 30 till
960 357 67 29 den
1045 356 60 34 tid,
1123 355 175 30 varunder
1316 354 152 29 Jönsson
1485 370 44 3 —
1547 351 73 30 före

118 412 249 40 vägväsendets
397 410 266 40 förstatligande
691 427 45 3 —
764 408 82 30 åren
878 406 216 31 1927—1943
1124 404 161 31 innehaft
1316 403 214 38 anställning
1557 402 64 29 hos

118 462 218 40 vägdistrikt.
356 463 59 28 Ett
433 459 308 41 hänsynstagande
761 459 51 30 till
832 459 115 29 denna
968 466 120 21 senare
1107 455 236 40 tjänstgöring
1361 455 65 29 har
1446 452 176 40 nämligen

117 531 45 3 —
180 513 106 30 vilket
307 513 85 29 även
413 511 155 39 framgår
588 520 43 20 av
648 510 68 30 vad
737 511 130 28 statens
885 506 301 42 pensionsanstalt
1206 506 64 29 och
1291 504 251 31 statskontoret
1563 512 62 20 an-

119 564 70 29 fört
221 548 22 55 —
267 563 154 29 befarats
441 561 158 30 medföra
617 560 198 39 vittgående
834 559 270 29 konsekvenser.
1124 557 54 29 En
1195 565 45 21 av
1257 554 290 31 bankoutskottet
1563 552 60 31 vid

121 613 85 31 1946
230 613 56 30 års
309 613 144 40 riksdag
476 611 138 40 åsyftad
638 610 171 41 prövning
832 610 11 29 i
867 611 48 28 ett
940 609 109 30 större
1074 607 256 38 sammanhang
1353 614 42 21 av
1419 604 125 39 frågan
1567 612 57 21 om

119 664 147 40 pension
286 664 36 30 åt
344 663 234 30 efterlevande
599 662 52 29 till
675 659 249 32 förutvarande
946 657 363 39 anställningshavare
1329 656 63 29 hos
1415 649 210 49 vägdistrikt

120 715 64 30 har
210 715 72 29 inte
307 714 108 29 heller
441 712 150 31 kommit
617 712 54 29 till
697 711 110 30 stånd.
836 710 71 30 Här
934 709 58 30 må
1017 708 200 33 anmärkas,
1246 708 49 28 att
1322 705 107 40 enligt
1455 704 66 31 vad
1549 713 74 20 som

121 765 155 39 framgår
299 774 42 21 av
361 764 274 29 statskontorets
660 771 89 20 ovan
771 761 144 38 intagna
939 758 161 41 yttrande
1126 756 254 32 ämbetsverket
1404 755 127 30 uttalat
1555 756 69 28 tve-

120 815 82 36 kan,
223 814 173 31 huruvida
417 816 48 29 ett
485 812 307 41 hänsynstagande
811 810 53 31 till
885 811 170 29 Jönssons
1075 807 216 40 anställning
1311 816 74 20 som
1406 806 218 39 vägmästare

121 866 79 29 med
223 876 46 20 nu
292 865 203 39 tillämpade
517 864 150 39 grunder
690 862 54 30 för
765 860 264 31 bestämmande
1051 869 41 20 av
1115 857 333 41 familjepensioner,
1473 864 74 21 som
1569 855 57 29 be-

122 916 103 39 viljas
246 916 86 30 efter
353 914 260 39 framställning
633 913 53 30 till
706 912 196 39 riksdagen,
925 912 80 28 över
1025 909 119 30 huvud
1165 909 93 38 taget
1279 908 112 29 skulle
1411 906 77 30 leda
1509 905 51 30 till
1580 913 45 21 en

122 966 205 40 förhöjning
345 975 42 21 av
404 966 68 29 den
490 965 51 29 till
559 965 56 29 fru
634 964 152 29 Jönsson
803 961 172 40 utgående
993 959 201 41 pensionen.
1212 976 44 3 —
1273 957 117 39 Enligt
1407 956 66 31 vad
1492 956 134 29 utskot-

122 1018 49 29 tet
193 1017 174 29 inhämtat
389 1015 82 30 från
491 1014 253 30 statskontoret
766 1012 133 40 uppgår
924 1012 57 29 fru
1003 1011 171 29 Jönssons
1197 1006 354 42 pensionsförmåner,
1573 1006 54 28 in-

122 1068 137 30 klusive
278 1067 127 39 rörliga
423 1064 330 41 tilläggsförmåner,
772 1064 55 29 för
846 1062 218 31 närvarande
1083 1061 53 29 till
1157 1060 62 30 113
1237 1060 130 29 kronor
1386 1058 42 29 89
1448 1059 57 28 öre
1524 1056 11 29 i
1553 1056 74 30 må-

123 1119 126 36 naden,
277 1120 89 28 samt
391 1118 157 29 dotterns
575 1114 401 33 understödsförmåner,
1003 1111 174 30 inklusive
1204 1109 128 39 rörliga
1357 1108 189 34 förmåner,
1573 1106 53 30 till

126 1169 60 29 107
212 1168 128 29 kronor
363 1168 41 29 35
428 1168 59 28 öre
510 1167 12 29 i
543 1165 176 30 månaden
743 1165 81 29 eller
847 1163 133 30 således
1005 1161 233 39 sammanlagt
1263 1160 59 30 221
1349 1159 131 29 kronor
1504 1157 40 30 24
1567 1158 60 29 öre

123 1228 62 30 per
207 1218 137 30 månad.

169 1269 52 31 Av
245 1269 67 30 den
336 1268 162 30 lämnade
520 1266 243 40 redogörelsen
789 1264 155 40 framgår
968 1263 128 34 vidare,
1122 1263 52 29 att
1199 1271 42 20 en
1266 1270 42 21 av
1332 1260 57 30 fru
1414 1260 151 29 Jönsson
1590 1257 38 30 år

127 1319 85 30 1948
232 1320 63 29 hos
316 1319 125 39 Kungl.
463 1318 105 40 Maj:t
589 1317 101 40 gjord
712 1316 156 29 ansökan
889 1324 56 20 om
967 1313 205 39 förhöjning
1194 1321 42 20 av
1256 1310 171 40 utgående
1448 1308 179 41 pensions-

126 1370 178 29 förmåner
324 1379 41 20 av
385 1369 127 38 Kungl.
533 1367 105 40 Maj:t
659 1367 149 29 lämnats
829 1367 86 28 utan
935 1362 110 31 bifall.

171 1419 201 30 Emellertid
392 1419 74 34 har,
488 1418 106 39 enligt
613 1417 66 30 vad
699 1416 169 30 utskottet
888 1415 174 29 inhämtat
1083 1413 79 29 från
1183 1411 366 39 civildepartementet,
1571 1409 56 29 fru

127 1471 154 29 Jönsson
298 1469 111 30 under
427 1469 43 29 de
488 1469 137 29 senaste
643 1467 83 30 åren
745 1465 136 30 erhållit
900 1464 150 30 tillskott
1068 1463 53 30 till
1140 1462 54 30 sin
1213 1461 144 41 pension
1377 1461 10 29 i
1407 1460 91 30 form
1518 1469 41 20 av
1576 1460 54 28 ut-

126 1522 143 38 delning
294 1521 79 29 från
399 1521 42 29 de
468 1529 25 20 s.
521 1520 33 29 k.
581 1518 185 29 Filéenska
791 1514 370 33 donationsfonderna.
1190 1510 438 39 Gratifikationsbeloppen

127 1571 64 30 har
215 1570 110 30 under
348 1570 41 29 de
412 1571 52 28 tre
489 1570 135 28 senaste
648 1567 84 30 åren
754 1566 132 39 utgjort
909 1564 194 41 respektive
1128 1563 74 35 350,
1227 1562 62 30 350
1311 1562 66 30 och
1401 1561 64 30 450
1490 1561 138 29 kronor.

127 1621 117 39 Enligt
269 1621 65 29 vad
361 1620 171 29 utskottet
558 1618 131 34 erfarit,
716 1617 96 30 torde
838 1616 57 30 fru
921 1616 153 29 Jönsson
1100 1615 122 28 kunna
1248 1612 157 41 påräkna
1432 1612 50 29 att
1508 1612 85 28 även
1619 1609 11 29 i

128 1671 282 39 fortsättningen,
433 1670 10 29 i
464 1671 76 29 vart
561 1669 60 30 fall
643 1668 38 30 så
702 1669 98 37 länge
821 1667 157 29 dotterns
1000 1663 344 41 sjukdomstillstånd
1365 1671 112 24 varar,
1500 1656 130 48 erhålla

128 1722 190 29 understöd
339 1721 78 30 från
438 1718 266 41 ifrågavarande
724 1717 199 30 fondmedel
940 1716 81 30 med
1040 1715 124 39 belopp
1185 1714 72 29 inte
1276 1711 271 39 understigande
1567 1710 63 30 450

129 1773 131 29 kronor
278 1781 54 19 om
351 1771 83 29 året.
454 1770 77 29 Med
548 1769 196 30 beaktande
761 1768 108 29 härav
887 1767 64 29 och
969 1775 41 21 av
1027 1765 66 31 vad
1111 1765 10 28 i
1140 1764 142 30 ärendet
1300 1763 11 29 i
1328 1763 112 38 övrigt
1459 1761 173 30 förekom-

129 1822 65 29 mit
217 1822 114 29 finner
355 1821 51 39 sig
428 1820 169 29 utskottet
621 1819 71 29 inte
715 1818 119 29 kunna
857 1816 176 39 tillstyrka
1056 1815 114 38 någon
1194 1813 121 40 åtgärd
1338 1813 10 29 i
1372 1813 42 29 de
1437 1821 47 20 nu
1508 1811 123 30 väckta

130 1871 235 29 motionernas
386 1870 91 40 syfte
497 1871 84 28 utan
600 1867 211 34 hemställer,

486 1921 49 28 att
554 1919 218 29 motionerna
792 1918 28 28 I:
839 1916 58 30 107
919 1916 64 29 och
1003 1916 45 29 II:
1067 1915 59 29 115
1147 1914 77 29 icke
1243 1913 57 30 må
1319 1922 41 20 av
1379 1912 186 38 riksdagen
1584 1910 49 30 bi-

442 1969 113 30 fallas.

180 2072 198 30 Stockholm
399 2071 66 29 den
486 2071 18 29 6
524 2070 85 39 april
633 2068 93 30 1954.

616 2178 48 29 På
696 2177 276 29 statsutskottets
1003 2176 145 37 vägnar:

665 2277 170 29 MARTIN
858 2275 246 30 SKOGLUND.
