2190 2628
704 206 249 33 Statsutskottets
983 203 166 34 Utlåtande
1172 204 61 30 N:o
1257 203 50 31 78.
1738 198 19 31 3

208 289 150 36 läraren
386 288 12 36 i
426 285 233 48 matematik,
689 284 117 37 andre
834 283 148 37 läraren
1009 282 13 36 i
1051 280 136 37 allmän
1216 278 101 38 kemi
1345 277 70 38 och
1442 276 148 37 läraren
1608 276 12 36 i
1640 276 160 49 skepps-

208 340 163 50 byggeri
412 339 194 37 äfvensom
647 337 149 37 läraren
824 336 13 36 i
864 332 358 49 frihandsteckning
1264 331 96 49 egde
1402 329 96 38 efter
1539 329 76 36 fem
1651 331 61 33 års
1740 327 63 36 väl

209 392 196 37 vitsordad
432 389 261 51 tjenstgöring
722 389 148 49 åtnjuta
898 392 54 32 ett
981 384 260 50 ålderstillägg
1270 384 40 36 af
1335 384 74 36 500
1437 382 156 43 kronor;
1623 385 99 32 samt
1746 384 57 32 att

210 445 111 37 dessa
361 442 261 49 ålderstillägg
649 442 103 48 finge
781 443 93 45 utgå
903 439 42 37 af
969 438 64 37 det
1060 437 118 37 under
1205 436 230 37 riksstatens
1464 433 151 37 åttonde
1640 432 162 37 hufvud-

209 497 83 37 titel
320 495 186 50 uppförda
533 492 316 50 förslagsanslag:
880 490 271 48 ålderstillägg.

338 548 73 37 Till
440 545 410 50 statsrådsprotokollet
878 544 12 36 i
919 543 104 36 detta
1051 540 139 38 ärende
1219 540 69 37 har
1307 538 136 38 chefen
1462 538 59 36 för
1541 535 260 39 ecklesiastik-

210 602 308 48 departementet
559 597 154 47 anmält,
755 597 179 36 hurusom
977 593 184 50 styrelsen
1191 593 59 37 för
1278 590 196 38 Chalmers
1501 589 176 37 tekniska
1704 588 98 37 läro-

210 653 142 38 anstalt
378 652 13 37 i
419 651 198 48 Göteborg
655 650 57 36 uti
754 648 187 38 särskilda
983 645 221 38 skrifvelser
1243 643 59 37 till
1342 642 140 49 Kongl.
1517 642 107 48 Maj:t
1652 641 74 36 den
1756 643 45 34 27

210 705 213 49 september
454 705 96 35 1899
580 702 68 37 och
676 702 73 37 den
779 703 47 35 29
856 699 217 50 september
1103 698 98 36 1900
1229 694 189 48 hemstält,
1450 699 55 32 att
1533 693 139 50 Kongl.
1694 693 111 48 Maj:t

211 762 115 33 måtte
366 756 58 37 till
465 754 217 49 Riksdagen
724 753 113 37 aflåta
876 750 236 51 proposition
1153 748 80 37 dels
1275 761 59 23 om
1371 746 264 38 fastställande
1664 745 41 36 af
1729 745 75 36 för-

209 809 144 38 ändrad
390 808 268 47 aflöningsstat
685 806 60 37 för
772 803 276 38 läroanstalten
1074 802 12 36 i
1114 799 401 39 öfverensstämmelse
1544 797 85 37 med
1658 797 43 36 af
1726 802 77 44 sty-

208 862 125 37 relsen
372 858 218 39 framstäldt
628 858 159 48 förslag,
817 856 80 37 dels
927 855 71 37 ock
1027 868 59 24 om
1115 852 217 50 beviljande
1361 851 42 37 af
1428 855 55 33 ett
1508 848 299 51 tilläggsanslag

210 917 21 34 å
260 915 112 47 8,400
401 913 139 37 kronor
565 910 57 37 till
649 910 74 37 den
751 910 58 36 för
837 911 41 34 år
909 909 96 35 1901
1035 906 178 49 gällande
1242 909 138 32 staten.

338 965 122 37 Innan
489 960 420 53 departementschefen
936 964 173 32 närmare
1136 957 197 49 redogjort
1360 956 59 36 för
1437 952 208 39 innehållet
1663 952 13 37 i
1696 952 110 37 dessa

210 1017 235 47 skrifvelser,
487 1016 70 37 har
597 1012 423 52 departementschefen
1061 1010 151 47 erinrat,
1255 1010 180 35 burusom
1469 1005 187 50 styrelsen
1684 1004 122 37 under

210 1073 42 34 år
296 1071 97 36 1898
435 1068 57 37 till
528 1067 138 49 Kongl.
697 1066 111 49 Maj:t
836 1064 201 37 inkommit
1065 1062 85 37 med
1179 1075 46 23 en
1254 1059 287 48 framställning
1567 1057 13 36 i
1608 1058 109 48 fråga
1746 1069 60 24 om

209 1121 208 38 förändrad
459 1120 268 49 aflöningsstat
768 1118 58 36 för
867 1116 200 47 anstalten,
1097 1119 99 32 samt
1224 1119 56 31 att
1308 1112 140 48 Kongl.
1488 1110 108 49 Maj:t
1624 1109 86 37 med
1740 1122 65 23 an-

209 1174 159 48 ledning
396 1173 113 37 häraf
532 1172 59 36 till
622 1172 96 35 1899
750 1173 60 33 års
838 1168 172 49 Riksdag
1037 1167 119 37 aflåtit
1183 1164 236 51 proposition
1445 1163 13 36 i
1487 1167 138 41 ämnet,
1653 1161 155 36 hvilken

209 1226 238 50 proposition
488 1224 135 37 afvikit
663 1222 84 37 från
789 1222 63 36 det
894 1220 40 37 af
958 1219 187 50 styrelsen
1173 1219 47 36 då
1247 1215 226 51 upprättade
1501 1214 144 48 förslag
1673 1208 136 58 endast

209 1279 13 36 i
251 1281 41 34 så
319 1281 131 43 måtto,
481 1281 55 32 att
564 1275 39 37 af
628 1273 188 50 styrelsen
844 1273 227 48 ifrågasatta
1095 1269 264 49 förhöjningar
1387 1268 12 36 i
1425 1265 307 39 föreståndarens
1751 1265 58 36 för

211 1330 190 37 anstalten
430 1328 168 48 aflöning
625 1326 81 37 från
735 1327 113 46 5,000
877 1324 141 36 kronor
1043 1322 58 37 till
1122 1323 112 45 6,000
1254 1320 140 37 kronor
1414 1323 99 33 samt
1531 1318 12 36 i
1563 1317 174 49 anslaget
1751 1316 57 37 till

211 1381 207 50 stipendier
447 1380 70 37 och
544 1378 162 51 premier
733 1377 82 36 från
835 1378 73 35 550
930 1376 139 36 kronor
1082 1374 59 37 till
1159 1374 111 47 1,000
1286 1372 139 37 kronor
1438 1370 83 37 icke
1539 1372 163 46 ansågos
1719 1368 89 37 böra

211 1435 11 35 i
243 1433 290 50 propositionen
551 1436 201 44 upptagas.
796 1429 135 36 Denna
951 1426 181 48 innehöll,
1148 1431 56 31 att
1219 1424 219 49 Riksdagen
1455 1422 88 37 ville
1559 1444 49 5 —
1623 1421 88 37 med
1725 1425 82 32 ute-

212 1486 176 37 slutande
417 1485 40 36 af
484 1485 44 36 de
557 1484 58 36 för
642 1481 189 38 anstalten
858 1480 192 49 beviljade
1080 1478 134 49 anslag
1241 1476 59 37 till
1329 1490 47 24 en
1403 1475 121 37 lärare
1549 1474 11 36 i
1580 1473 138 37 allmän
1738 1473 71 36 och

211 1537 393 50 husbyggnadskonst
648 1535 111 48 1,500
802 1533 153 46 kronor,
993 1531 59 37 till
1084 1529 263 50 befrämjande
1378 1528 40 36 af
1442 1525 327 48 undervisningen
1797 1524 12 37 i

212 1590 325 49 byggnadskonst
578 1587 70 37 och
692 1584 368 48 ornamentsritning
1100 1584 114 47 2,000
1256 1581 153 46 kronor,
1452 1579 59 36 till
1552 1592 46 23 en
1639 1577 122 37 lärare
1798 1577 12 35 1

212 1641 280 38 elektroteknik
530 1641 111 46 2,000
689 1639 141 36 kronor
871 1641 99 32 samt
1011 1634 57 37 till
1101 1648 46 23 en
1174 1634 123 36 lärare
1325 1633 12 36 i
1366 1631 200 38 mekanisk
1593 1628 214 49 teknologi,

213 1694 180 37 mekanik
422 1693 68 36 och
520 1690 272 38 konstruktion
822 1689 40 36 af
886 1687 113 37 enkla
1026 1685 257 38 maskindelar
1311 1685 113 46 2,000
1453 1684 140 36 kronor
1621 1681 93 38 eller
1732 1680 76 37 till-

214 1758 193 24 sammans
438 1745 112 47 7,500
579 1743 140 36 kronor
746 1763 50 4 —
825 1740 81 36 dels
934 1742 50 46 på
1012 1738 188 37 ordinarie
1230 1741 76 33 stat
1332 1735 159 49 bevilja:

317 1797 59 36 till
417 1795 164 49 höjning
621 1794 42 36 af
692 1792 221 49 aflöningen
940 1792 59 36 för
1027 1804 47 23 en
1101 1790 96 35 hvar
1225 1789 42 36 af
1290 1788 84 49 fyra
1402 1787 81 36 lek-

214 1855 116 42 torer,
368 1848 194 49 nemligen
594 1846 12 36 i
634 1844 221 38 matematik
885 1843 70 37 och
984 1841 268 38 beskrifvande
1282 1838 199 51 geometri,

213 1902 13 35 i
246 1901 149 37 kemisk
414 1898 199 49 teknologi
633 1903 99 32 samt
747 1895 226 50 mineralogi
989 1895 66 36 och
1074 1892 198 50 geognosi,
1288 1893 12 35 1
1316 1891 166 37 maskin-

214 1953 82 36 lära
325 1953 69 36 och
423 1949 466 39 maskinkonstruktioner
909 1952 99 33 samt
1026 1947 12 36 i
1058 1943 319 52 skeppsbyggeri,
1398 1943 85 36 från

217 2006 113 46 3,500
359 2005 142 36 kronor
528 2002 58 36 till
613 2003 114 46 4,500
757 2001 140 36 kronor
928 2028 285 7 .....e2-eewee0
1244 2026 75 6 200
1370 2026 76 5 se
1514 1995 112 46 4000
1655 1989 153 55 kronor,

318 2056 58 36 till
404 2054 253 50 upprättande
687 2053 42 36 af
753 2057 55 32 ett
835 2056 89 44 nytt
951 2050 163 37 lektorat
1139 2049 6 36 i
1164 2046 321 51 byggnadskonst

214 2108 71 36 och
314 2105 372 48 ornamentsritning
721 2129 763 10 os.ecsesececessumcacmv2äväväääsarr
1315 2099 45 58 se
1388 2099 98 58 sr
1515 2098 114 45 4,500

319 2159 58 36 till
414 2156 255 51 upprättande
703 2155 42 36 af
769 2159 55 31 ett
851 2159 88 44 nytt
967 2153 167 36 lektorat
1162 2151 12 36 i
1202 2148 285 39 elektroteknik
1515 2149 112 46 4,500

319 2210 55 36 till
404 2210 163 48 höjning
596 2208 39 36 af
659 2206 218 49 aflöningen
906 2206 60 36 för
990 2218 45 23 en
1056 2204 115 36 andre
1191 2203 122 36 lärare
1334 2201 12 37 i
1365 2206 117 31 mate-

216 2262 120 38 matik
364 2262 83 36 från
480 2262 110 47 1,000
619 2260 141 36 kronor
788 2257 58 38 till
875 2258 111 46 3,000
1016 2256 140 36 kronor
1190 2282 295 9 seems
1518 2252 111 48 2,000
1711 2278 21 19 oh
