2172 2644
766 229 232 40 Lagutskottels
1023 229 164 31 utlåtande
1212 229 49 32 Nr
1285 231 50 28 43.
1776 232 36 31 17

255 305 118 36 träda.
431 305 292 38 Bestämmelser
765 320 45 23 av
853 307 122 36 denna
1018 314 57 30 art
1116 312 65 32 äro
1223 308 121 49 enligt
1387 308 75 36 mi
1497 310 150 48 mening
1673 309 185 49 antingen

254 357 236 47 överflödiga
532 357 92 36 eller
664 359 216 48 olämpliga.
938 359 83 36 Vad
1052 362 117 45 angår
1209 366 236 43 transporter
1477 374 47 23 av
1555 361 300 47 förnödenheter,

256 421 81 22 som
369 408 122 36 finnas
521 408 101 36 inom
650 410 108 46 riket,
788 410 105 35 torde
922 410 217 48 Konungen
1158 412 115 35 redan
1293 425 51 22 nu
1365 412 97 36 hava
1482 412 134 36 sådant
1635 413 223 48 förfogande

256 464 88 31 över
386 460 273 36 fraktsatserna
687 464 20 32 å
736 466 143 31 statens
921 462 69 35 och
1033 462 190 36 enskildas
1260 463 219 47 järnvägar,
1523 469 54 30 att
1618 466 117 46 något
1763 478 94 35 upp-

256 510 203 36 skörtande
501 524 46 22 av
589 512 252 36 allmänheten
883 525 140 35 genom
1067 513 292 36 fraktsatsernas
1388 514 172 48 oskäliga
1588 515 162 48 höjande
1778 516 81 35 icke

256 562 97 35 lärer
395 561 128 36 kunna
564 562 285 48 ifrågakomma.
906 563 82 36 Den
1033 564 214 47 Konungen
1290 564 121 49 enligt
1453 568 21 33 3
1504 565 19 49 $
1553 567 119 35 första
1710 567 148 48 stycket

255 612 158 48 tillagda
440 613 232 48 befogenhet
701 620 53 30 att
783 615 241 48 expropriera
1053 629 101 31 vara,
1184 629 80 23 som
1294 616 248 37 undanhålles
1573 617 83 36 från
1685 618 172 36 förbruk-

256 664 107 48 ning,
394 664 106 36 torde
529 664 11 35 i
569 665 70 35 och
668 665 58 36 för
754 665 62 49 sig
842 679 91 23 vara
961 666 208 49 tillräcklig
1195 667 59 38 för
1283 673 54 30 att
1365 673 143 44 trygga
1536 682 47 22 en
1610 669 161 49 lämplig
1800 682 58 23 an-

256 715 197 48 vändning
470 716 69 35 och
556 716 216 49 fördelning
793 731 45 22 av
858 718 101 35 inom
980 718 129 36 landet
1129 719 243 48 tillgängliga
1392 720 124 36 förråd
1531 720 56 36 till
1603 720 147 49 skäliga
1765 721 89 49 pris.

256 765 66 37 Sin
361 767 195 48 egentliga
594 767 193 49 betydelse
830 769 119 37 skulle
977 770 292 48 ifrågavarande
1298 772 184 48 paragraf
1506 772 252 49 förmodligen
1786 777 72 44 äga

257 818 124 48 ifråga
409 831 62 23 om
499 819 181 37 införseln
709 820 82 36 från
813 820 232 37 främmande
1066 821 194 50 länder
1214 814 47 62 av
1280 836 112 22 varor
1412 836 46 23 av
1480 824 71 35 den
1572 829 68 41 art,
1662 837 81 23 som
1762 824 13 35 i
1797 823 61 49 1$

255 869 253 37 omförmälas.
539 870 86 36 Men
645 872 304 36 maximitariffen
971 873 58 35 för
1050 873 103 48 dylik
1169 873 99 36 frakt
1287 874 151 36 komme
1458 875 223 48 antagligen
1702 881 54 30 att
1775 875 82 36 leda

256 921 74 47 till,
373 927 53 30 att
467 922 223 48 förefintligt
730 929 166 43 tonnage
939 924 108 36 sökte
1076 925 61 47 sig
1165 925 246 48 användning
1438 929 48 45 på
1515 933 115 29 annat
1658 926 86 47 håll,
1775 940 81 23 som

256 972 185 49 möjligen
470 973 127 36 kunde
625 974 121 36 finnas
775 988 102 23 mera
905 975 264 49 inbringande.
1225 976 74 36 För
1324 977 127 48 övrigt
1470 978 78 35 lära
1568 977 129 50 dylika
1716 978 141 36 tariffer

258 1024 193 49 svårligen
484 1024 128 36 kunna
652 1031 194 43 uppgöras
875 1027 84 36 med
989 1027 139 48 skäligt
1157 1028 163 48 anspråk
1348 1035 55 30 att
1431 1029 109 36 träffa
1568 1029 62 37 det
1657 1035 108 42 rätta,
1796 1043 60 23 om

254 1075 187 48 tillbörlig
481 1076 149 49 hänsyn
672 1078 95 35 skall
809 1085 109 41 tagas
960 1078 57 36 till
1058 1079 120 36 risker
1219 1080 69 36 och
1331 1080 294 37 driftkostnader
1665 1081 121 37 under
1817 1085 40 33 så

255 1127 185 36 växlande
481 1127 70 37 och
593 1128 271 50 oberäkneliga
905 1130 262 37 förhållanden
1205 1145 81 22 som
1328 1132 231 49 exempelvis
1589 1133 45 36 de
1661 1133 118 37 under
1806 1147 50 22 nu

254 1179 198 48 pågående
493 1180 217 49 världskrig
736 1181 177 38 rådande.
969 1181 68 37 Att
1067 1183 58 35 för
1152 1183 166 37 kronans
1346 1184 164 49 räkning
1538 1184 122 37 direkt
1688 1185 168 36 anordna

253 1236 237 43 transporter
531 1245 48 22 av
607 1232 288 48 ifrågavarande
923 1234 84 48 slag
1036 1248 138 34 genom
1203 1240 55 31 att
1287 1236 360 49 expropriationsvis
1676 1241 180 44 övertaga

256 1282 138 47 fartyg,
426 1296 88 23 vare
542 1283 62 48 sig
631 1284 120 36 under
779 1285 277 48 nyttjanderätt
1084 1292 79 30 mot
1191 1287 93 48 hyra
1312 1288 89 35 eller
1428 1287 87 37 med
1543 1288 66 36 full
1630 1289 227 47 äganderätt

257 1342 79 27 mot
364 1335 214 48 ersättning
606 1335 58 36 för
692 1336 144 47 värdet,
865 1337 104 36 torde
998 1338 11 35 i
1037 1338 104 48 regel
1169 1338 150 37 komma
1348 1344 55 31 att
1431 1339 59 36 för
1517 1340 155 48 kronan:
1687 1340 169 36 medföra

256 1385 215 47 kostnader,
514 1399 80 23 som
636 1387 82 36 icke
760 1390 58 33 stå
846 1388 12 36 i
885 1389 147 48 rimligt
1068 1389 233 37 förhållande
1329 1391 56 35 till
1414 1391 72 35 den
1515 1391 119 36 fördel
1663 1405 81 23 som
1774 1391 83 37 där-

254 1436 152 49 igenom
436 1437 122 37 skulle
586 1438 145 37 vinnas.
789 1438 309 51 Olämpligheten
1127 1454 47 23 av
1201 1447 54 30 att
1282 1441 57 37 för
1367 1442 102 36 detta
1498 1443 186 36 särskilda
1705 1443 66 36 fall
1791 1457 63 22 an-

254 1488 119 36 ordna
414 1494 53 31 ett
508 1490 519 49 expropriationsförfarande
1068 1506 46 22 av
1150 1506 142 23 samma
1328 1498 67 42 art,
1425 1507 80 24 som
1534 1494 62 37 det
1624 1508 51 23 nu
1701 1495 64 36 vid
1795 1508 61 23 ex-

254 1540 236 48 propriation
520 1555 46 22 av
590 1542 88 48 jord
706 1543 321 48 förekommande,
1056 1544 108 37 torde
1192 1549 97 32 även
1317 1546 91 36 böra
1434 1547 177 48 påpekas.
1659 1547 85 37 Med
1764 1547 91 37 hän-

254 1605 71 34 syn
355 1592 55 36 till
439 1606 50 23 nu
518 1593 155 37 anförda
701 1595 327 49 omständigheter
1055 1596 68 36 har
1146 1597 71 49 jag
1245 1603 133 41 ansett,
1408 1603 55 31 att
1491 1599 364 36 bestämmelserna
1834 1588 25 62 i

252 1643 74 36 den
355 1644 218 49 föreslagna
601 1645 20 49 $
649 1647 23 34 4
701 1646 82 37 icke
811 1647 83 36 bort
922 1661 46 23 av
995 1648 185 37 utskottet
1208 1649 223 49 tillstyrkas;

957 1769 73 36 Vid
1062 1772 20 34 5
1111 1769 30 49 8.

383 1865 46 22 av
458 1852 130 37 herrar
617 1855 151 36 Persson
797 1855 11 35 i
836 1854 259 51 Norrköping,
1126 1858 224 44 Lindhagen,
1379 1858 202 37 Pettersson
1601 1859 10 35 i
1632 1858 220 50 Södertälje,

254 1904 173 36 Svensson
455 1904 12 35 i
494 1905 218 37 Eskilstuna
753 1906 70 37 och
864 1908 192 45 Zindqvist
1090 1908 5 35 i
1124 1908 129 46 Kosta,
1283 1921 81 23 som
1392 1910 122 48 yrkat,
1549 1915 55 31 att
1641 1912 20 35 5
1687 1910 20 50 &
1736 1911 117 36 andra

252 1955 149 49 stycket
419 1956 132 52 skulle
579 1957 140 37 erhålla
749 1958 165 49 följande
942 1959 155 49 tillägg:

383 2010 100 33 »Åro
526 2010 377 49 omständigheterna
944 2011 247 49 synnerligen
1234 2012 243 38 försvårande
1506 2016 59 33 må
1593 2015 57 36 till
1682 2014 171 50 fängelse

253 2058 90 36 eller
371 2060 232 37 straffarbete
631 2061 12 35 i
671 2061 117 49 högst
818 2064 20 34 2
868 2065 40 33 år
936 2063 163 36 dömas.»

381 2163 71 35 Till
481 2164 85 36 stöd
595 2165 128 36 härför
751 2166 69 35 har
850 2179 46 23 av
924 2166 45 36 hr
996 2168 153 36 Persson
1177 2168 12 35 i
1217 2168 247 50 Norrköping
1491 2170 145 37 anförts
1671 2170 179 49 följande:

381 2214 75 37 För
485 2221 53 30 att
566 2217 115 35 vinna
709 2217 223 50 erforderlig
958 2219 153 48 respekt
1140 2222 37 33 åt
1207 2221 246 36 förevarande
1481 2222 372 48 lagbestämmelsers

250 2265 192 50 efterföljd
471 2267 107 37 torde
606 2282 90 23 vara
724 2270 136 48 nödigt
889 2276 53 30 att
971 2271 136 48 stadga
1136 2277 197 43 strängare
1362 2273 110 36 straff
1496 2278 47 31 än
1564 2273 117 37 böter.
1711 2274 140 37 Risken

246 2331 50 22 av
336 2323 55 31 att
419 2318 99 37 bliva
552 2319 135 37 ådömd
717 2324 117 46 några
861 2321 164 37 hundra-
1054 2323 90 36 eller
1173 2323 55 36 till
1256 2324 70 36 och
1354 2325 85 36 med
1464 2326 182 36 tusentals
1674 2326 140 36 kronor
1841 2327 12 36 i

342 2378 127 42 Bihany
484 2380 50 31 till
550 2380 187 42 riksdagens
752 2382 155 41 protokoll
925 2384 94 30 1915.
1068 2384 20 31 9
1104 2385 89 30 saml.
1240 2385 42 31 36
1297 2384 80 42 häft.
1422 2386 68 40 (Nr
1506 2386 65 34 43.)
1788 2388 19 31 3
