1872 2840
290 166 21 29 4
729 172 101 29 Andra
854 173 193 36 lagutskottets
1070 176 145 29 utlåtande
1237 177 47 28 Nr
1307 178 48 28 44.

341 233 30 40 Å
405 243 60 31 sitt
494 244 109 40 tredje
627 246 249 31 sammanträde
899 249 36 29 år
959 248 79 31 1921
1063 251 105 40 antog
1191 250 65 31 den
1280 251 278 32 internationella
1581 253 209 43 arbetsorga-

287 293 216 32 nisationens
533 295 182 32 konferens
739 307 41 20 en
804 297 318 33 rekommendation
1146 311 40 20 av
1208 301 161 38 innehåll,
1395 304 48 29 att
1465 303 91 41 varje
1581 304 143 31 medlem
1749 317 40 19 av

286 344 280 41 organisationen
592 347 102 30 måtte
717 347 52 30 till
787 347 221 40 jordbrukets
1024 350 235 32 lönearbetare
1277 352 174 31 utsträcka
1467 353 262 43 tillämpningen
1748 367 40 20 av

286 394 43 31 de
363 394 93 42 lagar
478 396 64 30 och
566 396 238 40 reglementen,
823 409 72 20 som
919 399 216 32 konstituera
1158 404 128 38 system
1310 413 40 20 av
1373 403 192 42 försäkring
1589 408 89 28 emot
1701 406 87 40 sjuk-

286 444 91 38 dom,
412 445 194 33 invaliditet
639 447 62 31 och
731 447 176 32 ålderdom
931 452 88 28 samt
1042 450 106 32 andra
1171 451 116 42 dylika
1310 453 126 31 sociala
1459 454 118 39 risker,
1602 457 43 39 på
1667 456 122 32 villkor

285 495 189 42 likvärdiga
497 497 87 37 dem,
610 507 71 21 som
704 498 89 41 gälla
815 499 52 31 för
889 500 179 31 arbetarna
1092 501 92 31 inom
1208 502 150 32 industri
1382 504 63 30 och
1469 504 135 32 handel.

339 589 18 30 I
380 590 265 40 propositionen
668 591 60 31 har
750 592 246 42 föredragande
1021 594 378 41 departementschefen
1422 598 89 41 gjort
1535 610 42 20 en
1591 599 196 41 jämförelse

285 640 126 31 mellan
444 640 402 43 konventionsförslagen
881 644 62 30 och
970 645 480 43 pensionsförsäkringslagen
1475 650 161 30 ävensom
1658 650 129 32 lämnat

284 700 43 20 en
361 690 218 41 redogörelse
614 692 51 31 för
687 692 65 31 den
776 693 248 33 förberedande
1048 695 210 42 behandling
1281 708 74 20 som
1379 698 146 42 föregått
1548 700 239 33 konventions-

284 740 191 42 förslagens
509 741 65 32 och
608 742 378 34 rekommendationens
1011 746 191 41 antagande
1225 759 40 19 av
1288 747 238 36 konferensen,
1551 751 160 31 ävensom
1734 752 53 31 för

285 790 43 32 de
351 792 192 40 yttranden,
569 803 73 21 som
659 793 144 41 avgivits
820 796 79 30 över
913 795 404 44 konventionsförslagen
1334 799 63 31 och
1414 799 370 34 rekommendationen.

337 885 414 42 Konventionsförslagen
787 887 64 31 och
874 888 362 33 rekommendationen
1260 891 86 31 hava
1369 892 66 31 den
1458 894 19 30 6
1501 892 179 33 december
1705 896 80 31 1933

283 935 228 32 överlämnats
535 936 54 31 till
614 937 79 32 1928
716 939 55 30 års
794 938 569 42 pensionsförsäkringskommitté.

337 985 354 42 Departementschefen
712 988 109 31 anför:

338 1044 122 32 Såsom
494 1045 11 31 1
540 1046 142 31 ärendet
715 1047 155 38 erinrats,
905 1050 36 29 är
974 1049 67 31 den
1076 1049 145 32 svenska
1261 1051 524 44 pensionsförsäkringslagstift-

282 1086 128 41 ningen
444 1087 52 31 för
528 1089 210 31 närvarande
769 1090 141 31 föremål
932 1091 53 30 för
1007 1091 160 38 revision,
1192 1093 62 30 och
1279 1093 335 33 huvudbetänkande
1637 1096 11 30 i
1671 1098 114 30 ämnet

283 1129 79 31 med
385 1129 127 42 förslag
534 1131 146 31 rörande
703 1131 65 31 den
793 1132 170 31 allmänna
986 1133 404 44 pensionsförsäkringen
1406 1136 49 31 lär
1470 1148 79 20 vara
1565 1139 50 29 att
1630 1138 155 32 förvänta

283 1170 94 32 inom
401 1171 85 31 kort.
510 1171 84 32 Med
617 1172 132 42 hänsyn
772 1173 117 32 härtill
911 1175 98 31 torde
1033 1176 116 41 frågan
1174 1187 54 20 om
1252 1177 67 31 den
1344 1178 144 32 svenska
1504 1179 280 43 lagstiftningens

283 1214 212 41 anpassning
529 1215 86 31 efter
647 1215 400 43 konventionsförslagen
1077 1219 144 31 rörande
1244 1219 206 33 ålderdoms-
1475 1221 64 31 och
1562 1222 222 33 invaliditets-

282 1255 194 42 försäkring
498 1256 85 32 böra
606 1259 93 38 tagas
723 1257 109 32 under
855 1260 228 41 omprövning
1104 1260 57 31 vid
1184 1261 254 42 behandlingen
1463 1274 40 20 av
1526 1263 95 32 detta
1643 1265 142 41 lagstift-

282 1297 239 42 ningsärende.
568 1298 211 32 Framhållas
813 1302 63 36 må,
911 1302 49 30 att
993 1302 149 31 nämnda
1174 1303 360 43 konventionsförslag
1567 1306 12 31 i
1607 1308 86 30 stort
1716 1310 69 29 sett

281 1339 77 31 icke
391 1340 173 32 innehålla
587 1343 103 39 några
712 1341 77 31 med
812 1344 59 29 vår
893 1344 196 31 nuvarande
1112 1344 55 41 lag
1189 1345 190 41 oförenliga
1401 1347 182 42 principer.
1629 1349 156 32 Allenast

282 1381 212 32 beträffande
528 1393 43 20 en
605 1383 118 41 punkt,
750 1384 171 41 nämligen
954 1385 12 30 i
999 1386 95 40 fråga
1121 1397 54 21 om
1199 1387 256 42 försäkringens
1477 1389 232 43 begränsning
1731 1392 53 31 till

282 1424 147 31 svenska
465 1425 234 41 medborgare,
738 1436 103 30 synes
879 1426 235 43 skiljaktighet
1150 1440 39 20 av
1223 1431 111 29 större
1372 1430 212 42 betydenhet
1621 1433 163 41 föreligga

281 1466 126 31 mellan
430 1468 58 30 vår
510 1467 56 41 lag
589 1467 63 31 och
675 1468 180 41 förslagen.
879 1468 75 32 Vad
977 1472 106 38 angår
1105 1470 402 44 konventionsförslagen
1524 1475 145 31 rörande
1685 1441 99 80 dödes-

280 1508 284 42 fallsförsäkring,
601 1510 122 31 saknas
757 1510 64 31 hos
856 1521 57 21 oss
947 1512 247 42 motsvarighet
1227 1514 126 36 härtill,
1389 1526 77 20 men
1489 1516 289 41 pensionsförsäk.

279 1550 301 42 ringskommittén
615 1552 60 30 har
707 1552 10 31 i
751 1553 158 41 uppdrag
932 1556 50 29 att
1004 1555 122 30 utreda
1148 1555 71 32 viss
1242 1556 221 42 närliggande
1487 1558 102 42 fråga,
1614 1560 169 41 nämligen

280 1593 215 40 spörsmålet,
531 1594 168 31 huruvida
732 1596 121 29 utöver
885 1595 64 31 vad
982 1607 47 20 nu
1053 1598 80 39 äger
1154 1609 74 20 rum
1252 1599 191 32 understöd
1465 1600 11 30 i
1500 1611 42 20 en
1567 1601 82 31 eller
1671 1613 112 21 annan

279 1635 89 30 form
401 1635 65 31 kan
500 1635 146 32 beredas
680 1636 222 32 obemedlade
936 1638 83 31 eller
1052 1639 134 32 mindre
1209 1640 201 32 bemedlade
1433 1652 166 30 personer
1622 1644 76 31 med
1720 1645 63 31 för-

280 1677 265 42 sörjningsplikt
568 1680 72 29 mot
663 1678 226 42 minderåriga
910 1679 94 32 barn.
1033 1680 51 32 På
1105 1682 111 40 grund
1239 1683 104 31 härav
1365 1683 88 32 lärer
1474 1684 224 34 kommitténs
1720 1687 63 31 för-

281 1719 74 41 slag
378 1719 11 31 i
412 1720 148 31 nämnda
585 1721 167 41 spörsmål
775 1721 84 31 böra
882 1722 169 38 avvaktas,
1076 1723 104 31 innan
1196 1724 118 42 frågan
1332 1737 53 20 om
1403 1726 208 43 ratificering
1626 1739 40 20 av
1681 1729 102 32 dessa

279 1761 361 42 konventionsförslag
662 1763 152 31 kommer
837 1763 108 32 under
967 1764 117 32 vidare
1107 1765 224 33 bedömande.

333 1803 76 32 Vad
441 1804 162 32 beträffar
629 1805 360 33 rekommendationen
1014 1807 98 32 torde
1137 1808 64 31 den
1225 1809 84 31 böra
1331 1810 103 31 vinna
1456 1810 201 40 beaktande,
1681 1812 11 31 i
1715 1813 66 32 den

279 1847 80 29 mån
383 1848 37 29 så
442 1846 187 42 lämpligen
653 1847 84 31 låter
761 1848 53 41 sig
836 1850 89 39 göra,
949 1848 57 32 vid
1030 1850 194 32 revisionen
1244 1862 40 20 av
1300 1852 480 44 pensionsförsäkringslagen

279 1888 65 31 och
379 1889 220 41 upptagande
633 1889 10 31 i
678 1890 124 31 svensk
836 1891 216 42 lagstiftning
1085 1903 40 20 av
1151 1893 262 33 bestämmelser
1435 1896 145 31 rörande
1604 1896 176 33 dödsfalls-

276 1930 202 42 försäkring.

333 2025 87 30 1928
451 2026 55 30 års
534 2025 521 42 penswonsförsäkringskommitté
1087 2028 62 31 har
1171 2029 66 31 den
1261 2030 41 31 26
1325 2030 87 41 april
1437 2032 81 31 1934
1540 2032 157 42 framlagt
1720 2033 60 31 sitt

276 2073 338 33 huvudbetänkande
648 2076 76 31 med
757 2076 128 41 förslag
917 2078 145 31 rörande
1086 2079 147 32 revision
1257 2091 41 20 av
1321 2080 65 32 den
1410 2081 172 32 allmänna
1604 2083 176 41 pensions-

276 2124 245 42 försäkringen.
568 2126 19 30 I
614 2126 231 32 betänkandet
866 2127 203 43 framläggas
1093 2131 55 29 två
1171 2141 39 20 av
1233 2130 203 33 kommittén
1459 2133 202 32 utarbetade
1684 2134 96 31 alter-

275 2174 104 38 nativ,
409 2175 90 31 vilka
533 2176 101 41 skilja
657 2176 51 42 sig
730 2177 74 31 från
827 2178 165 31 varandra
1014 2179 272 43 huvudsakligen
1311 2181 217 39 därutinnan,
1552 2185 51 30 att
1626 2184 57 31 det
1705 2195 73 28 ena,

275 2235 75 21 som
385 2226 175 32 omfattats
595 2238 40 20 av
668 2227 220 33 kommitténs
921 2229 182 41 majoritet,
1131 2230 143 32 innebär
1298 2233 50 30 ett
1370 2233 223 32 överförande
1616 2234 72 31 från
1712 2234 65 32 den

277 2276 228 40 obligatoriska
529 2277 402 43 pensionsförsäkringen
955 2279 52 31 till
1031 2280 67 31 den
1113 2280 172 42 frivilliga
1309 2282 316 44 sjukförsäkringen
1641 2296 40 19 av
1698 2296 81 30 upp-

273 2326 108 40 giften
405 2328 49 30 att
476 2327 159 32 meddela
656 2328 192 42 försäkring
870 2329 51 32 för
943 2330 195 32 invaliditet
1160 2332 72 31 före
1255 2332 66 31 den
1345 2333 53 31 för
1419 2335 67 30 rätt
1503 2334 53 31 till
1572 2334 207 33 ålderdoms-

273 2377 148 39 pension
456 2377 165 42 stadgade
655 2379 115 31 åldern
805 2380 109 31 under
947 2380 58 32 det
1036 2383 50 29 att
1109 2382 106 41 enligt
1238 2382 58 32 det
1319 2383 106 31 andra
1448 2384 217 33 alternativet
1687 2385 91 33 bibe-

274 2426 111 32 hålles
419 2438 41 21 en
487 2427 225 33 kombinerad
735 2429 225 41 obligatorisk
981 2431 224 32 invaliditets-
1228 2433 64 31 och
1316 2433 398 44 ålderdomsförsäkring.
1759 2437 18 30 I

274 2476 168 33 samband
475 2478 78 31 med
584 2478 467 44 invaliditetsförsäkringens
1075 2482 204 41 lösgörande
1303 2484 73 31 från
1401 2484 375 43 ålderdomspensione-
