2200 2686
436 178 39 31 16
849 173 368 30 Konstitutionsutskottets
1241 169 154 33 Utlåtande
1418 169 58 29 N:o
1501 168 50 31 20.

521 254 268 39 Betecknande
818 253 59 37 för
905 251 289 38 förhållandena
1221 250 12 36 i
1261 248 217 38 Australien
1507 251 40 32 är
1575 246 125 47 äfven,
1731 249 65 44 att,
1827 244 47 37 då
1894 250 101 31 ännn

393 311 121 37 under
554 310 104 36 förra
699 306 276 38 århundradets
1017 305 92 36 sista
1150 302 171 38 årtionde
1359 315 46 23 en
1434 299 176 50 betydlig
1637 298 232 48 invandring
1897 298 98 49 ägde

393 378 96 34 rum,
519 376 81 24 som
629 361 118 38 sedan
776 359 57 38 för
862 358 131 50 hvarje
1014 360 41 35 år
1075 356 197 48 minskats,
1293 355 69 37 har
1382 354 172 37 däremot
1572 350 284 51 utvandringen
1875 350 119 46 ökats,

393 414 328 49 hufvudsakligen
753 413 84 36 från
864 410 280 50 landsbygden,
1175 412 40 34 så
1243 413 56 31 att
1327 408 74 35 den
1430 409 41 33 år
1503 406 96 36 1905
1629 404 171 50 uppgick
1827 404 58 36 till
1914 404 82 36 icke

394 469 148 37 mindre
572 472 46 32 än
647 466 138 49 46,686
816 477 192 37 personer.
1057 461 152 38 Samma
1239 464 40 33 år
1308 458 236 38 utvandrade
1572 458 80 36 från
1678 456 159 49 Sverige
1858 458 138 46 24,046

394 534 194 38 personer.

525 573 53 37 Af
616 571 101 37 hvad
750 583 81 24 som
867 569 114 37 ofvan
1024 568 145 37 anförts
1197 565 160 38 rörande
1386 564 46 37 de
1459 563 181 50 politiska
1667 561 291 37 förhållandena
1986 562 13 35 i

396 628 46 37 de
483 626 144 45 länder,
671 624 66 36 där
778 623 73 37 den
884 622 189 37 allmänna
1100 623 209 33 rösträtten
1337 617 128 37 blifvit
1493 615 138 48 införd,
1661 615 123 36 finner
1811 628 100 34 man,
1942 619 58 31 att

396 678 187 47 öfverallt,
605 677 67 37 där
692 677 44 36 de
756 673 395 39 samhällsbevarande
1172 672 215 36 intressena
1406 668 151 38 erhållit
1571 667 201 48 tillbörligt
1787 666 211 50 inflytande

397 733 12 35 i
443 729 366 51 representationen,
852 726 212 37 tillståndet
1098 726 13 34 i
1147 724 130 36 landet
1312 723 76 35 kan
1420 721 206 37 betecknas
1660 722 124 33 såsom
1812 719 187 48 tämligen

398 785 149 45 lyckligt
585 783 63 36 och
677 781 352 45 tillfredsställande.
1084 777 18 37 I
1130 776 46 37 de
1204 775 132 37 länder
1365 777 91 45 åter,
1486 773 67 37 där
1582 771 117 38 sådan
1727 770 165 37 motvikt
1920 776 80 31 mot

398 838 74 36 den
489 836 189 37 allmänna
695 837 207 33 rösträtten
923 832 151 46 saknas,
1095 834 41 32 är
1155 827 255 39 förhållandet
1429 830 167 33 motsatt.
1638 824 90 37 Man
1747 837 62 23 ser
1828 823 170 48 sålunda,

397 890 179 36 hurusom
606 887 12 36 i
647 886 110 37 dessa
785 885 133 37 länder
945 883 188 37 radikaler
1161 881 71 38 och
1261 879 211 39 socialister
1498 878 216 36 tillskansat
1742 876 61 49 sig
1826 876 49 36 all
1894 876 107 37 makt

398 942 69 37 och
495 942 98 35 huru
622 939 45 37 de
695 939 180 48 begagna
903 937 219 37 densamma
1150 935 60 36 för
1238 938 56 32 att
1322 932 168 48 ensidigt
1517 929 176 38 befordra
1712 929 82 37 sina
1813 929 188 36 intressen

398 998 48 46 på
486 991 213 40 bekostnad
741 990 41 38 af
816 990 45 37 de
891 989 118 38 andra
1037 986 408 39 samhällsklassernas.
1503 983 154 37 Statens
1685 982 166 36 finanser
1879 981 121 37 hand-

398 1047 135 37 hafvas
560 1048 48 47 på
637 1049 54 32 ett
719 1048 88 43 sätt,
837 1057 80 23 som
946 1045 120 34 måste
1094 1039 180 38 innebära
1303 1038 75 37 den
1406 1037 92 37 allra
1526 1039 139 33 största
1694 1035 81 36 fara
1804 1034 58 37 för
1891 1034 111 37 dessa

398 1099 153 37 länders
593 1095 242 39 ekonomiska
881 1093 322 52 själfständighet.
1259 1092 16 36 I
1311 1091 73 36 den
1416 1092 87 34 mån
1531 1088 122 37 medel
1680 1087 58 36 till
1766 1087 235 36 betäckande

400 1153 42 36 af
479 1151 46 37 de
567 1153 141 45 många
738 1161 78 24 mer
844 1147 90 37 eller
962 1147 145 36 mindre
1136 1144 168 49 onödiga
1331 1142 212 49 utgifterna
1570 1140 82 37 icke
1680 1140 132 36 kunna
1840 1139 161 37 erhållas

399 1216 139 38 genom
582 1215 48 23 en
671 1201 94 36 hård
807 1201 71 35 och
919 1202 165 45 mången
1121 1200 106 46 gång
1255 1194 230 47 orättfärdig
1512 1192 250 48 beskattning
1792 1192 41 36 af
1857 1192 146 48 kapital

400 1257 72 36 och
512 1254 175 47 industri,
731 1253 137 36 anlitas
909 1252 213 46 lånevägen
1163 1249 12 36 i
1217 1262 48 23 en
1302 1246 281 48 utsträckning,
1618 1258 80 23 som
1733 1247 121 34 måste
1892 1256 110 24 anses

401 1308 250 50 synnerligen
692 1305 131 48 vådlig
864 1304 58 37 för
958 1303 150 37 landets
1137 1301 164 37 framtid.
1357 1299 53 36 På
1438 1297 316 50 lagstiftningens
1783 1296 152 37 område
1964 1301 40 31 är

402 1366 56 31 ett
486 1359 172 48 ständigt
686 1355 389 51 experimenterande,
1097 1368 83 23 som
1199 1353 81 37 helt
1298 1351 189 48 naturligt
1506 1353 121 33 måste
1646 1350 116 35 alstra
1782 1362 47 23 en
1850 1348 154 48 ständig

403 1412 202 37 osäkerhet
623 1413 49 47 på
692 1410 73 36 alla
784 1408 192 48 områden,
998 1407 147 36 minska
1166 1406 212 47 aktningen
1397 1404 60 36 för
1475 1403 135 48 lagens
1630 1401 116 49 helgd
1766 1401 71 36 och
1853 1400 151 36 komma

403 1464 166 37 industri
598 1464 71 36 och
696 1460 144 51 kapital
869 1466 55 31 att
952 1460 127 36 lämna
1106 1458 140 37 landet.

531 1516 87 36 Med
659 1515 110 37 dessa
796 1514 159 36 resultat
984 1513 41 36 af
1050 1512 74 36 den
1153 1510 190 37 allmänna
1370 1512 206 33 rösträtten
1604 1507 59 36 för
1691 1511 152 44 ögonen
1871 1510 41 31 är
1941 1505 64 36 det

402 1569 226 49 uppenbart,
659 1572 68 42 att,
757 1566 127 36 därest
913 1578 88 23 man
1030 1564 140 36 önskar
1199 1576 46 23 en
1272 1563 97 47 lugn
1397 1561 72 36 och
1496 1559 146 49 lycklig
1669 1558 155 36 framtid
1844 1557 58 36 för
1921 1562 85 31 vårt

402 1621 100 48 land,
533 1633 86 23 man
647 1622 121 34 måste
797 1617 110 37 ställa
936 1617 61 48 sig
1025 1615 149 38 absolut
1203 1613 196 38 afvisande
1428 1612 100 37 inför
1555 1611 85 37 hela
1669 1610 62 37 det
1755 1623 51 23 nu
1826 1608 179 38 hvilande

404 1672 367 48 rösträttsförslaget
799 1670 86 37 med
915 1670 84 37 dess
1027 1669 97 37 brist
1151 1670 48 47 på
1228 1663 393 41 samhällsbevarande
1649 1662 204 50 garantier.

533 1724 134 49 Enligt
696 1724 103 36 detta
829 1723 144 47 förslag
1001 1721 95 37 skall
1120 1721 72 36 den
1212 1720 190 41 allmänna
1421 1721 208 32 rösträtten
1649 1715 143 37 införas
1811 1714 65 36 vid
1895 1713 111 37 valen

405 1778 58 37 till
478 1777 129 37 Andra
625 1777 244 36 Kammaren.
913 1773 155 37 Antalet
1086 1773 163 46 valmän,
1271 1784 92 34 som,
1385 1769 120 49 enligt
1524 1768 72 37 den
1616 1766 211 39 statistiska
1846 1766 160 37 central-

405 1830 142 49 byråns
574 1828 245 49 redogörelse
847 1828 60 35 för
936 1826 189 37 allmänna
1155 1824 113 37 valen
1295 1823 59 36 till
1378 1823 123 36 denna
1520 1821 195 36 kammare
1735 1819 59 36 för
1812 1819 194 48 riksdags-

406 1881 182 51 perioden
632 1881 266 46 1906--1908,
934 1881 40 34 år
1006 1880 95 35 1905
1131 1876 178 50 utgjorde
1339 1874 178 48 omkring
1547 1873 175 47 580,000,
1752 1872 171 37 kommer
1952 1875 55 31 att

406 1937 49 47 på
496 1946 49 24 en
582 1936 105 45 gång
716 1932 92 37 ökas
836 1932 58 36 till
923 1931 108 36 öfver
1060 1929 213 48 1,000,000.
1330 1927 56 37 Då
1414 1931 138 32 nästan
1581 1925 70 36 alla
1680 1924 46 37 de
1754 1923 253 50 nytillkomna

407 1985 230 38 valmännen
678 1984 153 37 tillhöra
871 1982 365 50 kroppsarbetarnes
1278 1980 102 36 klass
1414 1979 71 36 och
1518 1982 55 32 ett
1601 1976 153 50 mycket
1782 1980 96 32 stort
1906 1975 102 36 antal

408 2038 40 37 af
486 2038 45 36 de
565 2036 220 37 nuvarande
823 2036 226 36 valmännen
1078 2034 132 48 intaga
1239 2032 200 37 enahanda
1467 2028 376 49 samhällsställning,
1873 2032 42 31 är
1944 2027 64 36 det

408 2090 153 36 alldeles
603 2089 136 48 gifvet,
783 2093 54 32 att
870 2088 45 36 de
943 2087 164 47 valmän,
1138 2099 80 23 som
1247 2084 152 37 tillhöra
1428 2082 315 46 arbetarklassen,
1773 2080 152 36 komma
1953 2079 55 36 uti

409 2156 45 23 en
496 2140 339 50 öfverväldigande
878 2139 190 49 majoritet
1110 2138 71 37 och
1220 2138 36 35 få
1284 2137 64 36 det
1377 2135 209 49 afgörande
1614 2132 301 38 bestämmandet
1943 2130 65 37 vid

407 2194 123 37 valen.
587 2194 57 36 Då
686 2206 87 24 man
815 2195 40 34 så
897 2192 129 37 vidare
1054 2196 111 43 tager
1192 2189 12 37 i
1232 2188 262 47 betraktande,
1524 2191 56 32 att
1607 2184 316 50 kroppsarbetare
1951 2183 58 36 till

409 2252 79 31 stor
529 2246 61 37 del
632 2250 64 32 äro
737 2258 81 24 mer
860 2244 90 37 eller
992 2243 146 37 mindre
1180 2247 126 44 öppna
1348 2240 219 49 anhängare
1610 2238 41 36 af
1681 2238 45 36 de
1759 2235 251 38 socialistiska

410 2298 342 47 samhällslärorna,
796 2297 74 36 kan
912 2310 88 23 man
1043 2295 85 37 med
1156 2294 147 49 ganska
1332 2298 80 31 stor
1440 2292 145 37 visshet
1613 2290 209 48 förutsäga,
1853 2292 55 32 att
1937 2288 74 36 den
