1910 2828
555 159 276 31 Statsutskottets
857 159 177 31 utlåtande
1058 160 50 30 Nr
1130 161 48 30 10.
1580 157 37 30 17

357 306 273 51 Bergsbruk,
659 307 203 48 industri,
890 308 223 39 hantverk
1142 308 82 39 och
1253 308 123 51 slöjd.

156 412 89 40 25:0o0)
296 413 157 37 Sveriges
480 414 201 36 geologiska
709 415 279 37 undersökning:
1015 416 226 37 Avlöningar.
1270 416 123 37 Kungl.
1423 416 102 37 Maj:t
1552 417 64 30 har

111 463 174 37 föreslagit
305 464 184 37 riksdagen
511 464 124 39 (punkt
657 466 51 35 26,
732 465 62 31 sid.
816 465 141 40 40—42)
987 469 49 27 att

154 516 71 29 dels
257 516 185 36 godkänna
471 525 42 21 av
543 516 380 36 departementschefen
956 517 167 31 förordad
1151 518 379 37 personalförteckning
1562 518 54 31 för

111 565 151 37 Sveriges
283 566 196 37 geologiska
499 567 273 36 undersökning;

154 617 70 30 dels
248 617 185 36 godkänna
456 626 43 21 av
523 618 381 36 departementschefen
926 618 168 31 förordad
1119 619 247 37 avlöningsstat
1390 620 53 30 för
1463 620 152 37 Sveriges

109 667 195 36 geologiska
326 667 270 36 undersökning,
620 671 48 27 att
690 668 174 36 tillämpas
888 668 66 31 tills
978 670 117 29 vidare
1119 669 77 31 från
1220 671 64 29 och
1308 672 76 29 med
1410 671 202 36 budgetåret

113 715 150 39 1942/43;

153 771 71 30 dels
246 772 65 29 ock
337 770 49 31 till
408 771 153 36 Sveriges
585 771 196 36 geologiska
804 771 273 36 undersökning:
1103 771 209 37 Avlöningar
1337 772 54 30 för
1413 771 201 38 budgetåret

112 817 137 42 1942/43
271 821 120 31 anvisa
415 825 46 35 ett
482 822 269 36 förslagsanslag
774 831 42 21 av
838 822 140 35 295,300
1003 823 140 29 kronor.

153 923 14 29 I
187 923 92 30 detta
302 923 253 36 sammanhang
576 923 63 29 har
661 922 165 31 utskottet
847 923 50 29 till
917 923 212 36 behandling
1149 923 153 31 förehaft
1325 933 41 21 en
1389 924 95 30 inom
1506 924 108 30 andra

107 974 204 29 kammaren
337 983 42 20 av
406 974 78 29 herr
510 974 32 29 S.
570 974 183 36 Lundberg
783 974 9 29 i
820 973 230 36 Hälsingborg
1076 975 101 29 väckt
1204 974 131 30 motion
1368 974 56 38 (II:
1438 974 70 39 88),
1536 975 73 29 vari

108 1024 202 36 hemställts,
330 1027 49 27 att
394 1024 185 36 riksdagen
599 1023 105 31 måtte
721 1024 134 30 besluta
873 1027 49 27 att
941 1024 11 30 i
972 1024 149 36 enlighet
1138 1025 80 30 med
1236 1025 377 38 tjänsteförtecknings-

108 1074 231 37 sakkunniges
356 1075 127 35 förslag
499 1074 364 30 museiföreståndare-
878 1075 66 30 och
959 1074 406 37 kemistbefattningarna
1381 1076 57 30 vid
1457 1076 153 36 Sveriges

108 1125 195 36 geologiska
325 1124 259 37 undersökning
607 1125 192 36 uppflyttas
823 1124 79 31 från
923 1125 165 36 lönegrad
1111 1126 26 29 A
1161 1127 40 28 26
1226 1125 50 30 till
1299 1127 162 35 lönegrad
1484 1127 28 29 A
1535 1128 39 28 27
1600 1126 10 30 i

109 1176 106 30 likhet
231 1177 79 29 med
327 1176 65 30 vad
410 1177 9 29 i
437 1176 122 35 Kungl.
578 1174 116 37 Maj:ts
714 1175 213 37 proposition
944 1176 193 36 föreslagits
1156 1177 220 30 beträffande
1393 1177 217 36 statsgeolog-

108 1226 289 37 befattningarna,
420 1227 79 29 med
522 1226 93 30 vilka
637 1227 238 36 nyssnämnda
898 1226 56 31 två
977 1226 233 37 befattningar
1232 1226 157 32 hitintills
1412 1227 87 30 varit
1522 1227 87 37 jäm-

109 1278 123 30 ställda
256 1277 10 30 i
288 1278 163 35 lönegrad
474 1278 65 29 och
563 1277 298 37 tjänsteställning.

151 1328 217 30 Motionären
388 1329 63 29 har
474 1328 50 30 till
548 1329 76 29 stöd
645 1328 54 30 för
722 1328 53 30 sin
795 1328 256 37 framställning
1073 1329 116 30 anfört
1210 1328 164 37 följande.

151 1399 14 29 I
188 1398 88 30 årets
302 1396 413 37 statsverksproposition,
738 1396 116 30 tionde
875 1396 229 35 huvudtiteln,
1129 1396 111 36 punkt
1262 1398 51 34 26,
1336 1397 61 30 sid.
1420 1397 52 35 41,
1495 1398 117 29 röran-

108 1440 41 30 de
160 1440 254 36 löneplacering
430 1440 54 29 för
501 1439 91 29 vissa
607 1439 341 35 befattningshavare
967 1438 58 30 vid
1042 1438 152 36 Sveriges
1212 1439 196 36 geologiska
1423 1439 189 30 undersök-

107 1482 81 37 ning
206 1480 144 32 föreslås
368 1485 48 27 att
432 1481 497 36 statsgeologbefattningarna,
948 1481 20 29 8
987 1481 50 29 till
1056 1481 137 37 antalet,
1213 1481 193 37 uppflyttas
1425 1480 79 31 från
1521 1482 91 29 löne-

107 1525 128 36 graden
256 1525 28 29 A
304 1525 42 29 26
367 1524 49 29 till
439 1523 209 36 lönegraden
668 1523 28 29 A
717 1524 52 28 27.
796 1523 66 29 För
885 1522 116 37 övriga
1022 1523 342 36 befattningshavare
1387 1524 57 30 vid
1465 1524 147 30 ämbets-

108 1568 115 29 verket
247 1565 144 32 föreslås
412 1569 48 28 att
482 1565 201 30 nuvarande
705 1565 255 36 löneplacering
976 1564 199 31 bibehålles.

151 1611 13 29 I
191 1620 41 20 en
256 1611 87 29 efter
367 1610 176 30 anmodan
568 1619 43 21 av
636 1610 83 29 1939
746 1608 55 31 års
826 1607 583 37 tjänsteförteckningssakkunniga
1435 1608 51 30 till
1514 1609 99 30 dessa

107 1652 136 37 ingiven
260 1652 163 30 skrivelse
439 1662 42 20 av
500 1653 67 29 den
583 1653 41 29 30
641 1652 75 38 juni
736 1652 83 29 1939
838 1652 63 29 har
921 1651 196 36 geologiska
1136 1651 303 36 undersökningen
1457 1651 87 30 efter
1561 1654 51 27 ut-

106 1694 101 37 förlig
230 1695 205 36 motivering
458 1695 176 30 hemställt
659 1697 49 27 att
735 1694 228 36 statsgeolog-,
989 1693 234 36 sekreterare-,
1248 1693 364 31 museiföreståndare-

106 1739 66 29 och
194 1737 417 36 kemistbefattningarna,
634 1737 67 29 alla
726 1737 55 29 för
802 1736 217 30 närvarande
1042 1736 181 36 placerade
1246 1736 10 29 i
1279 1737 207 35 lönegraden
1510 1736 28 30 A
1560 1737 52 35 26,

106 1778 105 32 måtte
225 1778 145 31 föreslås
391 1779 220 36 uppflyttade
633 1779 49 29 till
703 1779 209 35 lönegraden
930 1778 28 30 A
981 1780 51 28 27.
1054 1778 95 30 Efter
1169 1779 66 29 den
1255 1777 167 38 ingående
1443 1779 170 36 prövning

107 1831 75 21 som
203 1822 41 30 de
266 1822 217 35 sakkunniga
503 1823 103 34 ägnat
625 1821 92 30 detta
738 1821 126 30 ärende
878 1821 46 30 ha
943 1821 41 30 de
1006 1823 138 27 stannat
1162 1821 55 29 för
1237 1820 163 37 förslaget
1419 1824 50 27 att
1487 1822 125 30 kemis-

107 1867 65 32 ten,
195 1863 375 31 museiföreståndaren
589 1864 65 29 och
676 1863 289 36 statsgeologerna
985 1863 85 30 böra
1090 1863 193 37 uppflyttas
1306 1863 78 31 från
1404 1864 209 36 lönegraden

106 1907 27 29 A
157 1908 41 29 26
225 1906 48 30 till
299 1906 208 36 lönegraden
535 1906 27 29 A
590 1907 38 28 27
664 1904 614 38 (tjänsteförteckningssakkunnigas
1304 1906 218 30 betänkande
1549 1906 62 31 sid.

107 1949 129 29 69—70
264 1949 65 29 och
359 1947 87 37 119).
477 1946 52 31 Då
556 1947 379 36 departementschefen
957 1946 72 30 åter
1058 1946 143 30 föreslår
1228 1950 49 27 att
1304 1957 41 21 en
1374 1948 238 37 uppflyttning

106 1989 105 31 måtte
235 1990 143 30 komma
402 1990 289 35 statsgeologerna
718 1999 80 19 men
822 1989 30 35 ej
878 1988 169 30 kemisten
1074 1990 63 29 och
1163 1989 376 32 museiföreståndaren
1562 1991 51 29 till

107 2033 53 29 del
181 2031 169 37 åberopar
368 2033 69 28 han
457 2035 47 26 ett
525 2031 159 37 yttrande
705 2040 43 21 av
768 2031 124 30 chefen
911 2031 54 29 för
984 2031 389 36 finansdepartementet
1395 2042 41 20 av
1457 2033 155 36 följande

106 2075 137 35 lydelse.
284 2075 79 29 »Med
379 2075 136 35 hänsyn
533 2074 47 29 till
598 2074 305 35 statsgeologernas
923 2073 162 36 ställning
1100 2073 112 31 såsom
1227 2074 111 30 direkt
1351 2076 262 36 underlydande

108 2117 225 30 verkschefen
349 2118 64 28 och
430 2117 41 29 de
489 2117 79 29 med
587 2115 280 36 befattningarna
888 2116 164 30 förenade
1070 2117 336 36 arbetsuppgifterna
1423 2119 45 29 ha
1493 2117 113 39 (dock)

106 2159 98 30 dessa
230 2159 144 36 tjänster
400 2161 127 27 ansetts
556 2159 93 34 böra,
678 2157 115 30 såsom
814 2158 41 29 de
880 2158 218 36 sakkunniga
1125 2158 189 37 ifrågasatt,
1342 2160 193 36 uppflyttas
1562 2161 50 29 till

106 2203 39 27 27
175 2201 225 35 lönegraden>
434 2200 125 37 (bilaga
586 2200 49 29 till
659 2200 458 36 statsverkspropositionen,
1143 2201 61 29 sid.
1235 2201 66 37 12).
1328 2202 98 30 Detta
1453 2204 159 35 yttrande

108 2244 94 29 torde
219 2243 120 29 kunna
358 2251 38 27 ge
417 2242 186 35 anledning
624 2242 48 29 till
693 2242 281 35 föreställningen
994 2245 48 26 att
1061 2242 167 30 kemisten
1246 2245 65 28 och
1333 2245 278 30 museiförestån-

108 2285 104 29 daren
236 2285 30 35 ej
293 2285 110 29 skulle
421 2284 115 34 intaga
561 2293 42 20 en
628 2284 165 29 liknande
817 2283 160 35 ställning
1003 2284 50 29 till
1080 2285 225 29 verkschefen
1331 2286 103 30 vilket
1458 2287 89 30 dock
1574 2289 38 29 är

106 2328 64 28 och
189 2327 97 29 alltid
303 2326 88 29 varit
413 2326 103 29 fallet.
536 2326 99 28 Detta
658 2324 154 36 framgår
833 2334 41 20 av
893 2325 195 35 geologiska
1107 2327 319 37 undersökningens
1446 2329 57 29 vid
1524 2339 86 26 upp-

107 2369 125 35 repade
263 2368 157 29 tillfällen
450 2367 153 30 uttalade
632 2367 148 34 mening,
809 2367 114 29 vilken
952 2368 273 35 uppenbarligen
1253 2369 87 30 även
1369 2371 169 34 godtagits
1569 2381 42 20 av

108 2408 592 37 tjänsteförteckningssakkunniga.
729 2409 64 29 Det
818 2408 57 30 må
902 2410 86 28 även
1014 2409 130 30 erinras
1165 2420 57 20 om
1249 2414 49 26 att
1323 2412 103 35 enligt
1452 2414 159 33 gällande

108 2452 207 29 instruktion
339 2451 335 35 kompetenskraven
700 2451 51 28 för
776 2451 208 35 anställning
1012 2461 74 19 som
1114 2452 122 30 kemist
1262 2454 70 34 äro,
1360 2453 112 31 såsom
1498 2457 112 29 nedan

151 2518 107 30 Bihang
271 2517 41 24 till
324 2517 166 30 riksdagens
502 2516 145 31 protokoll
662 2517 72 23 1942.
756 2518 15 21 6
783 2516 79 24 saml.
889 2517 36 22 Nr
946 2517 36 22 10.
1564 2521 14 22 9
