2221 2667
396 187 19 30 2
820 187 401 34 Konstitutionsutskottets
1244 189 168 33 utlåtande
1435 190 53 32 Nr
1511 193 51 30 16.

502 279 104 36 Flera
634 279 228 50 möjligheter
890 283 55 34 stå
974 281 129 37 härvid
1130 281 57 37 till
1215 283 103 45 buds,
1349 288 67 31 när
1435 284 61 35 det
1515 284 110 48 gäller
1645 284 67 45 val,
1735 285 66 36 och
1820 285 172 37 särskildt

395 334 134 35 sådana
558 347 74 23 som
662 337 46 46 på
735 336 119 47 grund
883 336 40 36 af
949 336 57 36 sin
1033 337 185 48 betydelse
1247 338 113 36 väcka
1389 342 113 32 större
1530 339 333 47 uppmärksamhet.

500 389 19 35 I
547 390 105 47 lagen
695 403 54 23 om
793 391 59 36 val
893 391 55 35 till
976 391 211 49 Riksdagen
1223 393 233 36 föreskrifves
1486 394 161 44 sålunda,
1679 398 52 33 att
1761 395 62 36 vid
1851 396 58 36 val
1937 395 56 37 till

394 443 127 36 Andra
562 444 210 37 kammaren
813 445 185 46 kommun,
1036 459 73 24 som
1153 447 56 36 till
1238 447 89 49 följd
1356 448 40 35 af
1420 448 276 48 folkmängdens
1726 450 146 45 storlek,
1903 463 88 24 sam-

394 498 374 37 färdsförhållandena
810 501 86 35 eller
938 502 112 35 andra
1088 502 147 36 orsaker
1269 503 115 35 finnes
1413 502 81 37 icke
1522 503 195 49 lämpligen
1746 504 86 37 böra
1864 508 127 45 utgöra

394 556 52 33 ett
488 554 93 35 enda
622 554 219 47 valdistrikt,
872 557 58 34 må
959 555 96 37 delas
1084 556 13 35 i
1125 559 62 33 två
1215 557 87 35 eller
1329 558 97 35 flera.
1483 558 131 36 Denna
1642 559 250 37 bestämmelse
1922 560 70 36 blir

394 608 92 36 dock
528 608 206 49 säkerligen
776 609 81 37 icke
900 623 121 23 ensam
1061 611 339 48 tillfyllestgörande
1429 612 55 36 för
1512 614 134 35 sådana
1675 614 227 46 kommuner,
1933 628 55 23 om

391 663 126 36 hvilka
558 664 66 35 här
653 669 38 30 är
732 664 113 47 fråga.
903 666 72 35 Det
1014 666 65 35 har
1107 666 219 48 ifrågasatts,
1358 671 52 32 att
1438 669 54 43 de,
1524 680 75 23 som
1629 668 40 35 af
1695 669 63 35 sitt
1786 670 90 46 yrke
1905 670 86 35 eller

392 717 57 35 sin
477 717 112 48 tjänst
619 723 59 30 äro
707 718 177 36 hindrade
914 722 53 32 att
994 720 229 47 personligen
1252 722 142 46 deltaga
1413 722 13 34 i
1444 721 423 48 riksdagsmannavalen,
1890 724 101 35 skola

393 777 66 42 äga
501 771 189 50 möjlighet
732 775 52 34 att
825 773 57 36 till
923 774 276 37 valförrättaren
1237 774 153 38 insända
1419 775 79 37 sina
1526 777 205 36 röstsedlar.
1788 778 204 37 Enahbanda

391 827 144 47 hänsyn
563 828 76 43 bör,
670 828 180 35 måhända
878 829 108 35 också
1014 830 82 34 med
1123 830 76 35 lika
1227 830 71 48 fog,
1331 830 94 36 visas
1455 832 91 44 dem,
1578 844 74 23 som
1682 832 40 35 af
1747 832 57 36 sin
1823 833 169 48 bonings-

393 884 56 32 ort
477 884 113 33 måste
619 894 106 24 anses
754 882 157 36 faktiskt
939 883 177 36 hindrade
1146 887 53 33 att
1227 885 143 47 deltaga
1397 885 13 35 i
1438 886 105 36 valet.

499 936 109 36 Hvad
650 937 150 36 sålunda
841 937 209 48 ifrågasatts
1093 938 55 37 för
1190 940 43 35 de
1275 940 128 36 enbart
1436 940 172 47 politiska
1636 942 117 45 valen,
1785 947 83 43 äger
1897 943 93 35 dock

391 990 170 48 giltighet
603 991 108 36 äfven
749 991 56 36 för
841 993 43 35 de
913 992 240 37 kommunala.
1211 994 18 35 I
1258 994 259 48 förordningen
1547 1008 55 23 om
1632 996 186 48 landsting
1846 998 144 47 stadgas

392 1045 213 45 emellertid,
645 1048 53 34 att
735 1046 59 36 val
831 1046 57 36 till
916 1047 187 48 landsting
1132 1048 168 36 förrättas
1329 1049 13 35 i
1370 1049 159 37 valkrets
1559 1052 20 33 å
1606 1050 123 36 landet
1757 1051 234 37 kommunvis

391 1100 62 36 vid
495 1100 114 36 första
651 1100 179 36 ordinarie
858 1101 362 38 kommunalstämma
1247 1104 116 35 under
1392 1106 86 34 året.
1536 1105 79 35 Här
1643 1105 119 47 gifves
1791 1106 112 48 ingen
1932 1119 58 23 an-

390 1154 149 47 visning
580 1155 58 35 till
679 1156 206 35 beredande
915 1157 39 34 af
980 1157 114 35 ökade
1123 1158 229 47 möjligheter
1381 1159 57 35 för
1465 1158 264 37 vidsträcktare
1758 1161 233 35 kommuners

391 1207 175 37 invånare
609 1211 52 34 att
703 1208 127 37 kunna
866 1210 165 47 begagna
1073 1210 56 48 sig
1171 1211 41 36 af
1249 1211 57 37 sin
1347 1214 160 34 rösträtt.
1564 1213 203 48 Meningen
1805 1217 53 33 att
1887 1215 104 35 dessa

391 1263 59 36 val
492 1263 103 36 skola
637 1263 99 47 gifva
772 1266 52 33 ett
861 1264 274 47 proportionellt
1162 1266 149 47 uttryck
1339 1266 56 36 för
1424 1268 43 34 de
1495 1267 307 48 valberättigades
1830 1269 160 47 uppfatt-

390 1317 131 48 ningar
563 1330 54 23 om
658 1318 43 34 de
740 1318 306 48 åskådningssätt,
1078 1332 73 23 som
1182 1320 101 35 skola
1312 1326 86 42 göra
1433 1321 55 48 sig
1523 1322 166 47 gällande
1717 1322 13 35 i
1757 1323 234 48 landstingen

390 1372 67 35 och
500 1371 206 48 därigenom
749 1373 200 35 medelbart
990 1374 13 34 i
1044 1375 126 35 Första
1211 1375 220 45 kammaren,
1477 1376 70 35 blir
1575 1377 174 35 särskildt
1777 1377 55 35 för
1860 1381 131 45 många

391 1426 40 35 af
469 1426 103 35 dessa
614 1426 216 36 kommuner
871 1428 227 47 väsentligen
1140 1441 45 23 en
1217 1429 59 47 lag
1303 1432 46 44 på
1377 1433 185 44 papperet.
1623 1431 178 36 BWärskildt
1829 1432 162 36 kommer

391 1481 70 35 den
502 1480 202 47 betryckta,
747 1480 14 36 i
802 1481 210 49 obygderna
1049 1482 141 37 bosatta
1218 1484 365 48 landtbefolkningen
1612 1488 53 33 att
1694 1498 86 24 vara
1807 1487 184 35 utesluten

391 1535 80 35 från
512 1535 127 48 hvarje
682 1535 187 49 möjlighet
911 1540 53 32 att
1006 1537 139 36 bevaka
1187 1538 56 35 sin
1284 1539 109 35 talan.
1451 1539 93 36 Häri
1572 1540 65 35 bör
1665 1541 145 35 rättelse
1840 1541 149 35 omedel-

389 1589 81 36 bart
497 1589 75 36 ske.

497 1643 180 37 Särskildt
719 1645 197 47 belysande
959 1651 59 30 äro
1061 1646 43 35 de
1149 1652 152 42 säregna
1343 1648 263 45 förhållanden,
1647 1661 74 24 som
1760 1649 12 35 i
1801 1649 103 47 fråga
1932 1662 56 23 om

390 1698 105 45 areal,
526 1698 216 48 befolkning
770 1699 67 36 och
865 1699 354 38 kommunikationer
1248 1706 59 31 äro
1336 1702 158 36 rådande
1522 1702 13 36 i
1563 1703 424 48 lappmarkssocknarna.

389 1753 123 47 Några
558 1753 55 36 för
634 1753 299 52 förhållandena
988 1755 195 47 belysande
1230 1757 164 45 exempel
1440 1759 58 33 må
1545 1758 153 35 anföras.
1765 1758 224 36 Vilhelmina

389 1807 134 35 socken
565 1806 13 36 i
620 1807 109 35 Åsele
769 1808 193 47 lappmark
1003 1809 66 35 har
1111 1822 45 22 en
1199 1810 93 35 areal
1321 1810 40 35 af
1389 1813 80 42 87,5
1512 1811 219 36 kvadratmil
1773 1813 67 35 och
1872 1815 114 42 9,339

387 1861 174 36 invånare
593 1863 112 34 1909.
763 1862 102 35 Inom
900 1862 102 36 Piteå
1030 1864 191 46 lappmark
1248 1865 116 35 finnas
1393 1865 111 36 bland
1534 1869 111 33 annat
1673 1869 61 33 två
1763 1867 223 45 kommuner,

388 1915 217 48 Arvidsjaur
647 1916 67 35 och
757 1915 212 49 Arjeploug,
1014 1917 40 35 af
1092 1917 125 37 hvilka
1260 1919 69 34 den
1371 1919 107 45 förra,
1523 1921 81 34 med
1648 1923 112 41 6,397
1801 1920 183 46 invånare,

388 1970 170 35 omfattar
602 1971 79 43 59,7
724 1969 220 37 kvadratmil
986 1972 66 35 och
1095 1972 69 35 den
1207 1984 135 33 senare,
1387 1974 81 35 med
1512 1976 114 42 2,812
1661 1974 185 45 invånare,
1882 1978 104 41 146,8

388 2023 230 37 kvadratmil.
676 2016 113 43 Ännu
818 2026 126 46 längre
973 2031 73 30 mot
1074 2038 85 23 norr
1187 2026 126 48 vidgas
1341 2028 386 36 landskommunernas
1756 2029 231 36 territoriella

388 2079 170 35 områden
599 2078 220 48 ytterligare.
879 2080 157 35 Sålunda
1083 2081 65 35 har
1193 2081 215 36 Jockmocks
1455 2082 133 36 socken
1634 2084 82 34 med
1762 2083 223 48 Kvickjocks

387 2132 122 47 kapell
550 2132 97 36 inom
689 2133 113 35 Luleå
842 2133 191 48 lappmark
1075 2147 44 23 en
1155 2135 95 36 areal
1278 2135 39 36 af
1346 2138 105 43 194,3
1479 2136 231 46 kvadratmil,
1742 2138 65 35 och
1835 2138 150 36 Juckas-

384 2186 96 50 järvi
522 2187 133 36 socken
696 2186 13 36 i
751 2187 116 37 Torne
909 2188 190 48 lappmark
1146 2191 104 43 141,7
1293 2190 230 37 kvadratmil.
1581 2191 223 37 Invånarnas
1846 2192 139 36 antal
1965 2182 23 59 i

387 2241 216 37 Jockmocks
645 2242 175 35 kommun
862 2246 141 45 uppgår
1044 2243 57 36 till
1146 2247 112 41 5,753
1304 2246 66 34 och
1411 2244 14 36 i
1465 2245 229 49 Juckasjärvi
1729 2246 55 36 till
1829 2249 152 42 11,733.

389 2296 183 36 Gällivare
616 2296 132 36 socken
790 2297 170 47 slutligen
1001 2298 66 35 har
1109 2311 45 22 en
1195 2298 128 48 ytvidd
1365 2300 40 34 af
1447 2302 106 42 167,4
1581 2300 217 36 kvadratmil
1827 2302 82 34 med
1938 2313 46 23 en

387 2350 212 48 folkmängd
642 2350 41 36 af
726 2352 139 43 16,968
909 2350 183 38 invånare.
1150 2352 211 37 Emellertid
1403 2359 39 30 är
1483 2354 62 36 det
1571 2353 81 37 icke
1681 2354 92 37 blott
1802 2355 55 36 för
1885 2355 99 48 lapp-
