1892 2854
556 151 255 31 Statsutskottets
834 151 169 31 utlåtande
1027 153 47 28 Nr
1099 153 50 29 71.
1555 150 40 30 21

98 230 205 32 ekonomisk
327 231 176 41 synpunkt
527 232 106 30 måste
658 241 97 21 anses
781 230 177 41 högeligen
984 230 161 33 önskvärt
1169 232 48 29 att
1241 231 79 31 flera
1345 229 128 32 sådana
1489 229 108 32 avdel-

101 276 122 45 ningar
247 275 57 32 vid
329 275 289 41 undervisningen
645 276 250 31 sammanföras
920 275 50 32 till
995 286 40 20 en
1062 275 95 32 enda.
1183 270 25 55 TI
1228 274 89 41 regel
1333 274 67 32 kan
1418 274 91 32 detta
1525 274 73 31 icke

101 321 58 31 ske
196 323 80 28 utan
314 323 48 29 att
397 320 162 41 antingen
590 320 225 40 skolskjutsar
839 319 79 32 eller
942 319 260 41 inackordering
1226 330 42 21 av
1292 319 222 40 lärjungarna
1538 318 59 31 till-

101 365 121 41 gripes.
271 365 240 32 Kostnaderna
534 365 116 31 härför
674 365 118 31 kunna
815 365 73 31 icke
912 364 11 31 i
947 365 121 40 förväg
1092 364 101 32 exakt
1210 363 165 32 beräknas
1392 374 79 21 men
1491 365 106 30 måste

102 410 9 31 i
148 410 64 32 alla
247 409 179 33 händelser
460 409 70 32 helt
554 409 163 32 bestridas
742 420 42 21 av
809 409 195 32 statsmedel
1028 410 44 40 på
1095 408 112 42 grund
1232 419 41 21 av
1299 408 65 32 den
1387 408 210 31 beträffande

101 455 187 41 utgifterna
320 455 54 31 för
408 454 359 41 fortsättningsskolan
802 454 198 41 tillämpade
1035 454 187 40 principen,
1259 456 49 29 att
1343 452 254 32 skoldistrikten

101 500 119 31 endast
244 499 95 32 skola
363 499 257 32 tillhandahålla
644 499 126 32 lokaler
794 499 63 32 och
882 499 105 41 nödig
1010 497 426 42 undervisningsmateriel.

147 545 64 31 Det
235 555 42 21 av
302 544 41 32 de
367 545 215 40 sakkunniga
606 544 192 41 framlagda
821 544 163 41 förslaget
1006 543 151 41 grundar
1181 543 51 41 sig
1255 543 10 31 i
1282 542 59 32 allt
1358 542 180 41 väsentligt
1555 543 43 40 på

102 600 42 21 en
167 589 143 41 tidigare
334 589 251 41 framställning
609 589 10 31 i
643 589 139 32 ärendet
806 590 77 30 från
908 588 329 41 skolöverstyrelsen.
1285 588 66 31 För
1368 590 48 29 att
1432 587 73 32 icke
1522 589 75 39 opå-

102 634 149 31 räknade
276 634 227 41 statsutgifter
527 633 95 33 skola
646 635 133 40 uppstå,
805 634 208 38 förutsättes,
1034 636 48 29 att
1106 632 255 41 centralisering
1384 632 73 32 icke
1482 631 115 41 tillgri-

102 689 68 30 pes,
196 689 56 21 om
276 679 271 41 statsutgifterna
570 679 53 31 för
647 678 295 41 centraliseringen
969 678 108 32 skulle
1102 678 92 32 bliva
1217 680 104 29 större
1346 682 43 26 än
1407 677 191 32 statsbidra-

101 726 56 38 get
190 723 50 32 till
265 724 190 31 avlönande
479 734 42 21 av
545 723 107 32 lärare
676 723 58 32 vid
759 723 41 32 de
825 723 122 39 skolor,
973 734 72 20 som
1072 722 108 32 skulle
1204 722 168 41 indragas.
1421 721 176 41 Därjämte

102 768 107 32 skulle
233 768 373 32 maximikostnaderna
629 769 53 31 för
706 768 226 41 skolskjutsar
956 767 79 32 eller
1058 767 259 40 inackordering
1333 767 54 31 för
1404 767 93 39 varje
1514 766 84 32 barn

102 813 63 31 och
189 813 67 41 dag
280 813 206 32 bestämmas
510 813 50 31 till
587 815 14 29 1
628 813 108 32 krona
761 813 41 31 25
828 818 65 33 öre,
918 812 105 32 vilket
1047 812 9 31 i
1082 812 55 32 det
1154 815 170 28 närmaste
1341 814 189 29 motsvarar
1542 811 55 32 det

104 858 131 41 belopp,
271 859 44 31 40
339 858 125 32 kronor
487 859 53 30 för
564 858 136 38 månad,
725 868 73 21 som
823 858 68 31 kan
916 859 82 39 utgå
1021 856 57 33 vid
1103 856 261 41 inackordering
1387 857 53 30 för
1464 855 133 32 skolun-

102 902 198 42 dervisning
335 913 42 22 av
412 903 74 31 lots-
522 902 78 33 eller
635 902 276 41 fyrpersonalens
948 902 94 32 barn.
1091 902 65 32 Det
1184 901 176 38 beräknas,
1386 903 48 29 att
1458 911 41 21 en
1524 901 73 31 icke

102 947 190 41 oväsentlig
327 948 181 41 besparing
543 958 42 22 av
610 947 226 41 statsutgifter
860 946 108 33 skulle
992 957 122 30 genom
1141 957 40 21 en
1207 948 44 39 på
1275 946 92 31 detta
1391 948 65 29 sätt
1480 945 117 32 anord-

102 992 67 32 nad
194 992 253 42 centralisering
471 994 133 39 uppstå,
630 1003 79 21 men
734 991 136 33 särskilt
893 991 97 32 bleve
1015 991 55 31 det
1095 1002 42 21 av
1160 990 182 42 betydelse,
1360 993 49 29 att
1425 1001 41 21 en
1484 990 112 32 värde-

102 1037 121 32 fullare
248 1037 248 41 undervisning
519 1037 161 32 bereddes
704 1036 86 32 barn
814 1038 77 30 från
916 1036 86 41 glest
1025 1035 180 33 befolkade
1229 1035 138 41 bygder.

146 1091 15 31 I
197 1091 57 31 sitt
289 1091 174 32 utlåtande
487 1090 66 32 den
578 1092 41 31 24
643 1090 186 33 november
855 1091 82 31 1931
964 1090 176 40 angående
1165 1090 41 31 de
1230 1089 232 40 sakkunnigas
1486 1088 112 32 betän-

102 1136 110 31 kande
248 1136 62 31 har
346 1135 243 42 överstyrelsen
623 1135 173 32 hemställt
832 1146 54 21 om
924 1135 106 31 sådan
1062 1134 184 41 jämkning
1274 1145 41 21 av
1340 1134 42 31 de
1405 1133 192 41 föreslagna

101 1180 195 41 grunderna
331 1181 53 31 för
420 1180 187 41 beräkning
642 1191 42 21 av
721 1180 55 32 det
811 1180 121 41 högsta
961 1179 133 41 belopp,
1120 1179 140 32 varmed
1285 1178 239 41 statsbidraget
1547 1177 50 32 till

102 1225 297 41 centraliseringen
434 1226 94 31 inom
564 1228 46 29 ett
634 1225 211 31 skoldistrikt
870 1224 108 32 skulle
1002 1224 118 31 kunna
1144 1226 90 39 utgå,
1261 1226 48 30 att
1332 1223 50 31 till
1406 1223 112 41 grund
1542 1223 53 31 för

101 1270 234 41 beräkningen
370 1270 113 41 lägges
513 1272 46 30 ett
583 1281 42 20 av
649 1270 183 40 riksdagen
856 1269 147 32 bestämt
1026 1268 133 41 belopp,
1185 1279 74 21 som
1283 1267 86 33 skall
1393 1278 97 21 anses
1516 1271 80 28 mot-

100 1325 99 21 svara
230 1315 66 31 den
321 1315 180 41 besparing
524 1325 42 22 av
591 1314 205 41 statsbidrag
819 1314 51 32 till
894 1313 192 39 lärarlöner,
1112 1324 72 21 som
1210 1314 141 40 uppstår
1376 1314 52 31 för
1443 1313 95 40 varje
1555 1313 42 39 på

101 1359 111 41 grund
248 1370 43 21 av
327 1360 296 41 centraliseringen
647 1359 165 41 indragen
837 1358 103 33 skola.
990 1358 131 32 Genom
1147 1358 90 32 detta
1261 1357 127 41 förslag
1412 1357 108 32 skulle
1544 1358 54 30 för

102 1404 187 32 ärendenas
324 1404 258 42 handläggning
605 1404 123 32 vinnas
753 1415 41 21 en
819 1403 205 41 förenkling,
1051 1414 71 21 som
1148 1405 108 30 måste
1280 1403 180 31 betecknas
1484 1404 112 29 såsom

102 1449 216 41 synnerligen
355 1449 180 32 önskvärd.
588 1448 87 32 Utan
711 1459 41 21 en
789 1449 106 31 sådan
931 1447 237 33 bestämmelse
1203 1447 107 32 skulle
1344 1447 56 31 det
1423 1447 173 40 nämligen

102 1494 91 32 bliva
229 1495 133 30 förenat
394 1494 76 32 med
507 1496 90 29 stora
632 1493 208 41 svårigheter
875 1494 54 30 för
964 1492 41 32 de
1040 1492 173 41 prövande
1237 1492 64 32 och
1325 1490 271 33 kontrollerande

102 1538 285 42 myndigheterna
411 1541 49 28 att
485 1537 205 41 tillförlitligt
714 1537 150 32 beräkna
889 1537 40 31 de
953 1537 133 40 belopp,
1112 1540 119 28 utöver
1254 1536 93 32 vilka
1371 1536 227 31 kostnaderna

102 1585 53 30 för
179 1583 298 41 centraliseringen
501 1583 73 31 icke
598 1583 89 40 finge
713 1584 50 39 gå.
813 1581 174 41 Förslaget
1011 1581 182 41 tillstyrkes
1218 1592 42 21 av
1285 1581 248 31 statskontorct.

148 1627 325 41 Skolöverstyrelsen
498 1628 62 31 har
584 1627 183 41 föreslagit,
794 1630 48 28 att
866 1626 56 32 det
945 1626 134 40 belopp,
1098 1637 73 20 som
1192 1625 103 32 borde
1313 1636 97 21 anses
1427 1628 171 28 motsvara

102 1672 235 41 besparingen,
364 1672 43 31 då
430 1672 94 32 skola
548 1672 168 40 indrages,
741 1672 109 31 skulle
874 1671 206 32 bestämmas
1105 1670 51 31 till
1180 1671 65 31 450
1269 1671 134 37 kronor,
1428 1669 105 33 vilket
1550 1672 47 28 ut-

101 1728 61 29 går
199 1717 49 31 till
273 1717 296 41 läraravlöningen
593 1716 58 33 vid
675 1716 127 32 allmän
827 1715 335 41 fortsättningsskola
1186 1715 78 32 med
1289 1714 309 32 minimiundervis-

102 1762 162 41 ningstid,
293 1763 62 31 180
379 1762 137 31 timmar
540 1763 53 30 för
618 1763 44 29 år.
711 1761 125 31 Härtill
860 1761 66 31 kan
952 1765 97 36 göras
1075 1760 64 32 den
1165 1760 281 41 anmärkningen,
1472 1762 48 29 att
1542 1770 55 20 om

102 1817 41 21 en
168 1807 133 31 mindre
326 1806 333 41 fortsättningsskola
683 1806 166 40 indrages,
876 1805 64 32 blir
964 1805 65 32 den
1054 1805 152 40 verkliga
1231 1804 224 41 besparingen
1480 1804 118 31 endast

102 1851 159 41 omkring
295 1853 64 30 270
384 1852 132 31 kronor.
565 1851 249 31 Statskontoret
838 1851 62 30 har
924 1850 115 31 därför
1063 1850 188 40 ifrågasatt,
1277 1852 47 28 att
1349 1849 55 31 det
1428 1848 170 41 enhetliga

102 1896 364 40 ersättningebeloppet
502 1895 107 32 skulle
637 1895 207 32 bestämmas
868 1894 51 32 till
943 1894 206 40 exempelvis
1175 1895 64 31 300
1263 1894 126 31 kronor
1412 1894 54 31 för
1489 1893 108 31 indra-

102 1951 64 30 gen
192 1941 133 31 mindre
350 1939 340 42 fortsättningsskola.

147 1994 65 31 Det
246 1993 61 31 bör
341 1993 57 32 vid
434 1992 226 32 bedömandet
691 2003 41 21 av
758 1992 112 31 denna
894 1992 98 40 fråga
1016 1991 330 41 uppmärksammas,
1373 1993 47 28 att
1444 2001 78 21 vare
1547 1990 51 40 sig

102 2037 56 32 det
182 2038 152 31 nämnda
357 2038 156 40 beloppet
537 2037 204 32 bestimmes
762 2037 50 30 till
837 2037 65 30 450
920 2036 78 31 eller
1016 2037 64 30 300
1097 2036 134 37 kronor,
1250 2034 141 32 innebär
1407 2035 72 31 icke
1496 2035 100 37 detta,

101 2086 49 27 att
185 2082 287 32 omkostnaderna
506 2082 53 31 för
595 2081 255 41 centralisering
885 2081 94 31 alltid
1005 2081 139 31 komma
1169 2083 48 28 att
1241 2081 116 39 uppgå
1380 2079 50 32 till
1455 2083 142 28 motsva-

103 2127 104 32 rande
243 2127 132 41 belopp.
424 2127 105 31 Dessa
565 2126 239 32 omkostnader
839 2126 91 31 bliva
954 2125 184 40 nämligen.
1164 2124 134 32 särskilt
1321 2124 61 31 där
1406 2124 191 31 inackorde-

103 2172 75 40 ring
214 2172 62 31 och
314 2172 28 39 ej
381 2171 226 39 skolskjutsar
631 2171 154 31 konmner
810 2170 49 31 till
885 2170 234 40 användning,
1145 2169 9 31 1
1180 2170 56 31 det
1260 2173 170 27 närmaste
1454 2169 69 31 helt
1546 2168 51 31 be-

103 2216 123 31 roende
251 2227 42 21 av
319 2217 125 31 antalet
468 2216 174 40 lärjungar
666 2216 9 30 i
701 2215 65 31 den
793 2215 167 40 indragna
984 2215 128 30 skolan.
1162 2213 435 40 Inackorderingsavgiften

103 2261 53 30 för
179 2272 38 20 en
242 2260 156 41 lärjunge
424 2260 106 31 under
555 2271 57 20 sex
636 2260 123 31 veckor
784 2259 108 31 skulle
916 2259 141 31 komma
1081 2261 47 28 att
1154 2260 114 39 uppgå
1284 2257 50 31 till
1352 2258 98 40 högst
1467 2259 42 30 52
1527 2258 70 30 kro-

103 2315 61 21 nor
200 2306 42 30 50
278 2310 64 26 öre.
392 2305 124 30 Finnes
552 2304 9 31 i
598 2304 63 31 den
699 2303 49 31 till
777 2304 207 39 indragning
1008 2302 177 32 bestämda
1209 2302 117 31 skolan
1352 2302 119 31 endast
1495 2303 18 29 3
1539 2301 59 31 lär-

102 2349 134 40 jungar,
263 2352 122 28 stanna
409 2349 185 39 utgifterna
618 2349 53 30 för
695 2347 299 39 centraliseringen
1021 2347 56 30 vid
1107 2348 59 29 157
1185 2347 125 30 kronor
1327 2347 43 30 50
1387 2351 64 31 öre,
1470 2349 128 28 oavsett

103 2404 53 20 om
184 2393 55 31 det
264 2393 133 40 belopp,
423 2404 72 20 som
520 2392 132 31 kunnat
676 2392 141 31 komma
841 2391 50 31 till
916 2391 232 39 användning,
1176 2390 161 32 bestämts
1362 2390 47 30 till
1436 2391 65 29 300
1521 2390 78 31 eller

102 2439 66 30 450
205 2438 132 31 kronor.
387 2437 77 31 Men
501 2436 173 41 uppginge
709 2436 127 31 antalet
872 2436 176 39 lärjungar
1077 2435 48 31 till
1151 2445 67 27 sex,
1245 2435 137 30 komme
1406 2434 192 31 inackorde-

104 2482 286 40 ringsavgifterna
414 2484 48 29 att
486 2481 87 41 stiga
598 2480 48 31 till
672 2482 64 30 315
762 2481 134 37 kronor,
922 2480 62 32 och
1009 2481 112 39 någon
1147 2479 253 40 centralisering
1424 2478 108 32 skulle
1557 2478 42 31 då
