1882 2818
298 158 18 30 8
633 156 130 32 Första
792 155 254 37 lagutskottets
1074 154 190 33 utlåtande
1292 154 52 32 Nr
1367 155 30 29 8.

296 234 118 33 Under
436 233 212 37 åberopande
669 243 47 21 av
739 232 67 32 vad
829 232 145 31 sålunda
996 231 133 31 anförts
1151 231 56 31 får
1230 231 164 31 utskottet
1417 231 188 36 hemställa,

695 338 52 30 att
762 336 192 37 riksdagen,
970 337 12 30 i
997 335 188 37 anledning
1201 346 44 20 av
1261 335 221 32 förevarande
1498 337 138 35 motion,
1652 337 58 30 må

653 390 13 31 i
689 389 166 32 skrivelse
878 388 55 32 till
957 388 133 36 Kungl.
1114 388 101 36 Maj:t
1237 388 150 36 anhålla,
1411 388 57 31 det
1483 388 127 32 täcktes
1626 388 133 36 Kungl.

654 441 101 37 Maj:t
789 441 71 31 låta
892 440 185 32 verkställa
1102 440 183 37 utredning
1308 440 175 36 angående
1505 440 255 37 inskränkning

652 504 45 21 av
733 493 95 32 tiden
851 493 53 31 för
927 492 101 32 skörd
1051 502 44 21 av
1118 493 121 36 lingon
1262 494 90 30 samt
1374 492 54 31 för
1451 492 182 36 riksdagen
1657 493 103 31 fram-

653 547 103 35 lägga
779 546 56 31 det
858 545 138 37 förslag,
1020 545 120 31 vartill
1164 544 230 37 utredningen
1418 545 68 30 kan
1511 545 183 31 föranleda.

295 652 197 32 Stockholm
516 651 66 32 den
605 651 19 31 7
648 651 156 31 februari
828 650 93 32 1928.

702 755 51 31 På
776 755 108 31 första
907 754 236 36 lagutskottets
1166 757 148 34 vägnar:

849 859 42 31 A.
916 856 246 34 ÅKERMAN.

295 1217 55 25 Vid
369 1217 76 24 detta
464 1216 117 25 ärendes
601 1216 172 31 behandling
792 1216 71 24 hava
881 1216 136 23 närvarit:

295 1267 62 27 från
376 1269 111 24 första
504 1269 178 23 kammaren:
702 1268 98 24 herrar
819 1254 146 49 Åkerman,
982 1267 134 31 Klefbeck,
1138 1268 109 23 Larson
1260 1267 9 23 i
1283 1266 124 29 Lerdala,
1427 1267 100 30 Borell,
1540 1267 130 30 Schlyter,
1683 1266 75 24 John

252 1314 30 25 O.
302 1309 158 34 Karlsson”,
478 1313 121 24 Jonsson
618 1313 9 23 i
646 1312 133 31 Lycksele
798 1312 54 23 och
871 1311 159 31 Bissmark;

296 1363 61 27 från
376 1365 106 24 andra
500 1365 178 24 kammaren:
697 1364 98 24 herrar
814 1364 143 31 Lindqvist
979 1364 5 23 i
1005 1363 154 29 Halmstad,
1179 1363 36 30 af
1229 1363 159 30 Ekenstam,
1408 1363 62 30 Leo,
1490 1363 111 23 Nilsson
1619 1363 7 22 i
1642 1363 115 28 Antnäs,

252 1411 135 23 Karlsson
407 1410 9 23 i
434 1409 79 28 Vätö,
535 1409 116 24 Carlson
670 1409 9 23 i
700 1408 135 25 Mölndal,
856 1408 97 24 Olsson
972 1408 9 23 i
1001 1404 152 27 Rimforsa"
1172 1407 53 23 och
1244 1407 116 24 Persson
1380 1407 8 23 i
1408 1403 150 34 Trången"”.

297 1495 11 12 +
327 1497 31 30 Ej
377 1496 175 24 närvarande
572 1495 47 25 vid
638 1492 174 27 utlåtandets
830 1495 143 31 justering.

830 1838 358 39 Reservation

297 1953 44 20 av
365 1943 119 30 herrar
508 1940 189 38 Åkerman,
722 1942 184 36 Klefbeck,
931 1941 82 37 Leo,
1037 1941 172 31 Karlsson
1233 1940 12 30 i
1268 1940 90 31 Vätö
1379 1940 62 31 och
1458 1940 146 32 Carlson
1621 1940 11 30 i
1648 1940 111 30 Möln-

252 1995 69 36 dal,
345 1995 96 31 vilka
464 1995 111 36 yrkat,
599 1996 50 30 att
672 1995 166 31 utskottet
861 1994 76 31 bort
959 1993 190 36 hemställa,

697 2091 52 29 att
783 2089 265 37 ifrågavarande
1081 2090 129 31 motion
1234 2089 73 30 icke
1330 2089 104 30 måtte
1458 2088 55 30 till
1537 2088 112 35 någon
1673 2087 86 31 riks-

654 2141 127 37 dagens
803 2142 122 36 åtgärd
948 2141 184 31 föranleda.

534 2521 173 30 Stockholm,
739 2522 80 25 Isaac
849 2521 120 25 Marcus”
1000 2519 374 32 Boktryckeri-Aktiebolag,
1407 2520 75 24 1928.
