1888 2786
478 173 286 30 Statsutskottets
784 173 180 31 utlåtande
986 183 43 20 nr
1047 174 41 30 49
1108 175 38 29 år
1167 174 84 29 1959
1601 173 14 30 1

791 526 59 39 Nr
872 526 50 40 49

335 626 185 30 Utlåtande
541 628 11 28 i
568 627 190 40 anledning
777 637 43 20 av
837 628 128 39 Kungl.
984 629 125 38 Maj:ts
1129 630 11 29 i
1157 628 460 40 statsverkspropositionen

554 678 125 39 gjorda
705 678 306 40 framställningar
1037 679 178 39 angående
1243 678 123 42 anslag
1391 680 58 39 för
1477 678 141 40 budget-

555 728 75 30 året
657 729 150 35 1959/60
835 729 52 29 till
911 729 202 39 främjande
1139 738 42 21 av
1209 729 407 40 bostadsförsörjningen

555 789 45 21 m.
621 789 46 19 m.
689 779 109 40 jämte
820 780 12 29 i
852 780 119 29 ämnet
995 780 122 29 väckta
1138 780 174 30 motioner
1331 789 47 20 m.
1399 789 46 20 m.

1379 863 74 34 (3:e
1474 863 93 34 avd.)

156 964 13 28 I
193 963 263 39 propositionen
481 973 42 19 nr
551 964 14 29 1
592 964 64 29 har
681 964 125 40 Kungl.
832 964 108 40 Maj:t
963 965 111 30 under
1099 965 106 29 femte
1229 964 225 31 huvudtiteln
1485 964 132 40 (bilaga

113 1013 28 34 7,
161 1014 200 38 punkterna
381 1014 163 34 84—93),
563 1015 112 29 under
693 1014 221 40 åberopande
934 1025 43 20 av
994 1015 108 40 bilagt
1121 1015 126 40 utdrag
1266 1024 43 22 av
1328 1015 290 41 statsrådsproto-

111 1064 107 30 kollet
237 1065 81 29 över
338 1065 264 29 socialärenden
621 1065 55 30 för
694 1066 68 29 den
781 1066 18 29 3
818 1066 143 39 januari
984 1065 93 34 1959,
1097 1066 180 39 föreslagit
1295 1065 190 40 riksdagen
1505 1068 50 27 att

157 1114 23 29 I.
205 1115 211 39 bemyndiga
432 1115 126 39 Kungl.
575 1115 106 40 Maj:t
698 1117 50 28 att
763 1115 141 40 vidtaga
921 1117 42 29 de
979 1116 190 39 ändringar
1186 1119 10 28 i
1214 1116 403 40 personalförteckning-

112 1174 44 20 en
173 1165 55 31 för
242 1165 328 40 bostadsstyrelsen,
588 1175 76 21 som
681 1166 197 31 föranledes
896 1176 43 20 av
953 1166 68 30 vad
1038 1167 388 40 departementschefen
1443 1166 172 35 förordat;

158 1215 40 29 II.
224 1216 187 39 godkänna
436 1225 43 21 av
502 1217 387 39 departementschefen
913 1217 167 30 förordad
1105 1217 255 40 avlöningsstat
1384 1217 56 30 för
1463 1217 157 30 bostads-

114 1266 181 39 styrelsen,
314 1268 51 28 att
384 1267 179 40 tillämpas
581 1267 71 31 tills
672 1268 119 29 vidare
810 1267 43 30 fr.
873 1277 30 22 o.
924 1277 46 20 m.
989 1267 206 40 budgetåret
1217 1267 165 37 1959/60;

156 1317 57 29 III.
238 1317 211 40 bemyndiga
469 1318 125 39 Kungl.
615 1318 106 39 Maj:t
741 1320 50 28 att
810 1318 21 30 å
850 1318 435 40 personalförteckningen
1305 1318 55 30 för
1380 1318 238 30 länsbostads-

111 1368 221 30 nämnderna
351 1368 153 40 uppföra
523 1368 201 39 ytterligare
744 1369 18 30 3
784 1369 151 39 tjänster
955 1378 77 20 som
1052 1368 284 31 kontorsbiträde
1357 1369 11 28 i
1389 1369 51 29 Ao
1462 1369 35 35 5;

157 1418 54 28 IV.
237 1418 188 38 godkänna
450 1428 43 20 av
516 1419 387 39 departementschefen
928 1418 167 31 förordad
1121 1418 254 40 avlöningsstat
1401 1419 55 30 för
1481 1419 137 29 länsbo-

113 1469 330 35 stadsnämnderna,
465 1471 52 28 att
537 1470 178 39 tillämpas
739 1469 71 30 tills
830 1470 120 30 vidare
971 1470 43 29 fr.
1036 1479 30 20 o.
1089 1479 45 20 m.
1155 1470 206 39 budgetåret
1386 1469 165 37 1959/60;

159 1518 38 29 V.
223 1518 188 40 godkänna
431 1528 43 21 av
495 1518 387 39 departementschefen
903 1519 166 30 förordad
1092 1520 148 39 ändring
1260 1520 12 29 i
1294 1519 172 31 villkoren
1489 1519 55 30 för
1565 1520 56 28 be-

113 1569 156 38 viljande
289 1578 42 20 av
348 1569 274 39 ränteeftergift;

160 1619 54 29 VI.
240 1619 188 39 godkänna
448 1629 42 20 av
510 1619 387 40 departementschefen
916 1619 168 30 förordad
1104 1620 150 39 ändring
1272 1620 11 29 i
1303 1620 172 30 villkoren
1495 1620 56 31 för
1571 1620 50 30 åt-

114 1670 172 38 njutande
307 1680 42 21 av
368 1670 421 40 familjebostadsbidrag;

159 1720 71 29 VII.
256 1721 187 38 godkänna
471 1729 43 21 av
540 1720 387 40 departementschefen
955 1721 166 30 förordad
1149 1721 150 42 ändring
1326 1722 10 28 i
1364 1721 172 29 villkoren
1564 1721 54 29 för

113 1771 211 38 åtnjutande
345 1780 42 20 av
407 1771 306 39 förbättringslån;

160 1821 88 29 VIII.
275 1822 54 29 för
350 1822 206 39 budgetåret
579 1821 151 36 1959/60
751 1822 112 29 under
885 1822 107 30 femte
1014 1822 222 29 huvudtiteln
1260 1822 123 29 anvisa

163 1872 33 32 1)
227 1872 51 29 till
302 1872 338 38 Bostadsstyrelsen:
668 1871 213 40 Avlöningar
905 1874 48 27 ett
978 1871 273 39 förslagsanslag
1276 1881 41 19 av
1343 1872 16 28 4
1377 1871 62 30 080
1455 1872 62 29 500
1544 1873 77 27 kro-

115 1930 79 26 nor;

161 1973 35 33 2)
227 1972 51 30 till
301 1973 338 39 Bostadsstyrelsen:
665 1973 259 29 Omkostnader
947 1974 47 28 ett
1018 1972 272 39 förslagsanslag
1315 1982 41 20 av
1380 1972 63 29 948
1457 1972 62 30 000
1543 1973 78 28 kro-

117 2030 78 26 nor;

162 2073 34 32 3)
228 2072 50 29 till
298 2072 474 30 Länsbostadsnämnderna:
794 2072 213 39 Avlöningar
1026 2074 48 28 ett
1095 2072 272 39 förslagsanslag
1387 2082 41 19 av
1448 2072 18 29 4
1481 2072 63 29 488
1559 2072 62 28 000

116 2123 144 34 kronor;

159 2174 36 31 4)
226 2173 50 29 till
295 2173 474 29 Länsbostadsnämnderna:
789 2173 259 29 Omkostnader
1065 2174 47 27 ett
1131 2172 274 39 förslagsanslag
1421 2182 41 19 av
1479 2173 62 28 676
1556 2173 64 27 000

118 2224 143 32 kronor;

163 2273 35 31 5)
231 2273 48 28 till
311 2272 443 39 Kapitalmedelsförluster
783 2272 63 29 och
876 2272 295 38 ränteeftergifter
1200 2274 46 26 ett
1279 2273 272 37 förslagsanslag
1582 2282 39 19 av

122 2323 59 28 150
196 2323 62 28 000
274 2323 61 28 000
360 2323 145 33 kronor;

161 2374 35 31 6)
229 2373 47 29 till
302 2373 303 29 Bostadsrabatter
628 2375 46 26 ett
699 2373 272 37 förslagsanslag
994 2382 40 19 av
1060 2372 60 29 140
1135 2373 62 27 000
1212 2373 62 28 000
1299 2373 144 33 kronor;

163 2423 34 31 7)
229 2423 48 28 till
305 2422 127 38 Bidrag
459 2422 48 29 till
534 2423 69 27 viss
628 2421 598 39 bostadsförbättringsverksamhet
1253 2423 46 28 ett
1326 2422 296 28 teservationsan-

117 2475 73 36 slag
211 2484 41 19 av
277 2474 36 29 13
328 2475 64 28 000
405 2474 64 29 000
492 2474 143 34 kronor;

154 2541 7 24 I
208 2541 109 29 Bihang
332 2541 46 23 till
390 2540 170 30 riksdagens
571 2540 147 29 protokoll
732 2540 73 22 1959.
826 2541 15 21 6
853 2540 83 22 saml.
960 2542 37 22 Nr
1015 2540 31 22 49
