1916 2810
314 155 40 31 24
626 153 422 37 Bevillningsutskottets
1067 151 223 34 betänkande
1308 151 52 32 Nr
1385 151 50 30 45.

404 233 135 38 Kungl.
560 233 130 37 Maj:ts
711 232 153 37 förslag:

268 294 188 37 säljnings-
502 293 84 31 eller
633 291 349 36 tillverkningsställe

268 345 190 38 förbjudet.

315 397 53 33 Då
395 396 239 37 utskänkning
662 396 35 37 ej
724 398 40 29 är
787 395 195 37 medgiven,

270 460 83 23 vare
381 451 58 31 det
461 449 181 37 förbjudet
664 450 54 30 att
741 447 73 32 låta
837 447 146 37 pilsner-

273 502 120 32 dricka
405 502 22 30 å
439 499 364 37 utskänkningsställe
820 499 163 36 förtäras.

584 587 39 29 21
647 583 27 37 $.

314 656 268 32 Partihandlare
617 656 79 30 med
730 653 254 38 pilsnerdricka

270 708 134 37 åligger
427 709 52 30 att
502 707 79 35 föra
602 704 312 38 försäljningsbok,
930 707 53 29 ut-

270 760 146 31 visande

314 809 36 36 a)
372 811 100 37 varje
507 812 80 35 post
619 808 266 38 pilsnerdricka,
908 817 77 22 som

270 864 194 31 utlämnats
479 862 57 37 för
548 862 215 37 försäljning
775 861 57 36 för
843 861 142 36 export;

315 913 36 36 b)
378 916 66 31 den
472 915 57 36 för
551 914 100 37 varje
675 914 67 36 dag
765 913 57 36 för
845 912 140 36 försälj-

270 969 86 35 ning
403 967 55 31 till
503 965 232 36 avhämtning
780 964 205 31 utlämnade

270 1018 271 37 myckenheten;

314 1067 34 37 ce)
364 1071 66 30 den
442 1068 220 38 myckenhet,
674 1078 77 22 som
763 1068 111 31 under
886 1067 99 36 varje

272 1124 67 35 dag
371 1122 199 32 avlämnats
598 1121 13 31 i
639 1119 155 38 enlighet
817 1120 79 31 med
919 1120 19 29 9
962 1114 24 39 $

273 1176 18 29 1
316 1184 117 25 mom.,
457 1174 79 31 med
558 1173 200 36 angivande
780 1170 146 33 särskilt
941 1180 44 22 av

272 1225 220 37 myckenhet,
519 1234 77 21 som
619 1224 200 31 avlämnats
842 1223 14 30 i
878 1222 107 36 enlig-

272 1277 59 31 het
362 1278 80 30 med
473 1276 100 36 varje
604 1275 111 36 enligt
743 1276 19 29 9
790 1269 24 39 $
838 1275 18 29 4
880 1283 104 22 mom.

272 1329 193 36 upprättad
487 1327 244 37 förteckning;
754 1327 92 30 samt

316 1378 37 37 d)
376 1381 66 31 den
470 1380 57 36 för
550 1378 101 38 varje
674 1379 68 36 dag
765 1377 110 37 enligt
901 1378 39 30 10
963 1372 24 39 $

273 1433 199 31 levererade
495 1431 264 37 myckenheten.

316 1482 317 38 Försäljningsbok
648 1484 93 29 samt
752 1481 235 36 förteckning,

273 1546 76 21 som
369 1544 100 23 avses
485 1535 13 31 i
514 1536 19 29 9
549 1530 24 39 $
590 1536 18 28 4
625 1543 116 26 mom.,
757 1532 101 32 skola
873 1531 114 32 hållas

275 1586 222 38 tillgängliga
528 1586 58 35 för
618 1584 216 37 Konungens
867 1583 120 36 befall-

273 1639 275 37 ningshavande,
583 1647 44 21 av
660 1635 327 37 kontrollstyrelsen

273 1691 186 36 förordnat
482 1688 130 32 ombud
635 1690 93 29 samt
743 1687 133 32 allmän
892 1686 96 31 åkla-

274 1752 93 27 gare.

584 1837 40 30 22
649 1832 27 38 $.

318 1905 152 36 (Jämför
483 1907 39 30 17
537 1904 17 37 $
568 1908 17 28 1
599 1905 64 32 och
676 1906 18 29 2
708 1914 104 21 mom.
826 1904 12 30 i
852 1903 135 36 Kungl.

274 1959 121 36 Maij:ts
419 1955 157 38 förslag.)

324 2427 28 29 1.
398 2423 205 33 Överlastad
638 2432 125 27 person
799 2422 55 31 får
882 2421 31 37 ej
939 2423 53 29 ut-

277 2476 123 32 drivas
427 2476 80 32 från
531 2473 378 37 utskänkningsställe,
932 2472 62 32 där

1209 229 198 34 Utskottets
1429 229 153 37 förslag:

1118 650 152 35 (Jämför
1298 652 40 30 17
1363 647 18 38 $
1405 651 17 30 2
1447 650 62 31 och
1534 650 19 31 3
1577 660 103 21 mom.
1704 650 10 30 i
1733 651 55 29 ut-

1070 704 146 30 skottets
1241 700 155 37 förslag.)

1384 1834 40 30 22
1449 1829 28 38 $.

1122 1904 28 30 1.
1180 1902 260 32 Pilsnerdricka
1456 1901 58 32 må
1530 1902 77 31 icke
1622 1901 171 37 försäljas

1076 1955 85 31 eller
1184 1955 178 31 utlämnas
1387 1954 56 31 till
1466 1955 77 34 den,
1564 1963 76 21 som
1656 1953 35 36 ej
1706 1953 86 37 fyllt

1074 2007 147 31 aderton
1244 2006 39 30 år
1306 2005 85 32 eller
1414 2015 76 21 som
1509 2004 226 37 synbarligen
1750 2006 43 29 är

1076 2058 124 31 berörd
1237 2067 44 22 av
1318 2056 281 37 alkoholhaltiga
1633 2056 158 37 drycker,

1075 2110 36 37 ej
1133 2109 110 32 heller
1259 2109 59 32 må
1332 2109 215 37 försäljning
1563 2108 86 31 eller
1664 2107 126 32 utläm-

1075 2163 86 35 ning
1184 2171 45 22 av
1252 2160 257 38 pilsnerdricka
1531 2162 67 35 äga
1621 2170 89 25 rum,
1728 2160 65 30 där

1076 2213 199 37 uppenbart
1309 2215 50 34 är,
1393 2215 54 29 att
1476 2222 110 21 varan
1609 2211 74 32 helt
1706 2211 86 32 eller

1077 2265 111 32 delvis
1215 2266 40 30 är
1278 2265 130 31 avsedd
1431 2266 53 29 att
1506 2264 182 31 användas
1707 2264 14 30 i
1737 2263 55 31 be-

1076 2317 261 36 rusningssyfte
1369 2316 85 31 eller
1487 2316 56 31 till
1566 2314 132 37 olovlig
1722 2315 70 35 för-

1078 2369 168 37 säljning.

1125 2422 30 30 2.
1201 2418 206 34 Överlastad
1441 2429 123 26 person
1600 2419 55 31 får
1683 2419 31 36 ej
1739 2420 54 29 ut-

1082 2472 119 31 drivas
1222 2472 82 31 från
1327 2471 379 36 utskänkningsställe,
1731 2470 63 31 där
