2186 2620
740 184 250 37 Statsutskottets
1014 184 161 38 utlåtande
1203 186 48 33 Nr
1277 187 48 31 17.
1775 189 11 29 4

960 722 59 43 Nr
1047 720 61 47 17.

717 928 107 26 Ankom
847 926 41 28 till
909 928 165 36 riksdagens
1094 929 91 31 kansli
1204 929 52 26 den
1277 930 36 26 30
1328 929 112 35 januari
1462 931 67 25 1920
1549 930 35 27 kl.
1606 931 60 29 !/+3
1684 940 23 16 e.
1728 941 34 16 m.

442 1066 192 37 Utlåtande
661 1068 13 33 i
702 1068 196 45 anledning
927 1080 43 24 av
999 1070 124 36 väckta
1152 1070 174 36 motioner
1353 1082 54 24 om
1429 1071 198 36 beredande
1653 1083 43 23 av
1717 1072 114 34 kredit

635 1136 58 34 vid
721 1140 124 41 export
874 1149 44 23 av
941 1136 111 43 färsk
1073 1137 73 44 fisk
1174 1138 59 35 till
1263 1139 194 45 Tyskland.

1503 1243 71 47 (4:e
1604 1243 97 36 avd.)

363 1391 63 38 Uti
455 1405 47 23 en
533 1392 102 36 inom
665 1393 117 36 andra
809 1394 220 36 kammaren
1068 1395 120 48 väckt,
1219 1396 56 36 till
1304 1397 284 36 statsutskottet
1614 1398 216 37 remitterad

233 1443 142 37 motion
403 1447 59 45 (nr
491 1443 63 48 25)
583 1443 68 37 har
679 1444 87 37 herr
792 1446 45 35 A.
867 1446 292 37 Alexandersson
1187 1461 49 22 m.
1266 1447 36 36 fl.
1323 1448 206 47 hemställt,
1549 1453 55 32 att
1623 1449 204 49 riksdagen

234 1494 85 37 ville
360 1495 308 49 huvudsakligen
696 1496 13 36 i
738 1498 377 37 överensstämmelse
1142 1499 86 36 med
1257 1499 102 37 vissa
1386 1500 11 36 i
1426 1500 194 37 motionen
1656 1505 174 32 närmare

232 1546 169 50 angivna
419 1547 169 48 grunder
607 1548 126 36 lämna
759 1548 191 48 Tyskland
978 1562 46 24 en
1045 1550 124 37 kredit
1188 1564 47 23 av
1255 1552 204 46 3,000,000
1478 1552 141 36 kronor
1638 1553 60 36 för
1716 1553 114 50 inköp

232 1611 46 23 av
304 1598 103 37 färsk
427 1599 59 36 sill
509 1599 84 36 från
611 1603 68 32 vår
706 1600 175 37 västkust
907 1601 120 37 under
1054 1602 67 36 där
1144 1615 50 23 nu
1214 1602 196 49 pågående
1430 1603 310 50 sillfiskesäsong,
1761 1606 67 35 och

231 1649 161 48 anhålla,
422 1656 55 30 att
505 1650 143 50 Kungl.
677 1651 109 49 Maj:t
812 1652 88 37 ville
927 1652 155 49 vidtaga
1110 1653 45 37 de
1184 1655 190 47 åtgärder,
1399 1668 81 23 som
1500 1655 172 37 befinnas
1692 1656 138 49 nödiga

231 1703 58 34 för
317 1702 241 48 utnyttjande
586 1715 46 23 av
661 1703 124 36 denna
812 1703 134 37 kredit.

359 1753 138 37 Vidare
538 1753 69 37 har
649 1755 86 36 herr
775 1756 37 35 S&S.
853 1757 206 35 Jönsson
1037 1749 31 60 i
1102 1757 158 36 Fridhill
1301 1772 48 22 m.
1379 1759 36 35 fl.
1445 1759 12 35 i
1481 1772 46 23 en
1554 1759 104 36 inom
1688 1773 142 23 samma

230 1805 192 36 kammare
463 1805 112 37 väckt
615 1807 144 35 motion
800 1810 60 45 (nr
900 1808 89 47 228)
1032 1808 206 47 hemställt,
1278 1815 54 31 att
1358 1810 204 49 riksdagen
1590 1811 88 36 ville
1706 1812 123 36 lämna

230 1856 193 48 Tyskland
461 1870 47 24 en
549 1857 124 37 kredit
715 1872 46 22 av
797 1872 47 23 en
872 1859 132 48 miljon
1033 1860 140 37 kronor
1201 1861 60 36 för
1288 1862 116 49 inköp
1434 1875 46 23 av
1506 1862 73 36 fisk
1607 1863 85 36 från
1720 1864 107 36 södra

230 1907 157 49 Sverige
428 1909 71 36 och
541 1908 160 47 anhålla,
745 1915 53 31 att
839 1910 141 49 Kungl.
1023 1911 107 49 Maj:t
1157 1912 88 37 ville
1272 1913 156 48 vidtaga
1457 1914 46 35 de
1531 1915 187 47 åtgärder,
1749 1928 78 23 som

230 1959 168 37 befinnas
427 1960 143 48 nödiga
598 1961 59 36 för
684 1962 243 49 utnyttjande
954 1976 47 23 av
1029 1963 123 37 denna
1179 1964 133 37 kredit.

357 2011 240 38 Beträffande
639 2012 46 37 de
726 2014 81 35 skäl
848 2015 279 36 motionärerna
1164 2016 125 37 anfört
1317 2016 56 37 till
1403 2018 83 35 stöd
1517 2018 58 36 för
1604 2019 83 35 sina
1716 2019 112 35 fram-

229 2063 226 48 ställningar
483 2064 57 36 får
567 2064 187 37 utskottet
781 2065 158 37 hänvisa
968 2066 55 36 till
1052 2068 243 36 motionerna.

356 2167 294 47 Ifrågavarande
685 2169 185 48 spörsmål
898 2169 68 37 har
993 2170 162 48 tidigare
1181 2172 98 36 varit
1307 2173 157 36 föremål
1493 2174 58 35 för
1577 2174 251 49 regeringens

228 2218 344 49 uppmärksamhet.
628 2219 66 37 Uti
736 2233 46 23 en
823 2221 120 36 under
969 2222 173 36 sistlidna
1170 2223 86 36 höst
1284 2223 57 37 till
1368 2224 144 50 Kungl.
1542 2225 108 49 Maj:t
1678 2226 147 37 avlåten

229 2269 281 50 framställning
537 2270 128 37 anhöll
706 2272 193 49 nämligen
942 2272 216 51 Göteborgs
1203 2275 71 37 och
1319 2275 128 38 Bohus
1492 2277 83 35 läns
1619 2277 209 38 havsfiske-

231 2329 124 42 Bihang
378 2330 49 32 till
448 2331 188 42 riksdagens
656 2332 155 39 protokoll
836 2334 92 31 1920.
976 2334 21 30 6
1019 2334 88 31 saml.
1155 2336 42 30 16
1221 2335 80 41 häft.
1349 2336 68 38 (Nr
1442 2335 66 36 17)
1768 2339 14 29 1
