2197 2663
745 174 251 33 Stalsutskottets
1025 171 169 35 Utlåtande
1219 170 61 33 N:o
1308 172 49 30 11.
1733 166 60 33 117

639 255 133 51 dighet
808 255 59 37 för
895 253 324 52 pensionskassan
1249 255 54 32 att
1332 251 96 36 afstå
1457 249 64 37 det
1551 248 56 36 för
1637 250 79 34 året
1744 247 91 37 den-

640 323 142 24 samma
826 306 283 39 tillkommande
1152 303 180 50 vederlag
1361 303 58 37 för
1448 302 45 37 de
1524 301 50 36 till
1608 300 229 37 statsverkoet

640 362 187 48 indragna
875 358 401 50 rusthållsafgifterna,
1319 369 81 24 som
1443 355 69 36 ock
1554 353 55 37 till
1652 353 182 49 fyllnads-

641 414 202 51 pensioner
871 414 12 36 i
903 413 170 49 enlighet
1092 411 85 37 med
1196 408 213 39 fastställda
1430 406 168 51 grunder
1618 406 57 36 för
1696 405 139 38 sådana

640 467 221 50 pensioners
890 465 203 50 utgående.

372 574 98 49 48:v)
502 573 83 37 Med
615 571 265 51 tillstyrkande
909 571 40 36 af
974 569 102 37 bifall
1108 567 53 37 till
1196 566 139 49 Kungl.
1366 565 126 48 Maj:ts
1520 563 54 37 nti
1594 562 171 51 punkten
1787 564 46 34 32

244 628 115 36 vuder
388 627 124 36 denna
540 625 231 37 hufvudtitel
798 623 138 50 gjorda
964 619 281 49 frumställning
1274 618 68 36 och
1371 617 119 37 under
1519 615 232 49 hänvisning
1778 614 57 36 till

243 681 63 36 det
352 680 61 36 vid
458 679 121 50 punkt
623 677 71 49 1:0)
736 677 56 36 uti
833 676 104 37 detta
980 672 194 39 utlåtande
1215 672 158 48 intagna
1400 669 141 49 utdrag
1569 668 41 37 al
1635 667 200 38 statsråds-

244 732 230 51 protokollet
517 731 106 37 öfver
664 726 443 41 landtförsvarsärenden
1149 725 72 37 den
1253 727 20 34 2
1304 722 197 38 december
1546 722 97 35 1904
1686 720 56 37 får
1779 724 58 32 ut-

244 786 144 37 skottet
416 783 211 49 hemställa,

776 892 55 32 att
874 885 54 37 bill
969 883 265 39 förstärkande
1270 882 41 36 al
1335 880 63 38 det
1426 879 12 37 i
1470 879 94 37 1908
1595 881 60 34 års
1683 877 157 37 riksstat

647 940 187 51 uppförda
863 939 134 48 anslag
1027 938 58 35 för
1113 936 139 48 bidrag
1280 934 58 36 till
1366 930 273 52 pensionering
1664 930 39 36 af
1720 929 119 36 änkor

646 994 69 38 och
756 993 95 36 barn
893 991 95 37 efter
1028 989 101 37 befäl
1163 988 71 37 och
1262 985 221 38 undorbefäl
1512 983 86 37 med
1626 981 214 38 vederlikar

648 1046 61 36 vid
752 1045 128 36 armén
917 1047 48 45 på
995 1047 107 33 extra
1130 1045 76 32 stat
1234 1040 58 37 för
1320 1041 41 34 år
1391 1038 95 36 1906
1518 1044 58 28 må
1607 1034 150 38 anvisas
1786 1038 54 33 ott

646 1098 137 49 belopp
814 1096 40 37 af
881 1097 109 47 1,379
1021 1095 150 36 kronor.

376 1205 99 50 49:0)
519 1205 64 37 Uti
626 1203 171 50 punkten
840 1204 46 34 33
930 1200 40 37 af
1007 1198 128 38 tionde
1177 1195 260 40 hufvudtiteln
1466 1194 68 36 bar
1563 1193 140 49 Kungl.
1733 1192 107 48 Maj:t

249 1259 197 49 föreslagit
484 1257 220 48 Riksdagen
732 1254 208 50 medgifva,
970 1257 54 32 utt
1052 1251 119 37 indelt
1199 1249 197 48 manskap,
1427 1260 78 23 som
1538 1246 175 36 afskodas
1742 1245 97 36 efter

249 1312 115 37 minst
394 1312 45 35 25
470 1316 59 30 års
556 1307 208 50 tjänstetid,
793 1310 61 33 må
883 1306 146 49 åtnjuta
1056 1302 198 38 underhåll
1286 1301 83 36 från
1399 1299 188 38 Vadstena
1607 1297 232 49 krigsmans-

249 1364 183 37 huskassa
465 1361 84 38 med
580 1363 45 35 36
656 1361 140 36 kronor
825 1359 159 48 årligen,
1014 1360 96 34 samt
1138 1359 20 33 å
1187 1359 106 32 oxtra
1322 1357 75 33 stat
1426 1352 57 36 för
1512 1354 40 33 år
1582 1352 97 35 1906
1711 1349 131 37 anvisa

251 1417 137 48 50,000
431 1416 140 35 kronor
601 1413 86 37 med
714 1411 236 48 benämning
977 1410 79 36 »för
1083 1408 164 49 tidigare
1276 1403 271 52 pensionering
1576 1402 42 37 af
1643 1401 200 38 afskedadt

249 1469 118 37 indelt
395 1467 216 49 manskap»,
642 1469 54 33 att
724 1463 163 38 tilldelas
915 1460 444 51 krigsmanshuskassan.

381 1570 427 51 Statsrådsprotokollet
849 1569 107 36 öfver
998 1563 442 41 landtförsvarsärenden
1469 1561 72 36 den
1573 1561 43 35 16
1648 1559 196 37 december

257 1628 93 36 [904
379 1624 211 38 innehåller
618 1623 12 35 i
660 1623 104 36 detta
793 1626 109 31 ämne
931 1619 167 50 följande
1128 1616 207 38 anförande
1356 1615 40 36 af
1413 1611 429 52 departementschefen.

379 1678 38 36 »I
446 1676 202 38 skrifvelse
678 1675 73 36 den
782 1676 45 34 18
858 1673 72 49 maj
962 1670 258 38 innevarande
1248 1672 40 33 år
1316 1666 199 50 angående
1543 1664 245 50 regleringen
1812 1661 36 38 al

251 1731 210 50 utgifterna
502 1729 121 37 under
659 1727 225 38 riksstatens
911 1725 128 37 tionde
1067 1721 235 39 hufvudtiel
1330 1721 69 36 har
1426 1718 222 49 Riksdagen
1678 1715 169 48 anhållit,

251 1784 117 37 bland
411 1787 127 42 annat,
577 1781 64 36 det
668 1780 120 36 Eders
818 1778 141 48 Kungl.
989 1777 110 49 Maj:t
1127 1775 147 36 täcktes
1302 1773 158 48 vidtaga
1488 1771 142 36 sådana
1659 1769 190 49 åtgärder,

253 1842 55 32 att
346 1849 51 24 nu
426 1833 254 38 kvarstående
708 1831 121 37 indelt
858 1830 184 49 manskap
1070 1831 119 34 måtte
1217 1826 120 38 blifva
1365 1823 234 50 berättigadt
1627 1821 58 37 till
1713 1821 137 37 undor-

256 1889 75 37 håll
373 1889 86 36 från
500 1886 195 38 Vadstena
735 1881 406 52 krigsmanshuskassa
1182 1880 94 36 efter
1323 1879 46 35 25
1409 1876 163 49 tjänstår
1599 1874 12 36 i
1640 1873 125 37 stället
1794 1873 58 36 för

255 1943 97 36 efter
394 1954 52 23 nu
487 1939 59 36 för
587 1938 101 36 vissa
731 1936 65 37 fall
836 1934 196 38 bestämda
1074 1935 48 34 30
1163 1933 174 48 tjänstår.
1395 1929 125 37 Sedan
1556 1927 121 36 Eders
1706 1926 143 48 Kungl.

253 1994 109 48 Maj:b
402 2005 139 36 genom
582 1990 135 48 nådigt
760 1988 87 37 bref
885 1988 73 36 den
998 1988 17 34 1
1048 1983 289 52 därpåföljande
1361 1981 71 50 juli
1462 1979 182 38 anbefallt
1674 1978 178 37 armfbför-

254 2045 227 49 valtningen
523 2047 20 33 å
584 2042 111 37 civila
736 2041 301 50 departementet
1074 2043 55 32 att
1156 2036 194 37 inkomma
1378 2034 85 36 med
1491 2031 255 48 underdånigt
1773 2035 81 45 ytt-

255 2099 117 37 rande
408 2097 71 37 och
506 2095 144 48 förslag
679 2094 12 36 i
720 2093 167 48 ärendet,
917 2092 69 37 har
1014 2088 388 48 arméförvaltningen
1434 2086 12 36 i
1473 2083 240 50 underdånig
1742 2082 113 38 skrif-

258 2151 102 37 velse
402 2149 11 36 i
455 2153 127 32 ämnet
626 2147 73 37 den
743 2148 46 35 13
831 2144 260 38 innevarande
1134 2141 200 38 december
1363 2138 150 48 erinrat,
1544 2141 52 33 att
1625 2136 63 36 det
1715 2134 141 37 indelta

257 2203 238 48 manskapet,
537 2207 105 30 utom
686 2199 62 37 vid
776 2197 179 38 inträffad
985 2196 115 38 skada
1128 2194 120 38 under
1276 2191 276 52 tjänstgöring,
1581 2201 91 24 voro
1695 2187 158 38 berätti-

259 2256 91 49 gadt
391 2255 55 36 till
489 2251 199 39 nnderhåll
729 2252 12 36 i
783 2251 122 49 tredje
947 2249 153 37 klassen
1142 2248 40 36 af
1218 2243 433 52 krigsmanshuskassan
1687 2240 85 37 med
1806 2241 46 34 36

257 2295 7 9 <

258 2309 141 37 kronor
442 2306 146 50 årligen
630 2305 96 37 efter
768 2304 93 38 fulla
903 2304 47 36 30
992 2302 159 49 tjänstår
1193 2304 95 34 samt
1321 2298 11 38 i
1360 2296 120 51 fjärde
1510 2295 153 37 klassen
1691 2293 85 38 med
1806 2294 48 34 24

1923 555 67 31 Ång.

1870 588 174 33 förstärkande

1854 627 30 27 af
1907 627 38 23 det
1963 627 10 22 i
1990 625 71 24 1905

1878 659 41 26 ärs
1937 662 98 23 riksstat

1867 698 121 30 uppförda
2007 704 41 16 an-

1857 734 51 30 slag
1923 733 40 32 för
1976 733 85 30 bidrag

1857 770 36 22 till
1897 768 165 30 pensionering

1870 804 29 29 af
1914 804 75 23 änkor
2008 803 42 23 och

1859 840 60 23 barn
1929 840 58 29 efter
1998 838 66 30 befäl

1858 875 41 24 och
1923 874 142 27 underbefäl

1887 911 40 23 vid
1944 909 89 25 armäön.

1912 945 93 48 [32.]

1927 1191 67 32 Ang.

1876 1227 130 24 beredande
2026 1227 28 30 af

1869 1265 49 21 rätt
1931 1262 43 31 för
1996 1263 71 23 kvar-

1869 1294 95 27 stående
1992 1299 75 23 indelt

1879 1334 116 29 manskap
2013 1335 38 22 till

1859 1366 126 26 underhåll
2001 1366 65 34 från

1868 1404 198 31 Vadstenakrigs-

1871 1440 186 24 manshuskassa

1908 1476 61 30 efter
1988 1474 34 25 25

1861 1508 102 34 tjänstår
1985 1511 9 23 i
2013 1511 55 29 fall,

1891 1548 45 23 där
1954 1555 34 16 nu
2007 1546 35 25 30

1880 1579 101 34 tjänstår
2001 1585 42 21 äro

1882 1618 164 31 föreskrifna.

1923 1653 91 48 [33.]
