2201 2690
147 278 64 31 Ang.
231 274 39 28 två
292 278 61 23 inom

159 314 90 24 Andra
269 313 75 23 Kam-

158 358 83 15 maren
259 349 86 24 väckta

187 386 121 23 motioner.

197 1537 125 24 Utskoltets

194 1574 121 28 Yttrande,

414 186 61 32 120
867 183 256 37 Statsutskottets
1152 186 167 34 Utlåtande
1344 186 61 33 N:o
1428 186 51 33 11.

503 267 13 36 I
545 266 181 37 samband
755 267 86 36 med
869 268 123 48 punkt
1013 269 45 35 33
1088 268 69 36 har
1185 267 185 37 utskottet
1398 265 165 38 förehaft
1577 264 56 37 till
1650 264 233 50 behandling
1899 267 64 34 två

372 320 102 37 inom
504 319 128 37 Andra
660 319 228 38 Kammaren
918 320 146 49 väckta,
1094 320 56 38 till
1179 320 185 37 utskottet
1391 318 243 39 remitterade
1662 317 197 49 motioner,
1881 318 82 37 där-

371 373 55 37 uti
456 373 213 38 hemställts

502 426 80 36 dels
623 425 55 37 uti
707 426 193 37 motionen
929 440 61 23 n:o
1019 428 48 35 34
1097 427 39 36 af
1161 427 87 36 herr
1281 427 38 36 C.
1348 427 36 37 J.
1422 425 211 49 Wahlquist,
1663 429 54 32 att
1745 423 219 49 Riksdagen

372 479 86 37 ville
486 478 149 38 besluta
664 483 54 32 att
747 478 11 37 i
787 478 198 38 skrifvelse
1014 478 57 38 till
1099 478 140 50 Kungl.
1270 478 107 49 Maj:t
1396 478 210 48 hemställa,
1625 482 52 32 att
1695 477 142 49 Kungl.
1858 476 108 50 Maj:t

372 532 146 37 täcktes
559 532 156 48 vidtaga
757 532 138 36 sådana
936 532 189 49 åtgärder,
1169 509 54 60 att
1265 545 50 23 nu
1349 507 257 61 kvarstående
1633 529 121 37 indelt
1782 506 183 71 manskap

372 588 117 34 måtte
531 584 116 37 redan
689 584 94 37 efter
823 585 203 49 uppnådda
1070 586 45 35 20
1157 585 184 49 tjänsteår
1384 584 128 36 kunna
1549 583 141 37 erhålla
1719 582 133 38 afsked
1880 582 86 36 med

374 637 176 38 anmälan
579 637 57 37 till
665 637 199 37 underhåll
892 638 84 36 från
1004 638 195 37 Vadstena
1230 636 415 50 krigsmanshuskassa,
1674 638 48 47 på
1743 635 221 49 expektans,

373 694 40 34 så
442 695 105 33 snart
576 690 71 37 den
676 690 203 37 afskedade
908 693 161 47 uppnått
1099 703 46 24 en
1174 689 101 38 ålder
1305 690 40 36 af
1371 691 47 35 50
1447 692 41 34 år
1516 688 71 38 och
1616 690 47 35 30
1694 691 38 33 år
1760 688 84 36 från
1871 687 94 37 hans

373 743 216 49 antagande
618 743 11 35 i
657 743 119 48 tjänst
804 743 169 47 förflutit,

503 796 78 36 dels
624 795 70 37 ock
734 795 56 37 uti
831 795 193 38 motionen
1066 809 61 23 n:o
1172 797 70 35 133
1273 795 40 36 af
1339 795 88 36 herr
1457 792 47 40 D.
1534 794 206 49 Holmgren,
1772 798 54 31 att
1854 792 110 37 Riks-

374 850 124 49 dagen
539 848 89 37 ville
660 848 11 36 i
700 847 199 38 skrifvelse
941 848 57 36 till
1038 849 143 48 Kungl.
1225 847 106 49 Maj:t
1373 846 159 49 anhålla,
1577 851 55 32 att
1673 846 141 48 Kungl
1858 844 108 50 Maj:t

373 879 146 60 täcktes
560 901 75 37 låta
675 901 174 37 utarbeta
891 900 70 37 och
1003 901 57 37 för
1101 901 218 48 Riksdagen
1360 900 217 48 framlägga
1615 875 172 90 förslag,
1799 897 80 38 dels
1908 897 55 37 till

374 954 210 37 förbättrad
625 952 273 51 pensionering
940 953 40 37 af
1013 953 64 38 det
1104 929 164 61 indelta
1273 952 224 50 manskapet
1525 952 64 37 vid
1618 952 139 48 armén,
1788 950 78 38 dels
1895 951 70 37 ock

374 1007 57 37 till
473 1007 221 49 förhöjning
722 1006 12 36 i
762 1007 46 36 de
850 1006 179 50 gratialer
1070 1006 69 37 och
1181 1004 431 49 ålderdomsunderstöd,
1656 1018 79 23 som
1764 1004 122 48 enligt
1914 1017 50 23 nu

374 1060 217 50 tillämpade
633 1060 167 49 grunder
837 1062 93 46 utgå
958 1059 57 37 till
1045 1059 114 37 redan
1189 1058 199 38 afskedadt
1416 1030 197 82 manskap,
1644 1058 70 36 och
1742 1057 11 36 i
1782 1033 184 61 samband

375 1113 154 37 därmed
570 1089 143 71 utreda,
757 1112 100 37 hvad
881 1088 159 61 utöfver
1068 1112 59 37 för
1156 1112 135 37 sådant
1319 1111 174 37 ändamål
1520 1111 116 36 redan
1665 1109 199 49 befintliga
1891 1109 75 37 till-

374 1169 160 46 gångar,
565 1165 11 36 i
604 1141 109 61 såväl
737 1164 44 37 de
809 1164 120 37 under
958 1165 295 36 statskontorets
1282 1177 81 24 som
1391 1163 122 37 under
1541 1163 46 37 de
1612 1162 100 37 olika
1732 1135 234 80 regements-

374 1195 351 71 förvaltningarnas
762 1217 92 36 vård
883 1217 155 36 stående
1068 1217 131 36 kassor
1228 1216 69 36 och
1324 1216 147 48 fonder,
1500 1216 152 36 kräfves
1682 1214 40 37 af
1746 1214 220 37 statsmedel

376 1271 58 36 för
462 1284 47 23 on
538 1269 104 50 dylik
671 1269 213 37 förbättrad
912 1269 293 58 pensionerings
1235 1268 246 49 fullständiga
1509 1267 309 50 genomförande.

503 1321 15 37 I
548 1321 177 38 afseende
754 1325 20 33 å
803 1322 44 36 de
877 1322 92 48 skäl,
1000 1335 77 23 som
1107 1321 55 37 uti
1190 1322 95 36 hvar
1314 1321 70 37 och
1411 1334 47 23 en
1479 1321 39 36 af
1534 1319 278 38 ofvanberörda
1833 1318 134 38 motio-

375 1389 68 23 ner
484 1374 145 37 anförts
669 1374 56 36 till
768 1374 84 37 stöd
894 1375 57 35 för
962 1350 97 60 däri
1088 1374 228 37 framställdt
1345 1373 155 49 förslag,
1531 1373 139 37 tillåter
1698 1372 58 50 sig
1785 1372 183 37 utskottet

375 1428 158 36 hänvisa
563 1427 52 36 till
647 1426 236 38 motionerna
913 1427 11 36 i
952 1427 120 49 fråga.

507 1532 138 50 Kungl.
688 1531 127 51 Maj:ts
857 1532 243 37 förevarande
1130 1531 292 49 framställning,
1453 1545 81 23 som
1563 1529 209 38 föranledts
1801 1530 41 36 af
1866 1534 102 32 näst-

376 1586 103 36 lidna
508 1588 59 34 års
597 1547 188 87 Riksdags
814 1585 85 36 med
929 1584 208 49 anledning
1167 1585 40 36 af
1231 1584 88 36 herr
1347 1583 235 50 Wahlquists
1611 1582 46 37 då
1671 1582 139 37 väckta
1825 1582 143 37 motion

375 1638 12 36 i
416 1643 127 32 ämnet
573 1638 135 36 aflåtna
737 1637 209 48 skrifvelse,
977 1650 111 36 synes
1116 1637 188 36 utskottet
1333 1636 89 37 böra
1450 1637 115 36 vinna
1589 1635 240 49 Riksdagens
1849 1635 117 36 bifall.

376 1691 57 36 Då
474 1691 63 36 det
578 1690 222 50 ifrågasatta
841 1690 182 48 anslaget,
1063 1689 236 38 beträffande
1328 1689 112 37 hvars
1470 1687 247 49 användning
1744 1687 107 37 torde
1879 1687 90 37 böra

374 1742 259 50 uttryckligen
676 1743 166 48 stadgas,
881 1747 55 32 att
964 1742 207 37 detsamma
1200 1741 134 37 endast
1362 1741 57 37 får
1447 1740 135 38 anlitas
1611 1740 58 37 för
1697 1740 272 49 pensionering

377 1796 39 36 af
441 1795 119 37 indelt
588 1795 185 49 manskap
802 1795 85 36 med
916 1808 46 23 en
990 1794 246 50 tjänsteålder
1265 1794 62 37 vid
1357 1794 172 36 afskedet
1550 1793 39 37 af
1606 1794 151 36 25—30
1779 1795 51 45 år,
1851 1792 119 49 enligt

376 1848 100 36 hvad
518 1848 40 36 af
597 1847 441 50 departementschefens
1085 1846 206 38 anförande
1328 1847 168 48 framgår
1524 1845 183 50 möjligen
1736 1845 82 37 icke
1850 1845 120 36 skulle

376 1900 166 37 behöfva
569 1900 12 36 i
610 1900 85 37 dess
735 1899 129 37 helhet
901 1904 108 44 tagas
1037 1899 13 36 i
1078 1899 165 50 anspråk
1270 1898 59 37 för
1357 1898 164 37 nämnda
1550 1897 187 48 ändamål,
1767 1897 110 37 torde
1906 1909 64 24 an-

377 1953 122 49 slaget
527 1952 207 50 lämpligen
763 1952 91 36 böra
883 1930 141 58 erhålla
1052 1952 320 48 förslagsanslags
1401 1956 121 31 natur.

504 2005 111 36 Hvad
644 2007 80 34 åter
753 2004 179 37 beträffar
960 2004 88 36 herr
1075 1981 234 72 Wablquists
1330 2017 48 22 ov
1400 2002 249 38 förevarande
1669 2000 175 49 förslag
1831 1996 19 59 i
1867 2001 102 49 syfte

377 2062 54 31 att
460 2057 63 37 det
551 2056 250 38 kvarstående
829 2056 141 37 indelta
989 2056 225 49 manskapet
1234 2059 117 33 måtte
1371 2055 119 37 blifva
1509 2054 233 49 berättigadt
1758 2031 56 59 till
1831 2054 137 36 under-

376 2109 86 37 stöd
474 2109 83 37 från
569 2109 194 37 Vadstena
774 2108 403 49 krigsmanshuskassa
1188 2108 115 36 redan
1315 2107 96 37 efter
1424 2109 47 35 20
1484 2106 274 51 tjänsteår,
1699 2102 60 59 har
1770 2106 200 47 utskottet,

376 2175 81 23 som
487 2175 108 24 anser
620 2164 126 47 någon
775 2161 74 37 tids
870 2161 214 36 erfarenhet
1102 2160 237 37 beträffande
1359 2160 285 48 verkningarna
1665 2159 39 36 af
1721 2163 55 32 ett
1791 2158 106 37 bifall
1912 2158 58 36 till

376 2214 143 49 Kungl.
562 2214 128 49 Maj:ts
731 2213 63 37 vid
836 2213 124 37 denna
1001 2212 156 50 riksdag
1198 2212 136 50 gjorda
1371 2212 283 48 framställning
1686 2211 11 36 1
1726 2215 127 32 ämnet
1880 2209 90 38 böra

378 2266 173 38 afvaktas
579 2266 115 37 innan
725 2266 177 49 åtgärder
930 2265 173 50 vidtagas
1131 2266 59 36 för
1216 2265 225 49 ytterligare
1461 2264 230 49 förändring
1709 2264 56 36 uti
1785 2263 186 37 villkoren

378 2319 58 36 för
465 2319 223 49 åtnjutande
717 2319 41 36 af
782 2318 205 37 understöd
1014 2318 82 37 från
1117 2318 249 36 omförmälda
1385 2318 123 49 kassa,
1532 2316 128 38 funnit
1678 2315 292 50 ifrågavarande

376 2371 144 37 motion
549 2385 49 23 nu
628 2371 82 37 icke
739 2371 89 37 böra
860 2371 40 36 af
926 2370 219 50 Riksdagen
1174 2369 160 39 bifallas.
