<?xml version="1.0" encoding="UTF-8"?>
<alto xmlns="http://www.loc.gov/standards/alto/ns-v3#" xmlns:xlink="http://www.w3.org/1999/xlink" xmlns:xsi="http://www.w3.org/2001/XMLSchema-instance" xsi:schemaLocation="http://www.loc.gov/standards/alto/ns-v3# http://www.loc.gov/alto/v3/alto-3-0.xsd">
	<Description>
		<MeasurementUnit>pixel</MeasurementUnit>
		<sourceImageInformation>
			<fileName>/tmp/tess_9h7yoyfl_input.PNG</fileName>
		</sourceImageInformation>
		<OCRProcessing ID="OCR_0">
			<ocrProcessingStep>
				<processingSoftware>
					<softwareName>tesseract 5.3.0</softwareName>
				</processingSoftware>
			</ocrProcessingStep>
		</OCRProcessing>
	</Description>
	<Layout>
		<Page WIDTH="1902" HEIGHT="2786" PHYSICAL_IMG_NR="0" ID="page_0">
			<PrintSpace HPOS="0" VPOS="0" WIDTH="1902" HEIGHT="2786">
				<ComposedBlock ID="cblock_0" HPOS="291" VPOS="181" WIDTH="1049" HEIGHT="37">
					<TextBlock ID="block_0" HPOS="291" VPOS="181" WIDTH="1049" HEIGHT="37">
						<TextLine ID="line_0" HPOS="291" VPOS="181" WIDTH="1049" HEIGHT="37">
							<String ID="string_0" HPOS="291" VPOS="184" WIDTH="62" HEIGHT="30" WC="0.96" CONTENT="150"/><SP WIDTH="372" VPOS="184" HPOS="353"/>
							<String ID="string_1" HPOS="725" VPOS="181" WIDTH="296" HEIGHT="36" WC="0.90" CONTENT="Statsutskottets"/><SP WIDTH="18" VPOS="181" HPOS="1021"/>
							<String ID="string_2" HPOS="1039" VPOS="183" WIDTH="188" HEIGHT="34" WC="0.96" CONTENT="utlåtande"/><SP WIDTH="19" VPOS="183" HPOS="1227"/>
							<String ID="string_3" HPOS="1246" VPOS="196" WIDTH="42" HEIGHT="21" WC="0.96" CONTENT="nr"/><SP WIDTH="18" VPOS="196" HPOS="1288"/>
							<String ID="string_4" HPOS="1306" VPOS="186" WIDTH="34" HEIGHT="32" WC="0.96" CONTENT="8."/>
						</TextLine>
					</TextBlock>
				</ComposedBlock>
				<ComposedBlock ID="cblock_1" HPOS="285" VPOS="261" WIDTH="1489" HEIGHT="256">
					<TextBlock ID="block_1" HPOS="285" VPOS="261" WIDTH="1489" HEIGHT="256">
						<TextLine ID="line_1" HPOS="331" VPOS="261" WIDTH="1443" HEIGHT="46">
							<String ID="string_5" HPOS="331" VPOS="261" WIDTH="117" HEIGHT="42" WC="0.86" CONTENT="312:0)"/><SP WIDTH="28" VPOS="261" HPOS="448"/>
							<String ID="string_6" HPOS="476" VPOS="261" WIDTH="141" HEIGHT="43" WC="0.96" CONTENT="Bidrag"/><SP WIDTH="18" VPOS="261" HPOS="617"/>
							<String ID="string_7" HPOS="635" VPOS="262" WIDTH="59" HEIGHT="34" WC="0.96" CONTENT="till"/><SP WIDTH="19" VPOS="262" HPOS="694"/>
							<String ID="string_8" HPOS="713" VPOS="262" WIDTH="284" HEIGHT="35" WC="0.95" CONTENT="verksamheten"/><SP WIDTH="18" VPOS="262" HPOS="997"/>
							<String ID="string_9" HPOS="1015" VPOS="263" WIDTH="64" HEIGHT="34" WC="0.93" CONTENT="vid"/><SP WIDTH="18" VPOS="263" HPOS="1079"/>
							<String ID="string_10" HPOS="1097" VPOS="263" WIDTH="233" HEIGHT="43" WC="0.87" CONTENT="hemgårdar."/><SP WIDTH="20" VPOS="263" HPOS="1330"/>
							<String ID="string_11" HPOS="1350" VPOS="265" WIDTH="143" HEIGHT="42" WC="0.96" CONTENT="Bidrag"/><SP WIDTH="17" VPOS="265" HPOS="1493"/>
							<String ID="string_12" HPOS="1510" VPOS="265" WIDTH="58" HEIGHT="34" WC="0.92" CONTENT="till"/><SP WIDTH="19" VPOS="265" HPOS="1568"/>
							<String ID="string_13" HPOS="1587" VPOS="266" WIDTH="187" HEIGHT="33" WC="0.89" CONTENT="verksam-"/>
						</TextLine>
						<TextLine ID="line_2" HPOS="287" VPOS="315" WIDTH="1487" HEIGHT="45">
							<String ID="string_14" HPOS="287" VPOS="315" WIDTH="108" HEIGHT="33" WC="0.96" CONTENT="heten"/><SP WIDTH="21" VPOS="315" HPOS="395"/>
							<String ID="string_15" HPOS="416" VPOS="315" WIDTH="65" HEIGHT="34" WC="0.93" CONTENT="vid"/><SP WIDTH="20" VPOS="315" HPOS="481"/>
							<String ID="string_16" HPOS="501" VPOS="315" WIDTH="218" HEIGHT="35" WC="0.55" CONTENT="studiehem,"/><SP WIDTH="30" VPOS="315" HPOS="719"/>
							<String ID="string_17" HPOS="749" VPOS="315" WIDTH="131" HEIGHT="43" WC="0.95" CONTENT="Kungl."/><SP WIDTH="19" VPOS="315" HPOS="880"/>
							<String ID="string_18" HPOS="899" VPOS="315" WIDTH="112" HEIGHT="43" WC="0.96" CONTENT="Maj:t"/><SP WIDTH="17" VPOS="315" HPOS="1011"/>
							<String ID="string_19" HPOS="1028" VPOS="316" WIDTH="65" HEIGHT="33" WC="0.96" CONTENT="har"/><SP WIDTH="22" VPOS="316" HPOS="1093"/>
							<String ID="string_20" HPOS="1115" VPOS="316" WIDTH="131" HEIGHT="43" WC="0.95" CONTENT="(punkt"/><SP WIDTH="19" VPOS="316" HPOS="1246"/>
							<String ID="string_21" HPOS="1265" VPOS="320" WIDTH="77" HEIGHT="37" WC="0.93" CONTENT="326,"/><SP WIDTH="20" VPOS="320" HPOS="1342"/>
							<String ID="string_22" HPOS="1362" VPOS="329" WIDTH="27" HEIGHT="22" WC="0.92" CONTENT="s."/><SP WIDTH="20" VPOS="329" HPOS="1389"/>
							<String ID="string_23" HPOS="1409" VPOS="320" WIDTH="66" HEIGHT="30" WC="0.96" CONTENT="444"/><SP WIDTH="21" VPOS="320" HPOS="1475"/>
							<String ID="string_24" HPOS="1496" VPOS="318" WIDTH="65" HEIGHT="33" WC="0.96" CONTENT="och"/><SP WIDTH="20" VPOS="318" HPOS="1561"/>
							<String ID="string_25" HPOS="1581" VPOS="318" WIDTH="82" HEIGHT="42" WC="0.93" CONTENT="445)"/><SP WIDTH="23" VPOS="318" HPOS="1663"/>
							<String ID="string_26" HPOS="1686" VPOS="318" WIDTH="88" HEIGHT="34" WC="0.91" CONTENT="före-"/>
						</TextLine>
						<TextLine ID="line_3" HPOS="286" VPOS="367" WIDTH="1487" HEIGHT="45">
							<String ID="string_27" HPOS="286" VPOS="367" WIDTH="104" HEIGHT="42" WC="0.96" CONTENT="slagit"/><SP WIDTH="15" VPOS="367" HPOS="390"/>
							<String ID="string_28" HPOS="405" VPOS="368" WIDTH="186" HEIGHT="42" WC="0.96" CONTENT="riksdagen"/><SP WIDTH="17" VPOS="368" HPOS="591"/>
							<String ID="string_29" HPOS="608" VPOS="372" WIDTH="56" HEIGHT="30" WC="0.96" CONTENT="att"/><SP WIDTH="16" VPOS="372" HPOS="664"/>
							<String ID="string_30" HPOS="680" VPOS="368" WIDTH="55" HEIGHT="34" WC="0.96" CONTENT="för"/><SP WIDTH="15" VPOS="368" HPOS="735"/>
							<String ID="string_31" HPOS="750" VPOS="369" WIDTH="211" HEIGHT="42" WC="0.96" CONTENT="budgetåret"/><SP WIDTH="19" VPOS="369" HPOS="961"/>
							<String ID="string_32" HPOS="980" VPOS="373" WIDTH="83" HEIGHT="30" WC="0.0" CONTENT="1951"/><SP WIDTH="7" VPOS="373" HPOS="1063"/>
							<String ID="string_33" HPOS="1070" VPOS="369" WIDTH="65" HEIGHT="43" WC="0.0" CONTENT="/52"/><SP WIDTH="18" VPOS="369" HPOS="1135"/>
							<String ID="string_34" HPOS="1153" VPOS="370" WIDTH="53" HEIGHT="33" WC="0.93" CONTENT="till"/><SP WIDTH="16" VPOS="370" HPOS="1206"/>
							<String ID="string_35" HPOS="1222" VPOS="374" WIDTH="135" HEIGHT="30" WC="0.91" CONTENT="ettvart"/><SP WIDTH="17" VPOS="374" HPOS="1357"/>
							<String ID="string_36" HPOS="1374" VPOS="383" WIDTH="46" HEIGHT="21" WC="0.96" CONTENT="av"/><SP WIDTH="17" VPOS="383" HPOS="1420"/>
							<String ID="string_37" HPOS="1437" VPOS="371" WIDTH="101" HEIGHT="33" WC="0.96" CONTENT="dessa"/><SP WIDTH="16" VPOS="371" HPOS="1538"/>
							<String ID="string_38" HPOS="1554" VPOS="372" WIDTH="96" HEIGHT="33" WC="0.93" CONTENT="båda"/><SP WIDTH="16" VPOS="372" HPOS="1650"/>
							<String ID="string_39" HPOS="1666" VPOS="373" WIDTH="107" HEIGHT="33" WC="0.92" CONTENT="ända-"/>
						</TextLine>
						<TextLine ID="line_4" HPOS="285" VPOS="421" WIDTH="1488" HEIGHT="43">
							<String ID="string_40" HPOS="285" VPOS="421" WIDTH="70" HEIGHT="33" WC="0.96" CONTENT="mål"/><SP WIDTH="25" VPOS="421" HPOS="355"/>
							<String ID="string_41" HPOS="380" VPOS="421" WIDTH="124" HEIGHT="34" WC="0.96" CONTENT="anvisa"/><SP WIDTH="22" VPOS="421" HPOS="504"/>
							<String ID="string_42" HPOS="526" VPOS="426" WIDTH="53" HEIGHT="29" WC="0.96" CONTENT="ett"/><SP WIDTH="24" VPOS="426" HPOS="579"/>
							<String ID="string_43" HPOS="603" VPOS="422" WIDTH="123" HEIGHT="42" WC="0.96" CONTENT="anslag"/><SP WIDTH="23" VPOS="422" HPOS="726"/>
							<String ID="string_44" HPOS="749" VPOS="434" WIDTH="45" HEIGHT="21" WC="0.96" CONTENT="av"/><SP WIDTH="23" VPOS="434" HPOS="794"/>
							<String ID="string_45" HPOS="817" VPOS="426" WIDTH="44" HEIGHT="30" WC="0.95" CONTENT="30"/><SP WIDTH="14" VPOS="426" HPOS="861"/>
							<String ID="string_46" HPOS="875" VPOS="426" WIDTH="67" HEIGHT="30" WC="0.95" CONTENT="000"/><SP WIDTH="23" VPOS="426" HPOS="942"/>
							<String ID="string_47" HPOS="965" VPOS="422" WIDTH="139" HEIGHT="41" WC="0.96" CONTENT="kronor,"/><SP WIDTH="24" VPOS="422" HPOS="1104"/>
							<String ID="string_48" HPOS="1128" VPOS="423" WIDTH="237" HEIGHT="34" WC="0.96" CONTENT="innebärande"/><SP WIDTH="25" VPOS="423" HPOS="1365"/>
							<String ID="string_49" HPOS="1390" VPOS="424" WIDTH="213" HEIGHT="35" WC="0.93" CONTENT="oförändrad"/><SP WIDTH="24" VPOS="424" HPOS="1603"/>
							<String ID="string_50" HPOS="1627" VPOS="425" WIDTH="146" HEIGHT="34" WC="0.92" CONTENT="medels-"/>
						</TextLine>
						<TextLine ID="line_5" HPOS="287" VPOS="474" WIDTH="197" HEIGHT="43">
							<String ID="string_51" HPOS="287" VPOS="474" WIDTH="197" HEIGHT="43" WC="0.95" CONTENT="anvisning."/>
						</TextLine>
					</TextBlock>
				</ComposedBlock>
				<ComposedBlock ID="cblock_2" HPOS="285" VPOS="545" WIDTH="1492" HEIGHT="202">
					<TextBlock ID="block_2" HPOS="285" VPOS="545" WIDTH="1492" HEIGHT="202">
						<TextLine ID="line_6" HPOS="330" VPOS="545" WIDTH="1443" HEIGHT="45">
							<String ID="string_52" HPOS="330" VPOS="545" WIDTH="19" HEIGHT="33" WC="0.96" CONTENT="I"/><SP WIDTH="15" VPOS="545" HPOS="349"/>
							<String ID="string_53" HPOS="364" VPOS="545" WIDTH="103" HEIGHT="34" WC="0.96" CONTENT="detta"/><SP WIDTH="15" VPOS="545" HPOS="467"/>
							<String ID="string_54" HPOS="482" VPOS="546" WIDTH="256" HEIGHT="43" WC="0.95" CONTENT="sammanhang"/><SP WIDTH="14" VPOS="546" HPOS="738"/>
							<String ID="string_55" HPOS="752" VPOS="546" WIDTH="64" HEIGHT="33" WC="0.96" CONTENT="har"/><SP WIDTH="14" VPOS="546" HPOS="816"/>
							<String ID="string_56" HPOS="830" VPOS="547" WIDTH="179" HEIGHT="33" WC="0.96" CONTENT="utskottet"/><SP WIDTH="15" VPOS="547" HPOS="1009"/>
							<String ID="string_57" HPOS="1024" VPOS="547" WIDTH="53" HEIGHT="34" WC="0.96" CONTENT="till"/><SP WIDTH="16" VPOS="547" HPOS="1077"/>
							<String ID="string_58" HPOS="1093" VPOS="547" WIDTH="214" HEIGHT="43" WC="0.93" CONTENT="behandling"/><SP WIDTH="14" VPOS="547" HPOS="1307"/>
							<String ID="string_59" HPOS="1321" VPOS="548" WIDTH="156" HEIGHT="34" WC="0.92" CONTENT="förehaft"/><SP WIDTH="14" VPOS="548" HPOS="1477"/>
							<String ID="string_60" HPOS="1491" VPOS="561" WIDTH="43" HEIGHT="21" WC="0.95" CONTENT="en"/><SP WIDTH="16" VPOS="561" HPOS="1534"/>
							<String ID="string_61" HPOS="1550" VPOS="549" WIDTH="99" HEIGHT="34" WC="0.95" CONTENT="inom"/><SP WIDTH="14" VPOS="549" HPOS="1649"/>
							<String ID="string_62" HPOS="1663" VPOS="550" WIDTH="110" HEIGHT="33" WC="0.96" CONTENT="andra"/>
						</TextLine>
						<TextLine ID="line_7" HPOS="287" VPOS="598" WIDTH="1490" HEIGHT="46">
							<String ID="string_63" HPOS="287" VPOS="598" WIDTH="207" HEIGHT="34" WC="0.96" CONTENT="kammaren"/><SP WIDTH="20" VPOS="598" HPOS="494"/>
							<String ID="string_64" HPOS="514" VPOS="611" WIDTH="45" HEIGHT="21" WC="0.96" CONTENT="av"/><SP WIDTH="19" VPOS="611" HPOS="559"/>
							<String ID="string_65" HPOS="578" VPOS="598" WIDTH="125" HEIGHT="35" WC="0.93" CONTENT="fröken"/><SP WIDTH="18" VPOS="598" HPOS="703"/>
							<String ID="string_66" HPOS="721" VPOS="598" WIDTH="127" HEIGHT="35" WC="0.91" CONTENT="Elmén"/><SP WIDTH="19" VPOS="598" HPOS="848"/>
							<String ID="string_67" HPOS="867" VPOS="612" WIDTH="49" HEIGHT="22" WC="0.90" CONTENT="m."/><SP WIDTH="17" VPOS="612" HPOS="916"/>
							<String ID="string_68" HPOS="933" VPOS="600" WIDTH="39" HEIGHT="42" WC="0.95" CONTENT="fl."/><SP WIDTH="18" VPOS="600" HPOS="972"/>
							<String ID="string_69" HPOS="990" VPOS="600" WIDTH="109" HEIGHT="34" WC="0.96" CONTENT="väckt"/><SP WIDTH="18" VPOS="600" HPOS="1099"/>
							<String ID="string_70" HPOS="1117" VPOS="601" WIDTH="137" HEIGHT="33" WC="0.95" CONTENT="motion"/><SP WIDTH="22" VPOS="601" HPOS="1254"/>
							<String ID="string_71" HPOS="1276" VPOS="601" WIDTH="63" HEIGHT="42" WC="0.95" CONTENT="(II:"/><SP WIDTH="15" VPOS="601" HPOS="1339"/>
							<String ID="string_72" HPOS="1354" VPOS="602" WIDTH="97" HEIGHT="42" WC="0.95" CONTENT="249),"/><SP WIDTH="21" VPOS="602" HPOS="1451"/>
							<String ID="string_73" HPOS="1472" VPOS="602" WIDTH="75" HEIGHT="34" WC="0.93" CONTENT="vari"/><SP WIDTH="19" VPOS="602" HPOS="1547"/>
							<String ID="string_74" HPOS="1566" VPOS="602" WIDTH="211" HEIGHT="41" WC="0.92" CONTENT="hemställts,"/>
						</TextLine>
						<TextLine ID="line_8" HPOS="285" VPOS="651" WIDTH="1488" HEIGHT="46">
							<String ID="string_75" HPOS="285" VPOS="655" WIDTH="56" HEIGHT="29" WC="0.96" CONTENT="att"/><SP WIDTH="19" VPOS="655" HPOS="341"/>
							<String ID="string_76" HPOS="360" VPOS="651" WIDTH="187" HEIGHT="43" WC="0.95" CONTENT="riksdagen"/><SP WIDTH="20" VPOS="651" HPOS="547"/>
							<String ID="string_77" HPOS="567" VPOS="652" WIDTH="114" HEIGHT="33" WC="0.96" CONTENT="måtte"/><SP WIDTH="21" VPOS="652" HPOS="681"/>
							<String ID="string_78" HPOS="702" VPOS="652" WIDTH="136" HEIGHT="34" WC="0.96" CONTENT="besluta"/><SP WIDTH="21" VPOS="652" HPOS="838"/>
							<String ID="string_79" HPOS="859" VPOS="657" WIDTH="56" HEIGHT="29" WC="0.96" CONTENT="att"/><SP WIDTH="20" VPOS="657" HPOS="915"/>
							<String ID="string_80" HPOS="935" VPOS="653" WIDTH="69" HEIGHT="34" WC="0.97" CONTENT="öka"/><SP WIDTH="20" VPOS="653" HPOS="1004"/>
							<String ID="string_81" HPOS="1024" VPOS="654" WIDTH="159" HEIGHT="42" WC="0.96" CONTENT="anslaget"/><SP WIDTH="20" VPOS="654" HPOS="1183"/>
							<String ID="string_82" HPOS="1203" VPOS="654" WIDTH="53" HEIGHT="33" WC="0.96" CONTENT="till"/><SP WIDTH="20" VPOS="654" HPOS="1256"/>
							<String ID="string_83" HPOS="1276" VPOS="654" WIDTH="133" HEIGHT="43" WC="0.96" CONTENT="Bidrag"/><SP WIDTH="20" VPOS="654" HPOS="1409"/>
							<String ID="string_84" HPOS="1429" VPOS="655" WIDTH="53" HEIGHT="34" WC="0.96" CONTENT="till"/><SP WIDTH="20" VPOS="655" HPOS="1482"/>
							<String ID="string_85" HPOS="1502" VPOS="656" WIDTH="271" HEIGHT="33" WC="0.96" CONTENT="verksamheten"/>
						</TextLine>
						<TextLine ID="line_9" HPOS="285" VPOS="704" WIDTH="1067" HEIGHT="43">
							<String ID="string_86" HPOS="285" VPOS="704" WIDTH="60" HEIGHT="35" WC="0.91" CONTENT="vid"/><SP WIDTH="20" VPOS="704" HPOS="345"/>
							<String ID="string_87" HPOS="365" VPOS="704" WIDTH="210" HEIGHT="43" WC="0.91" CONTENT="hemgårdar"/><SP WIDTH="20" VPOS="704" HPOS="575"/>
							<String ID="string_88" HPOS="595" VPOS="705" WIDTH="81" HEIGHT="34" WC="0.95" CONTENT="från"/><SP WIDTH="22" VPOS="705" HPOS="676"/>
							<String ID="string_89" HPOS="698" VPOS="709" WIDTH="43" HEIGHT="30" WC="0.95" CONTENT="30"/><SP WIDTH="14" VPOS="709" HPOS="741"/>
							<String ID="string_90" HPOS="755" VPOS="709" WIDTH="65" HEIGHT="30" WC="0.96" CONTENT="000"/><SP WIDTH="21" VPOS="709" HPOS="820"/>
							<String ID="string_91" HPOS="841" VPOS="706" WIDTH="131" HEIGHT="34" WC="0.96" CONTENT="kronor"/><SP WIDTH="20" VPOS="706" HPOS="972"/>
							<String ID="string_92" HPOS="992" VPOS="706" WIDTH="52" HEIGHT="34" WC="0.96" CONTENT="till"/><SP WIDTH="23" VPOS="706" HPOS="1044"/>
							<String ID="string_93" HPOS="1067" VPOS="710" WIDTH="44" HEIGHT="30" WC="0.96" CONTENT="60"/><SP WIDTH="15" VPOS="710" HPOS="1111"/>
							<String ID="string_94" HPOS="1126" VPOS="711" WIDTH="66" HEIGHT="30" WC="0.96" CONTENT="000"/><SP WIDTH="21" VPOS="711" HPOS="1192"/>
							<String ID="string_95" HPOS="1213" VPOS="707" WIDTH="139" HEIGHT="34" WC="0.95" CONTENT="kronor."/>
						</TextLine>
					</TextBlock>
				</ComposedBlock>
				<ComposedBlock ID="cblock_3" HPOS="283" VPOS="793" WIDTH="1494" HEIGHT="361">
					<TextBlock ID="block_3" HPOS="283" VPOS="793" WIDTH="1494" HEIGHT="315">
						<TextLine ID="line_10" HPOS="333" VPOS="793" WIDTH="1439" HEIGHT="47">
							<String ID="string_96" HPOS="333" VPOS="793" WIDTH="196" HEIGHT="35" WC="0.96" CONTENT="Utskottet."/><SP WIDTH="34" VPOS="793" HPOS="529"/>
							<String ID="string_97" HPOS="563" VPOS="794" WIDTH="19" HEIGHT="33" WC="0.96" CONTENT="I"/><SP WIDTH="23" VPOS="794" HPOS="582"/>
							<String ID="string_98" HPOS="605" VPOS="794" WIDTH="189" HEIGHT="43" WC="0.96" CONTENT="anledning"/><SP WIDTH="23" VPOS="794" HPOS="794"/>
							<String ID="string_99" HPOS="817" VPOS="807" WIDTH="46" HEIGHT="21" WC="0.96" CONTENT="av"/><SP WIDTH="22" VPOS="807" HPOS="863"/>
							<String ID="string_100" HPOS="885" VPOS="795" WIDTH="182" HEIGHT="34" WC="0.96" CONTENT="motionen"/><SP WIDTH="23" VPOS="795" HPOS="1067"/>
							<String ID="string_101" HPOS="1090" VPOS="796" WIDTH="51" HEIGHT="34" WC="0.93" CONTENT="II:"/><SP WIDTH="15" VPOS="796" HPOS="1141"/>
							<String ID="string_102" HPOS="1156" VPOS="799" WIDTH="65" HEIGHT="31" WC="0.96" CONTENT="249"/><SP WIDTH="24" VPOS="799" HPOS="1221"/>
							<String ID="string_103" HPOS="1245" VPOS="796" WIDTH="54" HEIGHT="34" WC="0.96" CONTENT="får"/><SP WIDTH="22" VPOS="796" HPOS="1299"/>
							<String ID="string_104" HPOS="1321" VPOS="797" WIDTH="180" HEIGHT="34" WC="0.96" CONTENT="utskottet"/><SP WIDTH="23" VPOS="797" HPOS="1501"/>
							<String ID="string_105" HPOS="1524" VPOS="798" WIDTH="126" HEIGHT="34" WC="0.96" CONTENT="liksom"/><SP WIDTH="24" VPOS="798" HPOS="1650"/>
							<String ID="string_106" HPOS="1674" VPOS="798" WIDTH="12" HEIGHT="34" WC="0.96" CONTENT="i"/><SP WIDTH="23" VPOS="798" HPOS="1686"/>
							<String ID="string_107" HPOS="1709" VPOS="798" WIDTH="63" HEIGHT="42" WC="0.95" CONTENT="fjol"/>
						</TextLine>
						<TextLine ID="line_11" HPOS="285" VPOS="846" WIDTH="1487" HEIGHT="48">
							<String ID="string_108" HPOS="285" VPOS="846" WIDTH="198" HEIGHT="41" WC="0.96" CONTENT="framhålla,"/><SP WIDTH="26" VPOS="846" HPOS="483"/>
							<String ID="string_109" HPOS="509" VPOS="852" WIDTH="56" HEIGHT="29" WC="0.96" CONTENT="att"/><SP WIDTH="24" VPOS="852" HPOS="565"/>
							<String ID="string_110" HPOS="589" VPOS="848" WIDTH="180" HEIGHT="34" WC="0.96" CONTENT="utskottet"/><SP WIDTH="25" VPOS="848" HPOS="769"/>
							<String ID="string_111" HPOS="794" VPOS="848" WIDTH="75" HEIGHT="34" WC="0.96" CONTENT="icke"/><SP WIDTH="27" VPOS="848" HPOS="869"/>
							<String ID="string_112" HPOS="896" VPOS="852" WIDTH="40" HEIGHT="30" WC="0.97" CONTENT="är"/><SP WIDTH="25" VPOS="852" HPOS="936"/>
							<String ID="string_113" HPOS="961" VPOS="849" WIDTH="115" HEIGHT="34" WC="0.96" CONTENT="berett"/><SP WIDTH="26" VPOS="849" HPOS="1076"/>
							<String ID="string_114" HPOS="1102" VPOS="854" WIDTH="57" HEIGHT="29" WC="0.93" CONTENT="att"/><SP WIDTH="25" VPOS="854" HPOS="1159"/>
							<String ID="string_115" HPOS="1184" VPOS="870" WIDTH="46" HEIGHT="5" WC="0.92" CONTENT="—"/><SP WIDTH="24" VPOS="870" HPOS="1230"/>
							<String ID="string_116" HPOS="1254" VPOS="850" WIDTH="108" HEIGHT="34" WC="0.96" CONTENT="innan"/><SP WIDTH="28" VPOS="850" HPOS="1362"/>
							<String ID="string_117" HPOS="1390" VPOS="851" WIDTH="167" HEIGHT="43" WC="0.96" CONTENT="ställning"/><SP WIDTH="25" VPOS="851" HPOS="1557"/>
							<String ID="string_118" HPOS="1582" VPOS="852" WIDTH="110" HEIGHT="42" WC="0.96" CONTENT="tagits"/><SP WIDTH="27" VPOS="852" HPOS="1692"/>
							<String ID="string_119" HPOS="1719" VPOS="853" WIDTH="53" HEIGHT="33" WC="0.96" CONTENT="till"/>
						</TextLine>
						<TextLine ID="line_12" HPOS="285" VPOS="900" WIDTH="1487" HEIGHT="48">
							<String ID="string_120" HPOS="285" VPOS="900" WIDTH="61" HEIGHT="34" WC="0.96" CONTENT="det"/><SP WIDTH="30" VPOS="900" HPOS="346"/>
							<String ID="string_121" HPOS="376" VPOS="912" WIDTH="47" HEIGHT="22" WC="0.96" CONTENT="av"/><SP WIDTH="34" VPOS="912" HPOS="423"/>
							<String ID="string_122" HPOS="457" VPOS="904" WIDTH="87" HEIGHT="31" WC="0.95" CONTENT="1947"/><SP WIDTH="32" VPOS="904" HPOS="544"/>
							<String ID="string_123" HPOS="576" VPOS="902" WIDTH="54" HEIGHT="32" WC="0.92" CONTENT="års"/><SP WIDTH="32" VPOS="902" HPOS="630"/>
							<String ID="string_124" HPOS="662" VPOS="902" WIDTH="471" HEIGHT="42" WC="0.91" CONTENT="ungdomsvårdskommitté"/><SP WIDTH="32" VPOS="902" HPOS="1133"/>
							<String ID="string_125" HPOS="1165" VPOS="903" WIDTH="196" HEIGHT="43" WC="0.96" CONTENT="framlagda"/><SP WIDTH="31" VPOS="903" HPOS="1361"/>
							<String ID="string_126" HPOS="1392" VPOS="904" WIDTH="167" HEIGHT="43" WC="0.96" CONTENT="förslaget"/><SP WIDTH="32" VPOS="904" HPOS="1559"/>
							<String ID="string_127" HPOS="1591" VPOS="906" WIDTH="181" HEIGHT="42" WC="0.96" CONTENT="angående"/>
						</TextLine>
						<TextLine ID="line_13" HPOS="286" VPOS="953" WIDTH="1491" HEIGHT="49">
							<String ID="string_128" HPOS="286" VPOS="953" WIDTH="218" HEIGHT="43" WC="0.96" CONTENT="statsbidrag"/><SP WIDTH="15" VPOS="953" HPOS="504"/>
							<String ID="string_129" HPOS="519" VPOS="954" WIDTH="51" HEIGHT="34" WC="0.95" CONTENT="till"/><SP WIDTH="17" VPOS="954" HPOS="570"/>
							<String ID="string_130" HPOS="587" VPOS="954" WIDTH="71" HEIGHT="34" WC="0.93" CONTENT="s.k."/><SP WIDTH="17" VPOS="954" HPOS="658"/>
							<String ID="string_131" HPOS="675" VPOS="954" WIDTH="255" HEIGHT="44" WC="0.95" CONTENT="fritidsgårdar,"/><SP WIDTH="16" VPOS="954" HPOS="930"/>
							<String ID="string_132" HPOS="946" VPOS="956" WIDTH="246" HEIGHT="35" WC="0.96" CONTENT="innefattande"/><SP WIDTH="16" VPOS="956" HPOS="1192"/>
							<String ID="string_133" HPOS="1208" VPOS="957" WIDTH="106" HEIGHT="34" WC="0.96" CONTENT="bland"/><SP WIDTH="17" VPOS="957" HPOS="1314"/>
							<String ID="string_134" HPOS="1331" VPOS="962" WIDTH="113" HEIGHT="30" WC="0.96" CONTENT="annat"/><SP WIDTH="15" VPOS="962" HPOS="1444"/>
							<String ID="string_135" HPOS="1459" VPOS="961" WIDTH="90" HEIGHT="31" WC="0.93" CONTENT="även"/><SP WIDTH="16" VPOS="961" HPOS="1549"/>
							<String ID="string_136" HPOS="1565" VPOS="958" WIDTH="212" HEIGHT="44" WC="0.91" CONTENT="hemgårdar"/>
						</TextLine>
						<TextLine ID="line_14" HPOS="283" VPOS="1006" WIDTH="1493" HEIGHT="47">
							<String ID="string_137" HPOS="283" VPOS="1006" WIDTH="234" HEIGHT="43" WC="0.85" CONTENT="—tillstyrka"/><SP WIDTH="20" VPOS="1006" HPOS="517"/>
							<String ID="string_138" HPOS="537" VPOS="1007" WIDTH="67" HEIGHT="34" WC="0.96" CONTENT="den"/><SP WIDTH="22" VPOS="1007" HPOS="604"/>
							<String ID="string_139" HPOS="626" VPOS="1020" WIDTH="47" HEIGHT="21" WC="0.96" CONTENT="av"/><SP WIDTH="12" VPOS="1020" HPOS="673"/>
							<String ID="string_140" HPOS="685" VPOS="1007" WIDTH="262" HEIGHT="36" WC="0.96" CONTENT="motionärerna"/><SP WIDTH="20" VPOS="1007" HPOS="947"/>
							<String ID="string_141" HPOS="967" VPOS="1008" WIDTH="152" HEIGHT="43" WC="0.93" CONTENT="begärda"/><SP WIDTH="23" VPOS="1008" HPOS="1119"/>
							<String ID="string_142" HPOS="1142" VPOS="1010" WIDTH="342" HEIGHT="43" WC="0.91" CONTENT="anslagshöjningen."/><SP WIDTH="20" VPOS="1010" HPOS="1484"/>
							<String ID="string_143" HPOS="1504" VPOS="1011" WIDTH="191" HEIGHT="34" WC="0.92" CONTENT="Utskottet"/><SP WIDTH="20" VPOS="1011" HPOS="1695"/>
							<String ID="string_144" HPOS="1715" VPOS="1024" WIDTH="61" HEIGHT="22" WC="0.91" CONTENT="av-"/>
						</TextLine>
						<TextLine ID="line_15" HPOS="284" VPOS="1058" WIDTH="1487" HEIGHT="50">
							<String ID="string_145" HPOS="284" VPOS="1058" WIDTH="139" HEIGHT="43" WC="0.96" CONTENT="styrker"/><SP WIDTH="16" VPOS="1058" HPOS="423"/>
							<String ID="string_146" HPOS="439" VPOS="1060" WIDTH="104" HEIGHT="34" WC="0.95" CONTENT="alltså"/><SP WIDTH="17" VPOS="1060" HPOS="543"/>
							<String ID="string_147" HPOS="560" VPOS="1060" WIDTH="97" HEIGHT="34" WC="0.96" CONTENT="bifall"/><SP WIDTH="18" VPOS="1060" HPOS="657"/>
							<String ID="string_148" HPOS="675" VPOS="1061" WIDTH="53" HEIGHT="33" WC="0.96" CONTENT="till"/><SP WIDTH="16" VPOS="1061" HPOS="728"/>
							<String ID="string_149" HPOS="744" VPOS="1061" WIDTH="181" HEIGHT="34" WC="0.96" CONTENT="motionen"/><SP WIDTH="17" VPOS="1061" HPOS="925"/>
							<String ID="string_150" HPOS="942" VPOS="1061" WIDTH="66" HEIGHT="34" WC="0.96" CONTENT="och"/><SP WIDTH="17" VPOS="1061" HPOS="1008"/>
							<String ID="string_151" HPOS="1025" VPOS="1063" WIDTH="157" HEIGHT="33" WC="0.96" CONTENT="ansluter"/><SP WIDTH="16" VPOS="1063" HPOS="1182"/>
							<String ID="string_152" HPOS="1198" VPOS="1063" WIDTH="51" HEIGHT="43" WC="0.96" CONTENT="sig"/><SP WIDTH="16" VPOS="1063" HPOS="1249"/>
							<String ID="string_153" HPOS="1265" VPOS="1063" WIDTH="52" HEIGHT="34" WC="0.96" CONTENT="till"/><SP WIDTH="17" VPOS="1063" HPOS="1317"/>
							<String ID="string_154" HPOS="1334" VPOS="1063" WIDTH="134" HEIGHT="43" WC="0.94" CONTENT="Kungl."/><SP WIDTH="18" VPOS="1063" HPOS="1468"/>
							<String ID="string_155" HPOS="1486" VPOS="1064" WIDTH="128" HEIGHT="42" WC="0.96" CONTENT="Maj:ts"/><SP WIDTH="17" VPOS="1064" HPOS="1614"/>
							<String ID="string_156" HPOS="1631" VPOS="1064" WIDTH="140" HEIGHT="44" WC="0.96" CONTENT="förslag."/>
						</TextLine>
					</TextBlock>
					<TextBlock ID="block_4" HPOS="328" VPOS="1112" WIDTH="421" HEIGHT="42">
						<TextLine ID="line_16" HPOS="328" VPOS="1112" WIDTH="421" HEIGHT="42">
							<String ID="string_157" HPOS="328" VPOS="1112" WIDTH="190" HEIGHT="35" WC="0.96" CONTENT="Utskottet"/><SP WIDTH="19" VPOS="1112" HPOS="518"/>
							<String ID="string_158" HPOS="537" VPOS="1113" WIDTH="212" HEIGHT="41" WC="0.96" CONTENT="hemställer,"/>
						</TextLine>
					</TextBlock>
				</ComposedBlock>
				<ComposedBlock ID="cblock_4" HPOS="599" VPOS="1176" WIDTH="1177" HEIGHT="329">
					<TextBlock ID="block_5" HPOS="599" VPOS="1176" WIDTH="1173" HEIGHT="97">
						<TextLine ID="line_17" HPOS="646" VPOS="1176" WIDTH="1126" HEIGHT="48">
							<String ID="string_159" HPOS="646" VPOS="1181" WIDTH="56" HEIGHT="29" WC="0.96" CONTENT="att"/><SP WIDTH="24" VPOS="1181" HPOS="702"/>
							<String ID="string_160" HPOS="726" VPOS="1176" WIDTH="185" HEIGHT="44" WC="0.95" CONTENT="riksdagen"/><SP WIDTH="24" VPOS="1176" HPOS="911"/>
							<String ID="string_161" HPOS="935" VPOS="1178" WIDTH="70" HEIGHT="40" WC="0.96" CONTENT="må,"/><SP WIDTH="23" VPOS="1178" HPOS="1005"/>
							<String ID="string_162" HPOS="1028" VPOS="1178" WIDTH="81" HEIGHT="34" WC="0.96" CONTENT="med"/><SP WIDTH="25" VPOS="1178" HPOS="1109"/>
							<String ID="string_163" HPOS="1134" VPOS="1178" WIDTH="99" HEIGHT="34" WC="0.96" CONTENT="bifall"/><SP WIDTH="23" VPOS="1178" HPOS="1233"/>
							<String ID="string_164" HPOS="1256" VPOS="1179" WIDTH="53" HEIGHT="33" WC="0.82" CONTENT="til"/><SP WIDTH="24" VPOS="1179" HPOS="1309"/>
							<String ID="string_165" HPOS="1333" VPOS="1180" WIDTH="133" HEIGHT="42" WC="0.95" CONTENT="Kungl."/><SP WIDTH="24" VPOS="1180" HPOS="1466"/>
							<String ID="string_166" HPOS="1490" VPOS="1180" WIDTH="128" HEIGHT="43" WC="0.96" CONTENT="Maj:ts"/><SP WIDTH="25" VPOS="1180" HPOS="1618"/>
							<String ID="string_167" HPOS="1643" VPOS="1180" WIDTH="129" HEIGHT="44" WC="0.95" CONTENT="förslag"/>
						</TextLine>
						<TextLine ID="line_18" HPOS="599" VPOS="1229" WIDTH="724" HEIGHT="44">
							<String ID="string_168" HPOS="599" VPOS="1229" WIDTH="67" HEIGHT="34" WC="0.96" CONTENT="och"/><SP WIDTH="23" VPOS="1229" HPOS="666"/>
							<String ID="string_169" HPOS="689" VPOS="1230" WIDTH="80" HEIGHT="33" WC="0.96" CONTENT="med"/><SP WIDTH="23" VPOS="1230" HPOS="769"/>
							<String ID="string_170" HPOS="792" VPOS="1231" WIDTH="122" HEIGHT="42" WC="0.93" CONTENT="avslag"/><SP WIDTH="22" VPOS="1231" HPOS="914"/>
							<String ID="string_171" HPOS="936" VPOS="1231" WIDTH="21" HEIGHT="33" WC="0.91" CONTENT="å"/><SP WIDTH="21" VPOS="1231" HPOS="957"/>
							<String ID="string_172" HPOS="978" VPOS="1231" WIDTH="182" HEIGHT="34" WC="0.96" CONTENT="motionen"/><SP WIDTH="22" VPOS="1231" HPOS="1160"/>
							<String ID="string_173" HPOS="1182" VPOS="1232" WIDTH="50" HEIGHT="34" WC="0.92" CONTENT="II:"/><SP WIDTH="15" VPOS="1232" HPOS="1232"/>
							<String ID="string_174" HPOS="1247" VPOS="1235" WIDTH="76" HEIGHT="37" WC="0.95" CONTENT="249,"/>
						</TextLine>
					</TextBlock>
					<TextBlock ID="block_6" HPOS="602" VPOS="1292" WIDTH="1174" HEIGHT="98">
						<TextLine ID="line_19" HPOS="650" VPOS="1292" WIDTH="1126" HEIGHT="46">
							<String ID="string_175" HPOS="650" VPOS="1292" WIDTH="34" HEIGHT="41" WC="0.96" CONTENT="a)"/><SP WIDTH="29" VPOS="1292" HPOS="684"/>
							<String ID="string_176" HPOS="713" VPOS="1292" WIDTH="53" HEIGHT="34" WC="0.96" CONTENT="till"/><SP WIDTH="21" VPOS="1292" HPOS="766"/>
							<String ID="string_177" HPOS="787" VPOS="1292" WIDTH="131" HEIGHT="43" WC="0.96" CONTENT="Bidrag"/><SP WIDTH="22" VPOS="1292" HPOS="918"/>
							<String ID="string_178" HPOS="940" VPOS="1293" WIDTH="52" HEIGHT="34" WC="0.96" CONTENT="till"/><SP WIDTH="20" VPOS="1293" HPOS="992"/>
							<String ID="string_179" HPOS="1012" VPOS="1294" WIDTH="271" HEIGHT="34" WC="0.96" CONTENT="verksamheten"/><SP WIDTH="18" VPOS="1294" HPOS="1283"/>
							<String ID="string_180" HPOS="1301" VPOS="1294" WIDTH="63" HEIGHT="35" WC="0.93" CONTENT="vid"/><SP WIDTH="20" VPOS="1294" HPOS="1364"/>
							<String ID="string_181" HPOS="1384" VPOS="1295" WIDTH="210" HEIGHT="43" WC="0.91" CONTENT="hemgårdar"/><SP WIDTH="18" VPOS="1295" HPOS="1594"/>
							<String ID="string_182" HPOS="1612" VPOS="1296" WIDTH="55" HEIGHT="35" WC="0.93" CONTENT="för"/><SP WIDTH="21" VPOS="1296" HPOS="1667"/>
							<String ID="string_183" HPOS="1688" VPOS="1297" WIDTH="88" HEIGHT="34" WC="0.92" CONTENT="bud-"/>
						</TextLine>
						<TextLine ID="line_20" HPOS="602" VPOS="1345" WIDTH="1042" HEIGHT="45">
							<String ID="string_184" HPOS="602" VPOS="1346" WIDTH="139" HEIGHT="41" WC="0.91" CONTENT="getåret"/><SP WIDTH="21" VPOS="1346" HPOS="741"/>
							<String ID="string_185" HPOS="762" VPOS="1345" WIDTH="155" HEIGHT="43" WC="0.91" CONTENT="1951/52"/><SP WIDTH="20" VPOS="1345" HPOS="917"/>
							<String ID="string_186" HPOS="937" VPOS="1346" WIDTH="123" HEIGHT="35" WC="0.96" CONTENT="anvisa"/><SP WIDTH="19" VPOS="1346" HPOS="1060"/>
							<String ID="string_187" HPOS="1079" VPOS="1350" WIDTH="55" HEIGHT="31" WC="0.96" CONTENT="ett"/><SP WIDTH="19" VPOS="1350" HPOS="1134"/>
							<String ID="string_188" HPOS="1153" VPOS="1348" WIDTH="121" HEIGHT="42" WC="0.96" CONTENT="anslag"/><SP WIDTH="18" VPOS="1348" HPOS="1274"/>
							<String ID="string_189" HPOS="1292" VPOS="1360" WIDTH="46" HEIGHT="22" WC="0.96" CONTENT="av"/><SP WIDTH="21" VPOS="1360" HPOS="1338"/>
							<String ID="string_190" HPOS="1359" VPOS="1352" WIDTH="44" HEIGHT="30" WC="0.96" CONTENT="30"/><SP WIDTH="14" VPOS="1352" HPOS="1403"/>
							<String ID="string_191" HPOS="1417" VPOS="1352" WIDTH="66" HEIGHT="30" WC="0.96" CONTENT="000"/><SP WIDTH="19" VPOS="1352" HPOS="1483"/>
							<String ID="string_192" HPOS="1502" VPOS="1349" WIDTH="142" HEIGHT="40" WC="0.96" CONTENT="kronor;"/>
						</TextLine>
					</TextBlock>
					<TextBlock ID="block_7" HPOS="602" VPOS="1407" WIDTH="1173" HEIGHT="98">
						<TextLine ID="line_21" HPOS="649" VPOS="1407" WIDTH="1126" HEIGHT="44">
							<String ID="string_193" HPOS="649" VPOS="1407" WIDTH="37" HEIGHT="42" WC="0.91" CONTENT="b)"/><SP WIDTH="27" VPOS="1407" HPOS="686"/>
							<String ID="string_194" HPOS="713" VPOS="1407" WIDTH="52" HEIGHT="34" WC="0.95" CONTENT="till"/><SP WIDTH="21" VPOS="1407" HPOS="765"/>
							<String ID="string_195" HPOS="786" VPOS="1407" WIDTH="131" HEIGHT="44" WC="0.95" CONTENT="Bidrag"/><SP WIDTH="23" VPOS="1407" HPOS="917"/>
							<String ID="string_196" HPOS="940" VPOS="1408" WIDTH="54" HEIGHT="35" WC="0.95" CONTENT="till"/><SP WIDTH="20" VPOS="1408" HPOS="994"/>
							<String ID="string_197" HPOS="1014" VPOS="1408" WIDTH="272" HEIGHT="35" WC="0.91" CONTENT="verksamheten"/><SP WIDTH="20" VPOS="1408" HPOS="1286"/>
							<String ID="string_198" HPOS="1306" VPOS="1410" WIDTH="63" HEIGHT="34" WC="0.93" CONTENT="vid"/><SP WIDTH="21" VPOS="1410" HPOS="1369"/>
							<String ID="string_199" HPOS="1390" VPOS="1410" WIDTH="200" HEIGHT="35" WC="0.90" CONTENT="studiehem"/><SP WIDTH="20" VPOS="1410" HPOS="1590"/>
							<String ID="string_200" HPOS="1610" VPOS="1411" WIDTH="55" HEIGHT="34" WC="0.93" CONTENT="för"/><SP WIDTH="22" VPOS="1411" HPOS="1665"/>
							<String ID="string_201" HPOS="1687" VPOS="1411" WIDTH="88" HEIGHT="35" WC="0.91" CONTENT="bud-"/>
						</TextLine>
						<TextLine ID="line_22" HPOS="602" VPOS="1460" WIDTH="1042" HEIGHT="45">
							<String ID="string_202" HPOS="602" VPOS="1461" WIDTH="138" HEIGHT="42" WC="0.92" CONTENT="getåret"/><SP WIDTH="20" VPOS="1461" HPOS="740"/>
							<String ID="string_203" HPOS="760" VPOS="1460" WIDTH="156" HEIGHT="44" WC="0.92" CONTENT="1951/52"/><SP WIDTH="21" VPOS="1460" HPOS="916"/>
							<String ID="string_204" HPOS="937" VPOS="1461" WIDTH="121" HEIGHT="35" WC="0.96" CONTENT="anvisa"/><SP WIDTH="20" VPOS="1461" HPOS="1058"/>
							<String ID="string_205" HPOS="1078" VPOS="1466" WIDTH="55" HEIGHT="30" WC="0.96" CONTENT="ett"/><SP WIDTH="21" VPOS="1466" HPOS="1133"/>
							<String ID="string_206" HPOS="1154" VPOS="1463" WIDTH="121" HEIGHT="42" WC="0.96" CONTENT="anslag"/><SP WIDTH="18" VPOS="1463" HPOS="1275"/>
							<String ID="string_207" HPOS="1293" VPOS="1475" WIDTH="46" HEIGHT="22" WC="0.96" CONTENT="av"/><SP WIDTH="19" VPOS="1475" HPOS="1339"/>
							<String ID="string_208" HPOS="1358" VPOS="1466" WIDTH="45" HEIGHT="31" WC="0.96" CONTENT="30"/><SP WIDTH="13" VPOS="1466" HPOS="1403"/>
							<String ID="string_209" HPOS="1416" VPOS="1467" WIDTH="67" HEIGHT="31" WC="0.96" CONTENT="000"/><SP WIDTH="19" VPOS="1467" HPOS="1483"/>
							<String ID="string_210" HPOS="1502" VPOS="1463" WIDTH="142" HEIGHT="37" WC="0.96" CONTENT="kronor."/>
						</TextLine>
					</TextBlock>
				</ComposedBlock>
				<ComposedBlock ID="cblock_5" HPOS="280" VPOS="1557" WIDTH="1490" HEIGHT="208">
					<TextBlock ID="block_8" HPOS="280" VPOS="1557" WIDTH="1490" HEIGHT="208">
						<TextLine ID="line_23" HPOS="326" VPOS="1557" WIDTH="1444" HEIGHT="47">
							<String ID="string_211" HPOS="326" VPOS="1557" WIDTH="117" HEIGHT="42" WC="0.53" CONTENT="313:0o0)"/><SP WIDTH="28" VPOS="1557" HPOS="443"/>
							<String ID="string_212" HPOS="471" VPOS="1557" WIDTH="142" HEIGHT="44" WC="0.96" CONTENT="Bidrag"/><SP WIDTH="23" VPOS="1557" HPOS="613"/>
							<String ID="string_213" HPOS="636" VPOS="1558" WIDTH="59" HEIGHT="34" WC="0.93" CONTENT="till"/><SP WIDTH="25" VPOS="1558" HPOS="695"/>
							<String ID="string_214" HPOS="720" VPOS="1559" WIDTH="303" HEIGHT="43" WC="0.92" CONTENT="undervisnings-"/><SP WIDTH="23" VPOS="1559" HPOS="1023"/>
							<String ID="string_215" HPOS="1046" VPOS="1562" WIDTH="68" HEIGHT="32" WC="0.93" CONTENT="och"/><SP WIDTH="24" VPOS="1562" HPOS="1114"/>
							<String ID="string_216" HPOS="1138" VPOS="1561" WIDTH="490" HEIGHT="43" WC="0.91" CONTENT="upplysningsverksamhet"/><SP WIDTH="23" VPOS="1561" HPOS="1628"/>
							<String ID="string_217" HPOS="1651" VPOS="1573" WIDTH="49" HEIGHT="24" WC="0.89" CONTENT="m."/><SP WIDTH="23" VPOS="1573" HPOS="1700"/>
							<String ID="string_218" HPOS="1723" VPOS="1574" WIDTH="47" HEIGHT="22" WC="0.90" CONTENT="m."/>
						</TextLine>
						<TextLine ID="line_24" HPOS="281" VPOS="1609" WIDTH="1486" HEIGHT="48">
							<String ID="string_219" HPOS="281" VPOS="1609" WIDTH="60" HEIGHT="35" WC="0.93" CONTENT="för"/><SP WIDTH="19" VPOS="1609" HPOS="341"/>
							<String ID="string_220" HPOS="360" VPOS="1611" WIDTH="269" HEIGHT="42" WC="0.91" CONTENT="nykterhetens"/><SP WIDTH="21" VPOS="1611" HPOS="629"/>
							<String ID="string_221" HPOS="650" VPOS="1612" WIDTH="225" HEIGHT="43" WC="0.96" CONTENT="främjande."/><SP WIDTH="30" VPOS="1612" HPOS="875"/>
							<String ID="string_222" HPOS="905" VPOS="1613" WIDTH="132" HEIGHT="43" WC="0.96" CONTENT="Kungl."/><SP WIDTH="19" VPOS="1613" HPOS="1037"/>
							<String ID="string_223" HPOS="1056" VPOS="1613" WIDTH="114" HEIGHT="43" WC="0.96" CONTENT="Maj:t"/><SP WIDTH="19" VPOS="1613" HPOS="1170"/>
							<String ID="string_224" HPOS="1189" VPOS="1614" WIDTH="64" HEIGHT="33" WC="0.96" CONTENT="har"/><SP WIDTH="21" VPOS="1614" HPOS="1253"/>
							<String ID="string_225" HPOS="1274" VPOS="1614" WIDTH="131" HEIGHT="43" WC="0.96" CONTENT="(punkt"/><SP WIDTH="21" VPOS="1614" HPOS="1405"/>
							<String ID="string_226" HPOS="1426" VPOS="1619" WIDTH="77" HEIGHT="36" WC="0.93" CONTENT="327,"/><SP WIDTH="19" VPOS="1619" HPOS="1503"/>
							<String ID="string_227" HPOS="1522" VPOS="1628" WIDTH="28" HEIGHT="22" WC="0.73" CONTENT="s."/><SP WIDTH="21" VPOS="1628" HPOS="1550"/>
							<String ID="string_228" HPOS="1571" VPOS="1617" WIDTH="196" HEIGHT="35" WC="0.87" CONTENT="445—448)"/>
						</TextLine>
						<TextLine ID="line_25" HPOS="280" VPOS="1662" WIDTH="1490" HEIGHT="50">
							<String ID="string_229" HPOS="280" VPOS="1662" WIDTH="180" HEIGHT="44" WC="0.96" CONTENT="föreslagit"/><SP WIDTH="21" VPOS="1662" HPOS="460"/>
							<String ID="string_230" HPOS="481" VPOS="1664" WIDTH="186" HEIGHT="43" WC="0.96" CONTENT="riksdagen"/><SP WIDTH="23" VPOS="1664" HPOS="667"/>
							<String ID="string_231" HPOS="690" VPOS="1670" WIDTH="56" HEIGHT="29" WC="0.96" CONTENT="att"/><SP WIDTH="21" VPOS="1670" HPOS="746"/>
							<String ID="string_232" HPOS="767" VPOS="1666" WIDTH="53" HEIGHT="33" WC="0.96" CONTENT="till"/><SP WIDTH="22" VPOS="1666" HPOS="820"/>
							<String ID="string_233" HPOS="842" VPOS="1666" WIDTH="103" HEIGHT="34" WC="0.96" CONTENT="detta"/><SP WIDTH="22" VPOS="1666" HPOS="945"/>
							<String ID="string_234" HPOS="967" VPOS="1667" WIDTH="164" HEIGHT="34" WC="0.96" CONTENT="ändamål"/><SP WIDTH="24" VPOS="1667" HPOS="1131"/>
							<String ID="string_235" HPOS="1155" VPOS="1667" WIDTH="54" HEIGHT="34" WC="0.96" CONTENT="för"/><SP WIDTH="22" VPOS="1667" HPOS="1209"/>
							<String ID="string_236" HPOS="1231" VPOS="1668" WIDTH="212" HEIGHT="42" WC="0.92" CONTENT="budgetåret"/><SP WIDTH="24" VPOS="1668" HPOS="1443"/>
							<String ID="string_237" HPOS="1467" VPOS="1669" WIDTH="156" HEIGHT="43" WC="0.91" CONTENT="1951/52"/><SP WIDTH="24" VPOS="1669" HPOS="1623"/>
							<String ID="string_238" HPOS="1647" VPOS="1670" WIDTH="123" HEIGHT="34" WC="0.96" CONTENT="anvisa"/>
						</TextLine>
						<TextLine ID="line_26" HPOS="280" VPOS="1718" WIDTH="1426" HEIGHT="47">
							<String ID="string_239" HPOS="280" VPOS="1720" WIDTH="53" HEIGHT="31" WC="0.96" CONTENT="ett"/><SP WIDTH="19" VPOS="1720" HPOS="333"/>
							<String ID="string_240" HPOS="352" VPOS="1718" WIDTH="123" HEIGHT="42" WC="0.95" CONTENT="anslag"/><SP WIDTH="19" VPOS="1718" HPOS="475"/>
							<String ID="string_241" HPOS="494" VPOS="1730" WIDTH="45" HEIGHT="21" WC="0.96" CONTENT="av"/><SP WIDTH="18" VPOS="1730" HPOS="539"/>
							<String ID="string_242" HPOS="557" VPOS="1721" WIDTH="67" HEIGHT="31" WC="0.96" CONTENT="489"/><SP WIDTH="16" VPOS="1721" HPOS="624"/>
							<String ID="string_243" HPOS="640" VPOS="1722" WIDTH="66" HEIGHT="30" WC="0.96" CONTENT="000"/><SP WIDTH="19" VPOS="1722" HPOS="706"/>
							<String ID="string_244" HPOS="725" VPOS="1719" WIDTH="138" HEIGHT="40" WC="0.96" CONTENT="kronor,"/><SP WIDTH="20" VPOS="1719" HPOS="863"/>
							<String ID="string_245" HPOS="883" VPOS="1719" WIDTH="239" HEIGHT="35" WC="0.96" CONTENT="innebärande"/><SP WIDTH="20" VPOS="1719" HPOS="1122"/>
							<String ID="string_246" HPOS="1142" VPOS="1720" WIDTH="212" HEIGHT="36" WC="0.93" CONTENT="oförändrad"/><SP WIDTH="20" VPOS="1720" HPOS="1354"/>
							<String ID="string_247" HPOS="1374" VPOS="1722" WIDTH="332" HEIGHT="43" WC="0.92" CONTENT="medelsanvisning."/>
						</TextLine>
					</TextBlock>
				</ComposedBlock>
				<ComposedBlock ID="cblock_6" HPOS="276" VPOS="1789" WIDTH="1496" HEIGHT="523">
					<TextBlock ID="block_9" HPOS="276" VPOS="1789" WIDTH="1496" HEIGHT="523">
						<TextLine ID="line_27" HPOS="325" VPOS="1789" WIDTH="1445" HEIGHT="48">
							<String ID="string_248" HPOS="325" VPOS="1789" WIDTH="19" HEIGHT="33" WC="0.96" CONTENT="I"/><SP WIDTH="17" VPOS="1789" HPOS="344"/>
							<String ID="string_249" HPOS="361" VPOS="1789" WIDTH="174" HEIGHT="35" WC="0.95" CONTENT="samband"/><SP WIDTH="16" VPOS="1789" HPOS="535"/>
							<String ID="string_250" HPOS="551" VPOS="1789" WIDTH="148" HEIGHT="36" WC="0.96" CONTENT="härmed"/><SP WIDTH="16" VPOS="1789" HPOS="699"/>
							<String ID="string_251" HPOS="715" VPOS="1790" WIDTH="64" HEIGHT="34" WC="0.96" CONTENT="har"/><SP WIDTH="15" VPOS="1790" HPOS="779"/>
							<String ID="string_252" HPOS="794" VPOS="1791" WIDTH="180" HEIGHT="34" WC="0.96" CONTENT="utskottet"/><SP WIDTH="16" VPOS="1791" HPOS="974"/>
							<String ID="string_253" HPOS="990" VPOS="1792" WIDTH="52" HEIGHT="34" WC="0.96" CONTENT="till"/><SP WIDTH="18" VPOS="1792" HPOS="1042"/>
							<String ID="string_254" HPOS="1060" VPOS="1792" WIDTH="215" HEIGHT="44" WC="0.93" CONTENT="behandling"/><SP WIDTH="16" VPOS="1792" HPOS="1275"/>
							<String ID="string_255" HPOS="1291" VPOS="1792" WIDTH="155" HEIGHT="35" WC="0.92" CONTENT="förehaft"/><SP WIDTH="17" VPOS="1792" HPOS="1446"/>
							<String ID="string_256" HPOS="1463" VPOS="1795" WIDTH="63" HEIGHT="33" WC="0.96" CONTENT="två"/><SP WIDTH="17" VPOS="1795" HPOS="1526"/>
							<String ID="string_257" HPOS="1543" VPOS="1794" WIDTH="227" HEIGHT="43" WC="0.96" CONTENT="likalydande"/>
						</TextLine>
						<TextLine ID="line_28" HPOS="280" VPOS="1842" WIDTH="1489" HEIGHT="48">
							<String ID="string_258" HPOS="280" VPOS="1842" WIDTH="186" HEIGHT="40" WC="0.96" CONTENT="motioner,"/><SP WIDTH="20" VPOS="1842" HPOS="466"/>
							<String ID="string_259" HPOS="486" VPOS="1843" WIDTH="130" HEIGHT="34" WC="0.96" CONTENT="väckta"/><SP WIDTH="20" VPOS="1843" HPOS="616"/>
							<String ID="string_260" HPOS="636" VPOS="1844" WIDTH="69" HEIGHT="33" WC="0.96" CONTENT="den"/><SP WIDTH="19" VPOS="1844" HPOS="705"/>
							<String ID="string_261" HPOS="724" VPOS="1856" WIDTH="66" HEIGHT="21" WC="0.96" CONTENT="ena"/><SP WIDTH="18" VPOS="1856" HPOS="790"/>
							<String ID="string_262" HPOS="808" VPOS="1844" WIDTH="96" HEIGHT="34" WC="0.96" CONTENT="inom"/><SP WIDTH="20" VPOS="1844" HPOS="904"/>
							<String ID="string_263" HPOS="924" VPOS="1844" WIDTH="111" HEIGHT="35" WC="0.95" CONTENT="första"/><SP WIDTH="18" VPOS="1844" HPOS="1035"/>
							<String ID="string_264" HPOS="1053" VPOS="1845" WIDTH="208" HEIGHT="34" WC="0.96" CONTENT="kammaren"/><SP WIDTH="19" VPOS="1845" HPOS="1261"/>
							<String ID="string_265" HPOS="1280" VPOS="1859" WIDTH="46" HEIGHT="21" WC="0.96" CONTENT="av"/><SP WIDTH="19" VPOS="1859" HPOS="1326"/>
							<String ID="string_266" HPOS="1345" VPOS="1846" WIDTH="79" HEIGHT="34" WC="0.93" CONTENT="herr"/><SP WIDTH="19" VPOS="1846" HPOS="1424"/>
							<String ID="string_267" HPOS="1443" VPOS="1847" WIDTH="203" HEIGHT="35" WC="0.91" CONTENT="Holmbäck"/><SP WIDTH="19" VPOS="1847" HPOS="1646"/>
							<String ID="string_268" HPOS="1665" VPOS="1861" WIDTH="47" HEIGHT="21" WC="0.91" CONTENT="m."/><SP WIDTH="20" VPOS="1861" HPOS="1712"/>
							<String ID="string_269" HPOS="1732" VPOS="1849" WIDTH="37" HEIGHT="41" WC="0.96" CONTENT="fl."/>
						</TextLine>
						<TextLine ID="line_29" HPOS="283" VPOS="1895" WIDTH="1487" HEIGHT="49">
							<String ID="string_270" HPOS="283" VPOS="1895" WIDTH="44" HEIGHT="42" WC="0.92" CONTENT="(I:"/><SP WIDTH="14" VPOS="1895" HPOS="327"/>
							<String ID="string_271" HPOS="341" VPOS="1895" WIDTH="82" HEIGHT="43" WC="0.92" CONTENT="260)"/><SP WIDTH="24" VPOS="1895" HPOS="423"/>
							<String ID="string_272" HPOS="447" VPOS="1896" WIDTH="66" HEIGHT="33" WC="0.97" CONTENT="och"/><SP WIDTH="20" VPOS="1896" HPOS="513"/>
							<String ID="string_273" HPOS="533" VPOS="1896" WIDTH="67" HEIGHT="34" WC="0.96" CONTENT="den"/><SP WIDTH="21" VPOS="1896" HPOS="600"/>
							<String ID="string_274" HPOS="621" VPOS="1897" WIDTH="112" HEIGHT="33" WC="0.96" CONTENT="andra"/><SP WIDTH="19" VPOS="1897" HPOS="733"/>
							<String ID="string_275" HPOS="752" VPOS="1897" WIDTH="95" HEIGHT="34" WC="0.96" CONTENT="inom"/><SP WIDTH="20" VPOS="1897" HPOS="847"/>
							<String ID="string_276" HPOS="867" VPOS="1898" WIDTH="112" HEIGHT="34" WC="0.96" CONTENT="andra"/><SP WIDTH="19" VPOS="1898" HPOS="979"/>
							<String ID="string_277" HPOS="998" VPOS="1898" WIDTH="208" HEIGHT="35" WC="0.96" CONTENT="kammaren"/><SP WIDTH="20" VPOS="1898" HPOS="1206"/>
							<String ID="string_278" HPOS="1226" VPOS="1911" WIDTH="45" HEIGHT="22" WC="0.96" CONTENT="av"/><SP WIDTH="19" VPOS="1911" HPOS="1271"/>
							<String ID="string_279" HPOS="1290" VPOS="1899" WIDTH="80" HEIGHT="35" WC="0.96" CONTENT="herr"/><SP WIDTH="19" VPOS="1899" HPOS="1370"/>
							<String ID="string_280" HPOS="1389" VPOS="1900" WIDTH="230" HEIGHT="35" WC="0.96" CONTENT="Kristensson"/><SP WIDTH="20" VPOS="1900" HPOS="1619"/>
							<String ID="string_281" HPOS="1639" VPOS="1901" WIDTH="11" HEIGHT="34" WC="0.96" CONTENT="i"/><SP WIDTH="21" VPOS="1901" HPOS="1650"/>
							<String ID="string_282" HPOS="1671" VPOS="1901" WIDTH="99" HEIGHT="43" WC="0.95" CONTENT="Osby"/>
						</TextLine>
						<TextLine ID="line_30" HPOS="279" VPOS="1948" WIDTH="1490" HEIGHT="49">
							<String ID="string_283" HPOS="279" VPOS="1961" WIDTH="47" HEIGHT="21" WC="0.89" CONTENT="m."/><SP WIDTH="21" VPOS="1961" HPOS="326"/>
							<String ID="string_284" HPOS="347" VPOS="1949" WIDTH="39" HEIGHT="42" WC="0.92" CONTENT="fl."/><SP WIDTH="26" VPOS="1949" HPOS="386"/>
							<String ID="string_285" HPOS="412" VPOS="1948" WIDTH="65" HEIGHT="43" WC="0.95" CONTENT="(II:"/><SP WIDTH="15" VPOS="1948" HPOS="477"/>
							<String ID="string_286" HPOS="492" VPOS="1949" WIDTH="94" HEIGHT="43" WC="0.96" CONTENT="244),"/><SP WIDTH="22" VPOS="1949" HPOS="586"/>
							<String ID="string_287" HPOS="608" VPOS="1950" WIDTH="12" HEIGHT="33" WC="0.96" CONTENT="i"/><SP WIDTH="22" VPOS="1950" HPOS="620"/>
							<String ID="string_288" HPOS="642" VPOS="1950" WIDTH="98" HEIGHT="34" WC="0.93" CONTENT="vilka"/><SP WIDTH="20" VPOS="1950" HPOS="740"/>
							<String ID="string_289" HPOS="760" VPOS="1950" WIDTH="210" HEIGHT="41" WC="0.91" CONTENT="hemställts,"/><SP WIDTH="23" VPOS="1950" HPOS="970"/>
							<String ID="string_290" HPOS="993" VPOS="1956" WIDTH="55" HEIGHT="29" WC="0.96" CONTENT="att"/><SP WIDTH="22" VPOS="1956" HPOS="1048"/>
							<String ID="string_291" HPOS="1070" VPOS="1952" WIDTH="186" HEIGHT="43" WC="0.96" CONTENT="riksdagen"/><SP WIDTH="23" VPOS="1952" HPOS="1256"/>
							<String ID="string_292" HPOS="1279" VPOS="1953" WIDTH="92" HEIGHT="40" WC="0.96" CONTENT="ville,"/><SP WIDTH="23" VPOS="1953" HPOS="1371"/>
							<String ID="string_293" HPOS="1394" VPOS="1957" WIDTH="126" HEIGHT="30" WC="0.96" CONTENT="utöver"/><SP WIDTH="23" VPOS="1957" HPOS="1520"/>
							<String ID="string_294" HPOS="1543" VPOS="1955" WIDTH="71" HEIGHT="33" WC="0.96" CONTENT="vad"/><SP WIDTH="22" VPOS="1955" HPOS="1614"/>
							<String ID="string_295" HPOS="1636" VPOS="1955" WIDTH="133" HEIGHT="42" WC="0.96" CONTENT="Kungl."/>
						</TextLine>
						<TextLine ID="line_31" HPOS="278" VPOS="2000" WIDTH="1492" HEIGHT="51">
							<String ID="string_296" HPOS="278" VPOS="2000" WIDTH="111" HEIGHT="44" WC="0.95" CONTENT="Maj:t"/><SP WIDTH="25" VPOS="2000" HPOS="389"/>
							<String ID="string_297" HPOS="414" VPOS="2002" WIDTH="190" HEIGHT="43" WC="0.96" CONTENT="föreslagit,"/><SP WIDTH="26" VPOS="2002" HPOS="604"/>
							<String ID="string_298" HPOS="630" VPOS="2003" WIDTH="132" HEIGHT="43" WC="0.96" CONTENT="bevilja"/><SP WIDTH="23" VPOS="2003" HPOS="762"/>
							<String ID="string_299" HPOS="785" VPOS="2004" WIDTH="54" HEIGHT="34" WC="0.96" CONTENT="till"/><SP WIDTH="27" VPOS="2004" HPOS="839"/>
							<String ID="string_300" HPOS="866" VPOS="2004" WIDTH="338" HEIGHT="36" WC="0.96" CONTENT="Centralförbundet"/><SP WIDTH="25" VPOS="2004" HPOS="1204"/>
							<String ID="string_301" HPOS="1229" VPOS="2006" WIDTH="54" HEIGHT="34" WC="0.93" CONTENT="för"/><SP WIDTH="23" VPOS="2006" HPOS="1283"/>
							<String ID="string_302" HPOS="1306" VPOS="2006" WIDTH="464" HEIGHT="45" WC="0.91" CONTENT="nykterhetsundervisning"/>
						</TextLine>
						<TextLine ID="line_32" HPOS="278" VPOS="2054" WIDTH="1490" HEIGHT="50">
							<String ID="string_303" HPOS="278" VPOS="2054" WIDTH="54" HEIGHT="35" WC="0.96" CONTENT="för"/><SP WIDTH="20" VPOS="2054" HPOS="332"/>
							<String ID="string_304" HPOS="352" VPOS="2054" WIDTH="199" HEIGHT="44" WC="0.96" CONTENT="främjande"/><SP WIDTH="22" VPOS="2054" HPOS="551"/>
							<String ID="string_305" HPOS="573" VPOS="2069" WIDTH="46" HEIGHT="21" WC="0.96" CONTENT="av"/><SP WIDTH="22" VPOS="2069" HPOS="619"/>
							<String ID="string_306" HPOS="641" VPOS="2057" WIDTH="79" HEIGHT="34" WC="0.96" CONTENT="dess"/><SP WIDTH="22" VPOS="2057" HPOS="720"/>
							<String ID="string_307" HPOS="742" VPOS="2057" WIDTH="226" HEIGHT="35" WC="0.96" CONTENT="verksamhet"/><SP WIDTH="21" VPOS="2057" HPOS="968"/>
							<String ID="string_308" HPOS="989" VPOS="2062" WIDTH="19" HEIGHT="31" WC="0.96" CONTENT="6"/><SP WIDTH="15" VPOS="2062" HPOS="1008"/>
							<String ID="string_309" HPOS="1023" VPOS="2062" WIDTH="66" HEIGHT="31" WC="0.96" CONTENT="000"/><SP WIDTH="21" VPOS="2062" HPOS="1089"/>
							<String ID="string_310" HPOS="1110" VPOS="2059" WIDTH="141" HEIGHT="41" WC="0.96" CONTENT="kronor,"/><SP WIDTH="21" VPOS="2059" HPOS="1251"/>
							<String ID="string_311" HPOS="1272" VPOS="2060" WIDTH="53" HEIGHT="34" WC="0.96" CONTENT="till"/><SP WIDTH="22" VPOS="2060" HPOS="1325"/>
							<String ID="string_312" HPOS="1347" VPOS="2060" WIDTH="235" HEIGHT="35" WC="0.96" CONTENT="instruktörer"/><SP WIDTH="21" VPOS="2060" HPOS="1582"/>
							<String ID="string_313" HPOS="1603" VPOS="2061" WIDTH="55" HEIGHT="34" WC="0.93" CONTENT="för"/><SP WIDTH="22" VPOS="2061" HPOS="1658"/>
							<String ID="string_314" HPOS="1680" VPOS="2062" WIDTH="88" HEIGHT="42" WC="0.93" CONTENT="nyk-"/>
						</TextLine>
						<TextLine ID="line_33" HPOS="282" VPOS="2108" WIDTH="1490" HEIGHT="49">
							<String ID="string_315" HPOS="282" VPOS="2108" WIDTH="351" HEIGHT="45" WC="0.88" CONTENT="terhetsupplysning"/><SP WIDTH="25" VPOS="2108" HPOS="633"/>
							<String ID="string_316" HPOS="658" VPOS="2113" WIDTH="123" HEIGHT="31" WC="0.84" CONTENT="20000"/><SP WIDTH="26" VPOS="2113" HPOS="781"/>
							<String ID="string_317" HPOS="807" VPOS="2111" WIDTH="131" HEIGHT="35" WC="0.96" CONTENT="kronor"/><SP WIDTH="24" VPOS="2111" HPOS="938"/>
							<String ID="string_318" HPOS="962" VPOS="2112" WIDTH="65" HEIGHT="34" WC="0.96" CONTENT="och"/><SP WIDTH="25" VPOS="2112" HPOS="1027"/>
							<String ID="string_319" HPOS="1052" VPOS="2112" WIDTH="54" HEIGHT="33" WC="0.96" CONTENT="till"/><SP WIDTH="27" VPOS="2112" HPOS="1106"/>
							<String ID="string_320" HPOS="1133" VPOS="2112" WIDTH="197" HEIGHT="43" WC="0.96" CONTENT="främjande"/><SP WIDTH="26" VPOS="2112" HPOS="1330"/>
							<String ID="string_321" HPOS="1356" VPOS="2126" WIDTH="47" HEIGHT="21" WC="0.96" CONTENT="av"/><SP WIDTH="26" VPOS="2126" HPOS="1403"/>
							<String ID="string_322" HPOS="1429" VPOS="2114" WIDTH="93" HEIGHT="34" WC="0.93" CONTENT="olika"/><SP WIDTH="25" VPOS="2114" HPOS="1522"/>
							<String ID="string_323" HPOS="1547" VPOS="2115" WIDTH="225" HEIGHT="42" WC="0.91" CONTENT="nykterhets-"/>
						</TextLine>
						<TextLine ID="line_34" HPOS="277" VPOS="2162" WIDTH="1490" HEIGHT="46">
							<String ID="string_324" HPOS="277" VPOS="2162" WIDTH="294" HEIGHT="42" WC="0.96" CONTENT="organisationers"/><SP WIDTH="26" VPOS="2162" HPOS="571"/>
							<String ID="string_325" HPOS="597" VPOS="2163" WIDTH="225" HEIGHT="35" WC="0.96" CONTENT="verksamhet"/><SP WIDTH="28" VPOS="2163" HPOS="822"/>
							<String ID="string_326" HPOS="850" VPOS="2168" WIDTH="43" HEIGHT="31" WC="0.92" CONTENT="10"/><SP WIDTH="15" VPOS="2168" HPOS="893"/>
							<String ID="string_327" HPOS="908" VPOS="2169" WIDTH="66" HEIGHT="29" WC="0.92" CONTENT="000"/><SP WIDTH="25" VPOS="2169" HPOS="974"/>
							<String ID="string_328" HPOS="999" VPOS="2165" WIDTH="130" HEIGHT="34" WC="0.96" CONTENT="kronor"/><SP WIDTH="26" VPOS="2165" HPOS="1129"/>
							<String ID="string_329" HPOS="1155" VPOS="2166" WIDTH="66" HEIGHT="33" WC="0.96" CONTENT="och"/><SP WIDTH="26" VPOS="2166" HPOS="1221"/>
							<String ID="string_330" HPOS="1247" VPOS="2167" WIDTH="148" HEIGHT="33" WC="0.96" CONTENT="sålunda"/><SP WIDTH="27" VPOS="2167" HPOS="1395"/>
							<String ID="string_331" HPOS="1422" VPOS="2168" WIDTH="115" HEIGHT="33" WC="0.96" CONTENT="såsom"/><SP WIDTH="26" VPOS="2168" HPOS="1537"/>
							<String ID="string_332" HPOS="1563" VPOS="2167" WIDTH="126" HEIGHT="41" WC="0.94" CONTENT="bidrag"/><SP WIDTH="25" VPOS="2167" HPOS="1689"/>
							<String ID="string_333" HPOS="1714" VPOS="2168" WIDTH="53" HEIGHT="33" WC="0.95" CONTENT="till"/>
						</TextLine>
						<TextLine ID="line_35" HPOS="280" VPOS="2215" WIDTH="1491" HEIGHT="47">
							<String ID="string_334" HPOS="280" VPOS="2215" WIDTH="283" HEIGHT="43" WC="0.92" CONTENT="undervisnings-"/><SP WIDTH="24" VPOS="2215" HPOS="563"/>
							<String ID="string_335" HPOS="587" VPOS="2216" WIDTH="66" HEIGHT="34" WC="0.93" CONTENT="och"/><SP WIDTH="26" VPOS="2216" HPOS="653"/>
							<String ID="string_336" HPOS="679" VPOS="2217" WIDTH="458" HEIGHT="43" WC="0.91" CONTENT="upplysningsverksamhet"/><SP WIDTH="26" VPOS="2217" HPOS="1137"/>
							<String ID="string_337" HPOS="1163" VPOS="2231" WIDTH="48" HEIGHT="22" WC="0.90" CONTENT="m."/><SP WIDTH="24" VPOS="2231" HPOS="1211"/>
							<String ID="string_338" HPOS="1235" VPOS="2232" WIDTH="46" HEIGHT="21" WC="0.91" CONTENT="m."/><SP WIDTH="25" VPOS="2232" HPOS="1281"/>
							<String ID="string_339" HPOS="1306" VPOS="2219" WIDTH="55" HEIGHT="34" WC="0.93" CONTENT="för"/><SP WIDTH="23" VPOS="2219" HPOS="1361"/>
							<String ID="string_340" HPOS="1384" VPOS="2220" WIDTH="254" HEIGHT="42" WC="0.91" CONTENT="nykterhetens"/><SP WIDTH="27" VPOS="2220" HPOS="1638"/>
							<String ID="string_341" HPOS="1665" VPOS="2220" WIDTH="106" HEIGHT="35" WC="0.92" CONTENT="främ-"/>
						</TextLine>
						<TextLine ID="line_36" HPOS="276" VPOS="2267" WIDTH="754" HEIGHT="45">
							<String ID="string_342" HPOS="276" VPOS="2267" WIDTH="107" HEIGHT="41" WC="0.88" CONTENT="jande"/><SP WIDTH="22" VPOS="2267" HPOS="383"/>
							<String ID="string_343" HPOS="405" VPOS="2269" WIDTH="125" HEIGHT="33" WC="0.93" CONTENT="anvisa"/><SP WIDTH="21" VPOS="2269" HPOS="530"/>
							<String ID="string_344" HPOS="551" VPOS="2269" WIDTH="149" HEIGHT="43" WC="0.92" CONTENT="tillhopa"/><SP WIDTH="24" VPOS="2269" HPOS="700"/>
							<String ID="string_345" HPOS="724" VPOS="2273" WIDTH="63" HEIGHT="31" WC="0.95" CONTENT="525"/><SP WIDTH="16" VPOS="2273" HPOS="787"/>
							<String ID="string_346" HPOS="803" VPOS="2274" WIDTH="65" HEIGHT="30" WC="0.96" CONTENT="000"/><SP WIDTH="22" VPOS="2274" HPOS="868"/>
							<String ID="string_347" HPOS="890" VPOS="2271" WIDTH="140" HEIGHT="34" WC="0.96" CONTENT="kronor."/>
						</TextLine>
					</TextBlock>
				</ComposedBlock>
				<ComposedBlock ID="cblock_7" HPOS="278" VPOS="2339" WIDTH="1492" HEIGHT="256">
					<TextBlock ID="block_10" HPOS="278" VPOS="2339" WIDTH="1492" HEIGHT="256">
						<TextLine ID="line_37" HPOS="323" VPOS="2339" WIDTH="1447" HEIGHT="44">
							<String ID="string_348" HPOS="323" VPOS="2339" WIDTH="345" HEIGHT="44" WC="0.92" CONTENT="Skolöverstyrelsen"/><SP WIDTH="22" VPOS="2339" HPOS="668"/>
							<String ID="string_349" HPOS="690" VPOS="2341" WIDTH="64" HEIGHT="34" WC="0.93" CONTENT="har"/><SP WIDTH="21" VPOS="2341" HPOS="754"/>
							<String ID="string_350" HPOS="775" VPOS="2362" WIDTH="45" HEIGHT="5" WC="0.92" CONTENT="—"/><SP WIDTH="22" VPOS="2362" HPOS="820"/>
							<String ID="string_351" HPOS="842" VPOS="2342" WIDTH="113" HEIGHT="34" WC="0.93" CONTENT="under"/><SP WIDTH="22" VPOS="2342" HPOS="955"/>
							<String ID="string_352" HPOS="977" VPOS="2342" WIDTH="256" HEIGHT="36" WC="0.91" CONTENT="framhållande"/><SP WIDTH="24" VPOS="2342" HPOS="1233"/>
							<String ID="string_353" HPOS="1257" VPOS="2356" WIDTH="45" HEIGHT="22" WC="0.96" CONTENT="av"/><SP WIDTH="22" VPOS="2356" HPOS="1302"/>
							<String ID="string_354" HPOS="1324" VPOS="2348" WIDTH="57" HEIGHT="30" WC="0.96" CONTENT="att"/><SP WIDTH="23" VPOS="2348" HPOS="1381"/>
							<String ID="string_355" HPOS="1404" VPOS="2344" WIDTH="79" HEIGHT="34" WC="0.96" CONTENT="från"/><SP WIDTH="23" VPOS="2344" HPOS="1483"/>
							<String ID="string_356" HPOS="1506" VPOS="2344" WIDTH="264" HEIGHT="35" WC="0.96" CONTENT="vederbörande"/>
						</TextLine>
						<TextLine ID="line_38" HPOS="280" VPOS="2393" WIDTH="1488" HEIGHT="47">
							<String ID="string_357" HPOS="280" VPOS="2393" WIDTH="276" HEIGHT="42" WC="0.96" CONTENT="organisationer"/><SP WIDTH="25" VPOS="2393" HPOS="556"/>
							<String ID="string_358" HPOS="581" VPOS="2393" WIDTH="55" HEIGHT="35" WC="0.96" CONTENT="för"/><SP WIDTH="24" VPOS="2393" HPOS="636"/>
							<String ID="string_359" HPOS="660" VPOS="2397" WIDTH="105" HEIGHT="31" WC="0.96" CONTENT="nästa"/><SP WIDTH="24" VPOS="2397" HPOS="765"/>
							<String ID="string_360" HPOS="789" VPOS="2394" WIDTH="175" HEIGHT="43" WC="0.93" CONTENT="budgetår"/><SP WIDTH="25" VPOS="2394" HPOS="964"/>
							<String ID="string_361" HPOS="989" VPOS="2396" WIDTH="119" HEIGHT="34" WC="0.93" CONTENT="äskats"/><SP WIDTH="27" VPOS="2396" HPOS="1108"/>
							<String ID="string_362" HPOS="1135" VPOS="2396" WIDTH="216" HEIGHT="44" WC="0.96" CONTENT="statsbidrag"/><SP WIDTH="24" VPOS="2396" HPOS="1351"/>
							<String ID="string_363" HPOS="1375" VPOS="2397" WIDTH="54" HEIGHT="34" WC="0.95" CONTENT="till"/><SP WIDTH="25" VPOS="2397" HPOS="1429"/>
							<String ID="string_364" HPOS="1454" VPOS="2402" WIDTH="54" HEIGHT="30" WC="0.95" CONTENT="ett"/><SP WIDTH="24" VPOS="2402" HPOS="1508"/>
							<String ID="string_365" HPOS="1532" VPOS="2398" WIDTH="236" HEIGHT="42" WC="0.96" CONTENT="sammanlagt"/>
						</TextLine>
						<TextLine ID="line_39" HPOS="280" VPOS="2446" WIDTH="1488" HEIGHT="47">
							<String ID="string_366" HPOS="280" VPOS="2446" WIDTH="128" HEIGHT="43" WC="0.96" CONTENT="belopp"/><SP WIDTH="24" VPOS="2446" HPOS="408"/>
							<String ID="string_367" HPOS="432" VPOS="2459" WIDTH="47" HEIGHT="22" WC="0.96" CONTENT="av"/><SP WIDTH="23" VPOS="2459" HPOS="479"/>
							<String ID="string_368" HPOS="502" VPOS="2451" WIDTH="64" HEIGHT="30" WC="0.79" CONTENT="983"/><SP WIDTH="14" VPOS="2451" HPOS="566"/>
							<String ID="string_369" HPOS="580" VPOS="2451" WIDTH="67" HEIGHT="30" WC="0.79" CONTENT="450"/><SP WIDTH="25" VPOS="2451" HPOS="647"/>
							<String ID="string_370" HPOS="672" VPOS="2447" WIDTH="129" HEIGHT="35" WC="0.93" CONTENT="kronor"/><SP WIDTH="21" VPOS="2447" HPOS="801"/>
							<String ID="string_371" HPOS="822" VPOS="2470" WIDTH="47" HEIGHT="5" WC="0.91" CONTENT="—"/><SP WIDTH="23" VPOS="2470" HPOS="869"/>
							<String ID="string_372" HPOS="892" VPOS="2448" WIDTH="178" HEIGHT="43" WC="0.96" CONTENT="föreslagit"/><SP WIDTH="23" VPOS="2448" HPOS="1070"/>
							<String ID="string_373" HPOS="1093" VPOS="2449" WIDTH="148" HEIGHT="43" WC="0.96" CONTENT="höjning"/><SP WIDTH="23" VPOS="2449" HPOS="1241"/>
							<String ID="string_374" HPOS="1264" VPOS="2462" WIDTH="45" HEIGHT="21" WC="0.95" CONTENT="av"/><SP WIDTH="24" VPOS="2462" HPOS="1309"/>
							<String ID="string_375" HPOS="1333" VPOS="2451" WIDTH="160" HEIGHT="42" WC="0.96" CONTENT="anslaget"/><SP WIDTH="23" VPOS="2451" HPOS="1493"/>
							<String ID="string_376" HPOS="1516" VPOS="2451" WIDTH="81" HEIGHT="34" WC="0.96" CONTENT="med"/><SP WIDTH="25" VPOS="2451" HPOS="1597"/>
							<String ID="string_377" HPOS="1622" VPOS="2455" WIDTH="64" HEIGHT="30" WC="0.96" CONTENT="331"/><SP WIDTH="17" VPOS="2455" HPOS="1686"/>
							<String ID="string_378" HPOS="1703" VPOS="2454" WIDTH="65" HEIGHT="30" WC="0.96" CONTENT="000"/>
						</TextLine>
						<TextLine ID="line_40" HPOS="278" VPOS="2498" WIDTH="1491" HEIGHT="48">
							<String ID="string_379" HPOS="278" VPOS="2498" WIDTH="130" HEIGHT="35" WC="0.96" CONTENT="kronor"/><SP WIDTH="18" VPOS="2498" HPOS="408"/>
							<String ID="string_380" HPOS="426" VPOS="2500" WIDTH="54" HEIGHT="34" WC="0.96" CONTENT="till"/><SP WIDTH="19" VPOS="2500" HPOS="480"/>
							<String ID="string_381" HPOS="499" VPOS="2503" WIDTH="65" HEIGHT="31" WC="0.96" CONTENT="820"/><SP WIDTH="15" VPOS="2503" HPOS="564"/>
							<String ID="string_382" HPOS="579" VPOS="2504" WIDTH="66" HEIGHT="30" WC="0.95" CONTENT="000"/><SP WIDTH="19" VPOS="2504" HPOS="645"/>
							<String ID="string_383" HPOS="664" VPOS="2500" WIDTH="140" HEIGHT="35" WC="0.93" CONTENT="kronor."/><SP WIDTH="18" VPOS="2500" HPOS="804"/>
							<String ID="string_384" HPOS="822" VPOS="2501" WIDTH="357" HEIGHT="43" WC="0.91" CONTENT="Anslagsäskandena"/><SP WIDTH="18" VPOS="2501" HPOS="1179"/>
							<String ID="string_385" HPOS="1197" VPOS="2502" WIDTH="136" HEIGHT="43" WC="0.96" CONTENT="framgå"/><SP WIDTH="18" VPOS="2502" HPOS="1333"/>
							<String ID="string_386" HPOS="1351" VPOS="2515" WIDTH="47" HEIGHT="22" WC="0.96" CONTENT="av"/><SP WIDTH="19" VPOS="2515" HPOS="1398"/>
							<String ID="string_387" HPOS="1417" VPOS="2502" WIDTH="157" HEIGHT="44" WC="0.93" CONTENT="följande"/><SP WIDTH="18" VPOS="2502" HPOS="1574"/>
							<String ID="string_388" HPOS="1592" VPOS="2515" WIDTH="177" HEIGHT="23" WC="0.92" CONTENT="samman-"/>
						</TextLine>
						<TextLine ID="line_41" HPOS="279" VPOS="2552" WIDTH="177" HEIGHT="43">
							<String ID="string_389" HPOS="279" VPOS="2552" WIDTH="177" HEIGHT="43" WC="0.96" CONTENT="ställning."/>
						</TextLine>
					</TextBlock>
				</ComposedBlock>
			</PrintSpace>
		</Page>
	</Layout>
</alto>
