1882 2788
555 164 299 37 Statsutskottets
870 163 188 36 utlåtande
1076 175 43 23 nr
1134 166 34 33 8.
1564 165 44 32 25

161 247 92 42 62:0)
279 247 238 41 Vitterhets-,
543 245 170 36 historie-
740 246 69 34 och
835 244 462 35 antikvitetsakademien:
1338 243 268 35 Riksantikva-

112 299 234 36 rieämbetet:
371 298 500 43 Fornminnesinventering.
904 297 20 34 I
946 297 156 43 enlighet
1123 297 82 34 med
1227 297 134 43 Kungl.
1384 296 129 43 Maj:ts
1536 296 69 34 för-

114 353 74 44 slag
208 353 132 44 (punkt
359 356 56 37 63,
434 364 26 23 s.
480 356 43 31 58
542 352 67 35 och
630 352 71 43 59),
720 351 112 35 vilket
851 351 147 34 innebär
1017 350 193 35 anvisande
1229 362 47 23 av
1295 362 137 22 samma
1451 350 153 43 anslags-

114 406 127 45 belopp
261 419 77 22 som
358 406 55 35 för
431 405 238 36 innevarande
689 405 185 43 budgetår,
893 404 203 35 hemställer
1114 403 192 41 utskottet,

477 463 56 31 att
557 458 186 43 riksdagen
766 459 61 34 må
851 458 54 34 till
932 457 220 40 Vitterhets-,
1177 457 159 35 historie-
1361 457 66 35 och
1452 456 154 35 antikvi-

433 512 293 36 tetsakademien:
756 511 464 36 Riksantikvarieämbetet:
1250 511 355 34 Fornminnesinven-

433 567 112 42 tering
562 565 55 35 för
633 566 211 43 budgetåret
863 565 156 44 1951/52
1037 565 124 34 anvisa
1178 569 54 29 ett
1248 564 358 42 reservationsanslag

434 632 45 22 av
500 623 65 31 182
579 623 67 31 600
665 619 139 35 kronor.

159 727 92 43 63:0)
278 727 237 42 Vitterhets-,
549 726 170 35 historie-
753 727 69 33 och
856 725 461 35 antikvitetsakademien:
1355 724 251 35 Ostasiatiska

115 781 260 42 arkeologiska
401 781 270 42 samlingarna:
699 779 248 43 Avlöningar.
983 778 20 34 I
1029 778 155 43 enlighet
1209 778 82 34 med
1318 778 132 43 Kungl.
1477 777 129 43 Maj:ts

115 834 128 44 förslag
268 834 132 44 (punkt
422 837 54 37 64,
499 846 27 22 s.
549 837 43 31 59
615 833 66 35 och
704 833 72 43 60),
799 832 111 35 vilket
932 832 148 34 innebär
1101 832 194 34 anvisande
1318 844 46 22 av
1387 843 135 22 samma
1545 843 61 22 an-

115 887 220 44 slagsbelopp
359 899 77 23 som
459 887 54 34 för
536 887 239 34 innevarande
799 886 185 43 budgetår,
1007 886 204 34 hemställer
1233 885 191 40 utskottet,

477 945 57 29 att
557 939 186 43 riksdagen
767 940 61 34 må
852 939 54 34 till
932 938 221 41 Vitterhets-,
1177 938 160 35 historie-
1362 938 66 35 och
1452 938 154 34 antikvi-

433 993 293 35 tetsakademien:
777 992 238 35 Ostasiatiska
1065 991 242 43 arkeologiska
1358 992 248 41 samlingarna:

431 1047 219 42 Avlöningar
686 1046 54 34 för
777 1046 213 43 budgetåret
1029 1045 156 44 1951/52
1214 1045 125 34 anvisa
1365 1049 53 30 ett
1444 1045 161 42 förslags-

433 1100 121 43 anslag
577 1112 47 22 av
646 1103 43 31 32
703 1103 66 31 500
792 1099 141 34 kronor.

162 1208 92 43 64:0)
282 1208 236 42 Vitterhets-,
548 1206 170 36 historie-
749 1207 68 34 och
848 1205 460 35 antikvitetsakademien:
1354 1204 252 35 Ostasiatiska

115 1261 261 43 arkeologiska
398 1261 269 42 samlingarna:
690 1259 284 36 Omkostnader.
1006 1259 19 34 I
1046 1258 155 44 enlighet
1220 1259 83 34 med
1324 1258 132 43 Kungl.
1477 1258 130 42 Maj:ts

116 1315 129 43 förslag
264 1314 133 44 (punkt
413 1318 54 36 65,
484 1326 27 22 s.
529 1314 73 42 60),
620 1313 110 34 vilket
746 1313 148 34 innebär
910 1312 194 35 anvisande
1122 1324 46 22 av
1184 1324 138 22 samma
1338 1312 268 44 anslagsbelopp

116 1381 75 22 som
214 1368 54 34 för
290 1368 240 34 innevarande
553 1367 185 43 budgetår,
760 1367 204 33 hemställer
986 1366 190 39 utskottet,

479 1425 56 29 att
559 1420 186 42 riksdagen
769 1421 61 33 må
854 1419 54 34 till
934 1419 221 40 Vitterhets-,
1179 1419 160 34 historie-
1363 1419 66 34 och
1454 1418 153 34 antikvi-

435 1474 292 34 tetsakademien:
778 1472 237 35 Ostasiatiska
1066 1472 241 42 arkeologiska
1358 1472 249 42 samlingarna:

434 1527 261 35 Omkostnader
719 1526 54 34 för
797 1526 212 43 budgetåret
1036 1525 156 44 1951/52
1219 1526 124 33 anvisa
1368 1530 53 29 ett
1446 1525 161 43 förslags-

436 1581 120 43 anslag
579 1592 46 22 av
649 1584 19 30 5
683 1584 65 30 900
771 1580 140 34 kronor.

163 1688 92 42 65:0)
282 1689 173 33 Förvärv
475 1698 48 24 av
543 1687 103 34 vissa
665 1687 220 43 byggnader
904 1697 48 23 m.
971 1698 48 23 m.
1039 1687 65 33 vid
1126 1686 62 35 S:t
1208 1686 109 35 Olofs
1337 1686 86 34 ruin
1443 1687 14 33 i
1477 1686 131 42 Visby.

121 1742 18 33 I
160 1741 153 43 enlighet
334 1742 82 33 med
436 1741 132 42 Kungl.
590 1740 127 43 Maj:ts
738 1740 131 43 förslag
893 1740 130 43 (punkt
1045 1743 55 37 66,
1122 1752 26 21 s.
1171 1743 42 30 60
1235 1739 66 35 och
1324 1740 58 41 61)
1406 1739 202 34 hemställer

118 1795 188 39 utskottet,

481 1852 55 29 att
555 1847 185 42 riksdagen
760 1848 59 32 må
838 1847 54 33 till
942 1849 128 31 Förvärv
1091 1858 44 22 av
1155 1846 94 34 vissa
1271 1846 203 42 byggnader
1492 1858 47 22 m.
1559 1858 48 21 m.

434 1901 60 33 vid
517 1901 55 34 S:t
596 1900 98 41 Olofs
715 1900 79 33 ruin
819 1900 12 33 i
856 1899 108 43 Visby
989 1899 54 33 för
1067 1899 211 42 budgetåret
1304 1898 155 43 1951/52
1484 1899 123 33 anvisa

436 1958 53 29 ett
511 1954 122 42 anslag
655 1966 44 21 av
721 1956 42 30 43
780 1957 66 30 000
868 1953 139 33 kronor.

164 2062 92 42 66:0)
283 2062 232 33 Akademien
542 2062 61 33 för
628 2062 45 33 de
699 2061 75 33 fria
800 2061 202 33 konsterna
1027 2061 84 33 med
1137 2059 332 43 konsthögskolan:
1497 2060 111 33 Avlö-

121 2116 144 41 ningar.
300 2115 19 32 I
343 2115 153 42 enlighet
520 2114 81 34 med
625 2114 131 42 Kungl.
780 2113 129 42 Maj:ts
934 2113 129 42 förslag
1091 2113 130 43 (punkt
1245 2117 55 35 67,
1326 2125 26 21 s.
1378 2116 42 30 62
1445 2113 65 33 och
1536 2113 72 41 63),

120 2168 108 34 vilket
248 2168 149 33 innebär
417 2180 42 21 en
482 2167 341 42 anslagsminskning
844 2167 80 33 med
947 2170 67 30 700
1035 2166 140 39 kronor,
1196 2166 203 33 hemställer
1419 2166 189 39 utskottet,

482 2225 55 28 att
557 2220 185 41 riksdagen
762 2220 60 33 må

488 2274 34 40 a)
553 2272 213 42 bemyndiga
793 2272 131 41 Kungl.
950 2271 112 42 Maj:t
1090 2276 67 35 att,
1183 2271 80 34 med
1291 2271 224 43 tillämpning
1541 2271 70 34 tills

443 2325 120 33 vidare
581 2324 78 34 från
677 2324 64 34 och
760 2324 81 34 med
860 2324 211 42 budgetåret
1091 2323 167 42 1951/52,
1277 2324 146 42 vidtaga
1440 2324 67 34 den
1526 2324 85 33 änd-

443 2377 76 42 ring
536 2378 8 33 i
565 2376 428 43 personalförteckningen
1011 2376 55 34 för
1084 2376 207 34 akademien
1309 2376 55 34 för
1382 2376 42 34 de
1443 2376 65 34 fria
1525 2377 86 33 kon-

439 2435 119 29 sterna
587 2430 80 33 med
697 2429 313 42 konsthögskolan,
1042 2441 76 21 som
1148 2429 196 33 föranledes
1375 2441 44 21 av
1451 2429 69 34 vad
1552 2430 57 33 de-

439 2482 341 44 partementschefen
802 2482 129 39 anfört;
