1890 2784
272 177 64 31 172
721 177 291 35 Statsutskottets
1025 178 182 36 utlåtande
1220 191 42 22 nr
1276 182 32 32 8.

634 261 56 28 att
713 257 185 42 riksdagen
922 258 61 33 må
1007 258 53 34 till
1083 258 213 42 Främjande
1320 272 45 21 av
1390 260 371 36 internationellt-kul-

589 310 120 33 turellt
729 310 198 34 samarbete
949 310 55 35 för
1025 311 210 43 budgetåret
1258 313 155 43 1951/52
1436 314 124 34 anvisa
1580 319 53 29 ett
1654 327 106 22 reser-

588 363 263 43 vationsanslag
873 376 45 21 av
941 368 66 30 225
1023 368 65 31 000
1109 365 140 34 kronor.

317 451 114 41 367:0)
459 451 229 42 Främjande
714 462 50 24 av
790 453 381 36 nordiskt-kulturellt
1198 456 218 34 samarbete.
1453 456 19 33 I
1499 456 152 43 enlighet
1677 458 82 33 med

272 503 130 42 Kungl.
421 503 130 43 Maj:ts
570 504 128 43 förslag
721 505 130 43 (punkt
871 509 78 38 379,
970 518 26 22 s.
1017 508 209 42 482—484),
1247 508 110 34 vilket
1376 509 148 34 innebär
1542 522 43 21 en
1606 511 153 42 anslags-

271 556 201 43 minskning
489 558 81 33 med
589 561 42 30 37
645 562 67 30 600
730 558 139 41 kronor,
887 559 203 35 hemställer
1106 561 190 40 utskottet,

629 616 56 29 att
709 612 187 43 riksdagen
920 614 61 33 må
1006 613 54 34 till
1084 614 213 42 Främjande
1323 620 46 29 av
1393 616 363 35 nordiskt-kulturellt

584 665 198 35 samarbete
803 665 54 34 för
877 666 212 43 budgetåret
1111 668 156 43 1951/52
1290 669 122 34 anvisa
1433 674 54 29 ett
1509 671 247 34 reservations-

585 718 121 43 anslag
724 731 46 21 av
790 722 66 31 200
870 723 66 30 000
954 720 140 34 kronor.

312 806 113 42 368:0)
454 806 215 35 Kostnader
695 808 61 33 för
782 807 174 44 Sveriges
980 809 250 44 medlemskap
1256 811 13 34 i
1294 811 157 35 Unesco.
1487 812 131 43 Kungl.
1642 813 113 42 Maj:t

269 858 64 34 har
353 859 131 42 (punkt
502 862 79 38 380,
597 872 26 22 s.
641 861 197 47 484—492)
858 861 180 44 föreslagit
1054 862 185 44 riksdagen
1258 868 55 30 att
1331 864 53 34 till
1401 865 103 34 detta
1521 866 164 34 ändamål
1704 866 55 34 för

270 911 210 43 budgetåret
499 912 154 44 1951/52
672 914 125 34 anvisa
812 919 53 31 ett
880 915 270 44 förslagsanslag
1166 929 46 22 av
1230 921 65 30 990
1310 922 64 30 000
1390 918 143 43 kronor,
1550 919 208 34 innebäran-

269 964 44 34 de
330 977 42 22 en
390 966 342 44 anslagsminskning
748 968 81 33 med
846 972 44 30 30
904 972 66 31 000
988 969 139 36 kronor.

313 1036 19 34 I
350 1036 174 35 samband
544 1037 144 35 härmed
709 1038 66 34 har
795 1039 186 43 riksdagen
1000 1040 54 34 till
1072 1040 214 44 behandling
1305 1042 155 35 förehaft
1479 1044 64 33 två
1561 1043 196 44 likalydan-

269 1089 44 34 de
332 1089 185 42 motioner,
548 1091 130 34 väckta
709 1092 68 34 den
808 1105 66 22 ena
902 1093 98 34 inom
1031 1093 111 35 första
1159 1094 207 35 kammaren
1386 1108 45 22 av
1451 1096 120 35 herrar
1589 1097 169 34 Manner-

267 1142 125 34 skantz
414 1143 67 34 och
504 1143 115 35 Svärd
643 1145 44 42 (I:
704 1147 79 40 199)
811 1145 64 35 och
898 1146 68 34 den
991 1147 109 34 andra
1125 1147 97 34 inom
1245 1148 111 34 andra
1378 1148 209 36 kammaren
1609 1162 45 22 av
1677 1150 81 34 herr

267 1194 107 35 Birke
390 1208 48 22 m.
454 1196 39 42 fl.
515 1197 64 42 (II:
594 1198 94 42 229),
706 1198 12 33 i
735 1198 96 34 vilka
845 1219 46 5 —
908 1199 114 34 såvitt
1038 1212 48 22 nu
1105 1203 38 31 är
1160 1200 11 34 i
1189 1200 99 43 fråga
1304 1222 47 5 —
1367 1201 211 43 hemställts,
1597 1207 56 30 att
1670 1203 86 34 riks-

268 1248 111 42 dagen
396 1249 116 34 måtte
529 1249 149 42 besluta,
696 1255 57 30 att
770 1251 140 43 Sverige
928 1252 107 43 begär
1052 1253 62 34 sitt
1134 1254 145 34 utträde
1295 1266 42 22 ur
1355 1255 141 34 Unesco
1512 1255 42 35 fr.
1572 1269 32 22 o.
1622 1269 47 22 m.
1688 1257 68 33 den

265 1304 15 29 1
303 1301 64 41 juli
389 1305 85 31 1951
498 1303 66 33 och
585 1308 55 29 att
659 1304 134 43 Kungl.
812 1305 130 42 Maj:ts
961 1306 218 43 proposition
1200 1306 12 34 i
1233 1307 70 34 vad
1324 1320 101 21 avser
1445 1308 307 44 förslagsanslaget

262 1355 47 41 på
330 1359 65 30 990
409 1359 66 31 000
495 1356 129 34 kronor
643 1357 55 34 för
717 1358 243 35 bestridandet
981 1371 47 22 av
1047 1359 191 35 kostnader
1259 1360 54 34 för
1332 1360 159 44 Sveriges
1511 1363 241 43 medlemskap

262 1408 11 33 1
291 1408 136 35 Unesco
445 1410 128 34 avslås.

313 1480 136 34 Genom
470 1481 118 35 beslut
608 1482 67 34 den
697 1486 43 32 27
762 1483 71 43 maj
858 1487 88 31 1949
968 1485 161 44 uppdrog
1148 1486 134 43 Kungl.
1301 1487 110 43 Maj:t
1432 1488 40 34 åt
1492 1501 43 22 en
1555 1488 200 41 kommitté,

266 1532 116 35 vilken
406 1534 140 42 antagit
570 1540 146 29 namnet
739 1537 151 34 svenska
912 1537 367 44 Unescokommittén,
1304 1539 71 35 dels
1401 1545 57 29 att
1482 1541 126 34 utreda
1630 1541 124 44 frågan

265 1598 58 21 om
347 1587 238 42 organisation
609 1588 66 34 och
699 1589 301 44 arbetsuppgifter
1024 1591 54 34 för
1102 1596 54 30 ett
1179 1592 166 35 blivande
1370 1594 147 35 svenskt
1539 1594 216 41 Unescoråd,

266 1638 73 35 dels
355 1639 65 34 ock
438 1644 68 37 att,
523 1641 90 34 intill
632 1641 77 35 dess
727 1647 55 29 ett
799 1643 115 43 dylikt
931 1644 65 34 råd
1012 1644 141 35 komme
1169 1646 54 33 till
1240 1646 118 41 stånd,
1375 1646 150 44 fullgöra
1541 1647 42 36 de
1601 1648 152 43 åliggan-

264 1691 68 35 den
355 1705 75 21 som
453 1693 144 42 jämlikt
618 1694 157 36 Unescos
800 1696 125 43 stadga
949 1697 188 35 ankomme
1160 1699 48 42 på
1231 1699 192 35 nationella
1447 1700 306 44 samarbetsorgan

264 1749 95 30 samt
382 1745 44 36 de
450 1747 180 42 uppgifter
653 1747 10 34 i
688 1748 129 43 övrigt,
841 1762 76 21 som
941 1762 47 22 av
1013 1751 131 42 Kungl.
1167 1751 114 43 Maj:t
1303 1752 118 36 kunde
1445 1753 146 35 komma
1614 1758 57 30 att
1695 1754 58 34 be-

263 1801 181 32 stämmas.
468 1799 130 35 Vidare
622 1801 163 43 uppdrog
807 1802 131 44 Kungl.
962 1803 113 43 Maj:t
1099 1805 38 33 åt
1159 1804 215 35 kommittén
1398 1810 57 30 att
1479 1806 145 43 vidtaga
1646 1807 107 34 erfor-

265 1850 129 43 derliga
422 1852 166 43 åtgärder
617 1853 54 34 för
700 1858 57 30 att
787 1854 123 43 frågan
940 1868 60 22 om
1030 1857 230 43 nedsättning
1290 1870 45 22 av
1365 1858 158 44 Sveriges
1555 1859 112 43 avgift
1698 1860 56 34 för

263 1903 240 45 medlemskap
531 1905 11 34 i
567 1906 137 34 Unesco
731 1907 113 35 skulle
868 1908 146 35 komma
1040 1909 110 34 under
1176 1911 245 43 omprövning.
1447 1911 233 36 Beträffande
1706 1925 46 22 av

262 1957 132 42 Kungl.
421 1957 112 43 Maj:t
560 1958 179 35 fastställd
765 1961 202 42 utgiftsstat
993 1961 55 35 för
1072 1962 215 35 kommittén
1314 1964 101 37 torde
1442 1964 37 35 få
1505 1965 165 35 hänvisas
1697 1966 55 34 för

263 2009 211 43 budgetåret
498 2011 154 45 1949/50
675 2013 54 33 till
751 2026 27 22 s.
801 2017 65 31 724
888 2014 66 34 och
976 2014 55 35 för
1053 2015 153 43 1950/51
1231 2017 53 33 till
1305 2029 27 22 s.
1354 2021 66 31 736
1442 2018 11 33 i
1476 2018 198 43 respektive
1695 2020 56 33 års

261 2063 231 43 statsliggare.

306 2116 233 35 Beträffande
563 2117 122 44 frågan
709 2131 60 22 om
793 2119 156 44 Sveriges
976 2121 181 43 årsbidrag
1181 2122 52 34 till
1256 2123 139 35 Unesco
1419 2125 61 33 må
1503 2124 65 35 här
1590 2128 161 37 nämnas,

261 2173 56 29 att
339 2169 155 35 Unescos
517 2172 325 41 generalkonferens
864 2173 125 35 hittills
1013 2174 76 36 icke
1111 2180 117 30 ansett
1251 2176 52 43 sig
1325 2176 86 35 böra
1433 2176 125 44 frångå
1581 2178 67 34 den
1671 2190 79 22 nor-

260 2234 92 29 men,
368 2227 55 29 att
439 2223 260 36 medlemsstats
716 2225 124 43 bidrag
854 2226 52 34 till
922 2226 178 44 budgeten
1116 2228 65 34 och
1197 2229 258 36 rörelsefonden
1473 2230 171 35 beräknas
1659 2231 91 34 efter

261 2286 135 23 samma
412 2276 111 40 skala,
540 2288 74 22 som
631 2277 180 44 tillämpas
827 2279 10 33 i
854 2278 100 44 fråga
970 2292 60 22 om
1047 2280 123 43 bidrag
1185 2281 54 34 till
1256 2281 154 35 Förenta
1426 2283 221 35 Nationerna
1664 2285 81 33 med

260 2328 44 34 de
319 2328 236 44 jämkningar,
571 2330 94 35 vilka
679 2331 199 35 föranledas
896 2344 47 22 av
958 2337 57 30 att
1032 2334 328 35 medlemsstaterna
1376 2335 10 34 i
1403 2336 43 36 de
1463 2336 94 35 båda
1573 2337 175 43 organisa-

261 2381 159 35 tionerna
434 2382 31 43 ej
486 2386 61 30 äro
563 2383 187 36 identiska.
765 2384 157 44 Sveriges
939 2385 91 35 kvot
1045 2386 11 34 i
1071 2387 139 34 Unesco
1226 2387 54 35 för
1297 2389 38 33 år
1353 2392 87 31 1950
1457 2392 40 31 är
1512 2393 62 38 2,31
1590 2395 158 38 procent.

257 2434 122 43 Enligt
401 2448 46 21 av
468 2436 153 34 svenska
640 2437 355 36 Unescokommittén
1017 2439 123 43 gjorda
1162 2441 234 43 beräkningar
1417 2442 102 36 torde
1539 2443 133 34 kvoten
1694 2442 54 34 för

261 2491 84 31 1951
362 2488 146 35 komma
522 2494 55 29 att
593 2490 46 34 bli
656 2494 64 37 2,10
733 2496 158 38 procent.
