1878 2782
273 166 41 30 10
704 165 295 35 Statsutskottets
1022 166 184 35 utlåtande
1229 179 43 22 nr
1294 171 34 32 8.

637 248 55 30 att
729 245 186 43 riksdagen
953 247 61 34 må
1051 247 53 34 till
1140 247 131 43 Bidrag
1310 249 54 34 till
1400 250 258 42 ombyggnads-
1696 251 67 34 och

587 298 365 42 reparationsarbeten
978 301 22 33 å
1025 301 166 34 nordiska
1217 307 156 28 museets
1399 302 166 43 byggnad
1591 303 54 34 för
1670 304 88 34 bud-

586 351 135 42 getåret
748 352 155 44 1951/52
929 353 126 34 anvisa
1079 358 54 29 ett
1156 355 359 43 reservationsanslag
1539 369 46 21 av
1611 360 64 31 275
1691 361 66 30 000

588 404 138 35 kronor.

313 508 92 43 30:0)
433 510 144 43 Bidrag
594 511 57 34 till
671 511 334 35 kulturhistoriska
1024 514 296 34 museet
1179 504 16 59 i
1208 514 112 34 Lund.
1339 515 18 33 I
1367 514 155 44 enlighet
1531 516 81 34 med
1625 516 132 43 Kungl.

267 561 129 43 Maj:ts
418 562 131 44 förslag
574 563 129 43 (punkt
725 568 56 37 31,
804 577 27 22 s.
854 566 71 42 28),
948 566 112 34 vilket
1083 566 146 35 innebär
1251 568 193 34 anvisande
1468 581 46 21 av
1537 581 136 22 samma
1695 582 61 22 an-

266 615 220 44 slagsbelopp
506 629 77 22 som
602 617 53 34 för
674 618 238 35 innevarande
931 619 186 43 budgetår,
1136 621 203 34 hemställer
1357 622 191 40 utskottet,

633 675 56 29 att
722 671 187 43 riksdagen
943 674 62 33 må
1039 674 53 33 till
1116 674 132 43 Bidrag
1271 674 54 34 till
1349 674 312 36 kulturhistoriska
1683 689 76 21 mu-

584 729 73 29 seet
679 725 13 33 i
713 725 107 34 Lund
843 725 53 34 för
919 726 212 43 budgetåret
1157 727 157 44 1951/52
1339 728 123 34 anvisa
1486 733 55 29 ett
1565 730 121 42 anslag
1709 742 46 21 av

584 780 43 31 49
642 781 65 31 800
724 778 142 35 kronor.

312 882 91 42 31:0)
431 882 144 44 Bidrag
594 884 56 34 till
670 885 200 42 egyptiska
888 888 156 32 museet.
1074 886 18 33 I
1111 887 154 42 enlighet
1285 888 80 34 med
1384 888 133 43 Kungl.
1538 889 127 42 Maj:ts
1686 889 67 34 för-

263 935 75 43 slag
363 935 129 43 (punkt
515 940 56 37 32,
594 949 26 22 s.
642 938 72 41 28),
737 938 113 34 vilket
871 939 147 34 innebär
1041 940 192 34 anvisande
1256 953 47 22 av
1325 953 135 22 samma
1484 943 268 43 anslagsbelopp

262 1000 77 22 som
360 988 54 34 för
434 989 237 35 innevarande
693 991 186 43 budgetår,
899 992 204 34 hemställer
1122 993 191 41 utskottet,

630 1048 55 29 att
711 1044 187 44 riksdagen
923 1047 60 32 må
1009 1046 54 33 till
1091 1046 129 43 Bidrag
1249 1047 55 34 till
1330 1047 187 44 egyptiska
1541 1054 136 29 museet
1703 1049 56 34 för

582 1096 210 44 budgetåret
815 1099 155 43 1951/52
993 1099 124 34 anvisa
1137 1104 53 29 ett
1212 1101 123 42 anslag
1355 1113 45 21 av
1422 1105 42 29 24
1480 1105 67 31 800
1568 1102 139 34 kronor.

305 1202 92 42 32:0)
426 1202 143 44 Bidrag
589 1204 57 34 till
664 1205 144 33 museal
828 1204 93 35 vård
941 1216 50 23 av
1014 1206 432 43 Cypernexpeditionens
1468 1209 281 42 fyndmaterial.

262 1254 19 34 I
298 1256 153 42 enlighet
466 1257 83 33 med
565 1257 131 43 Kungl.
712 1258 130 42 Maj:ts
859 1258 130 44 förslag
1008 1259 130 43 (punkt
1154 1264 55 36 33,
1227 1272 27 22 s.
1272 1261 73 42 28),
1362 1261 111 34 vilket
1490 1262 147 34 innebär
1653 1263 97 33 anvi-

259 1309 109 34 sande
390 1321 45 22 av
457 1321 138 23 samma
617 1311 267 44 anslagsbelopp
906 1324 76 22 som
1005 1312 54 34 för
1081 1313 240 35 innevarande
1343 1314 184 43 budgetår,
1549 1315 201 35 hemställer

259 1362 189 41 utskottet,

628 1421 55 30 att
702 1417 186 44 riksdagen
906 1420 59 33 må
983 1419 53 34 till
1054 1419 131 43 Bidrag
1202 1420 54 34 till
1273 1421 135 34 museal
1424 1422 91 34 vård
1532 1434 46 22 av
1597 1422 156 43 Cypern-

582 1470 262 43 expeditionens
865 1471 253 43 fyndmaterial
1140 1473 54 34 för
1216 1473 212 43 budgetåret
1452 1475 156 42 1951/52
1631 1475 124 35 anvisa

581 1527 53 30 ett
651 1524 122 42 anslag
792 1536 45 22 av
858 1528 42 31 27
914 1529 66 30 700
999 1525 140 35 kronor.

306 1637 92 42 33:0)
426 1638 144 43 Bidrag
586 1640 57 33 till
658 1640 326 34 musikhistoriska
1001 1643 153 32 museet.
1171 1641 18 34 I
1206 1642 156 43 enlighet
1377 1643 81 34 med
1475 1644 133 42 Kungl.
1622 1643 126 43 Maj:ts

257 1689 131 44 förslag
407 1691 131 43 (punkt
555 1695 55 37 34,
626 1704 27 22 s.
670 1693 73 42 29),
760 1693 111 34 vilket
887 1694 148 34 innebär
1052 1695 192 34 anvisande
1262 1708 47 21 av
1326 1708 136 22 samma
1478 1697 269 43 anslagsbelopp

258 1755 77 23 som
353 1744 54 34 för
423 1745 238 35 innevarande
679 1746 186 42 budgetår,
882 1747 203 34 hemställer
1102 1748 190 40 utskottet,

624 1803 55 29 att
700 1799 186 43 riksdagen
907 1801 59 33 må
986 1801 54 33 till
1061 1801 131 43 Bidrag
1213 1802 54 34 till
1287 1802 308 35 musikhistoriska
1615 1807 136 31 museet

579 1851 54 34 för
649 1852 212 43 budgetåret
879 1853 158 43 1951/52
1055 1854 122 34 anvisa
1196 1859 55 29 ett
1268 1855 122 43 anslag
1405 1868 46 22 av
1469 1860 44 30 30
1528 1860 66 31 000
1611 1857 140 34 kronor.

302 1965 93 43 34:0)
422 1966 145 43 Bidrag
600 1967 58 34 till
693 1967 326 43 Drottningholms
1055 1970 300 34 teatermuseum.
1389 1971 134 42 Kungl.
1548 1971 111 43 Maj:t
1682 1972 65 34 har

260 2018 130 43 (punkt
415 2023 55 37 35,
496 2032 27 22 s.
550 2023 43 31 29
618 2020 65 34 och
709 2021 59 42 30)
797 2021 178 43 föreslagit
1001 2022 186 43 riksdagen
1213 2028 56 29 att
1294 2024 54 34 till
1373 2024 101 34 detta
1500 2025 166 34 ändamål
1691 2025 55 34 för

255 2071 210 43 budgetåret
490 2073 156 44 1951/52
670 2074 124 34 anvisa
816 2079 54 30 ett
892 2076 124 42 anslag
1037 2088 46 22 av
1106 2079 100 31 8800
1229 2077 140 41 kronor,
1392 2078 239 35 innebärande
1654 2079 91 34 oför-

254 2125 137 34 ändrad
407 2126 331 45 medelsanvisning.

299 2223 20 34 I
338 2224 172 35 samband
529 2224 146 36 härmed
693 2226 66 33 har
777 2226 178 35 utskottet
974 2227 55 34 till
1048 2228 214 43 behandling
1282 2228 154 35 förehaft
1454 2241 44 22 en
1518 2230 96 34 inom
1634 2231 109 34 andra

253 2275 206 36 kammaren
486 2290 47 21 av
559 2278 122 34 fröken
710 2280 110 42 Vinge
847 2280 108 34 väckt
981 2281 137 34 motion
1148 2282 63 42 (II:
1226 2282 97 42 333),
1349 2283 75 33 vari
1450 2283 211 41 hemställts,
1688 2288 55 30 att

251 2329 186 44 riksdagen
457 2332 116 33 måtte
593 2333 114 33 såsom
727 2333 133 43 Bidrag
879 2333 53 34 till
952 2334 312 43 Drottningholms
1284 2340 278 30 teatermuseum
1582 2336 54 34 för
1655 2337 88 34 bud-

251 2384 139 41 getåret
413 2385 157 43 1951/52
593 2386 122 34 anvisa
736 2391 55 29 ett
813 2387 79 34 med
915 2391 19 30 3
950 2391 67 30 900
1039 2387 129 35 kronor
1188 2388 136 43 förhöjt
1346 2390 131 42 anslag.

297 2436 248 36 Motionärens
569 2438 157 42 yrkande
752 2440 263 34 sammanfaller
1040 2441 54 33 till
1119 2441 63 34 sitt
1207 2441 94 43 syfte
1327 2443 80 34 med
1432 2443 311 34 museinämndens

251 2488 270 46 framställning,
548 2491 117 35 vilken
690 2492 191 43 tillstyrkts
907 2505 46 22 av
978 2494 440 36 riksmarskalksämbetet.
