2182 2616
401 193 21 29 4
916 198 238 40 Lagutskottets
1176 202 166 33 utlåtande
1365 204 53 31 Nr
1440 208 50 29 68.

398 277 190 48 bergarter
617 286 97 30 samt
743 281 154 37 framför
925 283 66 36 allt
1014 285 153 48 jordens
1197 287 179 37 intensivt
1405 290 69 36 och
1503 293 186 36 extensivt
1708 294 119 37 ökade
1846 298 145 47 uppod-

397 329 80 47 ling
504 351 48 5 —
582 344 39 23 se
650 331 65 36 där
742 336 116 45 några
886 348 47 22 av
962 335 46 37 de
1036 341 101 32 stora
1164 340 163 47 positiva
1355 342 202 49 uppgifter,
1587 345 86 36 med
1701 346 119 37 vilkas
1840 348 154 50 lösning

396 380 124 37 tidens
550 382 72 36 nöd
651 383 83 37 icke
762 385 130 48 längre
912 387 194 48 medgiver
1125 393 115 45 något
1259 392 185 48 uppskov.
1500 395 153 49 Viktiga
1673 402 63 31 äro
1757 399 114 36 också
1890 401 102 36 vissa

396 433 174 46 negativa
611 435 173 48 åtgärder
824 437 10 35 i
863 451 144 24 samma
1035 440 109 48 syfte,
1173 443 163 36 avsedda
1364 450 54 30 att
1447 445 191 39 förhindra
1666 449 252 39 förslösandet
1946 466 46 22 av

397 483 142 48 sådant,
583 499 81 23 som
693 487 73 36 kan
794 489 102 47 tjäna
925 491 55 35 till
1010 491 215 51 folknäring
1252 494 183 49 (effektivt
1462 498 339 49 rusdrycksförbud
1831 517 47 22 m.
1911 504 75 49 m.).

396 536 77 35 Allt
502 536 101 36 detta
631 542 40 31 är
699 544 50 31 ett
778 540 267 50 försvarsverk,
1074 544 114 37 minst
1216 546 76 36 lika
1319 547 144 50 viktigt
1492 562 80 23 som
1602 551 62 36 det
1692 554 172 36 militära.

497 588 172 37 Framför
697 592 63 35 allt
787 592 119 48 gäller
934 594 63 36 det
1024 595 225 48 produktion
1278 612 45 22 av
1344 599 62 36 det
1426 600 230 51 ojämförligt
1675 604 203 50 viktigaste
1898 608 88 36 livs-

394 639 148 47 medlet,
572 644 82 33 vårt
684 642 152 49 dagliga
864 644 105 37 bröd.
1026 648 59 34 Av
1113 648 161 37 brödsäd
1302 650 68 36 har
1398 652 118 36 under
1544 656 167 35 normala
1731 657 258 39 förhållanden

394 693 47 45 på
483 698 147 31 senaste
674 694 51 36 tid
759 696 176 50 omkring
966 699 45 34 70
1041 698 29 36 Z
1101 713 46 22 av
1175 700 161 38 behovet
1365 704 240 47 producerats
1634 707 101 37 inom
1764 709 127 37 landet
1921 712 69 35 och

396 743 47 34 30
473 742 29 36 Z
532 744 247 48 importerats.
834 747 74 37 Det
937 749 165 49 framgår
1130 765 45 22 av
1204 754 229 37 verkställda
1459 757 326 51 undersökningar
1813 762 65 35 allt
1906 763 83 49 tyd-

393 793 127 49 ligare,
549 801 54 30 att
630 797 351 50 huvudproblemet,
1012 802 45 36 då
1085 802 62 37 det
1174 805 118 48 gäller
1320 811 55 31 att
1403 807 213 49 igångsätta
1636 810 45 37 de
1701 818 100 30 stora
1821 813 168 50 odlings-

394 846 155 48 företag,
579 861 81 22 som
690 850 229 37 omedelbart
947 856 118 33 måste
1084 854 137 50 börjas,
1243 870 60 23 om
1322 858 38 36 vi
1381 859 107 36 skola
1507 860 127 37 kunna
1653 876 137 34 genom
1812 865 175 38 inhemsk

391 897 143 49 ökning
561 912 46 22 av
636 901 276 47 produktionen
941 905 169 36 anskaffa
1140 907 60 36 det
1229 921 78 24 som
1329 910 186 48 importen
1534 926 157 24 numera
1709 916 80 36 icke
1809 916 74 36 kan
1903 919 84 35 med

389 949 118 49 nödig
546 952 181 48 trygghet
767 954 227 38 tillförsäkra
1023 970 73 34 oss,
1127 959 144 37 mindre
1299 967 48 30 än
1376 962 141 37 bristen
1544 967 48 45 på
1620 966 119 37 medel
1769 973 46 30 än
1844 969 143 37 bristen

389 1003 48 46 på
466 1002 239 37 arbetskraft.

493 1053 72 36 Vid
595 1055 134 36 sådant
757 1057 230 38 förhållande
1016 1060 167 38 inställer
1211 1063 61 49 sig
1299 1065 110 36 osökt
1437 1067 138 36 tanken
1596 1074 53 31 att
1669 1070 57 36 för
1746 1071 122 37 denna
1888 1073 98 37 fred-

389 1104 78 47 liga
508 1119 85 22 men
636 1107 58 36 för
729 1111 67 33 vår
837 1110 337 51 självständighets
1204 1115 144 37 försvar
1375 1118 84 36 icke
1487 1120 143 36 mindre
1659 1122 144 48 viktiga
1830 1126 154 47 uppgift

390 1156 253 49 tillgodogöra
685 1160 58 47 sig
784 1174 44 22 en
866 1162 59 36 del
955 1177 46 21 av
1029 1164 72 36 den
1129 1167 102 47 varje
1260 1170 39 33 år
1328 1169 118 36 under
1475 1170 157 37 fanorna
1659 1172 186 39 inkallade
1874 1182 109 30 värn-

386 1207 159 49 pliktiga
564 1210 227 48 ungdomen.
834 1213 271 51 Minskningen
1126 1230 46 22 av
1190 1219 183 50 manskap
1395 1221 58 36 för
1472 1221 60 37 det
1550 1228 84 31 rent
1654 1225 158 37 militära
1831 1234 151 30 neutra-

386 1259 287 39 litetsförsvaret
706 1266 116 34 måste
850 1278 110 24 anses
990 1269 178 48 uppvägd
1197 1283 139 35 genom
1365 1272 72 36 den
1466 1273 118 38 ökade
1613 1277 192 48 trygghet,
1835 1292 46 23 en
1911 1281 71 35 till-

384 1310 144 50 räcklig
568 1313 447 52 livsmedelsproduktion
1056 1334 67 34 ger
1163 1334 61 24 oss
1252 1328 78 31 mot
1357 1324 192 50 hungerns
1580 1327 187 38 frestelser
1794 1331 55 36 till
1879 1333 102 35 avvi-

384 1362 102 37 kelse
515 1364 80 35 från
625 1365 72 36 den
726 1372 163 44 stränga,
920 1370 316 40 fredsbevarande
1264 1377 434 50 neutralitetspolitiken.

488 1414 89 37 Vårt
604 1416 108 37 lands
740 1419 159 37 historia
927 1422 173 49 erbjuder
1126 1424 91 36 flera
1244 1427 215 48 prejudikat
1477 1432 47 46 på
1545 1432 247 49 användning
1811 1447 47 23 av
1878 1435 104 37 delar

383 1478 47 22 av
470 1466 71 36 den
579 1468 162 37 militära
769 1472 156 48 styrkan
954 1473 59 36 för
1040 1474 304 51 fredsuppgifter.
1401 1479 72 38 Det
1501 1488 94 30 mest
1624 1484 230 39 omfattande
1883 1488 96 36 före-

382 1522 105 43 taget
517 1531 46 23 av
592 1520 117 36 sådan
738 1528 57 30 art
823 1524 107 36 torde
958 1539 89 22 vara
1075 1527 45 36 de
1148 1528 362 51 kommenderingar,
1540 1547 80 23 som
1649 1536 54 35 tid
1732 1537 93 37 efter
1853 1552 125 24 annan

381 1569 97 47 ägde
518 1584 82 22 rum
643 1572 58 35 för
737 1574 172 50 omkring
938 1577 76 36 100
1043 1580 40 33 år
1112 1579 114 36 sedan
1254 1581 11 35 i
1294 1582 70 36 och
1395 1583 57 36 för
1479 1585 199 38 utförande
1705 1601 46 23 av
1779 1590 129 37 arbete
1932 1595 47 45 på

384 1619 98 38 Göta
509 1622 122 36 kanal.

484 1673 144 37 Genom
666 1679 251 45 upprättande
961 1693 45 22 av
1034 1681 71 36 vad
1134 1696 86 23 man
1248 1684 124 38 kunde
1401 1686 97 37 kalla
1526 1690 309 49 odlingskolonner
1861 1694 116 37 bland

380 1724 45 35 de
462 1727 257 48 värnpliktiga
756 1729 120 37 skulle
905 1736 96 32 även
1030 1732 70 37 den
1129 1736 181 47 segslitna
1338 1738 136 48 frågan
1503 1753 60 23 om
1592 1741 45 37 de
1665 1751 311 33 samvetsömmas

378 1777 191 47 värnplikt
606 1779 225 38 åtminstone
859 1782 58 36 för
948 1784 162 37 tillfället
1137 1786 100 37 finna
1266 1801 45 23 en
1340 1792 215 47 acceptabel
1583 1794 163 50 lösning.
1801 1797 87 36 Men
1917 1800 58 47 gi-

377 1828 122 36 vetvis
527 1829 116 37 borde
670 1831 81 37 icke
778 1832 95 37 blott
902 1834 124 37 denna
1048 1837 280 48 jämförelsevis
1357 1841 155 50 fåtaliga
1539 1858 124 36 grupp
1693 1849 193 36 användas
1917 1851 58 36 för

376 1878 286 49 ifrågavarande
702 1885 194 48 uppgifter
936 1893 91 30 utan
1069 1888 183 50 därjämte
1293 1892 120 37 under
1454 1895 71 36 den
1562 1902 186 34 närmaste
1786 1900 103 37 tiden
1920 1908 53 31 ett

377 1935 116 32 större
530 1934 99 35 antal
670 1935 126 48 andra,
826 1937 124 38 därest
978 1944 53 31 ett
1058 1948 171 31 avsevärt
1257 1945 154 36 resultat
1440 1947 118 37 skulle
1585 1949 129 37 kunna
1741 1956 145 45 uppnås
1916 1954 58 36 för

375 1985 66 33 vår
469 1983 324 53 folkförsörjning.
849 1989 75 37 För
952 1992 240 38 undvikande
1220 2009 47 22 av
1296 1997 216 38 simulation
1540 2000 119 37 skulle
1686 2003 163 48 givetvis
1870 2005 103 37 detta

376 2034 126 37 arbete
516 2036 82 37 icke
613 2042 112 43 göras
741 2040 259 50 kortvarigare
1015 2044 89 36 eller
1117 2046 131 37 lättare
1263 2051 47 32 än
1326 2049 72 36 den
1414 2052 149 48 vanliga
1579 2053 158 38 militära
1757 2057 212 49 träningen.

477 2086 15 36 I
520 2088 73 36 vad
622 2092 87 34 mån
738 2092 45 36 de
811 2092 56 36 till
896 2093 123 50 dylikt
1047 2097 216 48 produktivt
1292 2100 124 37 arbete
1435 2108 171 44 uttagna,
1627 2105 83 37 från
1725 2104 245 56 jordbrukar-

374 2137 86 37 hem
501 2139 226 39 kommande
754 2144 257 51 värnpliktiga
1039 2147 124 38 kunde
1191 2150 37 36 få
1256 2151 164 50 fullgöra
1448 2155 58 35 sin
1534 2156 94 48 plikt
1655 2158 118 37 under
1799 2160 170 50 hemper-

375 2189 155 37 mission
571 2192 12 35 i
615 2192 98 37 form
743 2208 45 23 av
816 2196 147 38 biträde
991 2199 61 36 vid
1081 2200 260 51 hembygdens
1365 2204 185 49 jordbruk
1578 2209 100 48 eller,
1707 2210 10 36 i
1747 2211 114 37 andra
1891 2214 77 47 fall,

373 2254 138 35 genom
554 2249 52 31 att
648 2246 118 37 under
805 2248 171 48 praktisk
1014 2251 214 51 sakkunnig
1263 2255 155 50 ledning
1446 2258 36 36 få
1511 2259 171 50 företaga
1709 2263 184 50 nyodling
1920 2268 49 46 på

372 2297 123 32 staten
535 2295 169 51 tillhörig
745 2300 104 36 mark
892 2302 89 37 eller
1022 2306 256 48 annorstädes,
1308 2308 62 37 det
1399 2312 118 35 måste
1544 2312 161 49 givetvis
1734 2315 50 36 bli
1813 2316 154 39 föremål
