2165 2662
416 161 40 31 26

858 163 262 34 Statsutskottets
1150 166 175 33 Utlåtande
1347 168 64 31 N:o
1433 170 55 30 23.

476 251 53 36 På
569 251 124 49 grund
731 252 43 36 af
797 252 98 37 hvad
928 253 156 37 sålunda
1113 255 125 36 blifvit
1265 256 155 37 anfördt
1448 258 57 36 får
1533 259 189 37 utskottet
1749 260 217 39 hemställa:

878 305 73 49 1:0)
982 312 55 31 att
1065 307 218 49 Riksdagen
1312 312 58 33 må
1399 310 213 49 medgifva:

876 364 54 31 att
959 359 62 37 vid
1040 360 225 38 inträffande
1286 363 334 50 arreudeledighet
1640 364 42 37 af
1698 366 141 37 sådana
1856 367 113 37 söder

772 424 59 23 om
875 412 188 37 Norrland
1107 414 173 48 belägna,
1323 416 119 36 under
1485 416 235 51 förvaltning
1760 419 42 36 af
1836 420 130 49 kongl.

770 464 332 49 domänstyrelsen
1145 466 122 36 stälda
1310 468 70 36 och
1418 469 60 36 för
1516 471 252 37 statsverkets
1804 473 164 48 räkning

769 517 296 38 utarrenderade
1096 519 243 49 egendomar,
1369 520 129 38 hvilka
1522 522 11 36 i
1555 523 159 37 arrende
1743 524 125 37 lemna
1886 539 81 23 mer

769 574 47 31 än
847 571 73 36 200
949 570 154 49 kronor,
1133 585 85 23 men
1248 572 83 36 icke
1360 574 153 37 utöfver
1541 577 74 35 400
1645 576 152 49 kronor,
1824 577 64 37 det
1907 581 59 34 må

768 622 92 36 bero
903 622 42 37 af
984 623 138 51 Kongl.
1161 624 106 49 Maj:t
1305 631 65 41 att,
1410 627 98 36 efter
1547 629 417 50 omständigheterna
1942 618 25 65 i

768 675 129 48 hvarje
927 675 77 48 fall,
1035 677 192 44 förordna,
1257 678 184 37 huruvida
1466 681 238 46 egendomen
1726 682 237 37 fortfarande

767 726 69 36 bör
865 727 59 36 för
952 728 146 36 kronan
1126 728 208 38 bibehållas
1365 730 92 37 eller
1484 731 57 36 till
1562 737 122 31 större
1705 733 93 37 eller
1817 734 145 38 mindre

768 779 61 36 del
858 779 194 48 försäljas;
1085 781 71 37 och

869 838 65 41 att,
978 833 67 36 der
1086 834 140 49 Kongl.
1269 834 107 48 Maj:t
1417 836 157 49 pröfvar
1613 837 228 51 försäljning
1868 839 91 37 böra

766 897 72 36 ega
866 899 93 28 rum,
980 886 231 43 densamma
1239 890 59 33 må
1327 888 68 36 ske
1425 889 10 35 i
1464 889 74 36 den
1568 890 163 49 ordning
1751 892 71 35 och
1841 893 119 36 under

766 936 46 36 de
840 937 136 48 vilkor,
1007 951 81 23 som
1120 939 121 48 enligt
1269 940 131 48 kongl.
1431 941 150 37 brefvet
1602 943 72 36 den
1696 945 46 34 29
1764 945 71 48 maj
1861 947 97 34 1874

765 989 101 49 gälla
909 990 59 36 för
1010 989 229 51 försäljning
1276 992 42 36 af
1351 993 145 37 mindre
1525 994 175 37 hemman
1730 996 71 36 och
1828 996 130 50 lägen-

764 1042 121 48 heter,
924 1043 87 36 med
1047 1043 247 48 iakttagande
1324 1045 184 49 derjemte
1538 1047 42 36 af
1606 1048 45 35 de
1681 1049 186 37 särskilda
1895 1050 62 36 be-

766 1096 251 46 stämmelser,
1060 1096 141 49 Kongl.
1240 1097 107 48 Maj:t
1387 1099 74 35 kan
1502 1099 101 36 finna
1639 1101 173 49 lämpligt
1845 1107 66 42 att,
1946 1103 11 36 i

765 1147 206 37 allmänhet
1000 1148 92 37 eller
1119 1149 12 36 i
1159 1148 103 37 vissa
1291 1150 77 47 fall,
1390 1151 58 35 för
1468 1151 280 49 försäljningen
1764 1154 191 45 meddela;

865 1199 96 36 dock
990 1200 119 36 under
1138 1201 123 36 vilkor
1289 1206 54 31 att
1364 1202 45 37 de
1433 1216 139 35 genom
1590 1204 123 37 denna
1729 1205 228 50 försäljning

760 1250 209 50 inflytande
998 1253 124 36 medel
1151 1256 59 33 må
1230 1253 256 38 öfverlemnas
1506 1256 56 36 till
1582 1257 374 48 riksgäldskontoret

761 1303 60 36 för
856 1309 55 30 att
943 1318 141 34 genom
1112 1306 155 48 uppköp
1298 1307 41 35 af
1365 1307 253 49 obligationer
1647 1310 91 36 eller
1766 1313 48 46 på
1841 1317 115 30 annat

761 1360 76 31 sätt
870 1357 192 36 användas
1092 1357 57 36 till
1177 1357 241 50 afbetalning
1445 1363 21 33 å
1494 1365 146 32 statens
1669 1362 60 36 för
1752 1362 202 50 jernvägs-

759 1407 225 49 byggnader
1012 1415 196 43 upptagna
1236 1410 76 47 lån;
1343 1417 98 31 samt

864 1461 74 48 2:0)
970 1467 54 31 att
1051 1462 88 36 herr
1168 1462 45 37 G.
1244 1463 56 36 W.
1329 1463 217 38 Svenssons
1569 1465 114 37 ofvan
1704 1467 248 38 omförmälda

758 1513 142 36 motion
943 1513 83 37 icke
1069 1518 58 32 må
1169 1515 55 35 till
1265 1518 126 45 någon
1429 1517 241 48 Riksdagens
1709 1520 133 48 åtgärd
1875 1520 76 36 för-

757 1565 167 36 anleda.»

942 2327 142 22 Stockholm,
1101 2328 24 18 K.
1142 2329 22 17 L.
1181 2329 117 22 Beckman,
1314 2329 57 19 1888.
