2177 2657
401 209 41 33 24
845 205 264 35 Statsutskottets
1139 204 176 35 Utlåtande
1339 202 63 35 N:o
1428 204 55 31 23.

361 306 146 32 statens
538 299 59 38 för
620 298 415 51 jernvägsbyggnader
1063 301 197 45 upptagna
1287 295 72 37 lån.
1415 294 135 37 Denna
1578 290 285 50 framställning
1881 289 73 38 till-

363 354 167 50 styrktes
561 353 40 37 af
628 352 304 45 statsutskottet;
964 364 87 24 men
1081 351 46 36 då
1155 349 198 49 förslaget,
1384 361 81 24 som
1485 346 128 37 bifölls
1635 346 41 37 af
1692 345 130 37 Andra
1843 344 113 37 Kam-

363 421 142 34 maren,
542 407 83 36 blef
660 406 41 37 af
734 406 137 36 Första
908 405 229 36 Kammaren
1166 403 176 48 afslaget,
1382 400 129 37 förföll
1540 400 134 48 frågan
1703 398 63 37 vid
1794 397 165 38 nämnda

360 460 166 49 riksdag.
571 453 127 43 Åfven
727 458 119 37 under
878 459 96 35 1884
1004 460 59 34 års
1092 456 158 48 riksdag
1269 454 136 50 gjorde
1427 453 287 37 statsutskottet
1735 451 10 36 i
1761 449 192 39 utlåtande

361 513 197 50 angående
600 513 187 36 utsträckt
828 510 229 50 försäljning
1094 509 40 37 af
1161 507 392 51 jordbruksdomäner
1582 504 282 49 framställning
1893 517 61 23 om

364 567 45 36 de
447 565 209 50 inflytande
698 564 372 50 köpeskillingarnas
1109 561 248 38 användande
1396 560 59 37 för
1493 558 237 38 sistnämnda
1762 555 190 47 ändamål;

362 620 73 36 och
470 620 137 36 saknar
641 619 188 36 utskottet
867 616 206 48 anledning
1102 621 54 31 att
1185 628 48 23 nu
1261 614 136 48 frångå
1425 612 73 37 den
1527 612 42 36 af
1593 612 188 36 utskottet
1809 610 12 37 i
1850 609 105 37 detta

362 678 109 30 ämne
502 672 156 36 sålunda
685 677 140 30 tvenne
854 673 146 44 gånger
1027 668 166 37 uttalade
1224 667 110 48 åsigt.

467 723 70 37 Vid
580 722 276 49 föredragning
896 721 101 36 inför
1035 720 139 48 Kongl.
1213 718 107 49 Maj:t
1358 718 40 36 af
1431 717 132 48 frågan
1594 729 60 23 om
1684 714 185 37 aflåtande
1898 713 56 36 till

364 779 96 35 1882
491 779 60 35 års
579 776 173 48 Riksdag
780 775 42 37 af
846 773 240 51 proposition
1115 773 11 36 i
1156 770 251 39 förevarande
1438 775 109 32 änmme
1568 768 151 51 yttrade
1736 766 218 39 dåvarande

362 829 206 37 statsrådet
598 829 70 36 och
698 828 137 36 chefen
865 828 60 35 för
952 826 443 48 finansdepartementet,
1425 823 86 36 med
1541 822 182 36 afseende
1754 824 19 32 å
1792 819 164 49 disposi-

360 883 131 36 tionen
533 882 42 36 af
613 880 351 50 köpeskillingarne
1003 879 59 36 för
1100 877 168 37 försålda
1296 875 371 49 kronoegendomar,
1698 879 54 31 att
1781 873 64 36 det
1872 871 84 37 icke

362 941 132 43 syntes
522 935 93 36 böra
643 933 287 49 ifrågakomma,
961 937 55 31 att
1044 931 46 37 de
1121 930 134 46 medel,
1286 943 82 23 som
1400 929 148 36 komme
1578 932 54 32 att
1660 926 133 50 inflyta
1822 925 60 36 för
1909 924 46 37 de

362 987 244 50 egendomar,
637 1000 59 23 om
726 986 147 36 hvilkas
904 984 228 48 försäljning
1161 983 46 36 då
1234 983 157 35 väcktes
1421 981 158 48 förslag,
1610 979 120 37 skulle
1761 977 193 37 användas

361 1045 48 45 på
438 1053 143 24 samma
610 1045 76 31 sätt
715 1052 80 23 som
828 1037 350 50 köpeskillingarna
1206 1036 60 36 för
1296 1035 45 36 de
1371 1033 245 49 egeudomar,
1637 1031 148 37 hvilkas
1807 1029 149 49 försälj-

361 1094 94 48 ning
483 1093 117 36 redan
631 1092 46 36 då
705 1092 177 49 påginge,
913 1090 92 37 eller
1033 1090 55 36 till
1117 1089 116 48 inköp
1263 1088 41 36 af
1330 1086 266 49 skogbärande
1627 1085 91 36 eller
1743 1083 57 37 till
1821 1083 135 47 skogs-

363 1146 131 48 odling
535 1145 138 49 tjenlig
713 1144 117 36 mark.
887 1143 56 37 De
985 1142 56 36 till
1079 1141 140 48 Kongl.
1255 1140 127 48 Maj:ts
1418 1138 229 49 förfogande
1681 1136 118 38 redan
1834 1135 122 38 stälda

362 1197 405 49 försäljningsmedlen
808 1195 120 37 tillika
970 1194 85 37 med
1098 1194 46 36 de
1187 1193 152 48 belopp,
1383 1204 83 23 som
1503 1191 126 35 kunde
1664 1189 225 49 disponeras
1918 1187 43 36 af

362 1249 437 48 reservationsanslaget
826 1248 57 36 till
913 1245 319 50 skogsväsendet,
1271 1244 118 37 borde
1418 1243 118 37 blifva
1566 1241 227 49 tillräckliga
1822 1240 60 37 för
1910 1239 46 37 de

365 1303 252 49 skogsinköp,
646 1301 153 37 hvartill
826 1299 143 50 lägliga
996 1299 176 37 tillfällen
1200 1297 126 37 kunde
1356 1295 157 50 erbjuda
1542 1294 60 49 sig
1629 1295 102 36 inom
1755 1297 115 43 orter,
1891 1292 67 37 der

363 1355 290 37 förvärfvandet
689 1354 41 37 af
764 1353 99 48 skog
900 1353 59 36 för
996 1352 166 36 kronans
1200 1349 163 48 räkning
1392 1354 132 44 syntes
1553 1348 93 36 böra
1675 1344 280 39 eftersträfvas.

363 1408 89 37 Icke
481 1408 120 36 heller
630 1406 124 37 kunde
784 1406 76 48 det,
890 1404 121 49 enligt
1039 1404 88 36 herr
1156 1402 226 37 statsrådets
1412 1401 112 48 åsigt,
1551 1412 113 24 anses
1683 1398 187 49 lämpligt,
1892 1402 66 42 att,

365 1474 59 22 om
454 1461 145 35 kronan
637 1459 168 36 afhände
844 1458 60 48 sig
939 1471 46 22 en
1015 1457 61 36 del
1105 1456 41 36 af
1171 1456 82 35 sina
1276 1453 441 50 jordbruksfastigheter
1744 1451 12 36 i
1785 1450 65 37 det
1879 1454 77 31 sär-

365 1513 121 36 skilda
523 1512 119 50 syftet
677 1517 55 31 att
764 1511 191 48 begränsa
984 1508 169 37 området
1182 1508 59 36 för
1271 1508 123 36 denna
1422 1505 365 48 förvaltningsgren,
1816 1502 142 48 inköpa

364 1565 116 37 andra
510 1565 127 49 dylika
671 1563 233 49 egendomar
932 1562 11 35 i
973 1562 45 36 de
1049 1561 124 37 såldas
1204 1560 120 36 ställe.
1380 1557 194 37 Fasthölle
1603 1570 86 23 man
1718 1556 63 36 vid
1810 1554 147 37 önskan

365 1623 54 31 att
457 1618 59 35 för
552 1615 291 50 ifrågavarande
881 1614 162 49 tillgång
1078 1612 235 37 fortfarande
1343 1610 187 37 bibehålla
1558 1609 227 37 karakteren
1814 1607 42 36 af
1881 1606 77 36 fast

365 1670 201 48 egendom,
597 1683 85 22 men
712 1671 141 44 ansåge
882 1667 64 36 det
972 1666 84 36 icke
1087 1666 91 35 böra
1205 1664 276 48 ifrågakomma
1510 1668 55 30 att
1594 1662 59 36 för
1681 1661 47 36 de
1748 1658 207 50 inflytande

365 1720 403 49 försäljningsmedlen
809 1720 142 48 inköpa
991 1731 89 23 vare
1123 1717 60 48 sig
1225 1716 117 37 andra
1378 1713 445 51 jordbruksegendomar
1865 1711 94 37 eller

366 1774 240 49 skogsmark,
637 1778 132 44 syntes
799 1772 64 36 det
891 1772 105 48 ligga
1023 1775 92 31 nära
1142 1769 57 37 till
1228 1769 121 36 hands
1371 1773 66 42 att,
1458 1770 125 33 såsom
1605 1766 230 36 motionärer
1854 1764 101 36 inom

366 1827 218 47 Riksdagen
613 1826 63 35 vid
704 1825 92 35 flera
824 1824 177 36 tillfällen
1030 1821 212 49 föreslagit,
1273 1820 172 36 använda
1473 1817 403 50 försäljningsmedlen
1898 1816 60 35 för

366 1879 238 47 afbetalning
633 1881 20 32 å
681 1882 146 31 statens
857 1877 59 35 för
939 1873 414 51 jernvägsbyggnader
1381 1877 196 44 upptagna
1605 1871 72 36 lån.
1720 1870 57 36 Då
1806 1868 73 37 den
1900 1871 57 33 så-

364 1931 114 36 lunda
519 1931 198 35 tillkomna
759 1929 158 36 skulden
955 1928 11 35 i
1004 1927 137 48 sjelfva
1177 1926 133 36 verket
1347 1937 91 23 vore
1468 1929 54 31 att
1551 1923 174 36 betrakta
1754 1924 125 34 såsom
1910 1933 47 23 en

366 1983 166 50 ogulden
574 1982 60 37 del
676 1981 41 37 af
756 1981 45 37 de
840 1980 170 48 utgifter,
1046 1979 85 36 med
1160 1977 128 38 hvilka
1312 1977 277 48 jernvägarnes
1619 1972 337 39 åstadkommande

366 2036 97 36 varit
503 2035 189 47 förenadt,
736 2034 71 36 och
840 2033 256 49 jernvägarne
1135 2029 240 50 följaktligen
1413 2029 99 36 först
1539 2027 12 36 i
1580 2028 74 36 den
1682 2030 85 33 mån
1795 2025 163 37 berörda

367 2088 109 36 skuld
504 2087 184 36 infriades
717 2086 126 36 kunde
872 2098 112 23 anses
1013 2097 89 23 vara
1132 2097 45 22 en
1199 2088 145 31 statens
1367 2080 234 50 ograverade
1618 2078 201 50 egendom,
1837 2081 119 33 måste

366 2141 65 36 det
459 2140 200 47 erkännas,
695 2144 54 31 att
776 2151 140 36 genom
946 2137 46 36 de
1021 2134 289 50 ifrågavarande
1340 2131 423 50 försäljningsmedlens
1792 2129 166 38 använd-

367 2193 93 49 ning
488 2196 48 46 på
564 2206 49 22 nu
642 2191 173 49 angifvet
844 2195 75 32 sätt
948 2194 137 42 staten,
1114 2189 11 35 i
1155 2188 128 36 stället
1302 2186 60 37 för
1382 2186 46 36 de
1445 2185 240 49 fastigheter,
1703 2184 74 36 den
1793 2182 164 37 afhände

367 2246 72 48 gig,
478 2244 242 37 förvärfvade
763 2257 48 22 en
848 2256 123 23 annan
1005 2242 76 36 fast
1111 2240 201 49 egendom,
1343 2252 81 23 som
1454 2238 86 36 med
1569 2237 148 49 hänsyn
1745 2235 58 37 till
1831 2236 128 35 förän-

367 2298 116 36 drade
522 2296 262 37 förhållanden
813 2298 119 33 måste
962 2307 112 23 anses
1103 2293 11 36 1
1142 2292 116 37 värde
1289 2292 71 36 och
1388 2290 198 49 betydelse
1616 2288 229 37 åtminstone
1874 2287 87 36 fullt

363 2349 199 50 jemförlig
601 2348 84 37 med
723 2348 72 37 den
834 2347 114 37 sålda.
1007 2346 50 36 På
1086 2358 144 24 samma
1257 2347 103 45 gång
1390 2342 148 37 således
1568 2341 59 49 de,
1656 2341 127 36 hvilka
1812 2343 148 45 strängt
