1902 2828
466 150 111 28 Andra
595 151 226 35 lagutskottets
840 153 166 29 utlåtande
1029 155 45 27 Nr
1095 155 57 33 29;
1175 155 127 32 bilagor.
1602 155 39 30 29

186 220 18 31 I
225 221 260 41 propositionen
508 222 11 31 i
541 223 139 32 ärendet
702 224 53 31 till
778 225 81 31 1938
880 227 54 29 års
956 226 140 41 riksdag
1121 226 53 41 (nr
1194 227 73 41 286)
1293 227 62 32 har
1376 228 252 41 departements

133 261 121 44 chefen
269 263 80 31 fullt
363 263 88 32 klart
465 264 131 38 uttalat,
617 265 76 40 (sid.
711 266 86 40 155),
814 269 51 29 att
878 267 141 32 motivet
1034 268 54 31 till
1103 268 372 34 kvalifikationstidens
1489 270 149 41 höjande

135 304 74 31 från
229 305 75 41 fyra
322 305 53 31 till
396 316 58 21 sex
473 307 162 31 månader
651 308 96 37 varit,
768 310 50 29 att
836 308 108 42 ifråga
964 320 54 20 om
1037 312 57 29 två
1112 310 335 42 arbetarkategorier,
1467 312 171 42 nämligen

133 346 195 33 betskötare
351 347 63 32 och
436 348 268 42 skogsarbetare,
727 350 285 42 utomordentligt
1033 353 93 30 stora
1149 352 210 42 svårigheter
1381 353 109 34 skulle
1514 356 125 40 uppstå

134 388 57 31 vid
213 388 229 33 bedömandet
466 401 40 20 av
531 393 250 30 semesterrätts
807 392 212 40 inträdande,
1045 394 116 32 därest
1183 394 354 34 kvalifikationstiden
1561 398 79 30 fast-

134 430 141 33 ställdes
302 431 55 31 till
383 432 75 41 fyra
483 433 169 31 månader.
690 434 388 41 Departementschefen
1106 437 63 31 och
1195 437 182 42 riksdagen
1403 438 107 32 funno
1539 439 102 32 dessa

134 473 211 42 svårigheter
382 485 78 20 vara
498 477 38 29 så
573 475 203 42 betydande,
806 479 51 29 att
883 477 354 34 kvalifikationstiden
1266 480 204 32 utsträcktes
1498 481 54 31 till
1580 492 58 21 sex

134 516 168 31 månader.
340 516 224 33 Beträffande
591 518 123 31 verkan
740 530 41 20 av
808 519 110 32 denna
944 521 119 41 åtgärd
1089 521 134 41 yttrade
1251 522 386 41 departementschefen:

136 576 14 9 »
154 557 68 32 Vid
242 557 99 32 bifall
358 558 115 32 härtill
497 559 72 40 (sex
587 561 177 31 månaders
783 561 321 43 kvalificeringstid)
1128 563 132 32 komma
1277 564 168 41 praktiskt
1463 568 93 39 taget
1573 566 66 31 alla

134 599 220 33 betskötarna
381 604 50 29 att
458 602 82 31 falla
568 603 137 31 utanför
732 603 99 42 lagen
859 604 123 31 liksom
1010 607 85 29 även
1124 605 42 31 de
1195 606 101 31 flesta
1325 606 311 42 skogsarbetarna.»

186 641 68 33 Det
272 643 65 31 bör
355 643 143 32 sålunda
518 644 205 39 framhållas,
745 648 50 28 att
813 646 262 32 statsmakterna
1097 648 80 31 1938
1196 648 79 31 fullt
1294 649 170 32 medvetet
1483 650 156 31 formule-

135 684 78 32 rade
230 685 99 41 lagen
346 687 46 35 så,
410 688 49 29 att
475 686 159 32 korttids-
651 687 62 31 och
730 687 413 42 tillfällighetsarbetarna
1160 690 11 30 i
1188 690 127 41 skogen
1333 691 132 32 komme
1482 694 50 29 att
1549 692 88 42 ligga

136 727 135 31 utanför
299 727 117 42 lagens
443 727 266 33 bestämmelser.
749 730 52 31 De
830 730 219 42 svårigheter,
1078 742 74 21 som
1180 732 198 32 föranledde
1408 734 92 31 detta
1529 735 111 30 stånd-

135 768 282 43 punktstagande,
435 770 87 31 hava
539 771 109 31 delvis
665 772 148 41 angivits
830 772 10 31 i
859 773 261 41 propositionen
1143 774 75 41 (sid,
1238 775 176 41 144—145)
1437 779 88 28 samt
1543 777 96 31 torde

134 811 115 32 därför
270 812 30 41 ej
325 811 132 32 behöva
477 812 62 31 här
562 823 178 32 upprepas.

187 853 152 32 Berörda
360 855 212 41 svårigheter
592 858 56 29 äro
670 856 133 32 alltfort
823 857 54 31 för
896 857 145 32 handen.
1074 858 52 32 De
1149 860 57 30 äro
1228 861 36 29 så
1285 859 203 41 betydande,
1511 863 50 29 att
1582 861 57 31 det

134 895 73 32 icke
229 896 89 31 lärer
339 908 79 19 vara
440 897 136 42 möjligt
598 900 50 29 att
669 898 54 31 för
745 899 41 31 de
809 899 168 41 tillfälligt
1001 900 169 31 anställda
1193 901 301 41 skogsarbetarnas
1518 902 55 32 del
1596 908 43 36 på

134 939 48 29 ett
206 938 137 32 rättvist
368 941 67 29 sätt
459 940 132 40 grunda
618 942 231 30 semesterrätt
874 944 43 39 på
942 942 188 41 fullgjorda
1154 943 338 32 kvalifikationskrav
1517 945 122 31 beträf-

134 979 100 32 fande
256 980 141 32 arbetad
417 981 50 31 tid
489 984 87 28 samt
598 983 115 31 utförd
734 983 450 42 minimiarbetsprestation.
1218 985 178 32 Vidhåller
1415 997 77 20 man
1512 987 126 35 kravet,

134 1024 50 29 att
201 1023 157 41 samtliga
377 1023 258 42 skogsarbetare
653 1025 97 31 skola
766 1026 184 41 inrymmas
969 1027 92 30 inom
1080 1038 42 20 en
1141 1028 391 42 semesterlagstiftning,
1551 1029 89 32 lärer

134 1064 58 32 det
218 1065 116 31 därför
359 1065 93 32 bliva
478 1067 243 42 ofrånkomligt
747 1070 50 29 att
824 1068 54 31 för
904 1068 101 32 dessa
1033 1069 172 32 arbetares
1233 1070 260 32 vidkommande
1520 1072 119 41 frångå

133 1109 164 39 systemet
313 1118 54 20 om
384 1111 232 29 semesterrätt
633 1110 86 30 efter
734 1110 92 31 vissa
842 1110 188 41 fullgjorda
1044 1111 517 33 kvalifikationsbestämmelser
1576 1114 63 31 och

134 1149 11 30 i
169 1149 115 32 stället
308 1150 112 31 införa
445 1153 165 38 systemet
634 1152 75 31 med
734 1162 25 21 s.
784 1152 30 31 k.
842 1153 293 37 semesterkassor,
1160 1153 99 38 vilka,
1285 1165 54 20 om
1363 1157 166 38 systemet
1552 1155 87 32 skall

134 1202 78 20 vara
233 1191 346 43 lagstiftningsvägen
602 1194 153 40 reglerat,
781 1195 97 32 torde
901 1195 33 31 få
958 1196 246 31 sammanföras
1227 1196 11 30 i
1261 1207 41 20 en
1326 1197 117 41 statlig
1465 1200 175 29 semester-

134 1234 134 31 anstalt.
302 1234 274 33 Motionärernas
599 1236 158 41 antydan,
780 1239 49 29 att
851 1237 41 31 de
914 1237 82 41 vilja
1019 1238 105 31 sänka
1145 1238 354 33 kvalifikationstiden
1521 1240 54 31 till
1597 1251 42 21 en

134 1276 130 38 månad,
283 1277 104 41 pekar
405 1277 110 31 direkt
534 1278 11 30 i
564 1278 151 42 riktning
732 1281 71 29 mot
822 1290 41 20 en
881 1280 139 41 lösning
1037 1280 88 31 efter
1143 1291 41 20 en
1203 1281 105 31 sådan
1327 1281 92 41 linje.

185 1318 123 32 Denna
325 1319 150 33 innebär,
497 1322 50 29 att
564 1331 103 20 envar
683 1320 231 42 arbetsgivare
932 1322 87 31 skall
1037 1322 54 31 för
1108 1323 93 40 varje
1219 1323 162 37 arbetare,
1401 1326 134 29 oavsett
1551 1324 87 31 huru

133 1361 76 31 kort
226 1361 51 32 tid
294 1362 67 30 han
378 1362 86 31 varit
482 1362 159 38 anställd,
660 1363 53 31 till
731 1363 65 31 den
814 1364 148 31 centrala
981 1365 336 31 semesteranstalten
1334 1365 149 32 inbetala
1501 1366 136 42 belopp,

133 1413 72 21 som
221 1405 120 39 utgöra
355 1404 70 31 viss
442 1407 140 37 procent
597 1407 42 39 på
654 1405 196 31 arbetarens
865 1406 148 40 intjänta
1027 1406 215 42 lönebelopp.
1271 1407 184 42 Samtidigt
1471 1408 169 31 utlämnar

134 1445 253 41 arbetsgivaren
407 1446 53 31 till
479 1446 178 32 arbetaren
677 1448 302 30 semestermärken
999 1450 19 29 å
1037 1459 128 20 samma
1182 1449 136 41 belopp,
1340 1450 89 31 vilka
1448 1450 190 31 makuleras

134 1487 62 31 och
218 1487 175 32 inklistras
416 1488 11 30 i
448 1488 196 32 arbetarens
667 1489 241 32 semesterbok.
942 1489 76 32 Mot
1039 1491 213 40 uppvisande
1275 1502 41 20 av
1337 1491 62 31 och
1421 1492 187 41 avräkning
1628 1493 10 30 i

134 1530 111 30 denna
261 1530 68 31 bok
347 1530 62 31 hos
428 1531 336 31 semesteranstalten
783 1531 234 32 utbekommer
1035 1532 178 32 arbetaren
1231 1533 155 41 intjänad
1405 1534 232 32 semesterlön.

133 1573 60 29 när
212 1572 67 31 han
299 1572 60 30 vill
380 1575 33 28 ta
436 1572 53 31 sin
510 1575 172 29 semester.

187 1613 173 42 Systemet
379 1614 142 31 innebär
541 1617 48 28 ett
608 1615 90 40 slags
718 1616 301 41 tvångssparande,
1040 1616 57 31 vid
1117 1616 104 32 vilket
1240 1617 254 41 arbetsgivaren
1514 1619 60 40 gör
1593 1618 46 30 in-

135 1656 195 41 sättningen
348 1668 40 19 av
406 1657 225 40 sparmedlen.
660 1658 68 31 Det
745 1659 37 29 är
799 1658 190 31 emellertid
1007 1661 50 28 att
1074 1659 123 37 märka,
1216 1661 48 29 att
1283 1660 267 31 semesterlönen
1568 1660 71 31 där-

134 1698 58 31 vid
208 1700 107 31 måste
333 1699 139 31 framstå
490 1701 114 29 såsom
621 1711 40 20 en
679 1700 74 31 klar
769 1700 63 31 och
849 1700 111 42 tydlig
975 1701 223 38 löneförmån,
1217 1701 106 32 ehuru
1341 1702 109 31 denna
1468 1702 170 32 utbetalas

134 1740 10 30 1
165 1741 87 30 form
273 1752 40 19 av
335 1741 311 31 semestermärken.
678 1742 69 31 Det
766 1744 38 29 är
822 1743 100 40 givet,
945 1745 48 29 att
1015 1743 113 31 denna
1147 1743 211 31 löneförmån
1378 1746 107 29 måste
1506 1744 132 32 komma

134 1783 10 29 i
164 1782 223 32 betraktande
408 1783 57 31 vid
486 1784 41 30 de
549 1784 184 31 kollektiva
754 1784 83 31 eller
858 1785 195 41 personliga
1074 1785 341 41 avtalsuppgörelser,
1437 1786 92 31 vilka
1548 1786 91 42 ligga

134 1824 54 31 till
210 1825 110 40 grund
344 1825 54 31 för
423 1825 244 41 skogsarbetet.
705 1826 276 32 Semesterlönen
1005 1827 151 31 kommer
1179 1830 50 29 att
1250 1828 159 31 inräknas
1433 1829 11 30 i
1468 1829 42 31 de
1533 1830 107 30 totala

135 1867 294 31 löneförmånerna
450 1870 87 29 samt
556 1868 68 30 blir
643 1868 122 31 endast
784 1879 41 20 en
846 1869 55 30 del
922 1880 40 19 av
983 1869 109 37 dessa,
1114 1880 72 20 som
1206 1870 182 31 betecknas
1409 1870 76 31 med
1506 1873 48 28 ett
1574 1873 65 29 sär-

134 1908 81 31 skilt
240 1920 110 20 namn.
387 1909 52 31 De
463 1909 108 31 totala
595 1910 313 31 löneförmånernas
933 1911 129 30 storlek
1087 1911 204 31 bestämmes
1317 1912 190 31 emellertid
1532 1923 40 20 av
1598 1913 41 30 de

135 1950 381 41 förhandlingsförande
536 1953 175 39 parternas
731 1952 116 40 styrka
866 1952 56 30 vid
943 1952 372 42 förhandlingsbordet.

186 1992 68 31 Det
274 1994 37 29 är
331 1993 140 30 sålunda
495 2004 41 19 en
558 1993 123 30 fiktion
703 1996 48 28 att
773 1996 62 35 tro,
857 1996 49 28 att
926 2005 42 20 en
989 1994 200 41 lagstadgad
1211 1995 221 31 semesterlön
1455 1996 53 30 för
1529 1996 110 31 denna

134 2034 245 41 arbetargrupp
401 2035 132 30 medför
555 2037 101 38 några
680 2035 210 32 förbättrade
912 2036 107 31 totala
1041 2037 170 30 förmåner
1232 2038 10 29 i
1266 2037 283 32 lönehänseende.
1584 2037 55 32 Åt-

135 2076 125 39 gärden
278 2076 143 32 innebär
438 2077 130 35 endast,
588 2079 111 29 såsom
719 2078 61 30 här
797 2089 82 29 nyss
898 2080 102 39 sagts,
1020 2080 48 29 att
1087 2089 41 20 en
1147 2079 69 31 viss
1236 2079 54 31 del
1308 2090 39 20 av
1366 2079 272 32 löneinkomsten

136 2119 76 30 med
236 2119 76 40 laga
338 2120 102 39 tvång
465 2119 162 40 avskiljes
653 2120 62 30 och
742 2120 201 41 disponeras
969 2122 42 39 på
1037 2120 139 31 särskilt
1202 2123 66 29 sätt
1295 2121 107 31 under
1426 2124 50 29 ett
1501 2122 139 31 särskilt

135 2171 109 20 namn.

187 2203 54 30 En
261 2203 137 40 lösning
418 2203 86 31 efter
524 2206 163 38 systemet
708 2204 76 31 med
806 2205 285 31 semesterkassor
1112 2206 83 30 eller
1215 2207 291 31 semesteranstalt
1529 2207 111 31 disku-

136 2245 132 31 terades
296 2245 166 40 ingående
489 2256 40 19 av
556 2245 378 40 semestersakkunniga
960 2249 88 27 samt
1073 2246 191 40 avstyrktes
1291 2258 40 19 av
1359 2247 108 31 dessa.
1506 2247 131 31 Jämvil

135 2286 125 41 Kungl.
281 2286 102 41 Maj:t
402 2286 62 31 och
484 2286 180 40 riksdagen
686 2288 188 39 övervägde
896 2287 80 31 1938
996 2298 41 20 en
1057 2288 106 30 sådan
1183 2288 144 39 lösning,
1349 2299 74 20 men
1444 2289 195 30 förkastade

136 2328 203 36 densamma,
360 2327 30 41 ej
410 2327 105 31 minst
534 2339 40 19 av
594 2326 56 33 det
669 2328 118 34 skälet,
808 2331 49 28 att
878 2328 127 31 driften
1025 2340 39 19 av
1085 2340 41 19 en
1147 2332 112 28 central
1293 2330 293 32 semesteranstalt
1604 2332 36 29 är

135 2380 40 19 en
195 2369 283 40 utomordentligt
496 2369 229 41 komplicerad
745 2369 69 31 sak.

188 2410 119 32 Under
324 2411 66 31 den
407 2410 96 31 korta
521 2411 61 36 tid,
601 2421 72 20 som
692 2411 105 31 sedan
816 2411 79 31 dess
914 2411 159 36 förflutit,
1092 2411 60 31 har
1171 2411 72 32 icke
1261 2415 102 38 något
1382 2412 164 38 inträffat,
1565 2425 73 19 som

134 2452 63 31 kan
220 2452 175 31 föranleda
420 2455 48 29 ett
488 2455 76 37 nytt
586 2452 376 41 ståndpunktstagande
985 2453 10 30 i
1017 2453 127 39 frågan.
1179 2453 158 41 Sveriges
1360 2454 268 41 Skogsägareför
