1898 2826
273 153 40 31 26
611 159 109 28 Andra
738 159 228 36 lagutskottets
984 160 166 30 utlåtande
1172 162 46 27 Nr
1238 162 57 35 29;
1318 162 128 33 bilagor.

274 230 112 31 Innan
411 231 99 31 dessa
533 243 149 30 grupper
704 232 116 32 hunno
844 233 155 39 inrättas,
1024 234 157 32 inträdde
1206 235 285 41 sjöfartsspärren
1516 239 161 36 västerut,
1703 248 73 20 som

275 273 178 31 åstadkom
473 284 41 20 en
534 274 130 31 radikal
684 275 200 41 förändring
904 287 41 20 av
966 277 252 40 omsättningen
1239 278 11 30 i
1272 278 67 31 alla
1360 278 160 41 Sveriges
1541 279 149 31 hamnar.
1723 279 53 32 De

274 325 41 20 av
336 314 277 42 arbetsgivarena
635 317 242 32 accentuerade
901 318 152 32 riskerna
1075 321 50 29 att
1149 319 54 31 till
1225 319 186 33 hamnarna
1433 320 105 32 binda
1561 321 215 38 arbetskraft,

274 357 115 31 vilken
415 357 61 31 där
500 357 31 41 ej
557 357 113 33 kunde
696 359 128 32 erhålla
850 371 42 20 en
919 360 109 41 skälig
1052 361 220 42 försörjning,
1300 361 127 33 ökades
1454 362 196 42 därigenom
1677 366 100 38 ytter-

276 399 105 40 ligare
404 399 63 31 och
490 399 56 32 det
569 401 239 32 överenskoms
832 403 45 39 på
899 402 110 41 grund
1030 402 113 38 härav,
1168 405 58 36 att,
1249 404 78 31 med
1350 404 174 41 undantag
1547 416 40 20 av
1610 416 42 20 en
1676 405 100 41 plats,

275 441 62 31 där
358 441 168 32 särskilda
547 442 237 32 förhållanden
808 444 162 41 förelågo,
994 445 71 31 tills
1089 445 116 32 vidare
1228 446 187 41 uppskjuta
1438 447 209 32 inrättandet
1670 459 41 20 av
1735 448 42 31 de

275 482 180 33 beslutade
487 486 93 29 extra
611 495 200 31 grupperna.
857 485 338 33 Stuveriarbetarnas
1225 498 88 31 egen
1345 489 235 40 organisation
1612 490 82 30 fann
1727 491 48 30 så-

275 525 114 37 lunda,
412 528 50 29 att
484 526 190 32 dåvarande
697 527 83 41 läge,
804 528 106 32 vilket
933 529 104 31 sedan
1060 529 80 32 dess
1164 529 31 41 ej
1220 530 204 38 förändrats,
1450 531 30 40 ej
1506 542 62 30 gav
1592 531 186 42 anledning

275 569 50 29 att
345 568 55 31 till
421 568 176 41 företagen
617 569 106 32 binda
742 572 104 39 några
867 572 95 30 extra
983 571 152 32 arbetare
1158 574 43 39 på
1222 574 49 29 ett
1293 572 122 32 sådant
1437 573 167 41 varaktigt
1627 575 77 37 sätt,
1727 576 50 29 att

276 610 176 41 företagen
473 613 123 39 ansåge
618 611 53 41 sig
690 611 82 32 böra
793 612 78 41 giva
892 613 100 31 dessa
1012 613 154 32 arbetare
1188 616 171 29 semester.

327 652 53 31 Av
399 653 57 31 det
475 664 45 20 nu
539 653 105 41 sagda
664 654 96 31 torde
779 654 140 41 framgå,
941 657 49 29 att
1009 657 92 30 stora
1121 656 211 41 svårigheter
1352 656 167 42 föreligga
1540 659 49 29 att
1610 658 103 41 draga
1735 669 42 21 en

274 696 102 39 gräns
396 695 124 31 mellan
541 695 41 32 de
603 698 94 29 extra
717 696 163 39 arbetare,
901 697 91 31 vilka
1011 697 83 32 böra
1115 698 128 32 erhålla
1264 701 165 29 semester
1450 700 63 31 och
1535 700 51 37 de,
1608 711 74 20 som
1703 700 73 32 icke

274 737 84 31 böra
384 737 128 31 erhålla
537 737 104 41 dylik.
679 738 67 32 Det
772 739 98 31 torde
898 739 101 31 också
1024 750 79 21 vara
1129 740 134 41 tydligt,
1291 743 50 29 att
1368 741 112 31 denna
1507 742 271 42 gränsdragning

274 778 196 42 lämpligast
490 779 200 32 verkställes
711 780 172 38 avtalsvis,
905 781 105 32 vilket
1030 781 161 41 erbjuder
1210 782 72 32 helt
1302 783 106 31 andra
1430 784 63 31 och
1514 783 111 32 bättre
1647 784 130 42 möjlig-

274 821 97 31 heter
394 821 53 31 till
470 822 209 41 anpassning
701 823 86 31 efter
811 823 91 31 olika
924 823 238 32 förhållanden
1186 826 42 29 än
1251 824 167 42 lagregler
1442 825 114 33 kunna
1578 828 90 39 göra.

327 863 50 31 På
398 864 111 40 grund
530 875 40 20 av
592 864 66 31 vad
680 865 142 31 sålunda
845 865 133 32 anförts
1001 865 80 41 vilja
1105 867 33 30 vi
1161 866 54 31 för
1237 869 74 30 vårt
1333 867 261 34 vidkommande
1618 869 159 40 avstyrka

273 905 185 41 ändringar
480 906 12 31 i
515 907 264 41 semesterlagen
802 907 11 31 i
839 907 42 32 de
906 908 191 31 avseenden
1121 909 251 31 motionärerna
1398 909 120 40 åsyfta.

328 963 199 33 Stockholm
550 965 66 31 den
640 966 39 31 28
703 966 150 31 februari
879 966 89 32 1942.

314 1057 191 32 Norrlands
530 1057 311 33 Stufvareförbund
950 1051 5 4 |
1108 1059 110 32 Södra
1243 1060 160 41 Sveriges
1428 1060 304 33 Stuvareförbund.

466 1141 37 31 G.
528 1142 172 40 Hagberg.
1247 1144 124 40 Gustaf
1394 1144 191 42 Sundberg.

1542 1424 121 40 Bilaga
1685 1426 37 30 F.

485 1523 67 31 Till
575 1523 105 32 andra
703 1524 233 40 lagutskottet.

327 1598 132 31 Genom
489 1598 120 32 remiss
640 1599 65 31 den
734 1599 19 31 3
782 1599 153 31 februari
966 1600 79 31 1942
1073 1600 62 31 har
1165 1600 396 41 Landsorganisationen
1592 1601 11 31 i
1635 1601 140 42 Sverige

273 1640 130 31 beretts
422 1640 135 32 tillfälle
577 1643 51 29 att
646 1641 118 40 avgiva
782 1641 160 40 yttrande
962 1642 79 31 över
1059 1642 93 31 inom
1172 1642 181 41 riksdagen
1374 1643 119 31 väckta
1513 1643 168 32 motioner
1700 1644 75 31 dels

272 1693 42 20 nr
333 1683 38 30 77
392 1683 12 30 i
423 1682 105 32 andra
546 1682 193 32 kammaren
757 1694 41 20 av
817 1683 80 31 herr
916 1683 208 32 Gustafsson
1145 1684 11 31 i
1177 1684 148 32 Tenhult
1346 1696 41 19 m.
1410 1685 46 37 fl.,
1477 1685 75 31 dels
1572 1686 61 30 ock
1653 1697 41 20 nr
1715 1687 60 30 145

273 1724 12 31 1
303 1725 110 31 första
431 1724 192 32 kammaren
643 1736 40 20 av
701 1725 78 32 herr
797 1725 133 32 Robert
949 1726 90 40 Berg
1057 1737 41 19 m.
1120 1726 36 31 fl.
1178 1730 87 28 samt
1284 1738 41 19 nr
1344 1727 62 31 235
1426 1728 12 30 i
1458 1727 104 31 andra
1582 1727 193 33 kammaren

273 1777 41 21 av
337 1767 79 31 herr
440 1767 104 31 Ernst
568 1767 91 41 Berg
683 1778 40 20 m.
749 1768 36 30 fl.
834 1768 175 41 angående
1034 1768 92 31 vissa
1151 1768 182 42 ändringar
1358 1769 12 30 i
1396 1769 99 41 lagen
1521 1780 54 20 om
1601 1772 172 30 semester.

272 1809 356 32 Landssekretariatet
652 1810 52 30 får
727 1812 19 28 å
770 1810 398 41 landsorganisationens
1193 1812 125 40 vägnar
1342 1811 129 31 anföra.

271 1893 107 31 Extra
400 1894 286 31 stuveriarbetare
710 1895 61 31 och
795 1895 257 31 åkeriarbetare.

324 1952 78 32 Den
439 1953 276 41 grundläggande
753 1953 291 42 förutsättningen
1080 1954 54 31 för
1171 1956 233 30 semesterrätt
1441 1955 107 41 enligt
1584 1956 99 40 lagen
1721 1966 55 20 om

272 1997 166 29 semester
463 1997 35 29 är
522 1995 71 31 viss
618 1995 70 32 tids
713 1996 218 41 fortlöpande
957 1996 216 41 anställning.
1212 1997 121 31 Denna
1359 1997 248 41 förutsättning
1632 1997 144 32 innebär

272 2037 105 31 bland
392 2040 104 29 annat
510 2038 136 40 rättslig
660 2038 196 41 skyldighet
872 2038 55 31 för
941 2038 254 41 arbetstagaren
1211 2040 49 30 att
1277 2039 218 41 fortlöpande
1511 2041 53 29 stå
1580 2040 54 31 till
1650 2039 125 32 arbets-

272 2079 159 41 givarens
461 2080 216 40 disposition.
720 2080 182 31 Huruvida
932 2080 105 32 sådan
1067 2080 196 42 skyldighet
1292 2081 186 41 föreligger
1506 2081 66 31 kan
1603 2082 30 40 ej
1666 2081 109 32 sällan

272 2133 80 20 vara
373 2124 92 29 svårt
486 2124 49 29 att
556 2123 132 39 avgöra.
723 2122 148 31 Särskilt
892 2124 38 29 är
951 2122 93 32 detta
1065 2123 97 31 fallet
1183 2123 58 31 vid
1263 2123 266 41 sysselsättning
1551 2135 40 20 av
1614 2135 93 21 mera
1728 2124 47 31 in-

272 2164 191 32 termittent
481 2164 248 32 beskaffenhet.
761 2164 81 31 Ofta
861 2175 83 21 anse
963 2164 53 42 sig
1034 2164 256 42 arbetstagarna
1309 2166 12 30 i
1341 2165 116 41 dylika
1477 2165 61 32 fall
1557 2166 218 41 fortlöpande

272 2207 54 30 stå
348 2206 54 31 till
425 2206 272 41 arbetsgivarens
720 2206 213 41 förfogande,
957 2207 120 31 medan
1100 2207 255 41 arbetsgivaren
1379 2207 63 31 har
1464 2218 42 21 en
1530 2210 140 29 motsatt
1694 2219 81 30 upp-

273 2248 159 41 fattning.

325 2289 83 32 Med
435 2291 132 41 hänsyn
595 2291 55 31 till
677 2302 46 20 nu
751 2291 152 40 antydda
932 2291 210 41 svårigheter
1170 2293 37 29 är
1235 2291 57 32 det
1321 2291 193 42 förklarligt
1543 2303 54 20 om
1627 2293 75 30 från
1732 2293 42 31 de

272 2332 146 32 berörda
452 2332 255 42 arbetstagarna
741 2333 80 31 krav
856 2333 201 31 framställts
1092 2335 49 29 att
1167 2333 257 41 ifrågavarande
1450 2334 247 41 förutsättning
1721 2335 55 31 för

273 2376 232 30 semesterrätt
537 2375 167 41 uppgives
737 2375 63 31 och
833 2377 276 29 semesterrätten
1144 2375 121 32 endast
1287 2377 99 39 göres
1409 2375 171 32 beroende
1603 2387 41 20 av
1667 2376 108 32 under

273 2416 330 33 kvalifikationsåret
637 2417 140 31 faktiskt
811 2417 109 31 utfört
953 2417 124 37 arbete,
1113 2419 132 30 oavsett
1268 2417 101 33 alltså
1393 2428 54 21 om
1471 2418 94 31 detta
1586 2418 67 31 kan
1676 2420 99 39 sägas

273 2459 144 31 hänföra
438 2459 53 41 sig
512 2459 52 31 till
587 2462 49 29 ett
657 2459 217 41 fortlöpande
896 2459 443 40 anställningsförhållande
1362 2460 11 30 i
1396 2459 136 32 teknisk
1553 2460 221 32 bemärkelse.
