1912 2854
70 467 108 25 Ordnad
197 471 55 23 bok-

92 503 89 32 föring
198 505 44 24 vid

73 537 105 25 mindre
191 539 76 31 jord-

81 573 64 24 bruk
163 582 33 15 m.
215 583 34 16 m.

131 609 70 37 [56.]

81 876 156 25 Jordbruks-

72 911 172 25 konsulenter.

125 946 70 37 [57.1

76 1250 157 32 Vandrings-

99 1287 108 23 rättare.

119 1320 70 38 [58.]

63 1615 174 34 Utbudnings-

68 1650 92 24 kurser
177 1653 43 30 för

65 1686 156 33 vandrings-

91 1722 109 24 rättare.

111 1756 69 37 [59.]

35 1979 205 34 Täeckdiknings-

80 2014 112 30 förmän,

102 2050 72 37 [60.]

49 2283 173 31 Utbildnings-

61 2318 93 25 kurser
170 2321 43 29 för

34 2354 190 33 förrättnings-

25 2390 65 21 män
107 2390 45 23 vid
168 2392 67 22 täck-

34 2422 193 33 dikningsföre-

335 137 40 31 54
646 146 399 42 Jordbruksutskottets
1072 159 187 36 utlåtande
1284 164 54 32 Nr
1360 168 27 30 1.

335 214 87 34 Över
458 219 111 33 denna
606 223 262 43 framställning
900 231 156 35 kommer
1089 238 165 34 utskottet
1290 245 51 30 att
1368 245 181 37 framdeles
1583 253 110 33 under
1714 257 88 32 riks-

292 267 110 38 dagen
424 272 128 36 avgiva
577 275 187 41 utlåtande,
788 281 109 33 vilket
921 285 165 34 utskottet
1108 289 200 39 härigenom
1333 297 93 33 velat
1448 300 55 32 för
1525 303 186 40 riksdagen

733 360 149 32 anmäla.

332 470 87 38 64:0)
442 468 140 37 Ordnad
608 475 194 45 bokföring
824 481 60 32 vid
907 485 141 33 mindre
1068 487 178 42 jordbruk
1270 503 47 23 m.
1340 505 45 23 m.
1416 498 224 37 Beträffande
1663 500 133 52 Kungl.

287 519 119 39 Maj:ts
428 524 108 32 under
558 529 111 34 punkt
692 530 40 32 56
756 533 122 36 gjorda
901 536 260 43 framställning
1183 547 178 35 angående
1382 551 120 38 anslag
1526 554 53 32 för
1596 555 214 39 budgetåret.

287 572 187 42 19381/1932
512 578 54 32 till
596 580 121 40 bidrag
745 585 56 32 till
823 588 162 36 åtgärder
1008 592 55 31 för
1085 593 197 39 främjande
1304 610 46 21 av
1373 602 129 34 ordnad
1527 606 183 41 bokföring
1734 611 61 33 vid

285 625 135 33 mindre
452 628 167 37 jordbruk
653 645 45 21 m.
722 647 46 21 m.
792 638 65 32 har
880 641 183 39 riksdagen
1086 647 103 32 redan
1212 650 104 33 fattat
1339 653 122 40 beslut,
1485 668 120 23 varom
1628 663 166 33 utskottet

286 677 201 38 härigenom
512 684 93 32 velat

728 770 125 32 erinra.

328 879 85 40 65:0)
434 881 449 43 Jordbrukskonsulenter.
928 896 221 35 Beträffande
1180 902 133 39 Kungl.
1337 906 118 38 Maj:ts
1482 911 109 31 under
1612 914 112 34 punkt
1747 916 42 31 57

281 931 123 37 gjorda
441 935 260 43 framställning
739 953 55 22 om
828 947 122 38 anslag
984 949 54 32 för
1072 951 200 39 budgetåret
1296 958 187 43 1931/1932
1506 963 56 31 till
1587 964 123 39 bidrag
1733 968 56 31 till

276 984 193 35 avlönande
502 990 109 32 under
646 994 83 32 1931
762 1007 47 20 av
835 998 406 40 Jordbrukskonsulenter
1264 1008 65 32 har
1350 1011 184 39 riksdagen
1557 1016 104 32 redan
1685 1018 104 33 fattat

277 1035 122 39 beslut,
422 1049 121 23 varom
566 1045 166 33 utskottet
755 1049 201 38 härigenom
979 1055 92 32 velat

719 1129 124 32 erinra.

319 1250 85 39 66:0)
444 1252 350 44 Vandringsrättare.
855 1263 225 35 Beträffande
1117 1269 132 39 Kungl.
1289 1273 119 38 Maj:ts
1446 1278 109 31 under
1591 1282 112 34 punkt
1741 1283 40 31 58

273 1302 122 37 gjorda
417 1304 261 43 framställning
700 1321 56 22 om
780 1315 120 37 anslag
922 1317 53 31 för
999 1319 199 38 budgetåret
1221 1324 187 43 1931/1932
1431 1329 57 31 till
1512 1330 121 39 bidrag
1654 1334 56 31 till
1725 1346 59 21 av-

271 1354 147 34 lönande
449 1358 108 32 under
590 1361 241 37 kalenderåret
863 1368 83 33 1931
970 1380 45 22 av
1038 1373 323 39 vandringsrättare
1384 1380 63 31 har
1469 1382 183 38 riksdagen
1676 1387 106 33 redan

271 1407 106 32 fattat
400 1410 120 37 beslut,
544 1423 119 22 varom
688 1418 166 33 utskottet
877 1421 200 38 härigenom
1101 1427 92 31 velat

715 1497 123 32 erinra.

312 1618 86 39 67:0)
422 1620 368 44 Utbildningskurser
812 1627 60 34 för
894 1631 342 42 vandringsrättare.
1273 1639 223 35 Beträffande
1512 1644 133 38 Kungl.
1662 1643 121 50 Maj:ts

264 1670 114 40 under
414 1675 111 34 punkt
563 1676 41 31 59
632 1678 120 36 gjorda
779 1680 262 42 framställning
1065 1696 55 22 om
1142 1689 124 38 anslag
1289 1691 56 32 för
1368 1693 200 38 budgetåret
1590 1698 189 42 1931/1932

266 1723 56 31 till
346 1725 338 39 utbildningskurser
705 1732 57 32 för
784 1735 319 38 vandringsrättare
1126 1740 64 32 har
1212 1744 186 37 riksdagen
1413 1748 106 31 redan
1536 1750 105 32 fattat
1656 1752 121 38 beslut,

264 1786 121 23 varom
408 1780 163 32 utskottet
594 1782 199 38 härigenom
817 1788 92 31 velat

706 1865 125 32 erinra.

306 1988 85 38 68:0)
425 1987 423 46 Täckdikningsförmän.
893 1999 224 35 Beträffande
1155 2004 131 38 Kungl.
1311 2006 120 39 Maj:ts
1465 2011 107 31 under
1594 2015 114 34 punkt
1730 2016 42 31 60

260 2038 121 37 gjorda
415 2041 259 41 framställning
697 2057 56 21 om
776 2050 122 37 anslag
922 2052 53 31 för
998 2053 203 38 budgetåret
1223 2057 188 43 1931/1932
1434 2062 57 32 till
1515 2064 258 40 täckdiknings-

259 2091 136 33 förmän
428 2094 63 31 har
515 2096 180 39 riksdagen
719 2101 106 32 redan
849 2103 103 32 fattat
974 2105 119 38 beslut,
1118 2119 120 21 varom
1263 2112 166 33 utskottet
1450 2115 203 38 härigenom
1676 2120 94 32 velat

702 2190 123 31 erinra.

302 2303 86 40 69:0)
425 2305 368 45 Utbildningskurser
827 2312 60 34 för
920 2314 329 45 förrättningsmän
1280 2322 58 32 vid
1363 2319 404 55 täckdikningsföretag

256 2355 164 34 ävensom
444 2358 57 33 för
523 2360 411 45 täckdikningsförmän.
984 2369 171 34 Utskottet
1178 2372 65 32 har
1265 2375 110 32 under
1397 2377 111 36 punkt
1531 2379 41 31 22
1595 2381 14 30 i
1631 2381 63 31 sitt
1715 2383 53 31 ut-

254 2407 140 34 låtande
426 2421 43 21 nr
492 2413 19 30 2
534 2415 136 32 anmält
700 2418 52 30 att
784 2419 110 38 enligt
931 2422 67 31 vad
1027 2423 371 38 departementschefen
1420 2429 116 33 anfört
1558 2433 106 36 något
1686 2435 79 35 nytt

252 2461 121 38 anslag
395 2463 55 31 till
473 2465 340 40 utbildningskurser
837 2471 53 31 för
912 2473 312 40 förrättningsmän
1246 2479 62 31 vid
1332 2481 315 40 täckningsföretag
1662 2487 104 31 även-
