1910 2854
43 1039 209 34 Dyrtidstillägg

60 1074 28 23 åt
106 1075 136 27 distrikts-

67 1111 73 23 veter
150 1107 82 37 närer.

107 1145 82 40 [50.]

52 2434 133 26 Ulskotbet.

331 156 40 30 30
668 161 398 35 Jordbruksutskottets
1093 166 187 33 utlåtande
1304 168 53 31 Nr
1380 169 28 30 1.

286 234 95 32 delar
415 236 236 33 åstadkomma
686 249 42 21 en
762 240 199 39 utjämning
984 253 46 20 av
1052 244 228 33 kostnaderna
1302 246 56 32 för
1380 249 350 39 veterinärväsendet,
1755 254 48 35 på

284 296 132 23 samma
453 290 91 36 gång
578 289 65 32 den
680 291 56 31 för
766 292 221 39 landstingen
1014 295 110 32 skulle
1146 298 156 31 medföra
1324 309 42 21 en
1390 301 71 31 viss
1483 301 134 33 lättnad
1640 304 14 30 i
1676 304 128 32 ekono-

283 339 106 32 miskt
422 341 174 32 avseende.
642 342 176 33 Utskottet
850 355 101 22 anser
984 347 54 37 sig
1072 348 146 32 sålunda
1253 350 81 32 böra
1356 352 140 32 förorda
1519 353 132 38 Kungl.
1676 355 123 38 Maj:ts

283 391 130 37 förslag
436 393 13 30 i
472 393 225 33 förevarande
731 397 173 32 avseende.
952 399 120 31 Såsom
1107 400 373 37 departementschefen
1504 405 206 39 framhållit,
1738 409 57 36 på-

281 444 125 31 verkar
421 445 94 31 detta
530 445 148 38 förslags
694 449 266 35 genomförande
973 451 75 32 icke
1062 462 49 21 nu
1126 453 57 31 det
1199 454 173 33 ordinarie
1386 457 158 37 anslaget
1557 458 55 31 till
1624 459 171 33 distrikts-

281 497 229 32 veterinärers
532 498 204 38 avlönande,
760 501 109 32 vilket
892 502 119 32 därför
1033 505 96 31 torde
1151 507 163 36 uppföras
1336 509 78 31 med
1437 510 201 32 oförändrat
1660 512 139 37 belopp.

323 548 120 32 Under
464 550 212 37 åberopande
699 563 45 20 av
767 553 57 32 det
845 555 149 31 anförda
1018 556 198 33 hemställer
1239 556 173 45 utskottet,

720 635 52 30 att
795 634 185 38 riksdagen
1002 638 57 29 må

722 687 32 36 1)
777 686 14 31 i
814 686 186 33 riksstaten
1024 689 53 31 för
1100 690 201 37 budgetåret
1324 692 188 41 1931/1932
1535 695 149 36 uppföra
1700 696 95 32 ordi-

679 739 98 31 narie
800 739 306 39 förslagsanslaget
1118 743 56 31 till
1186 743 388 35 distriktsveterinärers
1590 748 204 32 avlönande

343 782 9 15 '
675 790 78 31 med
776 791 198 33 oförändrat
998 793 119 38 belopp
1140 795 140 37 265,000
1305 797 135 32 kronor.

718 844 32 37 2)
784 845 50 30 att
871 845 232 32 kostnaderna
1136 847 53 31 för
1223 848 436 35 distriktsveterinärernas
1691 853 99 31 avlö-

673 895 112 32 nande
818 897 96 31 skola
946 898 79 31 från
1063 900 62 30 och
1152 901 78 31 med
1253 902 176 37 ingången
1452 914 45 20 av
1520 905 40 29 år
1583 904 86 31 1934
1692 905 13 31 i
1728 906 56 30 sin

673 947 115 32 helhet
810 950 181 36 övertagas
1013 961 45 21 av
1080 953 213 32 statsverket.

314 1048 85 38 57:0)
424 1048 282 43 Dyrtidstillägg
728 1052 38 31 åt
789 1051 404 36 distriktsveterinärer.
1232 1057 118 32 Under
1373 1060 112 34 punkt
1510 1060 40 30 530
1566 1060 63 31 har
1645 1061 137 36 Kungl.

270 1098 100 38 Maj:t
392 1100 181 39 föreslagit
593 1103 185 37 riksdagen
800 1106 52 30 att

310 1153 32 37 a)
366 1153 163 37 medgiva
550 1156 61 35 att,
635 1155 113 33 därest
770 1156 40 32 de
833 1157 381 40 distriktsveterinärer,
1238 1162 55 31 till
1317 1163 113 31 vilkas
1445 1164 166 37 avlöning
1627 1165 160 32 lämnats.

265 1205 220 38 statsbidrag,
520 1207 53 31 för
610 1208 96 31 tiden
741 1210 18 31 1
794 1210 67 36 juli
899 1211 173 32 1931—30
1100 1213 78 36 juni
1201 1214 85 31 1932
1309 1215 139 32 beredas
1471 1216 261 39 dyrtidstillägg
1754 1219 22 30 å

264 1256 75 32 dem
373 1258 82 32 från
483 1260 253 32 vederbörande
759 1262 176 38 landsting
958 1265 261 33 tillkommande
1241 1267 180 37 avlöning,
1445 1268 261 39 dyrtidstillägg
1730 1280 46 22 av

261 1310 197 32 statsmedel
497 1313 57 30 må
585 1313 54 31 för
674 1323 132 22 samma
837 1315 52 31 tid
924 1316 58 30 till
1013 1316 77 32 dem
1121 1319 85 35 utgå
1239 1319 78 31 med
1339 1321 243 32 motsvarande
1604 1322 102 32 andel
1728 1333 43 21 av

260 1362 252 38 statsbidraget,
539 1365 238 37 ålderstillägg
800 1366 76 31 däri
899 1368 218 37 inberäknat,
1141 1370 85 31 dock
1250 1371 76 31 med
1350 1372 101 37 högst
1474 1383 42 21 en
1540 1374 164 37 tredjedel
1726 1386 47 20 av

259 1415 311 38 statsavlöningen;

301 1466 32 38 b)
368 1468 58 30 till
460 1469 218 33 bestridande
716 1482 44 20 av
793 1472 229 32 kostnaderna
1059 1475 54 30 för
1147 1475 95 31 dessa
1276 1477 259 38 dyrtidstillägg
1570 1481 122 30 anvisa
1715 1481 58 31 för

257 1518 202 38 budgetåret
482 1521 186 42 1931/1932
692 1525 50 30 ett
764 1526 95 29 extra
881 1525 269 39 förslagsanslag
1174 1538 45 21 av
1242 1529 118 36 60,000
1383 1530 137 32 kronor.

298 1572 50 31 På
382 1574 131 37 förslag
544 1585 45 20 av
612 1575 134 37 Kungl.
775 1577 100 37 Maj:t
896 1578 64 31 har
982 1579 80 31 från
1085 1579 61 31 och
1169 1581 77 31 med
1270 1581 84 32 1919
1380 1582 162 38 beviljats
1565 1585 122 37 anslag
1710 1586 58 31 till

254 1626 260 38 dyrtidstillägg
548 1629 36 29 åt
617 1628 379 34 distriktsveterinärer.
1052 1632 67 31 För
1152 1632 203 38 budgetåret
1389 1634 187 43 1930/1931
1613 1637 66 31 har
1713 1638 56 31 för

253 1678 199 32 ändamålet
474 1680 154 31 anvisats
651 1682 51 30 ett
724 1683 98 30 extra
844 1682 270 39 förslagsanslag
1136 1695 46 21 av
1206 1686 117 36 75,000
1346 1687 137 32 kronor.

294 1730 18 31 I
341 1731 109 38 fråga
479 1742 57 21 om
566 1733 329 39 dyrtidstilläggets
925 1737 216 37 åtnjutande
1170 1738 66 32 har
1266 1739 194 38 riksdagen
1491 1741 176 38 medgivit
1697 1744 72 36 att,

254 1781 117 33 därest
407 1782 44 32 de
486 1782 397 41 distriktsveterinärer,
921 1786 57 33 till
1002 1788 119 33 vilkas
1146 1788 173 39 avlöning
1344 1791 158 34 lämnats
1525 1788 232 46 statsbidrag,

254 1833 168 34 bereddes
450 1835 275 38 dyrtidstillägg
749 1839 21 30 å
797 1838 79 32 dem
903 1839 84 31 från
1012 1840 265 34 vederbörande
1303 1843 187 38 landsting
1517 1844 247 33 tillkomman-

252 1884 43 32 de
319 1885 185 38 avlöning,
529 1887 275 38 dyrtidstillägg
829 1900 47 21 av
901 1891 206 33 statsmedel
1133 1892 100 37 finge
1259 1894 56 31 till
1341 1895 81 31 dem
1448 1898 90 34 utgå
1562 1897 80 32 med
1667 1899 88 30 mot-

250 1937 177 31 svarande
450 1938 104 31 andel
577 1949 46 21 av
646 1940 266 38 statsbidraget,
936 1941 251 39 ålderstillägg
1206 1944 83 32 däri
1309 1945 226 40 inberäknat,
1559 1948 88 32 dock
1670 1948 83 33 alle-

250 1990 79 29 nast
354 1989 82 31 med
461 1989 74 31 viss
561 1986 146 37 kvotdel
732 2002 47 22 av
804 1994 321 38 statsavlöningen.
1169 1995 120 38 Sagda
1313 1997 147 33 kvotdel
1484 1999 67 31 har
1577 2001 178 32 alltsedan

250 2039 65 31 den
334 2040 17 30 1
372 2040 69 36 juli
460 2041 79 31 1923
555 2042 139 36 utgjort
712 2043 104 36 högst
834 2054 45 22 en
898 2046 182 36 tredjedel.

242 2115 37 38 EN
286 2117 177 46 Förslaget
486 2120 153 36 innebär,
652 2122 53 30 att
727 2122 133 36 jämväl
884 2123 54 31 för
954 2124 203 37 budgetåret
1172 2126 186 41 1931/1932
1379 2122 270 49 dyrtidstillägg"
1658 2131 104 32 borde

241 2153 230 58 tillerkännas
504 2172 380 39 distriktsveterinärer,
920 2176 124 32 varvid
1079 2178 179 31 enahanda
1281 2180 150 36 grunder
1453 2191 74 21 som
1550 2182 41 32 de
1612 2193 50 22 nu
1685 2185 70 35 gäl-

241 2221 100 32 lande
365 2225 117 35 syntes
505 2224 82 31 böra
609 2225 186 38 tillämpas.
845 2227 79 32 Med
948 2228 135 38 hänsyn
1106 2230 56 31 till
1183 2231 300 38 medelsåtgången
1508 2234 65 32 har
1599 2236 156 37 anslaget

239 2284 45 20 av
315 2274 133 38 Kungl.
485 2276 100 37 Maj:t
616 2279 177 36 upptagits
824 2280 57 31 till
917 2282 48 30 ett
1000 2282 77 31 med
1110 2283 117 35 15.000
1261 2284 126 32 kronor
1410 2286 12 29 i
1447 2286 214 33 förhållande
1696 2289 56 31 till

241 2327 202 35 budgetåret
467 2327 185 34 1930/1931
677 2331 102 31 sänkt
802 2332 131 38 belopp.

284 2431 78 31 Med
395 2432 102 31 bifall
536 2434 52 30 till
625 2434 131 37 Kungl.
783 2435 115 37 Maj:ts
934 2437 224 32 förevarande
1193 2440 257 38 framställning
1477 2443 198 32 hemställer
1698 2447 57 29 ut-

240 2483 131 36 skottet,
