1908 2866
445 173 397 34 Jordbruksutskottets
869 170 189 32 utlåtande
1084 162 53 39 Nr
1161 170 26 28 1.
1469 165 63 30 107

74 258 55 30 tas
151 255 138 32 erhalla
311 255 12 30 i
344 255 69 31 den
435 255 85 30 mån
541 263 75 22 som
637 252 69 31 den
725 250 126 31 härför
873 248 239 36 erforderliga
1134 245 294 38 organisationen
1451 243 129 31 hinner

75 307 225 37 genomföras
319 306 66 31 och
403 315 100 21 mera
522 304 135 31 allmän
675 302 201 32 kännedom
896 301 128 30 vinnes
1041 298 153 32 rörande
1212 295 368 38 skogsodlingsansla-

76 361 58 35 get
150 360 66 30 och
236 359 43 32 de
299 358 159 32 fördelar
479 357 98 31 detta
595 354 170 37 erbjuder
785 353 68 32 den
873 351 161 32 enskilde
1054 350 254 36 skogsägaren,
1328 350 41 28 är
1389 347 60 31 det
1468 346 112 37 givet-

76 412 54 31 vis
157 411 143 31 förenat
326 409 82 31 med
433 407 204 38 betydande
663 405 226 36 svårigheter
917 404 55 30 att
1000 412 49 21 nu
1075 401 82 31 med
1184 401 120 35 någon
1331 398 167 32 säkerhet
1525 397 56 31 be-

75 464 103 31 döma
198 461 286 33 medelsbehovet
505 460 57 31 för
583 458 215 36 budgetåret
819 454 182 37 1931/1932,
1021 464 85 21 vars
1125 452 134 32 storlek
1278 454 41 29 är
1340 450 175 31 beroende
1536 459 46 21 av

76 516 42 30 de
141 513 245 36 ansökningar
409 522 58 21 om
489 511 140 36 bidrag,
653 519 76 22 som
751 508 113 32 under
887 505 246 32 innevarande
1156 505 41 30 år
1222 504 143 30 komma
1389 502 55 31 att
1468 503 114 35 göras.

76 567 52 31 På
151 559 118 44 grund
290 565 115 31 härav
428 573 106 27 synes
557 561 279 37 försiktigheten
856 559 115 36 bjuda
993 559 54 30 att
1067 576 42 4 —
1129 559 93 28 även
1242 555 14 31 i
1277 553 238 33 betraktande
1537 563 46 20 av

75 619 69 31 den
163 617 203 32 beräknade
386 614 270 33 reservationen
673 632 40 3 —
729 612 78 31 icke
828 612 166 35 företaga
1014 619 44 21 en
1078 610 41 29 så
1140 606 177 33 avsevärd
1336 605 181 36 sänkning
1537 615 45 20 av

76 670 174 36 anslaget,
269 678 76 22 som
366 667 136 36 Kungl.
523 665 128 37 Maj:ts
670 663 137 45 förslag
829 662 161 31 innebär.
1032 660 184 32 Utskottet
1236 659 116 31 håller
1372 657 112 31 heller
1506 656 77 32 icke

78 723 56 30 för
157 721 158 36 otroligt,
337 721 55 30 att
415 729 44 21 en
484 717 102 37 dylik
608 716 131 37 åtgärd
761 716 73 30 kan
854 714 174 34 medföra,
1052 713 54 30 att
1129 711 169 31 intresset
1321 710 57 31 för
1400 709 183 35 ifrågava-

77 773 111 32 rande
210 773 14 30 i
246 774 89 29 stort
358 770 199 38 planlagda
579 767 238 36 verksamhet,
841 776 76 21 som
940 765 56 31 för
1017 762 229 33 närvarande
1268 761 100 32 torde
1393 771 89 20 vara
1504 769 81 28 syn-

77 824 163 37 nerligen
263 823 132 36 livligt,
417 822 160 31 kommer
600 821 55 30 att
676 820 169 30 avsevärt
870 815 229 36 förminskas,
1124 815 109 35 något
1258 823 74 21 som
1356 811 116 32 skulle
1497 821 88 21 vara

77 878 55 30 att
156 877 13 30 i
194 876 70 36 hög
289 875 91 36 grad
405 873 162 36 beklaga.
612 871 184 32 Utskottet
821 878 105 22 anser
952 867 135 36 därför,
1112 867 54 30 att
1192 865 163 36 anslaget
1379 864 64 31 bör
1469 864 117 30 såsom

78 929 13 30 i
111 928 224 31 motionerna
357 925 208 36 föreslagits
586 924 179 36 upptagas
784 921 79 31 med
885 929 138 22 samma
1045 918 127 36 belopp
1196 926 75 22 som
1293 916 56 31 för
1372 916 213 30 innevaran-

80 981 41 31 de
143 979 177 36 budgetär
343 978 87 31 eller
453 976 127 37 600,000
601 975 142 31 kronor.

121 1031 123 32 Under
263 1029 226 36 åberopande
509 1038 45 21 av
576 1027 58 32 det
654 1024 154 33 anförda
826 1023 208 32 hemställer
1054 1022 184 35 utskottet,

524 1116 54 30 att
602 1114 194 35 riksdagen
820 1113 59 29 må
904 1111 82 31 med
1009 1109 196 36 anledning
1229 1118 45 21 av
1299 1107 135 35 Kungl.
1460 1105 128 37 Maj:ts

485 1165 238 33 förevarande
750 1162 273 36 framställning
1049 1161 66 31 och
1141 1160 224 31 motionerna
1391 1158 106 31 I:189
1523 1157 66 31 och

484 1218 53 31 II:
556 1218 55 31 201
636 1218 93 30 samt
754 1215 82 31 med
863 1214 127 36 avslag
1014 1214 21 30 å
1061 1212 225 32 motionerna
1312 1210 33 31 I:
1360 1210 58 30 140
1445 1210 66 30 och
1534 1209 52 30 IT:

484 1271 58 30 200
565 1270 56 30 för
644 1267 213 37 budgetåret
882 1264 171 37 1981/1932
1075 1264 114 31 under
1211 1262 219 36 benämning
1454 1262 135 31 statens

485 1319 377 39 skogsodlingsanslag
911 1316 129 32 anvisa
1077 1317 50 29 ett
1156 1316 103 30 extra
1285 1313 304 32 reservationsan-

486 1374 78 35 slag
587 1383 44 20 av
655 1371 126 36 600,000
802 1370 142 31 kronor.

126 1550 108 36 142:0)
270 1545 145 33 Statens
449 1540 464 44 skogsutdikningsanslag.
965 1539 117 32 Under
1116 1539 111 35 punkt
1262 1537 63 32 134
1360 1537 64 31 har
1458 1536 132 36 Kungl.

84 1601 102 37 Maj:t
207 1599 180 36 föreslagit
411 1597 186 36 riksdagen
620 1597 51 29 att
695 1595 54 30 för
772 1593 201 37 budgetåret
998 1589 188 43 1931/1932
1209 1590 109 31 under
1334 1589 259 36 benämningen

82 1655 128 30 statens
233 1648 427 39 skogsutdikningsanslag
683 1647 121 31 anvisa
827 1647 50 29 ett
899 1646 98 29 extra
1024 1642 351 35 reservationsanslag
1393 1652 43 20 av
1454 1641 137 36 800,000

84 1707 135 30 kronor.

128 1755 395 40 (Statsrådsprotokollet
545 1754 62 31 sid.
633 1752 195 37 392—396).

127 1810 19 31 I
179 1819 43 21 en
243 1810 96 30 inom
362 1807 110 32 andra
494 1807 206 30 kammaren
723 1804 111 35 väckt,
859 1803 56 31 till
939 1802 165 32 utskottet
1127 1800 170 32 hänvisad
1320 1800 133 30 motion
1476 1809 41 20 nr
1531 1798 61 31 218

84 1873 44 21 av
152 1863 122 30 herrar
298 1860 126 32 Olsson
447 1860 13 30 i
483 1857 138 33 Österbo
645 1858 62 30 och
732 1856 184 37 Skoglund
931 1855 64 30 har
1011 1853 193 32 hemställts
1220 1854 51 29 att
1286 1851 187 37 riksdagen
1489 1851 106 30 måtte

86 1916 54 31 för
171 1914 203 36 budgetåret
408 1910 188 43 1931/1932
631 1910 110 31 under
775 1907 212 36 benämning
1015 1908 129 29 statens
1167 1903 428 37 skogsutdikningsanslag

86 1968 123 31 anvisa
232 1967 49 30 ett
303 1966 98 30 extra
425 1961 353 36 reservationsanslag
802 1970 45 21 av
871 1959 173 36 1,000,000
1067 1959 136 30 kronor.

129 2016 221 33 Beträffande
382 2016 41 31 de
447 2015 85 35 skäl,
557 2024 73 21 som
658 2013 134 31 anförts
813 2012 55 31 till
893 2011 75 31 stöd
992 2010 127 35 härför,
1144 2009 164 30 hänvisas
1331 2008 56 30 till
1410 2007 184 31 motionen.

129 2071 71 31 Till
222 2067 289 38 understödjande
534 2066 141 32 medelst
689 2064 211 36 statsbidrag
915 2065 85 29 utan
1016 2059 470 38 återbetalningsskyldighet
1500 2060 95 30 inom

87 2123 147 35 område,
268 2122 85 30 varå
387 2119 309 37 skogsvårdslagen
737 2120 81 33 äger
852 2115 238 37 tillämpning,
1122 2124 45 20 av
1191 2112 404 37 torrläggningsföretag,

89 2176 96 30 vilka
207 2184 80 21 avse
310 2173 147 37 höjande
480 2183 45 20 av
548 2170 349 37 alstringsförmågan
919 2169 61 30 hos
1004 2167 100 31 mark
1127 2166 78 31 med
1229 2166 135 36 hänsyn
1387 2164 57 31 till
1457 2164 74 31 dess
1546 2165 50 29 ut-

88 2227 181 37 nyttjande
294 2226 53 30 för
370 2223 199 38 skogsbörd,
582 2222 163 32 anvisade
768 2221 187 35 riksdagen
978 2220 53 30 för
1048 2219 108 31 första
1172 2219 136 35 gången
1324 2218 54 30 för
1393 2212 204 45 budgetåret

90 2278 187 41 1927/1928
302 2279 47 36 (se
373 2277 100 31 1927:
498 2286 93 26 prop.
615 2285 44 21 nur
683 2275 79 33 156;
784 2274 42 30 R.
849 2273 70 30 skr.
943 2282 43 20 nr
1009 2271 76 37 235)
1109 2271 111 30 under
1242 2269 212 35 benämning
1471 2269 126 30 statens

89 2328 431 39 skogsutdikningsanslag
543 2329 49 29 ett
614 2328 99 30 extra
736 2323 361 36 reservationsanslag.

130 2381 319 38 Angelägenheten
484 2381 56 30 att
577 2377 180 36 befrämja
795 2376 194 36 utdikning
1017 2385 47 21 av
1090 2373 211 38 skogsmark
1327 2373 68 31 har
1423 2368 173 45 föranlett

92 2434 193 36 riksdagen
304 2433 52 31 att
377 2431 127 32 anvisa
523 2430 219 35 statsanslag
761 2429 58 30 för
838 2427 206 32 ändamålet
1063 2426 80 31 med
1163 2426 40 30 år
1224 2425 84 31 från
1327 2426 41 29 år
1386 2425 137 34 stegrat
1541 2423 55 31 be-

1611 1544 105 23 Statens
1727 1543 88 30 skoge-

1634 1577 165 30 utdiknings-

1665 1612 97 31 anslag.

1668 1663 104 39 [134.]

1661 1804 110 24 Motion.
