1920 2852
78 1052 65 21 1923
163 1050 40 24 års
218 1052 62 22 rike-

157 1087 52 27 dag.

100 1414 103 30 Förslag
221 1423 24 15 av

84 1449 125 24 särgkilda
227 1453 37 20 ut-

81 1484 184 30 redningsmän.

358 154 38 29 46
695 159 398 34 Jordbruksutskottets
1123 164 184 33 utlåtande
1331 166 53 31 Nr
1407 167 27 29 I.

313 233 89 36 utgå
420 234 221 39 statsbidrag
662 237 80 31 med
761 238 143 32 hälften
924 250 46 21 av
990 240 315 41 ålderstilläggens
1327 245 138 38 belopp.
1506 247 18 31 I
1546 248 42 31 de
1610 250 84 35 iyra
1715 251 101 31 nord-

312 283 130 37 ligaste
464 285 108 32 länen
594 288 108 36 utgår
725 290 52 30 ett
800 290 324 41 avlöningstillägg
1147 294 59 31 till
1228 295 438 42 begynnelseavlöningen
1689 312 45 21 av
1759 302 57 31 500

312 335 140 31 kronor.
495 336 229 41 Statsbidrag
745 340 59 31 till
825 341 99 33 detta
943 343 324 41 avlöningstillägg
1288 347 72 32 kan
1382 350 89 36 utgå
1492 350 81 32 med
1593 351 60 32 200
1675 352 139 33 kronor.

353 386 254 34 Tillsättandet
641 400 46 22 av
719 391 560 44 distriktsveterinärbefattning
1313 399 81 32 sker
1429 401 114 38 enligt
1577 404 235 32 veterinärin-

310 438 237 38 struktionen,
576 441 40 31 15
644 440 28 38 $,
700 443 64 31 och
790 444 390 38 medicinalstyrelsens
1209 452 252 31 ovannämnda
1489 453 162 33 cirkulär
1680 456 68 32 den
1775 457 40 31 28

310 490 191 32 november
528 492 80 32 1913
637 491 56 36 (nr
718 493 52 37 10)
800 505 48 21 av
873 497 363 38 veterinärstyrelsen
1260 501 13 32 i
1300 502 378 41 landstingsområdet,
1705 508 108 31 sedan

309 541 380 40 mediecinalstyrelsen,
712 546 93 31 efter
831 549 55 30 att
909 548 95 32 hava
1024 549 176 39 kungjort
1224 552 253 40 befattningen
1500 556 60 31 till
1583 559 160 32 ansökan
1768 560 45 30 le-

309 592 72 37 dig,
411 596 189 34 upprättat
632 596 145 39 förslag,
809 599 223 33 omfattande
1063 603 56 30 tre
1149 613 47 21 av
1226 603 41 33 de
1298 606 165 32 sökande.
1515 607 126 33 Såsom
1672 610 138 38 kompe-

309 645 212 32 tensvillkor
566 647 57 31 för
664 648 206 33 erhållande
914 661 46 21 av
1002 652 562 45 distriktsveterinärbefattning
1599 661 124 37 gäller,
1756 665 53 29 att

307 696 265 33 vederbörande
596 699 92 31 skall
711 710 89 23 vara
823 702 228 37 legitimerad
1074 706 184 32 veterinär
1280 708 87 32 eller
1391 710 66 31 ock
1480 711 96 32 hava
1600 723 47 21 av
1669 714 141 32 medici-

307 748 238 36 nalstyrelsen
575 750 195 34 förklarats
799 753 205 38 berättigad
1030 757 55 31 att
1113 757 182 34 innehava
1323 760 102 36 dylik
1453 762 217 40 befattning.
1720 763 91 35 Över

305 800 380 37 veterinärstyrelsens
723 804 118 33 beslut
879 807 59 30 må
976 807 101 32 talan
1117 809 180 38 fullföljas
1336 812 63 31 hos
1428 814 380 40 medicinalstyrelsen,

304 851 121 32 därest
446 862 46 21 av
513 854 363 38 veterinärstyrelsen
897 858 178 33 meddelat
1098 860 117 33 beslut
1236 862 182 33 förmenas
1438 864 79 33 icke
1537 866 96 32 hava
1654 868 154 33 tillkom-

304 902 67 32 mit
389 903 12 31 i
421 904 148 38 behörig
589 906 153 38 ordning
762 908 87 31 eller
870 909 103 37 eljest
993 911 117 32 strida
1126 914 74 30 mot
1220 913 59 38 lag
1299 915 66 30 och
1387 916 222 39 författning
1629 920 87 31 eller
1735 924 72 29 mot

305 954 67 31 den
403 955 55 31 för
487 957 178 35 styrelsen
694 959 192 32 utfärdade
914 961 278 33 instruktionen.

346 1051 16 29 I
385 1052 439 37 statsverkspropositionen
849 1057 54 30 till
928 1058 84 31 1923
1036 1060 57 30 års
1117 1061 139 37 riksdag
1280 1063 139 32 berörde
1444 1065 197 33 dåvarande
1660 1068 148 36 departe-

300 1103 232 32 mentschefen
565 1105 125 36 frågan
719 1116 56 21 om
799 1107 434 37 distriktsveterinärernas
1255 1116 312 38 statsanställning,
1591 1119 123 33 därvid
1738 1121 69 31 han

298 1155 115 30 anslöt
446 1156 51 36 sig
525 1157 58 30 till
606 1167 42 21 en
670 1168 46 21 av
738 1160 244 33 statskontoret
1005 1164 135 31 uttalad
1164 1166 233 38 uppfattning,
1421 1170 51 30 att
1495 1170 215 38 tillräckliga
1732 1174 72 31 skäl

299 1207 54 30 för
375 1217 43 21 en
440 1208 106 31 sådan
569 1209 53 31 för
645 1211 108 31 staten
777 1214 223 36 synnerligen
1026 1216 153 32 kostsam
1194 1219 195 37 anordning
1405 1221 76 32 icke
1495 1225 116 34 syntes
1627 1224 179 38 föreligga.

301 1258 193 38 Riksdagen
518 1261 121 36 gjorde
661 1263 55 30 för
737 1264 53 30 sin
813 1264 51 31 del
883 1266 73 31 icke
971 1267 11 30 i
999 1268 168 31 samband
1185 1269 138 33 därmed
1341 1273 105 35 något
1461 1275 176 31 uttalande
1653 1277 11 29 i
1680 1276 123 37 frågan

297 1321 55 20 om
376 1313 309 37 statsanställning.

340 1409 70 31 För
438 1411 195 37 utredning
660 1423 43 21 av
732 1415 133 36 frågan
890 1426 55 21 om
971 1418 459 36 distriktsveterinärernas
1456 1425 256 38 anställnings-
1739 1428 64 31 och

298 1461 445 37 avlöningsförhållanden
770 1466 219 34 tillkallades
1018 1469 146 37 jämlikt
1193 1471 135 38 Kungl.
1359 1474 129 37 Maj:ts
1516 1476 287 39 bemyndigande

298 1512 69 31 den
396 1513 18 30 5
443 1513 69 36 juli
543 1515 79 31 1929
652 1518 54 30 tre
736 1518 309 40 utredningsmän,
1073 1523 183 37 nämligen
1285 1525 202 33 ledamoten
1514 1538 46 21 av
1591 1529 212 36 riksdagens

298 1564 115 32 andra
439 1566 194 38 kammare,
662 1568 320 40 hemmansägaren
1008 1573 40 31 E.
1078 1573 38 32 O.
1144 1574 231 39 Magnusson,
1402 1578 183 39 Tumhult,
1614 1583 189 31 statskom-

296 1616 189 33 missarien
508 1619 66 30 och
600 1619 217 36 byråchefen
841 1623 13 30 i
877 1624 259 33 statskontoret
1159 1626 44 32 H.
1226 1627 45 32 K.
1292 1628 45 32 H.
1363 1629 117 33 Tottie
1504 1634 94 29 samt
1622 1633 177 33 distrikts-

297 1668 228 33 veterinären
543 1670 43 31 A.
610 1671 52 31 W.
684 1672 105 37 Borg,
812 1673 117 37 Sjöbo.
969 1676 78 31 Den
1069 1677 38 31 12
1127 1678 69 37 juli
1216 1679 78 32 1930
1315 1680 96 33 hava
1432 1679 368 47 utredningsmännenr

297 1720 142 36 avgivit
464 1722 225 33 betänkande
713 1725 10 30 i
750 1735 48 21 nu
827 1726 237 34 förevarande
1090 1731 104 30 ämne
1222 1730 149 35 (statens
1396 1735 192 36 offentliga
1615 1738 181 31 utrednin-

296 1780 66 26 gar
384 1772 169 37 1930:18).

335 1826 50 31 De
418 1828 231 37 sakkunniga,
682 1841 72 20 som
787 1833 154 32 förordat
970 1836 301 38 statsanställning
1295 1839 53 30 för
1371 1836 429 49 distriktsveterinärerna,

292 1878 91 32 hava
416 1881 385 38 sammanfattningsvis
828 1885 205 38 framhållit,
1056 1890 53 29 att
1131 1889 13 30 i
1168 1890 213 33 förhållande
1405 1893 56 31 till
1485 1904 47 21 nu
1556 1895 161 36 gällande
1739 1907 59 20 an-

290 1930 147 38 ordning
460 1932 514 38 distriktsveterinärväsendets
996 1941 227 32 överförande
1244 1944 43 35 på
1310 1945 119 37 statlig
1449 1947 114 35 grund
1579 1948 107 31 måste
1701 1958 96 22 anses

290 1983 153 32 medföra
465 1985 155 37 följande
643 1987 160 33 fördelar:

330 2036 29 30 1.
391 2036 207 37 Skapandet
620 2049 47 22 av
685 2049 44 23 en
748 2041 57 32 för
826 2042 81 32 hela
929 2044 121 32 landet
1073 2054 203 29 gemensam
1298 2049 160 38 enbetlig
1480 2052 247 35 organisation
1749 2065 45 20 av

291 2088 366 34 veterinärväsendet.

328 2139 29 31 2.
389 2138 224 35 Beredandet
641 2144 37 30 åt
705 2144 439 36 distriktsveterinärerna
1173 2160 45 21 av
1244 2160 45 22 en
1314 2162 100 23 mera
1441 2154 73 31 fast
1541 2156 65 30 och
1636 2158 154 36 tryggad

289 2190 184 39 ställning.

328 2242 28 32 3.
388 2242 255 35 Tillsättandet
693 2258 45 21 av
788 2248 653 45 distriktsveterinärbefattningarna
1479 2257 92 33 efter
1613 2259 180 33 likartade

289 2295 156 35 grunder
470 2305 127 28 genom
620 2298 126 38 statlig
767 2301 222 38 myndighet,
1012 2303 112 33 sedan
1145 2305 136 38 förslag
1304 2309 209 36 upprättats
1535 2310 65 32 och
1626 2312 163 32 vederbö-

287 2346 111 32 rande
442 2347 432 43 hushållningssällskaps
909 2354 384 40 förvaltningsutskott
1319 2360 117 31 såsom
1459 2364 250 34 representant
1735 2364 55 32 för

286 2398 277 34 ortsintressena
589 2401 134 34 beretts
749 2403 147 33 tillfälle
923 2408 53 30 att
1001 2407 114 37 jämte
1140 2408 308 36 länsveterinären
1476 2412 152 34 däröver
1656 2416 135 37 avgiva

288 2451 169 34 yttrande
480 2453 63 30 och
568 2453 121 32 lämna
711 2454 131 33 förord.
