1916 2834
252 179 237 31 Sammansatt
510 178 216 36 bevillnings-
749 176 65 30 och
836 175 338 37 jordbruksutskotts
1199 173 177 31 utlåtande
1397 174 48 30 Nr
1468 175 27 29 2.
1592 170 35 29 17

337 325 205 35 Särskilda
566 324 187 44 åtgärder
776 323 60 34 till
861 322 321 44 fruktodlingens
1200 321 221 43 stödjande.

116 431 136 39 Bidrag
285 430 54 29 till
372 428 263 39 fraktlindring
667 427 60 30 vid
761 428 191 37 transport
974 434 46 21 av
1043 425 170 30 inhemsk
1236 424 102 30 frukt
1360 424 53 29 till
1436 423 191 30 Norrland.

165 519 65 29 Till
254 517 199 36 främjande
476 527 42 20 av
542 526 42 20 en
607 516 92 30 ökad
722 515 196 36 avsättning
942 515 65 30 och
1031 513 223 31 konsumtion
1279 522 41 21 av
1347 512 158 30 inhemsk
1530 511 97 30 frukt

121 570 9 29 i
150 569 173 30 Norrland
340 569 63 29 har
420 567 111 38 frukt-
549 567 65 30 och
632 565 410 38 trädgårdsutredningen
1060 564 185 36 föreslagit,
1264 566 49 27 att
1329 563 121 35 bidrag
1469 572 41 20 av
1528 564 97 28 stats-

121 620 111 30 medel
255 620 110 29 skulle
386 617 80 37 utgå
488 618 57 29 vid
567 620 174 32 transport
763 615 20 31 å
804 616 146 36 järnväg
972 625 42 20 av
1036 616 126 35 äpplen
1186 614 66 30 och
1274 614 120 35 päron,
1418 622 74 21 som
1515 612 112 30 odlats

121 671 94 29 inom
239 670 126 29 landet.
410 669 171 35 Bidragen
604 667 106 30 borde
732 667 187 35 begränsas
942 666 51 30 till
1017 665 212 36 sändningar
1252 674 57 19 om
1333 664 105 29 minst
1461 663 96 34 2,500
1582 663 45 35 kg

120 720 130 36 verklig
269 720 83 35 vikt,
373 720 30 29 d.
425 729 29 20 v.
476 729 24 20 s.
521 719 399 35 vagnslasttransporter,
941 716 65 30 och
1025 716 211 29 bestämmas
1258 714 51 30 till
1327 713 196 31 skillnaden
1544 713 81 29 mel-

121 772 56 29 lan
196 770 20 31 å
235 780 65 20 ena
318 770 99 30 sidan
436 778 41 21 en
495 769 96 30 frakt
608 768 179 30 beräknad
805 767 56 30 för
879 766 232 36 sändningens
1130 765 153 35 verkliga
1302 764 73 30 vikt
1394 764 86 30 efter
1499 766 128 27 statens

120 822 204 36 järnvägars
348 823 80 27 taxa
453 820 56 29 för
533 819 78 30 hela
636 816 358 38 transportavståndet
1020 819 88 27 samt
1134 815 20 31 å
1179 815 110 30 andra
1317 814 98 30 sidan
1442 814 65 29 den
1532 813 95 30 frakt

122 882 73 20 som
223 871 105 36 enligt
357 880 133 20 samma
517 872 81 27 taxa
626 869 109 30 skulle
762 868 55 30 för
845 867 243 30 motsvarande
1117 865 172 36 sändning
1316 865 153 36 erläggas
1497 863 56 30 för
1581 865 46 28 ett

120 920 324 38 transportavstånd
465 930 42 20 av
529 921 63 29 750
613 920 189 29 kilometer.
844 918 99 30 Huru
963 917 165 36 bidragen
1151 917 10 29 i
1182 916 111 36 dylikt
1314 915 62 30 fall
1399 915 110 30 skulle
1530 914 96 30 kom-

120 983 57 20 ma
197 975 49 28 att
265 972 143 30 inverka
427 971 58 30 vid
503 972 214 34 transporter
735 969 128 30 mellan
883 968 93 30 olika
995 970 90 27 orter
1103 965 155 37 framgår
1276 975 44 21 av
1340 975 43 21 en
1401 965 104 30 tabell
1524 963 20 31 å
1564 964 62 30 sid.

124 1024 59 29 199
203 1023 10 29 i
232 1022 247 36 utredningens
497 1020 230 31 betänkande.
766 1019 82 30 Som
867 1018 154 36 exempel
1040 1018 69 29 kan
1129 1017 158 34 nämnas,
1309 1018 48 28 att
1375 1015 58 30 vid
1451 1017 176 33 transport

121 1073 78 31 från
217 1072 282 31 fruktdistrikten
517 1071 11 30 i
546 1071 102 30 södra
666 1070 136 35 Sverige
825 1068 136 39 (Skåne,
981 1066 153 40 Urshult)
1159 1067 50 30 till
1228 1066 132 30 Kiruna
1377 1065 121 36 bidrag
1517 1064 111 30 skulle

121 1123 80 37 utgå
221 1123 80 30 med
322 1124 18 29 5
356 1117 34 42 !/,
411 1123 19 29 å
450 1123 20 29 6
491 1122 58 29 öre
569 1121 56 30 för
644 1120 180 36 kilogram,
847 1118 44 31 då
912 1118 214 36 sändningen
1147 1116 193 31 omfattade
1360 1116 105 29 minst
1485 1116 49 29 2.5
1556 1118 70 31 ton,

119 1175 95 30 cirka
237 1170 74 35 3/2
335 1175 58 29 öre
416 1173 55 30 för
492 1172 180 36 kilogram,
694 1170 44 31 då
760 1170 233 35 sändningens
1016 1168 78 30 hela
1117 1168 73 30 vikt
1210 1166 175 37 uppginge
1405 1165 50 30 till
1479 1165 105 30 minst
1607 1165 18 29 5

120 1229 69 31 ton,
209 1227 90 28 samt
316 1224 96 30 cirka
430 1224 18 29 2
467 1224 59 29 öre
542 1232 61 26 per
620 1222 179 35 kilogram,
820 1219 44 31 då
881 1220 116 29 vikten
1015 1218 172 37 uppginge
1205 1217 50 30 till
1274 1216 105 31 minst
1399 1217 38 29 10
1456 1219 68 27 ton.
1560 1215 67 30 För

121 1275 212 36 sändningar
350 1273 78 31 från
447 1273 202 30 Stockholm
664 1271 51 31 till
734 1271 133 31 Kiruna
884 1271 139 29 komme
1040 1268 244 31 motsvarande
1300 1267 122 36 bidrag
1440 1268 47 28 att
1505 1266 122 36 utgöra

120 1327 76 34 3.35,
222 1327 64 28 1.99
307 1325 66 30 och
397 1325 63 29 1.12
481 1325 68 28 öre.
592 1322 121 31 Såsom
735 1321 125 30 villkor
881 1321 56 30 för
958 1319 205 36 åtnjutande
1185 1328 42 21 av
1248 1318 123 35 bidrag
1393 1317 110 30 skulle
1525 1316 101 36 gälla,

121 1380 48 27 att
190 1375 217 31 avsändaren
429 1374 58 30 vid
510 1373 212 31 fraktsedeln
744 1372 125 36 fogade
891 1380 42 21 en
956 1369 148 37 skriftlig
1126 1369 186 30 försäkran
1334 1370 49 28 att
1404 1367 140 30 frukten
1568 1366 58 30 od-

121 1427 63 30 lats
207 1426 96 30 inom
325 1425 116 30 landet
464 1425 164 29 ävensom
649 1423 88 30 efter
759 1422 176 30 anmodan
960 1421 129 36 styrkte
1112 1419 208 36 riktigheten
1342 1418 118 29 härav.
1508 1416 118 31 Utred-

118 1478 125 36 ningen
267 1478 65 28 har
355 1475 116 30 vidare
494 1474 175 36 föreslagit
691 1474 58 34 att,
774 1471 106 31 sedan
902 1470 276 35 standardregler
1200 1468 55 30 för
1278 1468 125 36 äpplen
1425 1467 65 30 och
1515 1467 110 35 päron

121 1527 191 34 fastställts,
335 1524 180 32 föreskrift
537 1524 110 30 skulle
668 1523 176 30 meddelas
867 1522 122 29 därom
1013 1523 48 27 att
1082 1520 167 35 bidragen
1271 1518 121 30 endast
1413 1517 111 30 skulle
1547 1525 80 21 avse

121 1578 96 30 frukt
243 1586 76 21 som
345 1578 162 28 sorterats
533 1575 66 29 och
624 1573 202 36 förpackats
851 1571 106 36 enligt
984 1571 41 29 de
1050 1569 196 31 fastställda
1272 1568 164 36 reglerna.
1490 1567 137 29 Utbeta-

122 1628 101 30 lande
246 1636 41 21 av
309 1627 122 35 bidrag
452 1626 65 29 har
538 1624 193 35 föreslagits
755 1623 97 29 skola
875 1622 60 30 ske
957 1621 144 30 medelst
1124 1619 129 36 avdrag
1276 1618 58 30 vid
1356 1618 155 30 fraktens
1534 1617 93 30 beta-

122 1678 100 31 lande
248 1676 20 31 å
295 1675 258 32 vederbörande
577 1673 302 37 järnvägsstation.
930 1672 13 29 I
969 1670 158 36 samtliga
1152 1679 48 20 nu
1226 1668 154 31 nämnda
1406 1667 221 31 hänseenden

122 1729 109 30 skulle
250 1728 57 30 det
326 1727 189 30 ankomma
535 1724 44 37 på
600 1725 121 35 Kungl.
744 1723 101 36 Maj:t
865 1725 48 28 att
933 1721 140 31 utfärda
1092 1721 161 30 närmare
1273 1718 267 31 bestämmelser.

168 1779 116 36 Enligt
312 1788 42 20 av
381 1777 229 35 utredningen
639 1774 211 31 verkställda
879 1772 232 35 beräkningar
1139 1770 112 31 skulle
1279 1769 55 30 för
1361 1767 196 39 beviljande
1584 1776 43 22 av

123 1829 219 36 fraktbidrag
368 1828 55 30 för
447 1827 161 30 inhemsk
634 1825 97 30 frukt
756 1825 10 29 i
794 1824 150 36 enlighet
968 1823 79 29 med
1073 1831 80 27 nyss
1179 1820 150 36 angivna
1355 1818 272 36 huvudgrunder

123 1881 65 29 och
212 1880 112 29 under
347 1877 247 35 förutsättning
618 1879 49 27 att
689 1874 239 36 anordningen
952 1874 139 29 komme
1113 1875 49 27 att
1186 1870 160 31 medföra
1368 1879 42 21 en
1433 1869 129 35 ökning
1585 1877 42 21 av

123 1930 361 34 frukttransporterna
506 1927 51 29 till
580 1926 171 30 Norrland
772 1925 80 29 med
874 1924 96 30 cirka
991 1923 41 29 25
1054 1918 42 33 9/o
1117 1921 176 30 erfordras
1317 1923 46 27 ett
1385 1919 100 36 årligt
1508 1919 119 35 anslag

124 1990 41 21 av
187 1979 199 31 statsmedel
407 1987 42 21 av
469 1976 162 36 omkring
657 1976 116 35 15,000
795 1975 139 29 kronor.
970 1972 234 36 Utredningen
1225 1972 65 29 har
1312 1970 119 30 därför
1452 1969 175 30 hemställt

124 2040 56 20 om
203 2029 190 31 anvisande
414 2028 55 29 för
491 2026 202 37 budgetåret
717 2019 184 41 1938/1939
925 2033 42 21 av
989 2026 46 27 ett
1057 2021 270 37 förslagsanslag
1351 2020 54 30 för
1429 2019 197 31 ändamålet

125 2090 41 21 av
194 2080 117 35 15,000
335 2079 138 29 kronor.

167 2131 13 28 I
203 2130 114 29 denna
340 2128 98 36 fråga
459 2128 65 29 har
545 2125 381 38 departementschefen
948 2124 115 30 anfört
1086 2123 169 36 följande:

171 2181 32 28 »I
222 2180 109 29 likhet
348 2179 79 29 med
444 2177 226 34 utredningen
688 2177 116 29 finner
821 2175 57 35 jag
896 2175 55 30 det
969 2184 41 20 ur
1028 2172 369 37 näringsfysiologiska
1416 2171 215 37 synpurkter

123 2230 217 35 synnerligen
359 2229 174 33 önskvärt,
554 2230 48 27 att
620 2226 157 35 åtgärder
796 2225 154 35 vidtagas
970 2224 55 29 för
1045 2222 170 31 ernående
1235 2232 43 20 av
1298 2231 42 20 en
1358 2222 91 29 ökad
1467 2222 163 28 konsum-

125 2280 68 29 tion
217 2289 43 20 av
284 2279 96 29 frukt
402 2279 8 28 i
435 2277 181 30 Norrland.
662 2276 252 34 Utredningens
938 2274 227 29 förevarande
1185 2273 132 35 förslag
1338 2282 56 19 om
1415 2271 217 34 fraktbidrag

124 2331 55 29 vid
203 2331 175 34 transport
403 2337 42 20 av
469 2327 159 30 inhemsk
654 2326 95 29 frukt
773 2325 49 29 till
847 2324 152 30 nämnda
1024 2323 155 30 landsdel
1206 2332 100 26 synes
1331 2322 70 34 mig
1427 2322 8 28 i
1462 2324 84 27 stort
1570 2323 63 27 sett

123 2382 103 34 ägnat
247 2383 49 26 att
318 2379 178 34 tillgodose
516 2378 92 29 detta
628 2374 190 32 önskemål.
864 2374 119 31 Såsom
1004 2373 227 35 utredningen
1255 2370 192 32 framhållit
1469 2371 97 29 torde
1586 2372 46 28 ett

123 2429 274 36 genomförande
418 2438 42 20 av
485 2428 162 34 förslaget
670 2426 171 35 därjämte
864 2426 141 28 komma
1029 2426 49 27 att
1100 2424 46 29 ha
1169 2432 41 20 en
1235 2422 208 35 fördelaktig
1465 2421 165 30 inverkan

124 2481 42 36 på
188 2477 482 37 avsättningsförhållandena
691 2476 54 30 för
767 2476 66 30 den
856 2475 146 30 svenska
1025 2474 150 29 frukten.
1198 2473 78 30 Med
1299 2473 134 35 hänsyn
1457 2471 48 30 till
1530 2471 100 30 önsk-

162 2546 110 31 Bihang
293 2545 42 24 till
355 2544 167 31 riksdagens
543 2542 144 32 protokoll
710 2542 73 24 1938.
822 2543 14 22 7
855 2540 74 23 saml.
949 2541 15 23 2
984 2540 55 22 avd.
1078 2540 37 22 Nr
1132 2540 22 22 2.
1586 2535 14 22 2
