1920 2834
255 162 236 31 Sammansatt
513 161 217 37 bevillnings-
753 161 65 29 och
839 159 340 38 jordbruksutskotts
1204 158 176 30 utlåtande
1401 158 48 30 Nr
1472 158 28 30 2.
1613 153 17 29 3

170 245 29 38 2)
230 250 49 27 att
299 246 275 31 vindruvstullen
595 245 112 31 under
726 245 92 30 tiden
841 241 141 35 '/.—"/1
1003 244 103 30 sättes
1126 244 51 30 till
1198 244 41 29 50
1261 244 58 29 öre
1339 252 42 27 pr
1402 243 58 35 kg;

169 298 30 36 3)
231 300 49 27 att
302 296 299 37 importreglering
623 296 56 30 för
699 296 266 30 blomsterlökar
988 294 218 37 genomföres
1229 294 11 29 i
1262 293 151 36 enlighet
1436 294 78 29 med
1538 292 91 30 träd-

125 348 350 37 gårdsutredningens
498 347 143 36 förslag;

168 399 34 38 5)
229 398 27 31 I:
272 399 63 29 345
356 408 42 21 av
418 399 79 29 herr
517 397 280 37 Mannerskantz,
820 397 73 30 vari
913 396 204 35 hemställts,

173 449 27 37 1)
225 453 49 27 att
293 449 9 30 i
323 449 260 37 propositionen
604 448 151 36 begärda
775 448 119 35 anslag
914 457 41 20 av
979 447 117 35 15,000
1115 447 130 29 kronor
1264 445 51 31 till
1335 444 233 36 omförädling
1589 453 42 21 av

126 500 258 36 fruktodlingar
403 499 31 37 ej
455 499 160 37 beviljas;

171 549 30 39 2)
232 554 49 27 att
302 551 9 30 i
332 551 261 36 propositionen
614 550 151 36 begärda
785 549 120 36 anslag
925 548 52 31 till
1000 547 183 31 musterier
1202 548 65 29 bör
1288 546 101 37 höjas
1412 546 77 30 med
1515 545 116 36 15,000

126 603 130 29 kronor
280 602 52 30 till
358 601 118 36 30,000
501 602 144 34 kronor;

171 654 30 35 3)
232 656 49 27 att
303 652 221 31 beträffande
547 651 462 34 konsulentverksamheten,
1034 659 58 20 om
1116 649 185 35 riksdagen
1324 648 159 35 besluter,
1508 650 49 27 att
1580 646 51 31 så-

127 704 69 30 dan
218 704 219 29 verksamhet
461 703 87 30 skall
569 702 223 36 igångsättas:

171 752 30 39 a)
232 755 67 29 den
318 754 10 30 i
348 753 260 37 propositionen
627 752 196 36 föreslagna
843 749 562 38 odlingskonsulentbefattningen
1424 748 30 36 ej
1476 748 155 35 inrättas,

170 802 33 39 b)
234 808 49 27 att
304 805 10 29 i
336 805 112 30 stället
469 804 56 30 för
544 804 113 29 under
678 799 31 40 a)
738 802 214 31 omnämnda
972 801 146 31 inrättas
1140 810 42 21 en
1205 799 426 38 propagandakonsulent-

126 855 208 36 befattning;

171 904 31 39 4)
233 909 49 28 att
302 906 184 36 riksdagen
504 905 10 30 i
535 905 164 30 skrivelse
717 904 50 31 till
789 904 122 36 Kungl.
931 902 103 37 Maj:t
1053 903 106 35 begär
1177 903 205 35 skyndsamt
1401 900 230 37 igångsättan-

127 958 42 30 de
192 967 41 20 av
256 956 318 36 förutsättningslös
596 955 184 36 utredning
801 954 222 31 beträffande
1044 952 369 37 trädgårdsnäringens
1435 951 197 36 stödjande;

172 1008 34 38 6)
232 1007 43 30 II:
292 1008 63 30 492
376 1017 42 20 av
438 1008 80 29 herr
539 1006 134 31 Wallén
695 1015 43 21 m.
760 1005 48 38 fl.,
827 1005 74 30 vari
919 1004 205 36 hemställts,
1145 1007 48 27 att
1212 1003 184 35 riksdagen
1417 1002 10 30 i
1448 1001 187 36 anledning

128 1069 42 20 av
192 1058 123 36 Kungl.
338 1057 119 37 Maj:ts
479 1057 217 37 proposition
717 1066 42 20 nr
781 1057 64 29 303
866 1056 79 30 ville
967 1055 148 30 besluta:

173 1112 48 28 att
240 1109 72 29 dels
332 1109 51 30 till
402 1108 121 36 bidrag
542 1108 57 30 för
615 1107 178 30 bildandet
812 1116 41 21 av
872 1110 47 27 ett
936 1106 145 30 centralt
1100 1104 256 37 trädgårdsråd,
1378 1104 110 29 under
1507 1103 127 30 nionde

128 1160 229 34 huvudtiteln,
379 1159 56 30 för
452 1157 204 37 budgetåret
678 1152 182 42 1938/1939
880 1157 121 30 anvisa
1020 1159 46 28 ett
1086 1156 270 35 förslagsanslag
1376 1164 42 21 av
1438 1154 96 35 5,000
1556 1154 77 29 kro-

129 1220 76 25 nor;

174 1261 71 30 dels
263 1262 64 29 hos
347 1260 122 37 Kungl.
490 1259 102 37 Maj:t
611 1258 140 32 anhålla
770 1268 57 21 om
847 1258 208 37 vidtagande
1076 1267 42 21 av
1139 1256 160 36 åtgärder
1319 1256 56 30 för
1391 1255 242 37 genomföran-

130 1313 41 29 de
190 1322 41 20 av
248 1321 42 21 en
308 1310 298 38 importreglering
623 1309 221 31 beträffande
861 1309 111 30 frukt-
990 1309 66 29 och
1075 1307 375 36 trädgårdsprodukter
1467 1309 49 27 att
1535 1306 100 30 träda

129 1363 11 30 i
167 1362 218 36 tillämpning
409 1361 37 31 så
471 1364 95 27 snart
592 1371 42 20 en
659 1359 308 37 riksorganisation
994 1359 45 36 på
1063 1357 368 37 trädgårdsnäringens
1455 1356 143 31 område
1626 1356 9 29 i

130 1414 66 29 den
219 1413 210 35 omfattning
453 1412 122 36 Kungl.
599 1411 102 36 Maj:t
722 1411 177 35 föreslagit
919 1411 160 29 kommer
1099 1409 51 30 till
1173 1408 115 35 stånd;

175 1463 71 31 dels
273 1463 64 30 ock
361 1464 64 29 hos
451 1463 122 35 Kungl.
600 1461 101 36 Maj:t
725 1460 141 32 anhålla
891 1470 58 20 om
975 1459 273 37 genomförande
1272 1468 42 21 av
1338 1457 298 37 importreglering

130 1514 222 31 beträffande
378 1513 267 30 blomsterlökar
669 1512 65 30 och
760 1511 165 30 liknande
950 1510 180 30 växtdelar
1154 1510 10 29 i
1189 1508 342 31 överensstämmelse
1558 1508 79 29 med

132 1565 67 30 vad
224 1564 110 30 frukt-
362 1565 66 29 och
451 1562 412 37 trädgårdsutredningen
887 1560 214 31 härutinnan
1127 1559 186 36 föreslagit,
1338 1562 48 27 att
1411 1559 99 30 träda
1536 1558 10 30 i
1572 1558 64 30 till-

132 1615 181 36 lämpning
335 1615 66 30 den
426 1615 13 28 1
463 1613 140 37 januari
629 1613 83 30 1939
735 1613 81 29 eller
837 1613 66 29 den
925 1611 145 36 tidigare
1092 1610 174 36 tidpunkt,
1291 1619 74 21 som
1389 1610 122 35 Kungl.
1536 1608 102 36 Maj:t

132 1667 70 30 kan
224 1666 99 30 finna
343 1665 156 36 lämplig;

177 1719 90 28 samt
295 1719 49 28 att
375 1715 175 36 samtidigt
578 1715 80 29 med
687 1714 113 30 denna
829 1712 315 38 importreglerings
1173 1711 272 36 genomförande
1473 1710 165 37 upphäva

133 1777 47 21 nu
205 1767 159 36 gällande
386 1767 63 29 tull
471 1765 20 31 å
511 1765 280 35 blomsterlökar;

181 1818 30 38 7)
238 1818 43 29 II:
298 1818 64 29 494
382 1826 42 21 av
444 1817 81 30 herr
544 1816 108 30 andre
671 1815 72 30 vice
762 1815 202 30 talmannen
984 1814 212 36 Magnusson
1217 1822 44 20 m.
1283 1812 49 37 fl.,
1353 1812 72 30 vari
1446 1812 193 30 hemställts

132 1887 45 4 —
196 1868 101 31 såvitt
316 1878 47 19 nu
383 1868 39 29 är
440 1867 11 30 i
470 1866 98 36 fråga
586 1883 45 4 —

179 1919 28 38 1)
238 1921 48 27 att
309 1918 10 29 i
342 1917 148 36 enlighet
512 1917 80 29 med
616 1914 427 37 trädgårdsutredningens
1068 1913 128 35 förslag
1219 1913 218 30 tullsatserna
1461 1913 100 36 höjas
1586 1912 50 30 till

135 1968 154 37 följande
312 1968 139 35 belopp:

581 2017 212 39 Grundtull
1133 2019 258 30 Tilläggstull

128 2065 110 30 Andra
266 2063 137 31 levande
430 2066 104 27 rötter

171 2124 40 20 av
257 2115 276 29 blomsterväxter

171 2167 39 27 än
249 2164 283 39 liljekonvaljeröt-

169 2210 50 26 ÖT
249 2204 69 44 3gnanr
333 2230 193 7 area
580 2207 14 28 7
621 2207 53 27 öre
698 2214 38 28 pr
759 2205 41 37 kg
831 2199 13 47 —
867 2203 38 29 183
930 2205 53 27 öre
1007 2212 38 29 pr
1068 2203 42 38 kg

130 2257 174 29 Orchidéer
333 2281 193 6 ..........
559 2255 37 30 15
621 2256 46 28 kr.
713 2267 11 14 >
769 2267 10 13 >
870 2253 35 30 lö
923 2254 46 28 kr.
1023 2266 11 13 >
1080 2265 11 13 >

130 2302 119 42 Övriga
268 2306 44 29 till
330 2308 75 27 stat.
421 2306 37 29 89
476 2306 54 28 hö-

172 2356 99 29 rande
295 2356 162 29 blommor
473 2355 60 29 och

172 2408 179 29 blomdelar
375 2431 152 7 .;::«
452 2404 36 43 ss:
495 2404 36 43 ss
579 2406 186 29 oförändrat

578 2457 17 28 5
621 2457 44 27 kr.
692 2465 37 29 pr
753 2456 41 36 kg
886 2455 17 28 5
942 2468 6 5 »
990 2464 36 28 pr
1050 2455 41 36 kg
1115 2454 36 29 fr.
1173 2464 27 23 o.
1225 2463 41 19 m.
1291 2451 50 42 2/;
1367 2456 19 26 t.
1410 2462 26 19 o.
1466 2462 40 19 m.
1532 2449 60 42 2/4

131 2508 256 30 Blomsterlökar
420 2532 109 5 ......
887 2505 75 37 reg].
988 2505 121 37 import
