1918 2830
306 158 37 29 14
441 162 235 30 Sammansatt
698 162 216 37 bevillnings-
937 163 64 30 och
1022 163 340 36 jordbruksutskotts
1387 163 176 31 utlåtande
1584 165 48 29 Nr
1655 166 28 29 2.

517 282 1 7 |
1031 281 1 30 |
1088 278 43 22 Nu
1151 278 124 28 gällande
1293 276 71 25 tull!
1420 273 1 34 |
1511 279 189 28 Utredningen
1712 277 8 14 !

356 310 68 23 Stat.
444 317 31 16 nr
651 311 250 28 Varuslag
1209 320 87 14 re

306 344 2 31 |
1031 368 1 4 |
1048 345 140 54 grundtull
1209 349 2 41 |
1274 345 86 23 T-tull
1437 346 140 28 grundtull
1664 346 86 23 T-tull

306 377 2 14 I

306 400 1 23 |

306 426 1 36 |
542 436 78 29 Lök.
1210 404 121 114 förr
1349 433 73 47 lyd.!

1235 496 38 20 av
1315 488 67 29 109:
1400 473 22 43 1)

397 534 67 31 109:
481 540 11 24 1
584 536 103 29 under
713 536 85 29 tiden
823 534 195 42 2Y/,—3/;...
1064 530 17 51 =
1101 538 80 27 5:—
1219 521 17 71 å
1248 538 102 29 under
1376 529 46 38 ti-

1234 588 60 29 den
1336 586 78 42 Y/,—

1294 636 64 37 31/,.»

397 686 97 30 109:2
583 688 103 29 under
710 697 104 20 annan
839 688 48 29 tid
910 714 109 5 ......
1079 690 49 28 20:
1154 707 28 2 —
1420 684 1 44 |

1243 736 36 20 15/
1367 735 54 21 Jodl
1630 737 35 20 15/
1689 757 16 3 —
1752 736 6 24 31/

304 763 1 24 |
1030 763 1 3 I
1269 759 24 19 !3
1375 760 10 15 9
1655 759 24 19 /3
1748 759 35 19 110

304 804 1 14 |
438 787 57 29 112
518 816 1 3 |
542 789 129 29 GurkOr
702 814 316 6 sossssssesssss
989 783 33 48 es
1079 789 103 30 20:—
1208 807 1 20 >
1270 790 48 29 30:
1333 807 40 4 —
1489 791 49 29 20:
1556 810 34 2 —
1680 789 49 29 40:
1744 807 39 3 —

1242 842 21 18 1/
1289 859 15 2 —
1323 838 36 20 30/
1633 837 23 25 1/
1714 837 35 20 15/

1270 866 9 9 5
1349 860 35 20 '11
1646 860 24 20 /5
1753 859 22 16 12

303 899 2 26 |
440 889 56 29 113
533 890 156 29 Tomater
722 915 296 6 ...............
1080 891 47 28 15:
1141 908 41 3 —
1270 891 47 29 30:
1332 908 41 3 —
1491 892 46 29 15:
1554 908 37 3 —
1679 891 50 29 45:
1744 908 37 2 —

344 982 7 13 1
372 983 46 22 Kr.
437 989 32 23 pr
488 980 47 26 100
552 983 43 29 kg.

349 1102 389 38 Departementschefen
758 1103 64 30 har
841 1103 10 30 i
871 1104 113 30 denna
1004 1104 53 30 del
1078 1104 116 30 anfört
1214 1104 169 36 följande:

353 1163 11 14 »
371 1153 78 29 Med
466 1153 136 35 hänsyn
619 1153 51 30 till
688 1154 65 29 vad
771 1163 74 20 som
865 1154 11 29 i
893 1154 93 30 olika
1002 1154 222 30 hänseenden
1242 1154 241 30 framkommit
1502 1154 57 30 vid
1578 1155 41 29 de
1638 1164 42 20 av
1699 1154 109 30 frukt-

304 1203 65 30 och
386 1202 410 37 trädgårdsutredningen
812 1204 210 31 verkställda
1037 1203 349 36 undersökningarna
1401 1204 148 30 rörande
1565 1204 243 36 produktions-

304 1254 65 30 och
395 1253 482 37 avsättningsförhållandena
904 1255 93 29 inom
1022 1253 351 38 trädgårdsnäringen
1398 1255 98 30 torde
1523 1255 56 30 det
1604 1264 84 21 vara
1715 1255 92 29 tvek-

304 1307 99 33 samt,
424 1304 172 31 huruvida
616 1314 42 20 en
681 1304 236 37 förstärkning
936 1313 43 21 av
1000 1305 212 37 tullskyddet
1233 1305 9 30 i
1261 1305 203 30 nuvarande
1487 1306 74 35 läge
1581 1305 111 30 skulle
1711 1304 97 37 tjäna

304 1355 104 36 syftet
433 1358 48 27 att
503 1354 243 31 åstadkomma
769 1364 42 21 en
838 1355 194 30 förbättrad
1055 1355 195 30 lönsamhet
1274 1354 55 31 för
1353 1355 167 36 näringen
1544 1355 11 30 i
1582 1355 76 30 dess
1683 1356 124 29 helhet.

304 1405 50 30 De
381 1409 94 27 snart
502 1408 74 33 sagt
605 1405 235 36 obegränsade
868 1405 170 37 naturliga
1065 1403 492 39 utvecklingsmöjligheterna,
1586 1406 67 30 den
1682 1405 125 36 jämfö-

303 1455 138 31 relsevis
472 1458 90 28 stora
592 1456 180 35 snabbhet,
804 1456 142 30 varmed
976 1454 344 37 trädgårdsodlingen
1353 1456 70 30 kan
1452 1464 166 28 anpassas
1647 1456 87 30 efter
1761 1458 46 27 ett

303 1507 83 29 ökat
412 1506 186 36 tullskydd,
627 1509 89 27 samt
743 1506 165 30 lättheten
935 1509 48 28 att
1010 1506 152 30 etablera
1187 1506 51 37 sig
1262 1515 75 21 som
1363 1505 227 38 självständig
1616 1506 192 36 företagare

303 1557 97 30 inom
421 1557 97 37 yrket
537 1556 109 32 måste
666 1557 10 30 i
697 1557 64 30 och
783 1556 55 30 för
858 1557 49 36 sig
927 1565 98 23 anses
1044 1557 134 36 ägnade
1197 1560 49 28 att
1266 1557 76 37 inge
1364 1557 111 36 dylikt
1494 1556 113 31 tvivel.
1631 1556 64 31 Det
1714 1557 63 29 bör
1797 1556 10 29 i

304 1608 93 30 detta
415 1607 255 37 sammanhang
687 1607 338 36 uppmärksammas,
1048 1610 49 28 att
1115 1607 228 36 utredningen
1364 1606 114 31 såsom
1497 1616 44 21 en
1560 1607 167 36 väsentlig
1749 1615 57 21 an-

304 1658 140 36 ledning
465 1658 50 30 till
540 1658 205 36 uppkomna
770 1657 209 37 svårigheter
1004 1658 96 30 inom
1123 1657 168 36 näringen
1315 1656 193 31 framhållit
1531 1667 42 21 en
1598 1657 136 36 stegrad
1758 1657 48 30 in-

303 1709 124 30 bördes
458 1708 220 30 konkurrens
706 1708 127 30 mellan
861 1708 154 36 odlarna,
1045 1708 115 30 vilken
1191 1708 10 30 i
1230 1708 110 30 första
1368 1708 96 30 hand
1492 1706 72 38 gått
1591 1712 38 26 ut
1658 1709 81 28 över
1766 1707 41 30 de

304 1759 135 30 mindre
465 1759 231 36 företagarna.
749 1758 57 31 Ett
834 1759 82 30 ökat
942 1758 177 39 tullskydd
1148 1758 110 31 skulle
1286 1758 152 36 tydligen
1466 1758 112 30 under
1605 1758 202 30 nuvarande

303 1808 242 32 förhållanden
568 1809 77 31 icke
669 1808 243 32 åstadkomma
936 1807 112 38 någon
1074 1808 204 37 förändring
1300 1809 10 29 i
1334 1808 93 31 detta
1450 1808 179 30 avseende.
1675 1807 131 31 Beträf-

304 1860 105 30 fande
431 1860 86 30 flera
538 1869 43 21 av
602 1860 42 30 de
667 1859 198 37 produkter,
887 1859 55 30 för
961 1858 94 31 vilka
1075 1868 43 21 en
1141 1857 145 38 höjning
1304 1867 45 21 av
1369 1859 212 36 tullskyddet
1602 1858 203 36 föreslagits,

302 1910 65 30 har
392 1909 227 37 utredningen
645 1908 170 37 därjämte
840 1911 112 29 ansett
980 1909 50 37 sig
1054 1909 121 31 kunna
1200 1909 209 36 konstatera,
1437 1911 49 29 att
1512 1908 294 37 överproduktion

302 1961 192 36 föreligger.
542 1960 50 30 Av
622 1960 194 38 betydande
845 1959 73 31 vikt
948 1959 55 31 för
1028 1959 142 37 frågans
1196 1960 91 30 rätta
1313 1959 218 30 bedömande
1558 1959 60 30 äro
1649 1960 86 29 även
1764 1959 42 30 de

301 2011 192 30 olikartade
514 2010 444 38 produktionsbetingelser,
979 2009 111 31 under
1112 2010 94 30 vilka
1227 2008 345 38 trädgårdsodlingen
1594 2009 96 30 inom
1714 2009 92 30 olika

302 2062 95 30 delar
423 2071 43 21 av
491 2061 75 31 vårt
592 2062 84 30 land
701 2060 165 31 bedrives.
917 2060 74 31 Vad
1017 2059 229 37 utredningen
1272 2059 118 31 anfört
1417 2060 79 30 med
1524 2060 170 30 avseende
1721 2058 85 31 härå

302 2122 101 21 anser
426 2112 57 37 jag
506 2112 70 37 mig
600 2112 86 30 böra
710 2111 240 37 understryka.
999 2110 64 31 Det
1088 2111 98 30 torde
1213 2119 82 22 vara
1320 2110 100 36 klart,
1448 2112 49 29 att
1523 2110 41 30 de
1590 2113 93 27 stora
1710 2108 94 38 skilj-

300 2163 193 36 aktigheter
517 2163 10 29 i
552 2161 99 37 fråga
679 2171 56 21 om
761 2160 163 37 jordmån
948 2161 65 30 och
1037 2161 132 36 klimat,
1196 2170 73 20 som
1296 2160 194 31 förefinnas
1514 2160 140 31 särskilt
1678 2160 127 30 mellan

302 2214 104 30 södra
435 2213 64 30 och
526 2213 175 30 mellersta
731 2211 145 37 Sverige,
906 2210 109 32 måste
1044 2212 83 36 göra
1158 2211 56 30 det
1241 2210 173 37 vanskligt
1444 2213 49 28 att
1523 2213 84 28 utan
1638 2210 167 30 effektiva

301 2264 165 30 anstalter
490 2272 42 21 av
557 2261 270 38 organisatorisk
853 2265 53 28 art
929 2261 151 37 tillgripa
1104 2260 224 36 tullåtgärder
1352 2260 115 31 såsom
1493 2261 111 30 medel
1630 2260 54 30 för
1708 2259 96 32 ernå-

301 2314 88 31 ende
422 2323 44 21 av
503 2323 41 20 en
583 2313 92 30 ökad
711 2311 220 32 räntabilitet.
980 2311 67 31 För
1085 2315 49 28 att
1160 2311 118 39 dylika
1304 2310 161 37 åtgärder
1490 2311 97 30 skola
1614 2310 37 31 få
1676 2310 128 31 avsedd

301 2365 130 30 verkan
460 2372 99 29 synes
590 2364 56 31 det
672 2364 106 30 bland
806 2364 107 29 annat
940 2362 211 36 nödvändigt
1178 2364 49 28 att
1255 2361 66 30 den
1349 2361 209 31 ohämmade
1585 2361 65 30 och
1679 2361 8 30 i
1715 2360 90 31 vissa

302 2415 61 30 fall
390 2414 133 31 osunda
549 2414 228 35 konkurrens,
806 2422 74 21 som
907 2412 105 36 enligt
1037 2413 67 30 vad
1133 2412 94 30 förut
1254 2411 133 31 anförts
1416 2410 101 31 råder
1542 2412 129 29 mellan
1698 2412 107 29 större

301 2465 66 30 och
407 2465 134 30 mindre
581 2465 118 29 odlare
737 2466 88 28 samt
863 2463 127 30 mellan
1028 2463 117 30 odlare
1184 2462 93 30 inom
1304 2461 113 31 skilda
1446 2461 207 36 landsdelar,
1681 2461 10 30 i
1718 2459 85 37 möj-
