2192 2622
398 142 40 31 28
855 140 250 32 Statsutskottets
1129 139 164 32 utlåtande
1319 139 50 31 Nr
1392 140 73 31 213.

484 216 100 42 Över
611 221 76 35 alla
715 233 47 23 av
789 220 187 46 styrelsen
1004 220 12 35 i
1036 219 267 37 ovannämnda
1323 219 241 37 hänseenden
1585 217 221 37 meddelade
1825 218 129 36 beslut

354 273 100 37 skall
481 272 249 48 förteckning
756 272 102 37 föras
886 272 70 36 hos
983 271 196 47 styrelsen.

484 325 79 36 Gift
600 325 146 36 kvinna
786 327 62 33 må
875 324 64 36 till
967 324 192 36 ordinarie
1186 323 224 47 befattning
1438 322 199 37 befordras
1665 321 162 36 allenast
1856 322 99 35 efter

355 390 45 23 av
427 377 141 46 Kungl.
595 376 111 48 Maj:t
724 379 49 44 på
792 376 288 46 framställning
1099 376 13 35 i
1130 375 107 47 varje
1256 375 158 36 särskilt
1432 375 68 36 fall
1518 375 150 36 lämnat
1688 373 252 47 medgivande

352 430 79 35 Där
458 429 178 47 kvinnlig
663 428 234 37 innehavare
927 441 48 23 av
1002 428 193 35 ordinarie
1224 427 221 46 befattning
1472 428 112 45 ingår
1604 425 227 47 äktenskap,
1854 425 98 35 skall

353 481 79 37 hon
463 481 86 36 icke
581 493 93 23 vara
702 481 153 46 skyldig
883 483 60 33 att
972 493 45 22 av
1046 480 118 35 sådan
1194 479 210 46 anledning
1431 482 98 43 avgå
1556 479 87 35 från
1671 477 282 46 befattningen,

354 534 130 36 därest
525 533 85 36 icke
648 532 373 47 järnvägsstyrelsen
1061 532 87 35 med
1185 531 147 46 hänsyn
1361 530 62 36 till
1450 530 289 46 befattningens
1767 528 188 47 behöriga

355 585 345 47 upprätthållande
727 584 122 37 finner
877 585 66 35 det
971 583 148 48 nödigt.

486 638 73 45 3:0)
602 637 192 46 Avlöning
834 639 64 33 må
934 635 33 47 ej
997 638 95 44 utgå
1119 635 62 36 till
1208 634 235 47 tjänsteman
1471 633 59 37 för
1558 633 70 46 tid,
1659 633 191 36 varunder
1877 633 77 35 han

354 689 163 36 avhållit
557 690 58 46 sig
649 688 85 37 från
761 688 264 48 tjänstgöring
1053 691 96 32 utan
1178 690 59 33 att
1264 687 100 35 hava
1393 686 12 35 i
1432 686 245 46 vederbörlig
1705 685 164 46 ordning
1898 697 57 22 er-

354 741 114 37 hållit
495 741 295 47 tjänstledighet
818 741 93 35 eller
939 740 151 36 kunnat
1118 739 134 47 styrka
1278 738 137 48 giltigt
1441 737 139 36 förfall.

484 793 136 36 Därest
660 793 235 47 tjänsteman
934 793 136 35 varder
1098 791 189 47 avstängd
1313 790 87 36 från
1429 790 262 47 tjänstgöring
1719 789 91 35 eller
1837 792 119 44 tagen

354 847 13 34 i
403 845 132 46 häkte,
565 845 100 36 skall
692 846 75 35 den
795 845 61 35 del
884 857 47 23 av
960 844 96 36 hans
1084 844 193 45 avlöning,
1308 855 80 23 som
1417 842 85 35 icke
1531 854 47 23 av
1606 841 183 46 styrelsen
1817 845 140 42 prövas

354 899 94 35 böra
489 897 196 36 användas
712 897 62 36 till
800 896 291 47 befattningens
1119 895 296 47 uppehållande,
1446 894 121 35 under
1594 894 108 35 tiden
1729 892 226 45 innehållas,

353 950 132 35 såvida
514 949 33 47 ej
578 949 186 47 styrelsen
792 949 123 35 finner
943 948 144 46 skäligt
1114 948 82 35 låta
1223 947 144 35 honom
1395 947 175 45 uppbära
1599 948 122 44 något
1748 945 128 36 därav.

1119 1088 19 45 $
1156 1088 44 45 8.

487 1196 70 35 Vid
601 1198 151 43 avgång
792 1193 85 36 från
915 1195 147 34 statens
1086 1191 228 47 järnvägars
1342 1190 122 46 tjänst
1492 1189 61 35 till
1582 1187 94 47 följd
1706 1200 46 23 av
1780 1187 176 36 avskeds-

356 1248 179 47 tagande,
578 1246 272 46 entledigande
892 1245 95 36 eller
1027 1243 164 36 dödsfall
1231 1245 117 44 utgår
1385 1242 61 35 till
1474 1240 344 48 generaldirektör,
1849 1243 108 32 över-

355 1299 176 36 direktör
560 1299 72 36 och
661 1296 269 48 överingenjör
959 1296 160 36 arvodet
1147 1297 99 33 samt
1274 1293 61 36 till
1362 1306 128 23 annan
1508 1292 236 47 tjänsteman
1762 1292 115 35 lönen
1896 1290 61 36 till

356 1352 208 36 månadens
605 1351 88 35 slut.
749 1347 511 49 Tjänstgöringspenningar
1295 1348 95 44 utgå
1418 1345 135 36 endast
1580 1344 62 36 till
1672 1344 70 35 och
1771 1343 85 36 med
1885 1343 73 36 den

356 1405 86 45 dag,
472 1406 201 44 avgången
703 1401 96 37 sker.

486 1455 157 36 Avlider
669 1454 234 46 tjänsteman
923 1453 13 35 i
956 1451 93 47 följd
1071 1464 45 23 av
1137 1451 313 47 olyckshändelse
1472 1451 120 35 under
1611 1449 347 47 tjänsteutövning,

357 1511 61 32 må
460 1510 58 33 ett
558 1506 153 46 belopp,
750 1504 270 36 motsvarande
1049 1515 45 23 en
1122 1503 159 35 månads
1309 1502 194 46 avlöning,
1533 1504 124 33 såsom
1685 1500 275 47 begravnings-

355 1559 107 47 hjälp
490 1558 168 36 tilldelas
687 1557 231 36 stärbhuset.

1112 1677 19 46 8
1169 1679 33 34 9.

484 1785 71 44 1:o)
599 1785 213 34 Förmånen
853 1795 45 23 av
936 1783 50 34 fri
1019 1782 136 35 bostad
1184 1782 59 35 uti
1266 1781 234 46 järnvägens
1529 1791 99 34 egna
1657 1779 92 35 eller
1775 1777 185 47 förhyrda

358 1837 225 48 lägenheter
625 1838 73 42 må,
741 1836 69 35 där
851 1834 187 46 styrelsen
1078 1833 123 36 finner
1237 1832 138 37 sådant
1403 1844 91 23 vara
1522 1830 61 36 för
1606 1829 353 48 järnvägstrafiken

357 1889 212 46 behövligt,
598 1888 219 35 tillkomma
845 1886 75 36 dels
946 1884 194 48 byråchef,
1169 1884 118 37 förste
1312 1883 283 47 byrådirektör,
1619 1881 340 48 expeditionsföre-

358 1941 191 45 ståndare,
584 1940 117 36 förste
737 1939 261 36 vaktmästare
1033 1937 71 36 och
1137 1937 262 35 vaktmästare
1428 1936 13 34 i
1469 1935 196 46 styrelsen,
1696 1934 73 36 dels
1788 1933 170 47 följande

359 1993 231 47 tjänstemän
613 2004 46 23 av
677 1992 105 47 högre
798 1990 92 48 grad
909 1990 65 35 vid
994 1989 208 36 distrikten
1222 1989 71 35 och
1308 1987 423 44 huvudverkstäderna,
1747 1986 213 46 nämligen:

359 2043 275 46 distriktschef,
677 2045 105 44 ban-,
819 2042 168 36 maskin-
1022 2041 70 36 och
1121 2040 309 44 trafikdirektör,
1459 2039 365 44 förrådsintendent,
1854 2038 107 45 ban-,

359 2097 180 44 maskin-,
556 2095 181 47 telegraf-
758 2095 71 36 och
851 2093 313 48 signalingenjör,
1185 2092 334 47 trafikinspektör,
1541 2090 303 47 överinspektor,
1865 2090 96 35 ban-

361 2149 213 47 inspektor,
595 2146 368 47 maskininspektor,
982 2144 339 47 elekt:oingenjör,
1337 2143 289 48 byråassistent,
1643 2141 319 47 stationsinspek-

363 2205 74 42 tor,
459 2200 337 46 underinspektor,
826 2197 509 48 expeditionsföreståndare
1364 2196 60 36 för
1453 2194 363 48 biljettexpedition,
1841 2193 120 36 förste

362 2252 339 37 stalionsskrivare
722 2254 22 32 å
762 2251 146 37 station
938 2262 46 23 av
1010 2252 60 33 2:a
1089 2249 93 36 eller
1204 2251 55 34 3:e
1279 2248 103 36 klass
1403 2253 178 41 ävensom
1602 2246 107 46 dylik
1728 2245 233 47 tjänsteman
