2218 2624
194 794 145 28 Utskottets

192 830 137 34 yttrande.

380 176 20 34 8
853 174 279 37 Statsutskotttets
1154 174 174 37 utlåtande
1351 180 52 31 Nr
1424 176 76 35 213.

487 264 50 32 att
563 260 237 36 banmästare
828 272 45 24 av
907 263 57 32 1:a
992 260 101 36 klass
1123 260 205 48 uppflyttas
1362 260 14 35 i
1411 273 139 24 samma
1578 273 121 37 grupp
1728 274 76 25 som
1826 258 161 41 lokomö-

381 313 192 45 tivförare;
604 317 96 32 samt
729 313 177 47 slutligen

487 371 50 32 att
577 367 236 36 banmästare
855 379 46 24 av
946 370 58 32 2:a
1046 367 102 36 klass
1182 368 204 47 uppflyttas
1415 367 13 35 i
1457 380 145 24 samma
1631 380 121 36 grupp
1783 381 78 24 som
1891 370 94 35 träd-

381 421 283 45 gårdsmästare,
714 421 13 35 i
774 420 178 36 samband
1008 421 151 36 varmed
1217 421 106 36 :dessa
1380 421 388 48 befattningshavare,
1826 422 157 37 förutom

380 473 211 48 befattning
634 486 77 24 som
754 477 186 33 närmaste
984 480 84 29 män
1110 474 57 35 till
1211 474 336 45 överbanmästare,
1593 481 99 31 även
1734 476 12 35 i
1787 475 101 36 vissa
1916 476 66 35 fall

381 528 128 35 kunna
542 528 193 36 förordnas
765 529 118 34 såsom
913 527 254 36 föreståndare
1196 527 55 36 för
1279 527 99 37 vissa
1406 528 207 47 lindrigare
1644 529 338 37 banmästaravdel-

380 581 144 47 ningar.

485 634 240 37 Beträffande
754 636 71 36 vad
854 635 272 36 motionärerna
1155 635 121 36 anfört
1303 634 58 37 till
1390 636 83 35 stöd
1501 635 55 36 för
1586 636 46 35 de
1662 648 45 24 av
1738 636 80 35 dem
1845 635 131 49 gjorda

380 688 366 48 framställningarna
774 689 56 36 får
858 689 182 36 utskottet
1068 689 156 36 hänvisa
1253 689 57 36 till
1340 689 240 36 motionerna.

486 797 56 34 Då
584 796 184 36 utskottet
800 796 56 36 till
885 796 229 47 behandling
1143 796 191 47 samtidigt
1363 797 84 35 med
1474 796 244 37 förevarande
1749 797 229 47 proposition

379 849 192 47 angående
614 849 165 48 tillfällig
820 850 274 46 lönereglering
1137 850 62 36 vid
1235 853 141 33 statens
1401 849 202 49 järnvägar
1631 850 175 48 upptagit
1833 851 141 47 Kungl.

376 903 127 48 Maj:ts
547 903 272 47 propositioner
855 916 45 23 nr
945 906 85 41 382,
1078 906 73 33 383
1189 904 68 35 och
1287 906 76 33 384
1394 915 83 35 ang.
1508 904 166 47 tillfällig
1702 904 274 47 lönereglering

375 956 57 35 för
463 956 226 49 tjänstemän
719 957 83 36 vid
810 957 226 47 postverket,
1065 957 292 60 telegrafverket
1385 958 69 35 och
1483 960 141 33 statens
1655 958 317 44 vattenfallsverk,

376 1010 67 35 har
484 1009 184 37 utskottet
711 1011 90 35 först
843 1011 99 36 velat
983 1014 98 45 yttra
1122 1011 58 46 sig
1208 1011 195 46 angående
1431 1010 98 38 vissa
1558 1011 56 36 för
1643 1007 171 78 samtliga
1843 1011 130 47 ifråga-

377 1064 161 35 varande
566 1064 341 47 löneregleringar
911 1076 274 35 gemensamma
1213 1064 134 47 frågor.

483 1117 191 36 Utskottet
715 1118 68 35 har
823 1117 83 36 icke
949 1118 144 36 kunnat
1134 1118 126 47 undgå
1302 1121 55 33 att
1384 1118 94 48 hysa
1507 1130 46 24 en
1582 1118 76 37 viss
1687 1118 285 37 betänksamhet

376 1174 75 32 mot
493 1174 54 33 att
585 1172 121 35 under
749 1172 216 36 nuvarande
1007 1172 258 36 förhållanden
1307 1171 188 48 tillstyrka
1530 1172 291 46 genomförande
1851 1184 46 24 av
1926 1185 46 22 en

373 1224 275 47 lönereglering
681 1225 56 35 för
762 1227 71 34 den
862 1228 98 33 stora
990 1226 221 46 personalen
1240 1225 62 36 vid
1331 1228 140 33 statens
1500 1225 56 35 till
1586 1225 386 48 civildepartementet

372 1278 165 35 hörande
579 1279 293 36 affärsdrivande
915 1279 101 36 verk.
1074 1279 89 35 Med
1196 1279 147 47 hänsyn
1370 1278 59 36 till
1457 1279 280 46 svårigheterna
1764 1279 56 35 för
1848 1279 122 36 affärs-

373 1332 140 35 verken.
556 1335 53 33 att
651 1334 47 45 på
737 1336 53 32 ett
817 1332 343 36 tillfredsställande
1190 1335 74 33 sätt
1290 1331 92 48 fylla
1410 1331 65 37 sitt
1502 1332 295 47 personalbehov
1825 1333 68 35 och
1924 1334 44 34 då

374 1386 62 34 det
478 1386 301 46 huvudsakligen
822 1387 116 45 gäller
981 1390 53 31 att
1075 1385 210 47 uppbringa
1324 1386 322 36 löneförmånerna
1682 1386 58 35 till
1769 1387 71 34 den
1870 1387 98 43 nivå,

373 1451 77 23 som
492 1439 173 47 betingas
708 1452 45 24 av
796 1439 293 47 prisstegringen
1123 1439 83 35 från
1234 1439 105 35 tiden
1367 1439 56 35 för
1452 1439 45 35 de
1525 1440 217 35 nuvarande
1771 1440 201 46 löneregle-

372 1492 195 47 ringarnas
611 1493 289 46 genomförande
943 1493 57 34 till
1042 1492 104 35 tiden
1174 1496 164 31 närmast
1366 1492 78 35 före
1472 1492 287 47 krigsutbrottet
1787 1497 95 31 samt
1911 1494 63 35 det

373 1558 51 23 nu
468 1546 131 35 endast
641 1551 41 30 är
723 1546 104 46 fråga
869 1558 57 23 om
972 1558 46 23 en
1052 1545 227 47 provisorisk
1311 1545 199 47 reglering,
1541 1558 76 23 som
1649 1546 32 48 ej
1713 1546 56 35 får
1797 1546 176 36 tillmätas

373 1599 307 48 prejudicerande
723 1599 180 36 innebörd
931 1599 10 35 i
974 1599 183 36 avseende
1188 1601 19 33 å
1236 1598 369 47 befattningshavare
1634 1599 13 35 i
1677 1603 140 32 statens
1848 1600 89 36 verk
1963 1601 10 34 i

374 1654 213 43 allmänhet,
631 1653 69 35 har
741 1652 183 37 utskottet
960 1653 116 35 likväl
1119 1652 125 36 funnit
1288 1652 57 47 sig
1379 1652 87 36 böra
1497 1652 200 48 tillstyrka,
1730 1656 52 33 att
1812 1653 162 47 tillfällig

372 1706 276 47 lönereglering
676 1707 56 35 för
761 1706 251 37 affärsverken
1040 1719 52 22 nu
1121 1706 244 47 genomföres.

479 1760 421 47 Departementschefen
942 1760 67 35 har
1036 1759 13 36 i
1077 1760 150 36 korthet
1269 1759 141 36 vidrört
1438 1759 130 47 frågan
1598 1772 57 24 om
1686 1760 287 48 tjänstekatego-

371 1813 141 36 riernas
540 1813 179 47 lämpliga
748 1813 189 47 placering
967 1816 19 32 å
1015 1813 219 36 löneskalan
1263 1816 94 32 samt
1386 1813 130 36 härvid
1541 1814 136 35 uttalat
1706 1813 111 36 bland
1846 1818 125 37 annat,

372 1870 54 33 att
472 1867 122 35 denna
640 1866 105 47 fråga
787 1870 145 33 snarast
977 1866 66 36 bör
1084 1866 248 36 underkastas
1373 1867 157 47 förnyad
1558 1867 213 46 utredning.
1827 1868 146 35 Jämväl

374 1920 261 36 motionsledes
678 1921 68 34 har
785 1921 101 35 detta
915 1922 179 45 spörsmål
1123 1920 109 36 blivit
1259 1920 109 46 bragt
1397 1922 46 45 på
1471 1920 62 45 tal.
1591 1916 112 41 Även
1731 1933 57 23 om
1819 1921 45 35 de
1893 1921 79 35 här-

372 1974 157 35 utinnan
558 1974 230 36 framställda
816 1974 188 46 förslagen
1032 1974 12 35 i
1074 1974 75 36 viss
1179 1976 85 33 mån
1293 1976 105 45 synts
1427 1973 182 36 utskottet
1638 1980 71 41 äga
1737 1975 62 46 fog
1827 1974 56 35 för
1903 1975 67 46 sig,

372 2028 68 34 har
468 2027 96 36 dock
592 2027 185 36 utskottet
803 2027 84 36 icke
917 2028 145 35 kunnat
1090 2027 146 36 biträda
1265 2027 199 44 desamma,
1487 2033 88 30 enär
1604 2028 72 35 den
1696 2028 84 35 kort
1798 2027 175 36 tillmätta

371 2082 105 35 tiden
517 2081 56 35 för
601 2081 278 47 behandlingen
909 2094 46 23 av
979 2081 320 47 propositionerna
1327 2080 119 47 ifråga
1470 2080 84 36 icke
1583 2081 181 47 medgivit
1792 2081 182 36 utskottet

372 2138 54 32 att
465 2140 169 30 närmare
676 2134 175 48 intränga
879 2135 13 35 i
922 2136 101 34 detta
1064 2135 221 36 invecklade
1321 2139 118 30 ämne.
1495 2135 19 34 I
1542 2134 122 36 likhet
1694 2135 82 35 med
1806 2135 166 46 departe-

372 2188 255 36 mentschefen
668 2188 122 36 finner
831 2188 206 36 emellertid
1078 2189 185 35 utskottet
1303 2187 132 47 frågan
1475 2200 88 23 vara
1591 2189 93 35 värd
1712 2200 46 23 en
1785 2187 185 47 ingående

371 2242 185 47 prövning
591 2242 63 36 vid
697 2243 72 34 den
810 2242 13 34 i
861 2242 120 47 utsikt
1022 2242 135 36 ställda
1198 2242 170 36 fortsatta
1397 2241 252 47 utredningen
1679 2241 55 36 för
1764 2241 205 36 åstadkom-
