2206 2630
719 130 248 32 Statsutskottets
992 127 162 32 utlåtande
1182 128 48 30 Nr
1253 128 72 29 213.
1760 122 33 30 17

1523 521 64 28 Bil.
1611 521 31 26 2.

946 715 237 49 Förslag

1017 805 50 32 till

360 888 146 41 förnyat
529 885 407 42 avlöningsreglemente
962 884 59 31 för
1045 882 217 42 tjänstemän
1287 881 57 32 vid
1369 880 139 32 statens
1526 879 203 40 järnvägar.

1002 997 18 45 8
1053 1000 30 32 1.

379 1090 73 45 1:0)
506 1088 73 36 Till
605 1085 385 49 generaldirektören
1011 1084 72 36 och
1103 1083 135 35 chefen
1256 1081 59 36 för
1340 1083 146 33 statens
1501 1079 212 46 järnvägar
1732 1079 115 43 utgår

246 1144 13 35 i
288 1142 118 47 årligt
434 1141 140 36 arvode
603 1141 140 45 20,000
771 1138 157 36 kronor.

375 1193 73 36 Till
489 1205 47 23 en
576 1204 70 24 var
687 1203 48 24 av
776 1191 46 35 de
860 1191 67 34 två
969 1186 363 37 överdirektörerna
1374 1184 73 36 och
1476 1181 281 45 souscheferna,
1786 1180 60 36 till

247 1245 319 48 överingenjören
612 1244 74 36 och
731 1242 135 36 chefen
906 1240 61 36 för
1008 1243 148 32 statens
1192 1235 412 50 järnvägsbyggnader
1645 1236 100 33 samt
1786 1232 61 36 till

248 1296 318 48 överingenjören
595 1295 73 36 och
696 1294 135 36 chefen
858 1292 61 36 för
946 1294 147 33 statens
1116 1290 230 47 järnvägars
1374 1286 362 37 huvudverkstäder
1754 1286 95 44 utgå

248 1350 168 36 arvoden
444 1349 87 35 med
562 1349 137 44 12,000
730 1346 157 35 kronor.

378 1400 76 45 2:0)
508 1397 342 38 Generaldirektör
876 1401 43 30 är
946 1394 226 46 berättigad
1200 1395 59 34 att
1287 1392 85 35 från
1395 1389 92 37 "och
1530 1390 87 34 med
1660 1387 190 37 månaden

248 1456 88 33 näst
376 1452 98 36 efter
513 1451 86 45 den,
642 1449 123 36 under
805 1447 131 37 vilken
977 1445 78 37 han
1095 1447 171 45 uppnått
1310 1446 44 33 65
1398 1441 214 45 levnadsår,
1642 1440 123 35 under
1792 1438 58 36 sin

249 1504 243 37 återstående
533 1502 133 36 livstid
709 1513 47 23 av
782 1498 247 38 trafikmedel
1057 1498 177 46 uppbära
1268 1508 46 24 en
1343 1494 99 47 årlig
1469 1493 162 47 pension
1660 1504 47 23 av
1737 1493 110 43 6,000

248 1558 158 35 kronor.
462 1553 352 44 Generaldirektör,
857 1564 92 33 som,
992 1551 120 34 innan
1152 1549 78 35 han
1264 1549 171 46 uppnått
1465 1548 46 33 65
1540 1544 215 44 levnadsår,
1785 1555 64 23 an-

248 1609 136 47 tingen
420 1610 51 45 på
504 1607 128 47 grund
661 1618 48 24 av
736 1604 179 47 sjukdom
943 1602 94 36 eller
1064 1601 238 47 därigenom,
1333 1602 60 33 att
1420 1599 78 35 han
1526 1597 99 35 efter
1651 1599 199 43 utgången

250 1673 47 24 av
337 1661 76 35 den
452 1659 70 46 tid,
565 1658 61 36 för
666 1657 131 36 vilken
838 1655 78 37 han
943 1654 236 44 förordnats,
1209 1652 86 36 icke
1324 1651 167 36 erhåller
1517 1649 157 46 förnyat
1701 1647 148 36 förord-

249 1713 138 45 nande,
416 1711 94 36 eller
538 1710 74 36 ock
640 1709 111 47 eljest
778 1711 96 33 utan
902 1719 97 35 egen
1027 1707 171 45 begäran
1226 1704 147 47 nödgas
1402 1704 98 45 avgå
1527 1701 87 35 från
1633 1700 58 35 sin
1710 1699 141 36 befatt-

250 1764 94 47 ning
384 1766 96 33 utan
514 1765 67 33 att
622 1764 51 45 på
713 1760 128 48 grund
881 1772 48 23 av
965 1757 199 48 tjänstefel
1191 1757 100 35 hava
1318 1754 200 37 förverkat
1546 1753 234 43 densamma,
1810 1755 43 31 är

250 1815 224 47 berättigad
514 1817 60 33 att
601 1814 14 35 i
642 1813 162 47 pension
845 1812 176 46 uppbära
1062 1812 59 33 ett
1163 1808 117 47 årligt
1317 1807 141 46 belopp
1487 1818 48 23 av
1566 1806 110 44 6,000
1706 1804 147 35 kronor

250 1868 62 36 för
337 1868 120 45 tiden,
485 1866 104 36 intill
617 1866 84 35 dess
729 1865 77 35 han
834 1865 171 45 uppnått
1035 1864 45 33 65
1111 1864 61 33 års
1200 1860 117 36 ålder.
1361 1858 129 38 Skulle
1519 1854 336 50 generaldirektör

251 1919 81 37 före
360 1922 200 44 utgången
588 1931 48 23 av
665 1918 73 35 den
766 1916 70 45 tid,
867 1914 164 37 erhållet
1058 1912 261 37 förordnande
1347 1923 120 33 avser,
1495 1909 174 36 befinnas
1695 1919 92 24 vara
1808 1918 46 23 av

251 1971 181 48 sjukdom
473 1971 226 46 oförmögen
739 1968 61 36 till
840 1967 133 36 vidare
1009 1965 181 47 nöjaktig
1223 1962 274 49 tjänstgöring,
1527 1961 100 35 skall
1656 1960 77 35 han
1760 1970 92 24 vara

253 2023 265 37 underkastad
546 2021 224 48 skyldighet
799 2021 61 34 att
887 2021 100 45 avgå
1014 2021 83 32 mot
1126 2016 231 47 åtnjutande
1385 2027 47 24 av
1459 2013 163 48 pension
1651 2011 122 46 enligt
1800 2022 53 23 nu

254 2076 167 47 angivna
460 2073 299 38 bestämmelser.
817 2071 129 36 Såsom
983 2068 308 49 pensionsavgift
1324 2067 99 37 skall
1451 2069 22 32 å
1501 2066 67 35 det
1594 2064 62 36 för
1682 2057 172 57 general-

253 2128 177 36 direktör
456 2126 202 37 bestämda
688 2124 160 36 arvodet
876 2123 93 35 eller
997 2123 73 35 den
1098 2121 144 36 honom
1265 2121 124 34 under
1406 2118 120 45 tiden,
1551 2116 105 36 intill
1675 2116 84 35 dess
1778 2114 76 35 han

254 2181 168 46 uppnått
465 2181 45 33 65
555 2180 53 44 år,
651 2175 296 38 tillkommande
992 2173 159 48 pension
1191 2172 188 47 avdragas
1407 2173 59 34 ett
1494 2169 118 46 årligt
1639 2167 141 47 belopp
1810 2178 45 22 av
