2206 2634
189 1053 179 31 OdlUlingslåne-

227 1089 104 30 fonden.

215 1517 129 24 Utskottet.

397 186 22 30 4
854 186 345 32 Jordbruksutskottets
1221 186 165 32 utlåtande
1408 186 53 31 Nr
1483 189 52 29 63.

399 269 279 49 centralpunkt,
706 270 69 36 har
803 274 98 32 även
930 275 108 43 synts
1066 270 186 36 utskottet
1281 271 59 35 för
1358 270 214 37 ändamålet
1586 269 169 50 lämplig.
1803 270 54 36 På
1874 270 124 48 grund

397 321 118 37 härav
542 322 57 36 får
626 321 198 48 utskottet,
855 322 118 36 ehuru
1001 321 187 37 utskottet
1215 321 125 37 funnit
1369 321 64 37 det
1460 335 47 23 av
1523 321 155 50 bolaget
1693 321 171 50 begärda
1879 321 120 50 priset

398 373 59 37 för
484 374 249 49 tomtplatsen
760 374 62 36 väl
849 374 107 49 högt,
986 374 211 47 hemställa,

902 482 55 31 att
985 477 207 48 riksdagen
1220 480 60 33 må
1308 477 60 36 för
1385 477 117 48 inköp
1518 490 47 23 av
1580 476 291 49 ifrågavarande
1886 480 113 32 tomt-

762 552 6 5 «
799 527 152 36 område
988 528 63 35 vid
1081 528 148 48 Hoting
1256 529 60 34 för
1343 528 238 48 uppförande
1611 541 46 22 av
1684 527 138 36 bostad
1850 530 38 33 åt
1911 527 87 48 jäg-

798 583 192 33 mästaren
1019 580 11 35 i
1066 579 112 49 Tåsjö
1207 579 101 37 revir
1336 579 59 36 för
1423 582 41 33 år
1495 580 96 36 1915
1622 578 131 37 anvisa
1784 583 53 32 ett
1865 579 134 48 anslag

797 644 48 24 av
887 633 112 47 2,500
1041 631 152 49 kronor,
1224 631 84 37 med
1338 636 75 32 rätt
1441 631 59 37 för
1527 631 143 49 Kungl.
1700 631 108 50 Maj:t
1836 635 57 32 att
1920 630 78 38 för-

799 684 183 36 skottsvis
1025 697 47 23 av
1099 683 244 50 tillgängliga
1371 684 123 37 medel
1524 683 120 37 under
1670 683 258 37 innevarande
1958 686 40 33 år

797 736 213 36 utanordna
1039 735 191 49 beloppet.

951 943 143 33 Statens
1123 943 330 41 utlåningsfonder.

501 1044 76 41 4:0)
604 1042 144 49 Kungl.
778 1041 107 49 Maj:t
913 1042 69 36 har
1009 1042 130 36 vidare
1167 1042 122 36 under
1316 1042 123 48 punkt
1468 1044 47 33 35
1537 1054 46 23 av
1605 1041 251 36 förenämnda
1870 1040 130 38 avdel-

398 1094 96 49 ning
534 1107 47 23 av
624 1094 501 49 statsverkspropositionen
1157 1093 202 49 föreslagit
1386 1093 208 48 riksdagen
1623 1098 56 32 att
1707 1094 74 35 dels
1808 1093 190 49 medgiva,

399 1151 55 32 att
481 1146 121 37 under
631 1149 40 34 år
702 1148 96 35 1915
829 1151 55 32 ett
912 1146 138 50 belopp
1083 1159 47 23 av
1161 1147 201 47 1,000,000
1389 1145 141 37 kronor
1558 1148 61 34 må
1647 1159 47 23 av
1722 1145 141 49 Kungl.
1893 1145 107 49 Maj:t

399 1199 225 48 disponeras
653 1201 127 33 såsom
808 1199 62 35 lån
899 1198 82 36 från
1012 1198 405 48 odlingslånefonden;
1448 1198 75 36 dels
1550 1199 61 35 ock
1629 1197 57 36 till
1706 1197 294 49 kapitalökning

398 1250 60 37 för
487 1250 388 48 odlingslånefonden
903 1249 60 36 för
992 1253 40 32 år
1063 1251 96 35 1915
1190 1249 132 36 anvisa
1351 1255 54 30 ett
1433 1251 136 45 anslag
1596 1262 47 22 av
1672 1250 166 45 450,000
1857 1249 143 36 kronor

399 1306 56 31 att
483 1304 91 45 utgå
602 1314 46 23 av
680 1300 223 37 lånemedel.

503 1352 266 49 Utredningen
811 1352 11 36 i
852 1351 158 37 ärendet
1048 1352 204 36 återfinnes
1280 1352 12 35 1
1320 1351 66 37 det
1414 1351 499 49 statsverkspropositionen
1941 1350 59 37 till

400 1405 102 36 förra
531 1404 207 49 riksdagen
765 1404 259 36 innevarande
1053 1406 41 33 år
1123 1403 153 49 bilagda
1305 1403 422 49 statsrådsprotokollet
1754 1403 11 36 i
1795 1407 138 32 ämnet.

503 1507 74 36 Det
605 1507 67 36 allt
700 1506 116 37 sedan
844 1505 405 50 odlingslånefondens
1290 1505 178 37 bildande
1497 1508 40 33 år
1568 1507 97 34 1883
1694 1504 173 37 lämnade
1896 1505 104 35 med-

399 1558 177 49 givande,
619 1564 55 30 att
716 1563 54 32 ett
811 1558 140 49 belopp
993 1571 47 23 av
1075 1559 202 46 1,000,000
1306 1558 143 36 kronor
1477 1557 148 49 årligen
1654 1556 102 49 finge
1784 1559 126 34 såsom
1938 1557 62 36 lån

400 1611 220 49 disponeras
649 1611 82 36 från
759 1610 152 47 fonden,
942 1623 113 35 synes
1082 1610 188 36 utskottet
1302 1610 92 36 böra
1421 1610 146 35 lämnas
1596 1614 97 31 även
1723 1610 59 35 för
1809 1609 191 36 nästkom-

400 1663 136 36 mande
565 1665 51 34 år.
675 1662 69 36 Vid
774 1662 135 36 sådant
938 1661 236 37 förhållande
1205 1661 69 37 och
1303 1661 46 37 då
1377 1661 190 36 utskottet
1594 1660 83 37 icke
1707 1661 82 36 haft
1807 1664 119 44 något
1946 1665 56 31 att

400 1714 125 36 erinra
566 1720 79 31 mot
687 1714 73 36 den
793 1726 48 23 av
869 1714 142 47 Kungl.
1041 1713 109 49 Maj:t
1177 1713 140 36 äskade
1345 1712 353 49 kapitalökningen,
1728 1712 58 36 får
1813 1712 189 36 utskottet

399 1766 211 47 hemställa,

916 1821 55 31 att
1000 1815 206 50 riksdagen
1236 1818 58 33 må

915 1868 34 49 a)
992 1868 191 49 medgiva,
1225 1872 55 32 att
1321 1867 121 36 under
1483 1870 40 33 år
1566 1868 96 35 1915
1706 1872 54 31 ett
1789 1866 137 49 belopp
1954 1879 48 23 av

816 1921 202 46 1,000,000
1039 1920 139 36 kronor
1197 1923 60 32 må
1276 1933 47 23 av
1345 1919 139 48 Kungl.
1507 1918 108 50 Maj:t
1634 1919 222 48 disponeras
1876 1922 126 33 såsom

813 1972 61 36 lån
904 1973 82 35 från
1016 1971 396 48 odlingslånefonden;

917 2023 37 49 b)
983 2024 57 35 till
1067 2023 294 49 kapitalökning
1389 2023 59 36 för
1476 2021 381 49 odlingslånefonden
1885 2022 59 36 för
1963 2024 41 33 år

818 2076 97 35 1915
959 2074 131 37 anvisa
1131 2080 55 31 ett
1226 2075 137 48 anslag
1391 2087 47 23 av
1466 2075 165 45 450,000
1659 2073 141 37 kronor
1828 2078 57 31 att
1912 2075 92 48 utgå

815 2141 45 23 av
887 2126 223 38 lånemedel.

507 2230 243 37 Beträffande
792 2235 115 32 sättet
947 2231 60 36 för
1047 2229 247 38 anskaffande
1323 2243 46 22 av
1398 2229 147 37 medlen
1575 2229 12 35 i
1615 2229 109 48 fråga
1752 2228 108 37 torde
1890 2233 114 32 stats-

404 2282 186 36 utskottet
619 2282 203 37 framdeles
850 2282 152 36 komma
1031 2288 56 30 att
1115 2282 140 48 avgiva
1283 2280 156 49 förslag.
