2208 2636
396 204 37 30 10
876 206 347 32 Jordbruksutskottets
1245 208 168 31 utlåtande
1437 208 52 30 Nr
1511 211 51 28 63.

497 288 85 37 Men
615 295 96 30 även
739 289 11 35 i
780 290 117 36 andra
925 290 105 36 delar
1058 304 47 22 av
1133 294 84 33 vårt
1245 292 88 36 land
1361 292 121 36 finnas
1503 292 216 50 betydande
1740 294 152 45 arealer,
1915 307 80 23 som

393 340 86 37 icke
523 345 100 31 ännu
667 341 108 36 blivit
816 342 225 49 uppodlade.
1096 342 88 37 Med
1226 343 148 50 hänsyn
1403 344 128 36 härtill
1559 345 121 48 gäller
1707 344 64 38 det
1799 350 55 31 att
1881 345 115 48 tillse,

393 392 185 36 huruvida
615 393 83 36 icke
739 394 227 48 ytterligare
1000 394 179 49 åtgärder
1206 395 85 36 från
1320 396 64 36 det
1412 396 209 37 allmännas
1650 397 82 36 sida
1759 397 129 37 kunna
1916 398 80 36 vid-

393 450 111 43 tagas
534 445 60 36 för
624 450 54 31 att
707 446 126 48 stödja
852 445 318 51 odlingsföretag,
1193 447 154 36 särskilt
1366 448 147 37 mindre
1533 449 153 47 sådana,
1706 449 12 36 i
1738 449 46 36 de
1804 450 192 36 mellersta

397 499 68 33 och
497 497 112 35 södra
638 497 154 36 delarna
821 511 47 22 av
898 498 139 35 landet.

495 547 17 35 I
543 547 248 37 förevarande
821 549 215 36 hänseende
1065 549 121 36 tillåta
1214 550 37 35 vi
1279 563 63 22 oss
1371 550 56 36 till
1456 563 47 23 en
1531 551 135 49 början
1694 551 124 36 erinra
1847 565 58 22 om
1926 552 69 36 föl-

387 598 117 47 jande
547 599 180 49 åtgärder
764 600 83 36 från
877 601 318 36 statsmakternas
1229 601 93 48 sida,
1351 602 165 36 förutom
1545 602 177 37 bildande
1752 616 47 23 av
1827 603 168 48 odlings-

391 651 235 46 lånefonder,
655 651 56 36 till
738 651 290 38 underlättande
1052 666 47 23 av
1119 653 254 49 avdikningar
1393 654 67 36 och
1485 654 506 50 frostminskningsföretag.

391 702 99 36 Från
535 705 96 34 1883
674 703 131 48 utgick
834 704 222 37 statsmedel
1088 705 56 35 till
1172 705 347 49 »understödjande
1549 706 163 36 medelst
1740 707 133 48 anslag
1903 712 92 31 utan

393 754 523 48 återbetalningsskyldighet
958 768 46 22 av
1046 756 141 36 sådana
1228 757 334 48 myrutdikningar
1603 758 70 35 och
1702 763 287 44 vattenavtapp-

390 805 149 47 ningar,
568 804 120 37 vilkas
715 806 174 35 ändamål
918 819 89 23 vore
1036 812 54 30 att
1120 807 148 36 minska
1297 807 345 49 frostländigheten
1661 809 60 36 för
1740 809 252 49 närliggande

392 856 136 49 bygd».
585 857 176 37 Härefter
788 858 180 37 anvisade
997 858 209 50 riksdagen
1236 859 83 37 från
1348 860 71 36 och
1447 860 86 37 med
1563 863 41 34 år
1635 862 95 35 1906
1763 861 58 37 för
1851 875 51 23 nu
1931 862 63 37 be-

392 909 111 36 rörda
545 909 171 36 ändamål
759 913 63 33 två
865 910 185 37 särskilda
1087 911 148 48 anslag,
1265 911 64 37 det
1358 925 70 24 ena
1457 912 122 37 under
1607 913 235 49 benämning
1870 927 124 23 »norr-

391 961 161 36 ländska
592 962 426 49 avdikningsanslaget»
1062 963 69 36 och
1173 964 64 35 det
1274 964 118 36 andra
1420 965 119 35 under
1567 978 114 23 namn
1708 979 48 22 av
1784 966 210 36 »allmänna

392 1013 549 47 frostminskningsanslaget».
996 1014 75 35 Det
1113 1015 102 35 förra
1244 1027 47 22 av
1320 1015 111 36 dessa
1459 1016 136 47 anslag
1624 1019 119 45 avsåg
1772 1017 222 36 understöd-

386 1063 118 47 jande
545 1063 159 36 medelst
745 1064 233 48 statsbidrag
1019 1070 90 30 utan
1152 1065 532 50 återbetalningsskyldighet
1712 1080 47 23 av
1787 1068 208 48 myrutdik-

392 1115 138 46 ningar
571 1115 70 36 och
683 1116 415 49 vattenavtappningar
1138 1116 102 37 inom
1270 1117 45 36 de
1344 1120 23 33 4
1396 1118 235 48 nordligaste
1661 1119 124 47 länen,
1814 1133 91 23 vare
1934 1120 61 48 sig

392 1166 215 37 ändamålet
648 1167 84 36 med
774 1167 190 49 företaget
1006 1173 40 31 är
1087 1168 214 50 uppodling
1334 1182 46 23 av
1408 1169 56 37 till
1493 1170 90 36 åker
1611 1170 94 37 eller
1732 1175 77 45 äng
1836 1171 159 49 lämplig

386 1219 90 48 jord
505 1219 90 36 eller
623 1220 223 48 minskning
873 1233 47 23 av
950 1220 304 48 frostländighet.
1311 1222 72 35 Det
1411 1235 131 23 senare
1571 1223 173 48 anslaget
1770 1226 121 45 avsåg
1910 1224 84 35 där-

393 1275 102 31 emot
536 1270 321 49 understödjande
900 1271 159 36 medelst
1087 1272 234 48 statsbidrag
1348 1278 92 31 utan
1469 1274 526 49 återbetalningsskyldighet

392 1335 48 22 av
468 1321 140 37 sådana
636 1322 333 48 myrutdikningar
998 1323 70 36 och
1095 1324 416 49 vattenavtappningar
1539 1325 102 36 inom
1671 1326 134 47 övriga
1825 1326 104 36 delar
1948 1339 46 23 av

394 1373 111 43 riket,
535 1373 121 37 vilkas
685 1373 171 37 ändamål
887 1379 41 31 är
958 1379 54 31 att
1041 1375 149 36 minska
1218 1375 355 50 frostländigheten.

496 1425 16 36 I
554 1439 46 23 en
640 1425 101 37 inom
785 1427 116 36 andra
942 1427 218 37 kammaren
1202 1428 63 36 vid
1305 1430 95 35 1911
1432 1432 60 33 års
1520 1429 160 49 riksdag
1708 1430 114 36 väckt
1851 1430 144 36 motion

392 1477 61 46 (nr
481 1477 62 48 22)
585 1477 258 47 hemställdes,
874 1484 55 31 att
957 1479 207 48 riksdagen
1193 1483 117 33 måtte
1338 1480 60 37 för
1427 1483 40 33 år
1498 1483 96 34 1912
1625 1480 109 37 ställa
1762 1481 58 36 till
1848 1481 142 49 Kungl.

392 1529 127 47 Maj:ts
560 1529 229 48 förfogande
818 1535 55 31 ett
900 1530 135 48 anslag
1062 1544 47 23 av
1139 1533 164 44 300,000
1331 1532 141 36 kronor
1500 1532 119 36 under
1648 1532 233 49 benämning
1908 1534 86 35 »all-

392 1584 138 31 männa
558 1580 427 50 avdikningsanslaget»
1014 1581 58 36 till
1100 1582 324 49 understödjande
1453 1583 162 36 medelst
1643 1584 233 49 statsbidrag
1903 1590 91 31 utan

393 1631 526 50 återbetalningsskyldighet
946 1646 48 23 av
1022 1634 333 49 myrutdikningar
1383 1635 66 36 och
1467 1635 412 50 vattenavtappningar
1892 1636 101 36 inom

391 1683 134 47 övriga
554 1683 104 36 delar
687 1697 47 23 av
761 1684 97 36 riket
886 1685 86 35 med
1001 1686 198 47 undantag
1228 1699 46 22 av
1303 1686 46 35 de
1378 1686 86 49 fyra
1491 1686 252 37 norrländska
1762 1687 122 47 länen,
1905 1701 90 23 vare

392 1734 61 47 sig
482 1734 213 37 ändamålet
724 1736 86 35 med
839 1736 190 48 företaget
1057 1749 91 24 vore
1176 1737 216 49 uppodling
1420 1751 46 22 av
1486 1737 56 36 till
1562 1738 89 36 åker
1671 1738 92 37 eller
1782 1744 77 42 äng
1877 1739 119 49 lämp-

394 1785 55 49 lig
484 1786 89 48 jord
615 1786 91 37 eller
747 1787 223 49 minskning
1008 1801 46 22 av
1081 1787 299 50 frostländighet
1407 1789 60 36 för
1494 1789 252 49 närliggande
1774 1790 120 49 bygd;
1925 1791 70 36 och

392 1837 117 36 borde
552 1838 60 36 för
652 1838 156 49 bidrags
851 1839 218 37 erhållande
1107 1853 142 23 samma
1277 1840 139 37 villkor
1443 1842 210 49 uppställas
1682 1855 83 23 som
1793 1843 47 36 då
1868 1842 126 49 gällde

392 1890 60 35 för
493 1890 251 37 norrländska
786 1891 419 50 avdikningsanslaget.
1278 1892 193 38 Motionen
1515 1894 218 48 avstyrktes
1776 1907 47 24 av
1864 1895 131 36 veder-

392 1941 168 37 börande
601 1942 158 47 utskott,
802 1956 86 23 men
933 1943 136 48 bifölls,
1110 1944 13 36 i
1160 1944 172 49 enlighet
1360 1945 86 36 med
1475 1945 164 49 avgiven
1671 1946 246 48 reservation,
1947 1960 47 23 av

393 1993 117 36 andra
537 1993 231 47 kammaren,
799 1995 133 37 medan
962 1995 117 36 första
1106 1996 218 37 kammaren
1352 1996 118 50 följde
1498 1997 207 36 utskottets
1726 1998 152 48 förslag.
1922 1998 72 36 Vid

392 2057 220 35 gemensam
641 2046 177 48 votering
846 2046 86 37 blev
960 2047 209 37 emellertid
1199 2047 64 37 det
1292 2048 221 49 föreslagna
1540 2048 177 49 anslaget
1744 2050 60 36 för
1832 2053 41 33 år
1895 2052 97 34 1912

394 2109 45 23 av
467 2096 208 49 riksdagen
704 2097 158 37 anvisat.
919 2098 107 37 Efter
1053 2099 147 49 förslag
1228 2112 46 23 av
1304 2099 142 49 Kungl.
1476 2100 108 49 Maj:t
1612 2100 57 37 till
1700 2103 97 34 1912
1818 2104 60 34 års
1896 2102 97 36 riks-

392 2147 76 48 dag
509 2154 158 31 ersattes
697 2149 101 37 förut
826 2150 250 37 omförmälda
1103 2150 211 48 »allmänna
1342 2151 537 51 frostminskningsanslaget»
1909 2154 84 36 med

394 2199 210 37 »allmänna
633 2200 436 51 avdikningsanslaget».
1126 2202 110 37 Efter
1268 2203 216 37 successiva
1511 2203 203 50 höjningar
1741 2205 97 36 hava
1867 2205 58 36 för
1954 2208 40 33 år

396 2252 97 35 1915
539 2251 170 38 anvisats
750 2253 120 37 under
910 2253 270 38 »norrländska
1221 2255 429 49 avdikningsanslaget»
1692 2261 53 32 ett
1772 2256 141 51 belopp
1946 2270 46 23 av
