1886 2832
287 146 39 30 12
726 150 277 31 Statsutskottets
1025 150 176 31 utlåtande
1221 151 49 30 Nr
1290 152 70 30 134.

339 234 14 29 I
377 233 99 37 fråga
498 244 58 20 om
581 235 168 30 villkoren
775 235 56 30 för
856 238 128 27 statens
1008 235 231 35 övertagande
1265 244 43 21 av
1333 235 295 35 Hallegendomen
1652 235 71 30 kan
1747 237 44 27 ut:

293 285 127 29 skottet
442 285 10 29 i
474 284 136 37 princip
634 285 137 30 ansluta
794 285 51 36 sig
867 285 51 30 till
940 286 67 29 vad
1029 285 383 36 departementschefen
1436 285 212 30 därutinnan
1671 284 126 31 anfört.

288 334 66 30 Det
374 343 99 29 synes
495 335 166 31 utskottet
683 333 148 33 sålunda
850 334 134 37 skäligt,
1009 338 49 28 att
1079 334 296 37 Hallföreningen,
1396 336 120 29 utöver
1535 334 144 36 tidigare
1701 336 94 28 över-

292 385 218 30 enskommet
530 385 137 36 belopp,
690 385 149 31 erhåller
859 385 189 37 ersättning
1069 385 56 30 för
1148 386 147 29 kontant
1315 385 177 30 inbetalda
1512 385 144 30 andelar
1676 385 11 30 i
1707 385 92 30 vissa

292 435 230 31 ekonomiska
550 435 200 37 föreningar
776 436 166 30 ävensom
970 439 49 27 att
1046 438 112 28 staten
1186 436 178 35 övertager
1393 438 160 27 ansvaret
1581 435 55 30 för
1663 435 134 36 pensio-

290 486 123 36 nering
429 496 44 19 m.
492 495 44 21 m.
554 495 45 21 av
616 485 108 31 sådan
741 486 51 30 till
812 487 171 29 anstalten
1001 495 97 21 mera
1114 486 69 30 fast
1201 486 132 29 knuten
1351 486 170 36 personal,
1539 495 76 20 som
1631 486 78 29 icke
1727 486 71 29 kan

288 535 145 31 beredas
456 536 137 30 fortsatt
617 536 209 38 anställning
849 536 94 30 inom
967 535 507 37 skyddshemsverksamheten,
1499 534 298 32 sinnesslövården

292 585 84 30 eller
395 585 215 37 fångvården
630 587 81 29 eller
731 596 76 21 som
828 587 12 29 i
861 587 172 36 egenskap
1055 596 43 21 av
1118 586 75 30 före
1213 587 94 29 detta
1328 586 343 36 befattningshavare
1691 586 107 30 redan

292 635 154 39 åtnjuter
467 637 146 35 pension
635 637 81 29 eller
740 637 191 30 understöd
954 636 82 31 från
1059 636 297 36 Hallföreningen.
1395 637 51 29 De
1470 635 56 31 för
1548 636 250 39 anstaltsbygg-

292 687 173 29 nadernas
492 687 222 35 uppförande
741 688 66 29 och
835 687 334 36 iordningställande
1194 687 202 29 beräknade
1420 686 235 30 kostnaderna
1681 686 118 30 föran-

292 736 80 30 leda
391 736 31 38 ej
442 737 106 29 heller
566 736 115 37 någon
701 737 139 30 erinran
859 736 81 31 från
957 738 184 29 utskottets
1161 737 84 30 sida.

338 786 75 31 Vad
441 787 159 36 slutligen
631 787 107 37 angår
769 788 67 29 den
864 787 11 30 i
905 787 199 36 anslutning
1134 787 51 30 till
1214 787 123 36 Kungl.
1367 786 120 36 Maj:ts
1516 786 130 36 förslag
1674 787 125 29 väckta

292 836 178 31 motionen
502 837 39 39 (I:
556 836 93 40 302),
675 837 59 30 vill
758 838 168 29 utskottet
949 837 115 31 erinra
1089 838 132 35 därom,
1248 840 49 27 att
1323 837 177 30 motionen
1526 836 102 30 berör
1654 839 47 27 ett
1726 846 72 20 om-

292 886 94 37 råde,
407 896 74 21 som
498 887 40 30 är
557 887 94 31 svårt
670 891 48 27 att
736 888 164 36 generellt
920 888 149 30 bedöma
1087 888 67 29 och
1173 888 62 29 där
1252 896 44 21 en
1315 887 171 36 prövning
1506 886 110 31 måste
1636 887 65 36 äga
1720 896 80 20 rum

292 936 82 31 från
399 937 61 30 fall
485 937 51 30 till
559 937 72 31 fall.
667 938 64 30 Vid
755 937 126 31 sådant
905 937 221 31 förhållande
1148 938 66 29 och
1237 937 46 31 då
1304 938 168 30 utskottet
1494 938 38 29 är
1554 936 164 31 förvissat
1741 946 58 20 om

291 990 51 27 att
367 987 121 36 Kungl.
514 987 102 39 Maj:t
639 989 65 29 och
729 988 259 30 vederbörande
1009 988 242 36 myndigheter
1273 988 80 30 med
1375 987 314 36 uppmärksamhet
1712 986 85 38 följa

290 1038 241 37 utvecklingen
552 1038 45 37 på
614 1037 165 37 området,
800 1038 115 31 finner
934 1039 166 30 utskottet
1118 1038 188 37 anledning
1323 1037 32 37 ej
1377 1037 165 37 föreligga
1558 1040 51 27 att
1626 1037 172 40 tillstyrka

291 1088 188 36 riksdagen
503 1091 50 27 att
581 1088 209 31 åtminstone
817 1088 56 30 för
898 1089 218 30 närvarande
1145 1088 139 36 vidtaga
1309 1088 110 36 några
1448 1087 159 37 åtgärder
1633 1088 12 29 i
1673 1088 43 29 de
1741 1097 57 20 av-

291 1139 160 34 seenden,
476 1147 76 21 som
577 1139 11 29 i
613 1139 177 30 motionen
816 1138 176 37 påyrkats,
1017 1139 83 30 eller
1124 1142 49 27 att
1199 1140 81 34 göra
1306 1138 109 36 några
1438 1138 203 30 uttalanden
1665 1138 11 29 i
1700 1138 100 29 dessa

291 1188 129 37 frågor.

338 1239 116 30 Under
474 1238 222 37 åberopande
715 1249 42 21 av
780 1240 66 29 vad
868 1239 147 31 sålunda
1035 1239 135 30 anförts
1191 1238 55 31 får
1267 1240 168 29 utskottet
1457 1238 192 35 hemställa,

643 1313 62 40 1:o)
737 1317 49 27 att
810 1314 184 37 riksdagen
1016 1314 57 30 må

644 1364 31 39 a)
705 1365 145 35 besluta,
871 1367 48 28 att
936 1365 213 36 egendomen
1168 1364 79 30 Hall
1265 1364 89 30 skall
1372 1365 105 35 enligt
1493 1365 42 29 de
1553 1364 127 29 mellan
1699 1366 98 28 stats-

603 1416 117 29 verket
749 1416 66 29 och
844 1415 287 36 Hallföreningen
1161 1415 160 35 gällande
1347 1414 354 30 överenskommelser
1729 1413 69 30 för-

603 1466 123 29 värvas
750 1465 56 30 för
828 1466 222 29 statsverkets
1075 1465 148 36 räkning
1246 1468 90 27 samt
1361 1467 50 28 att
1434 1464 20 31 å
1475 1465 214 35 egendomen
1711 1463 89 31 skall

602 1516 12 29 i
640 1515 233 36 huvudsaklig
899 1515 342 30 överensstämmelse
1266 1515 81 30 med
1372 1524 43 21 av
1442 1513 357 37 fångvårdsstyrelsen

603 1566 11 29 i
640 1566 165 30 skrivelse
831 1566 68 29 den
926 1567 38 28 12
989 1565 156 30 februari
1173 1565 83 30 1938
1281 1565 166 36 framlagt
1472 1564 131 36 förslag
1629 1564 171 36 uppföras

603 1625 43 20 en
672 1616 308 30 säkerhetsanstalt
1005 1615 56 30 för
1089 1615 185 30 förvarade
1299 1616 67 29 och
1394 1615 217 30 internerade
1637 1617 90 27 samt
1752 1623 48 27 ny

604 1666 384 38 sinnessjukavdelning
1015 1666 97 30 inom
1141 1665 226 37 fångvården,

643 1715 34 40 b)
708 1715 114 31 såsom
847 1716 342 36 kapitalinvestering
1212 1717 10 29 i
1248 1719 128 28 statens
1403 1717 177 31 allmänna
1604 1718 194 36 fastighets-

600 1767 87 30 fond
712 1767 50 30 till
792 1766 224 37 Uppförande
1042 1776 42 20 av
1111 1767 309 30 säkerhetsanstalt
1444 1768 55 37 för
1523 1768 183 37 förvarade
1734 1767 64 30 och

603 1817 217 30 internerade
849 1820 91 27 samt
967 1826 46 29 ny
1043 1817 387 38 sinnessjukavdelning
1459 1819 94 29 inom
1583 1818 216 37 fångvården

601 1867 56 30 för
693 1866 205 37 budgetåret
937 1863 143 34 1938/39
1122 1867 120 31 anvisa
1280 1871 48 27 ett
1367 1868 351 38 reservationsanslag
1757 1878 42 21 av

602 1917 139 35 500,000
758 1917 144 35 kronor;

647 2010 79 39 IT:o)
755 2013 50 27 att
825 2010 81 30 herr
927 2010 221 36 Lindhagens
1169 2010 133 30 motion
1330 2010 39 39 (I:
1385 2010 76 39 302)
1488 2011 75 30 icke
1585 2010 58 32 må
1664 2012 51 29 till
1738 2011 60 31 nå-

603 2068 67 28 gon
697 2060 204 36 riksdagens
931 2060 120 36 åtgärd
1081 2060 190 32 föranleda.

337 2160 200 31 Stockholm
557 2161 68 30 den
648 2162 38 29 10
706 2160 71 37 maj
804 2161 94 30 1938.

786 2260 49 31 På
863 2262 270 30 statsutskottets
1160 2263 143 35 vägnar:

832 2327 177 31 ANDERS
1032 2323 213 35 RÄSTOCK.
