1912 2826
528 161 298 36 Statsutskottets
848 159 186 35 utlåtande
1058 158 55 34 Nr
1139 160 72 31 128.
1575 159 42 30 53

127 245 129 42 uppstå
280 244 55 33 för
358 243 226 34 statsverket.
607 241 196 43 Systemets
827 239 225 43 tillämpning
1076 238 110 34 skulle
1209 238 122 33 vidare
1355 236 194 34 förutsätta
1574 249 42 21 en

128 289 169 43 ingående
321 287 263 34 administrativ
607 285 154 34 kontroll
784 285 11 33 i
819 284 91 43 syfte
934 289 55 29 att
1011 283 159 34 undvika
1193 282 177 33 missbruk
1394 294 44 21 av
1463 282 153 33 bestäm-

127 335 182 33 melserna.
333 332 215 42 Härigenom
572 331 111 33 skulle
708 330 255 34 arbetsbördan
987 329 10 33 i
1021 329 70 41 hög
1113 328 85 42 grad
1222 327 85 33 ökas
1332 326 76 34 icke
1430 326 110 33 minst
1563 325 55 33 för

127 377 431 43 folkskolinspektörerna,
580 376 96 33 vilka
700 375 107 33 redan
831 386 47 21 nu
902 386 82 21 vore
1007 372 224 42 överhopade
1253 372 81 33 med
1358 371 182 33 krävande
1564 382 52 21 ar-

128 422 260 43 betsuppgifter
402 422 64 33 och
482 421 101 34 bleve
599 421 59 33 det
673 421 10 32 i
699 423 94 30 ännu
812 422 109 30 större
936 417 247 42 utsträckning
1198 416 61 34 vid
1275 421 53 29 ett
1344 414 273 44 genomförande

129 481 45 21 av
199 468 59 34 det
282 467 186 34 förordade
494 465 548 42 rationaliseringsprogrammet.
1067 462 116 33 Bland
1210 466 111 29 annat
1346 473 45 21 av
1417 461 99 33 dessa
1543 459 74 34 skäl

128 513 108 34 funne
257 510 389 44 departementschefen
666 510 50 42 sig
735 510 10 33 i
766 509 111 34 likhet
897 509 79 33 med
998 506 333 43 skolöverstyrelsen
1352 505 65 34 och
1439 504 178 34 statskon-

127 563 94 29 toret
239 558 87 33 böra
344 556 170 43 avstyrka
533 555 99 34 bifall
652 555 52 34 till
725 555 42 34 de
787 553 237 42 sakkunnigas
1043 551 239 43 föreliggande
1300 550 139 42 förslag.

173 602 266 34 Statskontoret
454 601 91 33 hade
561 600 186 42 ifrågasatt
763 611 43 21 en
824 598 191 42 skärpning
1031 609 45 21 av
1094 598 42 33 de
1152 609 47 20 nu
1217 595 161 43 gällande
1395 594 223 34 bestämmel-

129 659 100 21 serna
246 659 58 21 om
321 646 218 42 statsbidrag
556 645 53 34 till
628 644 277 41 inackordering,
924 642 215 34 skolhushåll
1157 641 82 34 eller
1258 640 203 41 skolskjuts.
1480 640 59 33 Då
1558 638 61 33 det

128 704 84 21 vore
235 704 46 21 av
305 691 90 39 vikt,
420 695 54 29 att
500 689 313 35 bestämmelserna
837 701 57 20 om
919 686 262 42 centralisering
1206 698 46 21 av
1277 683 340 43 fortsättningsskol-

129 737 171 33 väsendet
321 736 77 33 icke
419 735 137 43 gjordes
580 735 38 33 så
640 733 214 39 restriktiva,
878 737 56 29 att
955 731 182 42 allvarliga
1157 730 226 42 olägenheter
1404 741 41 21 ur
1467 729 152 33 barnens

130 782 64 33 och
212 782 182 32 hemmens
413 779 184 43 synpunkt
614 778 228 43 uppkomme,
861 777 63 34 och
945 777 44 33 då
1009 777 43 33 de
1071 775 207 34 nuvarande
1296 773 323 38 bestämmelserna,

130 826 183 42 samtidigt
338 838 74 21 som
437 826 42 32 de
502 824 230 42 tillgodosåge
756 823 101 34 dessa
883 821 231 43 synpunkter,
1140 824 120 38 syntes
1285 819 168 33 innebära
1477 818 141 41 betryg-

130 872 112 42 gande
259 870 177 43 garantier
450 870 55 33 för
521 882 42 20 en
580 881 42 21 ur
640 868 58 34 det
715 868 195 33 allmännas
927 866 186 43 synpunkt
1129 864 205 42 tillräckligt
1351 863 147 34 effektiv
1514 865 104 40 pröv-

130 917 84 41 ning
236 928 46 21 av
305 916 62 33 det
387 915 11 33 i
419 915 44 33 de
486 914 93 33 olika
603 913 106 34 fallen
731 912 237 42 föreliggande
991 911 154 33 behovet
1168 922 46 21 av
1239 908 226 42 statsbidrag,
1491 908 129 41 ansåge

131 959 387 44 departementschefen
541 959 51 42 sig
613 958 77 33 icke
710 958 87 33 böra
818 956 209 43 ifrågasätta
1049 968 42 20 en
1115 954 191 42 skärpning
1329 966 45 21 av
1397 952 222 35 bestämmel-

131 1018 101 21 serna
249 1006 46 41 på
313 1008 73 31 sätt
404 1004 256 34 statskontoret
678 1002 170 34 förordat.

175 1087 69 33 För
265 1089 104 30 nästa
391 1085 174 42 budgetår
586 1084 91 33 hade
701 1082 332 42 skolöverstyrelsen
1055 1081 82 33 med
1158 1079 270 43 utgångspunkt
1448 1078 81 34 från
1553 1079 66 33 den

130 1131 197 42 föreslagna
351 1130 189 42 höjningen
565 1141 46 21 av
637 1128 247 42 dagsbidraget
908 1132 117 28 ansett
1049 1138 42 21 en
1116 1124 287 43 anslagshöjning
1427 1136 44 21 av
1496 1126 124 36 70,000

131 1176 128 34 kronor
285 1176 54 33 till
367 1178 144 36 600,000
539 1174 131 33 kronor
695 1172 211 42 erforderlig.
933 1172 17 33 I
978 1171 156 34 avbidan
1160 1171 45 41 på
1233 1173 162 30 närmare
1423 1167 199 35 erfarenhet

131 1221 147 33 rörande
304 1220 309 41 medelsåtgången
638 1218 101 34 torde
766 1217 157 42 anslaget
947 1216 88 34 böra
1060 1215 55 33 för
1140 1214 212 42 budgetåret
1379 1212 155 44 1941/42
1562 1212 57 33 be-

131 1268 143 40 gränsas
295 1265 54 33 till
370 1267 148 36 550,000
539 1264 139 33 kronor.
698 1262 199 34 Anmärkas
917 1261 131 39 kunde,
1072 1265 55 29 att
1148 1258 255 43 nettoutgiften
1424 1258 113 33 under
1561 1269 59 21 an-

132 1311 110 42 slaget
261 1310 55 33 för
336 1309 211 42 budgetåret
570 1307 154 43 1939/40
748 1307 109 42 enligt
876 1304 433 43 riksräkenskapsverkets
1332 1302 288 43 budgetredovis-

132 1355 84 42 ning
231 1354 163 43 utgjorde
410 1353 161 42 omkring
586 1356 145 36 4053,000
748 1352 140 33 kronor.

176 1453 19 34 I
216 1454 42 33 de
280 1452 221 43 likalydande
523 1451 215 34 motionerna
760 1451 32 32 I:
805 1453 67 30 205
895 1449 62 34 och
980 1449 52 33 II:
1045 1451 78 36 289,
1147 1448 73 33 vari
1243 1447 121 43 yrkats
1387 1446 95 34 bifall
1505 1446 53 33 till
1582 1446 41 33 de

133 1506 238 42 sakkunnigas
388 1505 129 41 förslag
532 1503 224 35 beträffande
774 1502 215 42 statsbidrag
1004 1501 56 33 för
1075 1501 78 34 färd
1171 1501 80 33 med
1267 1499 138 40 fordon,
1423 1512 74 20 som
1514 1498 107 34 fram-

133 1560 92 33 föras
252 1572 45 20 av
324 1559 132 33 barnen
481 1558 125 41 själva,
632 1557 64 33 och
722 1557 10 33 i
761 1555 172 35 samband
960 1554 146 35 därmed
1132 1566 42 21 en
1202 1552 342 43 anslagsminskning
1569 1552 53 33 till

134 1617 145 36 500,000
297 1613 140 38 kronor,
456 1612 64 33 har
538 1610 135 34 anförts
692 1610 109 33 bland
822 1613 120 29 annat:

175 1694 352 42 Skolöverstyrelsen,
541 1705 75 21 som
631 1697 77 28 rent
721 1691 211 43 principiellt
946 1690 125 34 ställde
1086 1689 51 42 sig
1150 1688 193 34 avvisande
1356 1693 75 28 mot
1445 1687 178 41 förslaget,

134 1739 185 42 reagerade
346 1743 75 29 mot
448 1738 133 33 tanken
609 1738 46 41 på
682 1741 55 29 att
763 1737 132 33 barnen
923 1735 110 33 skulle
1061 1734 134 33 betalas
1223 1733 55 33 för
1305 1733 67 33 den
1399 1732 133 42 fysiska
1563 1744 59 20 an-

134 1783 217 43 strängning,
372 1784 42 32 de
436 1784 113 32 måste
570 1782 216 33 underkasta
808 1781 51 41 sig
880 1780 58 34 vid
960 1779 237 42 fullgörandet
1219 1791 45 20 av
1284 1778 225 41 skolgången.
1532 1777 90 32 Här-

134 1834 95 28 emot
247 1829 121 32 kunde
386 1827 185 39 invändas,
591 1831 56 29 att
666 1827 59 33 det
744 1826 65 33 här
830 1837 81 21 vore
930 1824 100 42 fråga
1049 1836 58 20 om
1128 1823 126 33 endast
1274 1822 133 34 sådana
1427 1822 100 39 barn,
1548 1833 75 21 som

133 1874 112 33 bodde
262 1874 46 41 på
327 1874 36 32 så
381 1873 96 41 långt
497 1871 150 34 avstånd
666 1870 76 34 från
760 1871 164 37 hemmet,
944 1874 54 28 att
1019 1869 42 33 de
1080 1869 73 33 icke
1172 1873 86 28 utan
1279 1867 167 33 särskilda
1466 1867 159 41 åtgärder
1646 1876 4 4 :

134 1918 109 32 skulle
267 1917 122 32 kunna
411 1916 129 33 besöka
565 1915 133 33 skolan.
721 1914 200 41 Skolskjuts
945 1913 82 33 eller
1049 1911 268 42 inackordering
1339 1923 82 20 vore
1445 1911 102 32 alltså
1573 1922 49 20 er-

133 1961 198 42 forderliga.
353 1961 67 33 Om
441 1972 46 21 nu
511 1959 236 41 anordningar
767 1958 120 33 kunde
908 1957 174 41 vidtagas,
1105 1956 203 41 varigenom
1331 1955 59 33 det
1413 1955 99 32 bleve
1535 1954 87 41 möj-

134 2007 63 41 ligt
225 2006 55 32 för
309 2006 101 33 dessa
437 2005 86 33 barn
555 2009 56 28 att
641 2016 124 28 genom
796 2002 78 34 färd
904 2003 79 33 med
1014 2001 138 39 fordon,
1182 2000 210 33 framdrivet
1422 2012 44 20 av
1497 1999 126 33 barnet

136 2051 118 42 självt,
281 2050 132 33 besöka
439 2049 134 38 skolan,
601 2053 119 37 syntes
748 2048 60 33 det
836 2047 74 33 icke
937 2046 92 42 ligga
1057 2047 108 39 något
1192 2045 154 41 orimligt
1374 2044 86 39 däri,
1488 2048 56 29 att
1572 2048 52 27 ett

135 2096 87 32 visst
248 2094 192 34 understöd
467 2093 119 33 härför
612 2093 154 41 utginge,
792 2104 83 21 vare
901 2091 50 42 sig
977 2092 100 32 detta
1103 2091 141 32 komme
1272 2089 241 33 målsmannen
1544 2088 81 32 eller

136 2139 262 34 vederbörande
427 2138 220 33 skoldistrikt
673 2138 52 32 till
755 2137 101 41 godo.
885 2138 65 31 Att
978 2148 40 21 en
1050 2135 97 42 dylik
1177 2133 197 41 anordning
1402 2133 8 33 i
1440 2133 92 32 vissa
1563 2132 60 32 fall

134 2185 119 32 kunde
271 2184 167 32 innebära
458 2195 39 21 en
519 2182 204 33 ekonomisk
741 2182 110 32 fördel
871 2181 54 32 för
942 2180 149 33 berörda
1110 2183 130 38 parter,
1259 2178 155 42 betydde
1433 2176 192 42 ingalunda

134 2250 45 3 —
198 2230 113 32 såsom
333 2228 250 33 statskontoret
604 2232 116 36 syntes
740 2226 84 41 vilja
844 2230 81 36 göra
945 2225 157 42 gällande
1122 2244 45 4 —
1188 2228 53 28 att
1264 2223 59 33 det
1343 2222 53 33 för
1418 2221 208 34 statsverket

136 2273 110 32 skulle
264 2273 104 32 ställa
386 2272 50 40 sig
458 2272 2 32 i
479 2271 251 33 motsvarande
748 2271 82 32 mån
850 2269 223 33 ekonomiskt
1092 2267 261 40 ofördelaktigt.
1374 2265 250 40 Anordningen

136 2317 8 32 i
162 2317 98 40 fråga
278 2316 119 33 kunde
414 2316 172 40 nämligen
605 2315 144 32 komma
768 2315 50 32 till
840 2312 228 40 användning
1085 2312 125 32 endast
1229 2311 112 32 under
1358 2309 267 40 förutsättning,

136 2366 55 28 att
217 2361 226 41 besparingar
469 2360 215 40 uppkomme
710 2358 54 33 för
789 2358 60 33 det
875 2358 188 32 allmänna.
1090 2356 66 33 Om
1182 2355 178 41 därjämte
1387 2355 113 39 någon
1530 2354 95 32 vinst

137 2405 109 33 skulle
265 2406 130 40 uppstå
414 2404 53 32 för
484 2403 122 41 övriga
624 2408 129 36 parter,
772 2407 119 36 syntes
910 2402 96 32 detta
1028 2401 180 40 knappast
1225 2400 124 32 kunna
1369 2411 98 20 anses
1487 2410 73 20 som
1583 2409 41 20 en

137 2450 87 33 brist
251 2450 62 32 hos
340 2453 180 37 systemet,
546 2448 215 33 åtminstone
788 2447 74 33 icke
888 2447 77 32 med
995 2446 66 32 den
1091 2444 161 41 tolkning
1277 2456 81 20 man
1386 2443 124 32 hittills
1538 2441 87 42 givit

137 2495 122 32 härom
275 2493 160 42 gällande
451 2493 273 33 bestämmelser.
