2222 2616
1780 182 17 12 ”

420 187 114 33 Första
559 187 204 33 kammarens
788 187 135 31 andra
950 185 168 42 tillfälliga
1143 183 127 35 utskotts
1297 182 160 35 utlåtande
1484 183 51 34 Nr
1562 188 30 29 8.
1785 198 6 16 i

194 280 111 46 oviga
330 279 316 46 förfaringssättet
672 278 206 43 användas,
904 281 57 31 att
986 280 66 32 två
1078 276 457 47 skattepostanvisningar
1560 276 47 46 på
1633 286 45 25 en
1701 275 96 46 gång

195 332 183 37 inlämnas
408 333 21 34 å
459 330 286 48 postanstalten.
781 331 115 35 Detta
925 341 128 24 senare
1083 329 352 47 tillvägagångssätt
1463 329 78 35 kan
1569 333 99 31 även
1697 328 99 35 med-

195 386 79 37 föra
291 387 72 35 den
379 385 259 46 olägenheten,
659 388 58 32 att
735 384 71 35 den
823 382 275 47 skattskyldige
1117 384 141 43 nödgas
1276 382 147 46 erlägga
1439 383 112 45 högre
1569 380 227 37 debetsedel-

193 439 113 44 lösen,
324 443 50 32 än
388 450 63 24 om
467 437 156 37 allenast
640 448 46 24 en
702 436 211 37 debetsedel
929 435 161 36 kommit
1107 435 55 36 till
1180 435 252 46 användning.
1456 435 163 36 Komma
1634 434 161 36 bestäm-

195 492 181 35 melserna
405 495 58 32 att
492 490 102 36 bliva
623 491 153 41 sådana,
808 494 57 31 att
895 500 45 24 en
967 489 121 45 tredje
1118 488 211 36 debetsedel
1359 489 69 34 och
1458 487 338 47 skattepostanvis-

193 544 88 46 ning
299 544 93 36 skall
411 543 203 41 utskrivas,
633 547 41 30 är
692 554 89 23 man
798 542 10 34 i
827 542 63 36 det
909 552 87 35 nyss
1014 541 211 46 åberopade
1245 541 179 46 fögderiet
1443 552 97 35 uppe
1559 540 10 34 i
1588 551 45 25 en
1651 551 144 25 summa

194 610 47 23 av
265 597 132 44 54,000
420 595 235 37 debetsedlar
678 595 69 35 och
771 593 466 47 skattepostanvisningar.

291 651 57 34 Då
377 648 335 37 häradsskrivarna
741 648 115 35 redan
886 659 48 24 nu
965 652 63 30 äro
1059 646 236 47 synnerligen
1325 647 240 45 ansträngda,
1597 647 107 35 torde
1735 648 61 34 det

197 716 89 24 vara
317 702 227 46 fullkomligt
574 701 208 37 otänkbart
813 704 58 33 att
902 701 84 35 med
1017 700 228 36 oförändrad
1278 699 331 47 fögderiindelning
1640 699 157 47 pålägga

195 758 84 35 dem
299 758 73 35 den
389 755 217 48 ytterligare
626 754 257 44 arbetsbörda,
904 765 81 24 som
1005 754 73 35 den
1095 753 223 47 ifrågasatta
1337 753 184 36 reformen
1541 753 153 36 medför.

290 811 72 35 För
396 809 239 48 postverkets
668 808 294 36 vidkommande
996 807 156 35 innebär
1186 808 73 35 den
1293 806 208 47 föreslagna
1533 806 186 36 reformen
1753 818 45 24 en

193 863 152 36 relativt
380 862 195 46 obetydlig
610 861 140 46 ökning
785 861 10 34 i
831 860 145 36 arbetet
1012 861 85 35 med
1127 859 528 47 skattepostanvisningarnas
1675 859 121 36 distri-

192 917 156 46 buering
377 915 115 36 bland
523 916 44 35 de
597 913 288 46 skattskyldige,
916 925 86 23 men
1032 913 146 35 arbetet
1209 914 84 35 med
1324 912 472 47 skattepostanvisningar-

194 982 67 24 nas
291 969 246 46 mottagande
567 967 69 36 och
666 966 207 46 kvittering
903 970 98 32 samt
1032 967 45 35 de
1107 965 164 37 influtna
1300 965 204 48 beloppens
1526 965 271 47 inleverering
1777 961 23 58 i

194 1023 228 36 riksbanken
447 1020 233 45 fördubblas;
708 1019 66 37 allt
798 1020 118 35 under
942 1019 272 46 förutsättning
1240 1023 57 32 att
1323 1018 174 47 samtliga
1522 1018 275 47 skattskyldige

193 1077 170 46 begagna
385 1075 54 47 sig
463 1087 47 24 av
533 1072 358 47 terminsbetalning.

290 1130 58 35 Då
373 1130 45 35 de
441 1127 191 37 inbetalda
656 1126 529 48 skattepostanvisningarnas
1209 1126 101 36 antal
1335 1126 64 36 vid
1427 1126 91 36 1920
1541 1132 59 29 års
1625 1126 170 47 uppbörd

193 1183 163 48 uppgick
374 1182 57 36 till
451 1181 191 45 1,602,920
659 1185 61 40 st.,
739 1180 118 36 skulle
875 1192 45 24 en
937 1179 232 48 uppdelning
1187 1192 46 24 av
1250 1179 344 48 kronouppbörden
1611 1179 12 35 i
1641 1179 67 36 två
1725 1183 70 31 ter-

194 1237 118 36 miner
332 1237 102 35 hava
457 1235 56 36 till
537 1234 104 47 följd,
667 1238 58 32 att
748 1233 217 48 postverket
988 1234 191 46 nödgades
1202 1237 170 42 mottaga
1394 1233 70 36 och
1485 1232 167 37 kvittera
1675 1232 10 35 i
1708 1237 88 32 runt

195 1289 52 37 tal
273 1289 194 45 3,200,000
491 1293 44 31 st.
564 1286 465 48 skattepostanvisningar.

290 1344 158 35 Postens
473 1341 127 36 arbete
625 1340 72 35 blir
722 1340 217 44 emellertid,
972 1340 5 34 i
1002 1344 161 32 motsats
1187 1340 56 35 till
1268 1339 365 44 häradsskrivarnas,
1661 1339 135 46 förlagt

194 1396 56 36 till
270 1396 100 36 olika
391 1395 108 44 tider,
521 1398 55 32 ett
597 1393 244 45 förhållande,
863 1404 81 24 som
961 1394 70 35 har
1051 1393 55 35 till
1128 1392 105 47 följd,
1256 1397 57 32 att
1334 1392 188 47 ökningen
1542 1392 10 35 i
1574 1392 146 36 arbetet
1741 1392 55 36 för

193 1454 153 43 postens
369 1448 307 43 vidkommande,
704 1447 85 36 med
813 1447 149 45 hänsyn
985 1446 142 47 jämväl
1153 1445 56 36 till
1235 1450 153 43 postens
1404 1446 128 36 kända
1551 1445 168 47 villighet
1738 1450 58 32 att

193 1504 140 46 påtaga
356 1502 54 47 sig
434 1514 76 34 nya
532 1500 203 49 uppgifter,
760 1499 176 48 möjligen
957 1500 171 35 kommer
1152 1503 58 33 att
1233 1500 191 36 uthärdas.
1454 1499 104 36 Dock
1584 1500 106 35 torde
1714 1511 81 35 pos-

194 1562 83 31 tens
299 1555 185 48 egentliga
504 1554 191 49 uppgifter
717 1553 80 36 icke
817 1554 130 36 kunna
968 1554 126 46 undgå
1116 1557 58 32 att
1197 1553 11 35 i
1229 1557 117 32 större
1368 1552 86 37 eller
1475 1552 144 37 mindre
1641 1552 153 37 omfatt-

194 1610 88 47 ning
302 1610 76 36 lida
399 1621 87 24 men
507 1621 47 24 av
577 1609 72 35 den
670 1607 301 46 överbelastning
992 1607 11 34 i
1025 1606 139 45 arbete,
1187 1619 81 24 som
1289 1606 508 48 skattepostanvisningarna

194 1665 118 35 under
336 1661 423 49 uppbördsterminerna
783 1660 258 47 ovillkorligen
1065 1661 121 35 måste
1211 1660 177 37 medföra.

291 1711 110 42 Även
427 1716 56 36 för
508 1715 297 37 landskontoren
829 1714 170 36 kommer
1026 1713 189 47 ökningen
1241 1713 11 35 i
1280 1713 145 37 arbetet
1453 1714 84 35 med
1565 1713 229 47 skattepost-

194 1770 310 46 anvisningarnas
543 1768 245 47 mottagande
828 1768 69 35 och
938 1767 246 47 avprickning
1224 1767 12 35 i
1275 1766 383 48 uppbördsböckerna
1697 1771 98 32 samt

193 1824 300 46 restlängdernas
519 1821 239 46 utskrivning
786 1825 57 32 att
872 1820 182 47 förläggas
1085 1820 52 35 till
1165 1820 100 36 olika
1291 1820 108 44 tider,
1429 1832 46 24 en
1501 1819 294 47 omständighet,

193 1889 81 24 som
295 1876 216 47 visserligen
531 1881 65 41 gör
619 1874 188 47 ökningen
827 1874 144 36 mindre
992 1874 185 44 kännbar,
1201 1885 86 24 men
1310 1874 47 36 då
1379 1873 314 36 landskontorens
1716 1885 77 35 per-

194 1930 103 38 sonal
316 1931 117 36 redan
453 1942 49 24 nu
522 1934 41 31 är
582 1929 206 45 ansträngd
808 1927 56 36 till
884 1928 63 36 det
966 1931 164 43 yttersta
1149 1927 70 36 och
1240 1927 146 36 arbetet
1406 1927 86 36 med
1510 1926 284 48 kronouppbör-

195 1986 72 35 den
286 1984 119 37 under
425 1984 88 36 åren
536 1983 103 43 1918,
664 1982 92 36 1919
776 1981 68 36 och
867 1981 93 36 1920
978 1981 100 36 visat
1100 1981 53 47 sig
1174 1993 93 24 vara
1287 1980 236 47 synnerligen
1541 1980 253 47 betungande,

195 2039 107 36 torde
322 2038 63 36 det
405 2037 86 36 med
511 2036 84 36 fullt
616 2036 61 46 fog
695 2035 130 36 kunna
843 2035 252 46 ifrågasättas,
1115 2034 189 37 huruvida
1323 2034 63 36 det
1406 2039 41 30 är
1466 2033 146 47 möjligt
1633 2037 58 33 att
1711 2034 84 35 med

194 2091 314 37 landskontorens
530 2090 219 36 nuvarande
770 2088 169 47 personal
960 2088 130 36 kunna
1110 2088 219 47 genomföra
1348 2087 194 36 reformen.

292 2145 14 35 I
345 2144 203 47 synnerhet
576 2143 277 47 upprättandet
883 2154 46 23 av
960 2142 67 35 två
1057 2141 183 36 särskilda
1268 2141 230 47 restlängder
1528 2146 40 30 är
1599 2145 54 31 ett
1683 2141 112 46 jätte-

196 2199 138 44 arbete,
357 2209 63 24 om
438 2209 88 24 vars
545 2195 231 47 omfattning
797 2207 46 24 en
863 2195 264 36 utomstående
1146 2195 69 36 har
1235 2196 104 35 svårt
1361 2198 58 33 att
1439 2194 103 37 bilda
1562 2193 54 47 sig
1637 2205 46 25 en
1704 2194 90 36 före-

196 2251 185 48 ställning.
411 2251 146 36 Endast
583 2250 10 35 i
619 2249 239 38 Stockholms
882 2249 62 36 län
969 2249 201 36 restfördes
1190 2241 99 43 efter
1316 2248 92 36 1920
1433 2249 59 34 års
1516 2247 174 48 uppbörd
1716 2247 80 36 icke

195 2306 144 35 mindre
365 2310 49 31 än
440 2305 11 34 i
477 2308 88 32 runt
590 2303 53 36 tal
673 2302 131 45 35,800
829 2302 284 47 skattskyldige.
1145 2301 181 47 Samtliga
1353 2303 108 35 dessa
1486 2301 105 37 skola
1617 2301 179 47 uppföras
