2135 2610
371 163 40 30 20
805 163 105 34 Stats-
921 165 169 34 Utskottets
1112 167 175 33 Memorial
1310 167 63 32 N:o
1402 170 53 28 96.

320 247 242 41 vaktbetjenters
596 251 152 38 göromål
786 252 59 31 och
887 253 106 41 öfriga
1031 254 206 41 åligganden,
1263 254 144 32 kommer
1435 254 60 32 den
1520 255 35 31 af
1575 254 226 41 Fullmäktige,
1831 255 102 32 under

323 299 60 32 den
410 300 20 32 9
456 300 86 32 Mars
573 304 89 37 1842,
692 302 170 34 utfärdade
890 305 193 33 instruktion
1110 306 60 32 och
1199 307 378 40 tjenstgöringsordning,
1601 307 70 31 med
1701 307 105 31 deruti
1827 307 106 32 seder-

324 363 84 21 mera
437 353 164 32 beslutade
629 355 174 42 ändringar
830 357 57 31 och
918 357 119 42 tillägg,
1070 362 48 28 att
1144 359 87 41 tjena
1258 359 48 31 till
1335 359 226 39 efterrättelse,
1591 359 102 32 under
1717 359 215 41 Fullmäktige

321 404 98 32 likväl
447 405 198 33 förbehållen
674 411 65 28 rätt
766 411 47 29 att
840 409 66 32 tills
933 410 117 39 vidare,
1079 411 136 31 rörande
1244 411 59 31 den
1333 411 49 31 vid
1411 411 339 41 Riksgälds-kontoret
1773 411 161 32 anställda

322 457 399 42 tjenstemannapersonals
762 461 59 31 och
862 461 254 43 vaktbetjenings
1149 462 321 42 tjensteåligganden,
1512 463 144 31 meddela
1680 463 37 31 de
1745 463 187 41 ytterligare

322 508 78 32 eller
440 508 191 34 förändrade
672 511 211 40 föreskrifter,
924 524 67 22 som
1019 514 49 32 för
1095 515 178 32 ärendenas
1314 514 222 41 vederbörliga
1575 515 240 41 handläggning
1850 519 84 28 samt

321 560 201 40 fullgörande
551 561 34 31 af
606 562 37 31 de
668 563 144 41 uppdrag
836 565 58 31 och
924 566 153 40 göromål,
1120 565 339 42 Riksgälds-kontoret
1499 567 62 31 fått
1583 567 47 40 sig
1657 566 124 42 ålagda,
1824 566 110 32 kunna

322 623 92 20 anses
443 612 223 42 erforderliga;
695 615 139 32 börande
859 616 225 42 Fullmäktige,
1115 618 5 31 i
1144 618 229 40 sammanhang
1402 618 71 32 med
1502 618 216 41 fullgörandet
1745 618 35 32 af
1805 618 54 32 det
1887 619 47 31 uti

322 664 15 40 $
365 665 39 29 70
431 665 33 30 åt
491 664 213 41 Fullmäktige
741 667 146 32 lemnade
927 669 154 40 uppdrag,
1118 669 116 41 jemväl
1273 673 144 37 uppgöra
1452 671 59 30 och
1545 670 198 31 underställa
1771 670 163 31 nästkom-

324 715 113 32 mande
464 715 156 42 Riksdags
649 718 148 41 pröfning
825 719 118 41 förslag
972 720 46 31 till
1043 732 40 31 ny
1110 720 196 32 instruktion
1335 721 60 32 och
1423 721 377 42 tjenstgöringsordning.

434 1076 234 50 Angående
695 1077 149 50 lediga
871 1077 213 52 tjensters
1112 1079 286 42 bestridande
1425 1079 83 42 och
1534 1078 297 43 tillsättande.

1082 1236 15 41 8
1129 1240 50 29 80.

478 1337 216 41 Tjensteman,
724 1348 67 22 som
820 1339 81 31 efter
928 1339 111 40 anslag
1067 1340 59 31 och
1154 1339 179 40 ansökning
1358 1339 141 31 erhåller
1527 1337 243 33 konstitutorial
1783 1339 41 39 på
1839 1338 98 40 ledig-

327 1389 116 30 blifven
482 1388 299 41 tjenstebefattning
808 1390 85 31 inom
923 1390 345 41 Riksgälds-kontoret,
1310 1390 158 31 intilldess
1498 1389 104 32 beslut
1629 1400 50 21 om
1708 1390 154 40 tjenstens
1889 1389 47 31 in-

326 1440 155 39 dragning
509 1439 77 32 eller
614 1440 261 32 återbesättande
904 1452 111 29 genom
1045 1442 149 31 fullmakt
1222 1442 103 31 blifvit
1353 1441 128 39 fattadt,
1505 1443 51 29 må
1584 1451 58 30 ega
1669 1443 48 29 att
1733 1440 101 31 under
1849 1440 88 31 tiden

326 1490 148 42 uppbära
501 1490 40 31 de
568 1491 71 31 med
668 1491 137 41 tjensten
833 1492 152 32 förenade
1013 1493 244 31 löneförmåner.

477 1542 70 31 Den
578 1542 166 32 ordinarie
771 1543 187 41 tjensteman
986 1544 78 31 eller
1090 1544 203 41 vaktbeljent,
1322 1554 67 21 som
1414 1542 168 33 förordnas
1609 1542 86 39 att,
1685 1537 17 52 i
1716 1541 157 32 anseende
1890 1541 49 31 till

325 1593 178 41 sjukdoms-
544 1593 78 31 eller
658 1597 98 28 annat
789 1595 72 39 laga
899 1595 107 31 förfall
1044 1596 77 31 eller
1148 1596 50 31 vid
1227 1595 151 32 inträffad
1407 1594 152 40 ledighet,
1590 1593 102 32 under
1719 1593 218 40 anslagstiden

317 1645 151 40 förrätta
507 1654 107 22 annan
639 1646 105 39 tjenst,
775 1649 38 27 än
840 1646 58 31 den
927 1647 61 30 han
1018 1646 72 42 sjelf
1122 1647 145 38 innehar,
1296 1650 45 34 är,
1370 1646 71 31 med
1482 1645 164 39 undantag
1682 1644 34 32 af
1742 1644 37 31 de
1807 1644 9 31 i
1844 1643 32 42 $$
1900 1646 39 29 76

326 1696 59 31 och
413 1697 39 30 86
477 1695 171 32 förutsatta
678 1696 65 39 fall,
773 1697 9 30 i
810 1697 178 32 allmänhet
1023 1698 69 31 icke
1130 1697 180 40 berättigad
1352 1700 48 28 att
1434 1696 106 31 derför
1581 1695 122 32 erhålla
1726 1695 137 31 särskild
1892 1695 46 31 af-

326 1747 123 39 löning;
478 1746 81 31 dock
588 1747 185 31 ankommer
801 1750 40 38 på
869 1748 213 41 Fullmäktige
1111 1753 48 27 att
1186 1748 193 32 tillerkänna
1407 1747 227 32 innehafvaren
1669 1747 92 30 deraf
1786 1749 46 28 ett
1856 1746 82 31 efter

325 1797 319 40 omständigheterna
672 1796 293 49 lämpadt”arvode,
995 1800 189 41 uppgående
1209 1800 48 31 till
1285 1800 94 39 högst
1407 1798 106 32 halfva
1541 1798 150 40 beloppet
1710 1797 34 32 af
1769 1796 170 33 skilnaden

327 1849 115 31 mellan
471 1848 79 31 hans
579 1849 86 31 förut
692 1850 188 41 åtnjutande
908 1851 144 40 aflöning
1093 1852 59 31 och
1180 1851 279 31 löneförmånerna
1488 1850 49 31 för
1565 1849 58 31 den
1649 1849 97 41 tjenst
1773 1849 63 30 han
1865 1848 74 31 blif-

325 1901 44 30 vit
397 1899 172 32 förordnad
598 1903 48 28 att
674 1900 150 32 bestrida.

477 1951 287 32 Extra-ordinarie
799 1952 199 41 tjensteman,
1034 1963 65 21 som
1127 1951 52 33 vid
1208 1951 102 42 dylikt
1337 1951 137 38 tillfälle,
1508 1952 42 39 på
1578 1949 102 41 grund
1708 1949 34 32 af
1767 1948 172 33 vederbör-

325 2001 57 41 ligt
410 2004 225 38 förordnande,
665 2003 156 39 förrättat
844 2004 166 32 ordinarie
1038 2002 306 42 tjenstebefaltning,
1374 2002 142 42 åtnjuter
1544 2002 103 31 under
1671 2001 59 31 den
1746 2001 58 38 tid,
1835 2000 107 31 denna

326 2056 210 41 tjenstgöring
564 2055 124 39 fortfar,
727 2055 60 31 den
816 2055 51 33 för
894 2056 103 40 lägsta
1023 2054 237 42 tjenstegraden
1289 2054 167 31 bestämda
1480 2053 63 31 lön.
1593 2052 57 31 Vid
1679 2051 169 32 enahanda
1876 2051 65 31 för-

325 2106 149 32 hållande
502 2107 241 41 tillgodonjuter
766 2107 118 41 jemväl
914 2107 276 31 extra-ordinarie
1216 2105 204 40 vaktbetjent,
1462 2104 129 31 hvilken
1619 2103 137 32 bestridt
1779 2103 163 31 kammar-

325 2159 132 39 drängs-
485 2158 78 31 eller
591 2158 349 41 husdrängs-göromål,
981 2168 121 21 samma
1141 2157 154 40 aflöning,
1335 2167 66 21 som
1443 2155 49 32 för
1520 2155 59 32 den
1609 2154 178 32 förrättade
1816 2153 125 42 sysslan

324 2214 37 29 är
384 2211 10 31 i
423 2213 103 30 staten
557 2210 165 41 anslagen.
