1878 2774
263 173 38 30 18
630 172 287 29 Statsutskottets
941 171 178 29 utlåtande
1142 180 44 19 nr
1207 171 19 29 3
1248 170 39 30 år
1310 171 84 29 1958

311 257 64 29 Vid
394 256 219 40 förestående
634 256 148 30 ärendes
801 254 286 39 slutbehandling
1107 254 95 30 inom
1226 254 169 29 utskottet
1416 253 44 29 ha
1480 252 157 31 närvarit

308 315 81 30 från
418 315 166 30 första
612 315 223 29 kammaren:
855 313 122 30 herrar
995 313 126 34 Ohlon,
1141 312 125 31 Gustaf
1284 312 213 33 Andersson,
1517 312 77 29 Ivar
1614 310 149 31 Johans-

267 367 72 25 son,
366 358 126 29 fröken
518 357 213 36 Andersson,
758 357 121 29 herrar
905 356 119 38 Birger
1050 356 213 32 Andersson,
1290 355 145 33 Boman,
1461 354 115 34 Thun,
1604 353 156 34 Pålsson,

264 400 205 39 Holmqvist,
511 399 130 30 Rikard
684 400 181 31 Svensson,
908 398 56 29 fru
1004 397 260 34 Wallentheim,
1306 396 122 29 herrar
1470 395 190 39 Söderberg
1701 394 64 30 och

265 442 168 39 Aastrup;
455 443 90 28 samt

308 492 81 30 från
431 492 154 30 andra
627 492 222 29 kammaren:
883 490 121 30 herrar
1036 489 180 39 Skoglund
1248 489 10 29 i
1290 489 224 39 Doverstorp,
1547 488 213 33 Åkerström,

265 535 203 39 Malmborg,
485 535 182 29 Petterson
684 533 11 29 i
712 533 197 40 Degerfors,
925 533 172 39 Thapper,
1115 532 127 30 fröken
1259 531 133 35 Elmén,
1410 531 123 29 herrar
1551 530 211 33 Rubbestad,

265 577 210 30 Gustafsson
493 577 11 29 i
524 577 212 33 Stockholm,
756 576 140 29 Nilsson
915 575 11 29 i
945 574 272 40 Göingegården,
1238 574 124 30 fröken
1383 573 138 34 Olsson,
1541 573 123 29 herrar
1683 571 79 31 We-

265 620 76 34 dén,
359 620 176 38 Almgren,
552 619 168 34 Nihlfors,
739 618 154 30 Gerhard
910 617 139 30 Nilsson
1066 617 11 29 i
1095 617 103 30 Gävle
1217 616 64 30 och
1299 616 57 29 fru
1375 615 141 40 Sjövall.

901 756 230 33 Reservation

308 846 58 29 vid
388 845 159 40 punkten
572 846 15 29 1
618 844 434 39 (Utrikesförvaltningen:
1078 843 230 39 Avlöningar)
1338 851 42 20 av
1402 842 123 29 herrar
1550 840 125 36 Ohlon,
1700 840 64 30 Bo-

265 905 93 28 man,
387 895 164 40 Aastrup,
580 895 205 39 Malmborg,
814 895 126 30 fröken
968 894 133 36 Elmén,
1131 894 121 29 herrar
1281 893 140 29 Nilsson
1450 892 11 29 i
1490 891 273 40 Göingegården,

268 946 141 37 Wedén,
426 946 156 40 Nihlfors
599 946 66 30 och
683 946 155 30 Gerhard
855 945 139 31 Nilsson
1011 944 11 30 i
1039 945 114 34 Gävle,
1172 944 94 29 vilka
1285 945 114 28 ansett
1417 944 51 28 att
1484 942 172 30 utskottet
1674 941 11 29 i
1704 950 59 20 an-

267 997 141 40 ledning
430 1006 42 21 av
493 997 180 29 motionen
695 997 45 29 II:
757 997 62 29 223
841 996 78 29 bort
940 995 165 40 avstyrka
1127 995 127 39 Kungl.
1276 994 124 39 Maj:ts
1422 993 141 39 förslag,
1586 993 11 28 i
1618 992 67 30 vad
1707 1001 56 20 av-

267 1057 54 20 ser
338 1047 215 31 inrättandet
571 1056 43 21 av
630 1057 43 20 en
691 1047 195 39 rådstjänst
904 1047 10 28 i
932 1047 45 29 Be
998 1048 14 29 1
1032 1046 65 29 och
1114 1055 44 20 en
1175 1044 196 39 befattning
1391 1053 75 20 som
1484 1043 109 30 förste
1612 1042 151 30 kanslist

265 1098 10 29 i
294 1098 50 29 Ao
365 1098 50 34 19,
437 1099 164 28 ävensom
621 1097 140 39 vidtaga
780 1097 70 29 viss
871 1096 174 39 sänkning
1065 1105 42 20 av
1128 1095 181 40 delposten
1329 1095 53 29 till
1401 1092 366 42 prisutjämningstill-

265 1148 76 39 lägg
363 1148 66 29 och
452 1149 50 28 att
525 1148 121 29 därför

309 1198 74 30 dels
407 1199 110 29 andra
541 1198 135 39 stycket
699 1198 10 28 i
733 1198 188 29 utskottets
943 1197 162 40 yttrande
1135 1196 43 34 (s.
1202 1196 36 34 4)
1265 1196 78 29 bort
1364 1196 46 29 ha
1433 1195 159 39 följande
1615 1194 145 40 lydelse:

311 1249 33 29 »I
363 1248 203 31 nuvarande
587 1248 146 40 skärpta
750 1247 229 31 ekonomiska
997 1247 74 39 läge
1090 1246 112 30 måste
1221 1246 119 30 starka
1360 1245 76 30 skäl
1456 1245 167 39 föreligga
1642 1244 56 30 för
1716 1244 52 29 in-

265 1299 178 29 rättandet
467 1307 42 22 av
533 1307 68 31 nya
626 1298 161 40 tjänster.
813 1298 75 30 Vad
913 1296 386 41 departementschefen
1325 1296 117 29 anfört
1468 1295 66 30 och
1559 1295 172 30 utskottet
1756 1295 11 29 i

265 1349 111 40 övrigt
405 1349 175 30 inhämtat
609 1349 66 29 har
704 1349 76 29 icke
809 1349 179 38 övertygat
1018 1348 171 29 utskottet
1219 1356 57 20 om
1306 1346 305 39 nödvändigheten
1641 1355 44 20 av
1713 1346 51 28 att

266 1400 107 29 redan
393 1399 43 30 fr.
457 1409 29 20 o.
507 1409 44 20 m.
573 1401 102 28 nästa
695 1398 169 40 budgetår
883 1398 131 30 inrätta
1033 1408 42 20 en
1096 1407 46 30 ny
1163 1397 196 39 rådstjänst
1378 1397 11 28 i
1410 1398 45 28 Be
1479 1398 27 35 1,
1527 1397 159 29 närmast
1705 1404 58 21 av-

265 1449 83 30 sedd
369 1451 51 28 att
441 1449 155 39 placeras
616 1450 11 29 i
645 1448 224 30 Nordafrika.
892 1449 77 29 Med
989 1448 138 39 hänsyn
1148 1448 120 29 härtill
1288 1456 103 21 anser
1411 1447 181 33 utskottet,
1615 1448 51 27 att
1687 1445 78 30 med

267 1500 336 40 ställningstagande
631 1500 54 30 till
714 1499 403 40 departementschefens
1147 1499 131 38 förslag
1305 1498 12 29 i
1345 1499 116 29 denna
1488 1498 55 29 del
1570 1497 64 30 bör
1663 1496 101 30 anstå

266 1551 70 29 tills
357 1550 131 30 vidare.
511 1550 93 30 Även
626 1550 222 30 beträffande
871 1550 166 39 förslaget
1060 1559 57 20 om
1138 1549 217 29 inrättandet
1378 1557 42 21 av
1441 1548 59 30 två
1522 1557 69 30 nya
1612 1547 151 40 tjänster

268 1610 76 21 som
369 1601 109 30 förste
504 1601 151 29 kanslist
681 1601 10 28 i
719 1601 49 29 Ao
797 1601 39 30 19
863 1600 118 30 ställer
1008 1600 51 39 sig
1086 1600 172 29 utskottet
1285 1599 185 29 tveksamt.
1498 1598 178 30 Utskottet
1703 1597 59 30 vill

266 1652 89 29 dock
375 1652 77 29 icke
474 1653 167 28 motsätta
663 1651 51 39 sig
735 1653 50 27 att
806 1660 43 20 en
871 1660 41 20 av
934 1651 100 29 dessa
1056 1650 151 39 tjänster
1229 1659 47 20 nu
1297 1650 161 29 inrättas.
1481 1649 283 39 Departements-

266 1702 142 30 chefens
440 1701 131 40 förslag
601 1702 54 29 till
685 1700 412 41 personalförändringar
1127 1700 11 29 i
1169 1700 112 39 övrigt
1312 1709 104 31 synas
1448 1700 85 29 böra
1563 1699 198 39 godtagas.>

309 1752 73 29 dels
400 1751 112 40 tredje
529 1752 135 38 stycket
683 1752 11 29 i
711 1751 189 30 utskottets
916 1751 162 39 yttrande
1101 1750 43 33 (s.
1163 1750 102 35 4—5)
1287 1750 77 29 bort
1381 1750 45 29 ha
1444 1749 157 39 följande
1620 1748 145 40 lydelse:

312 1802 416 39 »Departementschefen
749 1802 64 29 har
833 1801 221 30 beträffande
1075 1801 45 30 bl.
1143 1810 29 20 a.
1195 1802 164 38 posterna
1380 1800 52 29 till
1453 1799 312 41 prisutjämnings-

267 1852 129 40 tillägg,
418 1852 53 30 till
492 1852 174 30 särskilda
687 1852 178 30 förmåner
886 1852 10 29 i
917 1852 111 39 övrigt
1048 1852 53 29 till
1123 1851 227 40 diplomatisk
1371 1851 65 29 och
1458 1850 169 30 konsulär
1647 1858 118 32 perso-

267 1903 67 35 nal,
355 1903 53 29 till
427 1903 194 39 ortstillägg
641 1903 55 29 för
717 1902 258 30 administrativ
994 1903 163 39 personal
1178 1904 91 28 samt
1289 1901 52 30 till
1361 1901 195 39 ortstillägg
1576 1901 55 29 för
1651 1909 113 31 press-

267 1954 176 29 attachéer
463 1954 179 38 föreslagit
661 1953 93 29 vissa
773 1953 182 39 ökningar.
975 1955 13 28 I
1008 1953 232 29 förenämnda
1260 1952 132 29 motion
1413 1953 45 29 II:
1475 1952 62 29 223
1558 1951 64 29 har
1642 1951 121 39 yrkats

268 2014 42 20 en
332 2004 236 39 begränsning
590 2013 43 20 av
655 2004 102 29 dessa
779 2003 172 39 ökningar
975 2003 77 29 med
1076 2004 41 30 50
1140 2004 154 38 procent.
1319 2002 176 30 Utskottet
1518 2002 64 29 har
1605 2001 57 30 vid
1687 2001 75 29 sina

267 2055 264 39 överväganden
550 2055 150 29 rörande
721 2054 93 29 detta
835 2054 130 39 förslag
985 2054 64 29 och
1070 2053 45 30 då
1134 2054 171 29 utskottet
1325 2052 107 40 enligt
1453 2052 203 30 inhämtade
1679 2061 85 30 upp-

268 2105 179 39 lysningar
471 2105 118 30 funnit
612 2114 44 20 en
679 2104 235 40 begränsning
937 2104 213 29 åtminstone
1172 2104 68 29 vad
1264 2104 106 39 gäller
1392 2104 184 38 delposten
1599 2102 54 30 till
1676 2102 88 41 pris-

269 2155 340 39 utjämningstillägg
637 2155 123 29 kunna
788 2156 85 27 utan
901 2154 182 39 olägenhet
1113 2154 72 34 ske,
1214 2155 114 28 ansett
1357 2154 51 39 sig
1435 2153 85 31 böra
1548 2153 139 33 föreslå,
1717 2154 50 27 att

267 2207 123 38 posten
410 2205 11 29 i
442 2205 98 39 fråga
561 2206 158 28 minskas
741 2205 78 29 med
842 2206 61 29 100
917 2205 63 30 000
1001 2205 140 29 kronor.
1164 2205 126 29 Utöver
1311 2204 66 29 vad
1399 2213 74 20 som
1495 2213 48 19 nu
1565 2203 198 39 föreslagits

268 2257 69 29 kan
357 2256 172 30 utskottet
547 2256 76 29 icke
643 2256 138 29 biträda
800 2255 178 30 motionen
998 2255 10 29 i
1028 2256 115 29 denna
1164 2255 65 29 del.
1250 2255 176 29 Utskottet
1446 2254 60 29 vill
1526 2254 11 29 i
1557 2255 94 29 detta
1674 2263 90 20 sam-

267 2306 178 39 manhang
473 2306 236 40 understryka
736 2306 119 29 vikten
883 2315 42 20 av
952 2307 50 28 att
1031 2307 128 28 största
1188 2305 143 39 möjliga
1359 2305 288 29 återhållsamhet
1675 2304 90 30 iakt-

267 2359 94 37 tages
381 2357 58 29 vid
458 2356 217 40 prövningen
695 2366 41 19 av
754 2356 63 30 här
837 2356 152 29 avsedda
1007 2356 209 30 förmåner.»

310 2407 73 30 dels
407 2407 115 39 fjärde
545 2407 136 39 stycket
703 2407 11 29 i
736 2407 189 29 utskottets
946 2407 163 39 yttrande
1138 2406 44 34 (s.
1205 2406 36 34 5)
1268 2406 77 29 bort
1367 2406 46 29 ha
1434 2406 158 39 följande
1615 2406 146 39 lydelse:
