2200 2692
68 2593 36 47 ”-

453 206 19 31 6
889 209 104 32 Stats-
1001 209 168 34 Utskottets
1197 210 171 34 Ullåtande
1391 212 63 33 N:o
1476 212 52 33 19.

409 286 159 36 vilkoren
609 287 55 35 vid
694 288 57 35 det
779 289 178 36 allmänna
986 290 225 37 ekonomiska
1239 291 223 36 karteverket
1489 292 11 35 i
1529 291 127 49 Kongl.
1688 293 134 36 brefvet
1850 294 66 36 den
1948 295 46 35 16

408 338 85 35 Juni
525 340 95 35 1875
649 340 181 37 faststälda
858 344 160 44 grunder,
1047 343 58 35 det
1133 344 116 35 kunde
1278 344 10 34 i
1316 344 100 47 fråga
1435 345 149 44 komma,
1614 350 51 31 att
1692 346 59 34 två
1780 347 216 47 kartografer

407 391 76 35 från
512 392 65 35 och
605 393 77 34 med
711 394 67 35 den
810 396 16 32 1
857 395 148 36 Januari
1038 398 94 34 1878
1162 396 114 35 skulle
1306 397 137 35 komma
1471 397 10 35 i
1509 398 203 47 åtnjutande
1734 399 121 47 hvarje
1871 400 38 34 af
1930 402 64 35 500

407 443 145 36 kronors
593 444 374 51 arfvodesförhöjning,
1012 451 89 32 samt
1142 448 136 47 möjligt
1310 461 81 22 vore
1419 453 50 31 att
1497 449 42 35 de
1567 450 50 35 uti
1645 451 237 46 utgiftsstaten
1909 464 86 36 upp-

407 500 105 42 tagne
553 496 59 35 två
652 501 100 32 extra
786 498 158 37 biträden
972 500 77 35 från
1077 500 63 35 och
1169 500 76 35 med
1275 513 132 23 samma
1435 501 68 47 dag
1530 501 116 36 kunde
1675 502 139 36 komma
1841 504 12 34 i
1880 504 114 48 åtnju-

407 548 105 34 tande
555 548 38 35 af
629 548 114 48 lägsta
783 550 94 36 klass
922 552 36 35 af
995 551 361 47 kartografarfvoden,
1384 553 128 35 hvaraf
1536 553 106 48 följde
1670 559 49 30 att
1747 556 41 34 de
1817 556 111 35 under
1957 557 38 35 år

411 601 94 34 1878
549 600 112 36 skulle
690 601 228 38 tillsammans
947 605 156 47 uppbära
1133 606 72 35 600
1235 605 145 35 kronors
1409 604 111 48 högre
1548 607 167 35 arfvoden
1744 611 43 31 än
1817 608 110 36 under
1956 610 39 34 år

410 654 107 39 1877,
546 653 123 35 endast
697 654 52 35 för
777 655 349 48 arfvodestillökning
1155 656 102 36 alltså
1286 657 216 36 erfordrades
1531 671 43 23 en
1601 658 201 48 förhöjning
1830 660 40 35 af
1890 663 107 39 1,600

404 703 128 36 kronor
572 705 11 34 i
625 705 56 34 det
721 706 112 46 årliga
875 708 275 46 arbetsanslaget
1177 709 53 34 till
1258 710 236 45 karteverket;
1524 714 89 31 samt
1641 716 59 40 att,
1730 716 83 29 enär
1841 713 152 34 omkost-

406 755 158 34 naderna
605 755 52 35 för
697 757 183 46 begagnad
908 758 270 49 handräckning
1206 760 111 35 under
1345 760 135 35 arbetet
1506 761 45 47 på
1577 761 107 41 fältet,
1713 761 120 36 hvilka
1862 763 133 48 utgjort

406 808 106 45 2,201
557 808 128 35 kronor
726 810 40 34 år
810 813 96 33 1874
948 811 65 36 och
1043 813 106 45 3,133
1181 813 127 34 kronor
1337 812 38 35 år
1407 815 106 43 1875,
1541 813 39 35 år
1612 816 93 34 1876
1737 816 177 46 uppginge
1943 816 51 35 till

405 859 162 46 omkring
610 862 107 44 3,650
756 861 129 36 kronor
913 863 65 35 och
1006 863 52 36 för
1086 864 236 35 innevarande
1351 865 38 34 år
1418 865 189 35 beräknats
1632 866 51 35 till
1712 868 110 44 4,000
1851 867 140 41 kronor,

410 933 35 3 —
484 911 65 35 och
584 911 102 36 dessa
720 914 143 46 utgifter
891 915 133 35 således
1053 916 89 34 varit
1169 916 11 34 i
1204 916 112 47 jemnt
1344 917 169 46 stigande,
1543 925 89 27 samt
1660 918 130 36 sådana
1817 918 177 48 tillfälliga

403 963 235 48 besparingar,
679 964 167 37 hvarmed
889 967 177 35 desamma
1098 967 123 36 hittills
1250 969 134 34 kunnat
1411 969 180 45 bestridas,
1620 970 78 35 icke
1727 971 77 34 med
1832 972 162 35 säkerhet

402 1027 81 23 vore
516 1019 50 31 att
593 1016 99 35 alltid
721 1017 169 47 påräkna,
918 1019 203 47 betingades
1150 1019 36 35 af
1212 1020 114 35 denna
1355 1021 192 47 anledning
1574 1021 54 36 för
1655 1023 38 34 år
1725 1025 95 35 1878
1850 1036 44 23 en
1922 1024 70 35 till-

401 1067 133 47 ökning
561 1067 11 35 i
600 1068 157 47 anslaget
784 1070 53 34 till
866 1071 225 35 karteverket
1118 1071 78 36 med
1226 1073 73 35 900
1329 1073 136 35 kronor.

553 1119 72 35 Vid
668 1120 215 49 behandling
925 1123 37 34 af
999 1123 115 35 denna
1155 1124 223 46 utgiftsfråga
1422 1125 64 34 har
1527 1124 178 37 Ttskottet
1744 1126 78 36 icke
1857 1127 136 36 kunnat

400 1171 184 35 underlåta
613 1176 50 30 att
691 1172 186 36 framhålla
906 1175 178 45 åtskilliga
1112 1175 51 34 hit
1190 1175 156 35 hörande
1374 1177 306 46 omständigheter,
1709 1190 73 22 som
1811 1191 104 35 synas
1934 1180 58 34 väl

399 1222 164 46 förtjenta
595 1223 38 34 af
660 1225 317 45 uppmärksamhet.
1031 1225 50 36 På
1115 1229 68 32 sätt
1210 1227 381 47 statsrådsprotokollet
1619 1228 80 46 (Bil.
1727 1229 65 35 N:o
1823 1234 18 31 5
1872 1242 30 35 a,
1927 1231 62 35 sid.

403 1275 164 45 15—26)
600 1275 112 44 gifver
745 1275 58 35 vid
838 1276 148 45 handen,
1024 1277 89 36 hade
1142 1278 321 47 afdelningschefen
1491 1279 52 35 för
1572 1279 295 37 Generalstabens
1895 1286 96 43 topo-

400 1325 152 45 grafiska
579 1325 181 48 afdelning
788 1328 50 34 uti
866 1329 199 35 infordrade
1094 1330 204 35 utlåtanden
1326 1330 35 35 af
1388 1331 65 34 den
1484 1333 19 32 2
1534 1331 64 36 och
1627 1334 22 32 4
1670 1332 200 47 September
1893 1335 94 34 1876

399 1376 124 46 anfört,
552 1377 106 36 bland
688 1383 117 41 annat,
835 1385 50 30 att
914 1383 44 33 53
989 1381 48 45 år,
1066 1381 151 35 räknadt
1244 1381 75 35 från
1350 1382 123 47 början
1502 1383 39 34 af
1569 1386 107 42 1876,
1706 1385 116 35 kunde
1843 1389 147 43 antagas

399 1428 113 35 såsom
553 1429 66 35 den
660 1430 183 36 sannolika
883 1432 59 41 tid,
987 1432 144 36 hvilken
1173 1433 110 35 skulle
1311 1434 174 35 erfordras
1512 1434 53 36 för
1593 1435 206 45 afslutande,
1828 1437 86 35 efter
1942 1450 48 23 nu

398 1480 165 46 gällande
597 1482 269 47 bestämmelser,
900 1484 37 34 af
964 1484 58 35 det
1049 1485 226 35 ekonomiska
1302 1486 197 46 karteverk,
1528 1499 72 22 som
1630 1487 88 35 hade
1746 1492 50 31 att
1824 1489 165 35 bearbeta

400 1532 101 34 södra
530 1532 63 35 och
623 1533 175 35 mellersta
825 1535 143 35 delarne
996 1536 38 34 af
1059 1536 106 47 riket;
1195 1542 48 29 att
1271 1539 199 44 4,277,000
1499 1538 129 35 kronor
1656 1551 81 23 vore
1757 1540 66 35 den
1844 1553 143 35 summa,

401 1595 72 22 som
503 1584 216 36 sannolikast
748 1586 157 35 utvisade
932 1587 92 35 hvad
1053 1588 57 33 det
1138 1592 94 30 ännu
1261 1588 216 36 återstående
1505 1590 226 35 ekonomiska
1754 1591 234 37 kartearbetet

399 1634 95 35 öfver
535 1637 237 46 nyssnämnda
811 1638 199 36 landsdelar
1050 1639 117 35 kunde
1197 1640 139 35 komma
1363 1645 51 30 att
1442 1641 113 46 kosta;
1585 1647 50 30 att
1662 1643 129 46 vidare,
1821 1644 43 35 då
1892 1645 94 35 detta

398 1686 218 36 kartearbete
645 1689 76 35 med
750 1688 272 48 beskrifningar,
1044 1691 47 34 all
1108 1691 206 36 omkostnad
1335 1692 53 35 för
1409 1692 280 48 karteutgifning
1709 1695 29 46 ej
1762 1697 223 46 medräknad,

397 1738 91 34 intill
526 1738 106 36 slutet
663 1740 39 34 af
730 1740 38 35 år
804 1743 95 33 1875
930 1742 114 35 kostat
1070 1742 10 34 i
1109 1743 56 34 det
1192 1747 174 32 närmaste
1397 1746 163 44 558,000
1591 1745 139 46 kronor,
1759 1747 103 36 alltså
1891 1749 92 34 kost-

397 1789 114 35 naden
552 1790 52 35 för
644 1791 66 35 den
753 1793 225 35 ekonomiska
1010 1794 297 47 kartläggningen
1335 1794 39 36 af
1399 1796 142 46 Sverige
1570 1798 100 34 söder
1697 1810 55 22 om
1781 1799 204 47 Gefleborgs

396 1840 65 35 och
488 1841 199 36 Jemtlands
715 1843 68 47 län,
812 1849 85 30 utan
926 1845 289 47 karteutgifning,
1244 1846 114 35 skulle
1378 1847 106 35 blifva
1499 1849 163 46 omkring
1685 1851 200 44 4,840,000
1905 1852 79 34 kro-

396 1904 71 22 nor.
522 1892 77 36 Den
636 1894 148 36 sålunda
822 1896 193 47 uppgjorda
1050 1898 237 46 beräkningen
1316 1898 51 35 för
1396 1899 65 34 den
1491 1900 186 35 sannolika
1705 1901 49 34 tid
1797 1903 65 34 och
1890 1903 93 35 kost-

394 1944 79 44 nad,
516 1956 73 23 som
631 1946 113 35 skulle
773 1947 173 36 erfordras
975 1948 52 35 för
1055 1949 196 35 afslutande
1281 1950 37 34 af
1342 1950 57 35 det
1427 1951 228 35 ekonomiska
1685 1953 198 44 karteverk,
1912 1967 70 22 som

394 1994 88 36 hade
517 1999 51 31 att
597 1996 163 37 bearbeta
789 1998 176 36 mellersta
995 2000 65 35 och
1090 2001 101 34 södra
1220 2001 141 35 delarne
1389 2002 37 34 af
1450 2002 127 46 landet,
1606 2003 99 47 afsåg
1732 2004 88 36 dock
1862 2007 122 34 endast

396 2046 66 35 den
504 2046 108 36 första
654 2050 249 46 ursprungliga
932 2051 295 47 kartläggningen
1257 2053 75 34 med
1362 2053 208 36 tillhörande
1600 2055 290 48 arealberäkning
1918 2058 65 34 och

394 2098 141 46 vanliga
576 2099 406 48 häradsbeskrifningars
1024 2104 232 46 upprättande
1298 2104 64 35 och
1402 2105 212 45 utgifvande.
1670 2107 82 34 Men
1793 2120 55 23 om
1889 2109 93 35 detta

393 2149 189 36 karteverk
611 2151 113 35 skulle
753 2153 119 34 kunna
901 2154 159 47 uppfylla
1088 2153 54 37 sin
1171 2155 273 47 hufvudsakliga
1474 2157 250 47 bestämmelse,
1741 2171 72 23 som
1829 2172 81 23 vore
1931 2165 51 30 att

393 2200 242 36 åstadkomma
670 2204 122 34 "säker
823 2205 196 35 kännedom
1047 2217 52 23 om
1131 2206 105 35 rikets
1265 2207 105 47 areal,
1399 2213 89 30 samt
1516 2209 130 35 dennas
1675 2210 92 35 olika
1784 2210 195 37 beskaffen-

392 2251 60 35 het
484 2253 65 34 och
582 2254 200 47 fördelning
809 2256 11 34 i
848 2257 221 35 ekonomiskt
1096 2257 232 44 hänseende",
1358 2260 37 34 så
1424 2261 117 43 måste,
1571 2261 87 35 efter
1686 2263 90 34 vissa
1806 2263 175 36 bestämda

392 2303 229 48 mellantider,
653 2308 255 45 genomgående
936 2308 222 47 granskning
1184 2309 57 47 på
1266 2309 103 44 fältet
1397 2313 149 44 utföras,
1576 2313 52 35 för
1655 2317 50 31 att
1733 2314 20 34 å
1781 2315 43 33 de
1852 2316 129 35 ekono-

392 2355 111 35 miska
545 2356 283 49 konceptbladen
868 2359 11 34 i
906 2360 123 35 skalan
1067 2362 195 46 1:20,000
1295 2362 113 36 införa
1449 2363 41 35 de
1519 2364 106 35 sedan
1653 2364 67 36 den
1748 2365 107 37 första
1883 2367 96 36 kart-
