<?xml version="1.0" encoding="UTF-8"?>
<alto xmlns="http://www.loc.gov/standards/alto/ns-v3#" xmlns:xlink="http://www.w3.org/1999/xlink" xmlns:xsi="http://www.w3.org/2001/XMLSchema-instance" xsi:schemaLocation="http://www.loc.gov/standards/alto/ns-v3# http://www.loc.gov/alto/v3/alto-3-0.xsd">
	<Description>
		<MeasurementUnit>pixel</MeasurementUnit>
		<sourceImageInformation>
			<fileName>/tmp/tess_qyx_ouow_input.PNG</fileName>
		</sourceImageInformation>
		<OCRProcessing ID="OCR_0">
			<ocrProcessingStep>
				<processingSoftware>
					<softwareName>tesseract 5.3.0</softwareName>
				</processingSoftware>
			</ocrProcessingStep>
		</OCRProcessing>
	</Description>
	<Layout>
		<Page WIDTH="2176" HEIGHT="2622" PHYSICAL_IMG_NR="0" ID="page_0">
			<PrintSpace HPOS="0" VPOS="0" WIDTH="2176" HEIGHT="2622">
				<ComposedBlock ID="cblock_0" HPOS="406" VPOS="173" WIDTH="1093" HEIGHT="33">
					<TextBlock ID="block_0" HPOS="406" VPOS="173" WIDTH="1093" HEIGHT="33">
						<TextLine ID="line_0" HPOS="406" VPOS="173" WIDTH="1093" HEIGHT="33">
							<String ID="string_0" HPOS="406" VPOS="178" WIDTH="39" HEIGHT="28" WC="0.94" CONTENT="80"/><SP WIDTH="490" VPOS="178" HPOS="445"/>
							<String ID="string_1" HPOS="935" VPOS="174" WIDTH="231" HEIGHT="29" WC="0.88" CONTENT="Statsutskottets"/><SP WIDTH="30" VPOS="174" HPOS="1166"/>
							<String ID="string_2" HPOS="1196" VPOS="173" WIDTH="151" HEIGHT="28" WC="0.95" CONTENT="Utlåtande"/><SP WIDTH="22" VPOS="173" HPOS="1347"/>
							<String ID="string_3" HPOS="1369" VPOS="173" WIDTH="58" HEIGHT="28" WC="0.96" CONTENT="N:o"/><SP WIDTH="24" VPOS="173" HPOS="1427"/>
							<String ID="string_4" HPOS="1451" VPOS="173" WIDTH="48" HEIGHT="28" WC="0.94" CONTENT="11."/>
						</TextLine>
					</TextBlock>
				</ComposedBlock>
				<ComposedBlock ID="cblock_1" HPOS="405" VPOS="244" WIDTH="1617" HEIGHT="2025">
					<TextBlock ID="block_1" HPOS="405" VPOS="244" WIDTH="1617" HEIGHT="500">
						<TextLine ID="line_1" HPOS="511" VPOS="244" WIDTH="1509" HEIGHT="51">
							<String ID="string_5" HPOS="511" VPOS="252" WIDTH="84" HEIGHT="37" WC="0.90" CONTENT="»Uti"/><SP WIDTH="37" VPOS="252" HPOS="595"/>
							<String ID="string_6" HPOS="632" VPOS="264" WIDTH="45" HEIGHT="25" WC="0.96" CONTENT="en"/><SP WIDTH="36" VPOS="264" HPOS="677"/>
							<String ID="string_7" HPOS="713" VPOS="251" WIDTH="59" HEIGHT="35" WC="0.93" CONTENT="till"/><SP WIDTH="35" VPOS="251" HPOS="772"/>
							<String ID="string_8" HPOS="807" VPOS="250" WIDTH="112" HEIGHT="36" WC="0.91" CONTENT="Eders"/><SP WIDTH="33" VPOS="250" HPOS="919"/>
							<String ID="string_9" HPOS="952" VPOS="250" WIDTH="137" HEIGHT="45" WC="0.95" CONTENT="Kungl."/><SP WIDTH="27" VPOS="250" HPOS="1089"/>
							<String ID="string_10" HPOS="1116" VPOS="249" WIDTH="102" HEIGHT="45" WC="0.95" CONTENT="Maj:t"/><SP WIDTH="29" VPOS="249" HPOS="1218"/>
							<String ID="string_11" HPOS="1247" VPOS="248" WIDTH="68" HEIGHT="36" WC="0.96" CONTENT="den"/><SP WIDTH="30" VPOS="248" HPOS="1315"/>
							<String ID="string_12" HPOS="1345" VPOS="250" WIDTH="45" HEIGHT="34" WC="0.96" CONTENT="29"/><SP WIDTH="24" VPOS="250" HPOS="1390"/>
							<String ID="string_13" HPOS="1414" VPOS="247" WIDTH="150" HEIGHT="47" WC="0.96" CONTENT="januari"/><SP WIDTH="30" VPOS="247" HPOS="1564"/>
							<String ID="string_14" HPOS="1594" VPOS="248" WIDTH="92" HEIGHT="34" WC="0.93" CONTENT="1901"/><SP WIDTH="30" VPOS="248" HPOS="1686"/>
							<String ID="string_15" HPOS="1716" VPOS="245" WIDTH="166" HEIGHT="47" WC="0.92" CONTENT="ingifven"/><SP WIDTH="29" VPOS="245" HPOS="1882"/>
							<String ID="string_16" HPOS="1911" VPOS="244" WIDTH="109" HEIGHT="38" WC="0.96" CONTENT="skrift"/>
						</TextLine>
						<TextLine ID="line_2" HPOS="405" VPOS="296" WIDTH="1614" HEIGHT="50">
							<String ID="string_17" HPOS="405" VPOS="303" WIDTH="68" HEIGHT="35" WC="0.95" CONTENT="har"/><SP WIDTH="40" VPOS="303" HPOS="473"/>
							<String ID="string_18" HPOS="513" VPOS="302" WIDTH="84" HEIGHT="37" WC="0.93" CONTENT="Carl"/><SP WIDTH="40" VPOS="302" HPOS="597"/>
							<String ID="string_19" HPOS="637" VPOS="301" WIDTH="192" HEIGHT="45" WC="0.90" CONTENT="Dahlborg"/><SP WIDTH="30" VPOS="301" HPOS="829"/>
							<String ID="string_20" HPOS="859" VPOS="301" WIDTH="116" HEIGHT="45" WC="0.94" CONTENT="jämte"/><SP WIDTH="39" VPOS="301" HPOS="975"/>
							<String ID="string_21" HPOS="1014" VPOS="302" WIDTH="68" HEIGHT="34" WC="0.96" CONTENT="139"/><SP WIDTH="37" VPOS="302" HPOS="1082"/>
							<String ID="string_22" HPOS="1119" VPOS="300" WIDTH="119" HEIGHT="35" WC="0.96" CONTENT="andra"/><SP WIDTH="35" VPOS="300" HPOS="1238"/>
							<String ID="string_23" HPOS="1273" VPOS="300" WIDTH="102" HEIGHT="34" WC="0.96" CONTENT="inom"/><SP WIDTH="27" VPOS="300" HPOS="1375"/>
							<String ID="string_24" HPOS="1402" VPOS="299" WIDTH="146" HEIGHT="36" WC="0.95" CONTENT="landets"/><SP WIDTH="29" VPOS="299" HPOS="1548"/>
							<String ID="string_25" HPOS="1577" VPOS="298" WIDTH="98" HEIGHT="34" WC="0.96" CONTENT="olika"/><SP WIDTH="28" VPOS="298" HPOS="1675"/>
							<String ID="string_26" HPOS="1703" VPOS="296" WIDTH="104" HEIGHT="35" WC="0.96" CONTENT="delar"/><SP WIDTH="28" VPOS="296" HPOS="1807"/>
							<String ID="string_27" HPOS="1835" VPOS="296" WIDTH="184" HEIGHT="37" WC="0.96" CONTENT="anställda"/>
						</TextLine>
						<TextLine ID="line_3" HPOS="407" VPOS="347" WIDTH="1611" HEIGHT="54">
							<String ID="string_28" HPOS="407" VPOS="359" WIDTH="106" HEIGHT="32" WC="0.96" CONTENT="extra"/><SP WIDTH="39" VPOS="359" HPOS="513"/>
							<String ID="string_29" HPOS="552" VPOS="352" WIDTH="331" HEIGHT="49" WC="0.96" CONTENT="provinsialläkare"/><SP WIDTH="40" VPOS="352" HPOS="883"/>
							<String ID="string_30" HPOS="923" VPOS="352" WIDTH="10" HEIGHT="34" WC="0.93" CONTENT="i"/><SP WIDTH="42" VPOS="352" HPOS="933"/>
							<String ID="string_31" HPOS="975" VPOS="350" WIDTH="295" HEIGHT="45" WC="0.89" CONTENT="underdånighet"/><SP WIDTH="32" VPOS="350" HPOS="1270"/>
							<String ID="string_32" HPOS="1302" VPOS="348" WIDTH="157" HEIGHT="37" WC="0.96" CONTENT="anhållit"/><SP WIDTH="27" VPOS="348" HPOS="1459"/>
							<String ID="string_33" HPOS="1486" VPOS="362" WIDTH="60" HEIGHT="23" WC="0.93" CONTENT="om"/><SP WIDTH="30" VPOS="362" HPOS="1546"/>
							<String ID="string_34" HPOS="1576" VPOS="347" WIDTH="189" HEIGHT="46" WC="0.92" CONTENT="åtgärders"/><SP WIDTH="28" VPOS="347" HPOS="1765"/>
							<String ID="string_35" HPOS="1793" VPOS="347" WIDTH="225" HEIGHT="45" WC="0.92" CONTENT="vidtagande"/>
						</TextLine>
						<TextLine ID="line_4" HPOS="405" VPOS="396" WIDTH="1612" HEIGHT="53">
							<String ID="string_36" HPOS="405" VPOS="404" WIDTH="58" HEIGHT="36" WC="0.96" CONTENT="för"/><SP WIDTH="37" VPOS="404" HPOS="463"/>
							<String ID="string_37" HPOS="500" VPOS="402" WIDTH="256" HEIGHT="39" WC="0.78" CONTENT="förbättrande"/><SP WIDTH="41" VPOS="402" HPOS="756"/>
							<String ID="string_38" HPOS="797" VPOS="401" WIDTH="40" HEIGHT="37" WC="0.96" CONTENT="af"/><SP WIDTH="36" VPOS="401" HPOS="837"/>
							<String ID="string_39" HPOS="873" VPOS="408" WIDTH="105" HEIGHT="30" WC="0.93" CONTENT="extra"/><SP WIDTH="40" VPOS="408" HPOS="978"/>
							<String ID="string_40" HPOS="1018" VPOS="401" WIDTH="373" HEIGHT="48" WC="0.90" CONTENT="provinsialläkarnes"/><SP WIDTH="41" VPOS="401" HPOS="1391"/>
							<String ID="string_41" HPOS="1432" VPOS="399" WIDTH="179" HEIGHT="45" WC="0.95" CONTENT="ställning"/><SP WIDTH="34" VPOS="399" HPOS="1611"/>
							<String ID="string_42" HPOS="1645" VPOS="403" WIDTH="96" HEIGHT="30" WC="0.96" CONTENT="samt"/><SP WIDTH="26" VPOS="403" HPOS="1741"/>
							<String ID="string_43" HPOS="1767" VPOS="398" WIDTH="13" HEIGHT="35" WC="0.96" CONTENT="i"/><SP WIDTH="27" VPOS="398" HPOS="1780"/>
							<String ID="string_44" HPOS="1807" VPOS="396" WIDTH="132" HEIGHT="37" WC="0.93" CONTENT="sådant"/><SP WIDTH="26" VPOS="396" HPOS="1939"/>
							<String ID="string_45" HPOS="1965" VPOS="397" WIDTH="52" HEIGHT="36" WC="0.92" CONTENT="af-"/>
						</TextLine>
						<TextLine ID="line_5" HPOS="406" VPOS="447" WIDTH="1612" HEIGHT="53">
							<String ID="string_46" HPOS="406" VPOS="455" WIDTH="142" HEIGHT="45" WC="0.96" CONTENT="seende,"/><SP WIDTH="41" VPOS="455" HPOS="548"/>
							<String ID="string_47" HPOS="589" VPOS="453" WIDTH="115" HEIGHT="37" WC="0.96" CONTENT="bland"/><SP WIDTH="40" VPOS="453" HPOS="704"/>
							<String ID="string_48" HPOS="744" VPOS="458" WIDTH="123" HEIGHT="37" WC="0.93" CONTENT="annat,"/><SP WIDTH="40" VPOS="458" HPOS="867"/>
							<String ID="string_49" HPOS="907" VPOS="453" WIDTH="188" HEIGHT="35" WC="0.92" CONTENT="hemställt"/><SP WIDTH="40" VPOS="453" HPOS="1095"/>
							<String ID="string_50" HPOS="1135" VPOS="457" WIDTH="64" HEIGHT="39" WC="0.96" CONTENT="att,"/><SP WIDTH="42" VPOS="457" HPOS="1199"/>
							<String ID="string_51" HPOS="1241" VPOS="451" WIDTH="83" HEIGHT="36" WC="0.96" CONTENT="med"/><SP WIDTH="34" VPOS="451" HPOS="1324"/>
							<String ID="string_52" HPOS="1358" VPOS="449" WIDTH="160" HEIGHT="45" WC="0.96" CONTENT="ändring"/><SP WIDTH="25" VPOS="449" HPOS="1518"/>
							<String ID="string_53" HPOS="1543" VPOS="450" WIDTH="12" HEIGHT="35" WC="0.96" CONTENT="i"/><SP WIDTH="28" VPOS="450" HPOS="1555"/>
							<String ID="string_54" HPOS="1583" VPOS="462" WIDTH="49" HEIGHT="22" WC="0.95" CONTENT="nu"/><SP WIDTH="29" VPOS="462" HPOS="1632"/>
							<String ID="string_55" HPOS="1661" VPOS="447" WIDTH="175" HEIGHT="47" WC="0.93" CONTENT="gällande"/><SP WIDTH="27" VPOS="447" HPOS="1836"/>
							<String ID="string_56" HPOS="1863" VPOS="448" WIDTH="155" HEIGHT="36" WC="0.92" CONTENT="bestäm-"/>
						</TextLine>
						<TextLine ID="line_6" HPOS="407" VPOS="498" WIDTH="1610" HEIGHT="54">
							<String ID="string_57" HPOS="407" VPOS="507" WIDTH="132" HEIGHT="35" WC="0.91" CONTENT="melser"/><SP WIDTH="39" VPOS="507" HPOS="539"/>
							<String ID="string_58" HPOS="578" VPOS="503" WIDTH="191" HEIGHT="47" WC="0.93" CONTENT="angående"/><SP WIDTH="40" VPOS="503" HPOS="769"/>
							<String ID="string_59" HPOS="809" VPOS="503" WIDTH="346" HEIGHT="49" WC="0.88" CONTENT="provinsialläkares"/><SP WIDTH="42" VPOS="503" HPOS="1155"/>
							<String ID="string_60" HPOS="1197" VPOS="506" WIDTH="74" HEIGHT="32" WC="0.95" CONTENT="rätt"/><SP WIDTH="39" VPOS="506" HPOS="1271"/>
							<String ID="string_61" HPOS="1310" VPOS="502" WIDTH="58" HEIGHT="35" WC="0.95" CONTENT="till"/><SP WIDTH="39" VPOS="502" HPOS="1368"/>
							<String ID="string_62" HPOS="1407" VPOS="502" WIDTH="154" HEIGHT="46" WC="0.93" CONTENT="pension"/><SP WIDTH="42" VPOS="502" HPOS="1561"/>
							<String ID="string_63" HPOS="1603" VPOS="499" WIDTH="20" HEIGHT="36" WC="0.90" CONTENT="å"/><SP WIDTH="34" VPOS="499" HPOS="1623"/>
							<String ID="string_64" HPOS="1657" VPOS="500" WIDTH="190" HEIGHT="35" WC="0.95" CONTENT="allmänna"/><SP WIDTH="26" VPOS="500" HPOS="1847"/>
							<String ID="string_65" HPOS="1873" VPOS="498" WIDTH="144" HEIGHT="46" WC="0.0" CONTENT="indrag"/>
						</TextLine>
						<TextLine ID="line_7" HPOS="407" VPOS="549" WIDTH="1609" HEIGHT="55">
							<String ID="string_66" HPOS="407" VPOS="558" WIDTH="238" HEIGHT="46" WC="0.92" CONTENT="ningsstaten,"/><SP WIDTH="41" VPOS="558" HPOS="645"/>
							<String ID="string_67" HPOS="686" VPOS="560" WIDTH="106" HEIGHT="30" WC="0.96" CONTENT="extra"/><SP WIDTH="38" VPOS="560" HPOS="792"/>
							<String ID="string_68" HPOS="830" VPOS="554" WIDTH="338" HEIGHT="46" WC="0.96" CONTENT="provinsialläkare,"/><SP WIDTH="41" VPOS="554" HPOS="1168"/>
							<String ID="string_69" HPOS="1209" VPOS="565" WIDTH="79" HEIGHT="23" WC="0.96" CONTENT="som"/><SP WIDTH="40" VPOS="565" HPOS="1288"/>
							<String ID="string_70" HPOS="1328" VPOS="550" WIDTH="208" HEIGHT="38" WC="0.94" CONTENT="befordrats"/><SP WIDTH="40" VPOS="550" HPOS="1536"/>
							<String ID="string_71" HPOS="1576" VPOS="551" WIDTH="56" HEIGHT="34" WC="0.95" CONTENT="till"/><SP WIDTH="44" VPOS="551" HPOS="1632"/>
							<String ID="string_72" HPOS="1676" VPOS="549" WIDTH="340" HEIGHT="46" WC="0.95" CONTENT="provinsialläkare,"/>
						</TextLine>
						<TextLine ID="line_8" HPOS="408" VPOS="600" WIDTH="1608" HEIGHT="51">
							<String ID="string_73" HPOS="408" VPOS="607" WIDTH="114" HEIGHT="36" WC="0.96" CONTENT="måtte"/><SP WIDTH="40" VPOS="607" HPOS="522"/>
							<String ID="string_74" HPOS="562" VPOS="605" WIDTH="40" HEIGHT="36" WC="0.96" CONTENT="af"/><SP WIDTH="38" VPOS="605" HPOS="602"/>
							<String ID="string_75" HPOS="640" VPOS="606" WIDTH="55" HEIGHT="35" WC="0.96" CONTENT="sin"/><SP WIDTH="41" VPOS="606" HPOS="695"/>
							<String ID="string_76" HPOS="736" VPOS="605" WIDTH="247" HEIGHT="46" WC="0.95" CONTENT="tjänstgöring"/><SP WIDTH="36" VPOS="605" HPOS="983"/>
							<String ID="string_77" HPOS="1019" VPOS="603" WIDTH="116" HEIGHT="37" WC="0.96" CONTENT="såsom"/><SP WIDTH="41" VPOS="603" HPOS="1135"/>
							<String ID="string_78" HPOS="1176" VPOS="608" WIDTH="107" HEIGHT="31" WC="0.96" CONTENT="extra"/><SP WIDTH="30" VPOS="608" HPOS="1283"/>
							<String ID="string_79" HPOS="1313" VPOS="601" WIDTH="330" HEIGHT="47" WC="0.96" CONTENT="provinsialläkare"/><SP WIDTH="25" VPOS="601" HPOS="1643"/>
							<String ID="string_80" HPOS="1668" VPOS="600" WIDTH="38" HEIGHT="36" WC="0.96" CONTENT="få"/><SP WIDTH="27" VPOS="600" HPOS="1706"/>
							<String ID="string_81" HPOS="1733" VPOS="600" WIDTH="118" HEIGHT="35" WC="0.96" CONTENT="räkna"/><SP WIDTH="26" VPOS="600" HPOS="1851"/>
							<String ID="string_82" HPOS="1877" VPOS="600" WIDTH="55" HEIGHT="46" WC="0.95" CONTENT="sig"/><SP WIDTH="27" VPOS="600" HPOS="1932"/>
							<String ID="string_83" HPOS="1959" VPOS="600" WIDTH="57" HEIGHT="35" WC="0.95" CONTENT="till"/>
						</TextLine>
						<TextLine ID="line_9" HPOS="407" VPOS="649" WIDTH="1615" HEIGHT="54">
							<String ID="string_84" HPOS="407" VPOS="658" WIDTH="96" HEIGHT="45" WC="0.96" CONTENT="godo"/><SP WIDTH="41" VPOS="658" HPOS="503"/>
							<String ID="string_85" HPOS="544" VPOS="656" WIDTH="72" HEIGHT="37" WC="0.96" CONTENT="fem"/><SP WIDTH="41" VPOS="656" HPOS="616"/>
							<String ID="string_86" HPOS="657" VPOS="655" WIDTH="41" HEIGHT="36" WC="0.96" CONTENT="år"/><SP WIDTH="41" VPOS="655" HPOS="698"/>
							<String ID="string_87" HPOS="739" VPOS="655" WIDTH="40" HEIGHT="36" WC="0.96" CONTENT="af"/><SP WIDTH="29" VPOS="655" HPOS="779"/>
							<String ID="string_88" HPOS="808" VPOS="655" WIDTH="44" HEIGHT="36" WC="0.93" CONTENT="de"/><SP WIDTH="27" VPOS="655" HPOS="852"/>
							<String ID="string_89" HPOS="879" VPOS="654" WIDTH="195" HEIGHT="49" WC="0.90" CONTENT="tjugufem,"/><SP WIDTH="27" VPOS="654" HPOS="1074"/>
							<String ID="string_90" HPOS="1101" VPOS="667" WIDTH="80" HEIGHT="23" WC="0.93" CONTENT="som"/><SP WIDTH="27" VPOS="667" HPOS="1181"/>
							<String ID="string_91" HPOS="1208" VPOS="652" WIDTH="173" HEIGHT="38" WC="0.91" CONTENT="behöfdes"/><SP WIDTH="28" VPOS="652" HPOS="1381"/>
							<String ID="string_92" HPOS="1409" VPOS="652" WIDTH="58" HEIGHT="36" WC="0.96" CONTENT="för"/><SP WIDTH="28" VPOS="652" HPOS="1467"/>
							<String ID="string_93" HPOS="1495" VPOS="651" WIDTH="214" HEIGHT="37" WC="0.95" CONTENT="erhållande"/><SP WIDTH="27" VPOS="651" HPOS="1709"/>
							<String ID="string_94" HPOS="1736" VPOS="650" WIDTH="42" HEIGHT="36" WC="0.96" CONTENT="af"/><SP WIDTH="22" VPOS="650" HPOS="1778"/>
							<String ID="string_95" HPOS="1800" VPOS="651" WIDTH="153" HEIGHT="46" WC="0.95" CONTENT="pension"/><SP WIDTH="28" VPOS="651" HPOS="1953"/>
							<String ID="string_96" HPOS="1981" VPOS="649" WIDTH="41" HEIGHT="36" WC="0.95" CONTENT="af"/>
						</TextLine>
						<TextLine ID="line_10" HPOS="407" VPOS="707" WIDTH="221" HEIGHT="37">
							<String ID="string_97" HPOS="407" VPOS="707" WIDTH="221" HEIGHT="37" WC="0.91" CONTENT="statsmedel."/>
						</TextLine>
					</TextBlock>
					<TextBlock ID="block_2" HPOS="406" VPOS="751" WIDTH="1611" HEIGHT="255">
						<TextLine ID="line_11" HPOS="508" VPOS="751" WIDTH="1509" HEIGHT="50">
							<String ID="string_98" HPOS="508" VPOS="757" WIDTH="377" HEIGHT="44" WC="0.91" CONTENT="Medicinalstyrelsen"/><SP WIDTH="40" VPOS="757" HPOS="885"/>
							<String ID="string_99" HPOS="925" VPOS="756" WIDTH="69" HEIGHT="36" WC="0.96" CONTENT="och"/><SP WIDTH="40" VPOS="756" HPOS="994"/>
							<String ID="string_100" HPOS="1034" VPOS="752" WIDTH="275" HEIGHT="44" WC="0.96" CONTENT="statskontoret,"/><SP WIDTH="41" VPOS="752" HPOS="1309"/>
							<String ID="string_101" HPOS="1350" VPOS="754" WIDTH="128" HEIGHT="36" WC="0.96" CONTENT="hvilka"/><SP WIDTH="38" VPOS="754" HPOS="1478"/>
							<String ID="string_102" HPOS="1516" VPOS="752" WIDTH="122" HEIGHT="37" WC="0.95" CONTENT="blifvit"/><SP WIDTH="34" VPOS="752" HPOS="1638"/>
							<String ID="string_103" HPOS="1672" VPOS="753" WIDTH="13" HEIGHT="34" WC="0.96" CONTENT="i"/><SP WIDTH="28" VPOS="753" HPOS="1685"/>
							<String ID="string_104" HPOS="1713" VPOS="752" WIDTH="151" HEIGHT="36" WC="0.93" CONTENT="ärendet"/><SP WIDTH="26" VPOS="752" HPOS="1864"/>
							<String ID="string_105" HPOS="1890" VPOS="751" WIDTH="127" HEIGHT="45" WC="0.96" CONTENT="hörda,"/>
						</TextLine>
						<TextLine ID="line_12" HPOS="406" VPOS="801" WIDTH="1611" HEIGHT="52">
							<String ID="string_106" HPOS="406" VPOS="808" WIDTH="115" HEIGHT="37" WC="0.94" CONTENT="hafva"/><SP WIDTH="38" VPOS="808" HPOS="521"/>
							<String ID="string_107" HPOS="559" VPOS="808" WIDTH="200" HEIGHT="45" WC="0.95" CONTENT="föreslagit,"/><SP WIDTH="42" VPOS="808" HPOS="759"/>
							<String ID="string_108" HPOS="801" VPOS="812" WIDTH="53" HEIGHT="31" WC="0.95" CONTENT="att"/><SP WIDTH="40" VPOS="812" HPOS="854"/>
							<String ID="string_109" HPOS="894" VPOS="806" WIDTH="71" HEIGHT="36" WC="0.96" CONTENT="den"/><SP WIDTH="41" VPOS="806" HPOS="965"/>
							<String ID="string_110" HPOS="1006" VPOS="806" WIDTH="162" HEIGHT="47" WC="0.96" CONTENT="begärda"/><SP WIDTH="40" VPOS="806" HPOS="1168"/>
							<String ID="string_111" HPOS="1208" VPOS="804" WIDTH="192" HEIGHT="37" WC="0.96" CONTENT="förmånen"/><SP WIDTH="40" VPOS="804" HPOS="1400"/>
							<String ID="string_112" HPOS="1440" VPOS="803" WIDTH="114" HEIGHT="37" WC="0.92" CONTENT="måtte"/><SP WIDTH="39" VPOS="803" HPOS="1554"/>
							<String ID="string_113" HPOS="1593" VPOS="802" WIDTH="205" HEIGHT="48" WC="0.91" CONTENT="medgifvas"/><SP WIDTH="39" VPOS="802" HPOS="1798"/>
							<String ID="string_114" HPOS="1837" VPOS="801" WIDTH="58" HEIGHT="37" WC="0.94" CONTENT="för"/><SP WIDTH="43" VPOS="801" HPOS="1895"/>
							<String ID="string_115" HPOS="1938" VPOS="803" WIDTH="79" HEIGHT="35" WC="0.94" CONTENT="icke"/>
						</TextLine>
						<TextLine ID="line_13" HPOS="409" VPOS="853" WIDTH="1607" HEIGHT="52">
							<String ID="string_116" HPOS="409" VPOS="860" WIDTH="158" HEIGHT="35" WC="0.91" CONTENT="allenast"/><SP WIDTH="34" VPOS="860" HPOS="567"/>
							<String ID="string_117" HPOS="601" VPOS="864" WIDTH="106" HEIGHT="31" WC="0.96" CONTENT="extra"/><SP WIDTH="33" VPOS="864" HPOS="707"/>
							<String ID="string_118" HPOS="740" VPOS="857" WIDTH="327" HEIGHT="48" WC="0.96" CONTENT="provinsialläkare"/><SP WIDTH="26" VPOS="857" HPOS="1067"/>
							<String ID="string_119" HPOS="1093" VPOS="862" WIDTH="90" HEIGHT="30" WC="0.96" CONTENT="utan"/><SP WIDTH="30" VPOS="862" HPOS="1183"/>
							<String ID="string_120" HPOS="1213" VPOS="855" WIDTH="105" HEIGHT="37" WC="0.96" CONTENT="äfven"/><SP WIDTH="30" VPOS="855" HPOS="1318"/>
							<String ID="string_121" HPOS="1348" VPOS="855" WIDTH="236" HEIGHT="44" WC="0.96" CONTENT="stadsläkare,"/><SP WIDTH="27" VPOS="855" HPOS="1584"/>
							<String ID="string_122" HPOS="1611" VPOS="854" WIDTH="265" HEIGHT="35" WC="0.96" CONTENT="statskontoret"/><SP WIDTH="26" VPOS="854" HPOS="1876"/>
							<String ID="string_123" HPOS="1902" VPOS="853" WIDTH="114" HEIGHT="36" WC="0.96" CONTENT="likväl"/>
						</TextLine>
						<TextLine ID="line_14" HPOS="409" VPOS="902" WIDTH="1607" HEIGHT="53">
							<String ID="string_124" HPOS="409" VPOS="910" WIDTH="130" HEIGHT="36" WC="0.92" CONTENT="endast"/><SP WIDTH="37" VPOS="910" HPOS="539"/>
							<String ID="string_125" HPOS="576" VPOS="908" WIDTH="182" HEIGHT="37" WC="0.92" CONTENT="försåvidt"/><SP WIDTH="38" VPOS="908" HPOS="758"/>
							<String ID="string_126" HPOS="796" VPOS="908" WIDTH="84" HEIGHT="36" WC="0.93" CONTENT="med"/><SP WIDTH="32" VPOS="908" HPOS="880"/>
							<String ID="string_127" HPOS="912" VPOS="907" WIDTH="301" HEIGHT="48" WC="0.92" CONTENT="befattningarna"/><SP WIDTH="27" VPOS="907" HPOS="1213"/>
							<String ID="string_128" HPOS="1240" VPOS="907" WIDTH="97" HEIGHT="35" WC="0.96" CONTENT="varit"/><SP WIDTH="25" VPOS="907" HPOS="1337"/>
							<String ID="string_129" HPOS="1362" VPOS="905" WIDTH="157" HEIGHT="36" WC="0.96" CONTENT="förenad"/><SP WIDTH="26" VPOS="905" HPOS="1519"/>
							<String ID="string_130" HPOS="1545" VPOS="910" WIDTH="73" HEIGHT="30" WC="0.96" CONTENT="rätt"/><SP WIDTH="26" VPOS="910" HPOS="1618"/>
							<String ID="string_131" HPOS="1644" VPOS="909" WIDTH="55" HEIGHT="31" WC="0.96" CONTENT="att"/><SP WIDTH="26" VPOS="909" HPOS="1699"/>
							<String ID="string_132" HPOS="1725" VPOS="904" WIDTH="65" HEIGHT="36" WC="0.96" CONTENT="vid"/><SP WIDTH="26" VPOS="904" HPOS="1790"/>
							<String ID="string_133" HPOS="1816" VPOS="902" WIDTH="200" HEIGHT="38" WC="0.96" CONTENT="befordran"/>
						</TextLine>
						<TextLine ID="line_15" HPOS="408" VPOS="957" WIDTH="1149" HEIGHT="49">
							<String ID="string_134" HPOS="408" VPOS="962" WIDTH="117" HEIGHT="35" WC="0.93" CONTENT="räkna"/><SP WIDTH="26" VPOS="962" HPOS="525"/>
							<String ID="string_135" HPOS="551" VPOS="959" WIDTH="155" HEIGHT="47" WC="0.91" CONTENT="tjänstår"/><SP WIDTH="26" VPOS="959" HPOS="706"/>
							<String ID="string_136" HPOS="732" VPOS="959" WIDTH="77" HEIGHT="35" WC="0.96" CONTENT="lika"/><SP WIDTH="26" VPOS="959" HPOS="809"/>
							<String ID="string_137" HPOS="835" VPOS="958" WIDTH="84" HEIGHT="36" WC="0.93" CONTENT="med"/><SP WIDTH="28" VPOS="958" HPOS="919"/>
							<String ID="string_138" HPOS="947" VPOS="959" WIDTH="106" HEIGHT="35" WC="0.90" CONTENT="civile"/><SP WIDTH="27" VPOS="959" HPOS="1053"/>
							<String ID="string_139" HPOS="1080" VPOS="959" WIDTH="124" HEIGHT="35" WC="0.96" CONTENT="läkare"/><SP WIDTH="27" VPOS="959" HPOS="1204"/>
							<String ID="string_140" HPOS="1231" VPOS="957" WIDTH="13" HEIGHT="36" WC="0.96" CONTENT="i"/><SP WIDTH="27" VPOS="957" HPOS="1244"/>
							<String ID="string_141" HPOS="1271" VPOS="961" WIDTH="136" HEIGHT="31" WC="0.96" CONTENT="statens"/><SP WIDTH="27" VPOS="961" HPOS="1407"/>
							<String ID="string_142" HPOS="1434" VPOS="957" WIDTH="123" HEIGHT="45" WC="0.96" CONTENT="tjänst."/>
						</TextLine>
					</TextBlock>
					<TextBlock ID="block_3" HPOS="408" VPOS="1003" WIDTH="1609" HEIGHT="308">
						<TextLine ID="line_16" HPOS="508" VPOS="1003" WIDTH="1508" HEIGHT="55">
							<String ID="string_143" HPOS="508" VPOS="1011" WIDTH="120" HEIGHT="36" WC="0.96" CONTENT="Innan"/><SP WIDTH="31" VPOS="1011" HPOS="628"/>
							<String ID="string_144" HPOS="659" VPOS="1010" WIDTH="66" HEIGHT="48" WC="0.96" CONTENT="jag"/><SP WIDTH="35" VPOS="1010" HPOS="725"/>
							<String ID="string_145" HPOS="760" VPOS="1009" WIDTH="67" HEIGHT="46" WC="0.96" CONTENT="går"/><SP WIDTH="32" VPOS="1009" HPOS="827"/>
							<String ID="string_146" HPOS="859" VPOS="1014" WIDTH="53" HEIGHT="31" WC="0.96" CONTENT="att"/><SP WIDTH="26" VPOS="1014" HPOS="912"/>
							<String ID="string_147" HPOS="938" VPOS="1008" WIDTH="180" HEIGHT="47" WC="0.96" CONTENT="redogöra"/><SP WIDTH="26" VPOS="1008" HPOS="1118"/>
							<String ID="string_148" HPOS="1144" VPOS="1008" WIDTH="58" HEIGHT="36" WC="0.96" CONTENT="för"/><SP WIDTH="28" VPOS="1008" HPOS="1202"/>
							<String ID="string_149" HPOS="1230" VPOS="1007" WIDTH="45" HEIGHT="37" WC="0.95" CONTENT="de"/><SP WIDTH="27" VPOS="1007" HPOS="1275"/>
							<String ID="string_150" HPOS="1302" VPOS="1007" WIDTH="88" HEIGHT="45" WC="0.96" CONTENT="skäl,"/><SP WIDTH="29" VPOS="1007" HPOS="1390"/>
							<String ID="string_151" HPOS="1419" VPOS="1019" WIDTH="80" HEIGHT="23" WC="0.96" CONTENT="som"/><SP WIDTH="27" VPOS="1019" HPOS="1499"/>
							<String ID="string_152" HPOS="1526" VPOS="1005" WIDTH="139" HEIGHT="37" WC="0.96" CONTENT="anförts"/><SP WIDTH="27" VPOS="1005" HPOS="1665"/>
							<String ID="string_153" HPOS="1692" VPOS="1004" WIDTH="59" HEIGHT="37" WC="0.96" CONTENT="för"/><SP WIDTH="27" VPOS="1004" HPOS="1751"/>
							<String ID="string_154" HPOS="1778" VPOS="1005" WIDTH="104" HEIGHT="36" WC="0.93" CONTENT="dessa"/><SP WIDTH="25" VPOS="1005" HPOS="1882"/>
							<String ID="string_155" HPOS="1907" VPOS="1003" WIDTH="109" HEIGHT="37" WC="0.91" CONTENT="fram-"/>
						</TextLine>
						<TextLine ID="line_17" HPOS="408" VPOS="1056" WIDTH="1609" HEIGHT="52">
							<String ID="string_156" HPOS="408" VPOS="1062" WIDTH="230" HEIGHT="46" WC="0.96" CONTENT="ställningar,"/><SP WIDTH="42" VPOS="1062" HPOS="638"/>
							<String ID="string_157" HPOS="680" VPOS="1073" WIDTH="106" HEIGHT="23" WC="0.96" CONTENT="anser"/><SP WIDTH="34" VPOS="1073" HPOS="786"/>
							<String ID="string_158" HPOS="820" VPOS="1061" WIDTH="65" HEIGHT="45" WC="0.96" CONTENT="jag"/><SP WIDTH="39" VPOS="1061" HPOS="885"/>
							<String ID="string_159" HPOS="924" VPOS="1061" WIDTH="77" HEIGHT="45" WC="0.95" CONTENT="mig"/><SP WIDTH="38" VPOS="1061" HPOS="1001"/>
							<String ID="string_160" HPOS="1039" VPOS="1060" WIDTH="90" HEIGHT="35" WC="0.95" CONTENT="böra"/><SP WIDTH="35" VPOS="1060" HPOS="1129"/>
							<String ID="string_161" HPOS="1164" VPOS="1059" WIDTH="122" HEIGHT="36" WC="0.96" CONTENT="erinra"/><SP WIDTH="31" VPOS="1059" HPOS="1286"/>
							<String ID="string_162" HPOS="1317" VPOS="1071" WIDTH="59" HEIGHT="22" WC="0.96" CONTENT="om"/><SP WIDTH="29" VPOS="1071" HPOS="1376"/>
							<String ID="string_163" HPOS="1405" VPOS="1057" WIDTH="45" HEIGHT="36" WC="0.95" CONTENT="de"/><SP WIDTH="27" VPOS="1057" HPOS="1450"/>
							<String ID="string_164" HPOS="1477" VPOS="1057" WIDTH="188" HEIGHT="36" WC="0.96" CONTENT="allmänna"/><SP WIDTH="26" VPOS="1057" HPOS="1665"/>
							<String ID="string_165" HPOS="1691" VPOS="1056" WIDTH="326" HEIGHT="36" WC="0.96" CONTENT="bestämmelserna"/>
						</TextLine>
						<TextLine ID="line_18" HPOS="409" VPOS="1107" WIDTH="1608" HEIGHT="51">
							<String ID="string_166" HPOS="409" VPOS="1112" WIDTH="58" HEIGHT="37" WC="0.96" CONTENT="för"/><SP WIDTH="37" VPOS="1112" HPOS="467"/>
							<String ID="string_167" HPOS="504" VPOS="1112" WIDTH="71" HEIGHT="36" WC="0.95" CONTENT="den"/><SP WIDTH="28" VPOS="1112" HPOS="575"/>
							<String ID="string_168" HPOS="603" VPOS="1112" WIDTH="186" HEIGHT="45" WC="0.95" CONTENT="ställning,"/><SP WIDTH="29" VPOS="1112" HPOS="789"/>
							<String ID="string_169" HPOS="818" VPOS="1116" WIDTH="103" HEIGHT="31" WC="0.93" CONTENT="extra"/><SP WIDTH="27" VPOS="1116" HPOS="921"/>
							<String ID="string_170" HPOS="948" VPOS="1110" WIDTH="342" HEIGHT="48" WC="0.90" CONTENT="provinsialläkare-"/><SP WIDTH="27" VPOS="1110" HPOS="1290"/>
							<String ID="string_171" HPOS="1317" VPOS="1108" WIDTH="69" HEIGHT="36" WC="0.93" CONTENT="och"/><SP WIDTH="22" VPOS="1108" HPOS="1386"/>
							<String ID="string_172" HPOS="1408" VPOS="1107" WIDTH="529" HEIGHT="36" WC="0.91" CONTENT="stadsläkareinstitutionerna"/><SP WIDTH="26" VPOS="1107" HPOS="1937"/>
							<String ID="string_173" HPOS="1963" VPOS="1107" WIDTH="54" HEIGHT="35" WC="0.93" CONTENT="in-"/>
						</TextLine>
						<TextLine ID="line_19" HPOS="408" VPOS="1157" WIDTH="1608" HEIGHT="52">
							<String ID="string_174" HPOS="408" VPOS="1170" WIDTH="87" HEIGHT="39" WC="0.95" CONTENT="taga"/><SP WIDTH="33" VPOS="1170" HPOS="495"/>
							<String ID="string_175" HPOS="528" VPOS="1163" WIDTH="102" HEIGHT="36" WC="0.96" CONTENT="inom"/><SP WIDTH="37" VPOS="1163" HPOS="630"/>
							<String ID="string_176" HPOS="667" VPOS="1162" WIDTH="72" HEIGHT="36" WC="0.96" CONTENT="den"/><SP WIDTH="27" VPOS="1162" HPOS="739"/>
							<String ID="string_177" HPOS="766" VPOS="1162" WIDTH="188" HEIGHT="35" WC="0.96" CONTENT="allmänna"/><SP WIDTH="26" VPOS="1162" HPOS="954"/>
							<String ID="string_178" HPOS="980" VPOS="1160" WIDTH="255" HEIGHT="44" WC="0.96" CONTENT="hälsovården,"/><SP WIDTH="28" VPOS="1160" HPOS="1235"/>
							<String ID="string_179" HPOS="1263" VPOS="1164" WIDTH="94" HEIGHT="31" WC="0.96" CONTENT="samt"/><SP WIDTH="27" VPOS="1164" HPOS="1357"/>
							<String ID="string_180" HPOS="1384" VPOS="1172" WIDTH="60" HEIGHT="22" WC="0.96" CONTENT="om"/><SP WIDTH="29" VPOS="1172" HPOS="1444"/>
							<String ID="string_181" HPOS="1473" VPOS="1158" WIDTH="46" HEIGHT="36" WC="0.95" CONTENT="de"/><SP WIDTH="26" VPOS="1158" HPOS="1519"/>
							<String ID="string_182" HPOS="1545" VPOS="1158" WIDTH="146" HEIGHT="42" WC="0.96" CONTENT="villkor,"/><SP WIDTH="29" VPOS="1158" HPOS="1691"/>
							<String ID="string_183" HPOS="1720" VPOS="1170" WIDTH="80" HEIGHT="23" WC="0.96" CONTENT="som"/><SP WIDTH="26" VPOS="1170" HPOS="1800"/>
							<String ID="string_184" HPOS="1826" VPOS="1157" WIDTH="64" HEIGHT="36" WC="0.96" CONTENT="vid"/><SP WIDTH="27" VPOS="1157" HPOS="1890"/>
							<String ID="string_185" HPOS="1917" VPOS="1158" WIDTH="99" HEIGHT="34" WC="0.96" CONTENT="olika"/>
						</TextLine>
						<TextLine ID="line_20" HPOS="409" VPOS="1207" WIDTH="1608" HEIGHT="52">
							<String ID="string_186" HPOS="409" VPOS="1215" WIDTH="96" HEIGHT="35" WC="0.95" CONTENT="tider"/><SP WIDTH="38" VPOS="1215" HPOS="505"/>
							<String ID="string_187" HPOS="543" VPOS="1214" WIDTH="97" HEIGHT="36" WC="0.96" CONTENT="varit"/><SP WIDTH="39" VPOS="1214" HPOS="640"/>
							<String ID="string_188" HPOS="679" VPOS="1212" WIDTH="172" HEIGHT="47" WC="0.96" CONTENT="gällande"/><SP WIDTH="35" VPOS="1212" HPOS="851"/>
							<String ID="string_189" HPOS="886" VPOS="1211" WIDTH="59" HEIGHT="37" WC="0.93" CONTENT="för"/><SP WIDTH="30" VPOS="1211" HPOS="945"/>
							<String ID="string_190" HPOS="975" VPOS="1211" WIDTH="346" HEIGHT="47" WC="0.91" CONTENT="provinsialläkares"/><SP WIDTH="27" VPOS="1211" HPOS="1321"/>
							<String ID="string_191" HPOS="1348" VPOS="1214" WIDTH="73" HEIGHT="31" WC="0.96" CONTENT="rätt"/><SP WIDTH="27" VPOS="1214" HPOS="1421"/>
							<String ID="string_192" HPOS="1448" VPOS="1210" WIDTH="59" HEIGHT="35" WC="0.96" CONTENT="till"/><SP WIDTH="27" VPOS="1210" HPOS="1507"/>
							<String ID="string_193" HPOS="1534" VPOS="1209" WIDTH="155" HEIGHT="46" WC="0.96" CONTENT="pension"/><SP WIDTH="27" VPOS="1209" HPOS="1689"/>
							<String ID="string_194" HPOS="1716" VPOS="1207" WIDTH="84" HEIGHT="37" WC="0.96" CONTENT="från"/><SP WIDTH="28" VPOS="1207" HPOS="1800"/>
							<String ID="string_195" HPOS="1828" VPOS="1208" WIDTH="189" HEIGHT="36" WC="0.96" CONTENT="allmänna"/>
						</TextLine>
						<TextLine ID="line_21" HPOS="410" VPOS="1265" WIDTH="373" HEIGHT="46">
							<String ID="string_196" HPOS="410" VPOS="1265" WIDTH="373" HEIGHT="46" WC="0.92" CONTENT="indragningsstaten."/>
						</TextLine>
					</TextBlock>
					<TextBlock ID="block_4" HPOS="409" VPOS="1310" WIDTH="1609" HEIGHT="255">
						<TextLine ID="line_22" HPOS="509" VPOS="1310" WIDTH="1508" HEIGHT="50">
							<String ID="string_197" HPOS="509" VPOS="1314" WIDTH="108" HEIGHT="38" WC="0.96" CONTENT="Hvad"/><SP WIDTH="40" VPOS="1314" HPOS="617"/>
							<String ID="string_198" HPOS="657" VPOS="1314" WIDTH="47" HEIGHT="36" WC="0.96" CONTENT="då"/><SP WIDTH="39" VPOS="1314" HPOS="704"/>
							<String ID="string_199" HPOS="743" VPOS="1313" WIDTH="92" HEIGHT="37" WC="0.96" CONTENT="först"/><SP WIDTH="40" VPOS="1313" HPOS="835"/>
							<String ID="string_200" HPOS="875" VPOS="1318" WIDTH="105" HEIGHT="31" WC="0.93" CONTENT="extra"/><SP WIDTH="38" VPOS="1318" HPOS="980"/>
							<String ID="string_201" HPOS="1018" VPOS="1310" WIDTH="586" HEIGHT="50" WC="0.91" CONTENT="provinsialläkareinstitutionen"/><SP WIDTH="35" VPOS="1310" HPOS="1604"/>
							<String ID="string_202" HPOS="1639" VPOS="1310" WIDTH="242" HEIGHT="44" WC="0.91" CONTENT="vidkommer,"/><SP WIDTH="36" VPOS="1310" HPOS="1881"/>
							<String ID="string_203" HPOS="1917" VPOS="1310" WIDTH="100" HEIGHT="35" WC="0.91" CONTENT="inne-"/>
						</TextLine>
						<TextLine ID="line_23" HPOS="412" VPOS="1359" WIDTH="1604" HEIGHT="50">
							<String ID="string_204" HPOS="412" VPOS="1366" WIDTH="116" HEIGHT="36" WC="0.96" CONTENT="håller"/><SP WIDTH="39" VPOS="1366" HPOS="528"/>
							<String ID="string_205" HPOS="567" VPOS="1365" WIDTH="70" HEIGHT="36" WC="0.96" CONTENT="den"/><SP WIDTH="41" VPOS="1365" HPOS="637"/>
							<String ID="string_206" HPOS="678" VPOS="1364" WIDTH="40" HEIGHT="36" WC="0.93" CONTENT="af"/><SP WIDTH="28" VPOS="1364" HPOS="718"/>
							<String ID="string_207" HPOS="746" VPOS="1364" WIDTH="113" HEIGHT="36" WC="0.92" CONTENT="Eders"/><SP WIDTH="27" VPOS="1364" HPOS="859"/>
							<String ID="string_208" HPOS="886" VPOS="1363" WIDTH="136" HEIGHT="46" WC="0.96" CONTENT="Kungl."/><SP WIDTH="28" VPOS="1363" HPOS="1022"/>
							<String ID="string_209" HPOS="1050" VPOS="1362" WIDTH="99" HEIGHT="47" WC="0.96" CONTENT="Maj:t"/><SP WIDTH="27" VPOS="1362" HPOS="1149"/>
							<String ID="string_210" HPOS="1176" VPOS="1362" WIDTH="71" HEIGHT="37" WC="0.96" CONTENT="den"/><SP WIDTH="31" VPOS="1362" HPOS="1247"/>
							<String ID="string_211" HPOS="1278" VPOS="1364" WIDTH="43" HEIGHT="33" WC="0.96" CONTENT="31"/><SP WIDTH="30" VPOS="1364" HPOS="1321"/>
							<String ID="string_212" HPOS="1351" VPOS="1362" WIDTH="155" HEIGHT="35" WC="0.96" CONTENT="oktober"/><SP WIDTH="30" VPOS="1362" HPOS="1506"/>
							<String ID="string_213" HPOS="1536" VPOS="1362" WIDTH="94" HEIGHT="35" WC="0.96" CONTENT="1890"/><SP WIDTH="28" VPOS="1362" HPOS="1630"/>
							<String ID="string_214" HPOS="1658" VPOS="1360" WIDTH="196" HEIGHT="36" WC="0.94" CONTENT="utfärdade"/><SP WIDTH="26" VPOS="1360" HPOS="1854"/>
							<String ID="string_215" HPOS="1880" VPOS="1359" WIDTH="136" HEIGHT="48" WC="0.96" CONTENT="nådiga"/>
						</TextLine>
						<TextLine ID="line_24" HPOS="409" VPOS="1411" WIDTH="1609" HEIGHT="49">
							<String ID="string_216" HPOS="409" VPOS="1417" WIDTH="225" HEIGHT="36" WC="0.96" CONTENT="instruktion"/><SP WIDTH="36" VPOS="1417" HPOS="634"/>
							<String ID="string_217" HPOS="670" VPOS="1415" WIDTH="59" HEIGHT="36" WC="0.96" CONTENT="för"/><SP WIDTH="35" VPOS="1415" HPOS="729"/>
							<String ID="string_218" HPOS="764" VPOS="1416" WIDTH="134" HEIGHT="44" WC="0.96" CONTENT="läkare,"/><SP WIDTH="28" VPOS="1416" HPOS="898"/>
							<String ID="string_219" HPOS="926" VPOS="1427" WIDTH="79" HEIGHT="23" WC="0.96" CONTENT="som"/><SP WIDTH="28" VPOS="1427" HPOS="1005"/>
							<String ID="string_220" HPOS="1033" VPOS="1420" WIDTH="61" HEIGHT="29" WC="0.96" CONTENT="äro"/><SP WIDTH="28" VPOS="1420" HPOS="1094"/>
							<String ID="string_221" HPOS="1122" VPOS="1413" WIDTH="58" HEIGHT="36" WC="0.93" CONTENT="för"/><SP WIDTH="28" VPOS="1413" HPOS="1180"/>
							<String ID="string_222" HPOS="1208" VPOS="1413" WIDTH="114" HEIGHT="35" WC="0.91" CONTENT="hälso-"/><SP WIDTH="28" VPOS="1413" HPOS="1322"/>
							<String ID="string_223" HPOS="1350" VPOS="1412" WIDTH="67" HEIGHT="35" WC="0.96" CONTENT="och"/><SP WIDTH="28" VPOS="1412" HPOS="1417"/>
							<String ID="string_224" HPOS="1445" VPOS="1411" WIDTH="223" HEIGHT="47" WC="0.95" CONTENT="sjukvården"/><SP WIDTH="27" VPOS="1411" HPOS="1668"/>
							<String ID="string_225" HPOS="1695" VPOS="1412" WIDTH="104" HEIGHT="35" WC="0.96" CONTENT="inom"/><SP WIDTH="28" VPOS="1412" HPOS="1799"/>
							<String ID="string_226" HPOS="1827" VPOS="1411" WIDTH="87" HEIGHT="36" WC="0.93" CONTENT="visst"/><SP WIDTH="28" VPOS="1411" HPOS="1914"/>
							<String ID="string_227" HPOS="1942" VPOS="1423" WIDTH="76" HEIGHT="23" WC="0.92" CONTENT="om-"/>
						</TextLine>
						<TextLine ID="line_25" HPOS="409" VPOS="1461" WIDTH="1607" HEIGHT="51">
							<String ID="string_228" HPOS="409" VPOS="1467" WIDTH="89" HEIGHT="36" WC="0.96" CONTENT="råde"/><SP WIDTH="27" VPOS="1467" HPOS="498"/>
							<String ID="string_229" HPOS="525" VPOS="1466" WIDTH="189" HEIGHT="46" WC="0.94" CONTENT="anställde,"/><SP WIDTH="28" VPOS="1466" HPOS="714"/>
							<String ID="string_230" HPOS="742" VPOS="1464" WIDTH="190" HEIGHT="38" WC="0.96" CONTENT="äfvensom"/><SP WIDTH="28" VPOS="1464" HPOS="932"/>
							<String ID="string_231" HPOS="960" VPOS="1463" WIDTH="59" HEIGHT="37" WC="0.96" CONTENT="för"/><SP WIDTH="27" VPOS="1463" HPOS="1019"/>
							<String ID="string_232" HPOS="1046" VPOS="1464" WIDTH="124" HEIGHT="45" WC="0.96" CONTENT="andra,"/><SP WIDTH="28" VPOS="1464" HPOS="1170"/>
							<String ID="string_233" HPOS="1198" VPOS="1476" WIDTH="79" HEIGHT="23" WC="0.93" CONTENT="som"/><SP WIDTH="27" VPOS="1476" HPOS="1277"/>
							<String ID="string_234" HPOS="1304" VPOS="1462" WIDTH="128" HEIGHT="37" WC="0.90" CONTENT="utöfva"/><SP WIDTH="26" VPOS="1462" HPOS="1432"/>
							<String ID="string_235" HPOS="1458" VPOS="1462" WIDTH="293" HEIGHT="45" WC="0.91" CONTENT="läkarekonsten,"/><SP WIDTH="19" VPOS="1462" HPOS="1751"/>
							<String ID="string_236" HPOS="1770" VPOS="1461" WIDTH="114" HEIGHT="36" WC="0.96" CONTENT="bland"/><SP WIDTH="18" VPOS="1461" HPOS="1884"/>
							<String ID="string_237" HPOS="1902" VPOS="1467" WIDTH="114" HEIGHT="30" WC="0.96" CONTENT="annat"/>
						</TextLine>
						<TextLine ID="line_26" HPOS="409" VPOS="1518" WIDTH="178" HEIGHT="47">
							<String ID="string_238" HPOS="409" VPOS="1518" WIDTH="178" HEIGHT="47" WC="0.96" CONTENT="följande:"/>
						</TextLine>
					</TextBlock>
					<TextBlock ID="block_5" HPOS="409" VPOS="1561" WIDTH="1610" HEIGHT="708">
						<TextLine ID="line_27" HPOS="509" VPOS="1561" WIDTH="1507" HEIGHT="53">
							<String ID="string_239" HPOS="509" VPOS="1568" WIDTH="119" HEIGHT="46" WC="0.95" CONTENT="Fråga"/><SP WIDTH="27" VPOS="1568" HPOS="628"/>
							<String ID="string_240" HPOS="655" VPOS="1572" WIDTH="56" HEIGHT="31" WC="0.96" CONTENT="att"/><SP WIDTH="26" VPOS="1572" HPOS="711"/>
							<String ID="string_241" HPOS="737" VPOS="1566" WIDTH="58" HEIGHT="36" WC="0.96" CONTENT="för"/><SP WIDTH="26" VPOS="1566" HPOS="795"/>
							<String ID="string_242" HPOS="821" VPOS="1565" WIDTH="224" HEIGHT="48" WC="0.96" CONTENT="sjukvården"/><SP WIDTH="26" VPOS="1565" HPOS="1045"/>
							<String ID="string_243" HPOS="1071" VPOS="1565" WIDTH="102" HEIGHT="35" WC="0.96" CONTENT="inom"/><SP WIDTH="28" VPOS="1565" HPOS="1173"/>
							<String ID="string_244" HPOS="1201" VPOS="1578" WIDTH="45" HEIGHT="23" WC="0.96" CONTENT="en"/><SP WIDTH="28" VPOS="1578" HPOS="1246"/>
							<String ID="string_245" HPOS="1274" VPOS="1565" WIDTH="88" HEIGHT="35" WC="0.96" CONTENT="eller"/><SP WIDTH="27" VPOS="1565" HPOS="1362"/>
							<String ID="string_246" HPOS="1389" VPOS="1563" WIDTH="89" HEIGHT="36" WC="0.95" CONTENT="flera"/><SP WIDTH="27" VPOS="1563" HPOS="1478"/>
							<String ID="string_247" HPOS="1505" VPOS="1563" WIDTH="221" HEIGHT="35" WC="0.96" CONTENT="kommuner"/><SP WIDTH="28" VPOS="1563" HPOS="1726"/>
							<String ID="string_248" HPOS="1754" VPOS="1562" WIDTH="46" HEIGHT="48" WC="0.96" CONTENT="på"/><SP WIDTH="27" VPOS="1562" HPOS="1800"/>
							<String ID="string_249" HPOS="1827" VPOS="1562" WIDTH="127" HEIGHT="36" WC="0.96" CONTENT="landet"/><SP WIDTH="25" VPOS="1562" HPOS="1954"/>
							<String ID="string_250" HPOS="1979" VPOS="1561" WIDTH="37" HEIGHT="36" WC="0.96" CONTENT="få"/>
						</TextLine>
						<TextLine ID="line_28" HPOS="410" VPOS="1612" WIDTH="1606" HEIGHT="51">
							<String ID="string_251" HPOS="410" VPOS="1618" WIDTH="161" HEIGHT="37" WC="0.96" CONTENT="anställd"/><SP WIDTH="35" VPOS="1618" HPOS="571"/>
							<String ID="string_252" HPOS="606" VPOS="1623" WIDTH="104" HEIGHT="31" WC="0.95" CONTENT="extra"/><SP WIDTH="36" VPOS="1623" HPOS="710"/>
							<String ID="string_253" HPOS="746" VPOS="1616" WIDTH="329" HEIGHT="47" WC="0.95" CONTENT="provinsialläkare"/><SP WIDTH="34" VPOS="1616" HPOS="1075"/>
							<String ID="string_254" HPOS="1109" VPOS="1615" WIDTH="85" HEIGHT="36" WC="0.95" CONTENT="med"/><SP WIDTH="28" VPOS="1615" HPOS="1194"/>
							<String ID="string_255" HPOS="1222" VPOS="1620" WIDTH="75" HEIGHT="30" WC="0.95" CONTENT="rätt"/><SP WIDTH="26" VPOS="1620" HPOS="1297"/>
							<String ID="string_256" HPOS="1323" VPOS="1619" WIDTH="53" HEIGHT="30" WC="0.96" CONTENT="att"/><SP WIDTH="27" VPOS="1619" HPOS="1376"/>
							<String ID="string_257" HPOS="1403" VPOS="1613" WIDTH="63" HEIGHT="37" WC="0.95" CONTENT="vid"/><SP WIDTH="28" VPOS="1613" HPOS="1466"/>
							<String ID="string_258" HPOS="1494" VPOS="1612" WIDTH="199" HEIGHT="37" WC="0.96" CONTENT="befordran"/><SP WIDTH="27" VPOS="1612" HPOS="1693"/>
							<String ID="string_259" HPOS="1720" VPOS="1614" WIDTH="116" HEIGHT="34" WC="0.93" CONTENT="räkna"/><SP WIDTH="26" VPOS="1614" HPOS="1836"/>
							<String ID="string_260" HPOS="1862" VPOS="1613" WIDTH="154" HEIGHT="46" WC="0.92" CONTENT="tjänstår"/>
						</TextLine>
						<TextLine ID="line_29" HPOS="409" VPOS="1663" WIDTH="1606" HEIGHT="49">
							<String ID="string_261" HPOS="409" VPOS="1671" WIDTH="76" HEIGHT="35" WC="0.96" CONTENT="lika"/><SP WIDTH="34" VPOS="1671" HPOS="485"/>
							<String ID="string_262" HPOS="519" VPOS="1669" WIDTH="85" HEIGHT="36" WC="0.93" CONTENT="med"/><SP WIDTH="32" VPOS="1669" HPOS="604"/>
							<String ID="string_263" HPOS="636" VPOS="1669" WIDTH="108" HEIGHT="35" WC="0.86" CONTENT="civile"/><SP WIDTH="26" VPOS="1669" HPOS="744"/>
							<String ID="string_264" HPOS="770" VPOS="1668" WIDTH="125" HEIGHT="35" WC="0.96" CONTENT="läkare"/><SP WIDTH="26" VPOS="1668" HPOS="895"/>
							<String ID="string_265" HPOS="921" VPOS="1667" WIDTH="13" HEIGHT="35" WC="0.96" CONTENT="i"/><SP WIDTH="27" VPOS="1667" HPOS="934"/>
							<String ID="string_266" HPOS="961" VPOS="1671" WIDTH="135" HEIGHT="31" WC="0.95" CONTENT="statens"/><SP WIDTH="27" VPOS="1671" HPOS="1096"/>
							<String ID="string_267" HPOS="1123" VPOS="1667" WIDTH="114" HEIGHT="45" WC="0.96" CONTENT="tjänst"/><SP WIDTH="27" VPOS="1667" HPOS="1237"/>
							<String ID="string_268" HPOS="1264" VPOS="1665" WIDTH="102" HEIGHT="44" WC="0.96" CONTENT="skall,"/><SP WIDTH="26" VPOS="1665" HPOS="1366"/>
							<String ID="string_269" HPOS="1392" VPOS="1677" WIDTH="89" HEIGHT="24" WC="0.96" CONTENT="vare"/><SP WIDTH="27" VPOS="1677" HPOS="1481"/>
							<String ID="string_270" HPOS="1508" VPOS="1665" WIDTH="54" HEIGHT="44" WC="0.96" CONTENT="sig"/><SP WIDTH="28" VPOS="1665" HPOS="1562"/>
							<String ID="string_271" HPOS="1590" VPOS="1663" WIDTH="130" HEIGHT="45" WC="0.96" CONTENT="bidrag"/><SP WIDTH="28" VPOS="1663" HPOS="1720"/>
							<String ID="string_272" HPOS="1748" VPOS="1663" WIDTH="41" HEIGHT="36" WC="0.94" CONTENT="af"/><SP WIDTH="23" VPOS="1663" HPOS="1789"/>
							<String ID="string_273" HPOS="1812" VPOS="1669" WIDTH="118" HEIGHT="30" WC="0.95" CONTENT="staten"/><SP WIDTH="27" VPOS="1669" HPOS="1930"/>
							<String ID="string_274" HPOS="1957" VPOS="1664" WIDTH="58" HEIGHT="34" WC="0.95" CONTENT="till"/>
						</TextLine>
						<TextLine ID="line_30" HPOS="410" VPOS="1713" WIDTH="1605" HEIGHT="51">
							<String ID="string_275" HPOS="410" VPOS="1721" WIDTH="169" HEIGHT="36" WC="0.91" CONTENT="läkarens"/><SP WIDTH="40" VPOS="1721" HPOS="579"/>
							<String ID="string_276" HPOS="619" VPOS="1719" WIDTH="164" HEIGHT="45" WC="0.91" CONTENT="aflöning"/><SP WIDTH="40" VPOS="1719" HPOS="783"/>
							<String ID="string_277" HPOS="823" VPOS="1718" WIDTH="131" HEIGHT="35" WC="0.96" CONTENT="önskas"/><SP WIDTH="41" VPOS="1718" HPOS="954"/>
							<String ID="string_278" HPOS="995" VPOS="1718" WIDTH="88" HEIGHT="34" WC="0.96" CONTENT="eller"/><SP WIDTH="35" VPOS="1718" HPOS="1083"/>
							<String ID="string_279" HPOS="1118" VPOS="1717" WIDTH="89" HEIGHT="44" WC="0.96" CONTENT="icke,"/><SP WIDTH="37" VPOS="1717" HPOS="1207"/>
							<String ID="string_280" HPOS="1244" VPOS="1715" WIDTH="245" HEIGHT="36" WC="0.96" CONTENT="underställas"/><SP WIDTH="31" VPOS="1715" HPOS="1489"/>
							<String ID="string_281" HPOS="1520" VPOS="1714" WIDTH="135" HEIGHT="46" WC="0.96" CONTENT="Kungl."/><SP WIDTH="28" VPOS="1714" HPOS="1655"/>
							<String ID="string_282" HPOS="1683" VPOS="1714" WIDTH="121" HEIGHT="46" WC="0.93" CONTENT="Maj:ts"/><SP WIDTH="27" VPOS="1714" HPOS="1804"/>
							<String ID="string_283" HPOS="1831" VPOS="1713" WIDTH="184" HEIGHT="47" WC="0.92" CONTENT="pröfning."/>
						</TextLine>
						<TextLine ID="line_31" HPOS="410" VPOS="1763" WIDTH="1605" HEIGHT="54">
							<String ID="string_284" HPOS="410" VPOS="1772" WIDTH="117" HEIGHT="35" WC="0.96" CONTENT="Extra"/><SP WIDTH="38" VPOS="1772" HPOS="527"/>
							<String ID="string_285" HPOS="565" VPOS="1769" WIDTH="339" HEIGHT="48" WC="0.94" CONTENT="provinsialläkare,"/><SP WIDTH="40" VPOS="1769" HPOS="904"/>
							<String ID="string_286" HPOS="944" VPOS="1768" WIDTH="59" HEIGHT="35" WC="0.93" CONTENT="till"/><SP WIDTH="39" VPOS="1768" HPOS="1003"/>
							<String ID="string_287" HPOS="1042" VPOS="1767" WIDTH="169" HEIGHT="36" WC="0.91" CONTENT="hvilkens"/><SP WIDTH="40" VPOS="1767" HPOS="1211"/>
							<String ID="string_288" HPOS="1251" VPOS="1766" WIDTH="163" HEIGHT="45" WC="0.91" CONTENT="aflöning"/><SP WIDTH="36" VPOS="1766" HPOS="1414"/>
							<String ID="string_289" HPOS="1450" VPOS="1770" WIDTH="119" HEIGHT="31" WC="0.96" CONTENT="staten"/><SP WIDTH="32" VPOS="1770" HPOS="1569"/>
							<String ID="string_290" HPOS="1601" VPOS="1766" WIDTH="146" HEIGHT="35" WC="0.96" CONTENT="lämnar"/><SP WIDTH="27" VPOS="1766" HPOS="1747"/>
							<String ID="string_291" HPOS="1774" VPOS="1764" WIDTH="140" HEIGHT="47" WC="0.93" CONTENT="bidrag,"/><SP WIDTH="27" VPOS="1764" HPOS="1914"/>
							<String ID="string_292" HPOS="1941" VPOS="1763" WIDTH="74" HEIGHT="37" WC="0.92" CONTENT="för-"/>
						</TextLine>
						<TextLine ID="line_32" HPOS="411" VPOS="1814" WIDTH="1605" HEIGHT="52">
							<String ID="string_293" HPOS="411" VPOS="1822" WIDTH="137" HEIGHT="36" WC="0.96" CONTENT="ordnas"/><SP WIDTH="28" VPOS="1822" HPOS="548"/>
							<String ID="string_294" HPOS="576" VPOS="1821" WIDTH="68" HEIGHT="35" WC="0.91" CONTENT="och"/><SP WIDTH="28" VPOS="1821" HPOS="644"/>
							<String ID="string_295" HPOS="672" VPOS="1819" WIDTH="201" HEIGHT="45" WC="0.90" CONTENT="entledigas"/><SP WIDTH="28" VPOS="1819" HPOS="873"/>
							<String ID="string_296" HPOS="901" VPOS="1817" WIDTH="40" HEIGHT="37" WC="0.93" CONTENT="af"/><SP WIDTH="22" VPOS="1817" HPOS="941"/>
							<String ID="string_297" HPOS="963" VPOS="1817" WIDTH="388" HEIGHT="49" WC="0.91" CONTENT="medicinalstyrelsen."/><SP WIDTH="44" VPOS="1817" HPOS="1351"/>
							<String ID="string_298" HPOS="1395" VPOS="1814" WIDTH="75" HEIGHT="38" WC="0.96" CONTENT="Gör"/><SP WIDTH="27" VPOS="1814" HPOS="1470"/>
							<String ID="string_299" HPOS="1497" VPOS="1816" WIDTH="227" HEIGHT="36" WC="0.96" CONTENT="kommunen"/><SP WIDTH="28" VPOS="1816" HPOS="1724"/>
							<String ID="string_300" HPOS="1752" VPOS="1816" WIDTH="79" HEIGHT="35" WC="0.96" CONTENT="icke"/><SP WIDTH="27" VPOS="1816" HPOS="1831"/>
							<String ID="string_301" HPOS="1858" VPOS="1815" WIDTH="158" HEIGHT="46" WC="0.96" CONTENT="anspråk"/>
						</TextLine>
						<TextLine ID="line_33" HPOS="410" VPOS="1865" WIDTH="1606" HEIGHT="54">
							<String ID="string_302" HPOS="410" VPOS="1872" WIDTH="47" HEIGHT="47" WC="0.96" CONTENT="på"/><SP WIDTH="32" VPOS="1872" HPOS="457"/>
							<String ID="string_303" HPOS="489" VPOS="1872" WIDTH="121" HEIGHT="47" WC="0.96" CONTENT="dylikt"/><SP WIDTH="32" VPOS="1872" HPOS="610"/>
							<String ID="string_304" HPOS="642" VPOS="1870" WIDTH="140" HEIGHT="45" WC="0.96" CONTENT="bidrag,"/><SP WIDTH="27" VPOS="1870" HPOS="782"/>
							<String ID="string_305" HPOS="809" VPOS="1877" WIDTH="85" HEIGHT="38" WC="0.96" CONTENT="äger"/><SP WIDTH="28" VPOS="1877" HPOS="894"/>
							<String ID="string_306" HPOS="922" VPOS="1868" WIDTH="70" HEIGHT="37" WC="0.96" CONTENT="den"/><SP WIDTH="27" VPOS="1868" HPOS="992"/>
							<String ID="string_307" HPOS="1019" VPOS="1868" WIDTH="63" HEIGHT="37" WC="0.96" CONTENT="vid"/><SP WIDTH="27" VPOS="1868" HPOS="1082"/>
							<String ID="string_308" HPOS="1109" VPOS="1868" WIDTH="255" HEIGHT="47" WC="0.93" CONTENT="ansökningen"/><SP WIDTH="28" VPOS="1868" HPOS="1364"/>
							<String ID="string_309" HPOS="1392" VPOS="1866" WIDTH="138" HEIGHT="47" WC="0.91" CONTENT="afgifva"/><SP WIDTH="26" VPOS="1866" HPOS="1530"/>
							<String ID="string_310" HPOS="1556" VPOS="1865" WIDTH="139" HEIGHT="47" WC="0.96" CONTENT="förslag"/><SP WIDTH="26" VPOS="1865" HPOS="1695"/>
							<String ID="string_311" HPOS="1721" VPOS="1865" WIDTH="160" HEIGHT="37" WC="0.95" CONTENT="rörande"/><SP WIDTH="26" VPOS="1865" HPOS="1881"/>
							<String ID="string_312" HPOS="1907" VPOS="1871" WIDTH="109" HEIGHT="30" WC="0.95" CONTENT="sättet"/>
						</TextLine>
						<TextLine ID="line_34" HPOS="410" VPOS="1915" WIDTH="1608" HEIGHT="51">
							<String ID="string_313" HPOS="410" VPOS="1923" WIDTH="59" HEIGHT="36" WC="0.96" CONTENT="för"/><SP WIDTH="34" VPOS="1923" HPOS="469"/>
							<String ID="string_314" HPOS="503" VPOS="1923" WIDTH="169" HEIGHT="35" WC="0.96" CONTENT="läkarens"/><SP WIDTH="37" VPOS="1923" HPOS="672"/>
							<String ID="string_315" HPOS="709" VPOS="1919" WIDTH="221" HEIGHT="47" WC="0.95" CONTENT="antagande;"/><SP WIDTH="41" VPOS="1919" HPOS="930"/>
							<String ID="string_316" HPOS="971" VPOS="1919" WIDTH="69" HEIGHT="36" WC="0.96" CONTENT="och"/><SP WIDTH="35" VPOS="1919" HPOS="1040"/>
							<String ID="string_317" HPOS="1075" VPOS="1919" WIDTH="139" HEIGHT="36" WC="0.96" CONTENT="brukar"/><SP WIDTH="27" VPOS="1919" HPOS="1214"/>
							<String ID="string_318" HPOS="1241" VPOS="1918" WIDTH="62" HEIGHT="37" WC="0.96" CONTENT="vid"/><SP WIDTH="28" VPOS="1918" HPOS="1303"/>
							<String ID="string_319" HPOS="1331" VPOS="1917" WIDTH="107" HEIGHT="37" WC="0.95" CONTENT="bifall"/><SP WIDTH="25" VPOS="1917" HPOS="1438"/>
							<String ID="string_320" HPOS="1463" VPOS="1918" WIDTH="60" HEIGHT="35" WC="0.96" CONTENT="till"/><SP WIDTH="27" VPOS="1918" HPOS="1523"/>
							<String ID="string_321" HPOS="1550" VPOS="1917" WIDTH="253" HEIGHT="44" WC="0.95" CONTENT="ansökningen"/><SP WIDTH="27" VPOS="1917" HPOS="1803"/>
							<String ID="string_322" HPOS="1830" VPOS="1915" WIDTH="188" HEIGHT="38" WC="0.95" CONTENT="föreskrift"/>
						</TextLine>
						<TextLine ID="line_35" HPOS="412" VPOS="1967" WIDTH="1605" HEIGHT="47">
							<String ID="string_323" HPOS="412" VPOS="1975" WIDTH="141" HEIGHT="35" WC="0.93" CONTENT="lämnas"/><SP WIDTH="40" VPOS="1975" HPOS="553"/>
							<String ID="string_324" HPOS="593" VPOS="1985" WIDTH="61" HEIGHT="23" WC="0.96" CONTENT="om"/><SP WIDTH="39" VPOS="1985" HPOS="654"/>
							<String ID="string_325" HPOS="693" VPOS="1970" WIDTH="228" HEIGHT="37" WC="0.95" CONTENT="tillsättande"/><SP WIDTH="40" VPOS="1970" HPOS="921"/>
							<String ID="string_326" HPOS="961" VPOS="1969" WIDTH="41" HEIGHT="36" WC="0.95" CONTENT="af"/><SP WIDTH="32" VPOS="1969" HPOS="1002"/>
							<String ID="string_327" HPOS="1034" VPOS="1983" WIDTH="44" HEIGHT="22" WC="0.96" CONTENT="en"/><SP WIDTH="35" VPOS="1983" HPOS="1078"/>
							<String ID="string_328" HPOS="1113" VPOS="1970" WIDTH="153" HEIGHT="44" WC="0.96" CONTENT="styrelse"/><SP WIDTH="34" VPOS="1970" HPOS="1266"/>
							<String ID="string_329" HPOS="1300" VPOS="1968" WIDTH="58" HEIGHT="36" WC="0.92" CONTENT="för"/><SP WIDTH="32" VPOS="1968" HPOS="1358"/>
							<String ID="string_330" HPOS="1390" VPOS="1967" WIDTH="286" HEIGHT="37" WC="0.92" CONTENT="handhafvande"/><SP WIDTH="28" VPOS="1967" HPOS="1676"/>
							<String ID="string_331" HPOS="1704" VPOS="1967" WIDTH="41" HEIGHT="35" WC="0.96" CONTENT="af"/><SP WIDTH="24" VPOS="1967" HPOS="1745"/>
							<String ID="string_332" HPOS="1769" VPOS="1967" WIDTH="161" HEIGHT="37" WC="0.92" CONTENT="ärenden"/><SP WIDTH="27" VPOS="1967" HPOS="1930"/>
							<String ID="string_333" HPOS="1957" VPOS="1980" WIDTH="60" HEIGHT="22" WC="0.92" CONTENT="an-"/>
						</TextLine>
						<TextLine ID="line_36" HPOS="412" VPOS="2017" WIDTH="1605" HEIGHT="54">
							<String ID="string_334" HPOS="412" VPOS="2024" WIDTH="140" HEIGHT="47" WC="0.96" CONTENT="gående"/><SP WIDTH="32" VPOS="2024" HPOS="552"/>
							<String ID="string_335" HPOS="584" VPOS="2023" WIDTH="70" HEIGHT="36" WC="0.96" CONTENT="den"/><SP WIDTH="28" VPOS="2023" HPOS="654"/>
							<String ID="string_336" HPOS="682" VPOS="2027" WIDTH="106" HEIGHT="32" WC="0.93" CONTENT="extra"/><SP WIDTH="26" VPOS="2027" HPOS="788"/>
							<String ID="string_337" HPOS="814" VPOS="2021" WIDTH="501" HEIGHT="47" WC="0.90" CONTENT="provinsialläkaretjänsten,"/><SP WIDTH="29" VPOS="2021" HPOS="1315"/>
							<String ID="string_338" HPOS="1344" VPOS="2019" WIDTH="149" HEIGHT="36" WC="0.96" CONTENT="hvilken"/><SP WIDTH="27" VPOS="2019" HPOS="1493"/>
							<String ID="string_339" HPOS="1520" VPOS="2019" WIDTH="151" HEIGHT="44" WC="0.95" CONTENT="styrelse"/><SP WIDTH="28" VPOS="2019" HPOS="1671"/>
							<String ID="string_340" HPOS="1699" VPOS="2025" WIDTH="87" HEIGHT="39" WC="0.95" CONTENT="äger"/><SP WIDTH="28" VPOS="2025" HPOS="1786"/>
							<String ID="string_341" HPOS="1814" VPOS="2023" WIDTH="62" HEIGHT="38" WC="0.96" CONTENT="att,"/><SP WIDTH="28" VPOS="2023" HPOS="1876"/>
							<String ID="string_342" HPOS="1904" VPOS="2017" WIDTH="113" HEIGHT="37" WC="0.96" CONTENT="sedan"/>
						</TextLine>
						<TextLine ID="line_37" HPOS="412" VPOS="2069" WIDTH="1606" HEIGHT="51">
							<String ID="string_343" HPOS="412" VPOS="2074" WIDTH="378" HEIGHT="44" WC="0.73" CONTENT="medicinalstyrelsen"/><SP WIDTH="32" VPOS="2074" HPOS="790"/>
							<String ID="string_344" HPOS="822" VPOS="2076" WIDTH="116" HEIGHT="44" WC="0.96" CONTENT="yttrat"/><SP WIDTH="31" VPOS="2076" HPOS="938"/>
							<String ID="string_345" HPOS="969" VPOS="2072" WIDTH="55" HEIGHT="44" WC="0.95" CONTENT="sig"/><SP WIDTH="31" VPOS="2072" HPOS="1024"/>
							<String ID="string_346" HPOS="1055" VPOS="2070" WIDTH="104" HEIGHT="37" WC="0.96" CONTENT="öfver"/><SP WIDTH="27" VPOS="2070" HPOS="1159"/>
							<String ID="string_347" HPOS="1186" VPOS="2070" WIDTH="45" HEIGHT="36" WC="0.96" CONTENT="de"/><SP WIDTH="28" VPOS="2070" HPOS="1231"/>
							<String ID="string_348" HPOS="1259" VPOS="2069" WIDTH="178" HEIGHT="37" WC="0.96" CONTENT="sökandes"/><SP WIDTH="28" VPOS="2069" HPOS="1437"/>
							<String ID="string_349" HPOS="1465" VPOS="2069" WIDTH="224" HEIGHT="46" WC="0.96" CONTENT="kompetens,"/><SP WIDTH="28" VPOS="2069" HPOS="1689"/>
							<String ID="string_350" HPOS="1717" VPOS="2069" WIDTH="58" HEIGHT="35" WC="0.96" CONTENT="till"/><SP WIDTH="28" VPOS="2069" HPOS="1775"/>
							<String ID="string_351" HPOS="1803" VPOS="2074" WIDTH="105" HEIGHT="30" WC="0.93" CONTENT="extra"/><SP WIDTH="26" VPOS="2074" HPOS="1908"/>
							<String ID="string_352" HPOS="1934" VPOS="2081" WIDTH="84" HEIGHT="34" WC="0.93" CONTENT="pro-"/>
						</TextLine>
						<TextLine ID="line_38" HPOS="412" VPOS="2119" WIDTH="1606" HEIGHT="49">
							<String ID="string_353" HPOS="412" VPOS="2125" WIDTH="256" HEIGHT="37" WC="0.92" CONTENT="vinsialläkare"/><SP WIDTH="28" VPOS="2125" HPOS="668"/>
							<String ID="string_354" HPOS="696" VPOS="2128" WIDTH="81" HEIGHT="31" WC="0.96" CONTENT="utse"/><SP WIDTH="27" VPOS="2128" HPOS="777"/>
							<String ID="string_355" HPOS="804" VPOS="2136" WIDTH="44" HEIGHT="23" WC="0.96" CONTENT="en"/><SP WIDTH="27" VPOS="2136" HPOS="848"/>
							<String ID="string_356" HPOS="875" VPOS="2121" WIDTH="114" HEIGHT="37" WC="0.96" CONTENT="bland"/><SP WIDTH="28" VPOS="2121" HPOS="989"/>
							<String ID="string_357" HPOS="1017" VPOS="2121" WIDTH="44" HEIGHT="37" WC="0.93" CONTENT="de"/><SP WIDTH="23" VPOS="2121" HPOS="1061"/>
							<String ID="string_358" HPOS="1084" VPOS="2122" WIDTH="236" HEIGHT="46" WC="0.92" CONTENT="kompetente"/><SP WIDTH="18" VPOS="2122" HPOS="1320"/>
							<String ID="string_359" HPOS="1338" VPOS="2119" WIDTH="172" HEIGHT="37" WC="0.95" CONTENT="sökande."/><SP WIDTH="43" VPOS="2119" HPOS="1510"/>
							<String ID="string_360" HPOS="1553" VPOS="2120" WIDTH="116" HEIGHT="35" WC="0.95" CONTENT="Extra"/><SP WIDTH="19" VPOS="2120" HPOS="1669"/>
							<String ID="string_361" HPOS="1688" VPOS="2120" WIDTH="330" HEIGHT="46" WC="0.95" CONTENT="provinsialläkare"/>
						</TextLine>
						<TextLine ID="line_39" HPOS="414" VPOS="2169" WIDTH="1605" HEIGHT="54">
							<String ID="string_362" HPOS="414" VPOS="2176" WIDTH="140" HEIGHT="47" WC="0.96" CONTENT="åligger"/><SP WIDTH="31" VPOS="2176" HPOS="554"/>
							<String ID="string_363" HPOS="585" VPOS="2180" WIDTH="53" HEIGHT="31" WC="0.96" CONTENT="att"/><SP WIDTH="30" VPOS="2180" HPOS="638"/>
							<String ID="string_364" HPOS="668" VPOS="2175" WIDTH="103" HEIGHT="36" WC="0.96" CONTENT="inom"/><SP WIDTH="27" VPOS="2175" HPOS="771"/>
							<String ID="string_365" HPOS="798" VPOS="2173" WIDTH="61" HEIGHT="37" WC="0.96" CONTENT="det"/><SP WIDTH="25" VPOS="2173" HPOS="859"/>
							<String ID="string_366" HPOS="884" VPOS="2173" WIDTH="139" HEIGHT="36" WC="0.95" CONTENT="honom"/><SP WIDTH="27" VPOS="2173" HPOS="1023"/>
							<String ID="string_367" HPOS="1050" VPOS="2172" WIDTH="175" HEIGHT="37" WC="0.93" CONTENT="anvisade"/><SP WIDTH="27" VPOS="2172" HPOS="1225"/>
							<String ID="string_368" HPOS="1252" VPOS="2170" WIDTH="415" HEIGHT="48" WC="0.91" CONTENT="tjänstgöringsområde"/><SP WIDTH="28" VPOS="2170" HPOS="1667"/>
							<String ID="string_369" HPOS="1695" VPOS="2170" WIDTH="144" HEIGHT="46" WC="0.92" CONTENT="besörja"/><SP WIDTH="27" VPOS="2170" HPOS="1839"/>
							<String ID="string_370" HPOS="1866" VPOS="2169" WIDTH="44" HEIGHT="37" WC="0.93" CONTENT="de"/><SP WIDTH="27" VPOS="2169" HPOS="1910"/>
							<String ID="string_371" HPOS="1937" VPOS="2183" WIDTH="82" HEIGHT="33" WC="0.92" CONTENT="pro-"/>
						</TextLine>
						<TextLine ID="line_40" HPOS="413" VPOS="2220" WIDTH="1605" HEIGHT="49">
							<String ID="string_372" HPOS="413" VPOS="2226" WIDTH="260" HEIGHT="38" WC="0.86" CONTENT="vinsialläkare"/><SP WIDTH="34" VPOS="2226" HPOS="673"/>
							<String ID="string_373" HPOS="707" VPOS="2222" WIDTH="283" HEIGHT="38" WC="0.96" CONTENT="tillkommande"/><SP WIDTH="36" VPOS="2222" HPOS="990"/>
							<String ID="string_374" HPOS="1026" VPOS="2222" WIDTH="167" HEIGHT="47" WC="0.96" CONTENT="göromål"/><SP WIDTH="28" VPOS="2222" HPOS="1193"/>
							<String ID="string_375" HPOS="1221" VPOS="2223" WIDTH="69" HEIGHT="35" WC="0.96" CONTENT="och"/><SP WIDTH="27" VPOS="2223" HPOS="1290"/>
							<String ID="string_376" HPOS="1317" VPOS="2221" WIDTH="130" HEIGHT="38" WC="0.95" CONTENT="därvid"/><SP WIDTH="28" VPOS="2221" HPOS="1447"/>
							<String ID="string_377" HPOS="1475" VPOS="2222" WIDTH="108" HEIGHT="36" WC="0.96" CONTENT="ställa"/><SP WIDTH="27" VPOS="2222" HPOS="1583"/>
							<String ID="string_378" HPOS="1610" VPOS="2221" WIDTH="55" HEIGHT="46" WC="0.96" CONTENT="sig"/><SP WIDTH="26" VPOS="2221" HPOS="1665"/>
							<String ID="string_379" HPOS="1691" VPOS="2221" WIDTH="59" HEIGHT="36" WC="0.92" CONTENT="till"/><SP WIDTH="28" VPOS="2221" HPOS="1750"/>
							<String ID="string_380" HPOS="1778" VPOS="2220" WIDTH="240" HEIGHT="37" WC="0.92" CONTENT="efterrättelse"/>
						</TextLine>
					</TextBlock>
				</ComposedBlock>
			</PrintSpace>
		</Page>
	</Layout>
</alto>
