2196 2624
395 173 57 28 122
921 176 230 29 Statsutskottets
1179 178 152 28 Utlåtande
1354 179 58 29 N:o
1436 181 45 27 11.

393 249 113 35 rikets
547 250 191 37 allmänna
778 252 184 42 kartverk,
1002 253 86 35 med
1127 252 266 39 föranledande
1432 255 41 36 af
1510 257 59 35 till
1608 257 138 36 honom
1773 260 144 45 ingifna
1945 274 61 23 an-

395 299 202 46 sökningar
632 301 41 36 af
705 301 281 46 kartograferna
1021 303 65 35 vid
1118 304 161 35 nämnda
1305 306 174 36 kartverk
1507 306 80 36 Nils
1613 306 103 38 Axel
1743 308 167 49 Ahlberg
1937 312 68 36 och

392 349 90 36 Lars
524 352 150 45 August
712 352 156 47 Kjebon,
908 353 98 45 gjort
1045 352 276 49 framställning
1356 369 61 23 om
1445 357 209 37 beredande
1681 359 42 36 af
1744 361 196 44 pensioner
1966 363 38 36 åt

393 400 169 38 bemälde
589 403 167 44 Ahlberg
783 402 68 35 och
879 402 154 47 Kjebon.

493 451 55 36 Af
571 452 274 45 handlingarna
871 453 11 35 i
911 453 99 36 detta
1038 454 134 36 ärende
1198 455 200 38 inhämtas:

493 502 230 37 beträffande
762 503 239 45 kartografen
1040 505 164 48 Ahlberg,
1244 512 54 30 att
1337 507 84 46 han,
1461 521 81 23 som
1574 517 41 28 är
1640 509 91 37 född
1759 510 72 36 den
1862 513 18 33 7
1909 514 95 44 april

395 553 96 35 1840
532 553 70 35 och
642 552 138 36 således
822 554 159 47 uppnått
1023 556 45 34 63
1111 555 56 36 års
1194 556 110 44 ålder,
1333 558 70 36 den
1433 560 43 34 15
1500 560 86 44 juni
1616 562 95 35 1864
1739 561 264 38 konstituerats

391 602 57 35 till
488 603 457 37 landtmäteriauskultant
977 610 104 40 samt,
1110 605 91 37 efter
1228 609 226 46 anställning
1480 608 85 37 från
1594 610 70 37 den
1694 614 17 33 1
1742 613 157 36 oktober
1925 615 78 34 sist-

391 653 165 35 nämnda
583 653 41 35 år
650 653 118 36 såsom
798 660 106 30 extra
931 656 202 46 kartograf,
1162 657 70 36 den
1260 660 46 34 23
1335 672 96 23 mars
1461 662 96 34 1867
1585 660 211 38 förordnats
1824 664 59 35 till
1909 664 93 36 ordi-

390 704 102 35 narie
532 703 196 47 kartograf
763 705 65 36 vid
867 706 228 46 kartverket;
1123 712 54 31 att
1203 709 181 46 Ahlberg,
1412 723 78 23 som
1518 712 116 46 enligt
1661 713 341 38 kartverkschefens

390 753 140 35 vitsord
559 754 118 37 under
704 756 56 34 sin
789 755 116 37 krafts
933 756 116 48 dagar
1076 758 86 35 med
1187 760 55 34 nit
1270 760 68 35 och
1366 761 219 46 skicklighet
1611 762 172 49 fullgjort
1809 765 80 35 sina
1915 765 87 48 ålig-

389 804 158 45 ganden,
576 806 205 35 emellertid
808 806 49 46 på
883 807 122 46 grund
1033 807 42 36 af
1098 808 102 37 ålder
1226 811 70 34 och
1322 810 183 46 följderna
1532 812 42 36 af
1597 818 52 31 ett
1666 814 200 46 slaganfall
1885 816 117 36 under

389 854 45 35 de
473 867 128 24 senare
641 856 87 35 åren
768 858 97 34 varit
892 856 218 48 oförmögen
1138 865 54 30 att
1218 860 119 36 under
1364 862 174 36 arbetena
1567 863 21 36 å
1613 864 104 37 fältet
1744 864 257 38 åstadkomma

388 917 44 23 en
472 905 345 37 tillfredsställande
858 908 295 47 arbetsprodukt,
1193 910 152 36 hvarför
1371 912 75 35 han
1473 912 110 37 äfven
1610 914 82 37 från
1720 916 69 35 och
1816 916 84 36 med
1927 917 72 36 den

388 957 18 33 1
448 968 98 23 mars
586 957 252 36 innevarande
873 958 40 36 år
939 962 47 43 på
1012 959 124 46 grund
1162 960 41 36 af
1222 962 237 48 läkarebetyg
1486 964 124 36 blifvit
1636 966 118 36 under
1781 971 53 31 ett
1861 967 56 36 års
1944 968 55 35 tid

387 1005 41 35 af
463 1005 115 37 Eders
619 1007 136 46 Kungl.
795 1008 103 46 Maj:t
937 1009 144 36 befriad
1119 1010 82 36 från
1240 1013 246 46 tjänstgöring
1525 1015 85 35 med
1637 1017 137 35 villkor
1801 1022 55 31 att
1883 1019 117 36 under

388 1055 100 37 tiden
529 1057 41 35 af
605 1058 63 35 sitt
707 1057 154 38 arfvode
900 1059 93 37 afstå
1034 1066 53 30 ett
1121 1062 146 47 belopp,
1294 1064 260 37 motsvarande
1582 1070 52 31 ett
1661 1073 105 30 extra
1792 1068 205 47 kartograf-

386 1106 153 37 arfvode
565 1106 59 37 för
651 1109 196 36 aflönande
873 1110 41 35 af
936 1111 155 45 vikarie;
1119 1117 54 30 att
1199 1113 167 48 Ahlberg
1384 1114 41 36 af
1439 1115 45 36 de
1501 1116 174 36 inomhus
1693 1116 305 40 förekommande

387 1157 174 36 arbetena
601 1159 64 35 vid
704 1159 342 47 hufvudstationen,
1087 1162 119 36 såsom
1241 1165 247 46 upprättande
1515 1165 42 36 af
1580 1163 416 57 häradsbeskrifningar,

386 1208 346 48 korrekturläsning
779 1209 58 37 för
882 1213 201 45 tryckning
1128 1212 41 36 af
1205 1214 263 37 häradskartor
1507 1217 69 35 och
1617 1219 302 46 arealuträkning
1959 1220 42 36 af

385 1258 183 44 kartblad,
596 1260 119 36 under
742 1273 127 24 senare
895 1263 102 35 tiden
1026 1263 40 35 af
1090 1264 55 35 sin
1172 1264 247 48 tjänstgöring
1445 1266 132 37 endast
1604 1268 144 37 kunnat
1767 1272 228 45 sysselsättas

385 1308 84 36 med
497 1310 231 36 sistnämnda
755 1312 138 44 arbete;
920 1319 95 29 samt
1042 1319 55 30 att
1123 1315 166 47 Ahlberg
1316 1317 114 46 enligt
1456 1318 143 36 läkares
1626 1319 106 48 intyg
1759 1321 58 35 till
1843 1320 91 47 följd
1959 1322 41 35 af

384 1359 285 47 hjärnsjukdom
696 1362 70 35 och
793 1362 238 47 nedsättning
1058 1363 42 36 af
1123 1364 262 48 synförmågan
1412 1375 40 28 är
1479 1367 60 37 för
1556 1368 201 38 framtiden
1777 1370 216 49 oförmögen

384 1410 59 34 till
469 1411 248 47 tjänstgöring
743 1412 64 36 vid
834 1414 226 45 kartverket;
1088 1416 69 35 och

484 1462 160 36 rörande
684 1463 239 47 kartografen
963 1465 145 47 Kjebon,
1148 1471 54 31 att
1240 1467 86 43 han,
1366 1480 79 24 som
1485 1476 41 29 är
1566 1469 90 37 född
1696 1471 71 36 den
1801 1474 21 34 3
1850 1473 144 45 januari

386 1512 94 35 1838
523 1512 68 35 och
630 1512 140 37 således
813 1515 44 34 65
899 1514 40 36 år
978 1517 173 44 gammal,
1192 1517 69 36 den
1304 1520 44 34 11
1385 1520 71 44 juli
1492 1521 94 35 1865
1616 1523 159 45 antagits
1802 1524 58 35 till
1888 1530 106 30 extra

387 1562 197 45 kartograf
620 1564 69 35 och
730 1564 113 36 sedan
879 1565 72 36 den
978 1568 23 33 4
1028 1568 97 45 april
1154 1569 93 34 1873
1275 1569 211 46 tjänstgjort
1512 1571 122 36 såsom
1662 1573 185 37 ordinarie
1875 1575 119 35 karto-

383 1611 85 47 graf
502 1613 65 35 vid
606 1614 226 43 kartverket;
874 1622 54 29 att
968 1616 156 46 Kjebon,
1164 1619 115 45 enligt
1319 1620 96 36 hvad
1451 1621 323 38 kartverkschefen
1801 1620 191 54 vitsordat,

382 1662 84 35 med
506 1664 56 34 nit
603 1665 68 35 och
710 1666 220 45 skicklighet
968 1666 173 47 fullgjort
1180 1670 79 34 sina
1297 1669 231 49 åligganden,
1570 1673 180 37 ehuruväl
1783 1674 108 37 äfven
1917 1676 75 35 han

381 1712 48 47 på
467 1713 123 45 grund
630 1714 41 36 af
707 1715 102 36 ålder
849 1717 68 35 och
957 1717 199 48 försvagad
1195 1719 103 36 hälsa
1338 1722 30 45 ej
1405 1722 118 36 under
1550 1730 141 30 senaste
1717 1724 103 36 tiden
1848 1726 144 35 kunnat

382 1764 228 42 sysselsättas
649 1766 86 36 med
773 1765 232 46 fältarbeten,
1043 1774 92 30 utan
1171 1771 182 35 användts
1388 1772 62 36 vid
1485 1772 330 39 hufvudstationen
1843 1772 147 56 synner-

380 1814 111 45 ligast
517 1815 64 35 vid
609 1816 308 47 arealberäkning
943 1818 41 35 af
1005 1819 189 45 kartblad;
1222 1828 95 28 samt
1344 1827 54 30 att
1424 1822 145 46 Kjebon
1589 1825 114 46 enligt
1721 1826 144 36 läkares
1883 1827 107 46 intyg

380 1864 94 35 lider
513 1864 42 36 af
592 1866 236 47 sockersjuka
868 1868 67 35 och
962 1869 154 36 kronisk
1142 1870 393 48 ledgångsreumatism
1563 1875 69 35 och
1658 1875 47 47 på
1731 1877 127 46 grund
1886 1877 107 36 däraf

380 1914 68 35 bar
474 1915 149 36 nedsatt
649 1917 301 47 arbetsförmåga.

481 1965 64 36 Uti
585 1967 56 35 sin
680 1968 258 48 underdåniga
972 1970 192 38 skrifvelse
1199 1973 11 34 i
1238 1973 152 37 ärendet
1416 1974 67 36 har
1509 1976 334 46 kartverkschefen,
1870 1978 118 36 under

379 2016 148 35 erinran
555 2017 179 37 hurusom
761 2018 114 37 Eders
902 2020 137 46 Kungl.
1069 2021 103 48 Maj:t
1197 2022 101 36 förut
1325 2025 104 35 äskat
1454 2027 155 45 pension
1635 2026 57 36 för
1718 2027 85 36 dem
1830 2027 41 37 af
1894 2029 94 36 kart-

380 2067 144 35 verkets
564 2068 233 46 tjänstemän,
837 2082 79 24 som
944 2071 30 47 ej
1004 2072 130 47 längre
1160 2086 88 23 vore
1275 2074 213 47 tjänstbara,
1516 2076 70 36 och
1614 2082 54 30 att
1693 2077 114 37 sådan
1835 2080 153 46 pension

374 2116 140 46 Jämväl
554 2118 63 35 vid
657 2119 186 46 åtskilliga
878 2121 173 36 tillfällen
1079 2122 42 36 af
1143 2122 211 48 Riksdagen
1380 2126 180 48 beviljats,
1588 2133 121 30 senast
1735 2128 41 36 år
1806 2131 93 34 1902
1928 2129 59 36 för

377 2167 206 37 nivellören
622 2169 38 36 F.
700 2169 42 37 O.
777 2170 147 45 Aurell,
959 2172 128 37 vidare
1114 2172 215 48 framhållit,
1357 2181 54 31 att
1438 2176 45 37 de
1509 2178 371 47 tjänsteåligganden,
1907 2193 79 23 som

377 2217 207 37 tillkomme
623 2220 46 36 de
703 2220 64 37 vid
796 2222 210 37 kartverket
1034 2225 179 36 anställde
1240 2226 239 47 kartografer,
1507 2241 88 23 vore
1623 2228 40 37 af
1686 2229 70 37 den
1783 2230 203 37 beskaffen-
