2200 2624
387 159 37 29 16
915 162 230 28 Statsutskottets
1175 162 153 28 Utlåtande
1350 161 60 28 N:o
1433 163 46 26 11.

488 236 189 48 Förslaget
715 236 206 37 innehåller
959 237 137 44 vidare,
1137 245 51 28 att
1228 237 59 36 för
1331 243 54 30 att
1427 237 156 39 förman,
1629 238 238 46 sjukvaktare
1911 240 91 36 eller

388 286 209 48 daglönare,
638 301 77 23 som
755 300 89 23 vore
883 288 13 35 i
935 288 113 46 tjänst
1089 287 71 36 den
1213 288 83 46 dag,
1337 287 47 36 då
1418 289 247 46 kungörelsen
1691 289 133 37 trädde
1850 293 13 33 i
1889 290 110 44 kraft,

388 338 118 36 skulle
541 339 151 36 komma
727 339 13 34 i
778 337 218 46 åtnjutande
1032 337 41 36 af
1096 337 447 48 pensionsförhöjningen,
1571 339 244 44 erfordrades,
1843 346 54 30 att
1923 342 74 35 han

386 394 122 30 senast
547 389 21 35 å
606 391 72 34 viss
718 388 73 45 dag
833 389 64 34 hos
936 387 279 37 vederbörande
1251 388 182 44 anmälde,
1464 396 55 29 att
1545 391 74 35 han
1646 389 165 36 önskade
1837 391 86 45 ingå
1947 391 50 46 på

385 440 373 45 pensionsvillkoren;
800 445 51 29 att
889 438 156 45 förman,
1086 439 234 45 sjukvaktare
1361 439 89 35 eller
1489 440 210 46 daglönare,
1737 452 81 23 som
1845 449 152 38 antoges

386 492 12 32 1
424 491 112 44 tjänst
563 489 90 36 efter
680 489 72 36 den
780 488 82 46 dag,
894 488 47 36 då
979 489 246 45 kungörelsen
1252 488 131 36 trädde
1409 490 13 34 i
1449 490 109 44 kraft,
1584 492 119 35 skulle
1730 503 93 23 vara
1849 491 148 46 skyldig

386 545 54 30 att
466 540 226 35 underkasta
719 540 55 44 sig
802 539 80 35 dess
909 540 289 44 bestämmelser;
1239 547 50 28 att
1329 538 156 46 förman,
1526 542 239 45 sjukvaktare
1795 541 89 35 eller
1910 540 88 46 dag-

386 591 127 34 lönare
541 590 119 35 skulle
687 602 91 23 vara
804 590 149 45 skyldig
992 595 54 30 att
1086 589 96 46 afgå,
1223 589 46 35 då
1309 590 75 35 hau
1411 590 160 46 uppnått
1598 604 43 23 en
1669 592 102 35 ålder
1798 590 42 36 af
1864 592 131 35 sextio-

385 640 75 36 fem
487 640 49 43 år,
564 639 126 37 såvida
724 640 76 35 han
839 640 182 36 innehade
1060 641 107 45 tjugu
1206 640 186 46 tjänsteår,
1428 641 210 35 beräknade
1672 642 48 45 på
1755 647 72 29 sätt
1859 642 9 34 i
1900 643 94 35 1879

386 690 57 36 års
484 691 222 45 reglemente
745 703 89 23 vore
873 689 243 46 föreskrifvet,
1155 690 277 37 vederbörande
1467 690 98 37 befäl
1592 692 113 36 likväl
1733 692 172 45 obetaget
1931 698 64 39 att,

385 740 84 36 med
497 741 92 35 hans
616 740 271 46 medgifvande,
914 741 74 35 låta
1014 741 86 36 med
1135 740 165 37 afskedet
1333 741 113 44 anstå,
1474 742 122 36 därest
1623 743 67 34 och
1718 742 39 35 så
1784 744 108 44 länge
1918 743 76 36 han

385 790 132 37 funnes
545 792 128 35 kunna
698 791 47 48 på
771 796 53 31 ett
855 791 342 36 tillfredsställande
1224 798 73 29 sätt
1326 792 13 35 i
1366 792 159 47 tjänsten
1553 805 120 33 gagna
1701 793 62 35 det
1790 794 204 44 allmänna;

385 848 95 29 samt
507 848 54 29 att
587 841 146 36 förman
770 843 90 35 eller
895 842 209 46 daglönare,
1139 842 226 36 tillhörande
1399 842 24 35 f.
1454 842 33 35 d.
1516 843 183 36 ordinarie
1725 844 268 35 timmermans-

385 892 69 35 och
482 892 402 45 bandtverksstaterna,
911 893 117 36 skulle
1056 892 230 36 fortfarande
1317 892 47 45 få,
1391 906 61 22 om
1479 893 74 35 han
1581 895 39 34 så
1647 894 172 43 önskade,
1846 894 148 36 kvarstå

385 942 63 36 vid
476 943 80 35 sina
595 943 131 35 hittills
757 943 172 45 gällande
967 944 416 45 pensioneringsvillkor
1422 944 70 35 och
1536 943 232 37 fördenskull
1809 952 69 38 äga
1920 950 74 31 rätt

385 998 55 30 att
465 993 161 36 tilldelas
654 994 153 46 pension
833 1007 46 22 ur
904 994 152 35 flottans
1091 994 281 46 pensionskassa
1399 994 68 35 och
1495 993 229 45 öfverflyttas
1751 995 59 35 till
1837 995 156 36 invalid-

385 1049 81 38 stat,
493 1044 194 36 hvaremot
712 1043 149 36 förman
888 1045 88 35 eller
1012 1044 209 46 daglönare,
1257 1045 225 35 tillhörande
1507 1044 24 36 f.
1560 1045 33 35 d.
1621 1045 186 36 ordinarie
1834 1047 159 34 timmer-

385 1106 119 23 mans-
532 1095 69 35 och
628 1094 398 44 handtverksstaterna,
1054 1108 79 22 som
1159 1094 182 36 förklarat
1367 1096 55 47 sig
1448 1096 90 46 vilja
1565 1095 87 47 ingå
1677 1096 48 47 på
1752 1096 46 35 de
1825 1097 55 34 uti
1903 1097 91 35 kun-

385 1145 168 45 görelsen
581 1145 190 36 bestämda
798 1146 425 46 pensioneringsvillkor,
1249 1145 82 36 icke
1355 1146 118 36 skulle
1491 1153 69 39 äga
1578 1151 73 30 rätt
1670 1151 54 31 att
1742 1146 118 36 varda
1879 1146 116 37 öfver-

384 1195 134 48 flyttad
544 1195 49 46 på
618 1195 156 36 invalid-
801 1196 71 35 och
898 1198 256 45 pensionsstat.

485 1245 76 36 Vid
605 1247 204 46 beräkning
849 1246 42 36 af
926 1246 249 36 kostnaderna
1218 1246 85 36 med
1347 1246 202 46 anledning
1592 1246 41 36 af
1673 1246 71 37 den
1783 1246 211 47 föreslagna

384 1296 436 47 pensionsförhöjningen
846 1296 114 36 hafva
986 1297 45 36 de
1057 1297 285 35 kommitterade
1368 1296 122 46 utgått
1516 1297 84 35 från
1618 1297 374 46 personalförhållan-

386 1346 103 43 dena,
516 1346 137 36 sådana
680 1347 104 36 dessa
810 1348 173 44 gestaltat
1017 1348 55 45 sig
1098 1347 64 36 vid
1194 1348 113 35 slutet
1334 1346 40 36 af
1398 1347 40 35 år
1467 1349 94 34 1899
1591 1348 67 35 och
1685 1348 130 36 vidare
1841 1350 152 45 antagit,

387 1403 61 34 att,
477 1396 112 36 sedan
617 1397 45 36 de
688 1396 219 47 föreslagna,
934 1396 231 37 förbättrade
1192 1397 456 48 pensionsförhållandena
1674 1398 151 43 inträdt,
1846 1400 46 34 90
1911 1412 83 33 pro-

386 1453 83 30 cent
495 1446 41 36 af
559 1447 210 45 daglönare,
797 1448 127 35 hvilka
950 1447 87 48 fyllt
1065 1449 47 34 50
1140 1448 49 44 år,
1216 1449 148 35 komme
1390 1453 54 31 att
1470 1449 224 36 kvarstanna
1719 1450 13 35 i
1755 1450 160 45 tjänsten
1933 1450 61 35 till

384 1497 317 47 pensionsåldern;
729 1505 50 28 att
808 1498 71 36 den
907 1498 117 36 ökade
1058 1498 344 46 pensionskostnad,
1438 1511 79 23 som
1548 1500 119 35 skulle
1693 1500 137 47 uppstå
1857 1500 138 47 därige-

386 1561 88 23 nom
501 1554 54 29 att
582 1554 52 30 ett
659 1547 93 37 fåtal
788 1548 199 46 daglönare
1022 1548 79 37 före
1136 1555 141 30 senaste
1312 1550 206 46 antagning
1547 1549 82 36 haft
1655 1551 226 45 anställning
1906 1550 86 36 med

386 1598 413 48 tjänsteårsberäkning,
826 1600 148 35 komme
1001 1605 55 29 att
1082 1605 191 40 motvägas
1301 1599 41 36 af
1365 1600 71 36 den
1462 1601 214 45 minskning
1701 1602 13 34 i
1738 1613 142 23 samma
1898 1602 95 34 kost-

386 1649 84 44 nad,
497 1662 80 22 som
603 1649 183 48 uppstode
813 1663 134 32 genom
975 1649 216 46 daglönares
1218 1649 137 47 afgång
1381 1662 79 24 som
1478 1657 157 29 mästare
1652 1650 48 47 på
1719 1651 276 36 månadslönar-

387 1705 86 38 stat;
513 1706 94 29 samt
646 1706 51 29 att
736 1700 76 35 alla
851 1700 202 46 daglönare
1092 1700 146 46 tjänade
1278 1702 93 34 kvar
1398 1701 37 35 så
1461 1702 110 47 linge
1598 1714 78 23 som
1704 1702 62 35 det
1792 1715 89 22 vore
1909 1702 84 35 dem

385 1750 136 36 tillåtet
547 1750 89 36 eller
662 1751 57 35 till
744 1749 122 45 fyllda
895 1752 44 34 65
967 1750 58 36 års
1053 1750 110 37 ålder.
1214 1750 194 47 Utgående
1444 1750 81 37 från
1562 1752 104 36 dessa
1692 1752 165 46 grunder
1883 1751 112 37 hafva

386 1800 285 36 kommitterade
697 1801 189 40 beräknat,
914 1806 54 31 att
995 1801 71 36 den
1095 1801 116 47 årliga
1236 1800 173 47 förhöjda
1435 1802 205 36 kostnaden
1657 1801 59 37 för
1734 1808 121 30 staten
1873 1803 120 35 skulle

386 1852 12 34 i
424 1851 175 36 medeltal
625 1850 131 37 blifva:
783 1851 59 36 för
869 1852 45 36 de
943 1853 43 34 12
1017 1859 162 28 närmast
1204 1851 165 47 följande
1395 1852 86 36 åren
1510 1854 89 35 eller
1616 1854 58 34 till
1693 1853 69 35 och
1780 1853 85 35 med
1886 1854 108 42 1911,

387 1900 47 36 då
473 1902 74 35 alla
584 1902 63 36 vid
686 1902 103 35 tiden
828 1901 59 37 för
922 1902 44 36 de
997 1915 75 35 nya
1104 1903 513 47 pensionsbestämmelsernas
1648 1903 182 36 trädande
1856 1904 13 35 i
1895 1902 100 37 kraft

387 1952 229 36 omedelbart
654 1953 264 45 pensionerade
958 1954 46 34 65
1044 1952 41 36 år
1123 1954 123 44 gamla
1286 1953 70 35 och
1396 1953 101 36 äldre
1537 1954 200 46 daglönare
1765 1954 229 36 beräknades

386 2002 112 36 hafva
525 2002 127 46 afgått,
683 2004 131 43 33,923
844 2004 148 44 kronor,
1032 2003 68 35 och
1140 2003 207 36 sedermera
1379 2003 58 36 för
1464 2004 70 36 den
1561 2003 216 46 fortgående
1804 2005 188 46 pensione-

385 2054 131 44 ringen
544 2055 132 43 47,760
703 2054 149 35 kronor.
906 2052 71 38 Om
1011 2052 84 37 från
1124 2054 102 36 dessa
1253 2054 117 45 årliga
1396 2054 133 48 belopp
1558 2055 168 45 afdroges
1755 2056 76 35 dels
1858 2055 133 35 under-

385 2102 118 37 hållet
529 2103 41 36 af
593 2106 46 33 43
667 2104 182 36 invalider
877 2103 21 36 ä
925 2106 72 34 210
1025 2105 138 35 kronor
1189 2105 89 35 eller
1306 2106 108 43 9,030
1441 2105 139 36 kronor
1607 2105 149 45 årligen,
1784 2106 10 34 i
1815 2104 72 37 den
1905 2105 87 36 mån

386 2153 38 35 så
451 2154 63 35 ske
540 2154 125 36 kunde
692 2167 134 33 genom
852 2154 458 46 pensionsinnehafvarnes
1338 2154 148 48 afgång,
1513 2156 141 35 hvilket
1673 2160 151 41 antoges
1843 2155 58 37 för
1919 2157 75 34 alla

385 2203 114 38 hafva
524 2204 166 36 inträffat
717 2218 61 22 om
808 2206 44 34 12
881 2205 50 46 år,
957 2205 241 46 hvarigenom
1224 2205 120 36 under
1370 2206 109 35 hvart
1506 2207 68 35 och
1602 2211 51 31 ett
1679 2205 40 36 af
1745 2206 105 36 dessa
1880 2208 43 34 12
1952 2206 42 35 år
