1912 2826
276 168 18 29 4
727 171 273 30 Statsutskottets
1027 171 173 31 utlåtande
1226 172 49 30 Nr
1301 174 65 29 168.

279 256 264 30 kationsverken
569 256 200 35 tillämpade
795 256 298 36 löneprinciperna
1118 257 110 29 skulle
1255 257 191 30 utsträckas
1473 257 87 30 även
1584 257 50 30 till
1660 258 42 30 de
1726 259 54 29 be-

278 299 101 29 rörda
408 298 400 36 förvaltningsgrenarna
838 299 9 29 i
875 299 341 29 överensstämmelse
1245 300 79 29 med
1353 299 427 36 löneregleringskommit-

278 341 73 30 téns
375 340 138 36 förslag.
562 341 127 29 Därvid
714 341 182 30 framhölls
922 342 188 29 emellertid
1133 342 238 35 uttryckligen,
1398 345 48 27 att
1469 351 42 21 en
1535 341 245 37 förutsättning

279 383 54 30 för
353 393 41 20 en
414 383 220 37 likställighet
654 393 90 26 vore,
767 387 47 26 att
834 384 66 29 den
920 384 139 35 olikhet,
1080 393 73 20 som
1173 383 107 30 rådde
1301 385 8 28 i
1331 385 168 29 avseende
1520 383 20 31 å
1560 385 66 30 den
1646 385 135 37 dagliga

278 426 224 30 arbetstidens
524 427 101 34 längd
646 427 129 29 mellan
795 426 467 30 kommunikationsverkens
1283 427 157 35 styrelser
1458 427 65 29 och
1544 428 66 29 den
1629 429 149 30 centrala

279 468 254 37 förvaltningen
552 469 10 29 i
582 468 118 36 övrigt,
723 468 169 30 bortfölle.
915 468 49 31 De
983 469 202 30 uttalanden
1206 469 8 29 i
1236 469 145 30 berörda
1400 470 206 35 hänseende,
1629 479 74 21 som
1725 471 54 28 vid

278 510 178 37 förslagets
479 511 261 35 framläggande
761 510 135 37 gjordes
919 521 42 20 av
981 511 252 36 föredragande
1253 511 388 37 departementschefen,
1665 512 115 30 föran-

278 553 98 30 ledde
396 553 75 30 icke
493 552 114 37 någon
628 554 138 30 erinran
789 552 78 31 från
889 553 201 37 riksdagens
1113 554 83 29 sida.

323 595 13 29 I
358 596 40 29 de
418 596 406 36 löneregleringsförslag,
846 605 74 21 som
942 597 193 29 sedermera
1155 597 189 30 utarbetats
1365 607 41 20 av
1430 597 84 29 1928
1535 597 64 30 och
1622 598 83 29 1936
1726 596 55 31 års

278 638 307 34 lönekommittéer,
614 639 63 29 har
707 637 123 37 frågan
857 648 56 20 om
941 639 227 30 arbetstidens
1197 640 105 34 längd
1331 639 74 30 icke
1434 640 89 29 varit
1551 639 146 30 föremål
1727 640 54 30 för

277 679 106 36 några
403 681 211 30 uttalanden.
658 681 50 30 De
730 691 43 19 av
794 682 152 29 nämnda
968 681 219 30 kommittéer
1208 681 195 37 föreslagna
1423 682 247 36 löneplanerna
1691 683 90 29 hade

278 721 144 32 sålunda
441 723 181 36 uppgjorts
640 724 80 29 med
740 722 259 38 utgångspunkt
1018 723 79 30 från
1118 727 45 27 ett
1182 723 243 31 bibehållande
1444 734 43 21 av
1507 725 275 30 hittillsvarande

277 765 259 30 bestämmelser
557 766 10 29 i
592 765 96 36 fråga
714 776 57 19 om
796 766 66 30 den
885 766 136 36 dagliga
1045 767 227 30 arbetstidens
1296 767 112 35 längd.

322 806 73 31 Vad
432 806 109 37 angår
578 807 187 31 innehållet
805 809 9 29 i
853 809 202 30 nuvarande
1091 809 444 31 arbetstidsbestämmelser
1572 809 55 30 för
1654 813 127 27 statens

277 849 219 36 tjänstemän,
517 849 58 31 må
596 851 49 29 till
665 860 42 20 en
728 850 125 36 början
873 851 140 35 erinras,
1035 854 48 27 att
1103 852 9 29 i
1142 852 8 29 3
1172 852 18 36 $
1221 852 6 28 I
1252 861 103 20 mom.
1375 852 101 30 civila
1496 852 284 36 avlöningsregle-

277 895 126 27 mentet
429 893 147 35 stadgas,
603 896 48 27 att
677 892 211 36 tjänsteman
914 894 39 30 är
978 894 234 30 underkastad
1239 895 43 29 de
1307 894 473 37 tjänstgöringsföreskrifter,

278 943 73 21 som
371 935 175 30 meddelas
566 936 9 28 i
597 936 220 35 instruktion,
839 936 263 37 arbetsordning
1123 937 81 29 eller
1226 946 116 21 annan
1363 937 94 35 dylik
1480 936 215 37 författning.
1717 937 64 30 Vid

277 977 42 29 de
336 977 150 30 centrala
505 978 264 30 ämbetsverken
787 978 110 31 bruka
917 979 212 35 stadganden
1150 989 57 19 om
1227 979 209 30 arbetstiden
1454 979 133 37 intagas
1606 980 10 29 i
1636 980 146 30 verkens

277 1019 246 30 instruktioner
546 1021 80 28 eller
650 1021 312 35 arbetsordningar,
987 1021 119 31 varvid
1130 1022 112 29 under
1266 1031 117 20 senare
1407 1022 49 30 tid
1481 1023 114 35 plägat
1619 1022 162 30 föreskri-

277 1071 69 26 vas,
366 1064 49 28 att
434 1062 55 29 för
506 1063 172 30 ordinarie
697 1062 343 37 befattningshavare
1059 1064 85 30 skall
1166 1064 207 30 arbetstiden
1394 1063 20 31 å
1433 1064 278 36 tjänsterummet
1731 1068 50 26 ul-

278 1105 80 34 göra
380 1105 40 28 42
444 1104 141 30 timmar
608 1105 9 29 i
642 1106 133 29 veckan
799 1106 88 36 eller,
913 1106 63 30 där
999 1107 106 30 vecka
1128 1105 193 31 innehåller
1344 1107 135 30 mindre
1503 1108 46 29 än
1571 1116 57 21 sex
1653 1108 127 29 arbets-

277 1146 114 36 dagar,
416 1149 45 27 ett
486 1147 9 29 i
520 1146 221 31 förhållande
765 1148 50 29 till
839 1149 127 29 antalet
991 1149 223 35 arbetsdagar
1236 1149 151 30 minskat
1412 1150 94 29 antal
1530 1149 148 35 timmar,
1705 1150 76 30 sko-

279 1188 99 30 lande
400 1189 10 29 i
434 1189 210 30 arbetstiden
666 1190 77 30 icke
766 1190 165 31 inräknas
953 1190 221 32 måltidsrast.
1224 1191 67 30 Om
1314 1192 63 29 och
1400 1191 10 30 i
1435 1192 68 30 den
1525 1190 83 31 mån
1631 1193 151 29 omstän-

278 1230 198 36 digheterna
495 1232 56 30 det
569 1231 117 36 tillåta,
706 1231 59 31 må
785 1233 54 29 för
856 1233 100 35 högst
974 1236 51 27 tre
1041 1233 167 30 månader
1227 1234 111 29 under
1355 1233 94 30 tiden
1468 1233 316 37 juni—september

277 1273 183 36 medgivas,
486 1277 49 26 att
560 1274 211 30 arbetstiden
795 1275 205 30 inskränkes
1025 1276 78 29 med
1127 1276 100 35 högst
1253 1277 19 28 9
1297 1276 140 30 timmar
1459 1276 11 30 i
1495 1277 140 35 veckan,
1662 1277 121 30 varvid

277 1315 208 31 arbetstiden
505 1315 21 31 å
548 1317 160 35 lördagar
730 1315 58 31 må
810 1317 186 35 begränsas
1016 1318 51 29 till
1089 1318 19 29 3
1122 1314 39 34 '/»
1184 1318 149 30 timmar.
1379 1318 225 31 Beträffande
1626 1320 42 29 de
1691 1322 89 27 stora

277 1365 194 28 grupperna
492 1368 42 20 av
555 1358 341 36 befattningshavare
917 1360 96 29 inom
1033 1361 91 35 lägre
1144 1361 203 35 lönegrader
1367 1361 57 30 vid
1446 1361 335 31 kommunikations-

277 1400 126 31 verken
424 1404 88 27 samt
534 1401 56 29 vid
611 1401 200 30 tullverkets
832 1401 306 37 lokalförvaltning
1158 1403 65 29 har
1245 1403 208 30 arbetstiden
1475 1404 161 36 reglerats
1658 1412 123 28 genom

277 1442 168 31 särskilda
469 1453 43 20 av
538 1443 122 35 Kungl.
686 1443 102 36 Maj:t
812 1443 184 31 utfärdade
1021 1445 415 36 arbetstidskungörelser,
1463 1446 93 31 vilka
1580 1447 201 35 komplette
1767 1438 18 48 -

277 1487 69 28 rats
369 1493 123 28 genom
516 1496 42 20 av
582 1486 259 30 vederbörande
864 1487 82 29 verk
971 1487 184 31 utfärdade
1178 1488 465 35 tillämpningsföreskrifter.
1691 1489 14 30 I
1730 1499 51 21 ar-

276 1527 413 36 betstidskungörelserna
712 1528 56 30 för
788 1529 67 30 viss
875 1530 161 35 personal
1055 1530 56 30 vid
1132 1531 206 35 postverket,
1362 1533 126 28 statens
1510 1531 186 37 järnvägar
1717 1532 64 30 och

277 1570 180 31 tullverket
477 1571 65 29 har
560 1571 106 30 bland
686 1574 107 27 annat
814 1571 224 36 föreskrivits,
1059 1576 48 27 att
1126 1572 55 30 för
1202 1572 295 31 kalendermånad
1518 1574 123 31 räknat
1661 1574 10 29 i
1692 1575 87 35 regel

277 1612 75 30 icke
377 1611 57 31 må
459 1612 218 32 förekomma
701 1614 120 35 längre
845 1614 295 37 tjänstgöringstid
1165 1616 44 29 än
1238 1625 73 20 som
1337 1618 192 28 motsvarar
1554 1616 63 30 208
1642 1617 141 29 timmar

277 1654 55 30 för
355 1655 39 30 30
419 1655 115 36 dagar.
582 1656 13 29 I
619 1657 244 29 motsvarande
887 1657 223 36 kungörelser
1130 1657 56 30 för
1208 1658 69 29 viss
1301 1659 159 34 personal
1485 1659 57 30 vid
1564 1658 216 38 telegrafver-

277 1697 57 29 ket
353 1697 64 30 och
438 1700 128 28 statens
587 1698 282 30 vattenfallsverk
890 1700 147 35 stadgas,
1058 1703 47 27 att
1126 1699 342 37 tjänstgöringstiden
1488 1701 10 29 i
1519 1702 89 35 regel
1629 1701 76 31 icke
1724 1700 57 31 må

277 1739 167 36 överstiga
466 1741 41 29 48
529 1740 139 30 timmar
690 1741 57 30 för
766 1742 115 29 vecka.
927 1742 13 29 I
962 1743 92 29 detta
1076 1743 253 36 sammanhang
1350 1742 57 31 må
1427 1743 131 37 jämväl
1581 1744 130 30 erinras
1733 1747 48 27 att

278 1781 55 30 för
360 1782 252 36 lärarpersonal
642 1783 91 35 gälla
764 1784 168 31 särskilda
963 1785 10 29 i
1005 1785 258 30 vederbörande
1294 1786 137 35 stadgor
1460 1786 203 31 meddelade
1692 1786 88 31 före-

277 1824 138 30 skrifter
436 1826 148 29 rörande
605 1824 504 38 tjänstgöringsskyldighetens
1131 1827 219 37 omfattning.

320 1866 64 31 Vid
407 1867 231 31 bedömandet
662 1878 43 20 av
730 1869 274 31 motionärernas
1029 1869 128 37 förslag
1180 1879 101 27 synes
1305 1871 255 30 lönenämnden
1584 1871 85 30 böra
1693 1881 86 27 upp-

276 1909 263 36 märksammas,
569 1913 48 27 att
644 1910 230 38 tjänstgöring
901 1914 86 27 utan
1015 1912 146 30 särskild
1190 1913 189 37 ersättning
1407 1914 121 29 utöver
1556 1914 143 36 stadgad
1728 1924 51 20 ar-

275 1951 124 30 betstid
425 1952 88 30 även
540 1953 109 29 under
675 1954 158 30 normala
860 1953 244 31 förhållanden
1130 1954 235 31 förekommer
1390 1956 10 29 i
1428 1956 31 36 ej
1487 1956 97 36 ringa
1610 1957 169 29 utsträck-

275 1994 83 36 ning
380 1994 94 29 inom
499 1994 351 36 statsförvaltningen.
896 1996 113 36 Sagda
1033 1996 244 31 förhållanden
1300 1998 64 30 har
1385 1999 111 29 under
1517 1997 153 32 rådande
1694 1999 85 30 kris-

276 2036 74 35 läge
367 2036 97 30 blivit
483 2037 95 30 ännu
597 2047 93 21 mera
709 2039 130 35 vanligt
858 2038 48 30 till
927 2038 89 37 följd
1035 2049 41 21 av
1095 2040 70 30 dels
1185 2040 112 30 ökade
1315 2040 290 37 arbetsuppgifter
1622 2041 65 30 och
1708 2042 72 29 dels

275 2078 161 36 vidtagna
472 2079 372 36 besparingsåtgärder.
895 2080 153 32 Sålunda
1085 2082 64 30 har
1187 2082 124 36 Kungl.
1350 2082 100 35 Maj:t
1477 2091 123 28 genom
1628 2084 153 30 cirkulär

278 2121 95 29 1940:
389 2121 39 30 37
452 2121 167 31 anbefallt
642 2123 372 36 statsmyndigheterna
1037 2127 48 28 att
1107 2125 75 30 icke
1204 2125 9 29 i
1239 2128 105 27 annat
1366 2125 71 36 fall,
1462 2127 45 28 än
1529 2125 44 31 då
1595 2125 37 31 så
1654 2128 126 35 prövas

275 2164 275 36 oundgändgligen
577 2164 224 37 erforderligt,
829 2167 158 31 meddela
1013 2166 235 31 förordnande
1275 2167 54 30 för
1355 2167 210 36 tjänsteman
1591 2172 47 27 att
1665 2168 114 31 såsom

275 2205 130 31 vikarie
424 2206 186 36 uppehålla
630 2207 204 37 befattning,
857 2212 47 27 att
930 2209 4 30 i
955 2209 193 36 möjligaste
1168 2209 84 31 mån
1271 2210 167 36 begränsa
1459 2211 257 36 nyanställning
1737 2221 42 20 av

275 2247 264 32 icke-ordinarie
557 2251 160 34 personal
739 2251 64 29 och
826 2251 176 31 anlitande
1023 2262 41 20 av
1085 2252 150 37 tillfällig
1255 2253 208 30 arbetskraft
1485 2254 163 30 ävensom
1670 2253 106 31 sådan

274 2290 228 37 tjänstgöring
520 2293 120 29 utöver
656 2292 173 31 fastställd
849 2294 174 36 arbetstid,
1044 2294 54 30 för
1116 2295 116 29 vilken
1252 2295 338 38 övertidsersättning
1609 2295 58 31 må
1686 2295 91 37 utgå,

275 2336 88 27 samt
384 2336 48 28 att
453 2334 89 30 tillse
563 2338 47 26 att
632 2336 144 34 stadgad
799 2336 163 30 arbetstid
983 2337 10 29 i
1016 2336 64 30 full
1101 2337 239 37 utsträckning
1361 2338 178 36 utnyttjas.

320 2374 63 32 Det
400 2375 57 31 må
476 2377 194 35 ytterligare
687 2377 164 37 påpekas,
873 2381 47 28 att
940 2382 46 27 ett
1007 2380 272 36 genomförande
1297 2390 41 20 av
1356 2381 273 30 motionärernas
1648 2380 130 36 förslag

274 2427 57 20 om
352 2427 42 21 en
413 2419 170 36 utökning
604 2429 41 20 av
666 2420 210 31 arbetstiden
897 2420 55 31 för
974 2421 365 36 statstjänstemännen
1424 2424 88 29 även
1533 2423 143 30 bortsett
1698 2422 80 31 från

274 2460 66 30 den
365 2460 152 32 faktiska
543 2462 389 37 övertidstjänstgöring,
961 2474 74 20 som
1061 2467 83 28 utan
1169 2465 164 36 ersätting
1358 2464 164 37 fullgöres
1546 2466 10 29 i
1582 2466 196 36 betydande

273 2503 240 38 utsträckning
532 2522 44 3 —
598 2505 110 30 skulle
734 2505 131 32 erhålla
889 2516 43 21 en
953 2506 253 37 jämförelsevis
1228 2508 192 35 begränsad
1444 2508 176 30 räckvidd.
1658 2508 120 30 Såsom
