2184 2616
673 161 117 32 Andra
814 163 218 41 lagutskottets
1059 164 166 32 utlåtande
1249 165 52 32 Nr
1322 166 51 31 31.
1762 170 19 30 3

956 572 58 39 Nr
1041 572 62 40 3L

850 729 112 28 Ankom
982 729 43 28 til!
1043 730 167 36 riksdagens
1229 731 92 28 kansli
1341 732 53 28 den
1412 733 35 27 26
1465 734 71 36 april
1557 734 68 28 1920
1643 734 36 29 kl.
1701 735 32 28 12
1751 745 35 18 m.

432 869 193 37 Utlåtande
666 872 13 34 i
707 871 195 45 anledning
931 884 42 24 av
1001 872 138 46 Kungl.
1173 874 128 44 Maj:ts
1324 877 231 44 proposition
1584 878 79 34 med
1676 876 144 47 förslag

625 940 58 35 till
725 941 57 45 lag
811 953 53 24 om
893 942 144 35 ändrad
1066 943 132 45 lydelse
1226 955 43 24 av
1295 944 25 45 $
1348 947 22 32 5
1398 946 13 33 i
1440 945 103 46 lagen
1572 947 66 35 den
1667 948 51 34 29
1745 949 76 43 maj

624 1012 102 34 1896
754 1012 187 43 angående
970 1012 414 48 blindundervisningen.

422 1112 221 28 Närvarande:
670 1113 95 27 herrar
783 1123 55 17 von
852 1113 144 33 Sneidern,
1016 1114 97 27 Alfred
1126 1115 122 33 Petrén”,
1262 1126 54 17 von
1328 1116 86 32 Koch,
1429 1117 118 36 Boberg,
1561 1118 103 37 Sigfrid
1678 1119 141 32 Hansson,

656 1157 163 35 Tjällgren",
834 1157 132 28 Carlsson
980 1159 9 26 i
1003 1158 157 33 Frosterud,
1174 1159 114 28 Nilsson
1302 1162 8 25 i
1323 1161 149 31 Vibberbo,
1487 1162 131 36 Hagman
1628 1163 9 26 i
1647 1163 172 33 Stockholm,

656 1200 135 28 Karlsson
810 1203 9 25 i
838 1201 193 35 Nynäshamn,
1050 1203 161 27 Johansson
1231 1204 8 26 i
1259 1204 134 28 Sollefteå
1412 1205 52 27 och
1484 1200 138 33 Ödström.

422 1280 13 13 +
453 1279 31 31 Ej
503 1280 174 25 närvarande
696 1280 48 25 vid
762 1281 173 25 utlåtandets
954 1281 143 34 justering.

351 1418 148 37 Genom
528 1432 46 24 en
602 1420 72 37 den
703 1422 21 35 5
755 1435 99 24 mars
887 1424 97 35 1920
1014 1422 239 49 dagtecknad
1282 1425 232 49 proposition
1530 1439 44 23 nr
1589 1428 86 47 290,
1692 1427 126 37 vilken

223 1470 193 37 hänvisats
446 1472 57 35 till
531 1473 210 47 lagutskott
769 1474 70 36 och
868 1474 222 37 behandlats
1119 1476 174 36 avandra
1308 1477 266 49 lagutskottet,
1591 1478 66 37 har
1677 1479 137 50 Kungl.

222 1522 119 49 Maj:t,
383 1523 119 37 under
544 1525 236 49 åberopande
823 1539 46 24 av
910 1527 283 49 propositionen
1230 1528 118 50 bilagt
1376 1529 140 50 utdrag
1544 1544 46 23 av
1618 1532 199 36 statsråds-

221 1574 230 48 protokollet
479 1581 91 31 över
599 1577 407 38 ecklesiastikärenden
1035 1592 47 23 av
1111 1592 142 24 samma
1282 1580 87 49 dag,
1399 1581 194 50 föreslagit
1612 1583 204 49 riksdagen

223 1631 54 30 att
305 1632 140 44 antaga
472 1628 167 49 följande
668 1630 142 48 förslag
837 1631 57 35 till

970 1782 108 51 Lag

323 1878 58 24 om
404 1870 132 33 ändrad
561 1871 136 40 lydelse
721 1881 42 24 av
786 1872 18 42 $
827 1872 20 32 5
871 1873 13 31 i
908 1872 103 41 lagen
1036 1872 66 33 den
1126 1873 43 32 29
1191 1874 70 43 maj
1288 1874 84 34 1896
1395 1877 184 39 angående
1602 1878 115 33 blind-

861 1925 313 42 undervisningen.

264 2010 319 49 Härigenom
612 2012 209 46 förordnas,
852 2018 54 31 att
940 2012 13 49 $
984 2013 20 35 5
1034 2013 10 36 i
1074 2015 113 47 lagen
1216 2015 70 37 den
1315 2017 47 35 29
1393 2017 72 48 maj
1499 2019 96 35 1896
1619 2019 195 47 angående

220 2061 428 51 blindundervisningen
678 2064 95 36 skall
802 2064 140 36 erhålla
971 2065 165 48 följande
1164 2067 163 36 ändrade
1354 2068 157 49 lydelse:

974 2149 19 50 $
1015 2149 43 50 5.

348 2217 74 36 För
463 2223 83 30 vart
587 2217 69 37 och
685 2223 53 32 ett
765 2218 95 37 blint
889 2219 106 47 barn,
1025 2233 79 23 som
1134 2224 48 46 på
1208 2222 122 49 grund
1360 2235 46 23 av
1439 2222 334 39 bestämmelserna
1801 2226 8 35 i

219 2269 122 37 denna
382 2270 65 49 lag
489 2274 40 31 är
571 2269 147 50 intaget
751 2270 10 36 i
790 2273 47 47 på
866 2276 144 32 statens
1038 2272 210 38 bekostnad
1278 2275 202 49 upprättad
1509 2276 218 38 läroanstalt
1755 2277 58 36 för
