1922 2838
124 1505 138 26 Utskottet.

300 148 18 29 2
751 152 276 30 Bankoutskottets
1048 155 159 29 utlåtande
1226 156 44 28 Nr
1288 157 46 28 26.

344 227 274 41 Renhållningen
638 240 43 20 av
703 231 86 39 gård
808 233 64 30 och
894 237 96 35 gator
1010 234 50 31 till
1081 235 231 32 riksbankens
1332 237 164 39 fastighet
1515 238 10 30 i
1546 239 152 39 Uppsala
1719 240 69 30 kan

300 273 203 30 sommartid
528 274 131 31 utföras
685 275 45 39 på
755 286 42 20 en
822 277 118 31 timme
965 279 168 39 dagligen,
1159 290 81 20 men
1264 281 174 31 erfordrar
1462 282 161 32 vintertid
1648 284 73 31 ofta
1747 294 41 20 en

300 318 240 38 sammanlagd
563 319 49 29 tid
635 329 42 20 av
704 321 18 29 2
748 321 19 29 å
791 322 18 29 4
836 322 138 31 timmar
998 332 59 30 per
1081 324 76 38 dag,
1181 324 171 31 beroende
1376 325 44 40 på
1447 326 340 32 snöförhållandena.

344 361 327 40 Eldningsbestyren
691 365 107 30 kräva
817 366 116 31 vidare
951 367 87 31 flera
1057 368 157 31 timmars
1233 370 245 38 oregelbundet
1496 372 148 31 fördelat
1662 373 125 35 arbete,

301 406 75 28 sön-
394 406 65 29 och
477 407 186 39 helgdagar
681 409 71 30 lika
770 419 74 21 som
861 412 179 38 vardagar,
1060 412 78 30 från
1156 413 45 30 kl.
1222 414 75 30 5.30
1316 414 23 30 f.
1358 424 44 21 m.
1422 415 50 30 till
1490 415 85 31 efter
1593 417 44 30 kl.
1658 418 19 29 9
1696 427 27 21 e.
1742 427 45 20 m.

300 449 194 39 Eldningen
514 452 37 29 är
571 453 138 30 särskilt
729 455 264 38 ansträngande,
1015 455 43 31 då
1077 457 100 38 fyren
1197 458 111 30 under
1328 459 110 39 dagen
1459 461 87 29 skall
1566 460 222 31 underhållas

299 494 78 29 med
397 495 212 36 vedbränsle,
631 506 76 21 som
727 498 148 31 behöver
897 500 141 38 förnyas
1059 510 42 21 en
1122 500 91 40 gång
1232 503 95 38 varje
1348 503 118 31 timme
1488 505 78 29 med
1587 506 201 30 nuvarande

298 541 166 36 panntyp.
493 540 63 30 Vid
584 542 117 38 sträng
727 542 81 38 kyla
834 542 109 32 måste
969 545 290 39 eldningsarbetet
1285 547 160 38 begynna
1471 548 75 30 före
1570 549 45 30 kl.
1644 551 18 29 5
1691 549 23 31 f.
1742 560 45 19 m.

300 582 103 31 Minst
423 593 42 20 en
486 583 89 40 gång
595 585 10 30 i
626 585 175 31 månaden
822 587 232 32 förekommer
1074 590 177 31 dessutom
1272 591 164 40 rensning
1456 602 43 21 av
1522 594 60 29 120
1603 594 99 30 tuber
1723 594 65 30 och

300 627 145 39 sotning,
472 628 105 31 vilket
601 630 165 30 Karlsson
791 631 86 39 själv
901 632 93 31 utför
1018 636 84 28 utan
1127 633 117 40 någon
1267 638 94 28 extra
1386 636 198 39 ersättning.
1610 637 102 31 Detta
1736 647 51 21 ar-

300 671 74 30 bete
402 667 110 53 måste-
524 673 97 39 börja
639 675 108 30 redan
769 675 44 31 kl.
835 677 18 29 4
873 675 45 40 på
938 685 199 31 morgonen.

343 716 132 31 Endast
500 718 144 38 ungefär
669 718 58 31 två
752 719 165 32 månader
942 720 131 40 årligen
1096 723 65 30 har
1187 723 165 31 Karlsson
1376 724 88 31 varit
1489 725 44 30 fri
1558 725 79 31 från
1664 727 124 29 största

299 760 97 30 delen
419 770 42 21 av
486 763 446 40 värmeledningsbestyren.
957 766 96 30 Efter
1076 766 66 31 den
1165 767 169 40 egentliga
1358 767 340 41 eldningsperiodens
1722 770 67 29 slut

298 805 38 29 är
362 805 175 39 nämligen
562 808 282 31 värmeskötaren
870 809 11 30 i
907 810 146 38 ungefär
1079 813 50 28 tre
1156 813 144 29 veckors
1327 812 49 31 tid
1402 813 79 31 fullt
1507 817 175 36 upptagen
1709 815 79 30 med

298 848 198 40 justerings-
528 851 65 30 och
622 852 367 39 reparationsarbeten,
1021 854 115 31 såsom
1166 855 189 41 inslipning
1384 858 66 29 och
1482 858 234 40 ompackning
1746 868 42 20 av

297 893 138 36 kranar,
464 895 183 40 rengöring
675 906 43 20 av
747 897 301 40 värmepannorna
1077 909 46 21 m.
1152 909 45 21 m.
1228 900 79 30 Med
1334 902 179 39 undantag
1542 912 42 21 av
1613 906 47 27 ett
1688 902 102 40 årligt

298 936 284 34 återkommande
610 942 301 30 sommarvikariat
940 942 115 32 såsom
1083 944 331 32 bankvaktmästare
1441 946 58 30 vid
1526 947 170 37 kontoret,
1725 947 63 30 har

299 981 165 32 Karlsson
483 983 100 31 alltså
603 984 75 31 icke
698 985 78 30 haft
795 986 179 39 möjlighet
994 990 49 27 att
1064 988 117 30 skaffa
1202 989 50 39 sig
1273 988 115 40 någon
1407 989 209 40 biförtjänst.

344 1026 181 32 Karlssons
547 1029 126 30 arvode
696 1029 159 39 utgjorde
876 1031 58 30 vid
956 1032 274 39 anställningens
1254 1033 124 39 början
1400 1035 148 30 kontant
1571 1036 65 30 900
1660 1035 128 30 kronor

299 1070 54 30 för
372 1071 319 41 eldningsbestyren
711 1073 107 39 jämte
838 1076 18 28 2
876 1085 77 20 rum
975 1076 65 30 och
1060 1077 70 29 kök
1150 1077 80 30 med
1251 1078 117 30 värme
1388 1078 66 30 och
1474 1079 71 38 lyse
1566 1079 54 30 för
1639 1078 148 31 renhåll-

299 1114 83 40 ning
408 1125 43 21 av
478 1116 84 39 gård
587 1117 65 30 och
679 1121 108 36 gator.
815 1119 114 31 Under
955 1120 190 39 krigstiden
1172 1121 110 31 erhöll
1309 1122 71 30 han
1407 1122 176 32 dessutom
1610 1123 177 39 krigstids-

299 1159 117 40 tillägg
434 1161 81 30 med
533 1162 63 29 300
615 1162 140 36 kronor,
776 1164 163 30 ävensom
958 1165 190 39 ersättning
1167 1165 55 31 för
1241 1166 83 30 ökat
1342 1166 117 31 arbete
1478 1167 79 30 med
1576 1168 67 30 den
1662 1167 46 31 då
1728 1176 59 21 an-

298 1203 152 32 befallda
471 1206 250 39 vedeldningen
742 1207 80 30 med
842 1208 64 30 300
926 1209 139 30 kronor.
1089 1208 92 31 Från
1203 1210 66 30 och
1291 1209 80 31 med
1392 1211 67 30 den
1482 1212 14 29 1
1520 1211 88 39 april
1631 1212 84 31 1923
1736 1215 52 27 ut-

299 1248 76 39 gick
398 1248 55 31 för
478 1250 139 39 eldning
641 1250 66 31 och
732 1254 88 36 yttre
843 1251 219 41 renhållning
1086 1256 47 27 ett
1156 1254 148 30 kontant
1327 1255 121 39 anslag
1472 1264 42 22 av
1538 1256 19 29 2
1571 1256 64 30 000
1659 1256 130 30 kronor

299 1293 54 30 för
381 1292 38 31 år
447 1293 11 30 i
487 1297 46 27 ett
561 1294 53 31 för
642 1295 62 31 allt
731 1299 85 27 utan
844 1296 253 40 dyrtidstillägg
1125 1298 67 30 och
1222 1300 85 28 utan
1336 1298 107 39 några
1474 1299 312 32 naturaförmåner.

300 1337 164 31 Karlsson
485 1339 131 30 betalar
637 1340 151 30 därefter
809 1340 10 30 i
841 1340 143 39 årshyra
1006 1341 55 30 för
1082 1342 155 31 nämnda
1258 1343 320 31 bostadsförmåner
1599 1344 11 30 i
1631 1344 157 30 bankens

299 1380 64 31 hus
387 1381 64 30 350
475 1383 137 30 kronor.
637 1383 92 31 Från
755 1385 64 29 och
843 1385 79 30 med
944 1385 67 30 den
1039 1386 13 29 1
1079 1386 88 39 april
1195 1387 84 30 1926
1302 1387 121 39 höjdes
1446 1387 56 31 det
1525 1388 169 31 kontanta
1718 1386 69 32 års-

299 1426 154 38 anslaget
475 1427 50 30 till
547 1428 18 29 2
580 1428 63 30 200
664 1429 140 30 kronor.

345 1505 77 31 Med
443 1507 137 39 hänsyn
600 1507 49 30 till
670 1508 67 30 vad
757 1508 10 30 i
789 1509 140 30 ärendet
948 1509 97 31 blivit
1066 1511 140 38 upplyst
1227 1510 113 31 finner
1361 1512 166 30 utskottet
1549 1513 56 30 det
1625 1522 83 21 vara
1729 1513 60 30 bil-

301 1557 69 40 ligt,
401 1562 49 27 att
482 1559 163 32 Karlsson
675 1560 147 32 erhåller
850 1562 145 39 pension
1027 1562 79 31 från
1136 1564 223 36 riksbanken,
1390 1564 45 31 då
1464 1565 72 30 han
1567 1565 76 31 icke
1672 1566 119 39 längre

301 1611 37 29 är
372 1611 11 30 i
416 1611 102 32 stånd
552 1616 48 28 att
637 1614 117 31 utföra
790 1615 56 30 sitt
881 1616 171 39 uppdrag;
1089 1616 66 31 och
1191 1617 64 30 har
1290 1619 166 29 utskottet
1490 1619 76 30 icke
1602 1619 105 39 något
1741 1622 50 28 att

300 1664 112 31 erinra
442 1669 72 27 mot
542 1667 56 30 det
625 1676 43 21 av
698 1667 217 41 fullmäktige
944 1669 11 30 i
984 1669 124 31 sådant
1136 1671 170 30 avseende
1333 1671 196 40 föreslagna
1558 1672 161 40 beloppet
1748 1682 42 21 av

300 1718 62 30 984
389 1718 129 31 kronor
546 1729 57 21 om
629 1719 82 32 året.
741 1721 193 31 Pensionen
961 1731 101 30 synes
1088 1723 85 30 böra
1200 1723 84 40 utgå
1311 1723 80 31 från
1418 1725 66 30 och
1511 1725 79 31 med
1615 1725 175 32 månaden

300 1772 76 29 näst
395 1771 87 31 efter
501 1773 75 36 den,
598 1773 43 31 då
662 1774 165 31 Karlsson
846 1775 135 31 lämnar
1001 1776 52 30 sin
1073 1776 212 40 anställning
1303 1777 10 30 i
1332 1777 221 32 riksbanken.

345 1834 171 31 Utskottet
538 1835 198 31 hemställer
759 1836 108 37 alltså,

650 1927 49 28 att
727 1925 193 40 riksdagen,
951 1927 10 30 i
989 1926 186 40 anledning
1204 1937 42 21 av
1275 1927 235 41 fullmäktiges
1538 1929 10 30 i
1575 1929 210 31 riksbanken

607 1977 228 32 förevarande
856 1978 265 41 framställning,
1143 1979 57 31 må
1220 1981 167 39 medgiva,
1409 1984 49 28 att
1479 1981 225 40 gårdskarlen
1723 1984 63 29 och

606 2030 141 31 eldaren
769 2031 56 31 vid
845 2032 229 31 riksbankens
1098 2033 329 39 avdelningskontor
1449 2034 11 31 i
1483 2035 151 39 Uppsala
1656 2035 132 40 Augus:i

607 2083 165 31 Karlsson
793 2084 57 30 må
871 2084 79 30 från
971 2086 66 29 och
1056 2086 79 30 med
1155 2085 175 31 månaden
1351 2088 77 30 näst
1448 2087 85 31 efter
1554 2088 75 36 den,
1652 2087 45 31 då
1717 2088 69 30 han

605 2137 138 30 lämnar
768 2137 51 30 sin
844 2138 210 39 anställning
1078 2138 10 30 i
1112 2138 222 38 riksbanken,
1361 2140 110 31 under
1496 2140 51 31 sin
1572 2140 215 32 återstående

605 2189 116 31 livstid
747 2199 42 21 av
816 2190 229 32 riksbankens
1071 2192 112 30 medel
1208 2193 157 39 uppbära
1391 2202 43 21 en
1460 2192 85 40 årlig
1572 2193 145 40 pension
1743 2203 41 34 av

605 2243 63 30 984
693 2244 139 30 kronor.

342 2313 200 30 Stockholm
560 2314 65 30 den
647 2315 38 29 19
705 2324 94 21 mars
820 2315 91 31 1935.

775 2385 48 31 På
843 2386 301 32 bankoutskottets
1167 2388 144 39 vägnar:

852 2448 139 31 EDVIN
1016 2449 214 32 LEFFLER.
