2210 2626
442 188 38 31 18
817 191 362 44 Bevillningsutskottets
1203 196 208 33 Betänkande
1433 198 63 32 N:o
1518 202 51 30 38.

398 279 71 23 ena
509 269 80 34 året
630 267 129 38 inflöte
799 269 58 36 till
898 275 96 32 stort
1035 271 151 51 belopp,
1227 287 87 24 men
1351 276 119 37 andra
1504 280 82 34 året
1614 278 158 38 allenast
1798 281 58 37 till
1883 282 111 49 ringa

395 317 138 50 belopp
562 317 94 38 eller
683 320 186 37 måhända
897 322 33 49 ej
961 322 79 37 alls.
1094 324 198 38 Utskottet
1319 327 122 37 finner
1464 330 208 37 emellertid
1693 331 64 37 det
1775 335 218 36 nuvarande

396 374 116 32 sättet
553 370 60 36 för
654 371 289 49 ifrågavarande
984 374 250 51 beskattning
1273 378 209 48 ingalunda
1520 381 352 41 tillfredsställande
1899 391 95 31 utan

395 421 120 36 håller
555 422 95 48 före,
693 428 54 31 att
780 424 126 38 denna
933 426 381 52 beskattningsfråga
1342 437 148 31 snarast
1518 433 152 49 möjligt
1697 434 68 38 bör
1793 442 112 42 göras
1934 438 60 36 till

395 473 159 36 föremål
581 473 60 37 för
670 487 47 24 en
744 475 167 50 lösning,
940 478 128 47 ägnad
1097 484 57 31 att
1181 480 205 49 tillgodose
1414 484 106 36 såväl
1548 490 147 32 statens
1719 500 81 24 som
1820 489 173 37 kommu-

394 537 135 24 nernas
557 525 238 49 berättigade
823 528 87 37 kraf
933 532 48 46 på
1009 530 271 50 skattebidrag.
1959 583 3 5 |

520 576 85 37 Den
645 577 248 39 förevarande
929 581 194 37 motionen
1159 596 114 36 synes
1301 584 323 51 hufvudsakligen
1652 589 199 39 föranledd
1879 592 41 36 af
1944 592 47 37 de

393 627 366 50 missförhållanden,
802 644 80 23 som
924 632 73 36 den
1037 647 53 22 nu
1134 636 173 36 använda
1343 638 215 49 ordningen
1592 640 60 37 för
1679 641 246 51 beskattning
1953 645 43 35 af

392 679 355 49 förädlingsrörelse
789 683 42 35 af
869 683 280 49 skogseffekter
1188 687 156 37 medför.
1400 689 428 51 Bevillningsutskottet
1867 695 124 37 finner

392 731 59 36 för
478 731 59 36 sin
567 731 71 48 del,
668 738 53 31 att
749 733 226 39 förändrade
997 736 284 40 bestämmelser
1300 753 62 23 om
1381 740 250 52 beskattning
1651 745 41 36 af
1707 745 119 48 skogs
1845 746 146 38 afkast-

391 782 96 48 ning
513 782 59 37 till
601 789 80 31 stor
708 785 60 36 del
794 786 168 48 påkallas
980 788 83 48 just
1082 789 42 36 af
1140 790 65 36 det
1224 791 372 40 otillfredsställande
1616 800 116 33 sättet
1752 797 58 36 för
1828 797 161 38 berörda

390 834 162 37 rörelses
580 835 260 50 beskattning,
870 838 69 36 och
958 839 187 38 utskottet
1164 842 78 47 vill,
1263 848 90 32 utan
1374 849 55 32 att
1447 845 107 48 gifva
1573 847 190 38 företräde
1784 851 38 34 åt
1841 852 147 46 någon-

390 886 101 47 dera,
533 885 128 38 erinra
701 901 60 23 om
801 892 66 33 två
909 890 220 49 föreslagna
1162 898 162 44 utvägar
1351 895 58 37 för
1437 909 48 24 en
1512 898 137 49 möjlig
1675 899 154 50 lösning
1857 902 42 35 af
1923 901 66 37 det

389 937 266 49 föreliggande
695 941 235 48 spörsmålet,
972 943 195 49 nämligen
1209 951 54 31 att
1304 947 107 49 dylik
1453 950 141 36 rörelse
1636 950 121 38 skulle
1791 952 199 42 beskattas

390 989 185 48 antingen
604 993 54 45 så,
686 996 54 31 att
768 992 86 36 dess
882 993 85 36 hela
985 994 104 37 vinst
1106 997 277 48 uppskattades
1403 1002 21 34 å
1443 1005 55 31 ett
1517 1001 122 48 ställe,
1660 1003 188 37 måhända
1865 1003 121 51 lämp-

388 1040 115 48 ligast
544 1041 69 36 där
653 1043 187 37 rörelsens
880 1045 159 48 ledning
1078 1046 97 38 hade
1211 1048 66 37 sitt
1309 1055 92 43 säte,
1430 1052 71 36 och
1529 1053 117 49 därpå
1674 1054 96 37 efter
1798 1056 76 36 viss
1901 1056 84 48 lag-

388 1092 161 48 stadgad
578 1094 127 47 grund
732 1095 213 38 fördelades
973 1099 21 33 å
1022 1098 46 36 de
1096 1098 238 51 kommuner,
1363 1102 196 38 hvarifrån
1586 1108 160 35 råvaran
1776 1107 210 47 hämtades,

388 1144 91 36 eller
520 1144 72 37 ock
633 1148 52 44 så,
721 1151 55 31 att
803 1147 399 51 skogsafverkningen
1231 1152 69 36 och
1329 1153 383 50 förädlingsrörelsen
1741 1158 244 38 beskattades

386 1195 97 36 hvar
523 1196 60 36 för
625 1197 72 48 sig,
739 1197 134 38 därvid
910 1200 59 36 för
996 1200 73 37 den
1097 1201 122 38 förras
1246 1203 250 51 beskattning
1523 1208 186 49 möjligen
1737 1223 48 23 en
1813 1210 171 37 bestämd

387 1246 96 37 accis
524 1250 21 33 å
586 1248 133 50 hvarje
761 1250 198 38 afverkadt
995 1252 85 37 träd
1116 1253 91 37 eller
1233 1255 58 36 för
1319 1256 244 39 kubikmassa
1591 1259 127 38 kunde
1746 1262 152 37 komma
1926 1262 60 36 till

387 1299 261 49 användning.

515 1350 135 50 Enligt
677 1352 98 37 hvad
803 1354 187 38 utskottet
1017 1356 69 37 har
1115 1358 61 49 sig
1202 1358 153 50 bekant,
1384 1361 69 37 har
1481 1375 45 23 en
1555 1363 198 50 afdelning
1781 1365 41 37 af
1846 1366 72 38 den
1942 1370 41 33 så

387 1401 148 37 kallade
571 1403 440 41 Norrlandskommittén
1047 1409 103 49 tagit
1177 1410 251 39 förevarande
1456 1413 379 53 beskattningsfråga
1862 1419 124 36 under

386 1454 259 49 ompröfning.
699 1456 169 38 Berörda
909 1458 199 39 kommitté
1143 1462 108 37 torde
1279 1463 228 50 visserligen
1533 1466 59 38 till
1620 1467 275 52 hufvudsaklig
1922 1471 61 36 del

385 1505 114 37 hafva
527 1511 56 31 att
612 1512 89 43 taga
727 1508 149 50 hänsyn
904 1510 57 36 till
993 1511 290 39 förhållandena
1310 1515 13 36 i
1351 1515 203 50 Norrland,
1582 1518 115 38 hvars
1725 1520 144 38 olikhet
1897 1522 86 36 med

384 1556 289 39 förhållandena
712 1559 12 36 i
765 1560 64 37 det
870 1561 124 50 öfriga
1033 1564 131 37 landet
1204 1566 107 38 torde
1345 1567 117 37 hafva
1488 1569 12 36 i
1528 1570 60 36 sin
1616 1574 88 34 mån
1732 1572 165 49 bidragit
1926 1580 56 29 att

384 1609 172 36 försvåra
597 1610 156 49 frågans
788 1612 166 50 lösning,
989 1616 121 36 under
1138 1617 65 37 det
1230 1623 54 31 att
1312 1618 74 37 den
1415 1620 41 36 af
1480 1621 190 38 utskottet
1697 1624 174 48 åsyftade
1898 1624 86 49 lag-

385 1659 232 50 stiftningen
644 1662 13 36 i
685 1667 128 33 ämnet
840 1664 70 37 bör
938 1666 79 36 afse
1045 1667 86 37 hela
1153 1669 111 48 riket,
1284 1683 88 24 men
1392 1672 188 37 utskottet
1599 1687 110 24 anser
1728 1675 64 36 det
1811 1672 169 57 oaktadt,

383 1716 57 31 att
467 1712 64 37 det
559 1713 157 49 förslag,
740 1715 227 38 kommittén
986 1719 183 49 möjligen
1188 1721 75 37 kan
1283 1722 151 38 komma
1454 1729 55 31 att
1528 1725 157 48 afgifva,
1705 1726 69 36 bör
1793 1727 187 49 afvaktas,

382 1764 116 36 innan
533 1764 248 39 förevarande
809 1767 378 53 beskattningsfråga
1216 1778 111 43 göres
1356 1774 57 36 till
1440 1775 158 37 föremål
1626 1777 60 37 för
1713 1780 129 46 någon
1869 1779 111 37 Riks-

382 1815 146 49 dagens
557 1817 172 48 åtgärd.»

510 1867 89 37 Med
642 1870 86 36 stöd
765 1871 41 36 af
834 1871 101 37 hvad
962 1871 424 54 bevillningsutskottet
1415 1879 156 37 sålunda
1599 1880 126 37 anfört
1751 1882 227 38 hemställde

380 1919 200 48 utskottet,
611 1925 56 31 att
694 1921 289 49 ifrågavarande
1011 1926 145 37 motion
1184 1928 83 37 icke
1295 1932 117 35 måtte
1441 1930 11 36 i
1480 1931 154 49 frågans
1657 1932 214 39 dåvarande
1890 1934 90 49 läge

379 1970 58 36 till
464 1974 130 46 någon
623 1972 238 50 Riksdagens
890 1977 135 46 åtgärd
1052 1978 206 50 föranleda,
1287 1981 150 38 hvilket
1458 1983 146 49 Jämväl
1632 1984 81 38 blef
1737 1985 241 50 Riksdagens

379 2021 135 38 beslut.

506 2178 73 36 Vid
617 2180 282 51 behandlingen
928 2184 40 36 af
992 2184 251 40 förevarande
1270 2189 143 37 motion
1449 2190 115 38 hafva
1592 2192 103 36 inom
1723 2187 252 59 bevillnings-

376 2228 187 38 utskottet
607 2231 58 37 till
705 2232 71 37 den
817 2234 266 50 föreliggande
1124 2237 425 53 beskattningsfrågans
1586 2244 155 49 lösning
1774 2243 202 50 framlagts

376 2282 65 34 två
469 2280 156 51 förslag,
655 2283 57 37 för
738 2284 131 38 hvilka
897 2286 155 38 härmed
1080 2288 13 36 i
1121 2289 153 39 korthet
1301 2293 217 48 redogöres.
