1922 2810
275 156 37 31 16
703 161 307 31 Bankoutskottets
1035 161 175 31 utlåtande
1235 162 49 30 Nr
1303 163 50 31 30.

992 245 66 30 4:0.

318 303 272 30 Vaktmästaren
614 303 58 32 vid
696 303 165 31 tekniska
883 304 128 30 skolan
1035 304 11 30 i
1071 304 205 30 Stockholm
1301 304 79 31 Carl
1402 305 153 30 Lorentz
1578 304 204 31 Ferdinand

274 352 171 32 Granfelt.
478 353 118 31 Under
616 354 161 36 punkten
798 355 19 28 4
839 354 64 30 har
925 354 125 36 Kungl.
1075 354 100 37 Maj:t
1197 354 181 37 föreslagit
1400 355 188 36 riksdagen
1609 355 172 36 medgiva,

277 407 49 27 att
352 404 257 30 vaktmästaren
633 402 57 31 vid
715 403 159 30 tekniska
898 404 123 29 skolan
1045 404 10 29 i
1081 404 200 30 Stockholm
1308 403 77 31 Carl
1410 404 145 30 Lorentz
1581 403 199 32 Ferdinand

278 453 153 30 Granfelt
453 453 59 31 må
535 453 77 30 från
635 454 65 29 och
723 454 79 29 med
826 453 173 30 månaden
1022 455 76 29 näst
1122 454 85 30 efter
1231 455 76 35 den,
1332 455 172 30 varunder
1528 455 87 30 hans
1639 455 140 30 anställ-

277 504 82 36 ning
381 504 58 30 vid
465 504 122 30 skolan
610 504 148 36 upphör,
784 505 109 29 under
916 503 54 31 sin
994 503 214 32 återstående
1233 504 114 31 livstid
1374 504 79 31 från
1477 505 152 37 anslaget
1653 505 53 31 till
1730 505 48 31 di-

277 564 93 21 verse
386 554 185 37 pensioner
586 555 64 29 och
668 555 189 29 understöd
873 564 44 20 m.
936 564 45 20 m.
1000 555 156 36 uppbära
1173 564 42 21 en
1233 554 85 37 årlig
1335 555 145 36 pension
1499 565 42 20 av
1558 557 63 29 900
1638 557 139 29 kronor.

320 639 49 29 Av
388 639 254 36 handlingarna
661 638 11 31 i
690 639 143 30 ärendet
851 638 184 36 inhämtas,

319 693 49 27 att
389 690 156 31 Granfelt
565 692 38 29 är
623 690 85 31 född
729 691 67 30 den
816 692 39 29 27
879 699 93 21 mars
996 692 81 29 1877
1102 691 65 30 och
1188 690 131 31 således
1339 692 85 30 nära
1445 692 41 30 64
1508 691 40 31 år
1568 693 164 35 gammal;

319 743 48 28 att
387 741 71 30 han
481 740 80 31 från
581 742 63 29 och
665 742 79 29 med
766 742 66 29 den
856 743 13 28 1
892 741 146 30 oktober
1064 742 80 30 1915
1168 742 82 30 eller
1271 742 110 30 under
1402 752 74 20 mer
1500 744 45 29 än
1566 743 40 30 25
1629 741 40 32 år
1690 743 87 30 varit

275 791 148 30 anställd
447 790 115 31 såsom
584 792 233 30 vaktmästare
839 792 57 30 vid
917 792 160 30 tekniska
1102 792 123 30 skolan
1247 792 10 30 i
1282 793 214 36 Stockholm;

319 844 48 27 att
387 842 68 30 den
475 851 43 21 av
541 841 152 31 Granfelt
716 842 196 30 innehavda
932 842 238 36 befattningen
1193 843 104 36 enligt
1319 843 235 37 föreliggande
1575 843 130 37 förslag
1728 844 50 31 till

275 891 67 31 viss
366 892 294 36 omorganisation
683 902 43 21 av
753 892 159 31 tekniska
939 893 124 30 skolan
1092 893 58 39 (jfr
1174 892 89 32 årets
1288 894 414 36 statsverksproposition,
1729 894 49 31 åt-

275 943 102 29 tonde
399 943 229 36 huvudtiteln,
650 943 113 36 punkt
788 943 71 39 184)
889 943 159 31 kommer
1069 947 49 27 att
1141 943 162 37 indragas
1325 945 78 30 med
1424 944 173 37 utgången
1618 955 42 20 av
1682 945 96 30 inne-

275 993 150 30 varande
449 992 106 37 läsår;

319 1046 49 28 att
393 1043 174 31 Granfelts
592 1044 237 38 tjänstgöring,
855 1043 117 32 vilken
997 1045 211 36 väsentligen
1233 1045 88 30 varit
1348 1045 137 37 förlagd
1511 1045 51 31 till
1586 1045 191 37 kvällarna,

275 1093 165 31 omfattar
461 1088 81 43 26'/,
565 1094 138 31 timmar
727 1094 10 30 i
759 1094 141 36 veckan,
924 1095 169 38 varjämte
1113 1096 72 30 han
1206 1096 39 30 är
1266 1095 134 37 skyldig
1424 1099 50 28 att
1495 1098 96 28 utom
1613 1096 165 39 tjänstgö-

274 1144 190 37 ringstiden
487 1144 116 31 utföra
628 1144 287 31 förekommande
940 1145 235 37 reparationer
1199 1145 21 31 å
1246 1146 139 30 skolans
1411 1147 134 30 möbler
1569 1147 65 30 och
1660 1146 118 31 inven-

274 1194 112 37 tarier,
409 1194 106 31 vilket
537 1195 114 30 arbete
673 1195 173 30 beräknas
867 1198 78 33 taga
966 1196 11 29 i
999 1195 151 37 anspråk
1170 1197 160 36 omkring
1352 1198 19 29 6
1393 1197 141 30 timmar
1553 1197 11 30 i
1587 1197 145 36 veckan;

319 1248 48 27 att
389 1245 72 30 han
483 1245 153 30 förutom
659 1245 53 30 sin
736 1245 227 38 tjänstgöring
986 1246 59 30 vid
1069 1246 122 30 skolan
1213 1247 11 29 i
1246 1247 146 37 förhyrd
1416 1247 94 31 lokal
1534 1250 96 28 utom
1655 1247 122 31 skolan

274 1295 146 31 bedrivit
442 1295 382 36 snickeriverksamhet,
845 1296 116 30 vilken
983 1296 188 31 emellertid
1193 1297 89 30 varit
1302 1307 42 20 av
1365 1297 98 37 ringa
1483 1298 209 37 omfattning
1712 1299 66 30 och

275 1346 130 30 lämnat
422 1346 133 30 honom
571 1346 119 30 endast
708 1355 43 21 en
769 1346 134 30 mindre
919 1345 87 38 årlig
1026 1346 160 37 inkomst,
1206 1347 118 31 varför
1340 1348 88 30 hans
1447 1347 153 32 inkomst
1618 1358 43 21 av
1681 1348 96 31 vakt-

276 1396 266 37 mästarsysslan
562 1396 85 30 varit
667 1396 90 31 hans
777 1396 254 37 huvudsakliga
1051 1396 265 37 förvärvskälla;

319 1450 87 27 samt
425 1450 50 27 att
495 1446 170 31 Granfelts
686 1446 360 37 avlöningsförmåner
1064 1447 116 37 uppgå
1200 1448 51 30 till
1275 1449 93 35 1,670
1387 1448 132 31 kronor
1539 1449 55 30 för
1613 1448 38 32 år
1671 1449 107 40 jämte

276 1497 251 37 dyrtidstillägg
556 1497 102 37 enligt
684 1497 56 31 för
767 1497 341 37 befattningshavare
1137 1498 58 31 vid
1221 1502 128 28 statens
1376 1500 197 36 oreglerade
1599 1500 83 30 verk
1708 1500 68 37 gäl-

275 1548 100 30 lande
394 1548 161 36 grunder.

320 1631 172 30 Utskottet
508 1631 206 36 hemställer,

629 1718 48 27 att
699 1714 184 37 riksdagen
905 1714 58 32 må
988 1715 120 31 bifalla
1132 1716 122 36 Kungl.
1280 1715 116 37 Maj:ts
1420 1715 228 32 förevarande
1670 1717 107 30 fram-

585 1765 172 37 ställning.

991 1883 66 30 5:0.

317 1941 108 31 Förre
447 1941 214 31 förmannen
682 1942 69 30 och
772 1941 300 37 ordningsvakten
1094 1942 57 30 vid
1173 1943 207 30 karolinska
1402 1943 205 36 sjukhusets
1628 1944 152 37 nybygg-

273 1992 71 30 nad
369 1991 86 30 Erik
483 1992 86 30 Axel
592 1992 202 30 Pettersson
821 1992 205 31 Törnblom.
1063 1992 122 37 Kungl.
1215 1993 101 36 Maj:t
1343 1994 64 29 har
1433 1994 114 30 under
1572 1995 161 35 punkten
1761 1994 19 30 5

276 2041 174 37 föreslagit
476 2041 182 36 riksdagen
684 2041 168 36 medgiva,
879 2045 48 27 att
953 2042 94 30 förre
1074 2042 207 30 förmannen
1307 2043 65 30 och
1398 2043 293 37 ordningsvakten
1719 2043 59 31 vid

274 2092 201 30 karolinska
495 2092 196 37 sjukhusets
710 2091 207 37 nybyggnad
936 2092 84 30 Erik
1039 2092 81 31 Axel
1140 2092 194 31 Pettersson
1356 2093 189 31 Törnblom
1565 2093 67 37 må,
1652 2095 126 29 räknat

275 2142 78 31 från
372 2143 65 30 och
457 2143 80 30 med
556 2143 65 30 den
642 2143 14 29 1
679 2143 181 30 december
881 2143 93 35 1940,
995 2143 109 30 under
1123 2142 53 31 sin
1194 2142 215 32 återstående
1431 2144 115 31 livstid
1567 2144 77 31 från
1665 2145 112 30 ansla-

274 2197 55 33 get
352 2193 49 31 till
423 2193 134 31 diverse
578 2193 181 36 pensioner
781 2194 65 29 och
867 2193 189 30 understöd
1078 2203 44 20 m.
1145 2203 45 21 m.
1215 2195 158 36 uppbära
1395 2204 43 21 en
1460 2194 87 37 årlig
1567 2195 145 36 pension
1735 2205 43 22 av

275 2245 63 29 540
357 2245 139 29 kronor.

319 2328 49 30 Av
387 2327 253 37 händlingarna
660 2327 10 30 i
690 2328 142 30 ärendet
854 2327 185 36 inhämtas,

317 2382 48 27 att
384 2380 192 30 Törnblom
593 2381 37 29 är
650 2379 86 30 född
756 2379 66 30 den
846 2381 36 28 17
902 2379 71 39 maj
996 2381 81 29 1877
1097 2380 64 30 och
1180 2379 131 32 således
1332 2382 40 29 63
1393 2379 39 32 år
1450 2383 163 35 gammal;

317 2432 48 28 att
385 2430 71 30 han
478 2430 111 30 under
610 2430 93 30 tiden
728 2431 14 29 1
768 2430 185 30 november
977 2430 170 31 1895—31
1171 2431 145 30 oktober
1339 2432 82 31 1898
1442 2432 159 32 innehaft
1625 2433 69 31 fast
1717 2443 59 21 an-

273 2481 161 37 ställning
456 2482 60 31 vid
539 2481 84 31 Svea
643 2481 345 39 ingenjörsbataljon;
