1884 2758
286 178 21 29 8
590 177 380 33 Jordbruksutskottets
995 179 177 31 utlåtande
1196 190 41 20 nr
1263 181 41 30 13
1327 181 38 30 år
1390 182 85 30 1962

289 264 310 33 tionsverksamhet
624 266 127 33 snabbt
776 267 95 39 delge
896 268 264 39 lappväsendets
1184 269 343 39 befattningshavare
1552 270 225 31 framkomna

289 317 234 33 erfarenheter
542 319 64 30 och
625 321 64 29 rön
708 319 80 32 från
806 320 106 31 bland
929 325 108 27 annat
1055 321 213 40 forsknings-
1287 323 65 30 och
1370 323 406 32 försöksverksamheten

289 369 94 31 inom
398 371 233 32 renskötselns
646 372 153 32 område.

334 476 68 31 När
418 476 59 40 jag
495 477 152 31 härefter
664 478 144 40 övergår
825 479 51 31 till
892 479 125 40 frågan
1033 490 57 20 om
1107 491 43 21 en
1165 481 278 40 rationalisering
1459 492 43 21 av
1518 483 258 38 produktionen

290 529 57 31 vill
364 529 58 40 jag
441 530 230 40 understryka
689 531 119 31 vikten
825 542 43 21 av
885 536 50 28 att
953 533 166 32 effektiva
1138 534 243 32 driftsenheter
1398 535 127 40 skapas
1543 544 124 31 genom
1685 546 90 21 sam-

289 582 129 31 verkan
437 584 129 30 mellan
584 585 203 38 renägarna.
808 585 115 39 Enligt
941 587 292 39 renutredningen
1250 588 64 31 bör
1331 598 43 21 en
1391 589 159 30 rationell
1569 589 207 32 driftsenhet

290 635 146 31 omfatta
455 637 19 29 3
489 637 63 30 000
572 637 79 39 djur
669 637 81 31 från
768 648 41 21 en
828 639 80 30 eller
927 639 87 31 flera
1032 640 152 39 hjordar.
1205 641 67 32 För
1289 644 50 28 att
1355 640 45 32 nå
1418 651 70 30 upp
1506 642 51 31 till
1575 642 96 39 dylik
1689 647 85 27 stor-

287 688 55 30 lek
363 688 43 39 på
428 689 186 32 enheterna
635 691 138 31 fordras
794 701 41 21 en
855 692 195 39 betydande
1070 693 358 40 företagsekonomisk
1448 696 265 30 koncentration
1732 706 43 21 av

289 742 214 30 renskötseln
518 743 94 30 inom
628 744 428 39 lappbyorganisationens
1072 757 85 20 ram.

332 799 52 30 En
404 799 135 32 relativt
559 803 69 27 stor
648 800 201 41 minskning
868 812 42 21 av
928 803 450 40 bevakningskostnaderna
1397 806 98 31 torde
1513 805 262 33 åstadkommas

290 851 57 30 vid
365 851 172 40 övergång
556 853 50 29 till
625 852 133 32 sådana
777 854 244 32 driftsenheter
1040 865 74 21 som
1133 857 229 40 utredningen
1382 862 117 35 angett
1518 858 115 31 såsom
1653 860 41 30 de
1715 861 59 29 än-

288 904 310 40 damålsenligaste.
617 906 126 31 Härtill
760 908 157 31 kommer
932 912 49 28 att
998 910 226 31 ekonomiska
1240 911 128 31 vinster
1383 912 70 31 kan
1469 913 100 38 göras
1585 921 125 31 genom
1725 917 50 27 att

287 958 57 30 det
363 957 44 39 på
426 959 114 38 grund
558 969 42 21 av
619 960 205 31 enheternas
843 962 127 30 storlek
988 963 67 30 blir
1073 964 134 39 möjligt
1225 968 50 27 att
1293 965 158 31 förenkla
1470 966 157 31 enskilda
1645 966 129 31 arbets-

287 1015 163 32 moment,
475 1011 115 31 såsom
613 1013 318 40 kalvmärkningar,
956 1016 214 39 skiljningar,
1195 1018 186 38 uttagande
1402 1028 43 21 av
1467 1019 173 39 slaktdjur
1661 1029 44 21 m.
1729 1029 44 21 m.

288 1063 97 30 Inom
410 1064 42 31 de
475 1065 181 40 väsentligt
680 1066 184 40 utvidgade
887 1068 289 33 driftsenheterna
1200 1071 97 30 torde
1318 1081 82 21 man
1422 1071 105 31 också
1549 1072 120 32 kunna
1691 1072 83 32 ernå

287 1116 111 31 bättre
414 1118 143 30 resultat
574 1118 9 30 i
600 1120 168 30 avseende
785 1119 43 40 på
845 1122 73 29 avel
934 1122 66 29 och
1017 1122 232 39 djurkvalitet.
1267 1124 125 31 Vidare
1407 1125 85 31 ökas
1509 1126 265 38 möjligheterna

287 1169 51 30 till
363 1170 452 42 produktionsanpassning,
841 1174 239 32 innefattande
1104 1177 87 30 även
1214 1177 212 40 anpassning
1450 1188 43 21 av
1517 1178 224 40 djurstocken
1764 1179 11 31 i

287 1221 98 40 fråga
409 1232 58 21 om
493 1223 94 32 ålder
611 1225 65 30 och
701 1226 80 31 kön.
806 1223 94 34 Även
922 1228 11 30 i
957 1229 109 30 andra
1090 1229 221 32 hänseenden
1334 1231 126 39 skapas
1486 1232 288 39 förutsättningar

287 1275 54 30 för
366 1285 42 21 en
433 1277 219 32 ekonomiskt
677 1278 268 42 fördelaktigare
969 1281 190 40 inriktning
1183 1293 43 21 av
1250 1284 265 32 verksamheten
1538 1286 95 30 inom
1658 1286 115 31 drifts-

287 1328 196 33 enheterna.

332 1384 119 32 Såsom
475 1387 292 39 renutredningen
790 1388 116 31 anfört
928 1389 70 30 kan
1021 1389 450 40 bevakningskostnaderna
1493 1391 155 32 minskas
1671 1396 102 35 ytter-

287 1438 104 39 ligare
413 1447 125 30 genom
559 1440 195 31 förbättrad
774 1440 143 40 tillgång
936 1441 45 40 på
1002 1443 257 31 väldresserade
1278 1445 321 30 renvallarhundar.
1623 1445 151 31 Numera

287 1491 140 31 förökas
459 1500 123 31 genom
612 1492 154 32 Svenska
796 1494 297 33 kennelklubbens
1122 1496 135 39 försorg
1286 1497 66 30 den
1381 1497 55 31 för
1463 1497 108 40 några
1600 1497 39 32 år
1667 1499 107 30 sedan

286 1544 109 32 starkt
420 1545 216 31 decimerade
661 1546 155 32 hundras
841 1556 74 21 som
939 1549 138 30 särskilt
1102 1550 135 38 lämpar
1261 1550 50 39 sig
1335 1550 54 30 för
1412 1552 355 38 renvallaruppgifter.

287 1596 286 33 Kennelklubben
596 1599 64 30 har
684 1600 170 31 förklarat
877 1601 50 39 sig
950 1601 129 31 beredd
1100 1606 49 27 att
1172 1602 56 31 för
1250 1603 200 31 renskötare
1472 1605 158 30 anordna
1652 1605 122 31 kurser

287 1649 10 30 i
321 1650 246 40 hunddressyr.
593 1651 52 31 Då
668 1652 58 40 jag
751 1652 99 40 utgår
874 1653 79 32 från
976 1658 49 28 att
1048 1656 248 39 rennäringens
1320 1657 142 31 utövare
1484 1658 39 29 är
1545 1658 229 31 intresserade

287 1712 42 21 av
352 1706 49 28 att
424 1704 158 39 lämpligt
606 1705 198 32 utformade
827 1707 120 31 kurser
971 1717 42 21 av
1036 1709 93 30 detta
1151 1709 74 39 slag
1247 1709 158 32 kommer
1427 1710 51 31 till
1500 1709 111 38 stånd,
1635 1711 58 31 vill
1714 1711 60 40 jag

287 1765 118 22 senare
422 1756 216 33 återkomma
654 1759 50 30 till
720 1759 124 39 frågan
859 1764 48 27 att
922 1761 113 39 stödja
1050 1762 168 31 kurserna
1233 1763 80 30 med
1327 1764 111 30 medel
1453 1763 79 31 från
1546 1764 225 39 lappfonden.

331 1813 114 31 Under
472 1813 91 31 vissa
590 1814 288 39 förutsättningar
905 1814 70 31 kan
1002 1815 233 31 kostnaderna
1262 1816 54 30 för
1341 1816 197 40 bevakning
1564 1818 65 29 och
1656 1818 117 39 tillsyn

286 1876 42 20 av
345 1866 254 39 renhjordarna
616 1867 141 39 bringas
775 1868 67 29 ned
859 1876 123 30 genom
1000 1872 48 27 att
1065 1869 212 38 renstängsel
1295 1870 154 38 uppförs.
1469 1870 78 31 Med
1564 1871 111 30 medel
1693 1870 80 31 från

285 1919 434 40 sysselsättningsanslaget
742 1920 66 30 och
830 1921 214 39 lappfonden
1066 1922 63 30 har
1151 1922 111 31 under
1283 1932 120 22 senare
1424 1922 40 31 år
1484 1924 70 30 inte
1575 1924 197 39 obetydliga

285 1971 247 40 investeringar
551 1972 88 32 skett
657 1973 10 30 i
687 1974 255 38 gränsstängsel
960 1975 128 30 mellan
1105 1975 93 30 olika
1216 1975 187 39 lappbyars
1421 1976 272 32 betesområden.
1714 1977 57 31 Ut-

285 2024 101 31 förda
404 2025 300 40 undersökningar
721 2036 101 29 synes
840 2027 190 31 emellertid
1047 2028 120 36 utvisa,
1186 2032 49 27 att
1252 2029 55 30 det
1324 2030 38 29 är
1378 2030 171 31 räntabelt
1566 2034 50 27 att
1632 2039 138 30 genom-

286 2077 76 31 föra
382 2078 118 38 dylika
520 2078 248 40 investeringar
787 2080 120 31 endast
927 2079 44 31 då
990 2081 217 31 stordriftens
1227 2081 152 31 fördelar
1397 2083 70 30 kan
1486 2083 178 39 utnyttjas.
1685 2084 85 30 Mot-

284 2131 170 31 svarande
472 2132 106 38 gäller
595 2131 222 32 beträffande
836 2133 41 30 de
894 2133 282 40 skyddsstängsel
1194 2144 75 21 som
1286 2135 145 39 uppförs
1449 2136 56 30 för
1521 2141 49 26 att
1588 2137 183 31 förhindra

286 2187 49 27 att
352 2193 101 21 renar
470 2183 128 40 påkörs
615 2194 43 21 av
675 2184 57 40 tåg
751 2186 80 30 eller
847 2186 57 31 bil.
924 2187 13 29 I
955 2187 42 30 de
1015 2187 61 30 fall
1093 2197 68 29 nya
1178 2189 149 38 stängsel
1344 2188 69 31 kan
1431 2189 141 31 komma
1589 2190 11 30 i
1617 2189 99 40 fråga
1732 2191 39 30 är

284 2236 56 31 det
363 2246 42 21 av
428 2237 74 32 vikt
526 2240 48 28 att
597 2238 295 39 investeringarna
915 2239 136 40 föregås
1074 2250 42 20 av
1138 2249 181 30 noggrann
1341 2242 247 40 planläggning
1610 2247 90 27 samt
1722 2247 49 27 att

283 2289 220 32 ekonomiskt
523 2295 85 27 mest
628 2291 230 39 fördelaktiga
877 2293 250 39 stängseltyper
1145 2295 166 30 används.
1331 2295 13 29 I
1363 2295 68 31 viss
1449 2296 240 40 utsträckning
1706 2297 65 30 har

282 2345 47 28 ett
353 2343 138 31 särskilt
515 2344 286 39 varningsmärke
823 2346 168 30 avseende
1013 2356 60 20 ren
1096 2346 114 39 börjat
1232 2348 178 31 användas
1433 2349 189 31 försöksvis
1645 2350 56 30 för
1721 2353 50 28 att

282 2395 168 38 begränsa
477 2396 157 31 riskerna
660 2397 55 30 för
742 2398 198 32 kollisioner
966 2400 78 29 med
1069 2409 101 21 renar
1195 2400 9 30 i
1231 2401 227 38 vägtrafiken.

329 2448 13 30 I
366 2448 187 41 anledning
577 2460 42 20 av
643 2450 309 40 renutredningens
976 2452 129 39 förslag
1128 2462 58 20 om
1210 2463 42 21 en
1275 2454 130 31 allmän
1427 2455 262 40 renförsäkring
1712 2456 59 31 vill

283 2500 59 39 jag
363 2502 139 35 nämna,
526 2505 49 28 att
596 2502 125 39 frågan
742 2513 57 20 om
822 2504 165 30 kollektiv
1008 2504 108 32 sådan
1138 2506 198 40 försäkring
1356 2507 88 31 varit
1465 2508 146 31 föremål
1633 2509 55 31 för
1709 2519 61 21 un-
