1876 2780
221 162 17 21 2
603 159 253 27 Statsutskottets
880 159 162 27 utlåtande
1065 167 39 19 nr
1125 159 38 27 63
1185 160 36 27 år
1244 159 73 28 1961

222 239 127 39 ningen
367 248 45 20 en
431 239 51 29 till
503 240 42 33 1,2
563 240 31 33 Z
619 239 191 34 avrundad,
829 239 153 40 enhetlig
1001 240 404 38 grundunderhållskvot
1424 241 179 38 samtidigt
1622 240 85 30 fast-

223 292 117 30 ställes
368 294 51 28 att
447 293 89 38 gälla
563 292 79 29 från
670 293 64 29 och
761 293 78 29 med
866 293 205 38 budgetåret
1101 292 141 31 1962/63
1270 293 54 29 för
1351 294 42 29 de
1422 294 284 39 sammanslagna

221 345 241 30 delfonderna.
497 345 393 39 Departementschefen
915 355 111 25 anser,
1052 346 111 29 under
1187 346 254 40 förutsättning
1466 356 41 20 av
1530 347 100 29 bifall
1654 347 51 29 till

223 398 166 40 förslaget
408 408 57 20 om
486 399 320 39 sammanslagning
827 408 41 20 av
888 399 42 30 de
949 401 51 29 tre
1020 399 501 39 försvarsgrensdelfonderna,
1543 402 50 28 att
1613 401 95 29 över-

220 452 88 39 gång
328 452 53 29 till
403 461 43 20 en
468 452 150 39 enhetlig
639 452 404 38 grundunderhållskvot
1065 462 42 20 av
1130 453 42 33 1,2
1190 453 32 34 Z
1248 452 55 30 för
1324 453 162 39 samtliga
1507 453 199 39 byggnader

223 505 211 30 tillhörande
465 506 109 29 första
603 513 157 31 gruppen
790 505 19 30 å
838 505 349 40 kasernbyggnaders
1216 506 143 30 delfond
1390 507 63 29 bör
1482 507 143 29 komma
1655 507 52 29 till

223 558 101 30 stånd
348 558 82 30 från
454 559 63 29 och
540 558 79 30 med
642 558 205 39 budgetåret
874 558 151 30 1962/63.

273 615 67 29 Vid
361 616 172 38 prövning
555 615 96 29 inom
673 614 434 39 försvarsdepartementet
1130 623 42 20 av
1195 614 279 30 medelsbehovet
1496 613 56 30 för
1573 614 133 29 istånd-

221 668 317 39 sättningsarbeten
559 669 20 28 å
599 668 242 39 befästningar
861 668 65 29 har
947 667 213 39 ifrågasatts,
1182 667 175 30 huruvida
1378 666 328 31 fortifikationsför-

219 722 223 39 valtningens
464 721 210 39 bedömning
697 730 42 21 av
761 721 123 39 frågan
908 730 58 20 om
989 720 177 30 anlitande
1190 730 42 20 av
1254 720 346 39 investeringsmedel
1624 720 82 30 eller

221 775 43 39 på
283 774 338 40 fastighetsfondens
641 776 69 28 stat
730 776 180 37 upptagna
928 774 406 39 iståndsättningsmedel
1356 774 55 29 för
1430 774 215 30 bekostande
1665 783 42 20 av

220 828 275 29 fortifikatorisk
517 827 276 39 modernisering
817 837 43 20 av
882 827 241 39 befästningar
1147 828 38 28 är
1209 827 277 40 ändamålsenlig
1508 828 65 29 och
1597 828 109 38 lämp-

220 881 56 40 lig.
306 881 396 39 Departementschefen
721 881 216 34 förutsätter,
958 883 50 27 att
1027 881 66 29 den
1112 880 302 39 utredningsman,
1435 890 74 20 som
1530 881 79 29 med
1629 881 78 29 stöd

219 944 41 20 av
283 935 127 39 Kungl.
436 935 122 38 Maj:ts
581 935 68 29 den
674 934 40 29 14
737 934 145 29 oktober
908 934 83 29 1960
1015 934 102 39 givna
1140 934 279 39 bemyndigande
1443 934 183 30 tillkallats
1650 933 56 30 för

219 990 49 27 att
290 988 191 29 verkställa
504 988 186 39 utredning
713 987 148 30 rörande
884 987 267 39 redovisningen
1175 997 42 20 av
1239 987 191 30 försvarets
1454 987 251 40 befästningar,

219 1041 57 29 vid
304 1041 221 39 fullgörande
553 1050 41 20 av
621 1041 194 39 uppdraget
841 1041 133 39 jämväl
1002 1041 64 29 har
1093 1040 55 30 sin
1175 1041 315 39 uppmärksamhet
1518 1041 117 30 riktad
1662 1041 45 39 på

221 1104 46 20 nu
295 1094 220 30 behandlade
544 1094 182 39 spörsmål.

274 1151 393 39 Departementschefen
694 1151 64 29 har
782 1150 104 39 ingen
912 1150 141 30 erinran
1078 1151 73 28 mot
1177 1148 433 39 riksräkenskapsverkets
1636 1148 70 29 för-

220 1205 71 39 slag
313 1205 151 29 rörande
487 1205 102 29 sättet
612 1204 55 29 för
689 1203 193 39 beräkning
905 1213 42 20 av
969 1203 194 29 inkomster
1184 1203 64 29 och
1271 1201 145 40 utgifter
1439 1201 44 40 på
1505 1201 201 39 fastighets-

220 1258 149 29 fondens
397 1260 70 27 stat
493 1258 54 29 för
572 1258 103 29 nästa
699 1257 179 39 budgetår.
917 1255 395 40 Departementschefen
1338 1255 207 30 förutsätter
1572 1255 134 29 således

220 1313 49 27 att
294 1311 58 29 vid
378 1311 193 39 beräkning
598 1320 42 20 av
665 1310 280 30 medelsbehovet
969 1309 138 39 hänsyn
1133 1311 96 37 tages
1255 1309 51 29 till
1334 1311 51 27 att
1410 1308 94 30 vissa
1530 1308 176 29 markom-

219 1365 107 29 råden
351 1365 82 29 med
458 1364 198 39 byggnader
681 1364 65 29 och
772 1363 251 39 anläggningar
1048 1372 45 20 m.
1108 1371 45 21 m.
1179 1362 12 29 i
1216 1362 153 39 enlighet
1394 1362 80 29 med
1499 1362 206 38 riksdagens

218 1418 113 29 beslut
355 1418 90 29 skall
469 1419 180 37 övertagas
673 1426 41 20 av
737 1417 336 29 Karlskronavarvet
1096 1415 215 39 Aktiebolag.

274 1471 395 39 Departementschefen
697 1470 153 29 biträder
877 1469 132 40 jämväl
1037 1469 309 39 myndigheternas
1375 1468 131 40 förslag
1533 1468 53 30 till
1615 1477 91 21 sam-

218 1524 234 30 manförande
478 1533 41 20 av
544 1524 223 38 delposterna
792 1522 191 31 Underhåll
1010 1532 41 20 av
1077 1522 215 39 övningsfält
1318 1531 45 20 m.
1378 1531 46 20 m.
1456 1522 157 34 (arméns
1639 1522 65 29 och

218 1577 180 30 marinens
428 1577 196 33 delfonder)
659 1577 65 29 och
752 1576 442 39 Iståndsättningsarbeten
1223 1575 54 30 för
1307 1575 161 39 övnings-
1496 1575 66 30 och
1591 1575 114 39 skjut-

219 1631 62 29 fält
301 1640 46 20 m.
362 1640 46 20 m.
434 1631 155 32 (arméns
609 1630 160 33 delfond)
796 1631 91 28 samt
908 1629 189 30 Underhåll
1118 1638 42 20 av
1179 1628 399 40 jordbruksfastigheter
1598 1637 46 20 m.
1658 1638 45 19 m.

223 1684 239 39 (flygvapnets
488 1683 159 34 delfond)
679 1683 52 30 till
758 1692 42 20 en
827 1690 201 32 gemensam
1054 1682 137 39 delpost
1217 1682 111 29 under
1355 1682 349 39 kasernbyggnaders

217 1737 143 30 delfond
392 1737 175 30 benämnd
600 1736 189 30 Underhåll
821 1736 66 29 och
919 1735 275 40 iståndsättning
1226 1745 42 20 av
1299 1735 162 39 övnings-
1492 1736 66 29 och
1591 1735 113 39 skjut-

218 1790 63 30 fält
306 1799 45 20 m.
366 1799 47 21 m.

273 1845 49 28 De
339 1843 283 39 behovsprövade
641 1842 343 30 underhållsmedlen
1002 1851 74 21 som
1096 1851 97 20 avses
1212 1842 55 29 för
1285 1841 142 30 arbeten
1445 1851 40 20 av
1504 1842 110 31 större
1632 1850 72 21 om-

218 1897 153 39 fattning
395 1896 471 39 (iståndsättningsarbeten)
890 1896 65 29 har
973 1895 110 29 under
1102 1895 110 29 större
1231 1895 100 29 delen
1350 1904 42 20 av
1412 1895 184 30 1950-talet
1614 1895 90 30 varit

218 1951 100 28 snävt
347 1949 208 30 beräknade.
596 1950 67 28 För
691 1949 214 39 budgetåren
936 1948 137 30 1958/61
1104 1949 65 28 har
1196 1948 41 30 de
1266 1948 283 39 behovsprövade
1578 1949 126 29 under-

217 2003 232 29 hållsmedlen
471 2003 11 29 i
502 2003 70 29 viss
594 2002 245 39 utsträckning
861 2002 66 29 och
949 2001 188 30 successivt
1159 2001 106 39 höjts.
1299 2002 103 29 Detta
1424 2002 65 29 har
1511 2002 91 30 skett
1624 2002 80 29 med

216 2056 137 39 hänsyn
375 2056 52 29 till
449 2056 65 29 den
536 2056 72 29 risk
629 2056 55 29 för
705 2055 326 39 kapitalförstöring
1052 2064 75 21 som
1148 2055 160 29 eftersatt
1329 2055 185 29 underhåll
1534 2055 72 30 kan
1625 2055 79 29 leda

217 2109 62 29 till.
318 2109 52 29 Av
396 2108 537 39 fortifikationsförvaltningens
959 2108 217 39 redogörelse
1203 2108 55 29 för
1284 2108 281 30 medelsbehovet
1592 2109 111 29 under

217 2163 101 29 nästa
345 2162 170 39 budgetår
542 2162 65 29 och
635 2171 42 20 av
704 2162 57 29 vid
789 2161 230 30 förevarande
1047 2161 117 39 frågas
1191 2161 191 39 beredning
1409 2162 96 29 inom
1533 2162 170 29 försvars-

216 2216 277 38 departementet
526 2215 183 29 inhämtad
743 2215 200 39 ytterligare
978 2214 187 39 utredning
1198 2214 11 29 1
1244 2215 117 29 ämnet
1397 2214 164 40 framgår,
1596 2215 106 29 bland

217 2270 116 32 annat,
360 2270 52 29 att
437 2268 53 30 för
514 2268 219 39 någorlunda
757 2268 216 39 anpassning
997 2277 41 20 av
1062 2268 364 39 byggnadsbeståndet
1450 2268 88 30 efter
1563 2268 140 29 utveck-

215 2322 135 39 lingens
374 2322 87 29 krav
483 2322 64 29 och
570 2321 281 39 oundgängligen
874 2321 198 39 nödvändig
1097 2321 276 39 modernisering
1397 2331 42 20 av
1461 2321 242 39 befästningar

216 2375 185 39 föreligger
426 2377 48 27 ett
499 2377 86 27 stort
608 2375 112 29 behov
743 2384 40 20 av
806 2374 440 39 iståndsättningsarbeten
1270 2375 112 29 under
1406 2384 42 20 en
1474 2374 89 40 följd
1588 2384 42 20 av
1654 2375 48 30 år.

216 2429 130 29 Risken
369 2428 56 30 för
444 2428 326 39 kapitalförstöring
791 2429 37 28 är
849 2430 90 27 mest
960 2427 151 40 påtaglig
1132 2428 64 29 när
1216 2427 57 30 det
1294 2428 107 38 gäller
1422 2429 138 28 arméns
1583 2428 120 40 fastig-

215 2482 238 30 hetsbestånd.
490 2481 529 39 Fortifikationsförvaltningen
1044 2481 65 29 har
1134 2481 118 29 vidare
1278 2481 92 39 gjort
1398 2481 172 30 särskilda
1596 2482 107 29 fram-
