1864 2802
516 136 273 31 Statsutskottets
819 137 181 29 memorial
1020 146 41 20 nr
1091 138 67 29 168.
1580 134 18 29 5

138 220 28 40 c)
200 220 50 30 till
280 219 307 37 Landsfiskalerna
616 230 43 20 m.
688 220 52 36 fl.:
768 220 209 37 Avlöningar
1005 221 55 30 för
1086 220 201 37 budgetåret
1317 218 141 34 1945/46
1486 221 109 30 under

94 270 103 32 femte
215 271 218 31 huvudtiteln
451 271 120 31 anvisa
591 275 45 26 ett
655 271 268 36 förslagsanslag
942 281 42 20 av
1004 272 19 30 6
1037 272 63 29 442
1113 272 64 30 000
1198 272 137 35 kronor,

145 339 111 30 röstar

807 397 54 36 Ja;

138 473 74 31 Den
230 474 56 30 det
305 473 31 37 ej
356 473 68 36 vill,
444 475 110 29 röstar

802 531 78 37 Nej;

137 608 127 30 Vinner
288 608 73 36 Nej,
386 608 65 30 har
473 608 185 36 riksdagen
681 608 10 29 i
715 607 107 31 likhet
845 607 81 31 med
950 608 110 30 andra
1082 608 214 35 kammaren,
1320 608 80 30 med
1422 607 100 31 bifall
1546 607 50 31 till

95 658 121 37 Kungl.
232 658 119 37 Maj:ts
366 658 129 36 förslag
513 659 65 29 och
593 660 79 29 med
688 658 116 36 avslag
820 656 20 31 å
855 657 178 31 motionen
1048 658 44 30 II:
1107 658 73 35 546,
1196 658 148 30 beslutat

137 731 31 40 a)
199 734 184 36 godkänna
407 734 157 36 följande
589 732 379 38 personalförteckning
992 733 56 30 för
1070 732 292 31 landsfiskalerna
1386 742 44 21 m.
1456 732 51 30 fl.:

660 814 371 29 Personalförteckning.

91 858 158 30 Befattning
1460 856 139 30 Lönegrad

564 902 226 37 Tjänstemän
810 901 20 31 å
850 902 174 30 ordinarie
1047 905 75 27 stat.

93 1012 62 31 363
181 1012 245 31 landsfiskaler
458 1032 846 10 ........ssssssssserserserer
1033 1006 35 45 rr
1076 1006 34 45 sr
1121 1006 34 45 rr
1166 1006 32 45 rr
1208 1006 32 45 se
1253 1006 54 45 ses
1320 1031 140 9 söös:ss
1491 1010 27 30 Å
1544 1011 40 29 22

566 1137 226 36 Tjänstemän
813 1146 20 21 å
855 1136 266 37 övergångsstat.

136 1269 34 40 b)
207 1272 185 37 godkänna
422 1271 157 37 följande
608 1272 248 36 avlöningsstat
888 1271 56 31 för
972 1271 292 31 landsfiskalerna
1294 1281 45 20 m.
1370 1270 48 36 fl.,
1451 1274 49 27 att
1530 1270 64 31 till-

94 1323 134 36 lämpas
247 1323 67 30 tills
333 1322 120 31 vidare
472 1321 81 33 från
572 1322 65 30 och
657 1322 81 30 med
756 1321 202 37 budgetåret
981 1318 155 34 1945/46:

719 1402 250 29 Avlöningsstat.

95 1458 27 29 1.
148 1457 209 36 Avlöningar
376 1457 51 30 till
448 1456 173 31 ordinarie
642 1456 219 36 tjänstemän,
884 1454 199 38 förslagsvis
1111 1479 117 7 ......
1258 1455 130 30 kronor
1411 1455 19 30 3
1444 1455 65 30 350
1522 1454 63 31 300

94 1508 28 30 2.
148 1507 209 37 Avlöningar
379 1507 51 30 till
452 1506 266 31 icke-ordinarie
740 1506 161 36 personal
932 1529 293 7 ..............
1315 1516 11 15 »
1411 1506 18 29 2
1447 1505 60 30 132
1522 1504 62 31 000

94 1558 29 31 3.
149 1558 158 30 Arvoden
326 1557 51 31 till
396 1556 339 32 landsfiskalselever
755 1566 44 20 m.
822 1556 36 30 fl.
888 1579 339 7 s.............->-
1316 1566 11 16 »
1448 1555 61 29 158
1522 1554 63 31 000

93 1608 29 30 4.
148 1608 130 37 Rörligt
295 1608 126 36 tillägg,
442 1606 199 39 förslagsvis
667 1628 558 9 ..ssssssseerrsreers
1064 1602 33 47 er
1108 1602 57 47 rer
1184 1602 45 47 ra
1315 1617 12 15 >
1445 1605 61 30 817
1522 1604 63 31 000

1092 1661 142 42 Summa
1254 1661 135 42 kronor
1412 1672 20 30 6
1446 1672 61 30 457
1522 1672 63 30 300

501 1757 248 32 Särskilda
779 1756 408 38 uppbördsmedel.

94 1826 198 36 Ersättning
321 1825 79 31 från
429 1825 245 35 Trollhättans,
704 1825 189 35 Karlskoga
922 1824 67 30 och
1018 1823 215 31 Askersunds

138 1877 113 31 SE
211 1871 25 44 (3
1259 1873 130 30 kronor
1471 1872 36 30 17
1523 1872 62 30 300

803 1929 143 42 Summa
966 1928 269 48 förslagsanslag
1258 1928 131 41 kronor
1412 1939 19 30 6
1446 1938 63 30 440
1523 1927 77 45 000,

139 2023 29 40 c)
203 2026 51 30 till
284 2024 293 37 landsfiskalerna
607 2034 44 20 m.
682 2024 51 37 fl.:
764 2023 210 37 Avlöningar
1002 2023 55 31 för
1084 2021 202 38 budgetåret
1319 2018 142 35 1945/46
1489 2022 110 30 under

96 2077 105 30 femte
221 2076 219 31 huvudtiteln
461 2075 120 31 anvisa
604 2079 46 26 ett
673 2074 268 36 förslagsanslag
963 2083 42 21 av
1028 2074 19 30 6
1061 2073 63 31 440
1138 2074 64 30 000
1224 2073 138 30 kronor.

141 2169 200 30 Stockholm
364 2169 66 30 den
457 2170 13 28 1
498 2168 76 36 juni
600 2168 92 29 1945.

601 2257 47 31 På
666 2258 267 30 statsutskottets
952 2257 141 35 vägnar:

651 2356 29 30 J.
699 2357 35 29 B.
755 2354 270 32 JOHANSSON.
