1888 2792
214 144 109 28 Andra
341 145 201 27 kammarens
571 142 143 28 andra
744 140 159 34 tillfälliga
922 140 135 27 utskotts
1077 138 163 28 utlåtande
1261 147 39 18 nr
1319 137 33 32 7;
1373 136 132 33 bilagor.
1590 136 18 26 9

120 224 389 42 tarbostadsproblem,
531 233 129 22 varom
683 222 11 32 i
715 221 189 33 motionen
928 221 153 40 begäres
1104 218 209 41 utredning,
1337 218 74 31 kan
1434 215 170 41 slutligen

120 271 133 32 tänkas
275 270 39 32 få
336 270 146 32 formen
506 279 45 22 av
575 267 242 33 ekonomiska
842 266 173 41 åtgärder
1036 265 86 31 med
1146 264 152 36 verkan,
1323 265 52 29 att
1399 261 206 33 industrien

121 315 97 42 själv
242 315 150 41 bringas
415 317 52 29 att
490 314 70 32 öka
586 313 79 32 sina
691 321 93 31 egna
808 311 158 32 insatser
989 310 59 32 för
1070 308 225 40 förbättring
1319 318 46 21 av
1389 306 217 32 arbetarnas

119 359 414 34 bostadsförhållanden
561 358 147 40 (utöver
730 357 70 32 den
821 356 153 36 verkan,
997 364 79 23 som
1097 364 46 22 en
1165 352 259 33 intensifierad
1447 350 160 41 tillämp-

120 406 89 40 ning
233 416 46 22 av
303 403 394 41 hälsovårdsstadgans
720 399 434 35 bostadsbestämmelser
1178 399 74 31 kan
1278 398 149 31 komma
1454 399 52 29 att
1530 395 39 32 få
1594 395 10 31 i

121 451 98 32 detta
235 449 244 37 hänseende).
496 448 13 32 I
526 447 181 34 samband
722 447 87 32 med
825 446 70 32 den
911 446 102 32 förra
1030 448 96 29 stora
1142 442 277 33 bostadskrisen
1436 440 171 40 omkring

122 496 42 32 år
192 495 86 32 1920
308 494 267 37 diskuterades,
605 493 95 32 dock
728 494 90 30 utan
848 490 164 37 resultat,
1041 488 246 41 möjligheten
1317 497 46 22 av
1393 489 52 29 att
1475 494 132 32 genom

120 539 232 43 lagstiftning
367 559 45 3 —
429 540 130 31 utöver
577 538 71 32 den
667 547 78 22 som
764 535 208 33 innehålles
990 535 11 31 i
1020 531 499 42 hälsovårdslagstiftningen
1539 529 68 33 och

121 596 79 22 som
222 586 42 31 är
286 583 197 42 tillämplig
505 584 93 31 även
621 584 186 39 gentemot
829 579 305 41 industriföretag
1156 578 122 32 såsom
1301 576 305 41 fastighetsägare

120 650 44 3 —
185 630 131 40 ålägga
340 628 249 41 arbetsgivare
613 626 209 41 skyldighet
846 628 51 29 att
921 624 102 41 sörja
1046 624 60 32 för
1129 623 45 32 de
1198 621 203 34 anställdas
1422 620 186 32 bostäder.

122 676 123 40 Byrån
270 674 119 33 håller
412 674 91 36 före,
528 676 89 29 utan
643 675 51 29 att
718 681 90 22 vara
833 670 141 33 beredd
999 671 52 30 att
1075 671 83 38 taga
1184 667 169 33 bestämd
1379 665 227 41 ståndpunkt

121 721 12 31 i
151 720 145 41 frågan,
316 722 52 29 att
387 729 45 22 en
452 718 103 41 dylik
573 717 126 32 metod
718 717 75 31 kan
813 715 180 33 innebära
1014 713 205 33 avsevärda
1239 712 135 36 risker;
1397 711 70 32 den
1489 709 118 33 skulle

122 765 48 41 på
195 764 182 42 legislativ
401 764 72 40 väg
498 763 126 31 kunna
651 761 125 41 tvinga
802 760 99 32 fram
927 770 46 22 en
1000 758 176 41 återgång
1202 756 55 33 till
1284 759 50 30 ett
1359 754 250 34 lönebostads-

123 813 146 38 system,
294 819 79 22 som
396 807 261 34 erfarenheten
682 805 125 33 funnit
831 805 147 32 mindre
1003 802 161 42 lyckligt.

167 855 54 32 En
249 864 125 23 annan
400 853 99 32 form
525 853 60 31 för
611 851 124 41 statlig
760 850 230 33 medverkan
1018 849 60 31 för
1104 846 289 42 ifrågavarande
1422 843 186 38 ändamål,

122 900 126 32 vilken
275 898 206 33 utvecklats
507 907 45 23 av
580 896 169 41 Sveriges
776 893 328 34 Industriförbund
1131 893 13 31 i
1171 903 45 21 en
1245 891 71 33 den
1342 890 41 32 21
1414 889 196 33 december

122 944 87 33 1943
243 942 242 43 dagtecknad,
521 941 54 33 till
608 940 132 42 Kungl.
774 939 114 41 Maj:t
922 938 148 41 ingiven
1104 935 279 41 framställning
1416 945 61 22 om
1511 934 97 32 vissa

122 989 204 41 ändringar
345 988 12 32 i
378 985 412 43 skattelagstiftningen,
812 994 88 22 vore
922 986 53 29 att
995 982 141 33 medels
1159 980 296 42 skattepolitiska
1478 978 131 33 anord-

122 1035 134 41 ningar
273 1033 190 33 stimulera
482 1031 372 40 industriföretagens
872 1037 93 33 egna
984 1027 321 41 ansträngningar,
1324 1024 148 34 särskilt
1491 1024 121 32 under

123 1078 418 42 depressionsperioder,
563 1079 52 30 att
635 1076 183 32 förbättra
840 1071 506 36 arbetarbostadsbeståndet.
1367 1070 15 31 I
1404 1073 49 29 ett
1475 1070 71 31 den
1568 1067 42 33 18

121 1135 102 22 mars
241 1123 87 32 1944
345 1123 145 41 avgivet
509 1121 191 33 utlåtande
719 1121 89 31 över
826 1119 165 32 nämnda
1010 1116 277 41 framställning
1305 1114 178 33 framhöll
1502 1114 105 40 bygg-

123 1167 300 42 nadslånebyrån
445 1166 48 33 bl.
508 1177 43 27 a.,
574 1169 52 29 att
646 1165 119 41 byrån
788 1174 46 23 ur
855 1164 45 32 de
923 1162 232 42 synpunkter
1177 1162 121 32 denna
1321 1160 97 32 hade
1441 1161 52 31 att
1515 1159 95 32 före-

124 1214 107 32 träda
253 1214 88 32 med
363 1212 104 42 livlig
489 1209 324 35 tillfredsställelse
837 1208 153 33 hälsade
1014 1207 108 41 varje
1146 1205 198 42 möjlighet
1369 1207 51 30 att
1443 1204 40 32 så
1508 1206 102 30 snart

123 1259 69 33 och
217 1258 40 33 så
283 1258 101 41 långt
408 1257 55 41 sig
488 1258 86 40 göra
600 1256 74 32 läte
698 1255 137 32 mildra
863 1254 71 32 den
960 1252 174 42 speciella
1160 1252 99 31 form
1285 1261 46 21 av
1356 1248 253 37 bostadsbrist,

123 1314 80 22 som
221 1303 219 33 förefunnes
458 1301 114 33 bland
592 1298 347 35 industrianställda
960 1308 45 22 av
1025 1297 100 33 olika
1145 1295 219 42 kategorier.

169 1348 14 32 I
209 1348 99 33 detta
332 1346 271 41 sammanhang
625 1345 65 32 vill
715 1344 118 41 byrån
859 1342 143 42 jämväl
1025 1342 131 40 bringa
1181 1341 12 32 i
1218 1341 161 36 erinran,
1404 1342 52 29 att
1479 1337 130 42 Kungl.

124 1393 113 41 Maj:t
274 1393 71 31 den
381 1391 42 32 10
458 1391 203 32 november
698 1389 86 32 1944
809 1387 240 42 bemyndigat
1074 1386 198 33 statsrådet
1297 1384 69 33 och
1393 1384 132 32 chefen
1552 1383 61 32 för

124 1437 423 41 finansdepartementet
571 1438 52 29 att
647 1434 158 33 tillkalla
832 1432 183 33 särskilda
1041 1430 234 41 sakkunniga
1300 1430 61 32 för
1384 1430 155 39 översyn
1565 1438 45 22 av

125 1482 279 42 lagstiftningen
433 1491 62 21 om
524 1478 390 41 investeringsfonder,
943 1486 111 22 m.m.
1085 1475 14 32 I
1130 1475 172 41 yttrande
1334 1473 55 33 till
1420 1472 191 33 statsråds-

126 1526 223 43 protokollet
376 1525 171 33 erinrade
576 1521 411 44 departementschefen
1015 1531 60 22 om
1103 1523 53 29 att
1181 1520 87 31 med
1296 1519 143 40 hänsyn
1468 1517 55 32 till
1552 1517 59 32 det

124 1572 219 32 nuvarande
368 1570 97 42 läget
491 1570 20 32 å
537 1567 386 34 bostadsmarknaden
949 1565 160 33 särskild
1136 1562 334 44 uppmärksamhet
1496 1562 114 32 borde

127 1618 114 40 ägnas
270 1616 132 41 frågan
431 1625 62 22 om
522 1614 144 33 ändrad
695 1611 232 43 lagstiftning
956 1610 159 33 rörande
1145 1607 380 43 investeringsfonder
1553 1607 60 32 för

126 1661 223 42 byggnader.

171 1707 69 32 Det
258 1716 46 22 av
321 1705 276 32 motionärerna
615 1705 191 39 upptagna
826 1700 205 42 problemet
1049 1699 111 33 faller
1177 1698 55 34 till
1251 1701 75 30 stor
1344 1697 59 33 del
1421 1697 101 32 inom
1542 1696 70 32 den

127 1751 191 33 allmänna
342 1748 350 42 bostadspolitikens
717 1747 211 32 råmärken.
976 1744 105 33 Vissa
1106 1743 175 42 speciella
1307 1742 179 42 problem,
1510 1741 101 32 vilka

126 1796 70 32 här
212 1796 143 32 berörts
372 1795 12 31 i
401 1795 166 31 närmast
584 1792 226 41 föregående
829 1791 163 40 stycken,
1011 1791 63 31 äro
1094 1789 81 32 icke
1194 1799 45 21 av
1259 1787 173 42 egentligt
1449 1786 163 33 bostads-

127 1840 151 41 politisk
297 1839 179 32 karaktär
492 1848 86 22 men
598 1837 46 32 ha
666 1837 95 32 dock
779 1835 182 41 väsentlig
979 1833 187 41 betydelse
1186 1834 60 31 för
1265 1831 226 33 industriens
1511 1831 102 31 arbe-

127 1883 389 41 tarbostadsproblem.
532 1882 84 31 Med
633 1881 144 40 hänsyn
794 1880 55 32 till
867 1880 105 31 dessa
989 1888 129 22 senare
1135 1877 65 32 vill
1217 1874 395 43 byggnadslånebyrån

128 1930 80 31 icke
231 1929 172 31 motsätta
427 1927 64 41 sig,
515 1930 51 29 att
590 1927 70 31 den
685 1935 45 22 av
753 1924 278 33 motionärerna
1055 1922 163 41 begärda
1242 1920 246 41 utredningen
1513 1920 98 31 kom-

128 1984 81 22 mer
229 1973 54 32 till
304 1972 117 32 stånd.

172 2018 14 31 I
211 2016 324 42 handläggningen
559 2026 45 21 av
629 2015 98 32 detta
752 2013 138 33 ärende
914 2013 47 31 ha
987 2011 150 40 deltagit
1161 2011 137 40 byråns
1321 2009 170 41 samtliga
1516 2008 98 33 leda-

127 2064 120 31 möter
269 2062 86 32 med
379 2062 191 39 undantag
594 2070 45 22 av
665 2059 131 32 herrar
820 2058 207 32 Johansson
1052 2056 69 32 och
1146 2055 176 32 Isacsson.

174 2150 210 32 Stockholm
411 2150 68 31 den
504 2148 41 32 12
567 2158 101 22 mars
691 2146 96 32 1945.

602 2235 145 32 Statens
768 2232 370 42 byggnadslånebyrå

681 2322 161 31 ADOLV
872 2320 190 32 OLSSON.

170 2419 178 30 SrEN-JErRIC
375 2418 159 28 HEINRICI.
