1860 2784
254 154 18 29 2
609 153 329 30 Utrikesutskottets
958 153 179 31 utlåtande
1156 163 43 20 nr
1217 156 20 28 5
1256 154 40 30 år
1316 154 83 30 1957

255 238 62 29 där
341 238 178 38 återgivna
544 238 118 38 frågor
685 238 54 29 för
762 240 51 27 att
842 238 5 29 i
871 238 170 30 samband
1066 238 144 30 därmed
1235 239 82 39 göra
1340 238 93 30 vissa
1457 239 217 30 uttalanden.
1700 240 57 29 Ett

255 288 180 30 utlåtande
457 288 208 30 formulerat
683 288 44 39 på
746 288 125 30 sådant
892 290 68 28 sätt
980 289 113 29 skulle
1115 289 30 39 ej
1167 289 88 29 blott
1274 288 95 30 bilda
1389 298 44 21 en
1453 289 112 30 bättre
1586 290 170 38 grundval

258 338 54 29 för
338 341 85 27 utan
451 340 86 28 även
565 339 180 30 stimulera
771 339 194 29 eventuella
992 339 157 29 debatter
1181 339 5 29 i
1213 339 191 29 kamrarna
1431 348 56 21 om
1515 340 117 29 rådets
1659 340 96 29 verk-

255 389 146 29 samhet.
426 389 175 39 Antingen
626 389 182 39 frågornas
831 389 74 29 vikt
930 389 82 30 eller
1037 390 57 29 det
1119 389 236 30 förhållandet
1380 391 50 28 att
1454 390 164 39 frågorna
1646 391 110 38 aldrig

254 438 152 39 dryftats
430 440 11 28 i
464 440 67 29 den
556 439 148 30 svenska
729 439 187 39 riksdagen
939 439 106 30 borde
1071 440 168 30 motivera
1264 440 105 29 detta.
1394 440 74 29 Den
1494 441 150 30 svenska
1668 441 89 29 dele-

254 489 164 38 gationen
438 489 50 29 till
507 489 174 30 Nordiska
700 490 97 29 rådet
815 490 65 29 har
898 490 206 39 riksdagens
1123 490 143 29 kamrar
1284 490 52 29 till
1356 490 215 34 huvudmän,
1592 491 65 29 och
1676 491 79 29 från

254 539 116 30 denna
395 540 180 38 synpunkt
602 540 109 29 måste
736 549 43 21 en
804 541 162 29 närmare
993 540 217 39 granskning
1235 550 42 19 av
1303 541 67 29 den
1397 541 149 29 svenska
1573 541 184 40 delegatio-

254 597 87 23 nens
366 590 360 39 ställningstaganden
750 592 33 29 te
807 590 51 39 sig
882 591 298 29 konstitutionellt
1205 591 163 39 naturlig.
1395 591 73 29 Vad
1493 591 59 40 jag
1576 592 65 29 här
1668 594 89 27 utta-

253 639 50 30 lat
324 640 155 30 ansluter
502 640 52 40 sig
574 640 116 30 direkt
711 641 51 29 till
785 641 248 39 tankegångar,
1058 650 74 20 som
1156 641 224 32 utvecklades
1402 641 78 30 från
1501 642 91 29 flera
1614 642 71 30 håll
1708 643 49 29 ef-

254 691 53 28 ter
324 690 116 30 rådets
458 690 172 30 tillkomst
646 691 58 29 vid
720 691 41 30 de
778 691 173 34 tillfällen,
969 692 44 29 då
1031 692 235 29 förhållandet
1284 692 130 29 mellan
1431 692 241 39 parlamenten
1691 693 66 28 och

253 740 99 30 rådet
371 740 254 30 diskuterades.
647 741 64 29 Det
728 750 81 22 vore
828 741 107 39 enligt
955 742 75 28 min
1050 742 227 39 uppfattning
1297 743 124 29 endast
1440 742 52 30 till
1511 742 57 30 det
1589 743 168 29 nordiska

253 790 318 39 parlamentariska
593 791 227 30 samarbetets
840 792 109 34 bästa,
971 801 57 21 om
1049 801 43 22 en
1114 792 108 30 sådan
1245 794 162 29 närmare
1429 792 327 40 utskottsprövning

253 840 118 30 kunde
392 841 100 38 göras
513 841 89 40 årlig
623 842 64 29 och
707 842 247 39 kontinuerlig.

457 2410 186 28 Stockholm
657 2410 85 29 1957.
765 2410 113 36 Kungl.
892 2411 244 35 Boktryckeriet
1146 2411 33 27 P.
1192 2411 33 27 A.
1238 2411 152 28 Norstedt
1402 2412 24 27 &
1440 2411 100 29 Söner

949 2473 98 21 570622
