1878 2766
253 150 39 28 14
560 152 120 30 Andra
698 153 246 39 lagutskottets
964 155 177 30 utlåtande
1159 165 43 20 nr
1220 157 38 30 41
1279 157 39 30 år
1337 158 84 29 1964

250 230 108 39 enligt
374 231 158 38 gällande
547 232 262 30 bestämmelser
824 243 57 20 om
896 234 360 41 blindundervisning,
1272 236 108 30 måtte
1396 237 83 39 utgå
1494 247 42 20 ur
1551 239 184 38 lagtexten,

250 285 91 27 samt

293 336 38 29 B.
349 338 53 28 att
418 337 258 31 vederbörande
694 339 134 30 utskott
846 340 109 30 måtte
974 341 159 30 utarbeta
1152 341 130 41 förslag
1300 343 52 29 till
1372 343 205 41 erforderlig
1595 344 140 32 författ-

248 388 210 40 ningstext>.

293 442 13 29 I
326 442 179 31 motionen
523 444 48 29 II:
585 445 66 29 858
669 445 64 29 har
752 446 207 34 hemställts,
982 449 69 28 »att
1071 448 187 39 riksdagen
1277 450 11 28 i
1307 450 189 39 anledning
1516 460 42 20 av
1576 448 158 47 proposi-

248 495 74 29 tion
342 504 42 20 nr
404 495 41 30 94
465 496 106 30 måtte
591 497 135 30 besluta
747 501 49 27 att
816 500 97 29 avslå
934 500 164 39 förslaget
1119 510 55 20 om
1196 502 206 40 förändring
1423 513 41 19 av
1488 505 37 28 18
1547 504 79 39 kap.
1652 505 38 30 13
1714 506 15 36 $

248 548 102 40 lagen
364 549 67 30 den
446 549 40 30 25
501 550 70 40 maj
592 551 82 30 1962
689 561 57 20 om
760 552 131 30 allmän
906 553 231 41 försäkring».

294 600 13 31 I
332 602 178 30 motionen
533 603 48 30 II:
596 605 65 29 859
684 605 64 29 har
771 605 149 40 begärts,
947 610 70 27 »att
1042 607 186 40 riksdagen
1253 610 10 28 i
1287 609 189 41 anledning
1500 620 43 20 av
1566 620 98 31 prop.
1690 611 43 30 94

246 654 111 31 måtte
376 656 136 30 besluta
531 659 51 28 att
602 658 116 39 regeln
738 659 11 28 i
773 659 37 29 18
833 659 16 36 8
871 660 110 30 andra
1002 660 134 40 stycket
1156 662 503 40 övergångsbestämmelserna
1679 665 53 30 till

247 707 101 40 lagen
370 717 58 21 om
449 709 129 30 allmän
600 710 200 41 försäkring
822 713 89 29 skall
934 713 103 30 såvitt
1058 714 107 39 gäller
1189 715 37 29 17
1250 716 79 39 kap.
1352 716 18 29 2
1395 716 16 37 $
1435 717 221 31 sistnämnda
1675 719 58 39 lag

248 760 179 41 tillämpas
452 771 75 21 som
552 771 56 21 om
634 764 285 41 grundbeloppen
945 766 55 30 för
1025 766 222 41 folkpension
1272 769 109 30 redan
1405 770 59 29 vid
1488 770 176 40 utgången
1690 781 43 20 av

249 814 83 30 1962
351 815 152 40 uppgick
519 816 52 30 till
590 816 42 31 de
650 817 123 40 belopp
791 827 75 21 som
886 819 196 40 föreslagits
1100 821 11 28 i
1130 820 228 32 förevarande
1376 823 249 39 proposition».

290 868 12 29 I
318 867 179 31 motionen
512 870 48 29 II:
574 870 64 29 860
654 870 63 30 har
734 870 209 41 föreslagits,

291 923 72 27 >att
384 923 68 29 rätt
472 922 51 29 till
543 923 244 40 vårdbidraget
807 925 55 30 för
882 926 269 40 handikappade
1171 928 86 29 barn
1279 929 88 29 skall
1389 929 166 40 föreligga
1577 930 54 30 för
1652 931 77 34 den,

246 983 74 21 som
344 975 39 29 är
405 975 138 40 intagen
565 976 45 39 på
632 978 228 38 specialskola
883 979 83 29 eller
987 980 227 35 vårdanstalt,
1238 981 54 30 för
1315 982 66 29 den
1405 982 48 30 tid
1477 983 121 30 barnet
1621 984 108 30 vistas

244 1028 11 29 i
274 1028 165 35 hemmet,
458 1037 55 21 om
532 1029 115 30 denna
664 1030 138 31 vistelse
821 1032 168 30 omfattar
1007 1033 107 30 minst
1134 1034 77 39 fyra
1227 1035 137 34 veckor,
1386 1038 89 28 samt

287 1082 53 30 att
366 1082 170 30 utskottet
560 1083 109 31 måtte
694 1084 155 30 utforma
875 1085 56 30 för
956 1095 42 20 en
1025 1086 108 30 sådan
1159 1088 243 30 bestämmelse
1429 1089 205 41 erforderlig
1659 1090 71 41 lag-

242 1136 105 29 text>.

286 1241 228 31 Beträffande
536 1243 40 29 de
599 1243 76 30 skäl
699 1244 260 31 motionärerna
980 1245 117 30 anfört
1119 1246 52 30 till
1194 1247 78 29 stöd
1295 1247 55 30 för
1369 1248 80 30 sina
1469 1249 183 39 yrkanden
1674 1250 56 30 får

241 1294 183 34 utskottet,
449 1295 5 29 i
474 1295 65 30 den
559 1296 82 30 mån
660 1296 218 39 redogörelse
897 1297 120 31 därför
1036 1299 76 30 icke
1130 1299 137 30 lämnas
1286 1301 11 28 i
1318 1300 57 30 det
1394 1301 167 39 följande,
1582 1303 147 30 hänvisa

244 1347 52 30 till
327 1348 220 31 motionerna
576 1349 46 30 II:
640 1349 61 31 390
736 1350 62 34 (II:
816 1350 95 35 355),
942 1352 46 29 II:
1005 1352 72 34 528,
1108 1353 46 29 II:
1170 1353 73 35 636,
1274 1354 119 35 I:592,
1425 1355 45 29 II:
1488 1355 72 35 725,
1591 1357 46 29 II:
1654 1356 73 35 722,

242 1401 44 30 II:
304 1401 73 35 721,
395 1402 45 29 II:
456 1402 72 35 385,
545 1403 45 29 II:
606 1403 74 34 857,
698 1404 27 29 I:
742 1404 71 34 702,
839 1404 45 29 II:
900 1404 74 35 856,
997 1405 46 30 II:
1059 1406 73 34 855,
1156 1406 45 30 II:
1217 1407 74 34 858,
1316 1407 44 30 II:
1377 1408 63 29 859
1464 1409 64 29 och
1551 1409 45 30 II:
1613 1410 73 29 860.

773 1545 426 48 Departementschefen

611 1645 204 44 Vårdbidrag
826 1647 56 31 för
896 1648 91 31 svårt
1001 1647 255 44 handikappade
1272 1650 84 31 barn

284 1724 266 39 Föredragande
572 1727 396 40 departementschefen,
991 1729 188 31 statsrådet
1200 1731 156 39 Aspling,
1379 1731 65 30 har
1465 1732 133 30 anfört:

286 1778 74 29 >En
379 1788 43 20 av
439 1779 41 30 de
497 1780 155 39 primära
670 1781 224 39 uppgifterna
912 1783 10 28 i
940 1784 49 28 ett
1008 1783 121 30 socialt
1148 1785 311 39 trygghetssystem
1477 1786 39 29 är
1533 1788 52 28 att
1604 1786 123 40 bringa

239 1829 99 41 hjälp
360 1832 65 29 och
446 1833 75 29 stöd
542 1833 35 30 åt
598 1834 78 29 dem
699 1843 73 20 som
793 1835 151 30 drabbas
963 1845 42 20 av
1026 1836 165 39 sjukdom
1212 1838 64 29 och
1297 1838 204 30 invaliditet.
1523 1839 131 30 Genom
1675 1842 50 28 att

239 1882 268 33 tillhandahålla
532 1886 152 39 sjukhus
708 1888 65 29 och
798 1888 110 29 andra
933 1889 255 30 vårdanstalter
1214 1900 42 20 av
1281 1891 94 29 olika
1401 1892 72 39 slag
1498 1892 112 40 sörjer
1636 1902 90 20 sam-

239 1935 108 32 hället
367 1937 55 30 för
441 1940 50 28 att
510 1939 66 29 den
595 1940 92 29 rätta
706 1940 129 30 vården
855 1941 143 31 beredes
1017 1942 79 30 dem
1117 1952 74 21 som
1211 1944 70 29 inte
1302 1944 188 40 lämpligen
1509 1945 70 30 kan
1599 1946 126 30 vårdas

238 1988 11 29 i
265 1989 76 30 sina
358 1990 90 30 hem.
465 1991 242 31 Kostnaderna
724 1993 53 30 för
793 1994 234 31 anstaltsvård
1043 1996 169 30 bestrides
1228 1997 10 29 i
1253 1997 136 40 princip
1405 2007 43 21 av
1462 1998 57 30 det
1535 1998 189 35 allmänna,

239 2042 167 39 antingen
426 2044 37 29 så
480 2047 50 27 att
547 2045 130 30 vården
697 2047 36 28 är
751 2047 71 30 helt
840 2047 218 31 kostnadsfri
1077 2049 55 30 för
1149 2050 67 29 den
1234 2050 157 30 enskilde
1409 2052 83 29 eller
1511 2052 38 29 så
1566 2054 51 28 att
1635 2052 90 31 före-

238 2095 139 39 fintliga
400 2096 235 41 vårdavgifter
659 2099 117 31 täckes
801 2109 42 21 av
867 2100 179 31 förmåner
1070 2102 81 30 från
1174 2103 67 29 den
1265 2103 179 31 allmänna
1468 2105 255 40 försäkringen.

239 2148 51 30 En
308 2148 248 33 invalidiserad
575 2161 74 20 som
668 2152 107 30 vistas
793 2154 10 28 i
824 2154 60 29 sitt
902 2154 80 29 hem
1000 2155 80 34 kan,
1100 2165 58 20 om
1175 2156 70 29 han
1264 2157 38 29 är
1321 2166 42 20 ur
1382 2157 101 30 stånd
1502 2160 51 28 att
1571 2159 82 29 reda
1673 2159 51 38 sig

238 2201 90 38 själv
351 2203 66 29 och
442 2204 44 39 på
510 2206 113 37 grund
648 2206 107 29 härav
779 2207 57 29 vid
861 2208 200 38 upprepade
1086 2208 162 30 tillfällen
1273 2210 160 40 dagligen
1458 2211 64 30 har
1545 2212 113 30 behov
1681 2221 43 20 av

237 2254 98 41 hjälp
358 2265 43 21 av
421 2265 125 26 annan,
569 2258 36 29 få
626 2259 49 29 ett
697 2259 140 30 särskilt
858 2259 334 42 invaliditetstillägg
1213 2263 51 29 till
1288 2263 55 30 sin
1363 2264 285 40 förtidspension.
1670 2264 52 29 En

237 2308 253 42 förutsättning
517 2310 54 30 för
598 2313 51 28 att
676 2321 43 20 en
746 2312 185 31 försäkrad
960 2314 87 29 skall
1075 2315 120 30 kunna
1223 2316 36 29 få
1286 2316 273 41 förtidspension
1586 2335 45 3 —
1657 2317 65 30 och

235 2360 189 32 därutöver
441 2364 12 29 i
469 2363 207 40 tillämpliga
694 2364 60 30 fall
773 2365 335 42 invaliditetstillägg
1123 2386 45 3 —
1185 2370 38 28 är
1241 2371 50 28 att
1308 2370 71 29 han
1396 2370 80 40 fyllt
1495 2370 38 30 16
1552 2370 49 29 år.
1620 2370 102 29 Detta

236 2415 72 29 står
328 2416 12 29 i
361 2416 169 31 samband
549 2417 80 30 med
650 2420 49 28 att
719 2418 320 40 förtidspensionen
1059 2422 38 28 är
1117 2430 44 21 en
1180 2422 194 40 ersättning
1394 2424 56 29 för
1468 2424 68 29 den
1554 2422 167 35 inkomst,

237 2475 74 23 som
332 2468 70 31 den
424 2469 204 31 försäkrade
652 2470 110 31 skulle
784 2472 138 31 kunnat
943 2473 126 31 bereda
1090 2474 51 39 sig
1164 2484 42 20 av
1226 2478 75 37 eget
1323 2476 116 30 arbete
1461 2485 56 21 om
1539 2476 72 30 han
1631 2477 90 30 varit
