1878 2818
60 2083 194 29 Förstärkning

78 2127 30 16 av
128 2118 117 31 anslaget

64 2154 47 23 till
128 2153 139 25 underhåll

80 2191 42 21 och
144 2189 63 24 vård
225 2196 31 15 av

76 2224 94 24 möbler
188 2226 68 21 samt

71 2260 84 22 andra
174 2260 84 22 staten

63 2294 135 30 tillhöriga
231 2294 39 22 in-

64 2329 128 24 ventarier
210 2328 11 22 i
239 2329 30 22 de

64 2364 84 29 kungl.
166 2364 102 23 slotten.

140 2401 50 42 [4.]

314 161 16 26 2
706 153 291 33 Statsutskottets
1021 149 186 33 utlåtande
1232 148 53 32 Nr
1314 149 26 28 1.

312 244 246 34 Utredningen
583 242 11 30 i
618 240 143 32 ärendet
790 239 187 31 återfinnes
1001 239 20 29 å
1044 236 64 31 sid.
1134 237 18 29 2
1177 235 63 30 och
1266 234 17 30 3
1308 244 43 20 av
1376 232 190 36 åberopade
1591 229 184 33 statsråds-

271 295 218 38 protokollet.

314 398 389 39 Departementschefen
737 396 64 31 har
835 395 88 31 efter
951 394 143 30 erinran
1124 401 55 21 om
1208 390 40 31 de
1272 390 54 30 för
1350 389 40 31 de
1414 397 120 21 senare
1558 387 218 36 budgetåren

273 452 174 37 beviljade
481 452 100 30 extra
612 449 170 35 anslagen
815 447 57 31 till
904 444 169 33 täckande
1101 454 44 20 av
1174 441 157 32 motsedd
1359 440 90 32 brist
1477 440 13 30 i
1514 439 56 31 det
1598 438 179 32 ordinarie

273 505 160 35 anslaget
457 503 57 31 till
538 500 271 38 ifrågavarande
833 498 166 32 ändamål
1024 497 11 30 i
1058 495 144 32 ärendet
1225 493 118 32 anfört
1367 491 172 37 följande:

319 555 162 33 »Jämväl
505 555 55 31 för
585 553 206 37 budgetåret
807 549 213 34 1928—1929
1037 549 92 30 lärer
1144 556 43 22 en
1204 545 245 35 förstärkning
1466 554 45 20 av
1527 543 57 31 det
1600 541 178 33 ordinarie

274 609 162 36 anslaget
469 607 57 31 till
551 606 65 31 ved
639 606 64 31 och
726 604 59 31 kol
809 604 55 30 för
888 602 39 31 de
951 600 124 37 kungl.
1100 600 113 30 hoven
1239 607 85 21 vara
1347 595 256 37 oundgänglig.
1648 594 51 30 De
1722 593 56 31 för

276 661 215 36 budgetåren
515 657 212 33 1925—1926
749 656 64 32 och
830 653 212 33 1926—1927
1059 651 189 36 behövliga
1264 648 284 37 anslagsmedlen
1564 645 214 33 beräknades

276 714 57 31 till
368 712 197 37 respektive
600 709 138 37 150,000
762 709 130 30 kronor
916 706 62 32 och
1002 704 137 36 145,000
1163 704 149 32 kronor;
1336 701 40 31 de
1400 700 157 31 faktiska
1580 698 199 36 utgifterna

276 767 93 30 hava
402 764 111 31 under
547 772 134 22 samma
715 760 173 37 budgetår
916 758 148 37 uppgått
1088 756 59 30 till
1171 756 12 29 i
1208 753 114 32 runda
1345 753 49 31 tal
1418 752 197 36 respektive
1639 750 140 35 146,600

277 819 137 34 kronor,
449 815 151 32 frånsett
633 815 94 30 vissa
755 809 319 39 engångsutgifter,
1098 808 62 31 och
1195 806 138 36 140,000
1369 805 139 31 kronor.
1554 802 68 32 Vid
1654 801 126 32 sådant

277 868 220 33 förhållande
521 867 63 32 och
607 865 77 32 med
707 865 140 36 hänsyn
869 863 58 31 till
952 861 68 32 vad
1043 858 341 34 ståthållarämbetet
1408 857 20 30 å
1450 855 222 32 Stockholms
1696 854 84 30 slott

278 921 118 32 anfört
419 919 98 33 torde
541 928 83 22 man
647 918 76 31 icke
746 917 136 31 behöva
905 915 54 39 för
983 910 272 40 ifrågavarande
1280 908 165 32 ändamål
1470 908 111 31 räkna
1604 907 77 31 med
1706 906 75 30 lika

279 975 86 30 stort
375 971 236 36 sammanlagt
622 968 269 37 anslagsbelopp
900 966 184 35 —140,000
1097 964 128 31 kronor
1234 976 37 3 —
1281 962 53 30 för
1347 960 207 36 budgetåret
1567 958 214 32 1928—1929

279 1035 74 22 som
369 1025 54 31 för
440 1022 240 33 innevarande
697 1020 183 37 budgetår,
897 1020 86 30 utan
1000 1017 96 32 torde
1112 1025 82 22 man
1208 1015 11 30 i
1230 1014 156 36 enlighet
1403 1012 77 31 med
1494 1009 288 33 riksmarskalks-

280 1078 168 31 ämbetets
477 1075 132 36 förslag
637 1074 122 31 kunna
783 1074 127 30 stanna
932 1070 61 31 vid
1017 1069 138 36 135,000
1180 1068 138 30 kronor.
1364 1065 52 30 Då
1439 1064 58 31 det
1521 1063 176 32 ordinarie
1722 1072 60 21 an-

281 1131 111 35 slaget
416 1129 104 35 utgör
545 1127 115 36 50,000
684 1126 141 35 kronor,
849 1123 114 32 skulle
987 1122 106 31 alltså
1109 1120 58 31 till
1184 1118 245 34 förstärkning
1446 1126 44 20 av
1508 1124 132 22 samma
1656 1114 126 35 anslag

280 1182 133 31 behöva
437 1180 143 31 anvisas
604 1180 49 29 ett
676 1178 123 36 belopp
823 1187 45 20 av
892 1175 116 36 85,000
1032 1174 156 30 kronor.»

321 1285 17 31 I
372 1286 99 34 fråga
509 1294 54 20 om
599 1281 321 38 anslagsbeloppets
954 1278 129 31 storlek
1117 1277 62 30 har
1205 1274 170 31 utskottet
1401 1272 74 31 icke
1501 1272 75 30 haft
1600 1272 107 34 något
1731 1271 53 29 att

280 1339 126 30 erinra.

322 1388 222 32 Beträffande
578 1387 177 35 anslagets
785 1384 122 31 rubrik
936 1383 63 30 har
1023 1382 105 35 något
1151 1380 78 31 skäl
1254 1379 75 30 icke
1354 1378 135 30 anförts
1514 1376 54 30 för
1591 1375 123 36 utbyte
1739 1384 45 20 av

280 1442 65 31 den
380 1440 131 32 hittills
546 1438 162 32 använda
742 1436 251 35 beteckningen
1025 1433 77 31 »till
1125 1431 171 33 täckande
1320 1440 44 20 av
1388 1428 157 32 motsedd
1571 1427 86 31 brist
1681 1427 21 29 å
1725 1435 60 21 an-

280 1495 129 34 slaget»
437 1494 63 30 etc.
530 1493 71 29 mot
632 1491 76 31 »till
737 1487 245 33 förstärkande
1006 1497 44 20 av
1074 1485 180 35 anslaget»
1281 1484 74 33 etc.,
1380 1481 63 31 och
1468 1480 171 31 utskottet
1662 1479 65 30 har
1752 1477 31 35 ej

280 1546 109 31 heller
412 1544 122 32 funnit
558 1543 193 35 anledning
776 1541 58 31 till
859 1541 48 29 ett
931 1538 123 31 sådant
1079 1535 215 37 frångående
1317 1544 44 21 av
1384 1533 66 31 vad
1468 1533 83 30 1922
1566 1532 56 30 års
1641 1529 145 35 riksdag

282 1599 115 34 ifråga
433 1607 56 21 om
517 1594 278 36 användningen
820 1602 43 21 av
889 1591 143 31 berörda
1057 1589 88 31 båda
1168 1586 255 35 beteckningar
1447 1584 153 31 beslutat
1624 1580 49 35 (se
1698 1582 88 30 riks-

282 1650 131 36 dagens
436 1648 171 32 skrivelse
630 1657 43 21 nr
697 1648 18 29 1
740 1645 31 31 A
795 1654 32 27 p.
853 1641 42 35 1).

325 1701 179 31 Utskottet
529 1698 203 32 hemställer
755 1697 117 34 alltså,

724 1786 53 30 att
812 1782 188 36 riksdagen
1021 1775 71 36 må
1128 1779 56 31 till
1210 1778 171 32 täckande
1404 1786 44 22 av
1473 1776 158 31 motsedd
1656 1774 89 31 brist
1768 1772 21 32 å

683 1837 161 35 anslaget
868 1834 54 32 till
938 1834 66 31 ved
1020 1832 64 32 och
1099 1831 60 32 kol
1174 1831 57 36 för
1248 1832 42 29 de
1305 1829 120 36 kungl.
1442 1828 113 31 hoven
1573 1827 53 30 för
1642 1825 146 36 budget-

683 1890 75 30 året
797 1885 212 33 1928—1929
1049 1884 125 30 anvisa
1213 1884 49 29 ett
1301 1883 99 29 extra
1434 1880 123 35 anslag
1591 1889 44 20 av
1671 1877 117 36 $85,000

687 1942 137 30 kronor.

330 2073 64 36 4:0)
417 2075 17 30 I
458 2074 157 35 enlighet
640 2071 74 31 med
741 2070 136 36 Kungl.
901 2069 120 36 Maj:ts
1045 2067 131 35 förslag
1195 2063 127 37 (punkt
1341 2062 30 34 4)
1389 2062 202 32 hemställer
1609 2054 181 46 utskottet,

731 2159 51 30 att
806 2156 189 36 riksdagen
1018 2155 67 35 må,
1110 2154 12 29 i
1145 2153 114 31 likhet
1283 2151 76 31 med
1384 2150 66 31 vad
1475 2150 54 30 för
1552 2147 239 32 innevarande

689 2209 172 37 budgetår
896 2209 58 35 ägt
988 2216 89 26 rum,
1113 2205 57 31 till
1204 2203 241 37 förstärkning
1477 2212 45 21 av
1554 2200 158 36 anslaget
1736 2199 55 31 till

691 2261 184 33 underhåll
911 2259 64 32 och
1003 2259 86 31 vård
1112 2267 44 22 av
1180 2256 134 32 möbler
1336 2256 92 30 samt
1451 2254 109 31 andra
1583 2254 114 29 staten
1723 2251 69 31 till-

689 2315 123 36 höriga
847 2312 214 32 inventarier
1084 2311 12 29 i
1120 2311 41 29 de
1195 2307 118 37 kungl.
1343 2307 128 31 slotten
1501 2306 53 30 för
1583 2299 209 45 budgetåret

690 2365 214 32 1928-1929
938 2363 123 31 anvisa
1097 2363 48 29 ett
1174 2362 100 29 extra
1297 2359 125 35 anslag
1446 2368 44 21 av
1515 2356 115 36 25,000
1654 2356 138 30 kronor.
