2135 2661
337 185 19 29 2
786 186 102 32 Stats-
899 182 174 48 Utskottets
1087 188 166 33 Utlåtande
1276 188 63 34 N:o
1362 190 54 32 23.

293 281 235 36 partementets
563 273 441 48 Civil-räkenskapskontor,
1039 278 125 33 hvilket
1187 279 59 32 har
1270 280 48 32 till
1343 280 177 44 åliggande
1544 287 48 26 att
1614 281 142 43 granska
1779 282 122 44 ifråga-

294 328 141 31 varande
460 327 85 32 båda
567 328 237 43 redogörelser,
829 331 33 30 af
882 329 267 34 Kammarrätten
1175 332 102 31 under
1301 333 62 31 den
1389 334 37 30 18
1450 332 81 32 Juni
1558 334 78 31 1869
1661 333 130 32 erhållit
1813 335 88 31 före-

294 379 94 31 skrift
422 386 47 24 att
496 379 179 33 verkställa
702 380 140 33 berörda
871 382 111 32 arbete
1007 386 36 28 så
1067 384 98 42 tidigt
1188 391 47 23 att
1259 384 180 32 detsamma
1464 397 76 20 vore
1564 386 156 31 afslutadt
1741 387 69 31 före
1834 386 68 33 Re-

293 431 181 32 visorernes
498 431 112 42 hvarje
635 435 35 29 år
693 433 195 33 inträffande
912 436 251 37 sammanträde,
1187 443 84 24 samt
1295 441 56 33 att,
1375 437 81 31 efter
1480 437 55 31 det
1552 437 143 32 nämnda
1707 437 192 33 Revisions-

292 483 118 31 kontor
443 483 59 32 hos
536 482 270 35 Kammarrätten
834 486 158 31 förklarat
1016 493 46 25 att
1085 499 44 19 nu
1154 487 170 32 anmärkta
1350 488 188 41 dröjsmålet
1563 489 193 32 tillkommit
1779 501 119 32 genom

291 534 206 33 förbiseende
532 536 34 31 af
595 536 154 32 kontoret
783 538 53 30 vid
870 538 228 43 fördelningen
1134 540 34 29 af
1190 539 40 31 de
1259 540 180 31 detsamma
1463 540 177 44 tillhöriga,
1664 547 150 26 närmare
1838 544 61 29 300

292 586 161 32 särskilda
480 587 224 43 räkenskaper
727 590 212 38 omfattande,
962 590 173 43 vidlyftiga
1158 591 320 42 revisionsgöromål,
1502 591 268 33 Kammarrätten
1792 600 105 35 ytter-

277 638 116 43 "ligare
418 639 216 43 förständigat
659 638 466 46 Civil-räkenskapskontoret
1148 643 134 42 vidtaga
1304 643 101 32 sådan
1430 644 125 42 åtgärd.
1580 651 45 24 att
1650 644 194 43 felaktighet
1869 646 33 30 af

293 690 171 31 anmärkta
488 690 225 31 beskaffenhet
737 693 49 29 för
809 693 173 30 framtiden
1008 694 27 39 ej
1063 696 50 28 må
1136 705 62 29 ega
1220 705 81 19 rum.

391 739 78 32 Med
495 741 152 31 afseende
671 744 19 28 å
712 742 85 31 hvad
821 743 138 31 sålunda
983 743 105 31 blifvit
1112 744 144 43 upplyst,
1279 744 189 32 hemställer
1494 744 182 40 Utskottet,

694 800 47 24 att
775 795 55 31 det
864 796 35 29 af
927 795 218 31 Revisorerne
1181 797 170 30 anmärkta
1375 796 205 32 förhållande
1605 798 72 31 icke
1701 800 52 29 må
1776 799 48 30 till
1849 800 48 30 vi-

692 846 77 31 dare
793 846 115 43 åtgärd
932 846 177 32 föranleda.

1062 1038 59 30 2:0;

432 1149 183 51 Ångaende
637 1150 240 51 bevakningen
900 1152 63 40 och
985 1151 234 50 indrifaingen
1241 1153 41 38 af
1298 1153 443 41 Manufaktur-diskontens

909 1201 127 41 osåkra
1059 1203 208 49 fordringar.

368 1306 16 31 I
419 1307 151 32 afseende
605 1310 42 40 på
683 1309 54 31 det
771 1315 74 31 sätt,
880 1309 122 42 hvarpå
1034 1309 224 43 bevakningar
1282 1310 60 32 och
1367 1311 215 43 indrifningar
1606 1312 34 31 af
1659 1311 233 33 Manufaktur-

286 1358 192 32 diskontens
513 1359 118 31 osäkra
654 1358 185 44 fordringar
869 1359 155 42 besörjas,
1049 1361 95 31 hafva
1168 1361 219 32 Revisorerne
1412 1363 159 37 anmärkt,
1596 1370 47 23 att
1665 1363 75 31 kraf
1759 1364 50 30 för
1832 1364 59 41 dy-

284 1408 68 31 lika
385 1410 185 42 fordringar
604 1411 7 29 i
648 1410 178 31 allmänhet
860 1411 115 32 endast
1004 1411 93 31 hvart
1122 1412 111 30 tionde
1258 1415 34 28 år
1316 1413 140 41 förnyas,
1480 1413 117 32 hvaraf
1616 1412 107 32 blifvit
1746 1424 40 21 en
1809 1414 81 41 följd

285 1465 48 25 att
366 1471 165 30 personer,
565 1460 59 32 hos
659 1461 112 32 hvilka
804 1462 123 31 sådana
960 1463 156 41 förnyade
1141 1462 75 31 kraf
1235 1464 81 30 efter
1340 1464 106 31 denna
1469 1465 99 42 långa
1593 1465 62 31 tids
1678 1464 129 43 förlopp
1831 1476 58 20 an-

284 1511 123 38 ställas,
442 1512 168 32 anmäldes
646 1512 94 32 hafva
774 1513 79 31 flera
889 1516 34 28 år
957 1514 227 31 dessförinnan
1220 1514 112 32 aflidit.
1376 1515 92 32 Enär
1491 1516 191 42 derigenom
1706 1516 110 31 kunde
1840 1517 49 31 in-

284 1562 103 38 träffa,
422 1568 47 25 att
502 1564 168 41 gäldenär,
705 1564 133 31 hvilken
872 1564 104 31 under
1010 1565 62 31 den
1107 1565 56 36 tid,
1192 1576 69 20 som
1285 1566 138 30 förflutit
1445 1566 119 31 mellan
1590 1567 39 31 de
1654 1567 89 30 olika
1766 1566 123 32 bevak-

284 1613 280 42 ningstillfällena,
597 1614 139 31 kommit
769 1616 46 29 uti
851 1614 106 32 bättre
981 1615 214 32 ekonomiska
1219 1617 291 42 omständigheter,
1534 1618 54 30 vid
1610 1618 145 31 krafvets
1777 1618 111 42 förny-

285 1664 82 31 ande
390 1664 110 32 kunde
525 1666 147 42 återigen
696 1666 95 31 hafva
814 1666 95 31 råkat
932 1667 9 30 i
966 1666 169 39 obestånd,
1160 1666 83 32 hade
1267 1667 55 32 det
1344 1668 208 32 förekommit
1576 1668 219 32 Revisorerne
1812 1681 78 20 vara

284 1716 49 30 för
367 1714 192 33 bevakande
594 1718 34 29 af
658 1717 192 31 diskontens
873 1723 65 25 rätt
962 1718 185 42 angeläget,
1171 1724 47 25 att
1242 1719 221 42 utsökningen
1488 1720 35 30 af
1542 1719 140 32 berörda
1704 1720 186 43 fordringar

283 1766 75 31 med
392 1778 88 20 mera
507 1767 236 42 skyndsamhet
765 1767 191 39 handlades,
980 1775 83 25 samt
1087 1775 47 24 att
1157 1768 8 31 i
1190 1769 116 32 sådant
1330 1770 152 32 afseende
1506 1770 40 32 de
1560 1770 122 32 ombud
1705 1771 9 31 i
1737 1771 151 32 landsor-

282 1824 101 31 terna,
407 1829 67 20 som
505 1819 33 30 af
558 1817 295 33 Ombudsmannen
877 1819 171 38 anlitades,
1071 1819 110 32 kunde
1204 1821 32 31 få
1258 1821 51 42 sig
1332 1821 112 43 ålagdt
1468 1827 47 26 att
1537 1821 113 42 hvarje
1674 1824 34 30 år
1731 1821 59 33 hos
1804 1821 84 33 Om-

282 1868 225 32 budsmannen
533 1871 130 30 anmäla
685 1870 40 32 de
749 1871 228 42 förändringar
1000 1871 139 31 rörande
1162 1871 256 42 gäldenärernas
1431 1873 368 38 lefnadsförhållanden,
1817 1885 70 21 som

282 1922 53 29 må
368 1920 95 31 hafva
497 1921 104 31 under
629 1923 69 29 året
721 1921 159 38 inträffat;
904 1921 61 32 och
990 1922 95 31 hafva
1107 1922 218 33 Revisorerne
1349 1930 117 31 ansett,
1491 1931 47 24 att
1561 1927 35 29 så
1620 1925 131 41 mycket
1774 1924 113 32 heldre

280 1982 40 20 en
354 1970 193 44 lämpligare
582 1972 184 43 anordning
800 1972 34 31 af
864 1972 39 32 de
938 1973 212 42 åtgöranden,
1187 1973 112 32 hvilka
1332 1974 9 31 i
1369 1975 214 32 förevarande
1608 1975 186 33 hänseende
1819 1976 66 31 till-

280 2021 132 33 komma
434 2022 427 33 Manufaktur-diskontens
886 2023 226 39 ombudsman,
1137 2024 91 32 torde
1252 2025 111 32 kunna
1386 2026 160 42 vidtagas,
1570 2038 79 26 som,
1674 2027 104 43 enligt
1800 2026 85 33 hvad

281 2073 54 31 vid
357 2074 247 42 granskningen
629 2075 34 30 af
682 2074 304 32 bankodiskontens
1009 2075 224 42 räkenskaper
1255 2077 193 42 framginge,
1472 2080 109 40 någon
1604 2077 143 32 likartad
1772 2079 112 31 anled-

278 2125 80 41 ning
382 2124 48 31 till
455 2125 218 43 anmärkning
697 2125 113 32 dervid
834 2126 72 31 icke
929 2126 218 31 förekommit.

380 2174 59 32 Uti
465 2176 57 30 sitt
549 2176 10 30 i
587 2176 180 43 anledning
789 2176 96 31 häraf
904 2177 123 42 afgifna
1049 2177 61 31 och
1143 2177 363 33 revisionsberättelsen
1535 2178 155 44 bifogade
1713 2179 169 32 utlåtande

278 2226 97 42 (sidd.
401 2228 49 35 23,
472 2227 55 40 24)
542 2226 58 32 har
623 2226 388 44 Kommers-kollegium,
1036 2228 73 31 med
1133 2229 265 32 öfverlemnande
1418 2230 28 30 af
1454 2228 335 34 Ombudsmannens
1778 2222 17 52 i
1812 2237 70 25 äm-

276 2283 57 25 net
361 2277 122 43 afgifna
505 2277 191 44 förklaring,
719 2278 276 43 hufvudsakligen
1020 2280 115 37 anfört,
1149 2286 47 25 att
1218 2279 205 44 Kollegium,
1445 2280 69 32 lika
1537 2282 75 31 med
1635 2280 247 33 Ombudsman-

276 2339 74 26 nen,
384 2331 121 40 ansåge
529 2329 55 31 det
618 2329 73 31 icke
719 2341 77 19 vara
824 2329 74 32 med
926 2332 102 40 något
1054 2331 49 31 för
1127 2331 255 32 diskontfonden
1406 2332 123 42 nyttigt
1553 2332 151 32 ändamål
1726 2332 157 43 förenligt
