1884 2816
507 160 117 30 Andra
644 159 238 37 lagutskottets
906 158 177 30 utlåtande
1103 167 43 21 nr
1168 158 29 29 2.
1581 151 36 29 1

149 244 48 32 På
214 245 113 36 grund
343 253 42 21 av
401 245 66 30 vad
484 242 146 32 sålunda
646 243 134 31 anförts
797 242 115 30 finner
927 241 57 37 jag
1002 241 68 36 mig
1089 241 85 30 böra
1190 239 137 37 föreslå,
1345 243 49 27 att
1411 239 49 31 till
1477 239 142 30 lösande

106 308 42 20 av
170 298 67 30 den
259 296 234 37 föreliggande
514 293 357 40 lagstiftningsfrågan
892 293 11 31 i
924 294 18 29 2
965 293 18 37 $
1009 293 82 29 1942
1112 292 57 31 års
1192 291 238 37 vanhävdslag
1450 291 72 30 dels
1542 290 76 37 tyd-

106 348 105 37 ligare
225 349 46 29 än
283 357 48 20 nu
344 347 11 30 i
370 347 170 37 lagtexten
558 346 198 31 framhäves
772 349 49 27 att
835 343 318 37 sammanslagning
1167 353 42 21 av
1226 341 289 37 brukningsdelar
1529 341 88 31 skall

108 398 159 31 medföra
295 399 68 29 rätt
392 397 52 31 till
471 397 225 30 bortförande
724 396 84 30 eller
835 395 186 31 lämnande
1048 398 85 27 utan
1164 392 184 32 underhåll
1376 403 42 20 av
1447 392 172 37 byggnad,

108 449 146 30 allenast
270 458 57 20 om
343 449 67 29 den
426 448 137 30 medför
578 447 188 37 väsentliga
785 447 150 30 fördelar
953 446 54 30 för
1022 444 221 38 jordbrukets
1259 443 211 31 bedrivande
1486 443 11 30 i
1512 446 107 31 orten,

107 500 67 30 och
192 500 72 30 dels
284 498 131 37 intages
432 508 42 21 en
492 500 159 29 närmare
668 497 218 37 bestämning
903 506 42 21 av
961 496 67 30 vad
1047 496 77 30 med
1143 496 184 35 begreppet
1344 493 189 37 väsentliga
1552 494 65 30 för-

107 550 97 30 delar
223 550 55 30 för
294 548 222 38 jordbrukets
536 549 212 30 bedrivande
766 548 10 30 i
795 552 96 26 orten
910 547 88 31 skall
1017 556 109 21 anses.
1146 546 123 30 Denna
1287 543 218 38 bestämning
1523 544 97 31 torde

109 600 187 37 lämpligen
312 601 120 29 kunna
448 599 149 31 avfattas
615 598 44 38 på
675 599 56 30 det
746 600 77 34 sätt,
841 602 49 26 att
906 596 321 37 sammanslagning
1241 597 88 30 skall
1347 605 99 21 anses
1462 595 158 31 medföra

108 651 188 36 väsentliga
314 650 152 31 fördelar
484 650 53 30 för
555 649 221 37 jordbrukets
794 648 210 31 bedrivande
1023 648 11 30 i
1052 652 107 31 orten,
1177 648 122 29 endast
1314 656 58 21 om
1389 645 113 37 någon
1518 655 42 21 av
1576 646 43 30 de

106 699 10 29 i
144 699 365 36 sammanslagningen
537 698 169 37 ingående
735 697 336 37 brukningsdelarna
1100 699 39 30 är
1167 706 43 21 av
1239 695 110 31 sådan
1376 694 245 31 beskaffenhet

105 750 82 29 eller
207 749 219 37 omfattning,
449 753 48 28 att
518 750 175 29 brukaren
712 750 107 30 därav
838 749 76 30 icke
933 750 71 29 kan
1023 747 131 32 erhålla
1175 747 54 30 sin
1246 746 256 36 huvudsakliga
1521 746 99 35 bärg-

106 800 91 36 ning,
225 801 65 30 och
317 801 55 29 det
397 800 76 31 icke
499 801 70 30 kan
596 810 100 21 anses
723 798 246 37 förmånligare
996 799 53 31 för
1077 798 223 37 jordbrukets
1324 796 221 38 bedrivande,
1573 800 49 26 att

109 854 114 30 denna
250 853 249 37 brukningsdel
529 857 93 32 tages
649 853 11 30 i
689 851 152 38 anspråk
869 852 56 30 för
953 861 117 21 annan
1095 848 322 38 sammanslagning
1445 859 42 21 av
1515 849 103 30 bruk-

106 901 199 36 ningsdelar
320 902 11 30 i
349 905 107 27 orten.

153 958 54 30 En
226 958 242 30 bestämmelse
487 967 43 20 av
550 956 132 37 antydd
702 956 169 30 innebörd
892 964 100 28 synes
1013 955 86 30 böra
1119 963 80 22 avse
1219 951 290 38 brukningsdelar
1528 953 11 30 i
1559 951 60 32 all-

110 1008 151 35 mänhet,
285 1006 84 31 varå
393 1007 83 30 1942
500 1005 56 31 års
578 1006 239 36 vanhävdslag
841 1007 80 34 äger
942 1004 229 36 tillämpning.
1196 1004 69 30 För
1285 1004 57 29 det
1360 1003 65 30 fall
1447 1006 50 27 att
1519 1002 11 30 i
1553 1003 66 29 den

108 1059 160 37 åsyftade
292 1057 363 37 sammanslagningen
681 1056 99 37 ingår
802 1055 261 38 brukningsdel,
1086 1065 77 21 som
1187 1064 97 21 avses
1308 1054 11 30 i
1346 1054 81 30 1927
1453 1053 57 32 års
1532 1061 88 29 upp-

111 1108 152 36 siktslag,
280 1108 138 35 stadgas
435 1106 115 32 såsom
568 1107 94 30 förut
678 1107 140 30 nämnts
833 1106 11 30 i
862 1106 82 30 1942
963 1105 55 31 års
1033 1104 239 36 vanhävdslag
1286 1113 43 21 en
1344 1102 278 37 inskränkning
1603 1098 23 50 i

108 1161 212 36 undantaget
341 1159 80 31 från
442 1158 239 38 skyldigheten
702 1163 48 26 att
773 1157 251 31 vidmakthålla
1045 1156 209 38 byggnader,
1276 1157 9 29 i
1306 1156 56 30 det
1381 1159 49 27 att
1449 1155 171 38 byggnad,

108 1220 76 21 som
203 1218 125 29 genom
344 1210 321 37 sammanslagning
683 1208 98 31 blivit
802 1208 191 37 obehövlig,
1014 1207 56 31 må
1088 1207 174 31 bortföras
1282 1206 81 31 eller
1383 1207 135 30 lämnas
1536 1210 84 27 utan

109 1260 183 32 underhåll
310 1261 122 30 endast
449 1261 111 30 under
577 1260 248 36 förutsättning
841 1263 49 27 att
908 1259 87 30 först
1013 1266 123 29 genom
1153 1256 364 37 sammanslagningen
1534 1265 85 28 upp-

109 1312 158 30 kommer
285 1315 46 27 ett
349 1310 218 38 fullständigt
583 1310 181 37 jordbruk.
785 1310 100 30 Detta
906 1310 189 36 stadgande
1113 1308 98 32 torde
1229 1309 85 29 böra
1333 1306 191 32 bibehållas
1542 1316 78 21 men

110 1363 157 30 anslutas
288 1362 50 30 till
361 1362 67 30 den
450 1371 41 21 av
513 1362 69 36 mig
606 1361 196 36 föreslagna
823 1360 263 36 bestämningen
1107 1369 42 21 av
1171 1359 67 30 vad
1260 1359 79 30 med
1359 1359 185 36 begreppet
1565 1359 56 29 vä-

110 1413 145 36 sentliga
273 1412 153 30 fördelar
444 1412 54 30 för
516 1411 222 37 jordbrukets
757 1411 211 30 bedrivande
988 1410 10 30 i
1016 1414 97 26 orten
1131 1410 90 30 skall
1241 1418 109 21 anses.
1370 1409 65 30 Det
1455 1409 63 30 bör
1536 1408 84 31 såle-

109 1463 59 30 des
187 1464 87 29 även
291 1462 11 30 i
320 1461 98 38 fråga
436 1471 57 21 om
511 1460 318 38 sammanslagning
846 1471 42 21 av
905 1460 300 37 brukningsdelar,
1224 1469 76 22 som
1317 1469 98 21 avses
1433 1459 12 30 i
1465 1459 81 29 1927
1565 1458 56 31 års

109 1512 227 37 uppsiktslag,
356 1512 192 36 uppställas
569 1522 43 20 en
632 1512 145 30 fordran
800 1511 43 37 på
863 1511 169 37 prövning
1052 1520 41 21 av
1114 1511 173 29 huruvida
1306 1510 56 30 det
1381 1510 32 36 ej
1433 1510 71 30 kan
1523 1518 99 22 anses

111 1562 246 37 förmånligare
382 1563 55 30 för
461 1561 222 38 jordbrukets
708 1562 221 35 bedrivande,
956 1566 49 26 att
1031 1562 67 30 den
1123 1560 267 37 ifrågavarande
1415 1559 207 37 bruknings-

110 1614 100 30 delen
231 1617 93 33 tages
345 1612 11 30 i
378 1612 152 38 anspråk
553 1613 55 30 för
627 1622 118 21 annan
767 1612 318 37 sammanslagning
1106 1621 42 21 av
1171 1611 289 36 brukningsdelar
1480 1611 11 29 i
1515 1614 106 26 orten.

156 1663 74 31 Vad
248 1663 146 31 sålunda
414 1662 192 38 föreslagits
625 1664 97 30 torde
741 1663 181 30 föranleda
942 1672 42 21 en
1002 1661 184 38 jämkning
1206 1672 42 20 av
1266 1660 227 32 redaktionell
1511 1665 52 27 art
1581 1670 42 21 av

115 1714 38 30 13
177 1714 18 36 8
217 1714 110 31 andra
346 1714 135 36 stycket
504 1714 82 29 1942
608 1713 55 31 års
685 1714 247 36 vanhävdslag.

155 1767 123 30 Därest
301 1766 229 31 förevarande
555 1764 391 37 lagstiftningsproblem
971 1764 88 29 löses
1082 1762 11 31 i
1118 1762 150 36 enlighet
1292 1763 79 29 med
1398 1762 67 30 vad
1491 1770 47 21 nu
1565 1770 58 20 an-

112 1817 94 37 förts,
225 1826 101 27 synes
345 1816 187 38 anledning
550 1817 30 36 ej
601 1815 165 36 föreligga
787 1818 48 27 att
852 1813 44 38 på
916 1814 67 30 sätt
1001 1813 357 35 utredningsmännen
1376 1811 176 36 föreslagit
1573 1814 50 27 ut-

112 1868 98 37 vidga
232 1866 395 37 tillämpningsområdet
649 1866 55 30 för
724 1864 204 37 stadgandet
946 1864 10 30 i
980 1865 39 29 13
1039 1864 18 36 8
1078 1864 111 31 första
1209 1863 133 36 stycket
1365 1863 82 29 1942
1468 1861 56 31 års
1543 1871 80 21 van-

112 1918 165 36 hävdslag
294 1921 48 27 att
358 1917 260 35 brukningsdel,
638 1926 75 20 som
732 1924 97 21 avses
848 1915 11 29 i
879 1916 81 28 1927
981 1914 55 31 års
1055 1913 226 36 uppsiktslag,
1300 1913 31 36 ej
1351 1912 55 31 får
1424 1915 95 33 tagas
1536 1912 11 30 i
1565 1921 59 20 an-

112 1968 103 37 språk
234 1968 56 31 för
308 1966 307 32 bostadsändamål
634 1967 83 31 eller
737 1966 56 31 för
812 1965 195 30 beredande
1029 1975 42 20 av
1089 1964 91 36 plats
1200 1963 54 30 för
1273 1962 195 30 industriell
1488 1963 136 36 anlägg-

114 2019 78 37 ning
217 2019 82 30 eller
323 2019 10 29 i
356 2022 107 26 annat
485 2017 165 30 liknande
673 2016 90 36 syfte
787 2017 78 30 med
887 2015 135 30 mindre
1045 2014 246 36 länsstyrelsen
1313 2012 88 32 efter
1422 2012 202 37 jordbruks-

114 2069 287 31 xzommissionens
423 2068 155 31 hörande
597 2069 128 35 prövar
745 2068 56 30 det
820 2066 128 36 nödigt.
970 2065 40 37 Ej
1033 2066 108 29 heller
1159 2065 10 29 i
1190 2064 110 36 övrigt
1320 2064 96 30 torde
1439 2064 187 35 ändringar

114 2121 10 29 i
148 2121 82 29 1942
251 2119 55 31 års
328 2119 238 35 vanhävdslag
585 2120 120 28 utöver
726 2119 41 29 de
787 2128 42 20 av
851 2117 70 36 mig
943 2117 196 35 föreslagna
1159 2116 85 29 böra
1265 2118 170 33 upptagas
1457 2114 51 30 till
1529 2116 94 29 över-

113 2171 155 35 vägande
286 2170 10 29 i
318 2171 92 29 detta
432 2169 282 34 sammanhang.»

157 2269 170 36 Lagrådet
353 2270 147 36 yttrade:

161 2331 11 14 »
181 2319 70 30 Mot
267 2320 66 29 den
347 2329 48 19 nu
411 2319 195 34 föreslagna
627 2317 258 36 lagstiftningen
902 2317 119 28 kunna
1040 2325 39 20 ur
1095 2314 90 30 olika
1205 2314 215 36 synpunkter
1433 2312 192 36 erinringar

117 2370 220 30 framställas.
373 2369 177 34 Förslaget
571 2369 70 28 kan
662 2368 77 29 icke
759 2376 99 20 anses
881 2366 166 30 innebära
1070 2365 114 36 någon
1208 2365 78 29 fullt
1308 2362 317 32 tillfredsställande

116 2420 136 35 lösning
271 2429 42 20 av
332 2419 57 32 det
407 2418 234 36 föreliggande
660 2418 200 36 problemet,
879 2417 65 29 och
963 2417 56 29 det
1037 2417 70 28 kan
1126 2425 84 20 vara
1229 2416 104 34 ägnat
1352 2417 49 27 att
1422 2414 10 29 i
1451 2413 90 31 vissa
1564 2413 61 30 fall

118 2469 155 32 försvåra
299 2479 42 21 en
367 2468 175 31 önskvärd
564 2468 197 37 utveckling
787 2468 93 29 inom
906 2466 214 38 iordbruket.
1159 2466 53 29 En
1239 2465 85 30 brist
1352 2465 38 29 är
1417 2464 96 36 även,
1540 2467 49 26 att
1614 2463 11 30 i
