2195 2690
460 177 39 30 24
850 171 384 33 Konstitutionsutskottets
1261 170 169 32 Utlåtande
1452 170 63 32 N:o
1540 171 48 30 12.

416 265 257 48 fördelningen
712 263 41 37 af
789 262 400 38 bestämmanderätten
1226 261 64 36 vid
1329 261 218 49 prästerliga
1586 261 176 48 tjänsters
1794 259 229 36 tillsättande

417 318 137 36 mellan
581 316 302 50 kyrkostyrelsen
910 315 68 36 och
1007 313 319 48 församlingarna.

550 368 53 36 En
638 368 109 36 sådan
790 366 216 47 förändring
1046 371 110 44 utgör
1195 364 205 37 emellertid
1441 363 270 48 förutsättning
1751 364 31 48 ej
1824 363 96 37 blott
1964 362 59 38 för

417 420 207 50 antagande
664 419 40 37 af
739 417 373 47 kommittéförslaget
1153 422 90 31 utan
1274 416 59 37 för
1360 416 124 48 hvarje
1511 416 231 50 betydligare
1769 415 191 49 rubbning
1987 414 39 37 af

417 472 213 50 grunderna
670 470 57 37 för
765 470 155 36 berörda
961 468 222 50 fördelning.
1238 467 348 37 Missbelåtenheten
1624 467 84 36 med
1740 466 45 36 de
1812 467 212 36 nuvarande

416 525 324 36 bestämmelserna
767 523 13 35 i
807 522 104 36 detta
938 529 105 28 ämne
1071 534 108 36 synes
1206 533 87 23 vara
1318 520 138 49 ganska
1475 520 146 42 allmän,
1643 518 120 37 fastän
1784 520 241 47 meningarna

418 576 109 47 skilja
567 576 65 46 sig,
662 575 45 35 då
747 574 61 36 det
848 575 117 48 gäller
1004 578 53 31 att
1096 571 159 49 angifva,
1296 572 13 35 i
1350 571 146 36 hvilken
1536 571 166 48 riktning
1733 583 44 23 en
1806 569 219 50 förändring

419 628 90 36 skall
562 630 55 46 gå.
685 626 126 36 Under
855 625 62 36 det
962 630 52 30 att
1053 622 369 49 kommittéförslaget
1461 623 12 35 i
1513 627 93 31 stort
1646 622 79 36 sedt
1765 635 65 35 ger
1870 621 155 37 försam-

417 680 170 48 lingarna
626 691 45 22 en
710 678 93 35 ökad
844 678 143 42 valrätt,
1029 676 117 35 ehuru
1187 674 57 37 för
1284 674 81 37 dess
1406 673 201 37 utöfvande
1639 686 100 23 mera
1771 673 254 49 betryggande

419 730 137 35 former
596 737 45 27 än
681 729 133 34 hittills
856 729 101 34 skola
996 726 153 44 fordras,
1182 739 104 22 anses
1314 726 62 34 det
1407 728 47 44 på
1486 725 114 34 andra
1631 726 73 33 håll
1732 725 209 42 önskvärdt,
1971 729 54 29 att

418 781 318 49 kyrkostyrelsens
776 777 263 50 befogenheter
1065 777 101 36 skola
1193 776 181 48 utvidgas.
1428 773 125 39 Afven
1580 774 125 37 härför
1732 775 118 36 skulle
1878 787 45 23 en
1952 773 73 37 för-

419 832 158 47 ändring
604 833 11 34 i
644 831 236 36 förevarande
907 829 458 49 grundlagsbestämmelse
1392 840 87 23 vara
1504 827 171 48 behöflig.

554 883 14 35 I
596 882 260 36 redaktionellt
892 881 170 36 afseende
1090 881 65 35 har
1177 880 65 47 jag
1269 883 120 32 ansett
1417 878 176 49 förslaget
1625 879 60 35 till
1717 877 139 36 ändrad
1883 877 143 50 lydelse

420 934 40 37 af
484 933 22 45 $
548 935 46 35 30
636 932 335 50 regeringsformen
1000 932 89 36 böra
1116 931 136 36 erhålla
1279 944 44 23 en
1351 930 115 37 delvis
1494 943 120 22 annan
1640 928 201 50 affattning
1867 936 47 28 än
1942 929 82 44 den,

421 999 76 23 som
526 984 445 37 kommittébetänkandet
998 982 181 38 utvisar.'»

555 1087 73 37 Vid
656 1087 69 36 den
753 1087 129 48 kungl.
911 1086 278 49 propositionen
1215 1085 118 36 finnes
1354 1087 117 33 såsom
1491 1083 122 48 bilaga
1637 1083 128 47 fogadt
1784 1083 165 48 »Förslag
1967 1083 58 35 till

420 1142 60 46 lag
507 1139 188 48 angående
723 1138 226 47 tillsättning
976 1137 40 36 af
1041 1137 219 49 prästerliga
1286 1137 185 46 tjänster»,
1501 1136 67 35 och
1596 1136 137 35 tillåter
1760 1135 57 48 sig
1844 1135 181 35 utskottet

421 1197 53 30 att
502 1190 228 36 beträffande
759 1189 99 35 detta
886 1189 136 47 förslag
1050 1189 152 35 hänvisa
1230 1188 57 35 till
1315 1187 70 36 den
1413 1188 126 46 kungl.
1569 1186 287 48 propositionen.

248 1399 156 28 Utskottets
559 1395 51 35 De
651 1393 39 37 af
727 1393 197 36 statsrådet
964 1393 67 35 och
1064 1391 127 37 chefen
1220 1391 57 37 för
1299 1390 442 49 justitiedepartementet
1769 1388 153 37 anförda
1950 1389 77 35 skäl

248 1433 145 35 yttrande.
423 1445 109 37 hafva
572 1451 103 44 synts
718 1446 177 35 utskottet
935 1444 174 35 innebära
1148 1443 110 48 giltig
1289 1442 200 48 anledning
1520 1442 57 35 till
1605 1440 221 49 vidtagande
1854 1439 40 36 af
1919 1439 68 36 den
2016 1440 11 34 i

423 1497 70 36 den
535 1498 125 47 kungl.
703 1496 271 48 propositionen
1016 1494 214 49 ifrågasatta
1269 1493 158 48 ändring
1467 1492 41 36 af
1545 1491 22 45 $
1601 1494 46 34 30
1680 1490 346 50 regeringsformen.

422 1549 75 35 Vid
538 1548 128 36 sådant
699 1546 229 36 förhållande
956 1546 67 35 och
1052 1545 45 36 då
1124 1545 179 36 utskottet
1330 1545 79 35 icke
1438 1544 115 35 heller
1579 1543 79 36 haft
1685 1546 113 45 något
1826 1547 52 31 att
1906 1542 122 35 erinra

423 1604 76 30 mot
526 1599 71 35 den
624 1597 40 37 af
689 1598 135 47 Kungl.
852 1597 104 47 Maj:t
983 1596 207 47 föreslagna
1217 1595 244 48 affattningen
1490 1593 40 37 af
1546 1593 278 49 ifrågavarande
1844 1592 183 50 paragraf,

424 1649 56 36 får
507 1650 181 35 utskottet
715 1649 202 43 hemställa,

959 1754 54 31 att
1052 1749 208 48 Riksdagen
1302 1752 68 40 må,
1409 1748 82 35 med
1522 1747 107 36 bifall
1656 1747 57 36 till
1741 1746 135 48 Kungl.
1905 1746 124 48 Maj:ts

826 1800 241 37 förevarande
1086 1800 239 48 proposition,
1347 1802 118 33 såsom
1486 1798 171 36 hvilande
1676 1799 59 34 till
1750 1797 124 37 vidare
1888 1796 141 49 grund-

826 1853 180 48 lagsenlig
1039 1851 225 48 behandling
1292 1855 132 43 antaga
1450 1849 162 46 följande
1641 1848 138 49 förslag
1805 1848 58 36 till
1891 1847 138 36 ändrad

825 1903 138 49 lydelse
992 1902 40 36 af
1056 1901 23 45 $
1107 1904 46 34 30
1181 1900 353 50 regeringsformen:

611 2026 219 40 (Nuvarande
854 2026 149 41 lydelse:)
1458 2023 214 42 (Föreslagen
1697 2022 148 42 lydelse:)

756 2115 23 45 $
807 2117 58 35 30.
1593 2111 23 45 $
1645 2114 58 34 30.

512 2201 198 49 Konungen
750 2206 83 43 äger
864 2207 62 37 att,
955 2200 56 48 på
1041 2200 57 36 det
1124 2204 70 32 sätt
1351 2197 64 38 Om
1466 2197 216 49 tillsättning
1728 2197 47 50 af
1807 2196 224 49 prästerliga

420 2254 88 48 förr
536 2253 102 49 öfligt
665 2252 105 43 varit,
792 2252 149 37 tillsätta
961 2251 232 48 kyrkoherde-
1264 2250 145 49 tjänster
1451 2249 14 36 1
1502 2249 320 49 församlingarna
1863 2248 61 36 och
1964 2248 68 36 den
