2192 2686
604 158 389 33 Konstitutrionsutskottets
1020 159 171 31 Utlåtande
1216 159 61 31 N:o
1304 160 46 31 12.
1699 159 38 31 21

175 249 187 36 dessutom
408 261 46 23 en
495 248 113 36 sådan
649 249 184 48 tidsgräns
875 249 132 36 hittills
1048 249 146 36 saknats
1236 254 87 30 utan
1365 253 65 40 att,
1473 248 119 36 såvidt
1632 250 149 47 upplyst

175 299 135 45 blifvit,
344 303 114 43 några
489 300 236 49 olägenheter
756 299 108 37 häraf
894 300 213 44 föranledts,
1141 301 118 35 finner
1283 302 66 47 jag
1375 301 241 35 kommitténs
1644 300 138 49 förslag

175 351 106 37 äfven
310 352 11 34 i
350 352 120 35 denna
497 351 58 36 del
584 352 123 35 kunna
733 352 224 48 godkännas.

310 402 62 36 Ett
413 403 225 48 domkapitel
678 404 66 35 har
784 403 192 45 förmenat,
1017 408 55 31 att
1103 404 12 35 1
1143 411 137 28 smärre
1309 402 269 49 församlingar,
1608 403 204 48 särskildt
1791 398 15 57 g
1830 419 41 25 31.

175 453 377 49 landsförsamlingar,
594 455 59 34 val
694 454 94 36 efter
816 468 144 34 upprop
988 455 12 34 i
1028 455 202 35 allmänhet
1257 462 40 28 är
1324 459 54 31 att
1406 454 193 48 föredraga
1625 454 157 36 framför

176 505 62 35 det
277 504 72 36 fria
388 505 246 36 aflämnandet
675 504 39 36 af
751 505 227 36 valsedlarna
1009 506 13 35 i
1042 505 70 36 den
1131 505 160 49 ordning
1310 504 45 37 de
1383 505 171 36 röstande
1582 504 202 37 framträda

176 556 59 35 till
274 556 190 35 valbordet
505 556 66 36 och
613 556 80 36 icke
731 557 115 35 heller
886 564 40 28 är
964 556 200 36 förbundet
1205 557 81 35 med
1325 555 188 37 afsevärda
1545 556 237 48 svårigheter.

176 606 252 48 Domkapitlet
469 607 66 35 har
575 606 126 37 därför
742 608 186 35 hemställt
969 621 58 22 om
1057 608 111 35 sådan
1196 607 220 48 förändring
1443 607 12 35 1
1483 606 22 45 $
1534 609 44 34 31
1609 620 110 23 mom.
1752 609 30 40 1,

176 662 54 31 att
275 659 96 34 valet
416 658 91 35 skall
553 658 63 36 ske
660 657 94 37 efter
799 671 155 35 upprop,
1001 659 66 35 där
1102 659 31 46 ej
1171 658 273 36 vederbörande
1476 658 228 48 domkapitel
1739 662 46 44 på

175 709 207 48 ansökning
409 708 40 36 af
473 707 265 50 församlingen
768 710 231 35 annorlunda
1026 709 203 36 förordnar.
1271 709 55 35 En
1353 709 172 36 liknande
1546 708 239 49 uppfattning

175 760 66 35 har
276 760 140 47 jämväl
457 759 82 36 från
572 767 113 29 annat
726 761 72 35 håll
829 761 159 35 uttalats.
1046 761 63 35 Att
1147 766 180 43 uppropet
1356 760 154 36 sålunda
1537 760 119 36 skulle
1684 760 101 36 bibe-

176 811 115 35 hållas
319 814 117 33 såsom
466 812 98 46 regel
594 812 70 35 kan
688 812 65 47 jag
779 812 80 35 icke
887 812 197 48 tillstyrka.
1138 810 154 37 Snarare
1320 811 124 36 kunde
1464 810 246 47 ifrågasättas,
1731 816 54 31 att

176 862 243 47 domkapitlet
451 862 119 35 skulle
603 870 67 39 äga
703 862 167 36 meddela
898 862 229 49 församling,
1157 876 76 22 som
1262 863 128 35 sådant
1417 862 169 49 begärde,
1616 862 167 36 tillstånd

175 918 54 30 att
269 911 156 38 förrätta
464 914 97 35 valet
589 913 94 36 efter
715 913 213 36 nuvarande
957 915 119 46 regler
1103 916 11 33 i
1141 914 161 35 nämnda
1329 912 180 37 afseende.
1565 913 85 35 Men
1677 913 108 36 äfven

176 964 100 36 detta
316 964 181 36 innebure
535 964 13 35 i
584 965 78 35 min
702 965 110 36 tanke
852 969 54 31 att
934 966 154 47 tillägga
1116 970 182 43 uppropet
1326 970 117 30 större
1471 964 111 36 värde
1609 972 46 28 än
1683 965 61 35 det
1773 965 12 34 i

178 1014 134 48 själfva
339 1016 127 35 verket
494 1015 75 36 har.

313 1064 72 38 Vid
413 1065 22 45 8
462 1068 45 34 41
539 1067 105 36 torde
673 1067 87 35 böra
787 1075 164 35 nämnas,
982 1067 175 35 hurusom
1187 1072 53 30 ett
1269 1067 225 47 domkapitel
1522 1071 119 31 ansett
1661 1071 64 39 att,
1751 1069 34 33 så
1798 1078 16 34 g
1834 1080 39 25 41.

176 1117 107 48 länge
323 1117 240 48 domprosten
603 1125 41 28 är
680 1117 250 47 själfskrifven
962 1118 160 35 ledamot
1149 1118 67 35 och
1244 1118 76 35 vice
1348 1116 220 37 ordförande
1595 1117 13 35 i
1636 1117 149 35 domka-

176 1169 122 47 pitlet,
327 1168 395 49 kyrkoherdeämbetet
748 1169 12 35 i
789 1168 183 36 stiftsstad
1000 1169 144 48 intager
1171 1182 44 22 en
1243 1168 112 36 sådan
1396 1168 390 49 undantagsställning

175 1219 112 36 bland
315 1220 219 48 prästerliga
560 1220 166 47 tjänster,
756 1225 53 30 att
838 1220 134 48 Kungl.
1001 1219 105 47 Maj:t
1124 1220 104 35 torde
1247 1220 12 35 i
1279 1219 137 36 stiftets
1435 1219 65 36 och
1521 1220 159 48 kyrkans
1708 1220 77 35 väl-

175 1269 190 37 förstådda
408 1271 158 35 intresse
610 1271 88 35 böra
742 1270 202 36 förbehålla
983 1271 57 48 sig
1071 1271 61 35 det
1164 1271 151 48 slutliga
1342 1270 218 49 afgörandet
1587 1270 63 36 vid
1682 1269 103 37 dom-

176 1321 316 47 prostämbetenas
542 1322 235 48 tillsättning.
846 1322 68 35 Det
954 1320 189 37 förefaller
1183 1322 77 48 mig
1300 1321 103 45 dock,
1446 1334 78 23 som
1565 1334 59 23 om
1665 1321 44 35 de
1749 1320 40 37 af

176 1372 224 36 kommittén
440 1372 209 49 föreslagna
675 1352 324 56 bestämmelserna
1026 1373 88 35 böra
1141 1351 174 57 innebära
1342 1373 139 47 ganska
1508 1377 77 31 stor
1612 1372 176 48 trygghet

177 1422 59 37 för
272 1428 54 30 att
367 1423 126 47 dylika
533 1402 169 57 ämbeten
741 1423 116 36 blifva
897 1424 140 35 besatta
1077 1423 84 35 med
1200 1401 177 70 lämpliga
1405 1436 185 35 personer.
1645 1423 53 35 Då
1725 1436 62 22 an-

178 1474 300 48 sökningsrätten
507 1475 115 48 enligt
650 1473 23 45 &
702 1476 20 34 3
752 1475 90 35 skall
871 1478 55 32 stå
953 1481 119 41 öppen
1100 1474 57 36 för
1185 1474 81 36 hela
1285 1475 112 35 rikets
1417 1474 245 48 prästerskap,
1683 1474 105 35 torde

178 1504 235 68 kompetenta
454 1503 160 58 sökande
656 1526 80 35 icke
776 1526 147 35 komma
964 1531 54 30 att
1059 1527 140 40 saknas,
1241 1526 67 35 och
1336 1519 113 42 bland
1477 1525 103 36 dessa
1606 1524 109 37 hafva
1743 1524 46 36 då

178 1576 251 47 domkapitlen
458 1576 83 35 med
569 1577 240 47 tillämpning
836 1576 39 35 af
899 1577 323 35 bestämmelserna
1249 1577 13 34 i
1289 1575 48 45 $$
1366 1578 19 34 8
1415 1577 66 35 och
1511 1578 19 34 9
1560 1575 147 36 tillfälle
1735 1581 52 30 att

178 1630 45 44 på
249 1625 140 49 förslag
418 1626 158 48 uppföra
607 1627 95 42 dem,
732 1640 77 22 som
838 1635 61 27 äro
928 1632 92 31 mest
1049 1627 175 47 förtjänta
1253 1627 67 35 och
1349 1627 178 48 skickliga
1556 1628 99 35 såväl
1682 1627 13 35 i
1722 1628 67 33 all-

178 1677 150 35 mänhet
356 1690 77 23 som
462 1677 83 36 med
573 1677 144 50 hänsyn
745 1679 60 34 till
833 1692 43 22 en
905 1678 210 49 domprosts
1144 1678 179 36 särskilda
1350 1677 346 49 ämbetsuppgifter.
1738 1678 51 35 På

178 1728 122 49 grund
346 1727 107 37 häraf
502 1729 67 35 och
611 1729 46 36 då
702 1742 86 22 man
831 1730 79 35 icke
955 1734 89 31 utan
1089 1729 189 45 nödtvång
1326 1729 67 35 bör
1436 1729 134 36 bereda
1614 1728 175 37 stiftsstä-

178 1757 114 58 derna
324 1792 45 23 en
389 1793 77 22 mer
494 1793 211 50 ogynnsam
728 1781 178 47 ställning
933 1788 46 27 än
1006 1781 114 35 andra
1147 1760 260 68 församlingar
1433 1781 13 34 i
1474 1780 102 48 fråga
1608 1793 59 22 om
1696 1781 93 46 möj-

178 1830 164 48 ligheten
382 1835 53 30 att
476 1831 151 35 inverka
667 1834 46 45 på
752 1811 246 56 tillsättandet
1038 1830 40 36 af
1102 1831 106 35 deras
1235 1804 263 80 kyrkoherdar,
1528 1810 65 56 har
1617 1831 67 48 jag
1710 1831 79 35 icke

178 1858 84 58 låtit
291 1880 177 49 förslaget
497 1882 166 48 undergå
690 1885 122 43 någon
838 1881 221 59 förändring
1086 1883 12 34 i
1126 1881 153 49 angifna
1307 1881 108 50 syfte.

314 1932 147 36 Liksom
490 1933 221 35 kommittén
740 1946 106 22 anser
870 1934 74 46 jag,
974 1934 12 34 i
1014 1937 153 31 motsats
1195 1934 57 34 till
1284 1933 68 35 den
1375 1933 152 47 mening
1545 1945 79 23 som
1643 1934 12 34 i
1676 1936 143 44 några
1797 1928 15 56 g
1836 1944 40 25 43.

179 1983 198 47 yttranden
418 1984 94 47 tagit
554 1984 55 47 sig
636 1984 163 48 uttryck,
829 1989 54 30 att
910 1983 167 36 förordet
1103 1984 58 34 till
1189 1984 195 47 prästerlig
1411 1984 126 47 tjänst,
1566 1984 223 34 åtminstone

180 2037 118 32 såsom
327 2033 252 49 domkapitlen
606 2035 57 35 för
690 2035 226 35 närvarande
944 2042 62 28 äro
1035 2039 271 39 sammansatta,
1335 2034 114 36 hellre
1477 2034 66 35 bör
1571 2033 156 49 afgifvas
1755 2033 38 36 af

181 2085 179 47 biskopen
381 2092 44 28 än
446 2085 40 35 af
503 2085 251 48 domkapitlet,
775 2098 78 23 som
870 2087 42 44 ju
932 2084 57 37 för
1008 2084 114 48 öfrigt
1142 2090 188 43 upprättat
1350 2084 186 49 förslaget.
1582 2083 124 37 Orden
1727 2088 62 44 »på

181 2135 153 36 anförda
374 2136 105 43 skäl»,
522 2136 121 35 hvilka
684 2139 45 44 på
768 2141 53 31 ett
853 2137 89 35 eller
973 2141 111 30 annat
1111 2136 73 35 håll
1213 2137 106 35 väckt
1347 2136 304 48 betänkligheter,
1680 2148 109 36 synas

181 2186 206 35 emellertid
429 2187 125 35 kunna
587 2191 89 44 utgå
704 2200 45 22 ur
776 2186 23 45 &
828 2189 45 33 43
903 2200 108 22 mom.
1045 2189 30 33 1.
1133 2186 94 36 Utan
1255 2187 174 35 särskildt
1458 2186 199 49 stadgande
1685 2186 104 36 torde
