<?xml version="1.0" encoding="UTF-8"?>
<alto xmlns="http://www.loc.gov/standards/alto/ns-v3#" xmlns:xlink="http://www.w3.org/1999/xlink" xmlns:xsi="http://www.w3.org/2001/XMLSchema-instance" xsi:schemaLocation="http://www.loc.gov/standards/alto/ns-v3# http://www.loc.gov/alto/v3/alto-3-0.xsd">
	<Description>
		<MeasurementUnit>pixel</MeasurementUnit>
		<sourceImageInformation>
			<fileName>/tmp/tess_i642pwib_input.PNG</fileName>
		</sourceImageInformation>
		<OCRProcessing ID="OCR_0">
			<ocrProcessingStep>
				<processingSoftware>
					<softwareName>tesseract 5.3.0</softwareName>
				</processingSoftware>
			</ocrProcessingStep>
		</OCRProcessing>
	</Description>
	<Layout>
		<Page WIDTH="2260" HEIGHT="2638" PHYSICAL_IMG_NR="0" ID="page_0">
			<PrintSpace HPOS="0" VPOS="0" WIDTH="2260" HEIGHT="2638">
				<ComposedBlock ID="cblock_0" HPOS="753" VPOS="145" WIDTH="1106" HEIGHT="44">
					<TextBlock ID="block_0" HPOS="753" VPOS="145" WIDTH="1106" HEIGHT="44">
						<TextLine ID="line_0" HPOS="753" VPOS="145" WIDTH="1106" HEIGHT="44">
							<String ID="string_0" HPOS="753" VPOS="145" WIDTH="251" HEIGHT="34" WC="0.88" CONTENT="Statsutskottets"/><SP WIDTH="23" VPOS="145" HPOS="1004"/>
							<String ID="string_1" HPOS="1027" VPOS="148" WIDTH="168" HEIGHT="32" WC="0.95" CONTENT="utlåtande"/><SP WIDTH="23" VPOS="148" HPOS="1195"/>
							<String ID="string_2" HPOS="1218" VPOS="149" WIDTH="53" HEIGHT="32" WC="0.85" CONTENT="Nr"/><SP WIDTH="24" VPOS="149" HPOS="1271"/>
							<String ID="string_3" HPOS="1295" VPOS="151" WIDTH="50" HEIGHT="31" WC="0.89" CONTENT="92."/><SP WIDTH="495" VPOS="151" HPOS="1345"/>
							<String ID="string_4" HPOS="1840" VPOS="158" WIDTH="19" HEIGHT="31" WC="0.96" CONTENT="3"/>
						</TextLine>
					</TextBlock>
				</ComposedBlock>
				<ComposedBlock ID="cblock_1" HPOS="241" VPOS="232" WIDTH="1620" HEIGHT="1553">
					<TextBlock ID="block_1" HPOS="249" VPOS="232" WIDTH="1612" HEIGHT="322">
						<TextLine ID="line_1" HPOS="363" VPOS="232" WIDTH="1498" HEIGHT="64">
							<String ID="string_5" HPOS="363" VPOS="232" WIDTH="332" HEIGHT="49" WC="0.92" CONTENT="Krigsavlöningen"/><SP WIDTH="44" VPOS="232" HPOS="695"/>
							<String ID="string_6" HPOS="739" VPOS="236" WIDTH="54" HEIGHT="35" WC="0.95" CONTENT="för"/><SP WIDTH="42" VPOS="236" HPOS="793"/>
							<String ID="string_7" HPOS="835" VPOS="236" WIDTH="276" HEIGHT="48" WC="0.95" CONTENT="ifrågavarande"/><SP WIDTH="43" VPOS="236" HPOS="1111"/>
							<String ID="string_8" HPOS="1154" VPOS="240" WIDTH="260" HEIGHT="48" WC="0.96" CONTENT="värnpliktiga,"/><SP WIDTH="45" VPOS="240" HPOS="1414"/>
							<String ID="string_9" HPOS="1459" VPOS="243" WIDTH="118" HEIGHT="37" WC="0.96" CONTENT="vilkas"/><SP WIDTH="39" VPOS="243" HPOS="1577"/>
							<String ID="string_10" HPOS="1616" VPOS="245" WIDTH="245" HEIGHT="51" WC="0.96" CONTENT="tjänstgöring"/>
						</TextLine>
						<TextLine ID="line_2" HPOS="253" VPOS="288" WIDTH="1607" HEIGHT="57">
							<String ID="string_11" HPOS="253" VPOS="288" WIDTH="126" HEIGHT="46" WC="0.93" CONTENT="pågått"/><SP WIDTH="37" VPOS="288" HPOS="379"/>
							<String ID="string_12" HPOS="416" VPOS="289" WIDTH="155" HEIGHT="33" WC="0.91" CONTENT="60—70"/><SP WIDTH="31" VPOS="289" HPOS="571"/>
							<String ID="string_13" HPOS="602" VPOS="289" WIDTH="122" HEIGHT="46" WC="0.96" CONTENT="dagar,"/><SP WIDTH="32" VPOS="289" HPOS="724"/>
							<String ID="string_14" HPOS="756" VPOS="290" WIDTH="65" HEIGHT="35" WC="0.96" CONTENT="har"/><SP WIDTH="27" VPOS="290" HPOS="821"/>
							<String ID="string_15" HPOS="848" VPOS="293" WIDTH="121" HEIGHT="45" WC="0.96" CONTENT="utgått"/><SP WIDTH="29" VPOS="293" HPOS="969"/>
							<String ID="string_16" HPOS="998" VPOS="293" WIDTH="80" HEIGHT="34" WC="0.96" CONTENT="med"/><SP WIDTH="32" VPOS="293" HPOS="1078"/>
							<String ID="string_17" HPOS="1110" VPOS="295" WIDTH="45" HEIGHT="32" WC="0.96" CONTENT="81"/><SP WIDTH="35" VPOS="295" HPOS="1155"/>
							<String ID="string_18" HPOS="1190" VPOS="298" WIDTH="60" HEIGHT="31" WC="0.96" CONTENT="öre"/><SP WIDTH="28" VPOS="298" HPOS="1250"/>
							<String ID="string_19" HPOS="1278" VPOS="306" WIDTH="66" HEIGHT="35" WC="0.96" CONTENT="per"/><SP WIDTH="28" VPOS="306" HPOS="1344"/>
							<String ID="string_20" HPOS="1372" VPOS="296" WIDTH="70" HEIGHT="48" WC="0.96" CONTENT="dag"/><SP WIDTH="24" VPOS="296" HPOS="1442"/>
							<String ID="string_21" HPOS="1466" VPOS="297" WIDTH="124" HEIGHT="48" WC="0.96" CONTENT="jämte,"/><SP WIDTH="32" VPOS="297" HPOS="1590"/>
							<String ID="string_22" HPOS="1622" VPOS="301" WIDTH="115" HEIGHT="35" WC="0.96" CONTENT="såsom"/><SP WIDTH="30" VPOS="301" HPOS="1737"/>
							<String ID="string_23" HPOS="1767" VPOS="314" WIDTH="93" HEIGHT="24" WC="0.96" CONTENT="ovan"/>
						</TextLine>
						<TextLine ID="line_3" HPOS="252" VPOS="340" WIDTH="1607" HEIGHT="57">
							<String ID="string_24" HPOS="252" VPOS="343" WIDTH="156" HEIGHT="41" WC="0.95" CONTENT="nämnts,"/><SP WIDTH="45" VPOS="343" HPOS="408"/>
							<String ID="string_25" HPOS="453" VPOS="341" WIDTH="45" HEIGHT="34" WC="0.96" CONTENT="då"/><SP WIDTH="42" VPOS="341" HPOS="498"/>
							<String ID="string_26" HPOS="540" VPOS="340" WIDTH="117" HEIGHT="37" WC="0.96" CONTENT="behov"/><SP WIDTH="31" VPOS="340" HPOS="657"/>
							<String ID="string_27" HPOS="688" VPOS="342" WIDTH="203" HEIGHT="48" WC="0.93" CONTENT="föreligger,"/><SP WIDTH="33" VPOS="342" HPOS="891"/>
							<String ID="string_28" HPOS="924" VPOS="344" WIDTH="339" HEIGHT="49" WC="0.90" CONTENT="familjeunderstöd"/><SP WIDTH="29" VPOS="344" HPOS="1263"/>
							<String ID="string_29" HPOS="1292" VPOS="349" WIDTH="81" HEIGHT="34" WC="0.96" CONTENT="med"/><SP WIDTH="29" VPOS="349" HPOS="1373"/>
							<String ID="string_30" HPOS="1402" VPOS="349" WIDTH="11" HEIGHT="35" WC="0.96" CONTENT="i"/><SP WIDTH="29" VPOS="349" HPOS="1413"/>
							<String ID="string_31" HPOS="1442" VPOS="352" WIDTH="220" HEIGHT="45" WC="0.96" CONTENT="genomsnitt"/><SP WIDTH="33" VPOS="352" HPOS="1662"/>
							<String ID="string_32" HPOS="1695" VPOS="356" WIDTH="15" HEIGHT="33" WC="0.95" CONTENT="1"/><SP WIDTH="35" VPOS="356" HPOS="1710"/>
							<String ID="string_33" HPOS="1745" VPOS="354" WIDTH="114" HEIGHT="37" WC="0.96" CONTENT="krona"/>
						</TextLine>
						<TextLine ID="line_4" HPOS="252" VPOS="394" WIDTH="1607" HEIGHT="58">
							<String ID="string_34" HPOS="252" VPOS="405" WIDTH="64" HEIGHT="34" WC="0.95" CONTENT="per"/><SP WIDTH="42" VPOS="405" HPOS="316"/>
							<String ID="string_35" HPOS="358" VPOS="394" WIDTH="69" HEIGHT="46" WC="0.96" CONTENT="dag"/><SP WIDTH="35" VPOS="394" HPOS="427"/>
							<String ID="string_36" HPOS="462" VPOS="394" WIDTH="87" HEIGHT="35" WC="0.95" CONTENT="eller"/><SP WIDTH="28" VPOS="394" HPOS="549"/>
							<String ID="string_37" HPOS="577" VPOS="394" WIDTH="238" HEIGHT="37" WC="0.95" CONTENT="tillsammans"/><SP WIDTH="32" VPOS="394" HPOS="815"/>
							<String ID="string_38" HPOS="847" VPOS="399" WIDTH="16" HEIGHT="32" WC="0.96" CONTENT="1"/><SP WIDTH="34" VPOS="399" HPOS="863"/>
							<String ID="string_39" HPOS="897" VPOS="397" WIDTH="116" HEIGHT="37" WC="0.96" CONTENT="krona"/><SP WIDTH="30" VPOS="397" HPOS="1013"/>
							<String ID="string_40" HPOS="1043" VPOS="402" WIDTH="45" HEIGHT="32" WC="0.96" CONTENT="81"/><SP WIDTH="34" VPOS="402" HPOS="1088"/>
							<String ID="string_41" HPOS="1122" VPOS="404" WIDTH="61" HEIGHT="31" WC="0.96" CONTENT="öre"/><SP WIDTH="29" VPOS="404" HPOS="1183"/>
							<String ID="string_42" HPOS="1212" VPOS="413" WIDTH="64" HEIGHT="34" WC="0.96" CONTENT="per"/><SP WIDTH="29" VPOS="413" HPOS="1276"/>
							<String ID="string_43" HPOS="1305" VPOS="402" WIDTH="80" HEIGHT="46" WC="0.96" CONTENT="dag."/><SP WIDTH="58" VPOS="402" HPOS="1385"/>
							<String ID="string_44" HPOS="1443" VPOS="404" WIDTH="188" HEIGHT="37" WC="0.96" CONTENT="Motionen"/><SP WIDTH="29" VPOS="404" HPOS="1631"/>
							<String ID="string_45" HPOS="1660" VPOS="419" WIDTH="113" HEIGHT="33" WC="0.95" CONTENT="avser,"/><SP WIDTH="33" VPOS="419" HPOS="1773"/>
							<String ID="string_46" HPOS="1806" VPOS="412" WIDTH="53" HEIGHT="33" WC="0.96" CONTENT="att"/>
						</TextLine>
						<TextLine ID="line_5" HPOS="251" VPOS="447" WIDTH="1607" HEIGHT="61">
							<String ID="string_47" HPOS="251" VPOS="447" WIDTH="70" HEIGHT="34" WC="0.95" CONTENT="den"/><SP WIDTH="42" VPOS="447" HPOS="321"/>
							<String ID="string_48" HPOS="363" VPOS="447" WIDTH="175" HEIGHT="35" WC="0.95" CONTENT="kontanta"/><SP WIDTH="44" VPOS="447" HPOS="538"/>
							<String ID="string_49" HPOS="582" VPOS="448" WIDTH="252" HEIGHT="47" WC="0.94" CONTENT="ersättningen"/><SP WIDTH="43" VPOS="448" HPOS="834"/>
							<String ID="string_50" HPOS="877" VPOS="450" WIDTH="94" HEIGHT="36" WC="0.96" CONTENT="skall"/><SP WIDTH="35" VPOS="450" HPOS="971"/>
							<String ID="string_51" HPOS="1006" VPOS="452" WIDTH="86" HEIGHT="35" WC="0.96" CONTENT="ökas"/><SP WIDTH="30" VPOS="452" HPOS="1092"/>
							<String ID="string_52" HPOS="1122" VPOS="454" WIDTH="81" HEIGHT="34" WC="0.96" CONTENT="med"/><SP WIDTH="33" VPOS="454" HPOS="1203"/>
							<String ID="string_53" HPOS="1236" VPOS="456" WIDTH="16" HEIGHT="33" WC="0.96" CONTENT="1"/><SP WIDTH="34" VPOS="456" HPOS="1252"/>
							<String ID="string_54" HPOS="1286" VPOS="455" WIDTH="115" HEIGHT="37" WC="0.96" CONTENT="krona"/><SP WIDTH="29" VPOS="455" HPOS="1401"/>
							<String ID="string_55" HPOS="1430" VPOS="469" WIDTH="64" HEIGHT="34" WC="0.96" CONTENT="per"/><SP WIDTH="29" VPOS="469" HPOS="1494"/>
							<String ID="string_56" HPOS="1523" VPOS="459" WIDTH="80" HEIGHT="46" WC="0.96" CONTENT="dag,"/><SP WIDTH="32" VPOS="459" HPOS="1603"/>
							<String ID="string_57" HPOS="1635" VPOS="462" WIDTH="223" HEIGHT="46" WC="0.95" CONTENT="exempelvis"/>
						</TextLine>
						<TextLine ID="line_6" HPOS="249" VPOS="499" WIDTH="1060" HEIGHT="55">
							<String ID="string_58" HPOS="249" VPOS="499" WIDTH="14" HEIGHT="35" WC="0.88" CONTENT="1"/><SP WIDTH="29" VPOS="499" HPOS="263"/>
							<String ID="string_59" HPOS="292" VPOS="499" WIDTH="238" HEIGHT="36" WC="0.96" CONTENT="förevarande"/><SP WIDTH="29" VPOS="499" HPOS="530"/>
							<String ID="string_60" HPOS="559" VPOS="500" WIDTH="75" HEIGHT="45" WC="0.96" CONTENT="fall,"/><SP WIDTH="31" VPOS="500" HPOS="634"/>
							<String ID="string_61" HPOS="665" VPOS="501" WIDTH="57" HEIGHT="35" WC="0.96" CONTENT="till"/><SP WIDTH="31" VPOS="501" HPOS="722"/>
							<String ID="string_62" HPOS="753" VPOS="505" WIDTH="20" HEIGHT="31" WC="0.96" CONTENT="2"/><SP WIDTH="31" VPOS="505" HPOS="773"/>
							<String ID="string_63" HPOS="804" VPOS="503" WIDTH="134" HEIGHT="35" WC="0.96" CONTENT="kronor"/><SP WIDTH="31" VPOS="503" HPOS="938"/>
							<String ID="string_64" HPOS="969" VPOS="507" WIDTH="44" HEIGHT="32" WC="0.96" CONTENT="81"/><SP WIDTH="34" VPOS="507" HPOS="1013"/>
							<String ID="string_65" HPOS="1047" VPOS="511" WIDTH="60" HEIGHT="30" WC="0.96" CONTENT="öre"/><SP WIDTH="29" VPOS="511" HPOS="1107"/>
							<String ID="string_66" HPOS="1136" VPOS="518" WIDTH="64" HEIGHT="34" WC="0.96" CONTENT="per"/><SP WIDTH="29" VPOS="518" HPOS="1200"/>
							<String ID="string_67" HPOS="1229" VPOS="508" WIDTH="80" HEIGHT="46" WC="0.96" CONTENT="dag."/>
						</TextLine>
					</TextBlock>
					<TextBlock ID="block_2" HPOS="249" VPOS="552" WIDTH="1609" HEIGHT="268">
						<TextLine ID="line_7" HPOS="358" VPOS="552" WIDTH="1499" HEIGHT="61">
							<String ID="string_68" HPOS="358" VPOS="552" WIDTH="187" HEIGHT="36" WC="0.96" CONTENT="Utskottet"/><SP WIDTH="41" VPOS="552" HPOS="545"/>
							<String ID="string_69" HPOS="586" VPOS="553" WIDTH="73" HEIGHT="35" WC="0.96" CONTENT="kan"/><SP WIDTH="43" VPOS="553" HPOS="659"/>
							<String ID="string_70" HPOS="702" VPOS="554" WIDTH="81" HEIGHT="36" WC="0.96" CONTENT="icke"/><SP WIDTH="42" VPOS="554" HPOS="783"/>
							<String ID="string_71" HPOS="825" VPOS="556" WIDTH="100" HEIGHT="35" WC="0.96" CONTENT="finna"/><SP WIDTH="38" VPOS="556" HPOS="925"/>
							<String ID="string_72" HPOS="963" VPOS="558" WIDTH="209" HEIGHT="46" WC="0.96" CONTENT="anspråken"/><SP WIDTH="30" VPOS="558" HPOS="1172"/>
							<String ID="string_73" HPOS="1202" VPOS="562" WIDTH="46" HEIGHT="43" WC="0.96" CONTENT="på"/><SP WIDTH="29" VPOS="562" HPOS="1248"/>
							<String ID="string_74" HPOS="1277" VPOS="561" WIDTH="69" HEIGHT="35" WC="0.96" CONTENT="den"/><SP WIDTH="30" VPOS="561" HPOS="1346"/>
							<String ID="string_75" HPOS="1376" VPOS="562" WIDTH="116" HEIGHT="36" WC="0.96" CONTENT="ökade"/><SP WIDTH="29" VPOS="562" HPOS="1492"/>
							<String ID="string_76" HPOS="1521" VPOS="566" WIDTH="250" HEIGHT="47" WC="0.93" CONTENT="ersättningen"/><SP WIDTH="29" VPOS="566" HPOS="1771"/>
							<String ID="string_77" HPOS="1800" VPOS="568" WIDTH="57" HEIGHT="36" WC="0.83" CONTENT="be-"/>
						</TextLine>
						<TextLine ID="line_8" HPOS="250" VPOS="605" WIDTH="1608" HEIGHT="68">
							<String ID="string_78" HPOS="250" VPOS="605" WIDTH="192" HEIGHT="47" WC="0.92" CONTENT="rättigade,"/><SP WIDTH="45" VPOS="605" HPOS="442"/>
							<String ID="string_79" HPOS="487" VPOS="609" WIDTH="38" HEIGHT="32" WC="0.96" CONTENT="så"/><SP WIDTH="36" VPOS="609" HPOS="525"/>
							<String ID="string_80" HPOS="561" VPOS="607" WIDTH="145" HEIGHT="46" WC="0.96" CONTENT="mycket"/><SP WIDTH="29" VPOS="607" HPOS="706"/>
							<String ID="string_81" HPOS="735" VPOS="608" WIDTH="140" HEIGHT="36" WC="0.96" CONTENT="mindre"/><SP WIDTH="29" VPOS="608" HPOS="875"/>
							<String ID="string_82" HPOS="904" VPOS="622" WIDTH="73" HEIGHT="23" WC="0.96" CONTENT="som"/><SP WIDTH="32" VPOS="622" HPOS="977"/>
							<String ID="string_83" HPOS="1009" VPOS="611" WIDTH="69" HEIGHT="35" WC="0.93" CONTENT="den"/><SP WIDTH="30" VPOS="611" HPOS="1078"/>
							<String ID="string_84" HPOS="1108" VPOS="612" WIDTH="247" HEIGHT="49" WC="0.90" CONTENT="värnpliktige"/><SP WIDTH="29" VPOS="612" HPOS="1355"/>
							<String ID="string_85" HPOS="1384" VPOS="616" WIDTH="118" HEIGHT="35" WC="0.96" CONTENT="under"/><SP WIDTH="28" VPOS="616" HPOS="1502"/>
							<String ID="string_86" HPOS="1530" VPOS="616" WIDTH="55" HEIGHT="36" WC="0.93" CONTENT="sin"/><SP WIDTH="30" VPOS="616" HPOS="1585"/>
							<String ID="string_87" HPOS="1615" VPOS="614" WIDTH="243" HEIGHT="59" WC="0.96" CONTENT="tjänstgöring"/>
						</TextLine>
						<TextLine ID="line_9" HPOS="250" VPOS="658" WIDTH="1606" HEIGHT="53">
							<String ID="string_88" HPOS="250" VPOS="659" WIDTH="150" HEIGHT="48" WC="0.91" CONTENT="åtnjutit"/><SP WIDTH="44" VPOS="659" HPOS="400"/>
							<String ID="string_89" HPOS="444" VPOS="658" WIDTH="188" HEIGHT="37" WC="0.96" CONTENT="förmånen"/><SP WIDTH="44" VPOS="658" HPOS="632"/>
							<String ID="string_90" HPOS="676" VPOS="673" WIDTH="44" HEIGHT="23" WC="0.96" CONTENT="av"/><SP WIDTH="37" VPOS="673" HPOS="720"/>
							<String ID="string_91" HPOS="757" VPOS="661" WIDTH="80" HEIGHT="36" WC="0.93" CONTENT="fritt"/><SP WIDTH="33" VPOS="661" HPOS="837"/>
							<String ID="string_92" HPOS="870" VPOS="663" WIDTH="100" HEIGHT="35" WC="0.91" CONTENT="vivre"/><SP WIDTH="30" VPOS="663" HPOS="970"/>
							<String ID="string_93" HPOS="1000" VPOS="677" WIDTH="45" HEIGHT="22" WC="0.84" CONTENT="m."/><SP WIDTH="32" VPOS="677" HPOS="1045"/>
							<String ID="string_94" HPOS="1077" VPOS="678" WIDTH="45" HEIGHT="22" WC="0.87" CONTENT="m."/><SP WIDTH="60" VPOS="678" HPOS="1122"/>
							<String ID="string_95" HPOS="1182" VPOS="665" WIDTH="75" HEIGHT="36" WC="0.93" CONTENT="Vid"/><SP WIDTH="29" VPOS="665" HPOS="1257"/>
							<String ID="string_96" HPOS="1286" VPOS="667" WIDTH="101" HEIGHT="36" WC="0.96" CONTENT="bifall"/><SP WIDTH="28" VPOS="667" HPOS="1387"/>
							<String ID="string_97" HPOS="1415" VPOS="668" WIDTH="56" HEIGHT="36" WC="0.96" CONTENT="till"/><SP WIDTH="29" VPOS="668" HPOS="1471"/>
							<String ID="string_98" HPOS="1500" VPOS="670" WIDTH="184" HEIGHT="37" WC="0.96" CONTENT="motionen"/><SP WIDTH="30" VPOS="670" HPOS="1684"/>
							<String ID="string_99" HPOS="1714" VPOS="673" WIDTH="142" HEIGHT="38" WC="0.96" CONTENT="komme"/>
						</TextLine>
						<TextLine ID="line_10" HPOS="249" VPOS="712" WIDTH="1606" HEIGHT="62">
							<String ID="string_100" HPOS="249" VPOS="712" WIDTH="157" HEIGHT="47" WC="0.94" CONTENT="givetvis"/><SP WIDTH="37" VPOS="712" HPOS="406"/>
							<String ID="string_101" HPOS="443" VPOS="712" WIDTH="90" HEIGHT="36" WC="0.96" CONTENT="krav"/><SP WIDTH="37" VPOS="712" HPOS="533"/>
							<String ID="string_102" HPOS="570" VPOS="715" WIDTH="45" HEIGHT="44" WC="0.96" CONTENT="på"/><SP WIDTH="29" VPOS="715" HPOS="615"/>
							<String ID="string_103" HPOS="644" VPOS="714" WIDTH="94" HEIGHT="35" WC="0.96" CONTENT="ökad"/><SP WIDTH="31" VPOS="714" HPOS="738"/>
							<String ID="string_104" HPOS="769" VPOS="715" WIDTH="202" HEIGHT="48" WC="0.96" CONTENT="ersättning"/><SP WIDTH="29" VPOS="715" HPOS="971"/>
							<String ID="string_105" HPOS="1000" VPOS="720" WIDTH="52" HEIGHT="33" WC="0.96" CONTENT="att"/><SP WIDTH="29" VPOS="720" HPOS="1052"/>
							<String ID="string_106" HPOS="1081" VPOS="718" WIDTH="217" HEIGHT="38" WC="0.96" CONTENT="framställas"/><SP WIDTH="30" VPOS="718" HPOS="1298"/>
							<String ID="string_107" HPOS="1328" VPOS="727" WIDTH="91" HEIGHT="31" WC="0.96" CONTENT="även"/><SP WIDTH="29" VPOS="727" HPOS="1419"/>
							<String ID="string_108" HPOS="1448" VPOS="722" WIDTH="56" HEIGHT="37" WC="0.96" CONTENT="för"/><SP WIDTH="28" VPOS="722" HPOS="1504"/>
							<String ID="string_109" HPOS="1532" VPOS="725" WIDTH="112" HEIGHT="35" WC="0.96" CONTENT="andra"/><SP WIDTH="29" VPOS="725" HPOS="1644"/>
							<String ID="string_110" HPOS="1673" VPOS="728" WIDTH="182" HEIGHT="46" WC="0.92" CONTENT="värnplik-"/>
						</TextLine>
						<TextLine ID="line_11" HPOS="249" VPOS="765" WIDTH="1021" HEIGHT="55">
							<String ID="string_111" HPOS="249" VPOS="766" WIDTH="87" HEIGHT="46" WC="0.95" CONTENT="tiga,"/><SP WIDTH="31" VPOS="766" HPOS="336"/>
							<String ID="string_112" HPOS="367" VPOS="778" WIDTH="73" HEIGHT="24" WC="0.96" CONTENT="som"/><SP WIDTH="31" VPOS="778" HPOS="440"/>
							<String ID="string_113" HPOS="471" VPOS="765" WIDTH="172" HEIGHT="38" WC="0.96" CONTENT="inkallats"/><SP WIDTH="29" VPOS="765" HPOS="643"/>
							<String ID="string_114" HPOS="672" VPOS="768" WIDTH="114" HEIGHT="47" WC="0.95" CONTENT="enligt"/><SP WIDTH="28" VPOS="768" HPOS="786"/>
							<String ID="string_115" HPOS="814" VPOS="770" WIDTH="22" HEIGHT="46" WC="0.78" CONTENT="8"/><SP WIDTH="31" VPOS="770" HPOS="836"/>
							<String ID="string_116" HPOS="867" VPOS="772" WIDTH="48" HEIGHT="33" WC="0.91" CONTENT="28"/><SP WIDTH="32" VPOS="772" HPOS="915"/>
							<String ID="string_117" HPOS="947" VPOS="771" WIDTH="323" HEIGHT="49" WC="0.91" CONTENT="värnpliktslagen."/>
						</TextLine>
					</TextBlock>
					<TextBlock ID="block_3" HPOS="246" VPOS="820" WIDTH="1609" HEIGHT="262">
						<TextLine ID="line_12" HPOS="357" VPOS="820" WIDTH="1498" HEIGHT="56">
							<String ID="string_118" HPOS="357" VPOS="820" WIDTH="45" HEIGHT="35" WC="0.96" CONTENT="Så"/><SP WIDTH="43" VPOS="820" HPOS="402"/>
							<String ID="string_119" HPOS="445" VPOS="822" WIDTH="87" HEIGHT="44" WC="0.96" CONTENT="utgå"/><SP WIDTH="42" VPOS="822" HPOS="532"/>
							<String ID="string_120" HPOS="574" VPOS="821" WIDTH="44" HEIGHT="34" WC="0.96" CONTENT="de"/><SP WIDTH="42" VPOS="821" HPOS="618"/>
							<String ID="string_121" HPOS="660" VPOS="821" WIDTH="179" HEIGHT="36" WC="0.95" CONTENT="kontanta"/><SP WIDTH="42" VPOS="821" HPOS="839"/>
							<String ID="string_122" HPOS="881" VPOS="823" WIDTH="240" HEIGHT="46" WC="0.95" CONTENT="förmånerna,"/><SP WIDTH="45" VPOS="823" HPOS="1121"/>
							<String ID="string_123" HPOS="1166" VPOS="828" WIDTH="222" HEIGHT="46" WC="0.96" CONTENT="exempelvis"/><SP WIDTH="39" VPOS="828" HPOS="1388"/>
							<String ID="string_124" HPOS="1427" VPOS="830" WIDTH="55" HEIGHT="35" WC="0.96" CONTENT="för"/><SP WIDTH="29" VPOS="830" HPOS="1482"/>
							<String ID="string_125" HPOS="1511" VPOS="831" WIDTH="92" HEIGHT="45" WC="0.96" CONTENT="dem,"/><SP WIDTH="32" VPOS="831" HPOS="1603"/>
							<String ID="string_126" HPOS="1635" VPOS="844" WIDTH="75" HEIGHT="24" WC="0.96" CONTENT="som"/><SP WIDTH="30" VPOS="844" HPOS="1710"/>
							<String ID="string_127" HPOS="1740" VPOS="836" WIDTH="115" HEIGHT="35" WC="0.96" CONTENT="under"/>
						</TextLine>
						<TextLine ID="line_13" HPOS="249" VPOS="873" WIDTH="1606" HEIGHT="60">
							<String ID="string_128" HPOS="249" VPOS="873" WIDTH="96" HEIGHT="35" WC="0.96" CONTENT="förra"/><SP WIDTH="28" VPOS="873" HPOS="345"/>
							<String ID="string_129" HPOS="373" VPOS="876" WIDTH="77" HEIGHT="32" WC="0.96" CONTENT="året"/><SP WIDTH="29" VPOS="876" HPOS="450"/>
							<String ID="string_130" HPOS="479" VPOS="873" WIDTH="193" HEIGHT="48" WC="0.96" CONTENT="fullgjorde"/><SP WIDTH="29" VPOS="873" HPOS="672"/>
							<String ID="string_131" HPOS="701" VPOS="877" WIDTH="50" HEIGHT="32" WC="0.96" CONTENT="45"/><SP WIDTH="30" VPOS="877" HPOS="751"/>
							<String ID="string_132" HPOS="781" VPOS="876" WIDTH="129" HEIGHT="46" WC="0.93" CONTENT="dagars"/><SP WIDTH="29" VPOS="876" HPOS="910"/>
							<String ID="string_133" HPOS="939" VPOS="877" WIDTH="349" HEIGHT="51" WC="0.90" CONTENT="krigstjänstgöring"/><SP WIDTH="29" VPOS="877" HPOS="1288"/>
							<String ID="string_134" HPOS="1317" VPOS="883" WIDTH="67" HEIGHT="35" WC="0.96" CONTENT="och"/><SP WIDTH="29" VPOS="883" HPOS="1384"/>
							<String ID="string_135" HPOS="1413" VPOS="895" WIDTH="74" HEIGHT="23" WC="0.96" CONTENT="som"/><SP WIDTH="21" VPOS="895" HPOS="1487"/>
							<String ID="string_136" HPOS="1508" VPOS="896" WIDTH="50" HEIGHT="23" WC="0.93" CONTENT="nu"/><SP WIDTH="34" VPOS="896" HPOS="1558"/>
							<String ID="string_137" HPOS="1592" VPOS="888" WIDTH="20" HEIGHT="32" WC="0.91" CONTENT="å"/><SP WIDTH="19" VPOS="888" HPOS="1612"/>
							<String ID="string_138" HPOS="1631" VPOS="898" WIDTH="72" HEIGHT="35" WC="0.91" CONTENT="nyo"/><SP WIDTH="20" VPOS="898" HPOS="1703"/>
							<String ID="string_139" HPOS="1723" VPOS="892" WIDTH="61" HEIGHT="31" WC="0.93" CONTENT="äro"/><SP WIDTH="19" VPOS="892" HPOS="1784"/>
							<String ID="string_140" HPOS="1803" VPOS="888" WIDTH="52" HEIGHT="36" WC="0.90" CONTENT="in-"/>
						</TextLine>
						<TextLine ID="line_14" HPOS="248" VPOS="926" WIDTH="1606" HEIGHT="63">
							<String ID="string_141" HPOS="248" VPOS="926" WIDTH="143" HEIGHT="35" WC="0.96" CONTENT="kallade"/><SP WIDTH="28" VPOS="926" HPOS="391"/>
							<String ID="string_142" HPOS="419" VPOS="926" WIDTH="57" HEIGHT="35" WC="0.95" CONTENT="till"/><SP WIDTH="30" VPOS="926" HPOS="476"/>
							<String ID="string_143" HPOS="506" VPOS="928" WIDTH="48" HEIGHT="33" WC="0.82" CONTENT="45"/><SP WIDTH="31" VPOS="928" HPOS="554"/>
							<String ID="string_144" HPOS="585" VPOS="927" WIDTH="131" HEIGHT="47" WC="0.96" CONTENT="dagars"/><SP WIDTH="30" VPOS="927" HPOS="716"/>
							<String ID="string_145" HPOS="746" VPOS="928" WIDTH="102" HEIGHT="47" WC="0.96" CONTENT="dylik"/><SP WIDTH="22" VPOS="928" HPOS="848"/>
							<String ID="string_146" HPOS="870" VPOS="928" WIDTH="254" HEIGHT="51" WC="0.96" CONTENT="tjänstgöring,"/><SP WIDTH="23" VPOS="928" HPOS="1124"/>
							<String ID="string_147" HPOS="1147" VPOS="935" WIDTH="83" HEIGHT="34" WC="0.86" CONTENT="med"/><SP WIDTH="23" VPOS="935" HPOS="1230"/>
							<String ID="string_148" HPOS="1253" VPOS="937" WIDTH="45" HEIGHT="32" WC="0.96" CONTENT="81"/><SP WIDTH="24" VPOS="937" HPOS="1298"/>
							<String ID="string_149" HPOS="1322" VPOS="940" WIDTH="59" HEIGHT="31" WC="0.96" CONTENT="öre"/><SP WIDTH="20" VPOS="940" HPOS="1381"/>
							<String ID="string_150" HPOS="1401" VPOS="948" WIDTH="67" HEIGHT="34" WC="0.96" CONTENT="per"/><SP WIDTH="18" VPOS="948" HPOS="1468"/>
							<String ID="string_151" HPOS="1486" VPOS="938" WIDTH="71" HEIGHT="46" WC="0.96" CONTENT="dag"/><SP WIDTH="14" VPOS="938" HPOS="1557"/>
							<String ID="string_152" HPOS="1571" VPOS="938" WIDTH="113" HEIGHT="48" WC="0.93" CONTENT="Jämte"/><SP WIDTH="20" VPOS="938" HPOS="1684"/>
							<String ID="string_153" HPOS="1704" VPOS="940" WIDTH="150" HEIGHT="49" WC="0.92" CONTENT="familje-"/>
						</TextLine>
						<TextLine ID="line_15" HPOS="247" VPOS="978" WIDTH="1606" HEIGHT="62">
							<String ID="string_154" HPOS="247" VPOS="980" WIDTH="198" HEIGHT="35" WC="0.96" CONTENT="understöd"/><SP WIDTH="42" VPOS="980" HPOS="445"/>
							<String ID="string_155" HPOS="487" VPOS="979" WIDTH="115" HEIGHT="48" WC="0.95" CONTENT="enligt"/><SP WIDTH="28" VPOS="979" HPOS="602"/>
							<String ID="string_156" HPOS="630" VPOS="978" WIDTH="136" HEIGHT="38" WC="0.93" CONTENT="samma"/><SP WIDTH="27" VPOS="978" HPOS="766"/>
							<String ID="string_157" HPOS="793" VPOS="986" WIDTH="170" HEIGHT="43" WC="0.95" CONTENT="grunder,"/><SP WIDTH="32" VPOS="986" HPOS="963"/>
							<String ID="string_158" HPOS="995" VPOS="996" WIDTH="74" HEIGHT="24" WC="0.96" CONTENT="som"/><SP WIDTH="30" VPOS="996" HPOS="1069"/>
							<String ID="string_159" HPOS="1099" VPOS="986" WIDTH="95" HEIGHT="46" WC="0.96" CONTENT="gälla"/><SP WIDTH="29" VPOS="986" HPOS="1194"/>
							<String ID="string_160" HPOS="1223" VPOS="987" WIDTH="55" HEIGHT="36" WC="0.96" CONTENT="för"/><SP WIDTH="28" VPOS="987" HPOS="1278"/>
							<String ID="string_161" HPOS="1306" VPOS="989" WIDTH="92" HEIGHT="44" WC="0.96" CONTENT="dem,"/><SP WIDTH="31" VPOS="989" HPOS="1398"/>
							<String ID="string_162" HPOS="1429" VPOS="989" WIDTH="101" HEIGHT="37" WC="0.96" CONTENT="vilka"/><SP WIDTH="27" VPOS="989" HPOS="1530"/>
							<String ID="string_163" HPOS="1557" VPOS="993" WIDTH="197" HEIGHT="47" WC="0.92" CONTENT="undergått"/><SP WIDTH="28" VPOS="993" HPOS="1754"/>
							<String ID="string_164" HPOS="1782" VPOS="1000" WIDTH="71" HEIGHT="30" WC="0.91" CONTENT="sär-"/>
						</TextLine>
						<TextLine ID="line_16" HPOS="246" VPOS="1033" WIDTH="588" HEIGHT="49">
							<String ID="string_165" HPOS="246" VPOS="1033" WIDTH="97" HEIGHT="35" WC="0.93" CONTENT="skild"/><SP WIDTH="29" VPOS="1033" HPOS="343"/>
							<String ID="string_166" HPOS="372" VPOS="1033" WIDTH="462" HEIGHT="49" WC="0.91" CONTENT="reservbefälsutbildning."/>
						</TextLine>
					</TextBlock>
					<TextBlock ID="block_4" HPOS="243" VPOS="1086" WIDTH="1609" HEIGHT="367">
						<TextLine ID="line_17" HPOS="353" VPOS="1086" WIDTH="1499" HEIGHT="54">
							<String ID="string_167" HPOS="353" VPOS="1086" WIDTH="75" HEIGHT="36" WC="0.96" CONTENT="Vid"/><SP WIDTH="29" VPOS="1086" HPOS="428"/>
							<String ID="string_168" HPOS="457" VPOS="1087" WIDTH="127" HEIGHT="36" WC="0.96" CONTENT="flottan"/><SP WIDTH="29" VPOS="1087" HPOS="584"/>
							<String ID="string_169" HPOS="613" VPOS="1088" WIDTH="93" HEIGHT="36" WC="0.96" CONTENT="hava"/><SP WIDTH="29" VPOS="1088" HPOS="706"/>
							<String ID="string_170" HPOS="735" VPOS="1089" WIDTH="247" HEIGHT="49" WC="0.96" CONTENT="värnpliktiga"/><SP WIDTH="27" VPOS="1089" HPOS="982"/>
							<String ID="string_171" HPOS="1009" VPOS="1091" WIDTH="57" HEIGHT="36" WC="0.96" CONTENT="till"/><SP WIDTH="29" VPOS="1091" HPOS="1066"/>
							<String ID="string_172" HPOS="1095" VPOS="1096" WIDTH="92" HEIGHT="33" WC="0.96" CONTENT="stort"/><SP WIDTH="28" VPOS="1096" HPOS="1187"/>
							<String ID="string_173" HPOS="1215" VPOS="1095" WIDTH="109" HEIGHT="45" WC="0.96" CONTENT="antal,"/><SP WIDTH="31" VPOS="1095" HPOS="1324"/>
							<String ID="string_174" HPOS="1355" VPOS="1096" WIDTH="150" HEIGHT="37" WC="0.96" CONTENT="särskilt"/><SP WIDTH="29" VPOS="1096" HPOS="1505"/>
							<String ID="string_175" HPOS="1534" VPOS="1110" WIDTH="43" HEIGHT="25" WC="0.96" CONTENT="av"/><SP WIDTH="29" VPOS="1110" HPOS="1577"/>
							<String ID="string_176" HPOS="1606" VPOS="1099" WIDTH="97" HEIGHT="37" WC="0.92" CONTENT="klass"/><SP WIDTH="20" VPOS="1099" HPOS="1703"/>
							<String ID="string_177" HPOS="1723" VPOS="1101" WIDTH="35" HEIGHT="35" WC="0.92" CONTENT="A"/><SP WIDTH="26" VPOS="1101" HPOS="1758"/>
							<String ID="string_178" HPOS="1784" VPOS="1104" WIDTH="68" HEIGHT="34" WC="0.96" CONTENT="och"/>
						</TextLine>
						<TextLine ID="line_18" HPOS="246" VPOS="1140" WIDTH="1605" HEIGHT="60">
							<String ID="string_179" HPOS="246" VPOS="1140" WIDTH="43" HEIGHT="46" WC="0.89" CONTENT="B,"/><SP WIDTH="31" VPOS="1140" HPOS="289"/>
							<String ID="string_180" HPOS="320" VPOS="1140" WIDTH="96" HEIGHT="37" WC="0.96" CONTENT="varit"/><SP WIDTH="27" VPOS="1140" HPOS="416"/>
							<String ID="string_181" HPOS="443" VPOS="1140" WIDTH="184" HEIGHT="36" WC="0.96" CONTENT="inkallade"/><SP WIDTH="28" VPOS="1140" HPOS="627"/>
							<String ID="string_182" HPOS="655" VPOS="1141" WIDTH="59" HEIGHT="36" WC="0.92" CONTENT="till"/><SP WIDTH="28" VPOS="1141" HPOS="714"/>
							<String ID="string_183" HPOS="742" VPOS="1142" WIDTH="348" HEIGHT="51" WC="0.92" CONTENT="krigstjänstgöring"/><SP WIDTH="28" VPOS="1142" HPOS="1090"/>
							<String ID="string_184" HPOS="1118" VPOS="1147" WIDTH="83" HEIGHT="36" WC="0.96" CONTENT="vida"/><SP WIDTH="28" VPOS="1147" HPOS="1201"/>
							<String ID="string_185" HPOS="1229" VPOS="1149" WIDTH="125" HEIGHT="47" WC="0.96" CONTENT="längre"/><SP WIDTH="29" VPOS="1149" HPOS="1354"/>
							<String ID="string_186" HPOS="1383" VPOS="1150" WIDTH="54" HEIGHT="36" WC="0.96" CONTENT="tid"/><SP WIDTH="29" VPOS="1150" HPOS="1437"/>
							<String ID="string_187" HPOS="1466" VPOS="1156" WIDTH="46" HEIGHT="31" WC="0.96" CONTENT="än"/><SP WIDTH="28" VPOS="1156" HPOS="1512"/>
							<String ID="string_188" HPOS="1540" VPOS="1155" WIDTH="122" HEIGHT="45" WC="0.96" CONTENT="någon"/><SP WIDTH="29" VPOS="1155" HPOS="1662"/>
							<String ID="string_189" HPOS="1691" VPOS="1167" WIDTH="44" HEIGHT="24" WC="0.88" CONTENT="av"/><SP WIDTH="26" VPOS="1167" HPOS="1735"/>
							<String ID="string_190" HPOS="1761" VPOS="1155" WIDTH="90" HEIGHT="37" WC="0.88" CONTENT="före-"/>
						</TextLine>
						<TextLine ID="line_19" HPOS="246" VPOS="1194" WIDTH="1603" HEIGHT="63">
							<String ID="string_191" HPOS="246" VPOS="1195" WIDTH="148" HEIGHT="35" WC="0.96" CONTENT="stående"/><SP WIDTH="29" VPOS="1195" HPOS="394"/>
							<String ID="string_192" HPOS="423" VPOS="1194" WIDTH="216" HEIGHT="47" WC="0.96" CONTENT="kategorier."/><SP WIDTH="59" VPOS="1194" HPOS="639"/>
							<String ID="string_193" HPOS="698" VPOS="1195" WIDTH="71" HEIGHT="36" WC="0.96" CONTENT="För"/><SP WIDTH="28" VPOS="1195" HPOS="769"/>
							<String ID="string_194" HPOS="797" VPOS="1197" WIDTH="79" HEIGHT="35" WC="0.96" CONTENT="dem"/><SP WIDTH="30" VPOS="1197" HPOS="876"/>
							<String ID="string_195" HPOS="906" VPOS="1198" WIDTH="66" HEIGHT="35" WC="0.96" CONTENT="har"/><SP WIDTH="27" VPOS="1198" HPOS="972"/>
							<String ID="string_196" HPOS="999" VPOS="1198" WIDTH="83" HEIGHT="37" WC="0.96" CONTENT="icke"/><SP WIDTH="29" VPOS="1198" HPOS="1082"/>
							<String ID="string_197" HPOS="1111" VPOS="1200" WIDTH="210" HEIGHT="48" WC="0.96" CONTENT="ifrågasatts"/><SP WIDTH="29" VPOS="1200" HPOS="1321"/>
							<String ID="string_198" HPOS="1350" VPOS="1206" WIDTH="121" HEIGHT="45" WC="0.96" CONTENT="någon"/><SP WIDTH="29" VPOS="1206" HPOS="1471"/>
							<String ID="string_199" HPOS="1500" VPOS="1209" WIDTH="104" HEIGHT="33" WC="0.96" CONTENT="extra"/><SP WIDTH="29" VPOS="1209" HPOS="1604"/>
							<String ID="string_200" HPOS="1633" VPOS="1209" WIDTH="216" HEIGHT="48" WC="0.96" CONTENT="ersättning,"/>
						</TextLine>
						<TextLine ID="line_20" HPOS="245" VPOS="1248" WIDTH="1604" HEIGHT="60">
							<String ID="string_201" HPOS="245" VPOS="1248" WIDTH="83" HEIGHT="35" WC="0.96" CONTENT="med"/><SP WIDTH="36" VPOS="1248" HPOS="328"/>
							<String ID="string_202" HPOS="364" VPOS="1248" WIDTH="142" HEIGHT="35" WC="0.93" CONTENT="mindre"/><SP WIDTH="29" VPOS="1248" HPOS="506"/>
							<String ID="string_203" HPOS="535" VPOS="1248" WIDTH="394" HEIGHT="49" WC="0.91" CONTENT="krigstjänstgöringen"/><SP WIDTH="29" VPOS="1248" HPOS="929"/>
							<String ID="string_204" HPOS="958" VPOS="1253" WIDTH="169" HEIGHT="36" WC="0.96" CONTENT="omfattat"/><SP WIDTH="29" VPOS="1253" HPOS="1127"/>
							<String ID="string_205" HPOS="1156" VPOS="1255" WIDTH="111" HEIGHT="36" WC="0.96" CONTENT="minst"/><SP WIDTH="31" VPOS="1255" HPOS="1267"/>
							<String ID="string_206" HPOS="1298" VPOS="1259" WIDTH="20" HEIGHT="32" WC="0.96" CONTENT="6"/><SP WIDTH="31" VPOS="1259" HPOS="1318"/>
							<String ID="string_207" HPOS="1349" VPOS="1259" WIDTH="185" HEIGHT="45" WC="0.96" CONTENT="månader;"/><SP WIDTH="31" VPOS="1259" HPOS="1534"/>
							<String ID="string_208" HPOS="1565" VPOS="1260" WIDTH="66" HEIGHT="36" WC="0.96" CONTENT="och"/><SP WIDTH="29" VPOS="1260" HPOS="1631"/>
							<String ID="string_209" HPOS="1660" VPOS="1261" WIDTH="13" HEIGHT="35" WC="0.95" CONTENT="i"/><SP WIDTH="29" VPOS="1261" HPOS="1673"/>
							<String ID="string_210" HPOS="1702" VPOS="1263" WIDTH="44" HEIGHT="35" WC="0.95" CONTENT="de"/><SP WIDTH="29" VPOS="1263" HPOS="1746"/>
							<String ID="string_211" HPOS="1775" VPOS="1263" WIDTH="74" HEIGHT="45" WC="0.95" CONTENT="fall,"/>
						</TextLine>
						<TextLine ID="line_21" HPOS="245" VPOS="1301" WIDTH="1607" HEIGHT="58">
							<String ID="string_212" HPOS="245" VPOS="1302" WIDTH="47" HEIGHT="34" WC="0.96" CONTENT="då"/><SP WIDTH="27" VPOS="1302" HPOS="292"/>
							<String ID="string_213" HPOS="319" VPOS="1301" WIDTH="105" HEIGHT="48" WC="0.96" CONTENT="dylik"/><SP WIDTH="29" VPOS="1301" HPOS="424"/>
							<String ID="string_214" HPOS="453" VPOS="1304" WIDTH="103" HEIGHT="33" WC="0.96" CONTENT="extra"/><SP WIDTH="29" VPOS="1304" HPOS="556"/>
							<String ID="string_215" HPOS="585" VPOS="1302" WIDTH="204" HEIGHT="48" WC="0.93" CONTENT="ersättning"/><SP WIDTH="28" VPOS="1302" HPOS="789"/>
							<String ID="string_216" HPOS="817" VPOS="1306" WIDTH="20" HEIGHT="33" WC="0.92" CONTENT="å"/><SP WIDTH="30" VPOS="1306" HPOS="837"/>
							<String ID="string_217" HPOS="867" VPOS="1306" WIDTH="48" HEIGHT="33" WC="0.96" CONTENT="20"/><SP WIDTH="31" VPOS="1306" HPOS="915"/>
							<String ID="string_218" HPOS="946" VPOS="1305" WIDTH="135" HEIGHT="37" WC="0.96" CONTENT="kronor"/><SP WIDTH="27" VPOS="1305" HPOS="1081"/>
							<String ID="string_219" HPOS="1108" VPOS="1307" WIDTH="13" HEIGHT="35" WC="0.96" CONTENT="i"/><SP WIDTH="30" VPOS="1307" HPOS="1121"/>
							<String ID="string_220" HPOS="1151" VPOS="1310" WIDTH="177" HEIGHT="35" WC="0.96" CONTENT="månaden"/><SP WIDTH="30" VPOS="1310" HPOS="1328"/>
							<String ID="string_221" HPOS="1358" VPOS="1311" WIDTH="118" HEIGHT="36" WC="0.96" CONTENT="skulle"/><SP WIDTH="28" VPOS="1311" HPOS="1476"/>
							<String ID="string_222" HPOS="1504" VPOS="1314" WIDTH="191" HEIGHT="45" WC="0.96" CONTENT="utbetalas,"/><SP WIDTH="26" VPOS="1314" HPOS="1695"/>
							<String ID="string_223" HPOS="1721" VPOS="1321" WIDTH="40" HEIGHT="30" WC="0.96" CONTENT="är"/><SP WIDTH="20" VPOS="1321" HPOS="1761"/>
							<String ID="string_224" HPOS="1781" VPOS="1318" WIDTH="71" HEIGHT="35" WC="0.96" CONTENT="den"/>
						</TextLine>
						<TextLine ID="line_22" HPOS="244" VPOS="1354" WIDTH="1607" HEIGHT="55">
							<String ID="string_225" HPOS="244" VPOS="1354" WIDTH="81" HEIGHT="36" WC="0.96" CONTENT="icke"/><SP WIDTH="42" VPOS="1354" HPOS="325"/>
							<String ID="string_226" HPOS="367" VPOS="1356" WIDTH="135" HEIGHT="35" WC="0.96" CONTENT="avsedd"/><SP WIDTH="45" VPOS="1356" HPOS="502"/>
							<String ID="string_227" HPOS="547" VPOS="1358" WIDTH="53" HEIGHT="33" WC="0.96" CONTENT="att"/><SP WIDTH="41" VPOS="1358" HPOS="600"/>
							<String ID="string_228" HPOS="641" VPOS="1359" WIDTH="89" HEIGHT="44" WC="0.96" CONTENT="utgå"/><SP WIDTH="41" VPOS="1359" HPOS="730"/>
							<String ID="string_229" HPOS="771" VPOS="1356" WIDTH="56" HEIGHT="37" WC="0.96" CONTENT="för"/><SP WIDTH="42" VPOS="1356" HPOS="827"/>
							<String ID="string_230" HPOS="869" VPOS="1358" WIDTH="43" HEIGHT="35" WC="0.96" CONTENT="de"/><SP WIDTH="36" VPOS="1358" HPOS="912"/>
							<String ID="string_231" HPOS="948" VPOS="1359" WIDTH="93" HEIGHT="36" WC="0.96" CONTENT="båda"/><SP WIDTH="29" VPOS="1359" HPOS="1041"/>
							<String ID="string_232" HPOS="1070" VPOS="1360" WIDTH="115" HEIGHT="37" WC="0.95" CONTENT="första"/><SP WIDTH="29" VPOS="1360" HPOS="1185"/>
							<String ID="string_233" HPOS="1214" VPOS="1364" WIDTH="230" HEIGHT="45" WC="0.96" CONTENT="månaderna,"/><SP WIDTH="32" VPOS="1364" HPOS="1444"/>
							<String ID="string_234" HPOS="1476" VPOS="1377" WIDTH="74" HEIGHT="24" WC="0.96" CONTENT="som"/><SP WIDTH="31" VPOS="1377" HPOS="1550"/>
							<String ID="string_235" HPOS="1581" VPOS="1369" WIDTH="184" HEIGHT="36" WC="0.96" CONTENT="användas"/><SP WIDTH="30" VPOS="1369" HPOS="1765"/>
							<String ID="string_236" HPOS="1795" VPOS="1370" WIDTH="56" HEIGHT="36" WC="0.96" CONTENT="för"/>
						</TextLine>
						<TextLine ID="line_23" HPOS="243" VPOS="1408" WIDTH="248" HEIGHT="45">
							<String ID="string_237" HPOS="243" VPOS="1408" WIDTH="248" HEIGHT="45" WC="0.95" CONTENT="utbildningen."/>
						</TextLine>
					</TextBlock>
					<TextBlock ID="block_5" HPOS="241" VPOS="1461" WIDTH="1607" HEIGHT="324">
						<TextLine ID="line_24" HPOS="351" VPOS="1461" WIDTH="1495" HEIGHT="61">
							<String ID="string_238" HPOS="351" VPOS="1463" WIDTH="56" HEIGHT="35" WC="0.95" CONTENT="De"/><SP WIDTH="36" VPOS="1463" HPOS="407"/>
							<String ID="string_239" HPOS="443" VPOS="1462" WIDTH="13" HEIGHT="35" WC="0.95" CONTENT="i"/><SP WIDTH="35" VPOS="1462" HPOS="456"/>
							<String ID="string_240" HPOS="491" VPOS="1461" WIDTH="183" HEIGHT="37" WC="0.96" CONTENT="motionen"/><SP WIDTH="45" VPOS="1461" HPOS="674"/>
							<String ID="string_241" HPOS="719" VPOS="1463" WIDTH="163" HEIGHT="47" WC="0.95" CONTENT="åsyftade"/><SP WIDTH="28" VPOS="1463" HPOS="882"/>
							<String ID="string_242" HPOS="910" VPOS="1466" WIDTH="247" HEIGHT="49" WC="0.96" CONTENT="värnpliktiga"/><SP WIDTH="29" VPOS="1466" HPOS="1157"/>
							<String ID="string_243" HPOS="1186" VPOS="1469" WIDTH="124" HEIGHT="37" WC="0.96" CONTENT="kunna"/><SP WIDTH="30" VPOS="1469" HPOS="1310"/>
							<String ID="string_244" HPOS="1340" VPOS="1472" WIDTH="140" HEIGHT="36" WC="0.96" CONTENT="således"/><SP WIDTH="28" VPOS="1472" HPOS="1480"/>
							<String ID="string_245" HPOS="1508" VPOS="1472" WIDTH="81" HEIGHT="37" WC="0.96" CONTENT="icke"/><SP WIDTH="30" VPOS="1472" HPOS="1589"/>
							<String ID="string_246" HPOS="1619" VPOS="1480" WIDTH="102" HEIGHT="42" WC="0.96" CONTENT="sägas"/><SP WIDTH="29" VPOS="1480" HPOS="1721"/>
							<String ID="string_247" HPOS="1750" VPOS="1489" WIDTH="96" HEIGHT="33" WC="0.96" CONTENT="vara,"/>
						</TextLine>
						<TextLine ID="line_25" HPOS="243" VPOS="1515" WIDTH="1604" HEIGHT="67">
							<String ID="string_248" HPOS="243" VPOS="1515" WIDTH="14" HEIGHT="36" WC="0.96" CONTENT="i"/><SP WIDTH="28" VPOS="1515" HPOS="257"/>
							<String ID="string_249" HPOS="285" VPOS="1515" WIDTH="103" HEIGHT="48" WC="0.96" CONTENT="fråga"/><SP WIDTH="28" VPOS="1515" HPOS="388"/>
							<String ID="string_250" HPOS="416" VPOS="1528" WIDTH="56" HEIGHT="23" WC="0.96" CONTENT="om"/><SP WIDTH="30" VPOS="1528" HPOS="472"/>
							<String ID="string_251" HPOS="502" VPOS="1517" WIDTH="71" HEIGHT="35" WC="0.96" CONTENT="den"/><SP WIDTH="28" VPOS="1517" HPOS="573"/>
							<String ID="string_252" HPOS="601" VPOS="1516" WIDTH="178" HEIGHT="36" WC="0.93" CONTENT="kontanta"/><SP WIDTH="28" VPOS="1516" HPOS="779"/>
							<String ID="string_253" HPOS="807" VPOS="1519" WIDTH="261" HEIGHT="48" WC="0.92" CONTENT="ersältningen,"/><SP WIDTH="31" VPOS="1519" HPOS="1068"/>
							<String ID="string_254" HPOS="1099" VPOS="1527" WIDTH="117" HEIGHT="31" WC="0.95" CONTENT="sämre"/><SP WIDTH="25" VPOS="1527" HPOS="1216"/>
							<String ID="string_255" HPOS="1241" VPOS="1524" WIDTH="129" HEIGHT="36" WC="0.96" CONTENT="ställda"/><SP WIDTH="20" VPOS="1524" HPOS="1370"/>
							<String ID="string_256" HPOS="1390" VPOS="1530" WIDTH="46" HEIGHT="31" WC="0.96" CONTENT="än"/><SP WIDTH="20" VPOS="1530" HPOS="1436"/>
							<String ID="string_257" HPOS="1456" VPOS="1527" WIDTH="112" HEIGHT="36" WC="0.96" CONTENT="andra"/><SP WIDTH="19" VPOS="1527" HPOS="1568"/>
							<String ID="string_258" HPOS="1587" VPOS="1525" WIDTH="260" HEIGHT="57" WC="0.96" CONTENT="värnpliktiga,"/>
						</TextLine>
						<TextLine ID="line_26" HPOS="243" VPOS="1569" WIDTH="1605" HEIGHT="54">
							<String ID="string_259" HPOS="243" VPOS="1581" WIDTH="75" HEIGHT="24" WC="0.95" CONTENT="som"/><SP WIDTH="43" VPOS="1581" HPOS="318"/>
							<String ID="string_260" HPOS="361" VPOS="1569" WIDTH="182" HEIGHT="37" WC="0.94" CONTENT="inkallats."/><SP WIDTH="58" VPOS="1569" HPOS="543"/>
							<String ID="string_261" HPOS="601" VPOS="1570" WIDTH="58" HEIGHT="35" WC="0.94" CONTENT="Då"/><SP WIDTH="42" VPOS="1570" HPOS="659"/>
							<String ID="string_262" HPOS="701" VPOS="1571" WIDTH="181" HEIGHT="36" WC="0.96" CONTENT="dessutom"/><SP WIDTH="44" VPOS="1571" HPOS="882"/>
							<String ID="string_263" HPOS="926" VPOS="1573" WIDTH="61" HEIGHT="35" WC="0.96" CONTENT="det"/><SP WIDTH="41" VPOS="1573" HPOS="987"/>
							<String ID="string_264" HPOS="1028" VPOS="1580" WIDTH="39" HEIGHT="29" WC="0.96" CONTENT="är"/><SP WIDTH="41" VPOS="1580" HPOS="1067"/>
							<String ID="string_265" HPOS="1108" VPOS="1575" WIDTH="146" HEIGHT="48" WC="0.96" CONTENT="tydligt,"/><SP WIDTH="32" VPOS="1575" HPOS="1254"/>
							<String ID="string_266" HPOS="1286" VPOS="1581" WIDTH="52" HEIGHT="32" WC="0.96" CONTENT="att"/><SP WIDTH="29" VPOS="1581" HPOS="1338"/>
							<String ID="string_267" HPOS="1367" VPOS="1582" WIDTH="53" HEIGHT="33" WC="0.96" CONTENT="ett"/><SP WIDTH="28" VPOS="1582" HPOS="1420"/>
							<String ID="string_268" HPOS="1448" VPOS="1579" WIDTH="103" HEIGHT="37" WC="0.95" CONTENT="bifall"/><SP WIDTH="29" VPOS="1579" HPOS="1551"/>
							<String ID="string_269" HPOS="1580" VPOS="1581" WIDTH="55" HEIGHT="36" WC="0.96" CONTENT="till"/><SP WIDTH="30" VPOS="1581" HPOS="1635"/>
							<String ID="string_270" HPOS="1665" VPOS="1583" WIDTH="183" HEIGHT="38" WC="0.96" CONTENT="motionen"/>
						</TextLine>
						<TextLine ID="line_27" HPOS="243" VPOS="1623" WIDTH="1605" HEIGHT="53">
							<String ID="string_271" HPOS="243" VPOS="1623" WIDTH="74" HEIGHT="35" WC="0.95" CONTENT="kan"/><SP WIDTH="43" VPOS="1623" HPOS="317"/>
							<String ID="string_272" HPOS="360" VPOS="1623" WIDTH="142" HEIGHT="36" WC="0.95" CONTENT="befaras"/><SP WIDTH="42" VPOS="1623" HPOS="502"/>
							<String ID="string_273" HPOS="544" VPOS="1624" WIDTH="161" HEIGHT="35" WC="0.96" CONTENT="medföra"/><SP WIDTH="33" VPOS="1624" HPOS="705"/>
							<String ID="string_274" HPOS="738" VPOS="1625" WIDTH="106" HEIGHT="47" WC="0.95" CONTENT="högst"/><SP WIDTH="29" VPOS="1625" HPOS="844"/>
							<String ID="string_275" HPOS="873" VPOS="1628" WIDTH="197" HEIGHT="36" WC="0.96" CONTENT="avsevärda"/><SP WIDTH="29" VPOS="1628" HPOS="1070"/>
							<String ID="string_276" HPOS="1099" VPOS="1628" WIDTH="283" HEIGHT="48" WC="0.96" CONTENT="konsekvenser,"/><SP WIDTH="31" VPOS="1628" HPOS="1382"/>
							<String ID="string_277" HPOS="1413" VPOS="1633" WIDTH="119" HEIGHT="36" WC="0.96" CONTENT="vilkas"/><SP WIDTH="28" VPOS="1633" HPOS="1532"/>
							<String ID="string_278" HPOS="1560" VPOS="1635" WIDTH="177" HEIGHT="37" WC="0.96" CONTENT="räckvidd"/><SP WIDTH="28" VPOS="1635" HPOS="1737"/>
							<String ID="string_279" HPOS="1765" VPOS="1637" WIDTH="83" HEIGHT="37" WC="0.96" CONTENT="icke"/>
						</TextLine>
						<TextLine ID="line_28" HPOS="241" VPOS="1677" WIDTH="1607" HEIGHT="53">
							<String ID="string_280" HPOS="241" VPOS="1677" WIDTH="74" HEIGHT="35" WC="0.95" CONTENT="kan"/><SP WIDTH="42" VPOS="1677" HPOS="315"/>
							<String ID="string_281" HPOS="357" VPOS="1677" WIDTH="55" HEIGHT="36" WC="0.95" CONTENT="för"/><SP WIDTH="41" VPOS="1677" HPOS="412"/>
							<String ID="string_282" HPOS="453" VPOS="1678" WIDTH="226" HEIGHT="35" WC="0.91" CONTENT="närvarande"/><SP WIDTH="38" VPOS="1678" HPOS="679"/>
							<String ID="string_283" HPOS="717" VPOS="1678" WIDTH="236" HEIGHT="47" WC="0.92" CONTENT="överblickas,"/><SP WIDTH="30" VPOS="1678" HPOS="953"/>
							<String ID="string_284" HPOS="983" VPOS="1681" WIDTH="118" HEIGHT="36" WC="0.96" CONTENT="finner"/><SP WIDTH="28" VPOS="1681" HPOS="1101"/>
							<String ID="string_285" HPOS="1129" VPOS="1682" WIDTH="57" HEIGHT="48" WC="0.96" CONTENT="sig"/><SP WIDTH="28" VPOS="1682" HPOS="1186"/>
							<String ID="string_286" HPOS="1214" VPOS="1684" WIDTH="178" HEIGHT="37" WC="0.96" CONTENT="utskottet"/><SP WIDTH="29" VPOS="1684" HPOS="1392"/>
							<String ID="string_287" HPOS="1421" VPOS="1688" WIDTH="112" HEIGHT="35" WC="0.96" CONTENT="redan"/><SP WIDTH="29" VPOS="1688" HPOS="1533"/>
							<String ID="string_288" HPOS="1562" VPOS="1701" WIDTH="45" HEIGHT="24" WC="0.96" CONTENT="av"/><SP WIDTH="29" VPOS="1701" HPOS="1607"/>
							<String ID="string_289" HPOS="1636" VPOS="1690" WIDTH="103" HEIGHT="36" WC="0.96" CONTENT="dessa"/><SP WIDTH="29" VPOS="1690" HPOS="1739"/>
							<String ID="string_290" HPOS="1768" VPOS="1692" WIDTH="80" HEIGHT="36" WC="0.96" CONTENT="skäl"/>
						</TextLine>
						<TextLine ID="line_29" HPOS="241" VPOS="1729" WIDTH="1261" HEIGHT="56">
							<String ID="string_291" HPOS="241" VPOS="1729" WIDTH="82" HEIGHT="37" WC="0.96" CONTENT="icke"/><SP WIDTH="29" VPOS="1729" HPOS="323"/>
							<String ID="string_292" HPOS="352" VPOS="1731" WIDTH="126" HEIGHT="35" WC="0.96" CONTENT="kunna"/><SP WIDTH="27" VPOS="1731" HPOS="478"/>
							<String ID="string_293" HPOS="505" VPOS="1730" WIDTH="188" HEIGHT="49" WC="0.93" CONTENT="tillstyrka"/><SP WIDTH="29" VPOS="1730" HPOS="693"/>
							<String ID="string_294" HPOS="722" VPOS="1731" WIDTH="105" HEIGHT="36" WC="0.96" CONTENT="bifall"/><SP WIDTH="28" VPOS="1731" HPOS="827"/>
							<String ID="string_295" HPOS="855" VPOS="1732" WIDTH="57" HEIGHT="36" WC="0.96" CONTENT="till"/><SP WIDTH="28" VPOS="1732" HPOS="912"/>
							<String ID="string_296" HPOS="940" VPOS="1734" WIDTH="196" HEIGHT="47" WC="0.96" CONTENT="motionen,"/><SP WIDTH="31" VPOS="1734" HPOS="1136"/>
							<String ID="string_297" HPOS="1167" VPOS="1740" WIDTH="89" HEIGHT="33" WC="0.96" CONTENT="utan"/><SP WIDTH="29" VPOS="1740" HPOS="1256"/>
							<String ID="string_298" HPOS="1285" VPOS="1739" WIDTH="217" HEIGHT="46" WC="0.96" CONTENT="hemställer,"/>
						</TextLine>
					</TextBlock>
				</ComposedBlock>
				<ComposedBlock ID="cblock_2" HPOS="666" VPOS="1840" WIDTH="1178" HEIGHT="91">
					<TextBlock ID="block_6" HPOS="666" VPOS="1840" WIDTH="1178" HEIGHT="91">
						<TextLine ID="line_30" HPOS="774" VPOS="1840" WIDTH="1070" HEIGHT="60">
							<String ID="string_299" HPOS="774" VPOS="1843" WIDTH="53" HEIGHT="33" WC="0.96" CONTENT="att"/><SP WIDTH="41" VPOS="1843" HPOS="827"/>
							<String ID="string_300" HPOS="868" VPOS="1840" WIDTH="277" HEIGHT="49" WC="0.96" CONTENT="ifrågavarande"/><SP WIDTH="42" VPOS="1840" HPOS="1145"/>
							<String ID="string_301" HPOS="1187" VPOS="1845" WIDTH="136" HEIGHT="37" WC="0.96" CONTENT="motion"/><SP WIDTH="41" VPOS="1845" HPOS="1323"/>
							<String ID="string_302" HPOS="1364" VPOS="1846" WIDTH="82" HEIGHT="37" WC="0.96" CONTENT="icke"/><SP WIDTH="42" VPOS="1846" HPOS="1446"/>
							<String ID="string_303" HPOS="1488" VPOS="1851" WIDTH="57" HEIGHT="33" WC="0.95" CONTENT="må"/><SP WIDTH="29" VPOS="1851" HPOS="1545"/>
							<String ID="string_304" HPOS="1574" VPOS="1863" WIDTH="44" HEIGHT="24" WC="0.96" CONTENT="av"/><SP WIDTH="29" VPOS="1863" HPOS="1618"/>
							<String ID="string_305" HPOS="1647" VPOS="1850" WIDTH="197" HEIGHT="50" WC="0.96" CONTENT="riksdagen"/>
						</TextLine>
						<TextLine ID="line_31" HPOS="666" VPOS="1892" WIDTH="156" HEIGHT="39">
							<String ID="string_306" HPOS="666" VPOS="1892" WIDTH="156" HEIGHT="39" WC="0.92" CONTENT="bifallas."/>
						</TextLine>
					</TextBlock>
				</ComposedBlock>
				<ComposedBlock ID="cblock_3" HPOS="347" VPOS="2000" WIDTH="632" HEIGHT="51">
					<TextBlock ID="block_7" HPOS="347" VPOS="2000" WIDTH="632" HEIGHT="51">
						<TextLine ID="line_32" HPOS="347" VPOS="2000" WIDTH="632" HEIGHT="51">
							<String ID="string_307" HPOS="347" VPOS="2000" WIDTH="206" HEIGHT="37" WC="0.95" CONTENT="Stockholm"/><SP WIDTH="30" VPOS="2000" HPOS="553"/>
							<String ID="string_308" HPOS="583" VPOS="2002" WIDTH="70" HEIGHT="35" WC="0.95" CONTENT="den"/><SP WIDTH="34" VPOS="2002" HPOS="653"/>
							<String ID="string_309" HPOS="687" VPOS="2004" WIDTH="46" HEIGHT="33" WC="0.96" CONTENT="14"/><SP WIDTH="31" VPOS="2004" HPOS="733"/>
							<String ID="string_310" HPOS="764" VPOS="2003" WIDTH="68" HEIGHT="48" WC="0.96" CONTENT="maj"/><SP WIDTH="35" VPOS="2003" HPOS="832"/>
							<String ID="string_311" HPOS="867" VPOS="2005" WIDTH="112" HEIGHT="35" WC="0.96" CONTENT="1915."/>
						</TextLine>
					</TextBlock>
				</ComposedBlock>
				<ComposedBlock ID="cblock_4" HPOS="764" VPOS="2110" WIDTH="551" HEIGHT="146">
					<TextBlock ID="block_8" HPOS="764" VPOS="2110" WIDTH="551" HEIGHT="146">
						<TextLine ID="line_33" HPOS="764" VPOS="2110" WIDTH="551" HEIGHT="50">
							<String ID="string_312" HPOS="764" VPOS="2110" WIDTH="50" HEIGHT="35" WC="0.93" CONTENT="På"/><SP WIDTH="29" VPOS="2110" HPOS="814"/>
							<String ID="string_313" HPOS="843" VPOS="2111" WIDTH="291" HEIGHT="37" WC="0.92" CONTENT="statsutskottets"/><SP WIDTH="29" VPOS="2111" HPOS="1134"/>
							<String ID="string_314" HPOS="1163" VPOS="2117" WIDTH="152" HEIGHT="43" WC="0.96" CONTENT="vägnar:"/>
						</TextLine>
						<TextLine ID="line_34" HPOS="854" VPOS="2217" WIDTH="379" HEIGHT="39">
							<String ID="string_315" HPOS="854" VPOS="2217" WIDTH="132" HEIGHT="37" WC="0.95" CONTENT="CARL"/><SP WIDTH="30" VPOS="2217" HPOS="986"/>
							<String ID="string_316" HPOS="1016" VPOS="2218" WIDTH="217" HEIGHT="38" WC="0.96" CONTENT="SWARTZ."/>
						</TextLine>
					</TextBlock>
				</ComposedBlock>
			</PrintSpace>
		</Page>
	</Layout>
</alto>
