1848 2814
223 137 116 31 Andra
359 138 205 30 kammarens
585 137 103 31 tred
700 137 42 38 je
765 136 169 39 tillfälliga
953 137 143 31 utskotts
1115 136 171 32 utlåtande
1307 147 40 19 nr
1368 139 48 29 13.
1542 137 18 30 5

80 226 52 30 väl
156 225 122 32 insatta
302 236 164 28 personer,
491 226 69 31 dels
583 226 58 30 ock
665 229 48 28 att
739 236 39 20 en
802 225 95 31 intim
923 225 197 31 medverkan
1144 224 56 31 vid
1224 225 271 38 genomförandet
1521 235 38 20 av

79 279 107 31 denna
210 279 143 31 kontroll
375 279 128 31 kunnat
527 279 140 31 erhållas
692 279 76 30 från
793 278 234 38 näringslivets
1049 277 277 38 organisationers
1350 278 80 31 sida.

119 359 151 38 Sveriges
290 359 319 38 lantbruksförbund
630 369 103 27 anser,
754 361 49 28 att
823 358 249 31 kommissionen
1093 358 52 31 för
1165 357 184 31 ckonomisk
1370 358 189 37 efterkrigs-

79 412 174 38 planering
272 412 8 30 i
303 412 94 38 fråga
418 423 51 20 om
489 412 39 31 de
549 412 250 39 monopolitiska
819 411 218 31 tendenserna
1057 411 87 31 inom
1165 411 215 38 näringslivet
1402 411 89 38 gjort
1512 413 46 28 ett

78 466 50 30 väl
150 466 119 38 avvägt
288 465 209 33 bedömande.
518 465 192 32 Förbundet
729 465 200 37 framhåller,
949 468 50 28 att
1018 464 39 32 de
1075 465 216 38 synpunkter,
1310 474 66 21 som
1395 464 106 31 under
1520 464 39 30 de

78 519 131 38 gångna
228 520 78 30 åren
326 519 174 31 framförts
519 519 77 31 från
615 518 381 39 priskontrollnämnden
1016 518 11 30 i
1045 518 159 31 samband
1225 518 72 31 med
1316 516 242 39 behandlingen

78 582 40 20 av
141 572 206 31 lantbrukets
370 572 195 38 prisfrågor,
590 571 180 39 ingalunda
793 572 112 30 kunna
928 572 94 37 sägas
1044 571 43 31 ha
1108 571 87 31 varit
1220 571 52 31 för
1296 570 263 31 återhållsamma

78 629 66 27 mot
165 625 205 31 lantbrukets
391 626 195 37 företagare.
609 626 67 30 För
696 625 289 31 åstadkommande
1006 634 41 21 av
1067 635 40 20 en
1128 623 265 39 effektivisering
1414 634 40 20 av
1475 623 83 38 pris-

78 678 183 31 kontrollen
283 679 63 30 vad
367 679 190 30 lantbruket
578 679 175 36 beträffar,
776 678 92 31 torde
890 688 40 20 en
952 677 278 39 genomgripande
1252 677 142 38 ändring
1416 688 40 19 av
1477 676 82 38 pris-

78 731 325 31 kontrollnämndens
431 731 296 39 sammansättning
756 731 115 31 därför
900 731 70 31 icke
999 741 76 21 vara
1107 730 164 39 påkallad.
1301 730 257 31 Lantbruksför-

78 784 123 31 bundet
222 785 61 30 har
303 785 181 31 emellertid
507 784 82 31 intet
612 788 48 27 att
683 784 110 31 erinra
813 787 84 28 emot
919 788 82 27 utan
1021 783 62 31 har
1104 784 9 30 i
1133 783 111 32 stället
1266 783 179 38 anledning
1466 783 91 31 hälsa

76 838 72 31 med
172 838 281 37 tillfredställelse,
478 841 49 28 att
551 837 397 39 priskontrollnämndens
972 836 297 39 sammansättning
1293 838 34 29 så
1351 836 131 38 ändras,
1507 839 48 27 att

75 901 40 20 en
133 891 109 31 bättre
261 892 154 30 numerär
433 891 115 31 balans
567 891 237 31 åstadkommes
822 890 87 31 inom
927 890 166 31 nämnden
1112 890 121 31 mellan
1253 889 231 32 företrädarna
1504 890 53 30 för

75 944 429 39 jordbruksbefolkningens
521 945 58 30 och
598 945 39 31 de
656 944 113 38 övriga
787 944 278 38 yrkesgrenarnas
1084 943 169 31 intressen.
1273 944 62 30 Det
1354 944 102 29 måste
1475 942 80 31 dock

75 997 106 31 starkt
203 997 223 39 ifrågasättas,
448 997 167 31 huruvida
636 997 55 31 det
713 998 38 30 är
772 997 151 38 lämpligt
946 1000 49 27 att
1017 997 150 38 företaga
1189 1006 39 21 en
1250 995 205 32 omfattande
1478 995 77 31 änd-

76 1050 75 38 ring
176 1051 43 37 på
244 1050 191 32 nuvarande
462 1051 143 30 stadium
633 1061 38 20 av
698 1050 182 31 nämndens
904 1050 216 30 verksamhet.

115 1130 260 38 Riksförbundet
405 1131 242 37 landsbygdens
675 1131 79 38 folk,
784 1140 95 21 anser
907 1133 50 27 att
986 1129 63 31 den
1078 1129 192 32 nuvarande
1300 1129 254 38 priskontrollen

73 1183 86 31 varit
177 1183 127 38 mycket
321 1183 79 31 mild
417 1187 67 27 mot
502 1184 143 30 industri
662 1184 57 30 och
738 1183 128 37 handel,
883 1183 135 30 särskilt
1035 1183 106 31 under
1159 1183 90 30 tiden
1268 1183 85 30 fram
1371 1182 52 31 till
1440 1182 112 31 hösten

74 1237 90 36 1942,
183 1236 117 32 medan
319 1237 63 31 den
400 1237 154 30 alltifrån
571 1237 117 37 början
707 1235 87 33 varit
813 1237 126 37 mycket
958 1236 84 31 hård
1060 1239 67 27 mot
1145 1236 90 38 jord-
1254 1236 58 30 och
1331 1235 222 39 skogsbruket.

72 1290 76 30 Med
175 1290 63 31 den
264 1290 298 38 sammansättning
588 1289 381 39 priskontrollnämnden
996 1289 60 31 har
1084 1290 37 30 är
1149 1289 180 31 emellertid
1357 1288 103 39 enligt
1489 1289 65 30 för-

71 1343 125 31 bundet
217 1344 90 30 detta
327 1343 209 31 förhållande
556 1343 79 31 fullt
657 1343 197 38 förklarligt.
877 1342 61 31 Om
958 1343 63 31 den
1041 1342 134 38 statliga
1195 1342 256 38 priskontrollen
1472 1341 79 31 skall

73 1396 169 37 fortbestå,
266 1397 101 30 måste
392 1397 10 29 i
426 1396 56 31 det
506 1406 111 28 organ,
642 1407 67 20 som
734 1396 82 30 skall
839 1396 175 30 handhava
1040 1396 196 37 densamma,
1262 1406 40 20 en
1326 1395 163 38 tredjedel
1514 1406 38 20 av

73 1450 254 30 medlemmarna
345 1460 80 20 vara
445 1449 219 38 jordbrukare
685 1449 57 31 och
764 1449 98 30 minst
883 1459 39 20 en
943 1448 161 38 tredjedel
1126 1459 40 20 av
1187 1449 266 37 tjänstemännen
1474 1458 80 21 vara

73 1502 192 38 jordbruks-
285 1502 58 31 och
363 1502 276 38 skogsutbildade.

115 1574 221 39 Kooperativa
358 1575 197 37 förbundets
579 1575 135 37 styrelse
739 1575 201 36 framhåller,
966 1578 49 27 att
1039 1594 39 3 —
1102 1575 104 30 ehuru
1231 1575 158 37 styrelsen
1414 1574 139 31 tillfullo

71 1628 167 37 behjärtat
262 1628 58 31 och
344 1628 108 38 livligt
477 1628 199 37 uppskattar
700 1627 188 38 syftemålet
912 1628 74 31 med
1012 1627 258 31 motionärernas
1295 1627 257 38 framställning,

71 1680 163 38 nämligen
264 1683 50 28 att
343 1680 107 31 under
479 1680 270 38 efterkrigstiden
780 1680 175 32 förhindra
984 1680 380 39 privatmonopolistiska
1393 1691 158 20 samman-

70 1733 188 38 slutningar
285 1737 49 27 att
362 1733 51 31 till
441 1734 292 31 konsumenternas
760 1735 58 30 och
845 1734 74 31 hela
946 1734 188 31 samhällets
1160 1734 100 31 skada
1290 1734 182 32 missbruka
1501 1735 50 30 sin

71 1788 88 30 makt
181 1789 75 30 över
278 1788 264 38 prisbildningen
562 1808 41 3 —
624 1789 159 38 styrelsen
806 1789 53 31 får
880 1789 139 31 bestämt
1040 1789 156 38 avstyrka
1218 1789 258 31 motionärernas
1498 1800 53 27 yr-

69 1843 115 37 kande,
203 1846 49 28 att
269 1843 63 31 den
350 1844 133 38 statliga
501 1844 255 38 priskontrollen
773 1844 82 31 skall
872 1844 179 31 bibehållas
1068 1846 82 29 även
1167 1844 100 31 sedan
1284 1844 264 38 varutillgången

70 1898 70 30 åter
165 1898 96 30 blivit
287 1899 126 30 normal
439 1899 60 30 och
525 1898 42 31 då
594 1898 138 31 inriktas
759 1900 42 36 på
828 1902 48 27 att
902 1898 99 38 bryta
1028 1899 381 38 monopolprissättning.
1437 1900 115 30 Under

71 1952 142 38 fredliga
237 1952 148 31 normala
409 1953 88 31 tider
522 1953 177 38 föreligger
723 1954 165 37 nämligen
913 1954 104 37 enligt
1041 1954 159 37 styrelsen
1228 1956 41 36 på
1295 1954 63 31 alla
1384 1955 165 37 områden,

69 2006 60 31 där
149 2007 44 29 fri
214 2007 109 30 tävlan
345 2008 96 30 råder
461 2008 118 30 mellan
599 2008 85 31 olika
704 2008 129 38 företag
851 2009 58 30 och
929 2009 280 37 företagsformer,
1229 2010 69 37 just
1323 2009 4 30 i
1347 2009 106 31 denna
1474 2010 76 30 kon-

68 2063 140 30 kurrens
229 2063 52 30 för
301 2063 277 31 konsumenterna
598 2063 54 31 det
673 2067 81 27 utan
776 2064 43 30 all
840 2064 189 37 jämförelse
1050 2064 145 30 säkraste
1217 2064 139 38 skyddet
1378 2068 66 26 mot
1466 2065 83 38 pris-

68 2117 252 37 uppskörtning.
346 2117 168 38 Styrelsen
539 2118 128 31 erinrar
689 2129 51 20 om
764 2122 48 27 att
835 2119 308 32 varuförbrukarna
1167 2119 8 29 i
1200 2120 349 37 konsumentkoopera-

69 2171 110 30 tionen
204 2172 131 37 förfoga
358 2173 76 29 över
456 2176 47 27 ett
526 2173 211 37 synnerligen
760 2173 155 31 effektivt
940 2173 198 31 instrument
1163 2174 53 30 för
1239 2178 48 27 att
1311 2175 105 36 själva
1440 2175 109 37 stävja

68 2229 109 26 oarter
194 2225 86 31 inom
298 2226 225 38 näringslivet.
543 2228 63 29 Det
625 2227 91 31 torde
736 2228 66 30 icke
820 2239 39 19 av
876 2229 106 36 någon
1002 2228 111 31 kunna
1130 2229 171 36 bestridas,
1319 2233 48 27 att
1386 2240 38 19 en
1444 2230 104 30 effek-

68 2277 60 30 tivt
146 2277 179 32 arbetande
340 2279 407 38 konsumentkooperation
766 2281 81 30 både
864 2281 43 36 på
923 2291 82 20 varu
1013 2281 253 37 förmedlingens
1283 2282 56 30 och
1359 2282 189 37 produktio-

68 2342 79 20 nens
166 2333 131 30 område
316 2334 98 36 utgör
433 2333 63 30 den
517 2334 93 30 bästa
629 2334 212 37 priskontroll
863 2335 9 29 i
892 2335 292 31 konsumenterans
1205 2335 144 37 intresse,
1370 2347 67 20 som
1458 2338 90 28 Ööver-

67 2386 112 30 huvud
204 2390 90 33 taget
318 2387 64 30 kan
407 2388 125 30 tänkas.
558 2388 75 30 Med
658 2388 126 37 hänsyn
811 2389 50 29 till
888 2392 49 27 att
961 2389 450 39 konsumentkooperationen
1438 2392 9 29 i
1473 2392 69 29 vårt

68 2437 77 32 land
166 2442 83 27 trots
269 2439 50 30 sin
339 2440 143 37 ungdom
504 2441 74 30 nått
598 2451 40 20 en
658 2441 185 37 betydande
865 2441 193 38 anslutning
1079 2443 58 30 och
1159 2443 144 38 alltjämt
1325 2443 152 31 befinner
1498 2444 49 37 sig
