1866 2812
241 139 116 30 Andra
377 140 205 30 kammarens
603 138 157 38 tredje
782 137 171 39 tillfälliga
971 138 142 31 utskotts
1132 137 171 32 utlåtande
1325 148 40 20 nr
1386 141 48 28 13.
1560 138 17 31 7

98 226 130 38 landen,
250 227 197 38 exempelvis
467 227 11 30 i
498 226 252 37 skoindustrien,
773 226 301 38 möbelindustrien,
1096 237 27 21 o.
1145 237 23 20 s.
1190 238 29 20 v.
1243 227 51 30 En
1316 226 142 32 tänkbar
1479 226 87 31 fram

98 279 150 38 tidslinje
272 281 36 29 är
332 282 50 28 att
406 280 92 30 dessa
522 279 219 38 utredningar
764 280 119 37 övergå
906 279 53 31 till
983 283 50 27 att
1056 290 79 20 vara
1159 284 215 33 permanenta
1398 290 102 27 organ
1527 280 51 30 för

97 332 361 39 sambhällsinflytandet
477 333 11 30 i
506 332 217 39 näringslivet
743 332 58 31 och
821 332 53 30 för
894 333 64 31 den
978 332 137 39 »insyn»
1136 333 11 30 i
1166 333 187 38 företagens
1373 332 203 31 ekonomiska

99 386 239 37 förhållanden,
359 396 51 21 om
430 386 109 30 vilken
557 385 181 39 utredning
758 385 155 32 likaledes
932 386 113 38 pågår.
1065 386 122 38 Dylika
1206 396 103 28 organ
1328 385 103 32 skulle
1451 386 126 30 komma

97 442 50 28 att
165 439 119 32 besitta
302 449 41 21 en
361 449 90 21 mera
469 439 229 38 specialiserad
717 439 58 30 och
794 439 205 31 framförallt
1019 449 89 21 mera
1127 439 185 39 mångsidig
1331 440 58 31 och
1409 440 43 38 på
1472 439 103 38 själva

97 491 565 39 produktionskostnadsproblemen
683 492 146 31 inriktad
850 492 210 39 sakkunskap
1082 494 41 30 än
1145 503 40 20 en
1206 493 125 30 central
1352 491 226 39 priskontroll-

97 545 125 31 nämnd
244 545 64 31 kan
332 546 119 30 tänkas
475 547 87 37 göra.
587 546 49 31 De
660 545 79 31 böra
763 545 42 31 då
830 546 82 30 även
937 546 162 31 behandla
1124 546 114 38 frågor
1262 545 142 32 rörande
1428 545 149 39 prissätt-

97 599 123 38 ningen
240 599 87 31 inom
349 599 184 39 respektive
553 598 157 32 områden
731 609 40 20 av
792 599 227 38 näringslivet.
1042 599 53 30 En
1117 599 102 31 sådan
1241 598 231 39 specialiserad
1494 599 83 38 pris-

97 652 165 38 reglering
280 652 65 31 kan
364 653 44 38 på
427 655 47 28 ett
493 652 67 31 helt
581 655 101 28 annat
702 653 65 29 sätt
787 653 42 30 än
849 651 65 31 den
933 652 167 31 allmänna
1119 652 256 38 priskontrollen
1394 655 35 27 ta
1449 652 128 37 hänsyn

97 705 52 30 till
167 705 191 31 sambandet
378 705 120 31 mellan
517 704 263 39 prisbildningen
800 705 58 31 och
877 705 261 38 produktionens
1156 705 59 31 och
1234 704 160 32 handelns
1413 704 164 39 organisa-

97 758 80 31 tion.

138 811 379 39 Landsorganisationen
531 811 206 38 förutsätter,
754 814 49 28 att
819 811 63 31 den
898 811 305 38 monopolkontroll,
1219 822 67 20 som
1303 812 52 31 för
1370 810 207 32 närvarande

98 865 187 31 förberedes
309 875 41 20 av
374 864 264 38 statsmakterna,
665 864 102 31 måste
791 865 108 37 bygga
924 865 44 38 på
994 868 48 27 att
1067 864 171 31 samhället
1263 864 42 31 bl.
1333 875 27 21 a.
1387 865 61 30 har
1473 864 104 39 legala

98 918 207 38 möjligheter
330 917 83 32 både
441 921 49 27 att
516 918 84 38 följa
626 917 303 39 prisutveeklingen
955 918 59 30 och
1041 921 49 28 att
1115 917 57 31 vid
1199 918 102 31 behov
1328 918 183 30 föreskriva
1538 917 39 31 de

97 970 114 39 högsta
236 971 115 38 priser,
378 981 68 21 som
471 971 36 30 få
531 974 133 35 uttagas
690 980 40 21 av
755 971 284 31 konsumenterna.
1067 971 378 38 Landsorganisationen
1471 971 106 30 förut-

94 1024 105 30 sätter
224 1023 94 31 också
344 1026 50 29 att
420 1023 337 38 monopolkontrollen
782 1043 40 3 —
849 1024 90 30 såväl
965 1024 12 30 i
1003 1024 72 31 sina
1100 1024 184 31 utredande
1310 1034 68 21 som
1405 1023 171 32 exekutiva

96 1086 102 28 organ
223 1095 40 3 —
286 1080 150 27 utrustas
461 1076 73 31 med
558 1076 195 39 tillräckligt
778 1080 68 27 stor
872 1077 247 31 administrativ
1143 1081 141 35 apparat
1311 1078 53 30 för
1390 1080 50 27 att
1465 1077 110 30 kunna

97 1128 156 32 effektivt
274 1129 146 39 fullgöra
440 1129 51 31 sin
511 1129 148 39 uppgift.

137 1185 181 30 Formerna
346 1184 53 30 för
428 1184 63 30 den
520 1193 88 20 mera
636 1186 214 35 permanenta
879 1183 224 37 priskontroll,
1131 1193 75 21 vars
1234 1183 206 39 behövlighet
1469 1183 107 31 lands-

95 1237 265 38 organisationen
377 1236 61 31 vill
454 1236 231 38 understryka,
704 1236 52 30 må
774 1235 182 32 emellertid
973 1246 81 21 vara
1071 1246 39 21 en
1127 1236 69 31 tills
1213 1236 113 31 vidare
1345 1237 108 38 öppen
1470 1236 105 38 fråga.

96 1291 72 30 Den
192 1290 192 38 avveckling
408 1300 41 21 av
471 1289 266 31 hittillsvarande
761 1289 368 39 priskontrollapparat,
1155 1290 110 30 vilken
1290 1290 176 31 förutsatts
1490 1291 11 29 i
1524 1293 52 27 ut-

94 1343 157 30 talanden
268 1343 77 30 från
360 1342 246 39 regeringshåll,
625 1343 78 30 från
719 1342 441 39 planeringskommissionen
1178 1343 59 31 och
1255 1343 77 31 från
1348 1342 228 39 priskontroll-

94 1396 166 30 nämnden
278 1396 95 38 själv,
392 1396 59 31 bör
469 1395 81 31 dock
568 1396 11 29 i
596 1396 94 37 varje
710 1396 61 30 fall
788 1396 69 31 icke
877 1396 36 31 få
931 1397 55 30 ske
1005 1396 115 31 förrän
1139 1396 170 31 samhället
1328 1396 117 38 skapat
1464 1406 111 28 organ,

95 1458 68 21 som
185 1459 38 28 ge
244 1449 230 31 motsvarande
496 1448 106 38 skydd
624 1451 67 28 mot
712 1448 194 31 omotiverat
927 1449 65 38 hög
1013 1449 228 38 prissättning.

136 1502 90 31 Utan
249 1505 49 27 att
321 1504 77 36 taga
421 1501 156 31 definitiv
600 1501 159 38 ställning
781 1501 52 31 till
857 1502 169 30 formerna
1050 1502 52 30 för
1126 1512 40 20 en
1188 1512 90 21 mera
1300 1505 194 35 permanent
1518 1501 56 31 och

94 1556 180 38 långsiktig
297 1555 294 39 prisövervakning
616 1554 59 31 och
700 1554 237 39 prisreglering
961 1555 154 30 förordar
1139 1555 363 37 landsorganisationen
1527 1558 49 28 att

94 1608 175 39 riksdagen
287 1608 57 30 vid
361 1607 243 38 behandlingen
624 1618 40 20 av
682 1607 196 31 hithörande
899 1608 114 37 frågor
1031 1607 135 31 beaktar
1185 1608 63 31 vad
1267 1608 308 38 landsorganisatio-

95 1671 64 21 nen
182 1661 139 31 sålunda
344 1661 122 31 anfört.

137 1740 67 30 För
225 1750 79 28 egen
327 1739 52 31 del
402 1740 54 31 får
476 1740 160 31 utskottet
658 1740 117 30 anföra
798 1740 159 38 följande.

136 1801 73 30 Den
226 1801 135 38 statliga
379 1801 223 38 priskontroll,
622 1811 68 21 som
707 1801 107 31 under
832 1805 128 27 senaste
979 1802 180 31 världskris
1178 1802 211 39 uppehållits,
1409 1802 62 31 har
1489 1802 87 31 varit

95 1853 155 38 betingad
275 1864 40 20 av
340 1854 147 31 rådande
510 1854 254 38 varuknapphet
789 1855 59 30 och
872 1855 218 31 tillsammans
1114 1856 73 30 med
1211 1856 87 30 löne-
1323 1856 59 30 och
1407 1856 168 37 prisstopp

95 1906 121 31 avsedd
239 1910 48 27 att
310 1907 168 30 motverka
500 1917 41 20 av
562 1907 158 30 inflation
742 1907 196 31 föranledda
962 1908 318 30 missförhållanden.
1304 1908 67 30 Vid
1395 1908 54 30 det
1472 1908 104 38 perio-

94 1959 94 31 diska
209 1959 234 38 förlängandet
464 1970 40 20 av
525 1959 254 31 föreskrifterna
800 1970 51 20 om
873 1960 168 38 prisstopp
1063 1960 58 30 och
1143 1960 235 39 prisreglering
1400 1961 61 30 har
1482 1961 93 30 också

99 2012 172 30 förutsatts
288 2012 59 31 och
365 2012 100 38 givits
482 2013 134 37 uttryck
635 2013 34 30 åt
687 2013 62 30 den
767 2013 273 38 uppfattningen,
1060 2017 48 27 att
1128 2014 62 30 den
1209 2013 134 39 statliga
1360 2013 215 39 priskontrol-

94 2065 52 30 len
168 2065 102 31 skulle
291 2065 153 38 upphöra
464 2066 34 30 så
518 2069 93 27 snart
633 2065 251 31 förhållandena
905 2065 144 32 medfört
1070 2066 82 31 ökad
1174 2066 248 31 varutillförsel.
1446 2067 128 30 Härvid

94 2117 61 31 har
177 2128 72 20 man
274 2119 111 37 utgått
409 2119 78 30 från
509 2121 49 28 att
581 2118 64 30 den
667 2118 93 30 bästa
783 2119 173 37 garantien
982 2119 52 30 för
1056 2119 89 38 lägre
1168 2119 192 38 varupriser
1382 2120 72 37 låge
1479 2121 10 29 i
1512 2120 60 30 den

94 2172 66 31 fria
181 2173 143 30 handeln
346 2173 59 30 och
425 2173 246 30 konkurrensen
693 2173 84 32 olika
799 2174 240 38 affärsföretag
1060 2174 146 31 emellan.
1230 2174 283 31 Erfarenheterna
1534 2175 42 30 ha

93 2227 95 30 också
205 2227 94 37 visat,
319 2230 49 28 att
387 2228 114 37 statlig
519 2227 236 39 prisreglering
773 2229 64 29 kan
857 2228 149 31 medföra
1025 2228 67 31 risk
1111 2229 53 30 för
1182 2229 234 38 konservering
1435 2240 40 20 av
1494 2230 81 30 fast-

93 2281 120 30 ställda
240 2283 201 36 varupriser.
470 2283 71 29 Den
570 2282 133 38 statliga
732 2282 255 38 priskontrollen
1017 2283 59 30 har
1105 2284 55 30 vid
1190 2284 223 31 innevarande
1442 2284 133 37 riksdag

95 2333 176 31 fastställts
295 2337 48 27 att
366 2334 88 38 gälla
477 2335 49 29 till
551 2334 64 30 den
639 2335 17 29 1
680 2335 63 37 juli
768 2336 89 29 1947.
905 2335 111 31 Skulle
1040 2337 82 29 även
1146 2335 41 31 då
1211 2336 254 31 förhållandena
1488 2337 86 30 inom

94 2388 55 31 det
175 2388 207 32 ekonomiska
408 2389 79 31 livet
513 2390 30 37 ej
571 2389 42 31 ha
640 2390 73 30 nått
739 2390 100 37 nödig
866 2390 117 38 stadga
1010 2391 56 30 och
1096 2391 143 30 medfört
1266 2391 309 31 tillfredsställande

94 2444 233 37 varutillgång,
354 2445 62 30 har
443 2455 72 20 man
544 2448 49 27 att
620 2445 103 30 räkna
752 2446 69 30 med
850 2446 193 37 ytterligare
1074 2447 212 37 förlängning
1312 2458 40 19 av
1380 2447 194 37 kontrollen,
