1876 2780
277 150 37 30 12
556 153 405 41 Bevillningsutskottets
984 157 219 33 betänkande
1224 169 43 21 nr
1288 162 42 29 50
1350 162 40 30 år
1412 163 85 30 1956

278 233 87 40 följa
382 234 299 33 löneinkomstens
700 238 256 42 förändringar.
975 241 66 30 Det
1060 242 214 37 förutsättes,
1295 247 50 28 att
1363 246 67 30 den
1450 247 140 40 statliga
1608 248 176 32 inkomst--

277 282 137 31 skatten
440 285 112 30 under
577 286 75 31 hela
679 287 205 41 budgetåret
912 291 148 36 1956/57
1088 292 101 40 utgår
1215 295 78 29 med
1320 295 214 32 oförändrad
1561 299 221 40 uttagnings-

275 335 151 37 procent,
450 335 32 31 d.
507 344 29 21 v.
563 346 25 20 s.
616 337 59 30 110
699 341 153 37 procent.
877 340 49 31 De
952 341 314 42 schablonmässigt
1290 344 199 32 beräknade
1514 347 263 32 minimiavdra-

275 390 63 31 gen
362 384 54 30 för
439 385 148 40 avgifter
611 387 54 30 för
689 388 148 40 kapital-
859 391 66 29 och
950 391 285 42 sjukförsäkring
1259 395 55 29 för
1337 395 135 39 fysiska
1496 405 166 32 personer
1686 401 90 28 samt

274 433 54 29 för
353 434 143 40 utgifter
521 436 55 29 för
600 437 219 39 fullgörande
843 449 42 20 av
910 441 155 39 tjänsten
1091 443 53 29 för
1169 444 256 41 skattskyldiga
1450 447 79 29 med
1554 448 155 30 inkomst
1734 459 42 19 av

276 483 117 39 tjänst,
417 484 96 31 vilka
538 486 189 32 inarbetats
751 489 11 29 i
786 489 379 35 källskattetabellerna
1192 494 41 30 fr.
1258 503 29 20 o.
1313 504 44 22 m.
1385 496 93 37 1956,
1504 498 38 28 är
1568 499 132 38 ägnade
1725 501 50 28 att

274 533 136 31 minska
436 535 121 30 takten
582 537 9 29 i
616 537 176 41 ökningen
817 548 41 21 av
881 540 407 42 källskatteuppbörden.
1314 546 12 29 I
1351 547 145 29 motsatt
1521 547 157 41 riktning
1701 557 75 21 ver-

275 584 62 29 kar
361 594 41 20 en
428 586 136 30 mindre
589 587 148 41 höjning
760 599 41 21 av
825 591 66 29 den
917 592 228 31 kommunala
1170 595 278 41 utdebiteringen
1475 616 44 3 —
1541 598 108 40 enligt
1672 600 102 39 preli-

274 635 131 30 minära
431 637 173 37 uppgifter
630 639 77 30 med
734 640 37 29 14
795 641 57 30 öre
876 651 60 27 per
962 643 376 33 inkomstskattekrona
1364 647 79 30 från
1469 648 66 29 den
1560 650 107 29 under
1696 650 77 30 1955

273 684 157 39 gällande
455 687 392 42 medelutdebiteringen
873 701 43 20 av
942 692 105 34 12,24.
1074 694 12 29 I
1112 696 86 29 stort
1223 697 66 28 sett
1314 697 38 29 är
1377 697 90 29 dock
1492 698 108 39 enligt
1625 700 149 30 ämbets-

271 734 135 31 verkets
429 736 143 41 mening
593 738 66 29 den
683 741 265 39 sammanlagda
969 743 156 31 effekten
1148 754 41 21 av
1212 747 240 37 nyssnämnda
1475 749 299 39 omständigheter

271 792 42 21 av
333 784 195 40 begränsad
550 788 309 42 storleksordning.
883 791 127 31 Vidare
1033 793 54 30 får
1108 793 137 41 hänsyn
1267 797 96 38 tagas
1386 797 52 30 till
1461 799 51 28 att
1541 798 4 29 i
1569 799 204 39 uppbörden

270 843 43 20 av
333 835 205 39 preliminär
560 837 138 31 A-skatt
721 839 70 30 kan
814 840 142 32 komma
980 845 51 28 att
1053 843 80 40 ingå
1155 845 219 39 preliminärt
1397 847 118 40 erlagd
1539 849 233 38 garantiskatt

270 885 55 29 för
346 885 176 41 fastighet.

314 934 262 33 Ämbetsverket
599 939 139 35 uttalar,
761 941 65 29 vad
850 942 108 39 angår
982 943 203 39 uppbörden
1209 954 42 20 av
1273 946 205 39 preliminär
1500 948 137 30 B-skatt
1662 950 110 29 under

269 985 255 39 uppbördsåret
548 988 168 31 1956—57
740 991 65 29 och
828 990 41 31 de
890 992 58 29 två
971 993 165 30 terminer
1157 1004 42 19 av
1221 995 254 39 uppbördsåret
1501 998 171 30 1957-58
1696 1009 74 20 som

270 1034 99 31 faller
395 1036 94 30 inom
516 1037 203 40 budgetåret
747 1040 158 36 1956/57,
932 1044 51 28 att
1008 1043 67 30 den
1100 1045 161 34 normalt,
1286 1046 32 29 d.
1344 1055 30 23 v.
1400 1056 25 21 s.
1452 1049 86 28 utan
1564 1049 140 39 ledning
1729 1059 44 20 av

271 1085 148 31 särskild
453 1087 205 39 preliminär
691 1089 230 37 deklaration,
956 1092 198 31 debiterade
1187 1095 359 39 preliminärskatten,
1579 1098 11 30 i
1623 1099 57 30 det
1713 1109 62 20 en-

269 1134 111 31 skilda
400 1136 98 31 fallet
517 1138 69 29 kan
606 1138 140 32 komma
767 1142 50 28 att
836 1140 168 42 betydligt
1024 1143 122 32 avvika
1166 1144 79 31 från
1264 1146 66 30 vad
1350 1155 75 22 som
1444 1149 124 29 väntas
1587 1148 46 30 bli
1654 1149 117 39 påfört

268 1193 74 21 som
365 1186 119 40 slutlig
506 1187 104 31 skatt.
633 1189 115 30 Totalt
771 1193 66 27 sett
860 1191 64 30 har
945 1192 415 42 riksräkenskapsverket
1382 1199 115 28 ansett
1520 1198 52 39 sig
1594 1198 83 31 böra
1701 1199 69 30 för-

269 1237 75 28 utse
365 1245 42 21 en
428 1236 11 29 i
459 1237 204 39 jämförelse
686 1240 79 30 med
787 1240 238 33 innevarande
1047 1244 218 40 uppbördsår
1287 1248 138 38 stegrad
1447 1248 159 40 uppbörd
1630 1259 43 20 av
1693 1260 73 30 pre-

268 1285 139 31 liminär
433 1287 141 31 B-skatt
602 1289 110 30 under
738 1290 42 30 de
808 1291 176 32 ordinarie
1013 1294 392 39 uppbördsterminerna
1436 1298 111 30 under
1576 1295 190 49 uppbörds-

265 1335 82 31 åren
369 1336 170 31 1956—57
560 1338 64 30 och
647 1339 181 32 1957—358.

311 1386 64 30 Det
411 1388 136 30 erinras
583 1389 117 30 vidare
738 1399 57 21 om
831 1394 51 28 att
918 1392 311 33 bestämmelserna
1254 1405 57 21 om
1337 1398 102 30 ränta
1467 1399 44 40 på
1536 1399 235 32 kvarstående

267 1436 93 31 skatt
395 1447 147 21 numera
577 1440 105 30 också
720 1441 208 36 föranleder,
964 1445 51 28 att
1040 1444 67 30 den
1132 1446 226 39 preliminära
1384 1448 139 31 skatten
1548 1450 11 29 i
1582 1451 98 39 varje
1705 1451 62 30 fall

266 1486 54 30 för
341 1487 100 40 bolag
462 1488 67 30 blir
551 1490 273 32 förhållandevis
849 1494 84 29 nära
957 1497 174 36 anpassad
1155 1496 50 30 till
1227 1498 67 30 den
1317 1498 140 41 slutliga
1481 1500 138 30 skatten
1643 1509 123 31 genom

266 1539 50 27 att
347 1538 413 43 fyllnadsinbetalningar
790 1551 42 22 av
861 1544 205 39 preliminär
1096 1546 92 30 skatt
1219 1548 205 31 verkställes
1455 1550 89 30 efter
1574 1552 193 40 uppbörds-

265 1587 91 30 årets
392 1589 141 40 utgång.
570 1591 115 30 Under
721 1593 106 29 våren
866 1594 84 30 1954
985 1595 65 30 och
1088 1596 104 30 våren
1222 1598 82 31 1955
1332 1599 104 31 inflöt
1464 1600 305 40 fyllnadsinbetal-

266 1638 122 39 ningar
414 1648 43 22 av
481 1640 203 40 preliminär
711 1642 95 31 skatt
830 1645 77 29 med
933 1645 64 31 575
1024 1647 193 39 respektive
1244 1649 62 30 525
1332 1650 165 39 miljoner
1523 1651 140 31 kronor.
1689 1653 77 30 Med

266 1688 262 41 utgångspunkt
550 1691 78 30 från
649 1693 274 32 ämbetsverkets
947 1697 222 38 antaganden
1190 1707 57 21 om
1269 1700 66 29 vad
1358 1709 75 21 som
1454 1701 160 30 kommer
1636 1705 49 28 att
1707 1704 60 40 på-

265 1738 94 31 föras
387 1740 41 30 de
459 1741 256 41 skattskyldiga
746 1744 10 28 i
786 1744 118 40 slutlig
935 1746 95 29 skatt
1058 1747 56 30 vid
1144 1748 83 30 1956
1255 1749 56 30 års
1341 1751 159 39 taxering
1527 1752 130 33 räknas
1686 1755 79 29 med

261 1790 49 28 ett
330 1789 195 40 betydande
546 1794 173 37 utrymme
739 1792 56 30 för
816 1793 423 42 fyllnadsinbetalningar,
1261 1798 65 29 och
1346 1801 193 39 väsentliga
1559 1802 125 42 belopp
1705 1814 60 20 an-

263 1841 94 38 tages
379 1840 142 31 komma
544 1844 49 28 att
615 1843 126 39 inflyta
762 1844 111 29 under
895 1845 106 30 våren
1026 1846 82 30 1956
1130 1847 10 29 i
1164 1848 91 29 form
1278 1858 42 20 av
1342 1850 132 31 sådana
1495 1848 269 50 inbetalningar.

261 1889 92 30 Även
375 1890 112 30 under
509 1891 106 31 våren
642 1893 81 30 1957
748 1894 123 31 väntas
895 1894 128 41 inflyta
1047 1896 193 39 betydande
1264 1898 124 41 belopp
1413 1910 76 21 som
1514 1902 250 39 fyllnadsinbe-

261 1939 142 41 talning.

306 1989 392 43 Sammanfattningsvis
723 1994 64 29 har
811 1994 415 43 riksräkenskapsverket
1251 2002 113 28 ansett
1389 2001 51 42 sig
1463 2002 83 31 böra
1572 2005 189 39 uppskatta

261 2040 110 29 under
391 2040 214 40 budgetåren
632 2044 148 35 1955/56
802 2045 64 29 och
891 2047 148 35 1956/57
1064 2049 99 29 totalt
1185 2049 196 40 inflytande
1403 2053 206 38 preliminär
1631 2056 43 29 A-
1696 2057 64 29 och

260 2090 146 36 B-skatt,
428 2091 175 32 inklusive
626 2094 414 42 fyllnadsinbetalningar
1061 2108 41 20 av
1122 2100 204 38 preliminär
1346 2102 104 36 skatt,
1473 2103 52 30 till
1546 2104 97 31 cirka
1665 2107 18 29 9
1698 2107 64 30 540

260 2142 192 38 respektive
478 2143 39 29 10
532 2143 62 30 350
617 2145 164 39 miljoner
803 2146 140 32 kronor.
967 2148 115 30 Härav
1104 2149 64 30 har
1190 2151 151 39 antagits
1364 2152 81 40 ingå
1468 2154 219 39 preliminärt
1709 2156 53 30 in-

259 2191 113 31 betald
400 2194 234 37 garantiskatt
660 2196 78 29 med
766 2197 63 29 200
855 2198 196 39 respektive
1077 2200 62 30 240
1166 2201 165 39 miljoner
1357 2203 140 31 kronor.
1525 2205 13 29 I
1564 2206 116 29 vilken
1708 2209 53 27 ut-

260 2243 202 39 sträckning
491 2246 278 37 garantiskatten
797 2247 159 30 kommer
984 2250 51 28 att
1063 2250 155 40 erläggas
1247 2252 221 39 preliminärt
1496 2256 38 29 är
1563 2256 89 30 dock
1681 2266 80 30 syn-

259 2293 151 38 nerligen
433 2294 96 30 svårt
550 2297 50 27 att
621 2296 143 33 förutse,
787 2297 92 30 Även
901 2298 11 29 i
933 2298 112 40 övrigt
1066 2301 250 40 understrykes
1338 2305 49 28 att
1409 2304 42 29 de
1473 2305 149 39 angivna
1643 2307 116 39 belop-

258 2351 67 31 pen
349 2344 37 30 är
410 2345 129 30 osäkra
563 2345 95 30 inom
683 2347 80 31 vida
788 2348 211 39 marginaler
1024 2350 86 30 både
1136 2352 77 29 med
1240 2352 135 41 hänsyn
1402 2354 53 31 till
1481 2355 197 31 ovissheten
1702 2357 57 29 be-

258 2394 175 30 träffande
458 2395 339 41 skatteunderlagets
821 2399 201 40 utveckling
1045 2401 64 29 och
1133 2402 268 39 möjligheterna
1427 2405 54 30 för
1504 2415 41 21 en
1571 2408 54 29 del
1650 2407 107 29 skatt-

257 2443 158 40 skyldiga
435 2448 52 27 att
508 2447 10 29 i
539 2447 69 30 viss
630 2448 244 40 utsträckning
893 2450 94 39 välja
1010 2450 209 41 tidpunkten
1242 2453 55 30 för
1318 2454 198 31 skatternas
1539 2452 217 48 erläggande.
