1852 2778
221 170 239 30 Sammansatt
483 172 104 28 stats-
610 170 63 29 och
696 170 113 30 andra
834 170 210 39 lagutskotts
1070 170 179 30 utlåtande
1274 179 42 20 nr
1340 170 20 29 2
1384 169 39 30 år
1449 169 84 30 1957
1603 168 18 30 3

137 250 54 39 lag
215 250 89 31 skall
328 249 133 31 införas
484 260 44 20 en
552 260 46 30 ny
620 250 175 39 paragraf,
819 250 174 30 benämnd
1018 250 16 29 7
1050 259 29 25 a,
1103 259 41 21 av
1167 250 69 29 den
1259 250 128 39 lydelse
1411 258 75 21 som
1511 249 114 30 nedan

136 303 166 40 framgår.

845 374 70 37 48.

182 437 384 40 Moderskapspenning
582 437 99 40 utgår
697 438 11 29 i
724 437 92 30 form
831 447 42 20 av
887 437 271 40 grundpenning
1174 439 91 28 samt
1281 436 110 30 under
1406 436 127 30 villkor
1550 445 75 21 som

137 491 114 29 nedan
276 492 78 38 sägs
377 491 132 40 jämväl
534 491 11 30 i
570 491 91 30 form
685 500 43 21 av
754 490 217 40 barntillägg,
998 489 293 41 tilläggspenning
1314 490 63 29 och
1403 491 96 28 extra
1525 489 101 30 barn-

138 543 127 41 tillägg.

821 616 62 32 7a
909 615 27 37 8.

181 679 107 29 Extra
304 678 208 39 barntillägg
529 678 101 40 utgår
646 678 53 30 till
714 678 287 34 barnaföderska,
1020 687 75 21 som
1111 678 76 29 icke
1204 677 101 39 eljest
1321 677 63 29 har
1401 677 107 38 enligt
1525 677 100 38 lagen

136 732 67 30 den
223 732 41 30 26
284 732 67 39 juli
373 732 81 30 1947
483 732 59 34 (nr
563 732 80 34 529)
669 741 57 21 om
749 731 178 31 allmänna
947 731 211 39 barnbidrag
1179 730 328 39 bidragsberättigat
1528 730 96 33 barn,

137 787 90 28 samt
248 785 101 39 utgår
370 786 78 29 med
470 785 64 30 800
555 785 140 30 kronor.

179 839 52 29 Av
258 840 97 28 extra
381 838 210 40 barntillägg
618 839 101 39 utgår
747 838 193 30 trehundra
967 838 131 29 kronor
1126 838 57 29 vid
1212 838 141 29 barnets
1382 836 142 34 födelse,
1553 836 72 30 två-

135 892 262 30 hundrafemtio
413 893 131 29 kronor
561 893 43 29 då
619 892 123 30 barnet
758 892 148 39 uppnått
921 901 59 21 sex
997 891 185 30 månaders
1198 891 96 30 ålder
1311 892 89 29 samt
1410 890 214 29 tvåhundra-

137 945 121 30 femtio
279 946 130 29 kronor
429 946 45 29 då
495 946 122 29 barnet
638 945 151 40 uppnått
810 955 42 20 en
874 945 95 30 ålder
990 954 42 20 av
1053 947 48 27 ett
1122 944 48 30 år.

847 1034 38 30 13
909 1034 28 37 3.

180 1097 215 39 Statsbidrag
414 1097 102 39 utgår
532 1115 45 3 —
592 1115 44 3 —
650 1114 45 3 —
713 1096 176 39 nämligen
909 1096 55 30 för

135 1150 35 33 a)
200 1150 186 30 läkarvård
407 1150 65 29 och
494 1159 96 21 resor
611 1150 107 39 enligt
740 1150 18 29 3
783 1149 15 37 $
1396 1147 41 30 50
1462 1149 159 38 procent;

134 1203 38 34 b)
202 1204 268 39 grundpenning
720 1230 2 2 ara
766 1230 24 2 £
896 1230 2 2 |
1008 1230 2 2 |
1184 1230 2 2 |
1397 1201 41 30 50
1463 1202 159 38 procent;

134 1257 34 33 c)
197 1257 208 39 barntillägg
1230 1282 2 2 .
1399 1255 39 29 75
1464 1256 158 37 procent;

132 1310 38 34 d)
200 1312 98 28 extra
322 1310 209 40 barntillägg
896 1336 2 2 :
1377 1308 60 29 100
1462 1309 154 38 procent.

179 1364 194 38 Konungen
394 1365 80 38 äger
494 1382 45 3 —
558 1382 44 2 —
619 1381 44 3 —
683 1373 42 20 av
744 1363 189 30 desamma.

179 1497 123 29 Denna
320 1497 53 38 lag
392 1496 116 30 träder
527 1497 9 29 i
554 1496 95 30 kraft
666 1496 68 30 den
754 1497 14 28 1
788 1496 67 39 juli
875 1496 93 29 1957.

178 1630 34 34 c)
239 1632 126 37 antaga
386 1630 157 39 följande

808 1709 143 40 Förslag

853 1781 51 29 till

135 1848 71 38 Lag
226 1857 56 19 om
304 1847 134 30 ändrad
458 1847 130 39 lydelse
607 1857 42 20 av
671 1848 14 28 1
710 1847 16 37 8
750 1847 98 39 lagen
869 1847 66 30 den
956 1848 42 28 26
1017 1847 68 39 juli
1105 1846 83 30 1947
1213 1847 61 34 (nr
1294 1846 81 34 529)
1400 1856 55 19 om
1477 1845 147 31 allmänt

770 1899 209 40 barnbidrag

180 1989 211 38 Härigenom
408 1988 197 35 förordnas,
623 1990 50 28 att
694 1989 14 29 1
731 1988 15 37 $
766 1988 99 40 lagen
883 1988 67 30 den
969 1988 41 30 26
1027 1988 67 39 juli
1114 1987 81 30 1947
1221 1988 58 33 (nr
1298 1988 80 33 529)
1401 1997 58 20 om
1478 1987 145 30 allmänt

135 2042 210 39 barnbidrag
370 2042 87 29 skall
482 2042 132 30 erhålla
639 2042 158 39 följande
822 2041 153 30 ändrade
1000 2041 139 40 lydelse.

847 2130 65 37 18.

181 2193 66 29 För
266 2193 96 33 barn,
382 2202 74 20 som
474 2194 38 28 är
530 2193 126 29 svensk
674 2193 226 38 medborgare
918 2193 65 28 och
1001 2192 115 30 bosatt
1133 2192 10 29 i
1162 2192 100 33 riket,
1281 2192 88 29 skall
1387 2201 42 20 av
1446 2191 177 29 allmänna

137 2246 110 28 medel
278 2245 114 29 såsom
420 2245 122 38 bidrag
571 2245 51 29 till
650 2245 143 29 barnets
822 2244 184 39 uppehälle
1035 2245 64 28 och
1129 2244 209 39 uppfostran
1367 2244 82 38 utgå
1479 2243 145 29 allmänt

136 2298 210 39 barnbidrag
373 2298 78 29 med
479 2298 63 29 650
569 2298 130 29 kronor
725 2307 58 20 om
809 2297 73 30 året
907 2297 11 29 i
944 2297 153 38 enlighet
1123 2297 79 29 med
1228 2297 66 29 vad
1322 2296 113 29 nedan
1464 2297 160 28 närmare

137 2351 150 38 stadgas,
311 2350 87 30 dock
421 2352 50 28 att
494 2350 121 39 bidrag
639 2351 76 29 icke
740 2350 88 30 skall
852 2350 81 38 utgå
958 2349 55 30 för
1036 2350 57 29 det
1115 2351 125 37 yngsta
1264 2349 121 29 barnet
1408 2349 95 29 inom
1528 2348 96 39 varje

135 2403 126 39 familj.

180 2456 155 30 Allmänt
357 2456 211 39 barnbidrag
589 2473 19 4 —
653 2474 45 3 —
718 2474 45 3 —
767 2451 21 48 i
820 2455 98 30 riket.
