2228 2622
665 158 385 31 Konstitutionsutskottets
1078 157 162 31 memorial
1263 156 53 31 Nr
1338 157 29 30 4.
1739 156 38 30 217

392 259 222 41 (Nuvarande
638 259 151 41 lydelse:)
1240 257 218 41 (Föreslagen
1482 255 149 41 lydelse:)

1044 364 76 42 före
1147 364 115 43 första
1293 363 138 33 valåret
1458 361 169 44 gällande
1653 361 167 43 stadgan-

1046 414 77 42 den,
1153 419 85 36 äger
1264 413 33 43 ej
1324 413 78 33 med
1428 413 59 33 sin
1514 412 203 43 befattning
1732 412 88 42 fort-

1044 464 82 42 fara
1172 464 121 41 längre
1337 468 47 28 än
1442 463 54 32 till
1552 465 180 39 ulgången
1776 473 45 22 av

1046 513 158 34 nämnda
1244 514 51 32 år.
1350 512 172 42 Inträffar
1567 512 253 42 dessförinnan

1047 563 159 43 ledighet,
1247 563 93 33 skall
1378 562 127 42 sådan,
1546 561 78 34 med
1666 561 155 43 tillämp-

1045 614 88 41 ning
1199 624 44 22 av
1287 612 247 44 nyssnämnda
1585 611 234 43 stadganden,

1046 664 113 43 fyllas
1185 663 58 42 för
1270 662 68 35 den
1365 661 221 35 återstående
1614 661 108 34 tiden.

1144 714 49 33 al
1234 713 55 34 till
1328 713 115 43 första
1483 713 205 33 kammaren
1727 711 94 34 skall

1044 765 14 33 i
1098 764 80 34 hela
1218 764 92 34 riket
1349 764 172 42 förrättas
1561 762 114 34 under
1708 763 114 42 första

1043 815 139 34 valåret
1209 814 13 33 i
1249 813 192 44 september
1467 812 132 34 månad
1626 813 13 33 i
1658 812 69 34 den
1742 812 79 34 ord-

1043 865 100 42 ning,
1185 876 74 22 som
1286 864 59 43 för
1371 864 70 41 val,
1466 863 159 43 grundat
1647 863 50 42 på
1725 862 96 34 stad-

1040 915 166 42 gandena
1246 915 13 32 i
1291 916 23 32 7
1340 913 65 41 $2
1431 925 115 30 mom.,
1575 918 43 29 är
1644 913 177 42 föreskri-

1042 976 79 23 ven.
1176 965 72 33 För
1287 964 68 34 den
1389 975 117 32 grupp
1535 975 45 23 av
1606 963 214 43 valkretsar,

1043 1015 122 34 vilken
1192 1020 41 29 är
1261 1015 69 34 den
1355 1015 115 42 första
1495 1013 111 44 enligt
1624 1013 69 34 den
1713 1015 14 32 i
1745 1014 76 34 val-

1045 1066 102 43 lagen
1203 1065 132 34 mellan
1388 1075 208 33 grupperna
1648 1064 173 43 stadgade

1044 1116 165 43 ordning,
1252 1116 114 42 gäller
1404 1116 95 34 valet
1537 1114 42 34 de
1619 1115 77 33 åtta
1736 1116 86 33 åren

1043 1169 161 31 närmast
1231 1167 89 42 efter
1346 1166 115 43 första
1487 1165 149 42 valåret,
1656 1177 82 22 men
1765 1165 57 42 för

1044 1229 123 22 annan
1190 1228 118 32 grupp
1335 1217 57 42 för
1419 1216 98 34 tiden
1543 1215 86 43 från
1656 1216 64 33 och
1743 1215 79 35 med

1044 1269 75 33 året
1149 1270 163 31 närmast
1338 1267 90 42 efter
1454 1267 116 42 första
1596 1266 140 34 valåret
1764 1266 55 34 till

1044 1318 179 43 ingången
1250 1329 45 22 av
1320 1328 181 32 gruppens
1527 1319 182 32 närmaste
1732 1318 89 33 åtta-

1043 1367 197 44 årspertod.

1121 1418 207 34 Förordnar
1354 1417 207 43 Konungen
1588 1428 56 23 om
1664 1429 77 32 nya
1758 1417 60 34 val

1045 1469 56 34 till
1140 1469 116 42 första
1292 1469 216 41 kammaren,
1550 1468 116 34 innan
1706 1468 60 34 val
1806 1468 13 33 i

1044 1519 143 35 åttonde
1224 1530 166 32 gruppen
1429 1519 189 42 förrättats
1644 1519 59 42 för
1729 1519 90 33 åtta-

1043 1569 195 44 årsperiod,
1279 1570 100 34 skola
1420 1569 41 34 de
1487 1580 74 32 nya
1593 1569 106 34 valen
1723 1569 99 43 gälla

1043 1621 59 42 för
1124 1631 130 33 grupp,
1283 1631 76 23 som
1377 1620 75 34 valt
1470 1619 57 43 för
1546 1620 272 43 åttaårsperiod,

1043 1671 57 34 till
1131 1671 193 43 periodens
1363 1672 134 41 utgång
1525 1670 64 34 och
1615 1670 58 42 för
1699 1682 123 22 annan

1040 1733 117 32 grupp
1186 1721 57 33 till
1271 1721 126 44 början
1424 1732 45 23 av
1497 1720 80 35 dess
1603 1721 116 42 första
1734 1722 88 32 åtta-

1044 1771 195 44 årspertod.

1118 1823 91 33 Före
1240 1822 180 43 ingången
1452 1833 45 22 av
1524 1821 196 44 september
1745 1822 75 33 må-

1042 1872 73 35 nad
1154 1872 113 43 första
1297 1873 139 34 valåret
1461 1871 182 35 meddelar
1669 1872 149 34 Konun-

1038 1935 71 32 gen
1137 1923 240 34 bestämmelse
1404 1934 55 23 om
1486 1922 136 35 antalet
1639 1922 182 44 riksdags-

1042 1979 85 29 män
1167 1974 13 33 i
1219 1974 115 43 första
1375 1974 206 33 kammaren
1622 1972 58 43 för
1720 1973 101 44 varje

1042 2025 157 34 valkrets
1238 2025 90 43 efter
1371 2024 70 35 vad
1485 2024 13 33 1
1543 2026 23 31 6
1605 2023 19 41 $
1664 2024 23 34 5
1715 2035 103 23 mom.

1042 2080 92 39 sägs.

334 2158 207 34 Hänvisning:
563 2158 104 28 Första
690 2158 145 28 särskilda
856 2159 161 27 utskottets
1039 2157 156 28 utlåtande
1217 2167 36 18 nr
1277 2160 26 25 1.

562 2200 105 29 Första
690 2201 187 28 kammarens
899 2200 147 34 protokoll
1069 2200 59 27 den
1153 2201 39 26 24
1215 2199 69 34 maj.

564 2243 100 28 Andra
687 2243 188 28 kammarens
897 2242 148 35 protokoll
1067 2242 59 28 den
1151 2243 38 27 24
1213 2241 70 34 maj.
