2236 2622
672 148 380 32 Konstitutionsutskottets
1075 146 164 31 memorial
1262 145 53 31 Nr
1337 146 29 29 4.
1742 141 36 29 19

399 233 220 43 (Nuvarande
644 232 150 41 lydelse:)

1220 227 221 43 (Föreslagen
1466 227 153 40 lydelse:)

211 344 32 41 7)
267 342 181 41 angående
472 341 136 33 ändrad
634 341 137 39 lydelse
795 349 41 22 av
858 341 42 39 &$
921 340 31 39 6,
975 339 29 40 7,
1026 339 32 39 9,
1085 338 50 40 16,
1161 338 51 40 19,
1235 337 37 31 21
1297 336 67 33 och
1390 335 39 32 214
1446 333 373 42 riksdagsordningen

669 391 67 32 och
760 391 61 31 till
845 388 403 42 övergångsstadgande
1273 388 89 31 däri.

554 505 21 44 $
606 508 32 33 6.

289 593 30 32 1.
373 592 135 33 Första
523 591 238 33 kammarens
776 589 205 34 ledamöter

209 643 106 33 skola
354 642 56 34 till
451 644 54 31 ett
545 641 102 33 antal
681 651 47 23 av
761 639 218 34 etthundra-

209 692 131 35 femtio
385 695 102 31 utses
532 702 48 23 av
623 690 242 43 landstingen
911 689 69 34 och

209 742 344 43 stadsfullmäktige
580 742 12 33 i
621 741 45 34 de
686 740 137 42 städer,
844 751 79 23 som
944 739 33 43 ej

209 794 12 33 i
248 793 194 43 landsting
461 792 160 43 deltaga.
657 791 112 34 Valet
788 791 117 43 gäller
923 790 58 34 för

210 855 45 22 en
283 844 55 33 tid
366 854 48 23 av
442 854 64 22 sex
534 842 51 42 år,
614 842 167 33 räknade
809 840 84 34 från
917 841 64 33 och

208 893 79 34 med
330 893 152 43 januari
526 892 159 34 månads
725 891 135 42 början
901 890 81 34 året

210 946 87 31 näst
337 943 96 34 efter
474 942 72 42 det,
587 942 120 34 under
734 941 119 33 vilket
879 941 103 33 valet

211 994 108 34 skett.

287 1045 31 33 2.
372 1043 116 43 Varje
515 1041 368 44 landstingsområde
911 1042 70 33 och

210 1094 118 35 sådan
349 1094 97 42 stad,
467 1105 79 23 som
565 1105 52 22 nu
636 1096 42 31 är
697 1092 153 42 nämnd,
871 1094 110 41 utgör

209 1156 45 23 en
295 1145 176 42 valkrets,
513 1144 58 34 för
597 1144 137 41 vilken,
764 1143 95 34 efter
885 1142 96 34 folk-

209 1195 187 44 mängden
424 1196 102 33 inom
555 1195 84 33 dess
667 1193 164 43 område,
860 1193 121 43 väljes

209 1257 46 22 en
295 1245 261 43 riksdagsman
583 1245 59 33 för
668 1244 106 43 varje
802 1244 87 34 fullt
915 1244 64 40 tal,

208 1296 267 34 motsvarande
491 1307 45 23 en
552 1294 429 35 etthundrafemtiondel

210 1358 48 23 av
284 1347 115 34 rikets
427 1345 232 44 folkmängd.

287 1649 33 34 3.
360 1649 74 34 För
452 1648 176 43 valkrets,
650 1659 79 23 som
749 1648 69 33 har
836 1647 145 34 mindre

211 1699 221 44 folkmängd
460 1702 48 31 än
536 1699 12 33 i
567 1710 110 22 mom.
700 1699 19 33 2
741 1701 98 40 sägs,
859 1697 122 43 väljes

212 1750 96 34 dock
334 1761 46 23 en
407 1749 274 44 riksdagsman.

287 1902 33 33 4,
373 1901 136 34 Därest
550 1900 62 34 det
652 1901 103 34 antal
793 1900 189 44 riksdags-

211 1954 98 39 män,
339 1962 79 23 som
446 1951 85 34 med
559 1951 241 44 tillämpning
815 1962 47 23 av
881 1951 100 34 stad-

211 2002 174 44 gandena
412 2002 12 33 i
452 2013 111 23 mom.
594 2002 20 33 2
643 2002 69 33 och
741 2002 20 34 3
782 2002 66 33 bör
866 2004 113 41 utses,

210 2053 81 34 icke
340 2052 146 44 uppgår
529 2053 58 33 till
631 2052 349 43 etthundrafemtio,

211 2104 117 42 skola,
357 2103 58 34 för
442 2102 186 35 ernående
656 2114 48 22 av
733 2102 103 35 detta
864 2103 115 42 antal,

211 2154 45 34 de
313 2154 218 41 valkretsar,
584 2153 122 34 vilkas
759 2152 222 44 folkmängd

211 2207 95 32 mest
333 2203 236 44 överskjuter
597 2204 45 34 de
670 2204 65 43 tal,
764 2215 80 23 som
865 2204 117 43 enligt

1395 500 17 44 S
1447 503 31 33 6.

1129 589 31 32 1.
1205 587 136 33 Första
1360 586 235 33 kammarens
1615 583 206 34 ledamöter

1050 638 106 34 skola
1196 638 56 33 till
1294 639 53 31 ett
1387 636 102 33 antal
1526 646 47 22 av
1601 633 220 34 etthundra-

1049 688 131 34 femtio
1222 687 117 44 väljas
1379 697 44 23 av
1451 684 247 43 landstingens
1726 682 95 35 leda-

1050 741 109 32 möter
1198 738 62 34 och
1300 736 146 35 särskilt
1472 734 150 35 utsedda
1653 733 169 35 elektorer

1050 790 57 42 för
1134 789 42 34 de
1202 787 128 43 städer,
1358 799 75 22 som
1460 786 31 44 ej
1514 785 138 42 deltaga
1670 785 14 33 i
1703 783 120 34 lands-

1050 840 86 42 ting.
1191 839 111 34 Valet
1342 839 117 42 gäller
1499 837 58 33 för
1596 847 46 23 en
1683 834 55 34 tid
1774 845 48 23 av

1050 891 75 33 åtta
1166 889 52 41 år,
1260 888 166 35 räknade
1452 886 85 35 från
1564 885 153 43 januari
1744 884 78 34 må-

1049 941 96 33 nads
1190 939 135 43 början
1367 938 80 34 året
1486 939 87 31 näst
1613 935 95 35 efter
1748 935 73 42 det,

1050 991 120 33 under
1196 990 118 33 vilket
1341 989 101 34 valet
1469 988 108 33 skett.

1125 1041 34 34 2.
1214 1041 72 33 För
1312 1039 60 34 val
1399 1038 55 34 till
1480 1038 115 42 första
1619 1037 204 33 kammaren

1050 1096 42 29 är
1119 1091 90 34 riket
1236 1090 136 34 indelat
1398 1090 14 33 i
1438 1089 209 34 valkretsar.
1702 1085 120 35 Stock-

1051 1142 114 34 holms
1203 1140 82 35 stad
1324 1141 64 33 och
1430 1139 191 42 Göteborgs
1659 1136 81 35 stad
1766 1139 56 31 ut-

1046 1198 91 38 göra
1163 1204 67 22 var
1256 1192 59 43 för
1341 1191 54 43 sig
1424 1202 43 22 en
1485 1190 167 34 valkrets.
1686 1187 135 34 Annan

1049 1243 91 43 stad,
1187 1254 74 22 som
1306 1241 33 44 ej
1382 1241 156 43 deltager
1577 1240 13 32 i
1627 1238 193 43 landsting,

1050 1294 124 33 tillhör
1200 1304 137 23 samma
1360 1292 155 34 valkrets
1532 1301 75 23 som
1626 1289 57 34 det
1702 1288 119 34 lands-

1051 1343 249 43 tingsområde,
1329 1343 80 33 vari
1436 1341 125 34 staden
1579 1341 99 42 förut
1696 1339 124 42 ingått.

1049 1395 107 33 Flera
1185 1391 368 45 landstingsområden
1580 1391 123 33 kunna
1728 1401 93 22 sam-

1049 1445 186 41 manföras
1274 1444 13 33 i
1328 1454 42 23 em
1397 1443 173 39 valkrets;
1598 1452 80 22 men
1705 1440 32 44 ej
1764 1441 57 33 må

1052 1493 347 45 landstingsområde
1426 1493 98 34 delas
1551 1493 21 33 å
1601 1490 118 35 skilda
1744 1491 76 34 val-

1051 1546 149 34 kretsar.
1255 1544 237 43 Indelningen
1518 1544 14 33 i
1550 1542 198 35 valkretsar
1765 1542 56 33 in-

1050 1596 158 34 nehålles
1234 1596 14 33 1
1274 1595 174 43 vallagen.

1126 1648 34 33 3.
1214 1647 71 33 För
1310 1646 100 44 varje
1428 1645 157 34 valkrets
1603 1643 113 44 väljes
1735 1643 87 43 efter

1050 1697 253 43 folkmängden
1343 1696 97 34 inom
1480 1696 79 33 dess
1599 1693 142 35 område
1777 1704 44 23 en

1050 1748 250 42 riksdagsman
1326 1747 58 43 för
1409 1746 101 44 varje
1537 1745 85 43 fullt
1650 1744 60 42 tal,
1735 1746 86 32 mot-

1049 1798 178 35 svarande
1263 1809 43 23 en
1346 1794 396 45 etthundrafemtiondel
1777 1805 45 23 av

1050 1850 110 33 rikets
1186 1847 219 44 folkmängd.

1128 1901 33 32 4.
1215 1899 136 34 Därest
1391 1898 62 35 det
1493 1898 103 34 antal
1632 1896 191 44 riksdags-

1051 1954 100 39 män,
1181 1961 79 23 som
1288 1950 85 34 med
1400 1949 240 43 tillämpning
1658 1959 48 23 av
1724 1946 96 35 stad-

1047 2001 133 43 gandet
1223 2001 14 34 i
1276 2001 23 33 3
1339 2012 102 22 mom.
1482 2000 66 34 bör
1587 2003 113 38 utses,
1742 1999 79 34 icke

1051 2051 148 44 uppgår
1238 2051 58 35 till
1329 2050 346 42 etthundrafemtio,
1705 2050 115 42 skola,

1051 2102 59 35 för
1154 2101 186 35 ernående
1382 2113 47 22 av
1469 2101 103 34 detta
1613 2101 115 42 antal,
1776 2100 45 34 de

1051 2153 220 41 valkretsar,
1311 2152 121 34 vilkas
1472 2150 221 45 folkmängd
1726 2153 95 32 mest

1052 2203 235 43 överskjuter
1306 2203 45 34 de
1370 2203 64 42 tal,
1454 2214 80 22 som
1555 2202 118 43 enligt
1687 2212 136 24 samma
