2224 2622
663 141 381 32 Konstilutionsutskottets
1067 143 160 31 memorial
1250 144 53 30 Nr
1325 146 29 29 4.
1730 148 40 30 39

394 222 219 36 (Nuvarande
637 223 151 41 lydelse:)

203 327 152 43 infödda
372 329 151 33 svenska
543 329 162 34 kvinnor.
759 331 213 43 Konungen

202 389 89 22 vare
320 378 68 34 ock
415 379 183 43 obetaget,
627 383 66 39 att,
722 381 96 33 efter
845 382 128 33 veder-

204 428 184 34 börandes
417 429 176 42 hörande,
623 431 89 32 eller
739 430 102 43 uppå
865 431 108 34 deras

203 477 292 45 framställning,
520 479 55 33 till
595 480 379 44 lärarebefattningar

202 527 62 33 vid
271 528 703 45 universiteterna,deteologiskalärare-

204 577 213 42 tjänsterna
437 578 113 34 likväl
570 579 258 43 undantagna,
849 581 123 34 såsom

204 627 68 34 ock
296 628 56 33 till
373 629 135 33 lärare-
529 629 68 33 och
617 629 118 34 andra
755 630 217 34 beställnin-

202 689 69 31 gar
289 678 64 33 vid
373 678 118 34 andra
506 679 253 44 inrättningar
773 680 58 34 för
846 685 126 30 veten-

203 728 106 43 skap,
342 728 99 42 slöjd
473 729 89 34 eller
589 730 91 34 skön
709 731 121 41 konst,
860 734 112 31 även-

203 789 80 23 som
299 779 57 33 till
376 779 395 44 läkarebefattningar,
788 781 100 34 kalla
904 782 68 33 och

203 828 175 34 befordra
406 832 94 31 även
521 830 199 34 utländske
740 834 87 30 män
848 843 47 22 av
914 836 57 30 ut-

203 879 124 33 märkt
367 879 189 42 förtjänst,
598 881 45 33 de
686 880 68 34 där
782 881 71 34 den
881 893 91 23 rena

203 929 241 43 evangeliska
456 930 105 33 läran
573 930 183 34 bekänna.
774 931 197 35 Likaledes

203 979 61 34 må
279 979 213 44 Konungen
508 980 127 34 kunna
650 981 55 33 uti
720 981 163 34 militära
894 985 77 31 äm-

202 1030 110 33 beten
340 1030 126 42 nyttja
485 1031 198 34 utländske
712 1034 86 31 män
819 1043 48 22 av
885 1033 85 33 säll-

203 1082 89 41 synt
319 1080 232 44 skicklighet,
580 1093 85 22 men
693 1081 80 35 icke
793 1082 56 34 till
869 1083 102 34 kom-

202 1130 224 34 mendanter
440 1131 12 33 i
462 1131 274 44 fästningarna.
753 1133 74 33 Till
838 1133 133 35 konsul

202 1180 62 34 må
292 1181 67 33 ock
386 1181 179 34 utländsk
592 1194 88 22 man
708 1186 170 40 nämnas,
904 1184 68 34 där

202 1232 63 33 lön
294 1231 33 42 ej
354 1234 43 31 är
419 1232 84 34 med
523 1232 260 45 befattningen
803 1234 167 34 förenad.

202 1281 215 44 Konungen
428 1282 107 43 fäste,
547 1283 64 33 vid
618 1284 75 33 alla
700 1284 270 44 befordringar,

203 1332 186 34 avseende
418 1332 134 34 endast
578 1333 22 34 å
628 1334 45 33 de
693 1334 184 34 sökandes
896 1335 75 34 för-

202 1381 122 43 tjänst
352 1383 68 33 och
448 1383 234 43 skicklighet,
711 1396 85 22 men
825 1385 79 34 icke
923 1385 49 43 på

202 1432 110 34 deras
340 1433 102 33 börd.
479 1433 73 34 Till
580 1434 218 44 prästerligt
826 1436 145 33 ämbete

201 1483 90 33 eller
330 1483 57 34 till
427 1494 126 23 annan
585 1484 131 43 tjänst,
749 1486 154 34 varmed
930 1489 42 31 är

200 1533 149 34 förenat
364 1533 197 44 åliggande
577 1539 56 30 att
647 1535 173 35 meddela
835 1536 136 35 under-

199 1584 153 44 visning
383 1585 11 33 1
422 1585 230 34 kristendom
681 1586 89 34 eller
788 1587 183 44 teologisk

200 1635 219 43 vetenskap,
436 1635 72 34 kan
524 1636 134 34 endast
673 1636 71 34 den
757 1640 211 39 utnämnas,

199 1696 80 22 som
308 1685 188 34 bekänner
523 1686 72 34 den
618 1698 92 22 rena
730 1688 240 43 evangeliska

199 1736 119 33 läran.
352 1736 73 33 Till
444 1737 76 33 alla
539 1737 129 43 övriga
688 1738 172 34 ämbeten
881 1739 90 33 eller

199 1785 172 43 tjänster,
400 1786 85 34 med
513 1786 63 35 det
604 1788 197 43 undantag
827 1789 12 33 i
863 1800 106 23 avse-

199 1835 95 35 ende
323 1836 22 34 å
372 1836 221 35 statsrådets
620 1838 217 43 ledamöter,
858 1840 111 33 som
947 1831 25 54 i

199 1888 22 32 4
237 1884 22 43 $
279 1886 164 44 stadgas,
464 1891 60 30 må
543 1888 213 35 bekännare
776 1900 47 22 av
842 1901 126 22 annan

199 1937 140 34 kristen
355 1938 170 42 troslära,
542 1941 176 32 ävensom
736 1951 48 22 av
799 1939 71 35 den
892 1951 77 23 mo-

198 1987 137 43 saiska,
355 1988 127 34 kunna
501 1991 174 38 nämnas;
696 1990 95 34 dock
810 1990 60 35 må
888 1991 80 34 icke

198 2037 137 44 någon,
352 2049 79 23 som
451 2039 33 43 ej
508 2040 127 34 tillhör
654 2040 72 34 den
745 2052 90 23 rena
855 2052 113 23 evan-

199 2089 144 43 geliska
383 2090 116 42 läran,
541 2090 122 34 såsom
700 2090 151 35 domare
880 2092 89 34 eller

199 2139 229 35 innehavare
457 2151 47 22 av
531 2151 126 24 annan
677 2140 121 43 tjänst
816 2142 152 44 deltaga

199 2190 12 32 i
252 2190 284 44 handläggning
563 2192 88 33 eller
679 2192 213 43 avgörande
920 2204 48 22 av

1234 226 218 41 (Föreslagen
1476 228 150 42 lydelse:)

1044 333 122 34 märkt
1206 333 189 43 förtjänst,
1437 334 45 34 de
1523 335 68 34 där
1622 337 71 34 den
1722 349 91 23 rena

1044 383 241 41 evangeliska
1300 384 104 34 läran
1417 385 181 34 bekänna.
1615 387 197 35 Likaledes

1044 432 60 34 må
1118 433 213 43 Konungen
1348 434 127 34 kunna
1490 436 54 33 uti
1560 437 162 34 militära
1734 441 78 31 äm-

1043 483 108 33 beten
1180 484 128 41 nyttja
1336 484 198 34 utländske
1553 489 87 30 män
1660 498 47 22 av
1726 489 87 32 säll-

1043 535 88 39 synt
1158 532 232 44 skicklighet,
1415 546 84 22 men
1527 535 79 34 icke
1634 537 55 33 till
1710 537 102 34 kom-

1044 582 221 34 mendanter
1279 583 12 33 i
1307 583 273 44 fästningarna.
1596 586 215 35 Tillkonsul

1043 632 60 33 må
1131 632 67 33 ock
1227 633 178 34 utländsk
1433 645 87 22 man
1548 638 169 40 nämnas,
1745 638 68 33 där

1042 682 61 33 lön
1133 682 33 42 ej
1198 685 42 31 är
1258 683 85 34 med
1362 684 259 44 befattningen
1642 686 167 35 förenad.

1120 732 70 34 Till
1231 733 160 34 ämbeten
1432 735 63 33 och
1535 735 159 43 tjänster,
1729 750 82 22 var-

1042 794 55 22 om
1137 794 93 22 ovan
1268 789 93 37 sägs,
1393 786 58 32 må
1478 786 77 33 med
1582 787 228 44 tillämpning

1042 844 44 22 av
1123 833 168 42 grunder,
1331 845 75 23 som
1442 846 45 22 av
1519 836 202 43 Konungen
1748 839 63 33 och

1041 883 188 42 riksdagen
1278 884 186 42 godkänts,
1518 891 89 29 även
1660 888 153 34 kvinnor

1042 933 123 33 kunna
1195 936 193 32 utnämnas
1415 935 62 33 och
1504 935 193 44 befordras,
1725 938 87 34 dock

1041 985 52 31 all
1120 983 133 34 kvinna
1281 984 32 43 ej
1340 985 58 33 må
1425 988 192 32 utnämnas
1636 988 55 33 till
1705 994 105 37 präs-

1042 1033 102 43 terlig
1173 1034 122 43 tjänst,
1325 1034 66 34 där
1417 1035 33 44 ej
1476 1037 211 35 annorledes
1707 1039 104 34 blivit

1042 1083 148 34 bestämt
1217 1084 14 33 i
1258 1084 68 34 den
1353 1085 162 44 ordning,
1543 1088 51 33 87
1619 1087 19 41 $
1660 1089 26 33 2
1704 1100 103 23 mom.

1041 1134 156 43 stadgar.

1118 1185 72 33 Till
1218 1186 217 44 prästerligt
1461 1188 147 34 ämbete
1636 1190 90 33 eller
1753 1190 56 34 till

1042 1246 126 23 annan
1184 1235 132 43 tjänst,
1332 1238 154 33 varmed
1501 1241 41 31 är
1556 1238 148 36 förenat
1717 1240 92 44 ålig-

1041 1285 122 44 gande
1204 1289 55 31 att
1300 1286 171 35 meddela
1499 1288 310 46 undervisning
1785 1281 26 57 i

1041 1336 230 34 kristendom
1291 1337 89 34 eller
1394 1339 181 42 teologisk
1589 1341 219 43 vetenskap,

1040 1386 74 33 kan
1143 1386 135 34 endast
1305 1387 71 34 den
1405 1391 212 41 utnämnas,
1647 1401 79 24 som
1747 1392 60 33 be-

1041 1436 143 34 känner
1211 1436 72 34 den
1311 1448 90 23 rena
1429 1439 242 44 evangeliska
1690 1442 118 34 läran.

1040 1487 74 33 Till
1141 1487 75 33 alla
1243 1488 129 44 övriga
1400 1490 171 34 ämbeten
1596 1491 89 34 eller
1708 1492 102 43 tjän-

1040 1540 86 39 ster,
1156 1537 83 35 med
1269 1537 63 35 det
1359 1539 196 45 undantag
1581 1541 12 33 i
1621 1543 187 34 avseende

1039 1587 22 34 å
1094 1587 223 36 statsrådets
1344 1589 215 43 ledamöter,
1589 1603 80 22 som
1697 1592 8 34 i
1735 1594 21 33 4
1784 1591 24 44 &

1039 1638 166 44 stadgas,
1246 1639 61 34 må
1347 1640 212 35 bekännare
1600 1653 48 23 av
1679 1654 127 24 annan

1038 1689 139 33 kristen
1194 1690 169 41 troslära,
1384 1693 177 33 ävensom
1581 1703 47 23 av
1644 1692 71 35 den
1730 1706 79 22 mo-

1039 1739 135 42 saiska,
1192 1740 127 34 kunna
1339 1744 174 39 nämnas;
1533 1743 95 34 dock
1647 1744 62 34 må
1727 1745 80 34 icke

1038 1789 136 43 någon,
1191 1801 79 23 som
1291 1790 33 43 ej
1348 1791 127 35 tillhör
1493 1792 72 35 den
1584 1804 91 23 rena
1694 1806 113 23 evan-

1038 1840 142 43 geliska
1219 1841 118 42 läran,
1379 1841 121 36 såsom
1541 1844 151 34 domare
1720 1846 89 34 eller

1038 1891 230 34 innehavare
1296 1903 48 22 av
1371 1903 125 24 annan
1516 1893 121 43 tjänst
1657 1895 150 44 deltaga

1038 1941 11 33 i
1090 1941 285 45 handläggning
1402 1944 89 34 eller
1517 1946 215 42 avgörande
1759 1958 48 22 av

1037 1991 119 43 fråga,
1185 2003 80 23 som
1284 1993 118 43 angår
1419 1995 283 43 religionsvård,
1722 1997 84 34 reli-

1037 2042 384 46 glonsundervisning
1439 2046 89 33 eller
1546 2045 261 46 befordringar

1038 2092 101 34 inom
1169 2093 71 34 den
1269 2094 160 34 svenska
1456 2096 155 42 kyrkan.

1112 2143 214 44 Konungen
1367 2144 96 36 fäste
1490 2146 63 34 vid
1582 2147 74 34 alla
1684 2147 121 35 befor-

1038 2193 152 44 dringar
1210 2194 184 35 avseende
1414 2196 133 35 endast
1565 2196 22 34 å
1606 2197 46 35 de
1672 2199 133 33 sökan-
