1898 2780
266 135 36 30 16
718 134 287 30 Statsutskottets
1031 135 182 30 utlåtande
1238 144 44 20 nr
1305 135 30 29 9.

267 219 352 39 dispositionsanslag
642 220 78 28 med
743 218 18 30 3
776 218 63 30 500
854 219 63 29 000
939 220 141 29 kronor.
1104 219 175 39 Anslagen
1303 219 51 29 till
1379 219 110 40 Inköp
1512 229 42 20 av
1577 220 206 38 fastigheter

268 262 90 29 samt
383 261 367 39 Försvarsberedskap
776 261 56 30 vid
858 261 269 39 telegrafverket
1153 261 85 30 böra
1264 262 140 29 anvisas
1431 262 79 29 med
1538 262 149 29 allenast
1714 262 69 29 for-

268 302 103 30 mella
403 302 124 40 belopp
559 312 42 20 av
635 302 94 29 19000
761 303 140 29 kronor.
935 303 219 30 Hemställan
1186 313 56 20 om
1275 302 330 40 anslagsanvisning
1637 304 56 29 för
1724 314 59 20 an-

268 344 101 39 givna
393 344 165 30 ändamål
583 345 99 38 göres
706 345 110 31 under
840 345 200 39 punkterna
1067 345 85 29 7—9
1177 345 65 30 och
1269 345 139 29 11—14.

314 387 12 28 I
346 387 100 38 fråga
466 396 56 20 om
542 387 288 38 telegrafverkets
850 387 355 40 försvarsberedskap
1227 387 207 30 förutsätter
1454 387 69 39 jag,
1545 389 51 28 att
1616 389 57 30 det
1696 388 88 29 skall

269 428 35 30 få
329 429 191 29 ankomma
543 429 44 39 på
612 428 127 39 Kungl.
765 428 106 39 Maj:t
896 430 60 33 att,
982 429 89 29 efter
1095 429 265 39 framställning
1385 439 43 20 av
1452 429 331 40 telegrafstyrelsen,

269 470 247 39 omdisponera
545 471 96 29 äldre
671 470 255 39 anslagsmedel
956 471 37 29 så
1022 473 50 27 att
1100 471 94 30 vissa
1223 481 42 20 av
1293 472 41 29 de
1364 481 42 20 av
1436 472 170 38 styrelsen
1636 481 48 20 nu
1713 472 71 29 för-

268 512 128 31 ordade
421 512 397 39 beredskapsföretagen
842 513 122 29 kunna
989 513 147 29 utföras.
1163 513 12 29 I
1201 516 107 27 annat
1336 514 257 38 sammanhang
1618 514 166 29 hemstäl-

268 554 49 29 ler
339 554 61 38 jag
423 554 118 29 vidare
565 563 57 20 om
648 555 190 29 anvisande
864 564 41 20 av
931 554 61 30 775
1008 555 63 29 000
1096 555 131 29 kronor
1254 555 19 30 å
1298 555 211 39 tilläggsstat
1534 555 53 30 till
1612 556 171 29 försvars-

268 595 392 41 beredskapsändamål.

312 670 187 30 Utskottet.
521 671 77 29 Med
621 671 138 39 hänsyn
781 671 52 29 till
856 673 50 28 att
930 672 66 29 den
1018 672 209 39 utvidgning
1248 682 42 20 av
1312 672 211 30 totalramen
1546 672 54 30 för
1623 673 161 29 kominu-

268 721 329 30 nikationsverkens
620 721 281 39 kapitalutgifter
925 731 73 20 som
1024 722 182 30 befunnits
1230 722 123 39 möjlig
1377 723 54 29 för
1455 724 100 28 nästa
1579 723 171 39 budgetår
1774 723 10 28 i

267 771 110 30 första
400 771 94 30 hand
518 780 103 21 anses
643 771 84 30 böra
750 780 195 21 reserveras
967 772 55 29 för
1046 774 133 28 statens
1201 772 209 40 järnvägars
1434 773 111 30 behov
1568 773 74 34 har,
1667 773 116 30 såsom

271 821 111 29 under
413 822 159 38 punkten
607 822 74 33 1:0)
719 821 223 35 framhållits,
974 822 288 39 telegrafverkets
1293 822 352 40 investeringsvolym
1676 824 111 29 förut-

271 873 86 28 satts
377 871 98 30 skola
496 871 193 30 bibehållas
707 872 58 29 vid
783 881 42 20 en
845 872 214 31 oförändrad
1079 872 81 31 nivå
1179 883 41 20 av
1240 873 63 29 200
1323 873 165 39 miljoner
1506 874 142 29 kronor.
1669 873 117 40 Enligt

270 921 339 39 telegrafstyrelsens
637 931 42 20 av
706 922 387 39 departementschefen
1121 923 174 39 godtagna
1323 923 235 40 beräkningar
1587 923 114 30 skulle
1729 924 57 29 det

270 971 159 29 häremot
455 972 170 30 svarande
651 972 289 39 anslagsbehovet
964 973 117 40 uppgå
1105 974 53 28 till
1184 973 10 29 i
1219 976 83 27 runt
1327 974 48 29 tal
1403 973 88 34 185,5
1516 974 166 39 miljoner
1707 974 80 29 kro-

268 1030 72 20 nor.
366 1021 68 29 För
458 1023 51 28 att
532 1021 210 40 möjliggöra
766 1022 70 30 viss
860 1023 174 39 utökning
1058 1033 42 20 av
1125 1023 515 39 investeringsverksamheten,
1666 1024 118 30 därest

263 1070 125 30 hinder
411 1071 112 29 skulle
545 1072 97 28 möta
663 1073 73 28 mot
758 1073 48 28 ett
827 1072 283 39 förverkligande
1135 1072 10 29 i
1167 1073 65 29 full
1256 1073 215 39 omfattning
1492 1084 43 20 av
1556 1074 57 29 det
1635 1074 56 29 för
1715 1075 68 27 sta-

263 1122 76 29 tens
375 1122 190 38 järnvägar
601 1122 189 39 planerade
827 1124 247 37 programmet,
1109 1123 66 30 har
1209 1123 194 30 emellertid
1441 1124 342 39 departementsche-

271 1172 58 30 fen
353 1172 192 40 föreslagit,
571 1175 51 28 att
647 1174 187 29 därutöver
859 1183 42 20 en
927 1174 261 39 anslagsreserv
1213 1184 42 20 av
1282 1175 39 29 15
1348 1174 165 39 miljoner
1538 1175 133 29 kronor
1698 1175 89 29 skall

271 1223 121 30 ställas
410 1222 52 30 till
482 1223 126 39 Kungl.
629 1223 124 39 Maj:ts
771 1223 218 39 förfogande,
1008 1223 160 31 fördelad
1188 1224 89 30 efter
1296 1226 10 29 i
1326 1224 461 41 statsverkspropositionen

272 1274 162 29 närmare
455 1273 151 39 angivna
625 1274 153 38 grunder
796 1274 45 40 på
859 1275 41 29 de
919 1274 11 29 i
948 1274 283 41 huvudgruppen
1251 1275 145 30 telefon-
1414 1275 66 29 och
1499 1275 290 40 telegrafanlägg-

268 1323 124 39 ningar
415 1323 170 39 ingående
609 1324 177 39 anslagen.
809 1324 50 29 De
882 1325 111 29 under
1016 1324 288 40 telegrafverkets
1328 1325 86 30 fond
1438 1325 55 30 för
1516 1326 102 29 nästa
1641 1325 144 39 budget-

269 1373 37 29 år
334 1374 131 29 äskade
494 1374 167 39 anslagen
689 1374 123 40 belöpa
840 1374 51 39 sig
920 1374 147 31 sålunda
1097 1375 53 29 till
1179 1377 48 27 ett
1257 1375 235 39 sammanlagt
1520 1375 125 40 belopp
1674 1385 43 20 av
1745 1385 40 20 ca

268 1423 89 33 200,5
379 1423 166 39 miljoner
568 1424 142 29 kronor.

315 1473 145 30 Liksom
482 1473 146 40 tidigare
650 1474 39 29 år
710 1482 57 31 ger
789 1474 66 30 den
876 1476 11 29 i
909 1474 460 40 statsverkspropositionen
1391 1484 48 21 nu
1461 1476 164 30 lämnade
1646 1476 143 39 redogö-

264 1523 113 29 relsen
402 1523 58 29 vid
486 1523 151 33 handen,
665 1525 50 28 att
741 1524 55 29 för
822 1524 287 38 telegrafverkets
1135 1524 274 30 vidkommande
1438 1527 92 28 stora
1559 1525 224 39 möjligheter

266 1573 50 29 till
355 1573 245 39 vinstgivande
641 1574 65 29 och
747 1574 382 40 personalbesparande
1170 1574 255 40 investeringar
1466 1575 179 39 föreligga,
1689 1576 94 29 vilka

263 1624 132 38 jämväl
422 1633 42 20 ur
492 1624 258 29 allmänhetens
777 1625 181 39 synpunkt
985 1625 112 29 skulle
1124 1625 169 30 innebära
1321 1627 193 37 angelägna
1541 1626 243 29 standardför-

265 1674 206 39 bättringar.
498 1674 13 29 I
537 1674 171 30 samband
734 1675 78 29 med
838 1674 259 40 behandlingen
1122 1685 43 19 av
1190 1676 57 29 det
1272 1675 56 30 för
1353 1677 103 28 nästa
1480 1676 170 38 budgetår
1675 1676 109 29 fram-

264 1724 99 39 lagda
392 1724 168 39 förslaget
587 1725 52 29 till
668 1724 317 40 investeringsplan
1011 1725 56 30 för
1093 1725 464 30 kommunikationsverken
1584 1726 65 29 har
1677 1726 107 29 också

265 1775 172 29 utskottet
464 1775 112 29 starkt
601 1775 245 31 understrukit
871 1776 285 30 önskvärdheten
1181 1785 42 22 av
1248 1778 50 27 att
1324 1776 287 39 telegrafverkets
1637 1776 148 29 medels-

266 1824 333 40 förbrukningsram
634 1825 132 38 vidgas.
805 1825 185 39 Samtidigt
1023 1826 64 29 har
1123 1826 194 29 emellertid
1352 1827 171 30 utskottet
1557 1836 43 20 av
1636 1827 150 29 anförda

268 1875 75 29 skäl
369 1875 120 29 funnit
515 1875 51 39 sig
590 1875 85 30 böra
700 1876 148 38 godtaga
873 1876 66 29 den
965 1885 42 20 av
1031 1876 391 39 departementschefen
1447 1877 188 29 förordade
1661 1877 125 29 inrikt-

264 1925 129 39 ningen
429 1935 43 20 av
506 1925 481 31 kommunikationsverkens
1024 1927 155 29 samlade
1215 1926 471 39 investeringsverksamhet.
1725 1927 59 29 Ut-

265 1976 130 29 skottet
432 1976 194 39 tillstyrker
661 1976 150 30 sålunda
844 1978 51 28 att
932 1976 376 40 anslagsanvisningen
1346 1977 112 30 under
1495 1977 288 38 telegrafverkets

272 2026 85 30 fond
384 2027 56 31 för
466 2028 100 29 nästa
591 2027 171 38 budgetår
788 2036 170 31 anpassas
983 2028 89 29 efter
1096 2037 43 21 en
1165 2027 179 31 beräknad
1370 2028 352 39 investeringsvolym
1748 2038 42 20 av

269 2076 62 29 200
359 2076 167 39 miljoner
553 2077 141 29 kronor.
723 2077 125 39 Kungl.
877 2077 125 39 Maj:ts
1029 2078 134 39 förslag
1190 2078 53 29 till
1271 2078 201 39 fördelning
1499 2088 43 20 av
1569 2079 57 29 det
1655 2078 130 30 äskade

266 2124 250 40 totalbeloppet
540 2135 42 20 av
606 2125 90 34 200,5
720 2126 164 39 miljoner
908 2127 131 30 kronor
1063 2127 45 40 på
1132 2127 95 30 olika
1251 2128 122 39 anslag
1396 2128 66 29 och
1486 2128 297 40 anslagsgrupper

268 2175 64 30 har
351 2176 31 39 ej
404 2176 109 30 heller
533 2177 168 29 föranlett
720 2176 140 30 erinran
880 2176 81 31 från
981 2177 182 34 utskottet,
1185 2186 76 21 som
1279 2177 134 39 jämväl
1433 2178 116 30 finner
1569 2179 68 29 den
1656 2178 129 40 ifråga-

267 2226 90 30 satta
378 2226 334 39 omdisponeringen
733 2236 41 20 av
795 2226 93 30 vissa
908 2227 96 29 äldre
1025 2227 256 39 anslagsmedel
1303 2227 289 40 ändamålsenlig.

315 2277 178 30 Utskottet
515 2278 59 29 vill
599 2278 164 39 slutligen
786 2278 116 28 erinra
926 2287 57 20 om
1007 2279 50 28 att
1080 2278 45 39 på
1148 2280 114 37 grund
1285 2288 42 20 av
1351 2279 57 29 det
1432 2288 68 29 nya
1523 2279 265 39 kostnadsläget

269 2328 356 39 tilläggsstatsanslag
647 2328 21 30 å
692 2326 234 40 sammanlagt
951 2327 68 35 30,9
1042 2328 166 39 miljoner
1232 2329 132 29 kronor
1388 2330 134 29 ansetts
1546 2328 240 40 erforderliga,

270 2378 54 30 för
348 2380 50 28 att
423 2378 504 39 investeringsverksamheten
952 2378 238 30 innevarande
1216 2378 170 39 budgetår
1413 2379 89 29 skall
1528 2379 123 30 kunna
1676 2379 112 30 bedri-

266 2437 59 20 vas
351 2427 11 29 i
388 2427 97 30 förut
512 2428 169 38 planerad
708 2427 225 38 omfattning.
962 2427 13 28 I
1003 2427 144 29 särskilt
1175 2427 182 30 utlåtande
1384 2428 117 30 denna
1528 2429 67 38 dag
1623 2429 161 29 kommer
