1894 2780
267 130 40 30 54
724 129 289 31 Statsutskottets
1035 129 181 31 utlåtande
1238 139 43 20 nr
1302 130 31 29 9.

314 214 230 31 Beträffande
574 216 69 29 den
675 215 166 30 närmare
871 214 254 40 motiveringen
1159 215 56 31 för
1249 214 339 31 medelsäskandena
1621 214 166 32 hänvisas

271 265 52 30 till
344 265 264 40 propositionen
637 263 44 35 (s.
705 264 187 34 96-—104).

314 315 397 40 Departementschefen
735 316 66 30 har
825 315 172 40 tillstyrkt
1020 315 398 40 vattenfallsstyrelsens
1444 315 142 40 förslag.

315 413 187 32 Utskottet.
531 414 117 31 Under
674 414 215 40 hänvisning
915 415 54 29 till
997 415 67 30 vad
1091 414 174 31 utskottet
1292 414 113 30 under
1433 414 210 40 föregående
1671 414 115 39 punkt

271 463 117 31 anfört
411 464 57 31 får
490 464 171 31 utskottet
683 464 198 34 hemställa,

626 516 51 30 att
700 514 191 41 riksdagen
914 515 59 30 må
997 515 55 31 för
1074 515 208 40 budgetåret
1308 515 151 36 1952/53
1483 516 124 30 anvisa
1630 515 161 40 följande

583 565 368 40 investeringsanslag,
977 565 179 40 nämligen

583 624 37 34 a)
651 623 209 40 Utbyggnad
894 632 44 22 av
974 623 164 31 Västerås
1163 623 240 80 SLE

696 674 74 30 tion
827 697 182 7 oooosee.
1445 673 19 31 3
1479 673 64 30 000
1558 673 63 31 000
1646 674 143 32 kronour,

586 724 37 34 b)
653 723 238 40 Kraftstation
915 723 59 31 vid
994 699 223 64 Hölleforsen
1245 747 79 7 sera
1341 747 51 7 res
1448 724 94 30 1100
1557 724 63 30 000
1645 724 143 33 kronor,

585 775 35 35 c)
649 775 61 30 Ett
753 775 112 40 tredje
904 775 309 40 maskinaggregat
1243 777 12 30 i
1282 774 120 31 Stads-

696 825 141 39 forsens
860 825 229 40 kraftstation
1141 848 254 6 ............
1452 825 15 29 1
1484 824 64 30 000
1560 824 63 30 000
1648 825 143 32 kronor,

586 876 39 35 d)
654 876 76 30 Lån
770 876 54 30 till
859 876 250 40 Bergeforsens
1147 875 256 40 kraftaktiebo-

694 926 56 39 (Af
782 949 609 7 oeserereerrerr
1071 922 57 47 ere
1136 922 104 47 ror
1251 922 77 47 Artes
1342 922 53 47 bss
1425 926 37 29 11
1478 925 65 31 400
1557 926 64 30 000
1647 926 143 33 kronor,

585 977 34 34 e)
648 976 280 41 Kraftstationer
968 977 12 29 i
1019 976 224 31 Indalsälven
1272 975 131 32 mellan

699 1026 145 31 Litselet
868 1026 64 30 och
959 1026 185 30 Gesunden
1188 1049 208 6 ..........
1427 1026 40 29 21
1482 1025 63 30 000
1560 1026 64 30 000
1649 1026 142 32 kronor,

586 1078 31 34 f)
646 1077 238 40 Kraftstation
923 1075 59 32 vid
1018 1075 179 42 Kilforsen
1231 1100 164 7 ........
1426 1076 42 31 32
1482 1076 65 31 000
1561 1076 63 31 000
1650 1077 143 33 kronor,

586 1128 36 40 g)
651 1128 239 40 Kraftstation
913 1128 58 30 vid
991 1127 122 31 Lasele
1142 1150 254 7 ..........==+
1429 1127 38 30 11
1483 1126 64 31 000
1561 1126 65 31 000
1650 1127 143 34 kronor,

586 1179 40 34 h)
655 1178 53 40 Ny
733 1178 295 40 trefasgenerator
1050 1179 11 29 i
1081 1178 130 40 Porjus
1234 1175 169 43 kraftsta-

698 1228 73 31 liOM
827 1251 565 7 ooeeeeererrer
1072 1224 33 48 rr
1117 1224 33 48 er
1165 1224 87 48 srt
1276 1224 51 48 ter
1339 1224 57 48 ss
1480 1228 64 29 700
1558 1228 64 30 000
1647 1227 142 34 kronor,

597 1279 28 34 i)
654 1278 238 41 Kraftstation
920 1278 58 31 vid
1002 1278 243 40 Harsprånget
1277 1301 119 7 ......
1483 1277 64 31 300
1562 1277 64 31 000
1650 1278 144 34 kronor,

585 1329 32 40 ))
647 1329 237 40 Kraftstation
911 1328 57 31 vid
991 1328 230 40 Liggaforsen
1276 1354 93 3 -....
1426 1327 120 30 21000
1560 1327 64 30 000
1648 1327 144 30 kronor.

319 1446 97 35 25:0)
438 1447 348 36 Regleringsföretag.
806 1446 124 37 Kungl.
950 1445 104 37 Maj:t
1072 1445 65 30 har
1161 1445 132 41 (punkt
1312 1445 52 34 25,
1385 1454 26 23 s.
1433 1445 192 35 105—107)
1650 1445 146 30 föresla-

273 1497 48 38 git
340 1496 191 41 riksdagen
549 1499 51 29 att
618 1497 74 30 dels
711 1497 54 30 till
784 1497 93 31 vissa
895 1498 12 29 i
927 1496 387 40 statsrådsprotokollet
1334 1495 151 40 angivna
1504 1496 286 39 regleringsföre-

272 1548 59 38 tag
354 1546 56 31 för
433 1547 207 40 budgetåret
667 1547 152 36 1952/53
844 1547 123 30 anvisa
990 1546 359 40 investeringsanslag
1373 1546 21 30 å
1418 1546 149 40 tillhopa
1593 1546 39 30 13
1647 1546 65 30 600
1726 1546 64 30 000

273 1596 140 36 kronor,
438 1598 74 29 dels
535 1597 161 39 medgiva
718 1596 379 40 vattenfallsstyrelsen
1120 1598 50 28 att
1194 1596 139 39 deltaga
1355 1596 11 29 i
1390 1596 70 30 viss
1483 1596 306 40 vattenreglering.

319 1687 403 40 Vattenfallsstyrelsens
748 1687 255 41 anslagsbehov
1027 1689 55 30 för
1105 1690 103 29 nästa
1231 1688 173 39 budgetår
1427 1688 54 30 till
1504 1688 286 39 regleringsföre-

274 1740 57 38 tag
352 1747 102 22 avser
475 1738 159 40 följande
655 1738 153 40 företag:

1388 1799 126 29 Tidigare
1594 1795 89 28 Äskat
1701 1798 94 30 anslag

1397 1833 111 23 anvisat
1647 1830 114 33 1952/53

1473 1874 121 24 tusental
1613 1874 104 24 kronor

275 1922 184 40 Reglering
484 1932 43 20 av
550 1922 95 40 sjöar
668 1922 99 30 inom
792 1922 187 30 Dalälvens
1004 1922 220 30 flodområde
1256 1945 73 6 ....
1442 1922 62 31 500
1521 1923 10 18 1
1682 1923 64 30 600

275 1972 367 40 Regleringsåtgärder
665 1973 10 29 i
697 1972 322 40 Ångermanälvens
1042 1972 221 31 flodområde
1305 1997 29 6 ..
1390 1972 115 31 52500
1631 1973 39 30 13
1682 1973 63 30 000

1470 2041 136 30 Summa
1631 2040 38 31 13
1682 2040 63 31 600

319 2124 230 30 Beträffande
576 2124 66 30 den
669 2125 165 29 närmare
862 2124 254 39 motiveringen
1144 2124 56 30 för
1229 2124 190 39 styrelsens
1446 2123 183 31 äskanden
1657 2123 55 31 får
1739 2124 55 29 ut-

276 2175 129 30 skottet
422 2175 150 30 hänvisa
590 2175 52 29 till
663 2174 266 40 propositionen
955 2174 43 34 (s.
1022 2174 207 34 105—107).

317 2226 399 39 Departementschefen
746 2225 65 30 har
839 2225 171 39 tillstyrkt
1037 2224 398 40 vatltenfallsstyrelsens
1465 2224 142 40 förslag.

319 2318 188 31 Utskottet.
526 2318 117 30 Under
660 2317 215 39 hänvisning
891 2316 54 31 till
963 2317 67 30 vad
1049 2318 171 29 utskottet
1240 2317 113 29 under
1369 2317 161 39 punkten
1551 2317 99 34 23:0)
1674 2316 119 30 anfört

274 2368 55 30 får
348 2368 174 30 utskottet
541 2368 198 33 hemställa,

311 2445 8 14 !
338 2447 88 24 Avser
443 2430 100 41 endast
561 2446 97 31 Siljans
677 2446 151 31 utvidgade
840 2446 139 30 reglering.
