1892 2780
263 123 40 30 58
718 124 289 30 Statsutskottets
1030 125 180 30 utlåtande
1230 135 44 20 nr
1296 125 29 31 9.

811 281 422 43 Luftfartsfonden.

309 373 96 34 28:0)
429 374 217 29 Luftfartens
666 376 350 35 markorganisation.
1039 376 124 38 Kungl.
1184 377 106 39 Maj:t
1309 378 65 29 har
1400 377 131 40 (punkt
1552 377 52 35 28,
1626 388 26 21 s.
1676 378 107 30 113—

269 424 78 33 120)
377 424 183 39 föreslagit
586 425 188 39 riksdagen
799 428 50 29 att
874 426 53 29 till
951 426 207 30 luftfartens
1184 428 346 38 markorganisation
1557 428 56 30 för
1638 428 145 40 budget-

267 476 73 29 året
362 475 152 35 1952/53
534 475 121 29 anvisa
673 476 359 40 investeringsanslag
1052 477 20 30 å
1091 477 148 40 tillhopa
1258 477 94 30 2404
1365 478 63 29 000
1447 479 142 29 kronor.

310 567 116 30 Under
444 567 231 30 förevarande
692 568 124 30 rubrik
832 569 46 30 ha
896 569 55 29 för
968 568 237 31 innevarande
1223 570 170 39 budgetår
1411 570 156 30 anvisats
1589 571 13 29 1
1620 570 64 30 000
1703 571 78 29 kro-

267 626 63 21 nor
348 618 51 29 till
418 618 276 39 teleutrustning
712 628 46 20 m.
777 628 56 25 m.,
884 619 64 30 1000
966 620 133 29 kronor
1117 620 52 30 till
1189 620 137 34 fordon,
1347 620 180 30 maskiner
1545 621 65 29 och
1631 621 151 38 redskap

265 670 90 27 samt
375 668 64 29 400
452 668 65 30 000
537 668 116 30 såsom
674 669 303 30 luftfartsverkets
998 670 363 39 dispositionsanslag.

311 718 66 30 Vid
401 719 178 39 utgången
605 728 43 21 av
672 719 207 39 budgetåret
907 720 149 35 1950/51
1086 720 134 40 förelåg
1246 722 21 30 å
1292 721 148 39 tidigare
1467 721 166 30 anvisade
1659 721 124 40 anslag

267 777 43 21 en
334 768 205 40 behållning
565 778 42 21 av
634 769 11 29 i
672 772 84 28 runt
783 770 48 29 tal
858 770 67 34 21,1
952 770 167 40 miljoner
1146 771 141 30 kronor.
1316 771 75 30 Den
1421 772 14 29 1
1464 771 68 39 juli
1563 772 81 30 1951
1675 772 106 30 fanns

266 819 149 31 sålunda
440 821 50 28 ett
516 820 234 38 sammanlagt
775 820 125 40 belopp
925 830 43 20 av
993 821 165 39 omkring
1181 822 68 33 21,5
1273 821 166 40 miljoner
1463 822 133 30 kronor
1621 822 161 40 tillgäng-

265 868 62 40 ligt
355 869 55 30 för
436 870 181 39 pågående
644 870 65 29 och
736 879 69 30 nya
831 871 144 29 arbeten
1002 880 46 20 m.
1077 881 46 21 m.
1151 871 433 40 Investeringsutgifterna
1612 872 57 31 för
1696 872 85 30 luft-

265 919 134 30 fartens
429 920 347 39 markorganisation
805 921 173 30 stannade
1007 922 113 29 under
1149 922 206 39 budgetåret
1388 922 149 36 1950/51
1570 924 58 31 vid
1656 922 13 30 i
1696 924 84 28 runt

266 969 47 30 tal
337 970 45 34 5,1
405 970 169 39 miljoner
596 970 141 30 kronor.

309 1020 351 40 Luftfartsstyrelsen
678 1021 66 29 har
761 1021 56 30 för
835 1022 101 29 nästa
953 1022 172 39 budgetår
1143 1023 102 29 äskat
1262 1023 123 39 anslag
1403 1023 20 30 å
1440 1023 149 40 tillhopa
1607 1023 20 30 4
1641 1024 64 30 052
1718 1024 63 29 000

264 1071 140 29 kronor.
432 1071 178 39 Styrelsen
636 1071 217 34 framhåller,
880 1073 51 28 att
958 1072 171 39 styrelsen
1154 1090 45 4 —
1224 1073 80 29 med
1330 1073 227 39 iakttagande
1582 1083 42 21 av
1651 1075 129 29 största

261 1119 145 41 möjliga
430 1120 290 32 återhållsamhet
742 1140 46 4 —
810 1124 115 29 ansett
950 1122 52 41 sig
1025 1123 86 30 böra
1135 1123 55 30 för
1214 1123 207 40 budgetåret
1447 1125 151 35 1952/53
1623 1127 154 37 upptaga

264 1170 112 30 medel
397 1171 57 29 för
477 1171 149 30 allenast
651 1171 133 31 sådana
807 1172 143 30 arbeten
974 1183 46 20 m.
1045 1182 46 21 m.
1117 1182 74 20 som
1216 1173 108 39 enligt
1349 1174 190 38 styrelsens
1562 1175 219 29 bedömande

263 1221 76 29 icke
354 1222 86 29 utan
457 1221 181 39 allvarliga
653 1222 225 39 olägenheter
895 1223 123 30 kunna
1037 1223 139 39 skjutas
1193 1224 45 39 på
1256 1224 202 30 framtiden.
1478 1225 176 38 Styrelsen
1672 1225 108 29 fram-

263 1271 120 34 håller,
403 1273 52 28 att
475 1272 58 30 det
554 1272 54 30 för
626 1272 206 39 budgetåret
854 1273 152 35 1952/53
1026 1273 77 30 icke
1124 1275 38 28 är
1183 1274 140 39 möjligt
1343 1276 51 28 att
1421 1275 4 29 i
1448 1284 137 21 samma
1605 1276 175 29 utsträck-

264 1321 93 40 ning,
377 1331 76 20 som
472 1322 149 40 tidigare
638 1324 89 30 varit
747 1323 109 34 fallet,
876 1323 55 30 för
950 1324 42 29 de
1012 1333 69 30 nya
1100 1324 210 30 ändamålen
1332 1325 157 39 utnyttja
1510 1325 96 30 äldre
1627 1334 153 21 reserva-

263 1372 123 34 tioner,
411 1372 46 31 då
481 1373 103 30 dessa
609 1382 121 21 senare
752 1374 58 29 vid
835 1374 177 39 utgången
1037 1384 42 20 av
1103 1374 238 30 innevarande
1365 1375 172 39 budgetår
1562 1375 12 29 i
1598 1375 94 31 vissa
1718 1375 61 30 fall

263 1422 174 31 beräknas
461 1432 86 21 vara
569 1423 72 29 helt
666 1423 215 30 förbrukade
905 1424 84 30 eller
1013 1424 232 40 disponerade
1270 1425 56 30 för
1349 1425 95 30 olika
1469 1426 176 30 ändamål.

304 1472 231 32 Beträffande
552 1475 66 29 den
635 1476 164 28 närmare
816 1474 257 40 motiveringen
1090 1476 55 29 för
1162 1476 190 39 styrelsens
1371 1476 133 40 förslag
1520 1477 99 30 torde
1637 1477 36 30 få
1690 1477 86 30 hän-

261 1521 92 34 visas
374 1523 53 30 till
449 1524 266 39 propositionen
743 1524 43 33 (s.
812 1523 207 36 114—117).

304 1574 196 30 Yttranden
523 1575 82 30 över
626 1574 353 41 luftfartsstyrelsens
1002 1576 264 40 framställning
1287 1577 46 31 ha
1354 1577 148 40 avgivits
1525 1587 43 21 av
1588 1577 192 31 Scandina-

262 1624 78 31 vian
356 1624 153 32 Airlines
526 1625 137 39 System
684 1625 129 39 (SAS),
830 1626 125 40 chefen
970 1627 59 40 för
1043 1626 294 41 försvarsstaben,
1354 1628 256 31 riksnämnden
1626 1629 58 39 för
1699 1629 80 30 eko-

259 1675 141 30 nomisk
426 1675 367 41 försvarsberedskap,
821 1677 488 40 arbetsmarknadsstyrelsen
1338 1681 92 28 samt
1455 1679 134 30 statens
1617 1679 162 31 handels-

260 1726 64 29 och
349 1725 389 32 industrikommission
769 1727 43 33 (s.
839 1727 60 29 117
926 1728 65 29 och
1019 1727 95 35 118).

303 1818 397 40 Departementschefen
722 1819 65 31 har
808 1819 120 31 anfört
948 1819 170 40 följande.

302 1876 52 31 Då
374 1878 278 29 statsmakterna
672 1878 39 30 år
734 1877 84 30 1946
839 1878 134 31 fattade
993 1879 115 30 beslut
1127 1889 58 21 om
1205 1880 181 39 byggande
1407 1890 43 21 av
1470 1891 42 20 en
1534 1882 242 39 storflygplats

258 1919 58 31 vid
345 1920 200 39 Halmsjön,
576 1920 180 40 åsyftades
786 1931 43 20 en
859 1921 224 40 anläggning,
1114 1931 76 21 som
1219 1923 12 29 i
1260 1922 113 31 första
1402 1923 375 41 utbyggnadsetappen

258 1961 113 30 skulle
394 1961 110 40 draga
528 1972 42 21 en
594 1962 181 31 beräknad
799 1962 151 33 kostnad
976 1973 43 21 av
1042 1973 40 21 ca
1107 1963 67 34 78,7
1197 1964 166 40 miljoner
1387 1966 131 29 kronor
1542 1966 11 29 i
1578 1966 199 31 dåvarande

257 2003 275 40 penningvärde.
564 2005 123 30 Denna
714 2006 107 39 etapp
851 2006 196 30 omfattade
1078 2006 78 39 fyra
1186 2006 121 35 banor,
1337 2016 44 21 av
1410 2008 96 30 vilka
1536 2008 241 31 huvudbanan

258 2046 113 30 skulle
390 2047 46 30 ha
456 2057 43 20 en
520 2048 105 39 längd
645 2057 42 21 av
707 2047 18 29 2
743 2047 61 30 150
823 2050 111 28 meter
954 2049 66 29 och
1039 2058 62 21 var
1121 2049 65 29 och
1207 2059 42 20 en
1270 2058 42 21 av
1331 2049 195 31 bibanorna
1547 2060 43 20 en
1609 2050 106 39 längd
1735 2060 43 20 av

260 2087 94 30 1800
375 2090 121 28 meter.
519 2089 48 30 På
588 2091 113 38 grund
721 2099 43 21 av
785 2090 67 29 den
872 2089 85 36 kris,
979 2099 76 21 som
1077 2090 191 40 civilflyget
1287 2092 112 30 under
1420 2091 84 32 åren
1528 2091 173 31 1947—49
1723 2101 54 31 ge-

257 2130 174 39 nomgick,
457 2131 131 31 skedde
611 2131 190 30 successivt
824 2142 42 19 en
889 2133 234 40 omprövning
1145 2143 42 20 av
1210 2134 363 39 utbyggnadsplanen.
1597 2134 14 29 I
1634 2136 57 29 det
1714 2136 63 29 tio-

256 2171 226 40 årsprogram
505 2173 55 31 för
584 2174 201 40 utbyggnad
808 2184 43 20 av
872 2175 68 29 den
963 2174 104 32 civila
1090 2175 206 31 luftfartens
1320 2176 355 39 markorganisation,
1700 2187 75 20 som

257 2214 337 40 luftfartsstyrelsen
613 2216 172 31 framlade
802 2216 58 30 vid
879 2217 106 31 slutet
1003 2227 44 21 av
1066 2217 84 30 1949
1169 2218 65 29 och
1250 2227 78 21 som
1347 2218 179 39 återgivits
1544 2219 11 29 i
1574 2221 67 29 den
1660 2220 11 29 i
1692 2219 83 30 1950

257 2256 57 31 års
340 2258 417 39 statsverksproposition
788 2258 133 40 (bilaga
945 2258 59 34 26)
1036 2259 125 42 fogade
1185 2260 263 39 promemorian
1473 2260 180 40 angående
1679 2263 96 29 kom-

258 2299 394 32 munikationsverkens
677 2299 360 42 investeringsplaner
1061 2302 45 40 på
1131 2302 120 40 längre
1278 2302 69 30 sikt
1373 2312 45 20 m.
1444 2312 46 20 m.
1522 2301 43 34 (s.
1595 2303 94 38 142),
1716 2313 60 20 an-

258 2348 82 31 gavs
366 2341 118 30 såsom
510 2351 44 22 en
579 2341 111 31 första
716 2344 104 39 etapp
845 2341 308 41 färdigställandet
1179 2353 43 22 av
1246 2353 43 21 en
1314 2344 99 31 cirka
1438 2344 18 30 2
1471 2344 64 30 000
1560 2347 110 29 meter
1695 2346 81 39 lång

258 2383 90 32 bana
374 2384 113 39 jämte
515 2385 445 40 belysningsanordningar
987 2387 67 29 och
1081 2386 307 39 radioutrustning
1415 2388 92 29 samt
1535 2390 49 28 ett
1612 2388 165 30 stations-

257 2426 142 31 område
419 2428 82 29 med
523 2427 67 30 den
610 2427 113 30 första
742 2428 101 30 delen
864 2437 43 21 av
927 2427 370 41 stationsbyggnaden.
1320 2428 13 29 I
1355 2429 206 41 anslutning
1581 2430 52 30 till
1654 2432 48 28 ett
1722 2431 54 29 ut-
