1898 2788
543 138 289 30 Statsutskottets
855 138 181 30 utlåtande
1057 148 44 20 nr
1122 138 30 30 9.
1572 138 37 30 71

137 222 228 30 Beträffande
391 223 68 29 den
484 223 163 29 närmare
674 222 256 39 motiveringen
956 222 55 30 för
1038 223 102 29 dessa
1166 222 257 39 anslagsbehov
1449 222 98 29 torde
1574 221 37 30 få

92 273 165 32 hänvisas
281 275 53 29 till
358 274 266 40 propositionen
650 273 134 31 1948:2
815 273 75 34 (bil.
916 273 50 36 14,
990 284 33 30 p.
1048 273 52 34 8).

135 366 361 40 Byggnadsstyrelsen
521 366 65 30 har
610 366 181 29 hemställt
816 367 51 29 att
894 365 96 30 8000
1006 365 63 30 000
1096 365 131 30 kronor
1252 365 109 30 måtte
1388 364 141 31 anvisas
1555 364 56 30 för

90 416 206 39 budgetåret
317 416 151 36 1952/53
487 416 54 30 till
560 416 269 30 merkostnader
849 416 56 30 för
923 415 95 31 vissa
1037 415 338 40 byggnadsarbeten.

136 467 117 30 Under
276 467 85 30 åren
387 467 216 29 1949—1951
629 467 64 29 har
716 469 68 28 den
805 467 11 29 i
839 466 266 40 propositionen
1132 465 132 30 1948:2
1289 466 147 39 intagna
1459 465 151 30 förteck-

91 517 129 39 ningen
252 518 81 30 över
365 517 320 39 byggnadsföretag
716 517 89 30 efter
839 517 189 39 styrelsens
1062 517 133 39 förslag
1227 517 269 39 kompletterats
1529 517 80 29 med

91 568 92 31 vissa
207 568 146 39 företag,
377 568 56 29 för
454 568 96 29 vilka
573 568 188 39 riksdagen
785 567 138 30 anvisal
947 567 79 31 hela
1049 568 68 29 den
1141 567 251 39 ursprungliga
1415 567 195 39 byggnads-

90 619 209 29 kostnaden.
324 618 49 31 På
396 618 114 39 grund
532 628 43 21 av
598 619 68 30 den
689 618 109 30 sedan
823 627 200 21 sommaren
1048 618 84 29 1950
1156 617 194 30 inträffade
1376 617 234 30 kostnadsök-

94 671 130 38 ningen
246 671 112 29 måste
381 670 11 29 i
412 670 118 30 denna
552 670 224 39 förteckning
799 679 48 20 nu
871 669 138 40 intagas
1032 669 69 30 alla
1123 669 58 30 vid
1202 669 118 30 denna
1343 668 168 41 tidpunkt
1534 669 76 30 icke

90 720 246 39 färdigställda
355 719 154 34 arbeten,
530 719 95 30 vilka
643 719 172 29 beslutats
836 728 43 20 av
901 718 215 30 1948—1951
1140 718 57 30 års
1217 718 196 39 riksdagar,
1435 718 174 39 varjämte

90 770 202 39 ytterligare
314 769 115 32 medel
450 769 112 30 måste
585 770 175 29 beräknas
784 769 56 30 för
864 769 10 29 i
898 768 270 39 förteckningen
1191 769 109 29 redan
1325 769 182 38 ingående,
1532 768 77 30 icke

90 821 245 39 färdigställda
361 820 145 39 företag.
533 820 280 39 Förteckningen
839 820 63 29 bör
928 820 181 29 dessutom
1133 819 128 29 utökas
1287 819 82 30 med
1394 819 95 30 vissa
1513 819 96 30 äldre

89 871 329 40 byggnadsföretag,
439 870 95 31 vilka
553 870 148 40 tidigare
721 870 77 30 icke
819 871 134 29 ansetts
974 870 166 30 aktuella.

135 922 282 38 Förteckningen
436 921 169 30 omfattar
622 939 45 3 —
682 920 177 30 inklusive
876 921 42 29 de
938 921 93 30 fram
1048 920 54 30 till
1121 920 65 30 och
1202 920 81 29 med
1302 920 38 30 år
1361 920 83 30 1951
1465 919 145 40 intagna

89 972 364 40 kompletteringarna
471 989 45 3 —
533 971 329 39 byggnadsföretag,
885 971 55 30 för
960 971 95 31 vilka
1075 970 241 30 kostnaderna
1336 970 272 40 ursprungligen

89 1023 191 31 beräknats
295 1023 53 29 till
366 1022 37 29 71
419 1022 63 30 019
496 1022 63 29 300
575 1022 141 29 kronor.
733 1021 282 30 Medelsbehovet
1031 1021 55 29 för
1103 1022 50 29 att
1169 1021 104 29 täcka
1290 1021 42 29 de
1348 1021 93 29 intill
1459 1030 150 20 somma-

89 1082 63 21 ren
175 1073 83 29 1947
280 1072 194 30 inträffade
495 1072 419 39 kostnadsstegringarna
934 1071 55 30 för
1011 1072 103 29 dessa
1136 1071 143 30 arbeten
1302 1072 39 29 är
1362 1071 172 30 beräknat
1555 1071 53 30 till

90 1124 20 29 8
124 1123 139 30 629500
287 1124 143 29 kronor.
455 1123 54 29 En
531 1122 274 39 komplettering
829 1131 44 21 av
896 1121 270 39 förteckningen
1190 1121 46 39 på
1259 1122 58 29 det
1344 1122 68 29 sätt
1438 1122 171 38 styrelsen

90 1183 48 20 nu
163 1174 181 39 föreslagit
369 1173 113 30 skulle
506 1173 169 30 innebära
699 1174 50 29 att
773 1172 152 40 angivna
949 1172 126 39 belopp
1100 1172 20 29 å
1146 1172 36 29 71
1201 1172 63 29 019
1279 1172 64 30 300
1367 1172 132 30 kronor
1522 1173 87 29 ökas

89 1225 80 30 med
185 1224 40 30 27
243 1224 60 30 147
318 1224 63 30 000
399 1225 131 28 kronor
546 1224 53 30 till
616 1224 42 30 98
674 1224 61 29 166
750 1224 64 30 300
830 1224 132 29 kronor
979 1224 65 30 och
1061 1224 283 29 medelsbehovet
1362 1224 56 29 för
1436 1225 50 28 att
1505 1223 104 30 täcka

87 1276 42 29 de
143 1275 92 29 intill
252 1283 200 22 sommaren
471 1275 82 29 1947
570 1274 194 30 inträffade
779 1274 419 39 kostnadsstegringarna
1214 1274 118 39 uppgå
1347 1273 54 31 till
1419 1273 113 34 (8629
1546 1273 63 31 500

91 1327 37 35 +
147 1326 64 29 409
225 1325 81 34 000)
328 1325 95 30 90388
437 1325 64 30 500
518 1326 142 29 kronor.
678 1325 13 29 I
710 1325 54 30 sin
782 1325 168 30 skrivelse
967 1325 126 31 hösten
1114 1325 83 29 1950
1216 1332 114 32 angav
1348 1325 171 39 styrelsen
1538 1333 71 20 me-

89 1376 223 31 delsbehovet
336 1376 56 29 för
415 1377 51 28 att
489 1376 104 29 täcka
615 1376 42 29 de
679 1375 88 29 efter
791 1384 203 21 sommaren
1020 1374 82 30 1947
1128 1374 195 30 inträffade
1346 1375 263 39 kostnadssteg-

88 1426 167 39 ringarna
278 1426 55 30 för
356 1426 42 29 de
419 1426 12 28 i
454 1426 268 38 förteckningen
745 1427 182 38 upptagna
950 1425 375 39 byggnadsföretagen,
1349 1425 258 39 kompletterad

88 1477 46 39 på
155 1477 69 29 sätt
245 1477 171 38 styrelsen
436 1476 153 39 föreslog
608 1476 11 29 i
641 1476 203 33 skrivelsen,
866 1476 51 29 till
941 1475 18 30 2
974 1476 64 29 310
1053 1476 63 29 000
1137 1476 132 29 kronor
1291 1476 113 29 under
1425 1475 184 30 förutsätt-

89 1527 86 39 ning
195 1528 51 28 att
266 1527 81 39 inga
369 1527 202 39 ytterligare
593 1526 251 40 prisökningar
867 1526 114 30 skulle
1001 1527 129 38 uppstå
1152 1527 123 28 utöver
1298 1526 68 29 den
1390 1525 154 40 stegring
1567 1534 42 21 av

90 1578 19 28 4
132 1579 155 38 procent,
314 1586 76 21 som
414 1577 172 39 styrelsen
610 1577 134 29 anmält
766 1577 12 28 i
804 1577 54 29 sin
883 1577 168 29 skrivelse
1075 1576 126 30 hösten
1228 1576 95 29 1948.
1349 1576 99 29 Efter
1474 1585 135 21 samma

89 1628 154 39 grunder
265 1628 161 29 medföra
449 1628 41 29 de
514 1636 47 20 nu
586 1627 200 39 föreslagna
809 1627 365 39 kompletteringarna
1199 1636 42 21 av
1265 1626 270 39 förteckningen
1560 1628 49 28 ett

89 1678 202 39 ytterligare
315 1678 247 30 medelsbehov
586 1678 55 29 för
663 1677 223 39 öknipgarna
910 1678 94 29 fram
1027 1677 54 31 till
1108 1686 201 21 sommaren
1335 1677 84 30 1950
1445 1687 42 20 av
1512 1677 97 29 cirka

92 1729 61 29 120
166 1729 63 29 000
260 1729 143 29 kronor.
435 1728 280 30 Medelsbehovet
747 1728 56 30 för
835 1727 417 39 kostnadsstegringarna
1287 1728 89 29 efter
1409 1736 200 21 sommaren

93 1779 82 29 1947
203 1779 65 29 och
293 1779 93 29 intill
413 1788 200 20 sommaren
641 1778 83 30 1950
751 1778 137 39 uppgår
914 1778 135 30 således
1076 1778 52 29 till
1161 1777 113 34 (2310
1288 1778 63 30 000
1381 1779 37 36 +
1450 1777 154 34 120000)

90 1829 19 29 2
123 1829 64 30 430
202 1829 63 29 000
289 1830 142 28 kronor.
456 1829 197 29 Härutöver
676 1829 162 29 kommer
862 1828 194 30 emellertid
1080 1837 48 20 nu
1154 1829 57 28 det
1235 1827 203 40 ytterligare
1463 1828 147 29 medels-

90 1879 122 34 behov,
237 1888 75 20 som
339 1879 199 30 föranledes
565 1888 42 20 av
632 1879 67 29 den
726 1878 89 30 efter
843 1887 201 21 sommaren
1072 1878 84 29 1950
1184 1877 166 30 inträdda
1376 1878 234 29 kostnadsök-

89 1929 141 39 ningen.
248 1929 58 29 Ett
323 1929 202 39 ytterligare
543 1929 246 29 medelsbehov
807 1938 42 20 av
866 1928 11 29 i
896 1928 214 39 genomsnitt
1128 1928 42 30 30
1188 1929 146 38 procent
1351 1938 43 20 av
1412 1928 198 39 anslagsbe-

90 1980 127 39 loppen
233 1980 175 29 beräknas
425 1979 55 29 för
497 1980 126 28 nästan
641 1979 164 38 samtliga
821 1988 44 20 av
879 1979 41 29 de
937 1988 47 20 nu
1002 1978 200 39 föreslagna
1219 1978 329 39 byggnadsföretag,
1568 1988 43 20 av

91 2030 93 30 vilka
202 2030 153 29 flertalet
374 2031 95 28 ännu
489 2029 76 30 icke
584 2029 181 39 påbörjats
785 2031 92 27 samt
896 2030 55 29 för
967 2028 148 40 tidigare
1134 2029 11 29 i
1165 2028 270 40 förteckningen
1454 2029 155 39 intagna,

91 2081 94 28 ännu
203 2080 30 38 ej
253 2080 199 39 igångsatta
469 2080 145 38 företag.
633 2080 67 28 För
717 2080 41 28 de
777 2079 147 39 företag,
941 2079 96 30 vilka
1054 2078 183 40 påbörjats
1254 2078 111 30 innan
1383 2079 115 30 denna
1515 2080 96 29 kost-

91 2130 224 39 nadsökning
337 2130 102 38 slagit
459 2130 139 38 igenom
618 2139 80 20 men
720 2129 93 30 måst
834 2129 240 39 färdigställas
1096 2129 113 29 under
1230 2138 43 20 cen
1295 2129 149 39 kraftigt
1467 2129 143 39 förhöjd

91 2180 265 34 kostnadsnivå,
377 2181 39 28 är
437 2180 57 29 det
516 2179 222 39 erforderligt
760 2181 51 28 att
834 2180 113 29 räkna
970 2180 79 28 med
1071 2179 71 29 viss
1165 2179 93 38 lägre
1281 2180 217 38 procentuell
1521 2188 90 20 mer-

91 2230 163 33 kostnad,
281 2239 81 21 vars
390 2230 131 28 storlek
549 2230 176 37 avhänger
752 2239 44 20 av
823 2229 262 38 omfattningen
1112 2239 43 21 av
1182 2229 165 29 outförda
1376 2229 152 30 arbeten.
1558 2230 53 28 En

92 2281 96 28 inom
215 2280 171 38 styrelsen
412 2279 120 29 utförd
557 2279 195 38 beräkning
776 2278 135 30 utvisar
937 2280 49 28 ett
1010 2279 247 29 medelsbehov
1281 2288 42 20 av
1348 2287 41 23 ca
1416 2279 39 29 16
1470 2279 63 29 000
1548 2279 63 29 000

91 2331 141 29 kronor.
252 2329 241 38 Sammanlagt
511 2329 178 29 erfordras
709 2328 135 30 således
864 2328 55 30 för
938 2328 174 30 täckande
1131 2337 43 20 av
1192 2328 419 39 kostnadsstegringarna

92 2381 55 29 för
164 2380 163 38 samtliga
342 2379 42 29 de
401 2378 328 39 byggnadsföretag,
748 2388 76 19 som
842 2378 108 38 enligt
969 2378 190 39 styrelsens
1179 2377 133 39 förslag
1330 2387 47 21 nu
1398 2379 113 29 skulle
1529 2378 82 40 ingå

92 2431 10 29 i
122 2430 279 38 förteckningen,
425 2429 35 33 (9
476 2428 140 30 038500
637 2429 35 36 --
693 2429 18 29 2
725 2428 65 30 430
804 2428 64 29 000
888 2429 36 35 —--
948 2428 38 29 16
1001 2428 63 29 000
1080 2427 80 34 000)
1184 2427 117 30 27468
1315 2428 64 29 500
1398 2428 83 30 eller
1499 2428 11 29 i
1529 2430 83 28 runt
