2138 2656
734 201 249 45 Lag-Utskottets
1011 201 162 37 Utlåtande
1196 204 63 35 N:o
1281 208 51 30 32.
1740 206 45 37 33

1111 356 41 39 B.

531 441 243 50 Förordning
803 442 199 48 angående
1031 443 145 37 ändrad
1205 443 147 49 lydelse
1381 444 41 35 af
1446 441 45 49 $$
1523 446 57 46 12,
1612 446 57 46 14,
1700 447 58 46 57,
1781 447 58 46 58,

429 495 46 34 59
505 493 71 36 och
605 494 47 35 64
678 492 13 37 1
718 493 277 50 förordningen
1023 507 60 23 om:
1115 494 388 50 kommunalstyrelse
1531 495 10 36 i
1570 495 97 38 stad.

529 595 236 50 Härigenom
806 595 214 48 förordnas,
1060 600 55 32 att
1153 593 44 49 $$
1229 598 56 45 12,
1317 599 56 45 14,
1403 599 59 44 57,
1492 599 58 46 58,
1580 600 45 34 59
1654 598 71 36 och
1754 601 47 34 64
1828 599 12 36 i

429 647 277 49 förordningen
735 661 60 22 om
829 646 385 50 kommunalstyrelse
1241 647 12 36 i
1282 648 84 36 stad
1387 648 109 37 skola
1511 648 144 38 erhålla
1669 649 171 49 följande

429 698 168 37 ändrade
624 698 162 50 lydelse:

1083 815 20 49 g
1135 820 56 35 12.

530 901 230 38 Röstvärdet
787 902 60 36 för
875 902 85 47 den,
990 916 81 23 som
1100 903 64 36 vid
1182 903 140 37 allmän
1337 903 187 50 rådstuga
1538 905 301 50 röstberättigad

430 959 53 41 är,
522 953 235 37 bestämmes
792 953 96 36 efter
917 954 46 36 de
991 953 12 36 i
1031 958 133 33 senast
1191 954 206 38 faststälda
1425 956 182 37 mantals-
1636 957 71 37 och
1734 962 105 32 taxe-

429 1004 230 49 ringslängd
687 1009 203 44 upptagna
917 1005 145 36 värden
1091 1008 20 34 å
1138 1005 186 49 fastighet
1352 1007 71 36 och
1449 1006 140 51 belopp
1604 1008 42 36 af
1658 1008 179 48 inkomst,

429 1056 59 36 för
515 1055 131 37 hvilka
674 1055 212 50 bevillning
912 1056 57 35 till
998 1061 126 31 staten
1152 1057 192 48 erlägges,
1374 1058 163 37 sålunda
1565 1064 73 31 att:

529 1107 47 43 A)
616 1107 60 36 för
714 1106 188 49 fastighet
941 1107 191 37 beräknas
1177 1121 41 23 en
1245 1113 81 31 röst
1354 1108 60 37 för
1441 1110 254 48 uppskattadt
1721 1111 118 36 värde

429 1158 58 36 till
525 1157 154 50 belopp,
719 1157 303 50 understigande
1051 1159 111 46 4,000
1190 1158 158 47 kronor;
1378 1161 63 36 två
1463 1165 122 32 röster
1613 1161 58 36 för
1698 1161 141 50 belopp

429 1209 85 36 från
554 1208 72 37 och
666 1208 87 36 med
794 1210 110 47 4,000
932 1209 97 36 intill
1059 1211 110 45 6,000
1196 1210 159 46 kronor;
1385 1218 50 29 tre
1462 1216 123 32 röster
1612 1212 59 37 för
1698 1212 141 50 belopp

431 1261 85 36 från
545 1260 72 37 och
645 1259 84 37 med
762 1261 109 47 6,000
899 1260 96 36 intill
1026 1262 111 47 8,000
1165 1261 141 37 kronor
1335 1276 31 22 o.
1397 1275 28 23 8.
1455 1276 34 23 v.
1520 1268 98 32 samt

528 1311 44 43 B)
600 1311 60 37 för
687 1311 169 37 inkomst
884 1311 190 38 beräknas
1103 1326 41 23 en
1172 1317 80 31 röst
1281 1313 59 36 för
1361 1313 153 50 belopp,
1534 1314 304 50 understigande

430 1363 73 36 200
530 1362 159 47 kronor;
717 1364 63 36 två
807 1368 122 31 röster
958 1363 58 37 för
1044 1363 141 50 belopp
1213 1364 85 37 från
1327 1365 72 36 och
1426 1365 87 36 med
1542 1367 72 35 200
1641 1366 99 36 intill
1767 1368 72 35 300

430 1414 158 45 kronor;
617 1422 52 29 tre
698 1419 122 31 röster
848 1414 58 36 för
934 1414 140 50 belopp
1103 1415 83 36 från
1216 1415 71 37 och
1306 1416 87 36 med
1412 1417 72 36 300
1497 1416 99 37 intill
1610 1418 74 36 400
1699 1418 141 37 kronor

431 1479 32 23 0.
493 1478 29 24 8.
554 1479 34 23 V.

529 1516 46 48 Ej
618 1519 62 34 må
717 1516 64 36 vid
811 1516 140 37 allmän
978 1515 185 50 rådstuga
1192 1517 57 36 för
1276 1522 129 45 någon
1433 1519 92 36 flere
1554 1525 122 31 röster
1704 1520 131 37 beräk-

429 1580 82 35 nas,
541 1573 47 30 än
617 1580 81 24 som
727 1580 113 24 svara
868 1572 80 32 mot
975 1581 47 23 en
1050 1568 276 38 femtiondedel
1355 1569 41 37 af
1421 1570 156 37 stadens
1605 1571 87 36 hela
1720 1577 119 31 röste-

429 1618 52 37 tal
512 1618 97 36 efter
637 1618 263 48 röstlängden,
930 1619 70 36 och
1028 1628 11 36 i
1068 1618 96 38 intet
1193 1618 68 38 fall
1288 1620 91 37 flere
1406 1626 48 31 än
1470 1626 54 31 ett
1538 1621 151 38 hundra
1704 1627 133 32 röster.

1085 1735 20 49 $
1137 1740 55 34 14.

531 1820 126 37 Sedan
693 1821 181 36 mantals-
903 1821 70 36 och
1002 1822 368 50 taxeringslängden
1400 1823 126 37 blifvit
1554 1824 41 37 af
1619 1825 220 50 pröfnings-

428 1871 170 37 komitén
640 1872 209 49 granskad,
891 1878 202 44 upprättar
1132 1874 253 49 Magistraten
1426 1878 48 46 på
1500 1876 128 48 grund
1656 1877 112 37 deraf
1792 1891 47 23 en

428 1923 118 48 längd
588 1923 108 37 öfver
737 1924 158 36 stadens
931 1925 231 49 röstegande
1191 1925 261 48 medlemmar,
1476 1926 119 49 jemte
1624 1927 64 36 det
1714 1932 50 44 på
1792 1942 46 23 en

428 1973 95 38 hvar
551 1975 42 35 af
618 1974 85 37 dem
732 1975 217 49 belöpande
978 1976 168 36 röstetal.
1202 1977 122 36 Innan
1340 1977 125 37 denna
1479 1978 201 50 röstlängd
1699 1979 139 37 tilläm-

428 2039 81 35 pas,
552 2025 99 37 skall
692 2025 73 37 den
794 2026 59 37 för
881 2026 132 49 hvarje
1041 2030 107 46 gång
1176 2041 91 24 vara
1295 2028 116 37 minst
1440 2032 78 34 åtta
1546 2029 121 49 dagar
1696 2033 20 34 å
1742 2031 96 36 kun-

427 2076 132 49 gjordt
587 2077 110 36 ställe
725 2077 58 36 till
811 2078 243 49 granskning
1082 2079 205 49 framlagd.
1341 2080 268 49 Anmärkning
1636 2086 79 31 mot
1741 2087 97 32 röst-

428 2127 170 49 längden
625 2127 69 37 bör
722 2128 247 48 framställas,
997 2129 116 36 innan
1142 2133 118 46 något
1288 2131 141 36 ärende
1444 2131 58 36 till
1521 2132 238 50 behandling
1773 2133 65 36 vid

431 2178 193 37 allmänna
664 2178 212 50 rådstugan
904 2179 207 50 företages.
1168 2180 117 38 Ofver
1335 2182 201 37 framstäld
1583 2184 256 49 anmärkning

430 2229 198 37 meddelar
667 2230 256 49 Magistraten
963 2237 138 43 genast
1142 2232 66 37 sitt
1249 2233 127 36 beslut
1403 2234 71 36 och
1501 2234 101 36 inför
1629 2234 11 36 i
1667 2235 171 49 längden

430 2281 74 36 den
532 2280 169 48 rättelse,
718 2295 94 23 som
841 2282 113 36 deraf
978 2282 229 37 föranledes.
1262 2283 185 49 Missnöje
1476 2290 79 31 mot
1581 2285 169 37 beslutet
1777 2290 62 33 må

328 2349 73 32 Bih.
427 2349 47 32 till
497 2349 110 33 Riksd.
631 2350 87 32 Prot.
746 2352 97 30 1883.
892 2353 20 29 7
936 2349 98 33 Saml.
1079 2354 47 29 22
1148 2351 94 41 Häft.
1765 2356 20 34 5
