<?xml version="1.0" encoding="UTF-8"?>
<alto xmlns="http://www.loc.gov/standards/alto/ns-v3#" xmlns:xlink="http://www.w3.org/1999/xlink" xmlns:xsi="http://www.w3.org/2001/XMLSchema-instance" xsi:schemaLocation="http://www.loc.gov/standards/alto/ns-v3# http://www.loc.gov/alto/v3/alto-3-0.xsd">
	<Description>
		<MeasurementUnit>pixel</MeasurementUnit>
		<sourceImageInformation>
			<fileName>/tmp/tess_svlqmwm1_input.PNG</fileName>
		</sourceImageInformation>
		<OCRProcessing ID="OCR_0">
			<ocrProcessingStep>
				<processingSoftware>
					<softwareName>tesseract 5.3.0</softwareName>
				</processingSoftware>
			</ocrProcessingStep>
		</OCRProcessing>
	</Description>
	<Layout>
		<Page WIDTH="2151" HEIGHT="2645" PHYSICAL_IMG_NR="0" ID="page_0">
			<PrintSpace HPOS="0" VPOS="0" WIDTH="2151" HEIGHT="2645">
				<ComposedBlock ID="cblock_0" HPOS="730" VPOS="184" WIDTH="1081" HEIGHT="36">
					<TextBlock ID="block_0" HPOS="730" VPOS="184" WIDTH="1081" HEIGHT="36">
						<TextLine ID="line_0" HPOS="730" VPOS="184" WIDTH="1081" HEIGHT="36">
							<String ID="string_0" HPOS="730" VPOS="184" WIDTH="231" HEIGHT="34" WC="0.90" CONTENT="Statsutskottets"/><SP WIDTH="28" VPOS="184" HPOS="961"/>
							<String ID="string_1" HPOS="989" VPOS="185" WIDTH="162" HEIGHT="35" WC="0.94" CONTENT="Utlåtande"/><SP WIDTH="25" VPOS="185" HPOS="1151"/>
							<String ID="string_2" HPOS="1176" VPOS="185" WIDTH="64" HEIGHT="34" WC="0.94" CONTENT="N:o"/><SP WIDTH="23" VPOS="185" HPOS="1240"/>
							<String ID="string_3" HPOS="1263" VPOS="189" WIDTH="29" HEIGHT="30" WC="0.96" CONTENT="8."/><SP WIDTH="483" VPOS="189" HPOS="1292"/>
							<String ID="string_4" HPOS="1775" VPOS="189" WIDTH="36" HEIGHT="31" WC="0.96" CONTENT="41"/>
						</TextLine>
					</TextBlock>
				</ComposedBlock>
				<ComposedBlock ID="cblock_1" HPOS="213" VPOS="270" WIDTH="1619" HEIGHT="2103">
					<TextBlock ID="block_1" HPOS="213" VPOS="270" WIDTH="1607" HEIGHT="419">
						<TextLine ID="line_1" HPOS="213" VPOS="270" WIDTH="1604" HEIGHT="59">
							<String ID="string_5" HPOS="213" VPOS="271" WIDTH="156" HEIGHT="41" WC="0.92" CONTENT="bränsle."/><SP WIDTH="56" VPOS="271" HPOS="369"/>
							<String ID="string_6" HPOS="425" VPOS="272" WIDTH="13" HEIGHT="40" WC="0.92" CONTENT="I"/><SP WIDTH="42" VPOS="272" HPOS="438"/>
							<String ID="string_7" HPOS="480" VPOS="270" WIDTH="389" HEIGHT="42" WC="0.87" CONTENT="öfverensstämmelse"/><SP WIDTH="44" VPOS="270" HPOS="869"/>
							<String ID="string_8" HPOS="913" VPOS="274" WIDTH="157" HEIGHT="40" WC="0.96" CONTENT="härmed"/><SP WIDTH="43" VPOS="274" HPOS="1070"/>
							<String ID="string_9" HPOS="1113" VPOS="274" WIDTH="166" HEIGHT="54" WC="0.93" CONTENT="föreslog"/><SP WIDTH="33" VPOS="274" HPOS="1279"/>
							<String ID="string_10" HPOS="1312" VPOS="274" WIDTH="337" HEIGHT="55" WC="0.90" CONTENT="domänstyrelsen,"/><SP WIDTH="30" VPOS="274" HPOS="1649"/>
							<String ID="string_11" HPOS="1679" VPOS="284" WIDTH="51" HEIGHT="32" WC="0.96" CONTENT="att"/><SP WIDTH="28" VPOS="284" HPOS="1730"/>
							<String ID="string_12" HPOS="1758" VPOS="276" WIDTH="59" HEIGHT="40" WC="0.96" CONTENT="för"/>
						</TextLine>
						<TextLine ID="line_2" HPOS="214" VPOS="330" WIDTH="1603" HEIGHT="50">
							<String ID="string_13" HPOS="214" VPOS="330" WIDTH="244" HEIGHT="47" WC="0.92" CONTENT="kronojägare"/><SP WIDTH="40" VPOS="330" HPOS="458"/>
							<String ID="string_14" HPOS="498" VPOS="330" WIDTH="109" HEIGHT="34" WC="0.96" CONTENT="lönen"/><SP WIDTH="37" VPOS="330" HPOS="607"/>
							<String ID="string_15" HPOS="644" VPOS="333" WIDTH="117" HEIGHT="32" WC="0.94" CONTENT="måtte"/><SP WIDTH="32" VPOS="333" HPOS="761"/>
							<String ID="string_16" HPOS="793" VPOS="330" WIDTH="228" HEIGHT="36" WC="0.94" CONTENT="bestämmas"/><SP WIDTH="28" VPOS="330" HPOS="1021"/>
							<String ID="string_17" HPOS="1049" VPOS="332" WIDTH="57" HEIGHT="34" WC="0.94" CONTENT="till"/><SP WIDTH="32" VPOS="332" HPOS="1106"/>
							<String ID="string_18" HPOS="1138" VPOS="334" WIDTH="71" HEIGHT="33" WC="0.96" CONTENT="400"/><SP WIDTH="30" VPOS="334" HPOS="1209"/>
							<String ID="string_19" HPOS="1239" VPOS="332" WIDTH="141" HEIGHT="34" WC="0.96" CONTENT="kronor"/><SP WIDTH="28" VPOS="332" HPOS="1380"/>
							<String ID="string_20" HPOS="1408" VPOS="339" WIDTH="94" HEIGHT="28" WC="0.93" CONTENT="samt"/><SP WIDTH="28" VPOS="339" HPOS="1502"/>
							<String ID="string_21" HPOS="1530" VPOS="333" WIDTH="287" HEIGHT="47" WC="0.90" CONTENT="tjenstgörings-"/>
						</TextLine>
						<TextLine ID="line_3" HPOS="214" VPOS="381" WIDTH="1602" HEIGHT="50">
							<String ID="string_22" HPOS="214" VPOS="381" WIDTH="263" HEIGHT="47" WC="0.91" CONTENT="penningarne,"/><SP WIDTH="42" VPOS="381" HPOS="477"/>
							<String ID="string_23" HPOS="519" VPOS="394" WIDTH="58" HEIGHT="22" WC="0.96" CONTENT="om"/><SP WIDTH="37" VPOS="394" HPOS="577"/>
							<String ID="string_24" HPOS="614" VPOS="381" WIDTH="69" HEIGHT="35" WC="0.95" CONTENT="han"/><SP WIDTH="32" VPOS="381" HPOS="683"/>
							<String ID="string_25" HPOS="715" VPOS="394" WIDTH="90" HEIGHT="22" WC="0.90" CONTENT="vore"/><SP WIDTH="30" VPOS="394" HPOS="805"/>
							<String ID="string_26" HPOS="835" VPOS="382" WIDTH="145" HEIGHT="35" WC="0.90" CONTENT="anstäld"/><SP WIDTH="34" VPOS="382" HPOS="980"/>
							<String ID="string_27" HPOS="1014" VPOS="383" WIDTH="9" HEIGHT="34" WC="0.96" CONTENT="i"/><SP WIDTH="29" VPOS="383" HPOS="1023"/>
							<String ID="string_28" HPOS="1052" VPOS="386" WIDTH="117" HEIGHT="44" WC="0.96" CONTENT="något"/><SP WIDTH="30" VPOS="386" HPOS="1169"/>
							<String ID="string_29" HPOS="1199" VPOS="382" WIDTH="38" HEIGHT="36" WC="0.96" CONTENT="af"/><SP WIDTH="26" VPOS="382" HPOS="1237"/>
							<String ID="string_30" HPOS="1263" VPOS="383" WIDTH="44" HEIGHT="35" WC="0.96" CONTENT="de"/><SP WIDTH="30" VPOS="383" HPOS="1307"/>
							<String ID="string_31" HPOS="1337" VPOS="396" WIDTH="67" HEIGHT="22" WC="0.95" CONTENT="sex"/><SP WIDTH="29" VPOS="396" HPOS="1404"/>
							<String ID="string_32" HPOS="1433" VPOS="383" WIDTH="229" HEIGHT="48" WC="0.96" CONTENT="nordligaste"/><SP WIDTH="30" VPOS="383" HPOS="1662"/>
							<String ID="string_33" HPOS="1692" VPOS="384" WIDTH="124" HEIGHT="44" WC="0.96" CONTENT="länen,"/>
						</TextLine>
						<TextLine ID="line_4" HPOS="214" VPOS="432" WIDTH="1603" HEIGHT="50">
							<String ID="string_34" HPOS="214" VPOS="433" WIDTH="53" HEIGHT="34" WC="0.86" CONTENT="till"/><SP WIDTH="45" VPOS="433" HPOS="267"/>
							<String ID="string_35" HPOS="312" VPOS="433" WIDTH="67" HEIGHT="35" WC="0.92" CONTENT="150"/><SP WIDTH="41" VPOS="433" HPOS="379"/>
							<String ID="string_36" HPOS="420" VPOS="433" WIDTH="149" HEIGHT="44" WC="0.94" CONTENT="kronor,"/><SP WIDTH="30" VPOS="433" HPOS="569"/>
							<String ID="string_37" HPOS="599" VPOS="446" WIDTH="81" HEIGHT="22" WC="0.96" CONTENT="men"/><SP WIDTH="40" VPOS="446" HPOS="680"/>
							<String ID="string_38" HPOS="720" VPOS="432" WIDTH="110" HEIGHT="47" WC="0.95" CONTENT="eljest"/><SP WIDTH="28" VPOS="432" HPOS="830"/>
							<String ID="string_39" HPOS="858" VPOS="433" WIDTH="56" HEIGHT="35" WC="0.96" CONTENT="till"/><SP WIDTH="34" VPOS="433" HPOS="914"/>
							<String ID="string_40" HPOS="948" VPOS="436" WIDTH="69" HEIGHT="33" WC="0.95" CONTENT="100"/><SP WIDTH="31" VPOS="436" HPOS="1017"/>
							<String ID="string_41" HPOS="1048" VPOS="434" WIDTH="156" HEIGHT="44" WC="0.96" CONTENT="kronor;"/><SP WIDTH="29" VPOS="434" HPOS="1204"/>
							<String ID="string_42" HPOS="1233" VPOS="441" WIDTH="51" HEIGHT="28" WC="0.93" CONTENT="att"/><SP WIDTH="28" VPOS="441" HPOS="1284"/>
							<String ID="string_43" HPOS="1312" VPOS="435" WIDTH="293" HEIGHT="47" WC="0.91" CONTENT="resepenningar"/><SP WIDTH="29" VPOS="435" HPOS="1605"/>
							<String ID="string_44" HPOS="1634" VPOS="438" WIDTH="117" HEIGHT="32" WC="0.96" CONTENT="måtte"/><SP WIDTH="31" VPOS="438" HPOS="1751"/>
							<String ID="string_45" HPOS="1782" VPOS="435" WIDTH="35" HEIGHT="35" WC="0.96" CONTENT="få"/>
						</TextLine>
						<TextLine ID="line_5" HPOS="215" VPOS="483" WIDTH="1604" HEIGHT="51">
							<String ID="string_46" HPOS="215" VPOS="484" WIDTH="196" HEIGHT="48" WC="0.91" CONTENT="uppbäras,"/><SP WIDTH="41" VPOS="484" HPOS="411"/>
							<String ID="string_47" HPOS="452" VPOS="487" WIDTH="120" HEIGHT="33" WC="0.96" CONTENT="såsom"/><SP WIDTH="42" VPOS="487" HPOS="572"/>
							<String ID="string_48" HPOS="614" VPOS="498" WIDTH="48" HEIGHT="22" WC="0.94" CONTENT="nu"/><SP WIDTH="39" VPOS="498" HPOS="662"/>
							<String ID="string_49" HPOS="701" VPOS="497" WIDTH="90" HEIGHT="24" WC="0.94" CONTENT="vore"/><SP WIDTH="30" VPOS="497" HPOS="791"/>
							<String ID="string_50" HPOS="821" VPOS="483" WIDTH="118" HEIGHT="47" WC="0.96" CONTENT="fallet,"/><SP WIDTH="31" VPOS="483" HPOS="939"/>
							<String ID="string_51" HPOS="970" VPOS="485" WIDTH="39" HEIGHT="35" WC="0.93" CONTENT="af"/><SP WIDTH="25" VPOS="485" HPOS="1009"/>
							<String ID="string_52" HPOS="1034" VPOS="485" WIDTH="251" HEIGHT="49" WC="0.91" CONTENT="kronojägare"/><SP WIDTH="31" VPOS="485" HPOS="1285"/>
							<String ID="string_53" HPOS="1316" VPOS="485" WIDTH="10" HEIGHT="36" WC="0.96" CONTENT="i"/><SP WIDTH="40" VPOS="485" HPOS="1326"/>
							<String ID="string_54" HPOS="1366" VPOS="485" WIDTH="45" HEIGHT="37" WC="0.95" CONTENT="de"/><SP WIDTH="35" VPOS="485" HPOS="1411"/>
							<String ID="string_55" HPOS="1446" VPOS="486" WIDTH="246" HEIGHT="36" WC="0.95" CONTENT="norrländska"/><SP WIDTH="30" VPOS="486" HPOS="1692"/>
							<String ID="string_56" HPOS="1722" VPOS="494" WIDTH="97" HEIGHT="29" WC="0.96" CONTENT="samt"/>
						</TextLine>
						<TextLine ID="line_6" HPOS="215" VPOS="535" WIDTH="1603" HEIGHT="50">
							<String ID="string_57" HPOS="215" VPOS="535" WIDTH="262" HEIGHT="49" WC="0.96" CONTENT="Kopparbergs"/><SP WIDTH="28" VPOS="535" HPOS="477"/>
							<String ID="string_58" HPOS="505" VPOS="536" WIDTH="60" HEIGHT="35" WC="0.95" CONTENT="län"/><SP WIDTH="30" VPOS="536" HPOS="565"/>
							<String ID="string_59" HPOS="595" VPOS="536" WIDTH="68" HEIGHT="35" WC="0.96" CONTENT="och"/><SP WIDTH="31" VPOS="536" HPOS="663"/>
							<String ID="string_60" HPOS="694" VPOS="536" WIDTH="194" HEIGHT="36" WC="0.95" CONTENT="dessutom"/><SP WIDTH="30" VPOS="536" HPOS="888"/>
							<String ID="string_61" HPOS="918" VPOS="536" WIDTH="40" HEIGHT="36" WC="0.93" CONTENT="af"/><SP WIDTH="25" VPOS="536" HPOS="958"/>
							<String ID="string_62" HPOS="983" VPOS="538" WIDTH="255" HEIGHT="47" WC="0.92" CONTENT="kronojägare"/><SP WIDTH="30" VPOS="538" HPOS="1238"/>
							<String ID="string_63" HPOS="1268" VPOS="539" WIDTH="10" HEIGHT="33" WC="0.93" CONTENT="i"/><SP WIDTH="29" VPOS="539" HPOS="1278"/>
							<String ID="string_64" HPOS="1307" VPOS="537" WIDTH="224" HEIGHT="37" WC="0.91" CONTENT="Vermlands"/><SP WIDTH="27" VPOS="537" HPOS="1531"/>
							<String ID="string_65" HPOS="1558" VPOS="539" WIDTH="60" HEIGHT="35" WC="0.96" CONTENT="län"/><SP WIDTH="21" VPOS="539" HPOS="1618"/>
							<String ID="string_66" HPOS="1639" VPOS="539" WIDTH="85" HEIGHT="35" WC="0.96" CONTENT="med"/><SP WIDTH="24" VPOS="539" HPOS="1724"/>
							<String ID="string_67" HPOS="1748" VPOS="541" WIDTH="70" HEIGHT="34" WC="0.96" CONTENT="100"/>
						</TextLine>
						<TextLine ID="line_7" HPOS="214" VPOS="586" WIDTH="1606" HEIGHT="50">
							<String ID="string_68" HPOS="214" VPOS="588" WIDTH="136" HEIGHT="34" WC="0.95" CONTENT="kronor"/><SP WIDTH="29" VPOS="588" HPOS="350"/>
							<String ID="string_69" HPOS="379" VPOS="586" WIDTH="57" HEIGHT="36" WC="0.96" CONTENT="för"/><SP WIDTH="29" VPOS="586" HPOS="436"/>
							<String ID="string_70" HPOS="465" VPOS="591" WIDTH="55" HEIGHT="41" WC="0.96" CONTENT="år;"/><SP WIDTH="29" VPOS="591" HPOS="520"/>
							<String ID="string_71" HPOS="549" VPOS="594" WIDTH="95" HEIGHT="29" WC="0.95" CONTENT="samt"/><SP WIDTH="28" VPOS="594" HPOS="644"/>
							<String ID="string_72" HPOS="672" VPOS="594" WIDTH="50" HEIGHT="29" WC="0.95" CONTENT="att"/><SP WIDTH="31" VPOS="594" HPOS="722"/>
							<String ID="string_73" HPOS="753" VPOS="601" WIDTH="46" HEIGHT="22" WC="0.96" CONTENT="en"/><SP WIDTH="29" VPOS="601" HPOS="799"/>
							<String ID="string_74" HPOS="828" VPOS="588" WIDTH="91" HEIGHT="35" WC="0.93" CONTENT="hvar"/><SP WIDTH="29" VPOS="588" HPOS="919"/>
							<String ID="string_75" HPOS="948" VPOS="588" WIDTH="267" HEIGHT="48" WC="0.91" CONTENT="kronojägare,"/><SP WIDTH="37" VPOS="588" HPOS="1215"/>
							<String ID="string_76" HPOS="1252" VPOS="602" WIDTH="82" HEIGHT="22" WC="0.96" CONTENT="som"/><SP WIDTH="30" VPOS="602" HPOS="1334"/>
							<String ID="string_77" HPOS="1364" VPOS="602" WIDTH="89" HEIGHT="23" WC="0.96" CONTENT="vore"/><SP WIDTH="28" VPOS="602" HPOS="1453"/>
							<String ID="string_78" HPOS="1481" VPOS="590" WIDTH="10" HEIGHT="34" WC="0.96" CONTENT="i"/><SP WIDTH="29" VPOS="590" HPOS="1491"/>
							<String ID="string_79" HPOS="1520" VPOS="590" WIDTH="138" HEIGHT="35" WC="0.96" CONTENT="saknad"/><SP WIDTH="32" VPOS="590" HPOS="1658"/>
							<String ID="string_80" HPOS="1690" VPOS="590" WIDTH="39" HEIGHT="35" WC="0.93" CONTENT="af"/><SP WIDTH="26" VPOS="590" HPOS="1729"/>
							<String ID="string_81" HPOS="1755" VPOS="590" WIDTH="65" HEIGHT="35" WC="0.90" CONTENT="bo-"/>
						</TextLine>
						<TextLine ID="line_8" HPOS="214" VPOS="638" WIDTH="1452" HEIGHT="51">
							<String ID="string_82" HPOS="214" VPOS="638" WIDTH="291" HEIGHT="48" WC="0.92" CONTENT="ställslägenhet,"/><SP WIDTH="30" VPOS="638" HPOS="505"/>
							<String ID="string_83" HPOS="535" VPOS="642" WIDTH="113" HEIGHT="32" WC="0.96" CONTENT="måtte"/><SP WIDTH="30" VPOS="642" HPOS="648"/>
							<String ID="string_84" HPOS="678" VPOS="638" WIDTH="36" HEIGHT="36" WC="0.96" CONTENT="få"/><SP WIDTH="29" VPOS="638" HPOS="714"/>
							<String ID="string_85" HPOS="743" VPOS="639" WIDTH="174" HEIGHT="47" WC="0.93" CONTENT="uppbära"/><SP WIDTH="30" VPOS="639" HPOS="917"/>
							<String ID="string_86" HPOS="947" VPOS="639" WIDTH="328" HEIGHT="50" WC="0.91" CONTENT="hyresersättning"/><SP WIDTH="28" VPOS="639" HPOS="1275"/>
							<String ID="string_87" HPOS="1303" VPOS="640" WIDTH="87" HEIGHT="36" WC="0.96" CONTENT="med"/><SP WIDTH="31" VPOS="640" HPOS="1390"/>
							<String ID="string_88" HPOS="1421" VPOS="642" WIDTH="68" HEIGHT="35" WC="0.96" CONTENT="100"/><SP WIDTH="28" VPOS="642" HPOS="1489"/>
							<String ID="string_89" HPOS="1517" VPOS="641" WIDTH="149" HEIGHT="36" WC="0.96" CONTENT="kronor."/>
						</TextLine>
					</TextBlock>
					<TextBlock ID="block_2" HPOS="216" VPOS="689" WIDTH="1608" HEIGHT="820">
						<TextLine ID="line_9" HPOS="311" VPOS="689" WIDTH="1507" HEIGHT="52">
							<String ID="string_90" HPOS="311" VPOS="689" WIDTH="216" HEIGHT="37" WC="0.96" CONTENT="Emellertid"/><SP WIDTH="30" VPOS="689" HPOS="527"/>
							<String ID="string_91" HPOS="557" VPOS="703" WIDTH="100" HEIGHT="34" WC="0.95" CONTENT="vore,"/><SP WIDTH="29" VPOS="703" HPOS="657"/>
							<String ID="string_92" HPOS="686" VPOS="689" WIDTH="177" HEIGHT="37" WC="0.93" CONTENT="framhöll"/><SP WIDTH="29" VPOS="689" HPOS="863"/>
							<String ID="string_93" HPOS="892" VPOS="691" WIDTH="343" HEIGHT="48" WC="0.90" CONTENT="domänstyrelsen,"/><SP WIDTH="31" VPOS="691" HPOS="1235"/>
							<String ID="string_94" HPOS="1266" VPOS="692" WIDTH="39" HEIGHT="35" WC="0.93" CONTENT="af"/><SP WIDTH="25" VPOS="692" HPOS="1305"/>
							<String ID="string_95" HPOS="1330" VPOS="692" WIDTH="180" HEIGHT="36" WC="0.91" CONTENT="behofvet"/><SP WIDTH="27" VPOS="692" HPOS="1510"/>
							<String ID="string_96" HPOS="1537" VPOS="693" WIDTH="206" HEIGHT="48" WC="0.93" CONTENT="påkalladt,"/><SP WIDTH="22" VPOS="693" HPOS="1743"/>
							<String ID="string_97" HPOS="1765" VPOS="699" WIDTH="53" HEIGHT="31" WC="0.96" CONTENT="att"/>
						</TextLine>
						<TextLine ID="line_10" HPOS="217" VPOS="740" WIDTH="1603" HEIGHT="52">
							<String ID="string_98" HPOS="217" VPOS="741" WIDTH="216" HEIGHT="36" WC="0.91" CONTENT="härutöfver"/><SP WIDTH="41" VPOS="741" HPOS="433"/>
							<String ID="string_99" HPOS="474" VPOS="744" WIDTH="120" HEIGHT="45" WC="0.95" CONTENT="någon"/><SP WIDTH="39" VPOS="744" HPOS="594"/>
							<String ID="string_100" HPOS="633" VPOS="742" WIDTH="142" HEIGHT="47" WC="0.96" CONTENT="ökning"/><SP WIDTH="33" VPOS="742" HPOS="775"/>
							<String ID="string_101" HPOS="808" VPOS="743" WIDTH="9" HEIGHT="34" WC="0.96" CONTENT="i"/><SP WIDTH="31" VPOS="743" HPOS="817"/>
							<String ID="string_102" HPOS="848" VPOS="740" WIDTH="167" HEIGHT="38" WC="0.93" CONTENT="inkomst"/><SP WIDTH="28" VPOS="740" HPOS="1015"/>
							<String ID="string_103" HPOS="1043" VPOS="743" WIDTH="187" HEIGHT="36" WC="0.92" CONTENT="bereddes"/><SP WIDTH="29" VPOS="743" HPOS="1230"/>
							<String ID="string_104" HPOS="1259" VPOS="744" WIDTH="490" HEIGHT="48" WC="0.84" CONTENT="kronojägarepersonalen."/><SP WIDTH="56" VPOS="744" HPOS="1749"/>
							<String ID="string_105" HPOS="1805" VPOS="745" WIDTH="15" HEIGHT="35" WC="0.96" CONTENT="I"/>
						</TextLine>
						<TextLine ID="line_11" HPOS="216" VPOS="792" WIDTH="1605" HEIGHT="50">
							<String ID="string_106" HPOS="216" VPOS="793" WIDTH="101" HEIGHT="36" WC="0.96" CONTENT="detta"/><SP WIDTH="41" VPOS="793" HPOS="317"/>
							<String ID="string_107" HPOS="358" VPOS="792" WIDTH="96" HEIGHT="49" WC="0.96" CONTENT="syfte"/><SP WIDTH="41" VPOS="792" HPOS="454"/>
							<String ID="string_108" HPOS="495" VPOS="792" WIDTH="164" HEIGHT="49" WC="0.93" CONTENT="föreslog"/><SP WIDTH="40" VPOS="792" HPOS="659"/>
							<String ID="string_109" HPOS="699" VPOS="793" WIDTH="343" HEIGHT="48" WC="0.91" CONTENT="domänstyrelsen,"/><SP WIDTH="43" VPOS="793" HPOS="1042"/>
							<String ID="string_110" HPOS="1085" VPOS="798" WIDTH="47" HEIGHT="44" WC="0.96" CONTENT="på"/><SP WIDTH="29" VPOS="798" HPOS="1132"/>
							<String ID="string_111" HPOS="1161" VPOS="801" WIDTH="76" HEIGHT="30" WC="0.96" CONTENT="sätt"/><SP WIDTH="28" VPOS="801" HPOS="1237"/>
							<String ID="string_112" HPOS="1265" VPOS="795" WIDTH="116" HEIGHT="36" WC="0.93" CONTENT="redan"/><SP WIDTH="31" VPOS="795" HPOS="1381"/>
							<String ID="string_113" HPOS="1412" VPOS="794" WIDTH="232" HEIGHT="38" WC="0.91" CONTENT="omförmälts"/><SP WIDTH="29" VPOS="794" HPOS="1644"/>
							<String ID="string_114" HPOS="1673" VPOS="797" WIDTH="10" HEIGHT="34" WC="0.96" CONTENT="i"/><SP WIDTH="31" VPOS="797" HPOS="1683"/>
							<String ID="string_115" HPOS="1714" VPOS="795" WIDTH="107" HEIGHT="46" WC="0.96" CONTENT="fråga"/>
						</TextLine>
						<TextLine ID="line_12" HPOS="216" VPOS="843" WIDTH="1604" HEIGHT="53">
							<String ID="string_116" HPOS="216" VPOS="858" WIDTH="57" HEIGHT="22" WC="0.93" CONTENT="om"/><SP WIDTH="29" VPOS="858" HPOS="273"/>
							<String ID="string_117" HPOS="302" VPOS="844" WIDTH="254" HEIGHT="48" WC="0.92" CONTENT="skogsstatens"/><SP WIDTH="28" VPOS="844" HPOS="556"/>
							<String ID="string_118" HPOS="584" VPOS="843" WIDTH="274" HEIGHT="50" WC="0.93" CONTENT="förrättningar"/><SP WIDTH="29" VPOS="843" HPOS="858"/>
							<String ID="string_119" HPOS="887" VPOS="849" WIDTH="20" HEIGHT="32" WC="0.89" CONTENT="å"/><SP WIDTH="29" VPOS="849" HPOS="907"/>
							<String ID="string_120" HPOS="936" VPOS="846" WIDTH="241" HEIGHT="37" WC="0.89" CONTENT="ecklesiastik"/><SP WIDTH="30" VPOS="846" HPOS="1177"/>
							<String ID="string_121" HPOS="1207" VPOS="846" WIDTH="105" HEIGHT="49" WC="0.96" CONTENT="skog,"/><SP WIDTH="35" VPOS="846" HPOS="1312"/>
							<String ID="string_122" HPOS="1347" VPOS="853" WIDTH="55" HEIGHT="30" WC="0.93" CONTENT="att"/><SP WIDTH="28" VPOS="853" HPOS="1402"/>
							<String ID="string_123" HPOS="1430" VPOS="847" WIDTH="246" HEIGHT="49" WC="0.92" CONTENT="kronojägare"/><SP WIDTH="21" VPOS="847" HPOS="1676"/>
							<String ID="string_124" HPOS="1697" VPOS="848" WIDTH="123" HEIGHT="36" WC="0.95" CONTENT="skulle"/>
						</TextLine>
						<TextLine ID="line_13" HPOS="216" VPOS="896" WIDTH="1606" HEIGHT="51">
							<String ID="string_125" HPOS="216" VPOS="896" WIDTH="33" HEIGHT="36" WC="0.96" CONTENT="få"/><SP WIDTH="29" VPOS="896" HPOS="249"/>
							<String ID="string_126" HPOS="278" VPOS="897" WIDTH="169" HEIGHT="47" WC="0.93" CONTENT="uppbära"/><SP WIDTH="29" VPOS="897" HPOS="447"/>
							<String ID="string_127" HPOS="476" VPOS="896" WIDTH="227" HEIGHT="48" WC="0.91" CONTENT="dagarfvode"/><SP WIDTH="32" VPOS="896" HPOS="703"/>
							<String ID="string_128" HPOS="735" VPOS="898" WIDTH="83" HEIGHT="34" WC="0.96" CONTENT="med"/><SP WIDTH="33" VPOS="898" HPOS="818"/>
							<String ID="string_129" HPOS="851" VPOS="900" WIDTH="18" HEIGHT="33" WC="0.96" CONTENT="2"/><SP WIDTH="31" VPOS="900" HPOS="869"/>
							<String ID="string_130" HPOS="900" VPOS="898" WIDTH="142" HEIGHT="35" WC="0.96" CONTENT="kronor"/><SP WIDTH="30" VPOS="898" HPOS="1042"/>
							<String ID="string_131" HPOS="1072" VPOS="901" WIDTH="45" HEIGHT="33" WC="0.96" CONTENT="50"/><SP WIDTH="30" VPOS="901" HPOS="1117"/>
							<String ID="string_132" HPOS="1147" VPOS="906" WIDTH="76" HEIGHT="37" WC="0.96" CONTENT="öre,"/><SP WIDTH="44" VPOS="906" HPOS="1223"/>
							<String ID="string_133" HPOS="1267" VPOS="900" WIDTH="47" HEIGHT="34" WC="0.96" CONTENT="då"/><SP WIDTH="39" VPOS="900" HPOS="1314"/>
							<String ID="string_134" HPOS="1353" VPOS="899" WIDTH="70" HEIGHT="35" WC="0.96" CONTENT="han"/><SP WIDTH="31" VPOS="899" HPOS="1423"/>
							<String ID="string_135" HPOS="1454" VPOS="899" WIDTH="93" HEIGHT="35" WC="0.93" CONTENT="efter"/><SP WIDTH="24" VPOS="899" HPOS="1547"/>
							<String ID="string_136" HPOS="1571" VPOS="901" WIDTH="251" HEIGHT="46" WC="0.89" CONTENT="jägmästares"/>
						</TextLine>
						<TextLine ID="line_14" HPOS="216" VPOS="948" WIDTH="1606" HEIGHT="50">
							<String ID="string_137" HPOS="216" VPOS="948" WIDTH="276" HEIGHT="36" WC="0.96" CONTENT="bestämmande"/><SP WIDTH="30" VPOS="948" HPOS="492"/>
							<String ID="string_138" HPOS="522" VPOS="949" WIDTH="107" HEIGHT="35" WC="0.93" CONTENT="ledde"/><SP WIDTH="29" VPOS="949" HPOS="629"/>
							<String ID="string_139" HPOS="658" VPOS="948" WIDTH="237" HEIGHT="49" WC="0.91" CONTENT="afverkning,"/><SP WIDTH="43" VPOS="948" HPOS="895"/>
							<String ID="string_140" HPOS="938" VPOS="949" WIDTH="249" HEIGHT="49" WC="0.92" CONTENT="skogsodling"/><SP WIDTH="29" VPOS="949" HPOS="1187"/>
							<String ID="string_141" HPOS="1216" VPOS="949" WIDTH="92" HEIGHT="37" WC="0.96" CONTENT="eller"/><SP WIDTH="29" VPOS="949" HPOS="1308"/>
							<String ID="string_142" HPOS="1337" VPOS="956" WIDTH="113" HEIGHT="30" WC="0.96" CONTENT="annat"/><SP WIDTH="28" VPOS="956" HPOS="1450"/>
							<String ID="string_143" HPOS="1478" VPOS="951" WIDTH="126" HEIGHT="35" WC="0.91" CONTENT="arbete"/><SP WIDTH="29" VPOS="951" HPOS="1604"/>
							<String ID="string_144" HPOS="1633" VPOS="954" WIDTH="20" HEIGHT="32" WC="0.91" CONTENT="å"/><SP WIDTH="28" VPOS="954" HPOS="1653"/>
							<String ID="string_145" HPOS="1681" VPOS="952" WIDTH="141" HEIGHT="34" WC="0.95" CONTENT="allmän"/>
						</TextLine>
						<TextLine ID="line_15" HPOS="216" VPOS="1000" WIDTH="1606" HEIGHT="49">
							<String ID="string_146" HPOS="216" VPOS="1001" WIDTH="100" HEIGHT="47" WC="0.96" CONTENT="skog,"/><SP WIDTH="43" VPOS="1001" HPOS="316"/>
							<String ID="string_147" HPOS="359" VPOS="1012" WIDTH="78" HEIGHT="24" WC="0.96" CONTENT="som"/><SP WIDTH="42" VPOS="1012" HPOS="437"/>
							<String ID="string_148" HPOS="479" VPOS="1000" WIDTH="80" HEIGHT="35" WC="0.92" CONTENT="icke"/><SP WIDTH="38" VPOS="1000" HPOS="559"/>
							<String ID="string_149" HPOS="597" VPOS="1000" WIDTH="107" HEIGHT="35" WC="0.92" CONTENT="stode"/><SP WIDTH="37" VPOS="1000" HPOS="704"/>
							<String ID="string_150" HPOS="741" VPOS="1000" WIDTH="121" HEIGHT="36" WC="0.93" CONTENT="under"/><SP WIDTH="28" VPOS="1000" HPOS="862"/>
							<String ID="string_151" HPOS="890" VPOS="1001" WIDTH="263" HEIGHT="47" WC="0.91" CONTENT="skogsstatens"/><SP WIDTH="30" VPOS="1001" HPOS="1153"/>
							<String ID="string_152" HPOS="1183" VPOS="1000" WIDTH="248" HEIGHT="49" WC="0.96" CONTENT="förvaltning;"/><SP WIDTH="31" VPOS="1000" HPOS="1431"/>
							<String ID="string_153" HPOS="1462" VPOS="1002" WIDTH="80" HEIGHT="43" WC="0.96" CONTENT="och,"/><SP WIDTH="31" VPOS="1002" HPOS="1542"/>
							<String ID="string_154" HPOS="1573" VPOS="1006" WIDTH="89" HEIGHT="31" WC="0.96" CONTENT="enär"/><SP WIDTH="30" VPOS="1006" HPOS="1662"/>
							<String ID="string_155" HPOS="1692" VPOS="1002" WIDTH="130" HEIGHT="46" WC="0.96" CONTENT="dylika"/>
						</TextLine>
						<TextLine ID="line_16" HPOS="219" VPOS="1050" WIDTH="1604" HEIGHT="50">
							<String ID="string_156" HPOS="219" VPOS="1050" WIDTH="266" HEIGHT="48" WC="0.95" CONTENT="förrättningar"/><SP WIDTH="30" VPOS="1050" HPOS="485"/>
							<String ID="string_157" HPOS="515" VPOS="1051" WIDTH="80" HEIGHT="35" WC="0.96" CONTENT="icke"/><SP WIDTH="29" VPOS="1051" HPOS="595"/>
							<String ID="string_158" HPOS="624" VPOS="1051" WIDTH="125" HEIGHT="35" WC="0.96" CONTENT="kunde"/><SP WIDTH="32" VPOS="1051" HPOS="749"/>
							<String ID="string_159" HPOS="781" VPOS="1051" WIDTH="8" HEIGHT="34" WC="0.96" CONTENT="i"/><SP WIDTH="31" VPOS="1051" HPOS="789"/>
							<String ID="string_160" HPOS="820" VPOS="1052" WIDTH="44" HEIGHT="34" WC="0.96" CONTENT="de"/><SP WIDTH="30" VPOS="1052" HPOS="864"/>
							<String ID="string_161" HPOS="894" VPOS="1052" WIDTH="218" HEIGHT="48" WC="0.96" CONTENT="nordligare"/><SP WIDTH="44" VPOS="1052" HPOS="1112"/>
							<String ID="string_162" HPOS="1156" VPOS="1053" WIDTH="123" HEIGHT="43" WC="0.96" CONTENT="länen,"/><SP WIDTH="31" VPOS="1053" HPOS="1279"/>
							<String ID="string_163" HPOS="1310" VPOS="1052" WIDTH="67" HEIGHT="36" WC="0.96" CONTENT="der"/><SP WIDTH="29" VPOS="1052" HPOS="1377"/>
							<String ID="string_164" HPOS="1406" VPOS="1053" WIDTH="184" HEIGHT="35" WC="0.96" CONTENT="boställen"/><SP WIDTH="30" VPOS="1053" HPOS="1590"/>
							<String ID="string_165" HPOS="1620" VPOS="1053" WIDTH="70" HEIGHT="35" WC="0.93" CONTENT="och"/><SP WIDTH="31" VPOS="1053" HPOS="1690"/>
							<String ID="string_166" HPOS="1721" VPOS="1060" WIDTH="102" HEIGHT="28" WC="0.92" CONTENT="utar-"/>
						</TextLine>
						<TextLine ID="line_17" HPOS="218" VPOS="1103" WIDTH="1605" HEIGHT="47">
							<String ID="string_167" HPOS="218" VPOS="1103" WIDTH="203" HEIGHT="35" WC="0.90" CONTENT="renderade"/><SP WIDTH="42" VPOS="1103" HPOS="421"/>
							<String ID="string_168" HPOS="463" VPOS="1103" WIDTH="354" HEIGHT="47" WC="0.90" CONTENT="kronoegendomar"/><SP WIDTH="42" VPOS="1103" HPOS="817"/>
							<String ID="string_169" HPOS="859" VPOS="1116" WIDTH="89" HEIGHT="22" WC="0.95" CONTENT="vore"/><SP WIDTH="32" VPOS="1116" HPOS="948"/>
							<String ID="string_170" HPOS="980" VPOS="1103" WIDTH="98" HEIGHT="35" WC="0.95" CONTENT="färre"/><SP WIDTH="30" VPOS="1103" HPOS="1078"/>
							<String ID="string_171" HPOS="1108" VPOS="1104" WIDTH="59" HEIGHT="35" WC="0.96" CONTENT="till"/><SP WIDTH="30" VPOS="1104" HPOS="1167"/>
							<String ID="string_172" HPOS="1197" VPOS="1104" WIDTH="155" HEIGHT="43" WC="0.95" CONTENT="antalet,"/><SP WIDTH="30" VPOS="1104" HPOS="1352"/>
							<String ID="string_173" HPOS="1382" VPOS="1104" WIDTH="228" HEIGHT="35" WC="0.96" CONTENT="förekomma"/><SP WIDTH="31" VPOS="1104" HPOS="1610"/>
							<String ID="string_174" HPOS="1641" VPOS="1105" WIDTH="8" HEIGHT="34" WC="0.96" CONTENT="i"/><SP WIDTH="31" VPOS="1105" HPOS="1649"/>
							<String ID="string_175" HPOS="1680" VPOS="1118" WIDTH="143" HEIGHT="22" WC="0.95" CONTENT="samma"/>
						</TextLine>
						<TextLine ID="line_18" HPOS="218" VPOS="1154" WIDTH="1604" HEIGHT="49">
							<String ID="string_176" HPOS="218" VPOS="1154" WIDTH="223" HEIGHT="47" WC="0.96" CONTENT="omfattning"/><SP WIDTH="41" VPOS="1154" HPOS="441"/>
							<String ID="string_177" HPOS="482" VPOS="1167" WIDTH="77" HEIGHT="22" WC="0.96" CONTENT="som"/><SP WIDTH="43" VPOS="1167" HPOS="559"/>
							<String ID="string_178" HPOS="602" VPOS="1155" WIDTH="9" HEIGHT="33" WC="0.95" CONTENT="i"/><SP WIDTH="29" VPOS="1155" HPOS="611"/>
							<String ID="string_179" HPOS="640" VPOS="1154" WIDTH="45" HEIGHT="35" WC="0.96" CONTENT="de"/><SP WIDTH="30" VPOS="1154" HPOS="685"/>
							<String ID="string_180" HPOS="715" VPOS="1154" WIDTH="203" HEIGHT="47" WC="0.96" CONTENT="sydligare,"/><SP WIDTH="31" VPOS="1154" HPOS="918"/>
							<String ID="string_181" HPOS="949" VPOS="1159" WIDTH="115" HEIGHT="43" WC="0.86" CONTENT="ansåg"/><SP WIDTH="30" VPOS="1159" HPOS="1064"/>
							<String ID="string_182" HPOS="1094" VPOS="1155" WIDTH="329" HEIGHT="46" WC="0.89" CONTENT="domänstyrelsen"/><SP WIDTH="31" VPOS="1155" HPOS="1423"/>
							<String ID="string_183" HPOS="1454" VPOS="1161" WIDTH="53" HEIGHT="30" WC="0.93" CONTENT="att"/><SP WIDTH="27" VPOS="1161" HPOS="1507"/>
							<String ID="string_184" HPOS="1534" VPOS="1156" WIDTH="249" HEIGHT="47" WC="0.92" CONTENT="kronojägare"/><SP WIDTH="29" VPOS="1156" HPOS="1783"/>
							<String ID="string_185" HPOS="1812" VPOS="1157" WIDTH="10" HEIGHT="34" WC="0.96" CONTENT="i"/>
						</TextLine>
						<TextLine ID="line_19" HPOS="219" VPOS="1204" WIDTH="1604" HEIGHT="50">
							<String ID="string_186" HPOS="219" VPOS="1204" WIDTH="261" HEIGHT="49" WC="0.96" CONTENT="Kopparbergs"/><SP WIDTH="41" VPOS="1204" HPOS="480"/>
							<String ID="string_187" HPOS="521" VPOS="1205" WIDTH="68" HEIGHT="35" WC="0.95" CONTENT="och"/><SP WIDTH="43" VPOS="1205" HPOS="589"/>
							<String ID="string_188" HPOS="632" VPOS="1205" WIDTH="45" HEIGHT="35" WC="0.95" CONTENT="de"/><SP WIDTH="42" VPOS="1205" HPOS="677"/>
							<String ID="string_189" HPOS="719" VPOS="1205" WIDTH="251" HEIGHT="35" WC="0.69" CONTENT="norrländska"/><SP WIDTH="42" VPOS="1205" HPOS="970"/>
							<String ID="string_190" HPOS="1012" VPOS="1206" WIDTH="110" HEIGHT="35" WC="0.96" CONTENT="länen"/><SP WIDTH="37" VPOS="1206" HPOS="1122"/>
							<String ID="string_191" HPOS="1159" VPOS="1206" WIDTH="117" HEIGHT="35" WC="0.95" CONTENT="borde"/><SP WIDTH="31" VPOS="1206" HPOS="1276"/>
							<String ID="string_192" HPOS="1307" VPOS="1206" WIDTH="175" HEIGHT="48" WC="0.96" CONTENT="tilläggas"/><SP WIDTH="29" VPOS="1206" HPOS="1482"/>
							<String ID="string_193" HPOS="1511" VPOS="1206" WIDTH="193" HEIGHT="35" WC="0.93" CONTENT="enahanda"/><SP WIDTH="30" VPOS="1206" HPOS="1704"/>
							<String ID="string_194" HPOS="1734" VPOS="1206" WIDTH="89" HEIGHT="48" WC="0.91" CONTENT="dag-"/>
						</TextLine>
						<TextLine ID="line_20" HPOS="218" VPOS="1256" WIDTH="1602" HEIGHT="43">
							<String ID="string_195" HPOS="218" VPOS="1257" WIDTH="150" HEIGHT="35" WC="0.92" CONTENT="arfvode"/><SP WIDTH="29" VPOS="1257" HPOS="368"/>
							<String ID="string_196" HPOS="397" VPOS="1256" WIDTH="39" HEIGHT="35" WC="0.96" CONTENT="af"/><SP WIDTH="25" VPOS="1256" HPOS="436"/>
							<String ID="string_197" HPOS="461" VPOS="1259" WIDTH="18" HEIGHT="32" WC="0.96" CONTENT="2"/><SP WIDTH="30" VPOS="1259" HPOS="479"/>
							<String ID="string_198" HPOS="509" VPOS="1257" WIDTH="138" HEIGHT="34" WC="0.96" CONTENT="kronor"/><SP WIDTH="30" VPOS="1257" HPOS="647"/>
							<String ID="string_199" HPOS="677" VPOS="1259" WIDTH="45" HEIGHT="33" WC="0.95" CONTENT="50"/><SP WIDTH="30" VPOS="1259" HPOS="722"/>
							<String ID="string_200" HPOS="752" VPOS="1262" WIDTH="76" HEIGHT="37" WC="0.96" CONTENT="öre,"/><SP WIDTH="30" VPOS="1262" HPOS="828"/>
							<String ID="string_201" HPOS="858" VPOS="1257" WIDTH="46" HEIGHT="34" WC="0.96" CONTENT="då"/><SP WIDTH="31" VPOS="1257" HPOS="904"/>
							<String ID="string_202" HPOS="935" VPOS="1257" WIDTH="72" HEIGHT="34" WC="0.96" CONTENT="han"/><SP WIDTH="30" VPOS="1257" HPOS="1007"/>
							<String ID="string_203" HPOS="1037" VPOS="1256" WIDTH="177" HEIGHT="35" WC="0.96" CONTENT="biträdde"/><SP WIDTH="29" VPOS="1256" HPOS="1214"/>
							<String ID="string_204" HPOS="1243" VPOS="1257" WIDTH="60" HEIGHT="35" WC="0.96" CONTENT="vid"/><SP WIDTH="33" VPOS="1257" HPOS="1303"/>
							<String ID="string_205" HPOS="1336" VPOS="1257" WIDTH="66" HEIGHT="34" WC="0.96" CONTENT="der"/><SP WIDTH="29" VPOS="1257" HPOS="1402"/>
							<String ID="string_206" HPOS="1431" VPOS="1256" WIDTH="307" HEIGHT="36" WC="0.93" CONTENT="förekommande"/><SP WIDTH="28" VPOS="1256" HPOS="1738"/>
							<String ID="string_207" HPOS="1766" VPOS="1263" WIDTH="54" HEIGHT="29" WC="0.92" CONTENT="ut-"/>
						</TextLine>
						<TextLine ID="line_21" HPOS="219" VPOS="1306" WIDTH="1605" HEIGHT="49">
							<String ID="string_208" HPOS="219" VPOS="1307" WIDTH="391" HEIGHT="47" WC="0.91" CONTENT="syningsförrättning,"/><SP WIDTH="30" VPOS="1307" HPOS="610"/>
							<String ID="string_209" HPOS="640" VPOS="1306" WIDTH="56" HEIGHT="36" WC="0.96" CONTENT="för"/><SP WIDTH="30" VPOS="1306" HPOS="696"/>
							<String ID="string_210" HPOS="726" VPOS="1307" WIDTH="155" HEIGHT="35" WC="0.93" CONTENT="hvilken"/><SP WIDTH="29" VPOS="1307" HPOS="881"/>
							<String ID="string_211" HPOS="910" VPOS="1307" WIDTH="315" HEIGHT="48" WC="0.91" CONTENT="utsyningsafgift"/><SP WIDTH="22" VPOS="1307" HPOS="1225"/>
							<String ID="string_212" HPOS="1247" VPOS="1308" WIDTH="145" HEIGHT="35" WC="0.91" CONTENT="erlades"/><SP WIDTH="21" VPOS="1308" HPOS="1392"/>
							<String ID="string_213" HPOS="1413" VPOS="1307" WIDTH="38" HEIGHT="36" WC="0.95" CONTENT="af"/><SP WIDTH="18" VPOS="1307" HPOS="1451"/>
							<String ID="string_214" HPOS="1469" VPOS="1308" WIDTH="176" HEIGHT="35" WC="0.95" CONTENT="enskilde."/><SP WIDTH="32" VPOS="1308" HPOS="1645"/>
							<String ID="string_215" HPOS="1677" VPOS="1306" WIDTH="147" HEIGHT="37" WC="0.96" CONTENT="Genom"/>
						</TextLine>
						<TextLine ID="line_22" HPOS="219" VPOS="1357" WIDTH="1605" HEIGHT="49">
							<String ID="string_216" HPOS="219" VPOS="1359" WIDTH="104" HEIGHT="35" WC="0.93" CONTENT="dessa"/><SP WIDTH="40" VPOS="1359" HPOS="323"/>
							<String ID="string_217" HPOS="363" VPOS="1357" WIDTH="252" HEIGHT="49" WC="0.86" CONTENT="dagarfvoden"/><SP WIDTH="43" VPOS="1357" HPOS="615"/>
							<String ID="string_218" HPOS="658" VPOS="1358" WIDTH="136" HEIGHT="43" WC="0.95" CONTENT="skulle,"/><SP WIDTH="43" VPOS="1358" HPOS="794"/>
							<String ID="string_219" HPOS="837" VPOS="1358" WIDTH="120" HEIGHT="47" WC="0.96" CONTENT="enligt"/><SP WIDTH="33" VPOS="1358" HPOS="957"/>
							<String ID="string_220" HPOS="990" VPOS="1359" WIDTH="11" HEIGHT="34" WC="0.93" CONTENT="i"/><SP WIDTH="29" VPOS="1359" HPOS="1001"/>
							<String ID="string_221" HPOS="1030" VPOS="1358" WIDTH="330" HEIGHT="48" WC="0.91" CONTENT="domänstyrelsen"/><SP WIDTH="29" VPOS="1358" HPOS="1360"/>
							<String ID="string_222" HPOS="1389" VPOS="1359" WIDTH="108" HEIGHT="47" WC="0.96" CONTENT="gjord"/><SP WIDTH="29" VPOS="1359" HPOS="1497"/>
							<String ID="string_223" HPOS="1526" VPOS="1359" WIDTH="222" HEIGHT="47" WC="0.96" CONTENT="beräkning,"/><SP WIDTH="31" VPOS="1359" HPOS="1748"/>
							<String ID="string_224" HPOS="1779" VPOS="1372" WIDTH="45" HEIGHT="22" WC="0.96" CONTENT="en"/>
						</TextLine>
						<TextLine ID="line_23" HPOS="220" VPOS="1409" WIDTH="1604" HEIGHT="48">
							<String ID="string_225" HPOS="220" VPOS="1410" WIDTH="196" HEIGHT="47" WC="0.95" CONTENT="tillökning"/><SP WIDTH="41" VPOS="1410" HPOS="416"/>
							<String ID="string_226" HPOS="457" VPOS="1410" WIDTH="9" HEIGHT="33" WC="0.95" CONTENT="i"/><SP WIDTH="44" VPOS="1410" HPOS="466"/>
							<String ID="string_227" HPOS="510" VPOS="1410" WIDTH="162" HEIGHT="34" WC="0.96" CONTENT="inkomst"/><SP WIDTH="40" VPOS="1410" HPOS="672"/>
							<String ID="string_228" HPOS="712" VPOS="1409" WIDTH="159" HEIGHT="35" WC="0.93" CONTENT="beredas"/><SP WIDTH="35" VPOS="1409" HPOS="871"/>
							<String ID="string_229" HPOS="906" VPOS="1410" WIDTH="291" HEIGHT="47" WC="0.91" CONTENT="kronojägarne,"/><SP WIDTH="29" VPOS="1410" HPOS="1197"/>
							<String ID="string_230" HPOS="1226" VPOS="1410" WIDTH="187" HEIGHT="34" WC="0.91" CONTENT="vexlande"/><SP WIDTH="30" VPOS="1410" HPOS="1413"/>
							<String ID="string_231" HPOS="1443" VPOS="1409" WIDTH="79" HEIGHT="35" WC="0.95" CONTENT="från"/><SP WIDTH="29" VPOS="1409" HPOS="1522"/>
							<String ID="string_232" HPOS="1551" VPOS="1411" WIDTH="102" HEIGHT="46" WC="0.96" CONTENT="lägre"/><SP WIDTH="31" VPOS="1411" HPOS="1653"/>
							<String ID="string_233" HPOS="1684" VPOS="1410" WIDTH="140" HEIGHT="46" WC="0.96" CONTENT="belopp"/>
						</TextLine>
						<TextLine ID="line_24" HPOS="220" VPOS="1460" WIDTH="688" HEIGHT="49">
							<String ID="string_234" HPOS="220" VPOS="1462" WIDTH="95" HEIGHT="35" WC="0.95" CONTENT="intill"/><SP WIDTH="30" VPOS="1462" HPOS="315"/>
							<String ID="string_235" HPOS="345" VPOS="1462" WIDTH="110" HEIGHT="47" WC="0.96" CONTENT="högst"/><SP WIDTH="31" VPOS="1462" HPOS="455"/>
							<String ID="string_236" HPOS="486" VPOS="1463" WIDTH="66" HEIGHT="33" WC="0.96" CONTENT="120"/><SP WIDTH="30" VPOS="1463" HPOS="552"/>
							<String ID="string_237" HPOS="582" VPOS="1460" WIDTH="140" HEIGHT="35" WC="0.95" CONTENT="kronor"/><SP WIDTH="31" VPOS="1460" HPOS="722"/>
							<String ID="string_238" HPOS="753" VPOS="1460" WIDTH="155" HEIGHT="48" WC="0.95" CONTENT="årligen."/>
						</TextLine>
					</TextBlock>
					<TextBlock ID="block_3" HPOS="216" VPOS="1511" WIDTH="1610" HEIGHT="152">
						<TextLine ID="line_25" HPOS="317" VPOS="1511" WIDTH="1509" HEIGHT="49">
							<String ID="string_239" HPOS="317" VPOS="1512" WIDTH="286" HEIGHT="48" WC="0.93" CONTENT="Föredragande"/><SP WIDTH="30" VPOS="1512" HPOS="603"/>
							<String ID="string_240" HPOS="633" VPOS="1511" WIDTH="467" HEIGHT="47" WC="0.89" CONTENT="departementscheferna"/><SP WIDTH="31" VPOS="1511" HPOS="1100"/>
							<String ID="string_241" HPOS="1131" VPOS="1511" WIDTH="110" HEIGHT="36" WC="0.96" CONTENT="hafva"/><SP WIDTH="28" VPOS="1511" HPOS="1241"/>
							<String ID="string_242" HPOS="1269" VPOS="1515" WIDTH="40" HEIGHT="32" WC="0.96" CONTENT="så"/><SP WIDTH="29" VPOS="1515" HPOS="1309"/>
							<String ID="string_243" HPOS="1338" VPOS="1512" WIDTH="59" HEIGHT="34" WC="0.96" CONTENT="väl"/><SP WIDTH="31" VPOS="1512" HPOS="1397"/>
							<String ID="string_244" HPOS="1428" VPOS="1515" WIDTH="39" HEIGHT="32" WC="0.96" CONTENT="år"/><SP WIDTH="31" VPOS="1515" HPOS="1467"/>
							<String ID="string_245" HPOS="1498" VPOS="1514" WIDTH="90" HEIGHT="34" WC="0.96" CONTENT="1887"/><SP WIDTH="31" VPOS="1514" HPOS="1588"/>
							<String ID="string_246" HPOS="1619" VPOS="1524" WIDTH="80" HEIGHT="22" WC="0.93" CONTENT="som"/><SP WIDTH="23" VPOS="1524" HPOS="1699"/>
							<String ID="string_247" HPOS="1722" VPOS="1512" WIDTH="104" HEIGHT="35" WC="0.89" CONTENT="inne-"/>
						</TextLine>
						<TextLine ID="line_26" HPOS="221" VPOS="1561" WIDTH="1605" HEIGHT="50">
							<String ID="string_248" HPOS="221" VPOS="1564" WIDTH="159" HEIGHT="35" WC="0.96" CONTENT="varande"/><SP WIDTH="42" VPOS="1564" HPOS="380"/>
							<String ID="string_249" HPOS="422" VPOS="1567" WIDTH="39" HEIGHT="32" WC="0.95" CONTENT="år"/><SP WIDTH="41" VPOS="1567" HPOS="461"/>
							<String ID="string_250" HPOS="502" VPOS="1563" WIDTH="169" HEIGHT="35" WC="0.95" CONTENT="förordat"/><SP WIDTH="42" VPOS="1563" HPOS="671"/>
							<String ID="string_251" HPOS="713" VPOS="1562" WIDTH="105" HEIGHT="36" WC="0.96" CONTENT="bifall"/><SP WIDTH="34" VPOS="1562" HPOS="818"/>
							<String ID="string_252" HPOS="852" VPOS="1563" WIDTH="57" HEIGHT="35" WC="0.96" CONTENT="till"/><SP WIDTH="32" VPOS="1563" HPOS="909"/>
							<String ID="string_253" HPOS="941" VPOS="1562" WIDTH="98" HEIGHT="36" WC="0.93" CONTENT="hvad"/><SP WIDTH="30" VPOS="1562" HPOS="1039"/>
							<String ID="string_254" HPOS="1069" VPOS="1563" WIDTH="328" HEIGHT="48" WC="0.92" CONTENT="domänstyrelsen"/><SP WIDTH="31" VPOS="1563" HPOS="1397"/>
							<String ID="string_255" HPOS="1428" VPOS="1564" WIDTH="9" HEIGHT="33" WC="0.96" CONTENT="i"/><SP WIDTH="30" VPOS="1564" HPOS="1437"/>
							<String ID="string_256" HPOS="1467" VPOS="1561" WIDTH="103" HEIGHT="49" WC="0.96" CONTENT="fråga"/><SP WIDTH="29" VPOS="1561" HPOS="1570"/>
							<String ID="string_257" HPOS="1599" VPOS="1575" WIDTH="59" HEIGHT="22" WC="0.93" CONTENT="om"/><SP WIDTH="31" VPOS="1575" HPOS="1658"/>
							<String ID="string_258" HPOS="1689" VPOS="1563" WIDTH="137" HEIGHT="35" WC="0.93" CONTENT="krono-"/>
						</TextLine>
						<TextLine ID="line_27" HPOS="216" VPOS="1613" WIDTH="899" HEIGHT="50">
							<String ID="string_259" HPOS="216" VPOS="1617" WIDTH="171" HEIGHT="46" WC="0.92" CONTENT="jägarnes"/><SP WIDTH="30" VPOS="1617" HPOS="387"/>
							<String ID="string_260" HPOS="417" VPOS="1613" WIDTH="272" HEIGHT="37" WC="0.92" CONTENT="löneförmåner"/><SP WIDTH="28" VPOS="1613" HPOS="689"/>
							<String ID="string_261" HPOS="717" VPOS="1614" WIDTH="159" HEIGHT="35" WC="0.96" CONTENT="sålunda"/><SP WIDTH="29" VPOS="1614" HPOS="876"/>
							<String ID="string_262" HPOS="905" VPOS="1613" WIDTH="210" HEIGHT="48" WC="0.96" CONTENT="föreslagit."/>
						</TextLine>
					</TextBlock>
					<TextBlock ID="block_4" HPOS="223" VPOS="1663" WIDTH="1609" HEIGHT="662">
						<TextLine ID="line_28" HPOS="319" VPOS="1663" WIDTH="1508" HEIGHT="49">
							<String ID="string_263" HPOS="319" VPOS="1665" WIDTH="128" HEIGHT="37" WC="0.95" CONTENT="Såsom"/><SP WIDTH="42" VPOS="1665" HPOS="447"/>
							<String ID="string_264" HPOS="489" VPOS="1665" WIDTH="38" HEIGHT="35" WC="0.89" CONTENT="af"/><SP WIDTH="36" VPOS="1665" HPOS="527"/>
							<String ID="string_265" HPOS="563" VPOS="1665" WIDTH="500" HEIGHT="47" WC="0.89" CONTENT="statsverkspropositionen"/><SP WIDTH="43" VPOS="1665" HPOS="1063"/>
							<String ID="string_266" HPOS="1106" VPOS="1664" WIDTH="176" HEIGHT="48" WC="0.95" CONTENT="framgår,"/><SP WIDTH="43" VPOS="1664" HPOS="1282"/>
							<String ID="string_267" HPOS="1325" VPOS="1664" WIDTH="66" HEIGHT="35" WC="0.96" CONTENT="har"/><SP WIDTH="36" VPOS="1664" HPOS="1391"/>
							<String ID="string_268" HPOS="1427" VPOS="1663" WIDTH="131" HEIGHT="48" WC="0.92" CONTENT="Kongl."/><SP WIDTH="30" VPOS="1663" HPOS="1558"/>
							<String ID="string_269" HPOS="1588" VPOS="1663" WIDTH="103" HEIGHT="48" WC="0.93" CONTENT="Maj:t"/><SP WIDTH="29" VPOS="1663" HPOS="1691"/>
							<String ID="string_270" HPOS="1720" VPOS="1664" WIDTH="107" HEIGHT="35" WC="0.92" CONTENT="äskat"/>
						</TextLine>
						<TextLine ID="line_29" HPOS="223" VPOS="1715" WIDTH="1604" HEIGHT="49">
							<String ID="string_271" HPOS="223" VPOS="1718" WIDTH="228" HEIGHT="46" WC="0.93" CONTENT="Riksdagens"/><SP WIDTH="29" VPOS="1718" HPOS="451"/>
							<String ID="string_272" HPOS="480" VPOS="1716" WIDTH="276" HEIGHT="48" WC="0.91" CONTENT="medgifvande,"/><SP WIDTH="31" VPOS="1716" HPOS="756"/>
							<String ID="string_273" HPOS="787" VPOS="1723" WIDTH="55" HEIGHT="28" WC="0.96" CONTENT="att"/><SP WIDTH="29" VPOS="1723" HPOS="842"/>
							<String ID="string_274" HPOS="871" VPOS="1716" WIDTH="45" HEIGHT="35" WC="0.96" CONTENT="de"/><SP WIDTH="31" VPOS="1716" HPOS="916"/>
							<String ID="string_275" HPOS="947" VPOS="1716" WIDTH="59" HEIGHT="35" WC="0.96" CONTENT="till"/><SP WIDTH="20" VPOS="1716" HPOS="1006"/>
							<String ID="string_276" HPOS="1026" VPOS="1717" WIDTH="231" HEIGHT="47" WC="0.93" CONTENT="jägmästare"/><SP WIDTH="22" VPOS="1717" HPOS="1257"/>
							<String ID="string_277" HPOS="1279" VPOS="1716" WIDTH="180" HEIGHT="47" WC="0.91" CONTENT="anslagna"/><SP WIDTH="19" VPOS="1716" HPOS="1459"/>
							<String ID="string_278" HPOS="1478" VPOS="1715" WIDTH="198" HEIGHT="43" WC="0.95" CONTENT="boställen,"/><SP WIDTH="23" VPOS="1715" HPOS="1676"/>
							<String ID="string_279" HPOS="1699" VPOS="1715" WIDTH="128" HEIGHT="36" WC="0.96" CONTENT="hvilka"/>
						</TextLine>
						<TextLine ID="line_30" HPOS="223" VPOS="1766" WIDTH="1606" HEIGHT="50">
							<String ID="string_280" HPOS="223" VPOS="1769" WIDTH="130" HEIGHT="46" WC="0.95" CONTENT="Kongl."/><SP WIDTH="32" VPOS="1769" HPOS="353"/>
							<String ID="string_281" HPOS="385" VPOS="1769" WIDTH="101" HEIGHT="47" WC="0.96" CONTENT="Maj:t"/><SP WIDTH="28" VPOS="1769" HPOS="486"/>
							<String ID="string_282" HPOS="514" VPOS="1769" WIDTH="81" HEIGHT="34" WC="0.93" CONTENT="icke"/><SP WIDTH="28" VPOS="1769" HPOS="595"/>
							<String ID="string_283" HPOS="623" VPOS="1767" WIDTH="115" HEIGHT="36" WC="0.93" CONTENT="funne"/><SP WIDTH="31" VPOS="1767" HPOS="738"/>
							<String ID="string_284" HPOS="769" VPOS="1767" WIDTH="90" HEIGHT="36" WC="0.96" CONTENT="böra"/><SP WIDTH="29" VPOS="1767" HPOS="859"/>
							<String ID="string_285" HPOS="888" VPOS="1766" WIDTH="59" HEIGHT="36" WC="0.96" CONTENT="för"/><SP WIDTH="22" VPOS="1766" HPOS="947"/>
							<String ID="string_286" HPOS="969" VPOS="1768" WIDTH="218" HEIGHT="35" WC="0.96" CONTENT="ändamålet"/><SP WIDTH="21" VPOS="1768" HPOS="1187"/>
							<String ID="string_287" HPOS="1208" VPOS="1766" WIDTH="91" HEIGHT="36" WC="0.96" CONTENT="eller"/><SP WIDTH="27" VPOS="1766" HPOS="1299"/>
							<String ID="string_288" HPOS="1326" VPOS="1767" WIDTH="108" HEIGHT="47" WC="0.96" CONTENT="eljest"/><SP WIDTH="20" VPOS="1767" HPOS="1434"/>
							<String ID="string_289" HPOS="1454" VPOS="1766" WIDTH="56" HEIGHT="36" WC="0.93" CONTENT="för"/><SP WIDTH="19" VPOS="1766" HPOS="1510"/>
							<String ID="string_290" HPOS="1529" VPOS="1767" WIDTH="300" HEIGHT="47" WC="0.90" CONTENT="skogsväsendet"/>
						</TextLine>
						<TextLine ID="line_31" HPOS="224" VPOS="1818" WIDTH="1603" HEIGHT="50">
							<String ID="string_291" HPOS="224" VPOS="1820" WIDTH="216" HEIGHT="45" WC="0.95" CONTENT="bibehållas,"/><SP WIDTH="42" VPOS="1820" HPOS="440"/>
							<String ID="string_292" HPOS="482" VPOS="1820" WIDTH="95" HEIGHT="48" WC="0.96" CONTENT="finge"/><SP WIDTH="43" VPOS="1820" HPOS="577"/>
							<String ID="string_293" HPOS="620" VPOS="1819" WIDTH="119" HEIGHT="35" WC="0.95" CONTENT="under"/><SP WIDTH="42" VPOS="1819" HPOS="739"/>
							<String ID="string_294" HPOS="781" VPOS="1819" WIDTH="96" HEIGHT="35" WC="0.95" CONTENT="vissa"/><SP WIDTH="43" VPOS="1819" HPOS="877"/>
							<String ID="string_295" HPOS="920" VPOS="1818" WIDTH="320" HEIGHT="48" WC="0.96" CONTENT="förutsättningar"/><SP WIDTH="42" VPOS="1818" HPOS="1240"/>
							<String ID="string_296" HPOS="1282" VPOS="1818" WIDTH="58" HEIGHT="35" WC="0.90" CONTENT="till"/><SP WIDTH="43" VPOS="1818" HPOS="1340"/>
							<String ID="string_297" HPOS="1383" VPOS="1818" WIDTH="224" HEIGHT="36" WC="0.90" CONTENT="statsverket"/><SP WIDTH="32" VPOS="1818" HPOS="1607"/>
							<String ID="string_298" HPOS="1639" VPOS="1818" WIDTH="188" HEIGHT="47" WC="0.90" CONTENT="indragas."/>
						</TextLine>
						<TextLine ID="line_32" HPOS="223" VPOS="1868" WIDTH="1606" HEIGHT="49">
							<String ID="string_299" HPOS="223" VPOS="1872" WIDTH="204" HEIGHT="44" WC="0.96" CONTENT="Utskottet,"/><SP WIDTH="43" VPOS="1872" HPOS="427"/>
							<String ID="string_300" HPOS="470" VPOS="1885" WIDTH="78" HEIGHT="22" WC="0.95" CONTENT="som"/><SP WIDTH="41" VPOS="1885" HPOS="548"/>
							<String ID="string_301" HPOS="589" VPOS="1870" WIDTH="120" HEIGHT="36" WC="0.56" CONTENT="nedan"/><SP WIDTH="44" VPOS="1870" HPOS="709"/>
							<String ID="string_302" HPOS="753" VPOS="1871" WIDTH="172" HEIGHT="34" WC="0.96" CONTENT="kommer"/><SP WIDTH="29" VPOS="1871" HPOS="925"/>
							<String ID="string_303" HPOS="954" VPOS="1876" WIDTH="56" HEIGHT="29" WC="0.96" CONTENT="att"/><SP WIDTH="29" VPOS="1876" HPOS="1010"/>
							<String ID="string_304" HPOS="1039" VPOS="1877" WIDTH="173" HEIGHT="28" WC="0.96" CONTENT="närmare"/><SP WIDTH="29" VPOS="1877" HPOS="1212"/>
							<String ID="string_305" HPOS="1241" VPOS="1869" WIDTH="188" HEIGHT="48" WC="0.96" CONTENT="redogöra"/><SP WIDTH="29" VPOS="1869" HPOS="1429"/>
							<String ID="string_306" HPOS="1458" VPOS="1868" WIDTH="57" HEIGHT="36" WC="0.96" CONTENT="för"/><SP WIDTH="28" VPOS="1868" HPOS="1515"/>
							<String ID="string_307" HPOS="1543" VPOS="1869" WIDTH="131" HEIGHT="47" WC="0.94" CONTENT="Kongl."/><SP WIDTH="30" VPOS="1869" HPOS="1674"/>
							<String ID="string_308" HPOS="1704" VPOS="1868" WIDTH="125" HEIGHT="48" WC="0.96" CONTENT="Maj:ts"/>
						</TextLine>
						<TextLine ID="line_33" HPOS="225" VPOS="1921" WIDTH="1605" HEIGHT="48">
							<String ID="string_309" HPOS="225" VPOS="1923" WIDTH="157" HEIGHT="36" WC="0.96" CONTENT="berörda"/><SP WIDTH="42" VPOS="1923" HPOS="382"/>
							<String ID="string_310" HPOS="424" VPOS="1922" WIDTH="286" HEIGHT="47" WC="0.95" CONTENT="framställning,"/><SP WIDTH="43" VPOS="1922" HPOS="710"/>
							<String ID="string_311" HPOS="753" VPOS="1934" WIDTH="109" HEIGHT="22" WC="0.96" CONTENT="anser"/><SP WIDTH="41" VPOS="1934" HPOS="862"/>
							<String ID="string_312" HPOS="903" VPOS="1922" WIDTH="69" HEIGHT="47" WC="0.96" CONTENT="sig,"/><SP WIDTH="44" VPOS="1922" HPOS="972"/>
							<String ID="string_313" HPOS="1016" VPOS="1921" WIDTH="238" HEIGHT="35" WC="0.96" CONTENT="beträffande"/><SP WIDTH="43" VPOS="1921" HPOS="1254"/>
							<String ID="string_314" HPOS="1297" VPOS="1921" WIDTH="45" HEIGHT="34" WC="0.93" CONTENT="de"/><SP WIDTH="43" VPOS="1921" HPOS="1342"/>
							<String ID="string_315" HPOS="1385" VPOS="1921" WIDTH="235" HEIGHT="46" WC="0.91" CONTENT="skogsstaten"/><SP WIDTH="29" VPOS="1921" HPOS="1620"/>
							<String ID="string_316" HPOS="1649" VPOS="1921" WIDTH="181" HEIGHT="45" WC="0.91" CONTENT="anslagna"/>
						</TextLine>
						<TextLine ID="line_34" HPOS="224" VPOS="1970" WIDTH="1607" HEIGHT="48">
							<String ID="string_317" HPOS="224" VPOS="1975" WIDTH="218" HEIGHT="43" WC="0.92" CONTENT="boställena,"/><SP WIDTH="29" VPOS="1975" HPOS="442"/>
							<String ID="string_318" HPOS="471" VPOS="1973" WIDTH="90" HEIGHT="36" WC="0.96" CONTENT="böra"/><SP WIDTH="29" VPOS="1973" HPOS="561"/>
							<String ID="string_319" HPOS="590" VPOS="1974" WIDTH="8" HEIGHT="33" WC="0.96" CONTENT="i"/><SP WIDTH="31" VPOS="1974" HPOS="598"/>
							<String ID="string_320" HPOS="629" VPOS="1973" WIDTH="104" HEIGHT="35" WC="0.96" CONTENT="detta"/><SP WIDTH="29" VPOS="1973" HPOS="733"/>
							<String ID="string_321" HPOS="762" VPOS="1973" WIDTH="272" HEIGHT="45" WC="0.96" CONTENT="sammanhang"/><SP WIDTH="29" VPOS="1973" HPOS="1034"/>
							<String ID="string_322" HPOS="1063" VPOS="1972" WIDTH="192" HEIGHT="42" WC="0.95" CONTENT="anmärka,"/><SP WIDTH="30" VPOS="1972" HPOS="1255"/>
							<String ID="string_323" HPOS="1285" VPOS="1978" WIDTH="63" HEIGHT="37" WC="0.96" CONTENT="att,"/><SP WIDTH="26" VPOS="1978" HPOS="1348"/>
							<String ID="string_324" HPOS="1374" VPOS="1971" WIDTH="119" HEIGHT="46" WC="0.96" CONTENT="enligt"/><SP WIDTH="21" VPOS="1971" HPOS="1493"/>
							<String ID="string_325" HPOS="1514" VPOS="1970" WIDTH="95" HEIGHT="36" WC="0.93" CONTENT="hvad"/><SP WIDTH="20" VPOS="1970" HPOS="1609"/>
							<String ID="string_326" HPOS="1629" VPOS="1971" WIDTH="202" HEIGHT="35" WC="0.92" CONTENT="statsråds-"/>
						</TextLine>
						<TextLine ID="line_35" HPOS="226" VPOS="2021" WIDTH="1604" HEIGHT="50">
							<String ID="string_327" HPOS="226" VPOS="2025" WIDTH="227" HEIGHT="46" WC="0.96" CONTENT="protokollet"/><SP WIDTH="28" VPOS="2025" HPOS="453"/>
							<String ID="string_328" HPOS="481" VPOS="2022" WIDTH="82" HEIGHT="45" WC="0.96" CONTENT="(sid."/><SP WIDTH="31" VPOS="2022" HPOS="563"/>
							<String ID="string_329" HPOS="594" VPOS="2022" WIDTH="61" HEIGHT="45" WC="0.93" CONTENT="44)"/><SP WIDTH="30" VPOS="2022" HPOS="655"/>
							<String ID="string_330" HPOS="685" VPOS="2022" WIDTH="123" HEIGHT="48" WC="0.91" CONTENT="gifver"/><SP WIDTH="29" VPOS="2022" HPOS="808"/>
							<String ID="string_331" HPOS="837" VPOS="2022" WIDTH="63" HEIGHT="36" WC="0.96" CONTENT="vid"/><SP WIDTH="28" VPOS="2022" HPOS="900"/>
							<String ID="string_332" HPOS="928" VPOS="2022" WIDTH="163" HEIGHT="43" WC="0.96" CONTENT="handen,"/><SP WIDTH="22" VPOS="2022" HPOS="1091"/>
							<String ID="string_333" HPOS="1113" VPOS="2022" WIDTH="114" HEIGHT="35" WC="0.96" CONTENT="bland"/><SP WIDTH="21" VPOS="2022" HPOS="1227"/>
							<String ID="string_334" HPOS="1248" VPOS="2022" WIDTH="45" HEIGHT="35" WC="0.96" CONTENT="de"/><SP WIDTH="21" VPOS="2022" HPOS="1293"/>
							<String ID="string_335" HPOS="1314" VPOS="2021" WIDTH="217" HEIGHT="36" WC="0.93" CONTENT="nuvarande"/><SP WIDTH="20" VPOS="2021" HPOS="1531"/>
							<String ID="string_336" HPOS="1551" VPOS="2022" WIDTH="279" HEIGHT="46" WC="0.92" CONTENT="kronojägarne"/>
						</TextLine>
						<TextLine ID="line_36" HPOS="229" VPOS="2072" WIDTH="1601" HEIGHT="49">
							<String ID="string_337" HPOS="229" VPOS="2078" WIDTH="65" HEIGHT="33" WC="0.93" CONTENT="100"/><SP WIDTH="42" VPOS="2078" HPOS="294"/>
							<String ID="string_338" HPOS="336" VPOS="2074" WIDTH="197" HEIGHT="35" WC="0.90" CONTENT="innehafva"/><SP WIDTH="42" VPOS="2074" HPOS="533"/>
							<String ID="string_339" HPOS="575" VPOS="2074" WIDTH="398" HEIGHT="46" WC="0.83" CONTENT="bostadslägenheter;"/><SP WIDTH="43" VPOS="2074" HPOS="973"/>
							<String ID="string_340" HPOS="1016" VPOS="2079" WIDTH="48" HEIGHT="29" WC="0.92" CONTENT="att"/><SP WIDTH="43" VPOS="2079" HPOS="1064"/>
							<String ID="string_341" HPOS="1107" VPOS="2073" WIDTH="340" HEIGHT="48" WC="0.90" CONTENT="domänstyrelsen,"/><SP WIDTH="38" VPOS="2073" HPOS="1447"/>
							<String ID="string_342" HPOS="1485" VPOS="2072" WIDTH="83" HEIGHT="35" WC="0.96" CONTENT="med"/><SP WIDTH="30" VPOS="2072" HPOS="1568"/>
							<String ID="string_343" HPOS="1598" VPOS="2072" WIDTH="144" HEIGHT="47" WC="0.96" CONTENT="hänsyn"/><SP WIDTH="31" VPOS="2072" HPOS="1742"/>
							<String ID="string_344" HPOS="1773" VPOS="2072" WIDTH="57" HEIGHT="35" WC="0.96" CONTENT="till"/>
						</TextLine>
						<TextLine ID="line_37" HPOS="226" VPOS="2122" WIDTH="1605" HEIGHT="51">
							<String ID="string_345" HPOS="226" VPOS="2125" WIDTH="68" HEIGHT="36" WC="0.96" CONTENT="den"/><SP WIDTH="42" VPOS="2125" HPOS="294"/>
							<String ID="string_346" HPOS="336" VPOS="2125" WIDTH="200" HEIGHT="48" WC="0.96" CONTENT="svårighet,"/><SP WIDTH="41" VPOS="2125" HPOS="536"/>
							<String ID="string_347" HPOS="577" VPOS="2137" WIDTH="78" HEIGHT="23" WC="0.96" CONTENT="som"/><SP WIDTH="43" VPOS="2137" HPOS="655"/>
							<String ID="string_348" HPOS="698" VPOS="2124" WIDTH="59" HEIGHT="35" WC="0.93" CONTENT="för"/><SP WIDTH="43" VPOS="2124" HPOS="757"/>
							<String ID="string_349" HPOS="800" VPOS="2123" WIDTH="272" HEIGHT="36" WC="0.89" CONTENT="innehafvarne"/><SP WIDTH="44" VPOS="2123" HPOS="1072"/>
							<String ID="string_350" HPOS="1116" VPOS="2123" WIDTH="39" HEIGHT="36" WC="0.96" CONTENT="af"/><SP WIDTH="26" VPOS="2123" HPOS="1155"/>
							<String ID="string_351" HPOS="1181" VPOS="2123" WIDTH="109" HEIGHT="36" WC="0.92" CONTENT="dessa"/><SP WIDTH="29" VPOS="2123" HPOS="1290"/>
							<String ID="string_352" HPOS="1319" VPOS="2122" WIDTH="512" HEIGHT="49" WC="0.90" CONTENT="kronojägarebefattningar"/>
						</TextLine>
						<TextLine ID="line_38" HPOS="226" VPOS="2174" WIDTH="1606" HEIGHT="48">
							<String ID="string_353" HPOS="226" VPOS="2177" WIDTH="116" HEIGHT="35" WC="0.95" CONTENT="skulle"/><SP WIDTH="44" VPOS="2177" HPOS="342"/>
							<String ID="string_354" HPOS="386" VPOS="2182" WIDTH="97" HEIGHT="29" WC="0.92" CONTENT="möta"/><SP WIDTH="42" VPOS="2182" HPOS="483"/>
							<String ID="string_355" HPOS="525" VPOS="2182" WIDTH="53" HEIGHT="29" WC="0.96" CONTENT="att"/><SP WIDTH="41" VPOS="2182" HPOS="578"/>
							<String ID="string_356" HPOS="619" VPOS="2177" WIDTH="9" HEIGHT="32" WC="0.96" CONTENT="i"/><SP WIDTH="34" VPOS="2177" HPOS="628"/>
							<String ID="string_357" HPOS="662" VPOS="2175" WIDTH="184" HEIGHT="35" WC="0.96" CONTENT="närheten"/><SP WIDTH="30" VPOS="2175" HPOS="846"/>
							<String ID="string_358" HPOS="876" VPOS="2174" WIDTH="39" HEIGHT="36" WC="0.95" CONTENT="af"/><SP WIDTH="26" VPOS="2174" HPOS="915"/>
							<String ID="string_359" HPOS="941" VPOS="2175" WIDTH="110" HEIGHT="35" WC="0.93" CONTENT="deras"/><SP WIDTH="29" VPOS="2175" HPOS="1051"/>
							<String ID="string_360" HPOS="1080" VPOS="2175" WIDTH="384" HEIGHT="47" WC="0.91" CONTENT="bevakningstrakter"/><SP WIDTH="28" VPOS="2175" HPOS="1464"/>
							<String ID="string_361" HPOS="1492" VPOS="2174" WIDTH="153" HEIGHT="48" WC="0.91" CONTENT="förhyra"/><SP WIDTH="29" VPOS="2174" HPOS="1645"/>
							<String ID="string_362" HPOS="1674" VPOS="2174" WIDTH="158" HEIGHT="47" WC="0.96" CONTENT="lämplig"/>
						</TextLine>
						<TextLine ID="line_39" HPOS="227" VPOS="2225" WIDTH="1604" HEIGHT="48">
							<String ID="string_363" HPOS="227" VPOS="2227" WIDTH="143" HEIGHT="44" WC="0.95" CONTENT="bostad,"/><SP WIDTH="30" VPOS="2227" HPOS="370"/>
							<String ID="string_364" HPOS="400" VPOS="2232" WIDTH="119" HEIGHT="30" WC="0.95" CONTENT="ansett"/><SP WIDTH="29" VPOS="2232" HPOS="519"/>
							<String ID="string_365" HPOS="548" VPOS="2227" WIDTH="62" HEIGHT="35" WC="0.96" CONTENT="det"/><SP WIDTH="29" VPOS="2227" HPOS="610"/>
							<String ID="string_366" HPOS="639" VPOS="2227" WIDTH="10" HEIGHT="33" WC="0.96" CONTENT="i"/><SP WIDTH="29" VPOS="2227" HPOS="649"/>
							<String ID="string_367" HPOS="678" VPOS="2226" WIDTH="208" HEIGHT="36" WC="0.96" CONTENT="allmänhet"/><SP WIDTH="29" VPOS="2226" HPOS="886"/>
							<String ID="string_368" HPOS="915" VPOS="2239" WIDTH="89" HEIGHT="22" WC="0.93" CONTENT="vara"/><SP WIDTH="29" VPOS="2239" HPOS="1004"/>
							<String ID="string_369" HPOS="1033" VPOS="2226" WIDTH="311" HEIGHT="47" WC="0.91" CONTENT="oundgängligen"/><SP WIDTH="26" VPOS="2226" HPOS="1344"/>
							<String ID="string_370" HPOS="1370" VPOS="2225" WIDTH="39" HEIGHT="36" WC="0.93" CONTENT="af"/><SP WIDTH="16" VPOS="2225" HPOS="1409"/>
							<String ID="string_371" HPOS="1425" VPOS="2225" WIDTH="178" HEIGHT="36" WC="0.92" CONTENT="behofvet"/><SP WIDTH="20" VPOS="2225" HPOS="1603"/>
							<String ID="string_372" HPOS="1623" VPOS="2225" WIDTH="208" HEIGHT="47" WC="0.91" CONTENT="påkalladt,"/>
						</TextLine>
						<TextLine ID="line_40" HPOS="227" VPOS="2275" WIDTH="1605" HEIGHT="50">
							<String ID="string_373" HPOS="227" VPOS="2285" WIDTH="53" HEIGHT="29" WC="0.95" CONTENT="att"/><SP WIDTH="41" VPOS="2285" HPOS="280"/>
							<String ID="string_374" HPOS="321" VPOS="2278" WIDTH="106" HEIGHT="36" WC="0.95" CONTENT="dessa"/><SP WIDTH="41" VPOS="2278" HPOS="427"/>
							<String ID="string_375" HPOS="468" VPOS="2277" WIDTH="111" HEIGHT="36" WC="0.96" CONTENT="oftast"/><SP WIDTH="41" VPOS="2277" HPOS="579"/>
							<String ID="string_376" HPOS="620" VPOS="2277" WIDTH="220" HEIGHT="48" WC="0.96" CONTENT="obetydliga"/><SP WIDTH="37" VPOS="2277" HPOS="840"/>
							<String ID="string_377" HPOS="877" VPOS="2277" WIDTH="190" HEIGHT="35" WC="0.96" CONTENT="boställen"/><SP WIDTH="35" VPOS="2277" HPOS="1067"/>
							<String ID="string_378" HPOS="1102" VPOS="2275" WIDTH="57" HEIGHT="36" WC="0.96" CONTENT="för"/><SP WIDTH="29" VPOS="2275" HPOS="1159"/>
							<String ID="string_379" HPOS="1188" VPOS="2278" WIDTH="66" HEIGHT="33" WC="0.96" CONTENT="sitt"/><SP WIDTH="29" VPOS="2278" HPOS="1254"/>
							<String ID="string_380" HPOS="1283" VPOS="2277" WIDTH="174" HEIGHT="35" WC="0.93" CONTENT="ändamål"/><SP WIDTH="28" VPOS="2277" HPOS="1457"/>
							<String ID="string_381" HPOS="1485" VPOS="2276" WIDTH="220" HEIGHT="45" WC="0.91" CONTENT="bibehölles,"/><SP WIDTH="31" VPOS="2276" HPOS="1705"/>
							<String ID="string_382" HPOS="1736" VPOS="2284" WIDTH="96" HEIGHT="28" WC="0.96" CONTENT="samt"/>
						</TextLine>
					</TextBlock>
					<TextBlock ID="block_5" HPOS="327" VPOS="2340" WIDTH="1405" HEIGHT="33">
						<TextLine ID="line_41" HPOS="327" VPOS="2340" WIDTH="1405" HEIGHT="33">
							<String ID="string_383" HPOS="327" VPOS="2343" WIDTH="60" HEIGHT="25" WC="0.90" CONTENT="Bih."/><SP WIDTH="20" VPOS="2343" HPOS="387"/>
							<String ID="string_384" HPOS="407" VPOS="2342" WIDTH="40" HEIGHT="26" WC="0.91" CONTENT="till"/><SP WIDTH="19" VPOS="2342" HPOS="447"/>
							<String ID="string_385" HPOS="466" VPOS="2342" WIDTH="94" HEIGHT="25" WC="0.90" CONTENT="Riksd."/><SP WIDTH="21" VPOS="2342" HPOS="560"/>
							<String ID="string_386" HPOS="581" VPOS="2342" WIDTH="73" HEIGHT="25" WC="0.87" CONTENT="Prot,"/><SP WIDTH="22" VPOS="2342" HPOS="654"/>
							<String ID="string_387" HPOS="676" VPOS="2341" WIDTH="84" HEIGHT="26" WC="0.70" CONTENT="1859,"/><SP WIDTH="39" VPOS="2341" HPOS="760"/>
							<String ID="string_388" HPOS="799" VPOS="2341" WIDTH="16" HEIGHT="25" WC="0.92" CONTENT="4"/><SP WIDTH="19" VPOS="2341" HPOS="815"/>
							<String ID="string_389" HPOS="834" VPOS="2341" WIDTH="87" HEIGHT="25" WC="0.82" CONTENT="Saml."/><SP WIDTH="39" VPOS="2341" HPOS="921"/>
							<String ID="string_390" HPOS="960" VPOS="2341" WIDTH="14" HEIGHT="24" WC="0.87" CONTENT="1"/><SP WIDTH="22" VPOS="2341" HPOS="974"/>
							<String ID="string_391" HPOS="996" VPOS="2340" WIDTH="69" HEIGHT="33" WC="0.74" CONTENT="Afd."/><SP WIDTH="37" VPOS="2340" HPOS="1065"/>
							<String ID="string_392" HPOS="1102" VPOS="2341" WIDTH="20" HEIGHT="24" WC="0.90" CONTENT="&amp;"/><SP WIDTH="22" VPOS="2341" HPOS="1122"/>
							<String ID="string_393" HPOS="1144" VPOS="2340" WIDTH="76" HEIGHT="33" WC="0.82" CONTENT="Häft."/><SP WIDTH="496" VPOS="2340" HPOS="1220"/>
							<String ID="string_394" HPOS="1716" VPOS="2341" WIDTH="16" HEIGHT="24" WC="0.95" CONTENT="6"/>
						</TextLine>
					</TextBlock>
				</ComposedBlock>
			</PrintSpace>
		</Page>
	</Layout>
</alto>
