2149 2657
135 1128 50 26 Ang.
204 1126 106 29 unslayet

125 1163 40 25 for
183 1160 133 22 kontrollen

142 1195 36 21 ed
195 1194 106 22 enskilda

320 226 39 24 en
852 221 233 31 Stulsutskultets
1112 220 158 31 Utlåtande
1294 220 63 31 N:o
1380 222 15 27 5

831 307 99 31 samt
970 308 50 29 at
1064 301 221 48 Riksdagen
1316 303 58 32 ma
1403 299 208 48 medgifva,
1642 304 53 30 att
1724 298 45 36 de
1799 297 131 43 medel,

729 367 82 24 som
841 352 140 38 influtit
1010 352 94 37 eller
1124 351 222 38 hädanefter
1367 351 131 49 imHyta
1520 350 57 37 för
1597 350 227 48 försäljning
1839 350 92 48 jem-

728 406 72 35 likt
820 405 142 48 nådiga
981 404 152 37 brefvet
1153 404 73 36 den
1250 405 41 34 18
1317 404 72 48 maj
1415 405 94 34 1888
1532 403 39 35 af
1588 402 193 48 åtskilliga
1800 402 132 35 krouo-

729 456 234 50 egendomar
1002 456 73 36 och
1117 456 121 47 enligt
1278 468 144 23 samma
1461 455 141 46 nådiga
1638 453 86 36 bref
1747 453 107 37 skola
1883 454 49 34 in

729 509 193 36 levereras
963 507 56 37 till
1064 507 372 48 riksgäldskontoret
1478 507 56 35 för
1576 511 53 31 att
1657 505 192 37 användas
1877 505 56 35 för

729 560 118 50 inköp
877 559 41 38 af
933 536 272 73 skogbärande
1233 558 91 37 eller
1344 558 56 37 till
1421 557 221 49 skogsbörd
1661 557 137 49 tjenlig
1817 556 114 44 mark,

730 615 60 34 må
828 612 58 36 för
923 612 139 36 sådant
1098 611 174 36 ändamål
1308 610 121 37 under
1466 623 46 23 en
1542 610 54 36 tid
1626 600 53 46 af
1681 571 62 74 tre
1774 612 49 44 år,
1851 609 82 36 räk-

729 665 94 36 nadt
850 664 82 36 från
962 664 75 35 den
1069 666 16 33 1
1112 663 151 48 januari
1301 664 105 43 1889,
1441 662 41 36 ar
1506 662 139 47 Kongl.
1677 661 104 47 Maj:t
1808 639 125 70 dispo-

729 727 112 24 neras
885 714 71 36 och
998 713 243 48 följaktligen
1282 715 44 46 på
1370 712 141 48 Kongl
1555 712 124 47 Maj:ts
1714 711 218 48 reqvisition

730 766 82 36 från
840 764 380 49 riksgäldskontoret
1248 764 205 44 utbetalas;

832 815 40 46 b)
910 823 53 30 att
1001 816 88 36 herr
1126 815 241 48 Cederbergs
1403 814 251 36 förevarande
1683 813 140 36 motion
1853 813 80 35 icke

730 871 61 33 må
818 868 57 36 till
906 872 126 44 någon
1063 867 242 48 Riksdagens
1336 866 134 49 åtgärd
1500 865 207 37 föranleda.

471 1021 80 35 För
578 1021 240 36 kontrollen
847 1021 66 35 vid
942 1020 188 36 enskilda
1158 1020 153 36 banker
1340 1021 73 35 och
1441 1019 355 36 kreditanstalter.

424 1121 71 48 7:0)
524 1123 175 49 Kongl.
687 1122 101 49 Maj:t
825 1124 67 34 har
926 1122 200 50 föreslagit,
1164 1129 61 38 att,
1257 1123 115 35 under
1399 1122 268 48 förutsättning
1695 1127 53 30 att
1775 1123 20 33 å
1821 1125 113 31 staten

320 1174 59 35 för
419 1150 435 76 finansdepartementets
882 1152 204 70 afdelning
1113 1152 40 57 af
1176 1157 133 69 Kongl.
1335 1174 119 47 Maj:ts
1484 1174 115 34 kansli
1629 1172 122 36 blefve
1778 1171 159 48 uppförd

147 1229 87 22 bunker
254 1227 43 23 och
323 1225 166 49 aflöning
525 1224 60 37 för
622 1239 44 22 en
702 1226 294 47 bankinspektör
1023 1231 94 30 samt
1147 1224 235 49 erforderliga
1413 1224 117 36 medel
1562 1223 173 37 anvisade
1761 1221 57 38 för
1845 1237 93 22 amau-

123 1262 196 23 Ireditanstalter.

189 1307 61 42 [7.1

322 1289 119 23 nuens
466 1254 74 58 och
568 1276 186 48 tillfälliga
784 1277 170 36 biträden
983 1282 37 30 at
1048 1278 147 43 honom,
1216 1257 322 67 förslagsanslaget
1567 1275 57 36 för
1651 1275 207 36 kontrollen
1876 1274 61 36 vid

322 1328 166 35 enskilda
519 1329 144 35 banker
691 1328 67 35 och
789 1328 302 35 kreditanstalter
1118 1332 17 31 å
1164 1328 106 46 högst
1304 1331 127 41 12,000
1461 1329 138 33 kronor
1626 1326 112 36 måtte
1758 1325 179 36 nedsättas

321 1379 87 36 med
450 1382 108 41 3,000
600 1380 140 36 kronor
782 1379 88 35 eller
909 1380 56 34 till
1008 1380 108 47 högst
1147 1383 104 38 9,000
1280 1380 147 37 kronor,
1457 1377 106 37 deraf
1591 1380 105 40 4,000
1727 1379 133 33 kronor
1887 1383 48 29 att

324 1430 193 37 användas
546 1432 57 35 till
632 1431 155 37 arfvode
818 1431 56 35 för
903 1445 43 22 en
975 1432 169 35 assistent
1173 1436 35 30 åt
1236 1431 349 48 bankinspektören.

425 1482 239 37 Beträffande
693 1483 45 36 de
766 1484 89 43 skäl,
883 1495 76 23 som
989 1484 97 47 ligga
1118 1484 55 34 till
1192 1482 121 50 grund
1333 1481 58 37 för
1413 1482 130 48 Kongl
1563 1481 117 48 Maj:ts
1701 1480 236 36 förevarande

322 1535 289 48 framställning,
640 1535 69 35 och
738 1535 44 34 de
811 1513 326 69 omständigheter,
1178 1547 78 22 som
1285 1534 149 35 dermed
1462 1512 57 56 Så
1545 1535 8 33 i
1583 1533 273 48 sammanhang,
1884 1531 55 35 får

323 1586 181 35 utskottet
546 1586 153 36 hänvisa
742 1587 57 34 till
841 1586 69 35 den
953 1585 233 49 redogörelse
1227 1585 132 44 derför,
1395 1598 79 22 som
1503 1586 155 34 lemnats
1687 1583 59 36 vid
1775 1584 163 48 punkten

325 1642 54 31 1:0
409 1637 66 35 här
503 1636 124 37 ofvan.
682 1636 54 36 Af
762 1637 98 35 hvad
889 1637 64 36 der
981 1636 143 36 anförts
1152 1636 172 49 framgär,
1354 1644 51 28 utt
1433 1637 180 35 utskottet
1642 1636 79 35 icke
1749 1640 116 30 ansett
1886 1636 53 46 sis

322 1689 127 35 kunna
484 1688 154 36 förorda
666 1688 71 36 den
766 1688 141 48 atgärd,
947 1701 90 24 som,
1079 1689 113 46 enligt
1220 1687 96 36 hvad
1346 1687 112 37 ofvan
1488 1686 176 50 angifves,
1694 1692 108 42 utgör
1827 1685 113 37 förut-

322 1741 216 47 sättningen
579 1740 59 36 för
679 1740 68 36 den
788 1719 40 56 af
853 1739 133 49 Kongl.
1021 1739 100 48 Maj:t
1150 1720 208 66 föreslagna
1385 1726 286 60 nedsättningen
1700 1739 7 34 i
1737 1718 61 55 det
1824 1737 116 36 under

324 1771 270 56 ofvanstäende
635 1792 230 47 anslagstitel
905 1772 187 67 uppförda
1135 1792 135 47 anslag,
1312 1792 87 35 eller
1435 1797 52 29 att
1524 1805 16 20 a
1580 1770 118 55 staten
1726 1789 58 36 för
1810 1791 131 34 finans-

324 1842 314 48 departementets
677 1821 194 70 afdelning
907 1842 40 36 af
981 1842 134 49 Kongl.
1142 1841 118 49 Maj:ts
1287 1843 117 35 käns
1435 1841 157 49 uppföra
1624 1841 162 47 aflöning
1813 1839 57 37 för
1897 1854 42 22 en

323 1895 297 47 bankinspektör
647 1900 95 29 samt
771 1895 128 34 anvisa
926 1893 240 49 erforderliga
1201 1893 119 35 medel
1348 1893 58 35 för
1434 1905 201 24 amanuens
1664 1893 66 34 och
1759 1891 182 49 tillfälligu

325 1945 185 43 biträden;
540 1953 51 28 srt
619 1946 182 35 utskottet
829 1947 10 33 i
869 1946 121 34 stället
1011 1953 40 27 är
1072 1944 40 36 af
1129 1945 70 35 den
1218 1946 160 47 mening,
1399 1951 52 29 att
1473 1943 282 49 ifrågavarande
1773 1943 166 48 förslags-

323 1997 130 46 anslag
481 1998 69 34 bör
579 1998 6 33 i
619 1997 195 35 riksstaten
856 1996 59 35 för
953 2010 40 21 ar
1040 2000 92 31 1590
1173 1994 177 49 uppföras
1383 1997 53 34 till
1466 1997 61 33 sitt
1557 1994 214 36 nuvarande
1798 1995 141 46 belopp,

323 2026 129 69 högst
459 2051 130 41 12,000
613 2049 150 44 kronor,
790 2047 111 37 deraf
922 2051 107 41 7,000
1052 2048 139 35 kronor
1205 2053 52 30 att
1278 2047 187 36 användas
1495 2047 52 35 till
1579 2045 176 38 arfvoden
1786 2054 35 27 at
1849 2045 90 43 dem,

323 2079 126 56 hvilka
479 2077 200 58 förordnas
708 2106 52 29 att
791 2101 100 34 inom
919 2077 416 70 finansdepartementet
1362 2099 142 36 biträda
1536 2098 83 36 med
1647 2098 205 35 kontrollen
1879 2074 61 59 vid

325 2150 165 36 enskilda
535 2152 143 34 banker
719 2151 67 35 och
830 2151 302 35 kreditanstalter
1173 2151 67 34 och
1281 2150 83 35 med
1406 2150 281 48 handläggning
1719 2149 39 35 af
1783 2149 156 36 ärenden

324 2202 163 37 rörande
516 2202 126 50 dylika
672 2203 143 36 banker
843 2203 68 35 och
940 2201 308 46 kreditanstalter,
1280 2202 65 36 och
1377 2205 107 37 5,000
1513 2202 138 35 kronor
1678 2207 54 30 att
1758 2200 182 37 användas

324 2255 58 36 till
410 2253 183 38 arfvoden
622 2255 35 36 ät
686 2254 141 37 ombud
856 2254 62 37 vid
947 2253 141 38 sådana
1116 2255 257 48 inrättningar;
1406 2259 90 32 samt
1537 2260 50 30 utt
1624 2253 173 37 utskottet
1825 2253 103 36 tillik:

325 2306 116 36 håller
482 2307 90 45 före,
615 2313 52 29 att
709 2307 59 35 det
810 2308 57 34 till
908 2306 210 36 beredande
1159 2306 39 35 af
1235 2305 153 38 arfvode
1415 2306 59 36 för
1502 2319 45 23 en
1576 2307 167 35 assistent
1768 2305 36 36 åt
1831 2306 109 35 bank-
