2154 2655
303 248 37 27 36
837 243 230 31 Statsutskottets
1095 243 159 31 Utlåtande
1277 242 62 32 N:o
1367 246 10 27 &

303 323 189 37 hafvande
523 324 10 34 i
563 323 256 36 Norrbottens
848 324 75 43 län,
951 322 224 37 framstälda
1194 322 136 47 förslag
1351 336 59 22 om
1432 323 246 47 nedsättning
1697 322 56 35 till
1775 320 138 36 hälften

303 375 39 37 af
381 375 367 50 utsyningsafgiften
790 376 9 35 i
843 375 144 36 trakter
1024 374 177 37 ofvanom
1230 374 240 49 fjellgränsen
1500 388 90 22 vara
1619 373 156 47 förtjent
1803 373 39 35 af
1867 373 48 34 all

303 423 355 68 uppmärksamhet,
701 428 160 34 likasom
904 426 119 45 äfven,
1060 432 48 43 på
1143 433 74 29 sätt
1240 427 138 46 jemväl
1408 426 326 46 domänstyrelsen
1766 425 149 43 erinrat,

302 481 100 35 vissa
432 479 207 48 ändringar
668 480 10 34 i
708 479 177 47 gällande
915 456 286 59 bestämmelser
1228 478 158 36 rörande
1417 478 372 48 dispositionsrätten
1813 475 103 37 öfver

302 533 144 47 skogen
489 512 110 56 torde
642 513 127 54 kunna
811 531 172 48 vidtagas
1025 532 9 33 1
1078 530 99 49 syfte
1218 538 65 36 att,
1325 535 88 31 utan
1444 530 272 47 äfventyrande
1745 527 39 36 af
1808 534 107 29 stats-

303 564 238 56 kontrollens
570 583 254 46 verksamhet,
853 583 146 35 minska
1028 582 47 36 de
1106 556 255 77 olägenheter,
1383 595 80 23 som
1487 581 57 36 för
1560 581 229 48 jordegaren
1811 580 101 35 alltid

303 636 8 35 i
342 638 126 45 någon
498 638 84 33 mån
614 638 120 33 måste
762 647 91 23 vara
882 634 217 36 förbundna
1128 634 85 35 med
1242 633 120 36 denna
1392 633 180 36 kontroll.
1615 632 301 48 Departements-

303 667 135 55 chefen
477 687 151 34 anhölle
667 693 57 28 att
760 685 214 45 framdeles,
1004 686 116 34 sedan
1150 684 126 47 frågan
1307 698 59 21 om
1396 685 282 45 löneregslering
1705 683 56 34 för
1789 683 127 46 skogs-

302 743 124 30 staten
458 737 67 35 hos
553 736 216 48 Riksdagen
800 736 180 35 förevarit
1010 736 58 35 till
1099 716 239 65 behandling,
1368 734 59 36 för
1452 735 45 35 de
1518 716 161 54 sålunda
1699 721 217 59 ifrågasatta

303 789 258 46 ändringarna
589 788 37 36 få
656 764 150 77 påkalla
836 787 132 48 Kongl.
1001 787 122 48 Maj:ts
1153 786 344 49 uppmärksamhet.

405 840 55 36 Af
496 841 93 42 skäl,
637 840 129 35 hvilka
808 840 202 35 återfinnas
1058 842 46 44 på
1143 839 94 35 sidd.
1280 841 44 33 24
1367 839 68 34 och
1477 842 44 32 55
1562 838 9 34 i
1601 837 315 47 statsrädsproto-

304 892 130 43 kollet,
465 891 69 35 har
563 890 424 48 departementschefen
1008 891 195 47 slutligen,
1223 890 73 35 lika
1316 890 85 35 med
1423 890 339 47 domänstyrelsen,
1783 894 133 37 ansett,

303 950 56 28 att
388 942 47 36 de
465 942 40 36 af
524 943 233 47 jägmästare
799 941 105 36 förut
946 941 204 48 uppburna
1192 940 148 48 afgifter
1370 941 58 36 för
1457 940 226 48 utsyningar
1712 940 10 34 i
1751 938 166 48 Koppar-

304 994 114 48 bergs
448 994 71 35 och
549 994 46 35 de
624 993 253 36 norrländska
906 993 121 43 länen,
1058 1005 81 23 som
1170 992 141 36 erlades
1346 992 39 36 af
1411 992 170 36 enskilde
1621 991 68 36 och
1720 1004 48 22 nu
1798 991 118 35 skulle

303 1046 59 35 till
391 1045 232 36 statsverket
652 1045 189 48 indragas,
872 1044 124 35 kunde
1026 1045 100 47 lägst
1147 1044 180 36 beräknas
1347 1045 58 35 till
1428 1046 135 42 47,000
1584 1044 141 35 kronor
1745 1055 59 22 om
1826 1045 90 33 äret.

407 1248 109 36 Hvad
547 1252 118 44 angår
694 1249 73 35 den
796 1249 58 35 för
884 1250 239 46 skogsstaten
1151 1248 210 47 föreslagna
1390 1261 73 35 nya
1492 1249 306 46 organisationen
1825 1254 94 28 samt

305 1300 46 35 de
381 1298 61 36 för
483 1313 143 22 samma
668 1304 74 31 stat
783 1299 221 48 ifrågasatta
1047 1300 377 46 aflöningsförmåner
1466 1300 69 35 och
1575 1299 46 35 de
1651 1299 132 43 vilkor,
1813 1299 105 35 hvar-

306 1351 123 34 under
471 1351 108 35 dessa
620 1351 124 34 skulle
787 1351 178 46 åtnjutas,
1006 1354 40 32 så
1086 1357 147 41 upptog
1260 1352 63 34 det
1350 1350 142 48 förslag
1520 1351 58 35 till
1608 1355 74 30 stat
1710 1349 56 36 för
1794 1351 125 45 skogs-

306 1401 283 48 förvaltningen
633 1402 9 34 i
686 1407 165 38 orterna,
894 1414 78 23 som
1014 1402 323 48 domänstyrelsen
1381 1403 9 34 i
1434 1403 54 34 sin
1531 1400 198 37 skrifvelse
1767 1401 70 35 den
1874 1403 44 33 30

306 1453 162 35 oktober
511 1455 97 33 1884
650 1452 192 36 framstält
886 1453 68 35 och
997 1453 248 35 oförändradt
1281 1453 177 46 framlagt
1486 1455 10 33 i
1526 1453 214 35 utlåtandet
1773 1453 71 34 den
1875 1456 42 32 15

305 1504 210 36 november
546 1506 110 41 1886,
700 1506 18 34 9
749 1503 348 49 öfverjägmästare,
1129 1508 46 32 74
1199 1505 228 47 jägmästare
1457 1505 68 35 och
1559 1507 70 33 263
1660 1504 257 47 kronojägare.

408 1556 158 35 Antalet
609 1555 341 49 öfverjägmästare
992 1556 123 36 skulle
1158 1555 142 37 således
1342 1555 116 37 blifva
1499 1555 209 37 detsamma
1749 1568 79 23 som
1869 1568 50 23 nu

305 1607 443 48 skogsinspektörernas,
791 1621 84 22 men
919 1608 174 35 deremot
1135 1608 118 35 skulle
1294 1611 125 45 nagon
1456 1608 199 47 jemkning
1696 1621 67 32 ega
1799 1608 120 35 rum
1893 1603 29 57 i

306 1657 390 48 öfverjägmästarnes
725 1659 473 47 tjenstgöringsområden,
1227 1663 38 32 så
1293 1665 54 30 att
1374 1659 216 36 Jemtlands
1620 1660 153 35 distrikt
1801 1659 118 36 skulle

306 1709 180 48 utvidgas
527 1709 86 36 med
656 1709 342 37 Vesternorrlands
1041 1711 61 35 län
1147 1711 69 35 och
1254 1712 141 34 erhålla
1423 1711 280 47 benämningen
1732 1710 189 36 Mellersta

306 1760 213 36 Norrlands
561 1760 173 46 distrikt;
777 1767 56 30 att
868 1762 56 34 till
954 1762 64 35 det
1048 1762 166 43 distrikt,
1243 1775 77 23 som
1350 1776 50 22 nu
1430 1762 204 36 benämnes
1664 1761 118 37 Södra
1809 1761 112 37 Norr-

306 1812 121 46 lands,
470 1812 122 35 skulle
636 1813 8 34 i
689 1791 129 57 stället
846 1812 59 36 för
941 1791 337 58 Vesternorrlands
1307 1815 60 34 län
1397 1815 129 47 läggas
1555 1813 266 49 Kopparbergs
1849 1814 71 43 län,

307 1864 71 34 och
409 1841 196 58 distriktet
636 1863 168 37 derefter
833 1865 117 35 kallas
980 1863 219 38 Gefle-Dala
1220 1865 168 45 distrikt;
1410 1845 96 56 samt
1527 1872 56 29 att
1604 1866 85 35 med
1710 1842 211 71 Beruslags-

307 1913 199 37 distriktet
547 1915 124 36 skulle
715 1916 10 34 i
767 1916 128 35 stället
928 1915 57 36 för
1013 1915 269 49 Kopparbergs
1310 1896 78 56 län
1400 1917 151 36 förenas
1584 1917 137 48 Upsala
1749 1896 73 67 län,
1852 1897 68 56 och

307 1966 65 35 det
421 1958 113 43 Östra
581 1967 196 35 distriktet
818 1968 158 34 sålunda
1019 1968 152 35 komna
1211 1974 53 29 att
1306 1969 221 35 inskränkas
1570 1969 59 34 till
1671 1946 249 65 Stockholms,

308 2016 335 45 Södermanlands,
674 2010 291 54 Östergötlands
993 2019 71 35 och
1096 2018 183 36 Gotlands
1307 2020 71 34 län.

410 2067 124 37 VEG
563 2046 222 58 Nehe
816 2072 44 34 85
886 2068 543 50 jägmästarebefattningarna
1458 2071 135 44 skulle,
1623 2076 121 30 såsom
1766 2083 43 22 en
1830 2069 91 48 följd

308 2119 40 36 af
387 2119 207 48 ändringar
627 2121 11 34 i
668 2119 382 49 revirfördelningen,
1089 2121 174 47 indragas
1294 2125 55 40 11,
1380 2123 11 34 i
1420 2122 66 36 det
1513 2128 57 30 att
1600 2122 321 47 domänstyrelsen

309 2176 125 30 ansett
471 2172 281 46 jägmästarnes
794 2172 101 35 antal
937 2172 127 35 kunna
1106 2173 163 35 minskas
1310 2174 84 34 med
1439 2187 43 22 en
1527 2174 102 35 inom
1658 2173 201 36 hvartdera
1888 2173 37 35 af

308 2222 168 47 följande
522 2223 75 44 län,
653 2224 190 46 nemligen
898 2223 266 44 Norrbottens,
1218 2224 299 45 Vesterbotteus,
1574 2225 347 43 Vesternorrlands,

311 2268 236 70 Gefleborgs,
590 2248 247 89 Vermlands,
885 2274 304 57 Vestmanlands,
1230 2276 149 58 Upsala,
1423 2276 330 54 Södermanlands,
1796 2254 126 67 Öster

310 2310 204 80 SN
530 2310 237 80 TNA
797 2310 69 68 och
898 2337 273 41 Kristianstads
1201 2340 67 38 län.
