1872 2776
274 150 18 29 6
561 150 404 40 Bevillningsutskottets
987 153 218 31 betänkande
1225 163 43 21 nr
1287 155 41 30 37
1349 155 40 30 år
1411 156 81 30 1961

632 234 34 34 1)
696 236 42 29 de
758 235 223 41 likalydande
1000 237 220 32 motionerna
1241 238 28 31 I:
1287 239 38 30 77
1347 248 42 22 av
1408 240 81 30 herr
1508 240 94 30 Ebbe
1622 240 153 32 Ohlsson

586 293 45 21 m.
656 284 37 31 fl.
718 285 64 30 och
805 285 45 31 II:
867 286 40 30 92
931 296 42 21 av
994 287 82 30 herr
1099 287 208 33 Stiernstedt
1330 298 46 21 m.
1401 289 37 30 fl.
1463 299 56 21 om
1543 291 167 39 slopande
1734 300 42 22 av

585 335 398 41 dyrortsgrupperingen
1004 337 57 31 vid
1082 337 282 41 beskattningen,
1387 342 91 28 samt

630 385 36 34 2)
696 386 43 29 de
770 386 222 40 likalydande
1024 387 220 31 motionerna
1277 389 28 30 I:
1322 389 63 31 355
1417 399 43 21 av
1490 390 82 31 herr
1602 391 174 30 Thorsten

586 435 153 31 Larsson
757 445 44 20 m.
819 436 37 29 fl.
874 437 65 29 och
957 437 44 30 II:
1018 436 62 32 540
1099 447 43 21 av
1157 438 82 30 herr
1256 439 215 31 Gustavsson
1488 441 11 29 i
1516 440 141 31 Alvesta
1673 450 46 21 m.
1738 441 38 30 fl.

586 494 56 21 om
662 486 166 40 slopande
846 496 43 21 av
906 487 397 42 dyrortsgrupperingen
1321 490 96 30 inom
1435 490 281 41 beskattningen,

629 536 120 35 måtte,
774 536 5 30 i
799 537 66 29 den
884 537 83 30 mån
986 538 42 30 de
1047 538 77 30 icke
1144 539 71 29 kan
1235 548 101 22 anses
1356 540 189 31 besvarade
1565 549 124 32 genom
1708 542 67 30 vad

587 586 171 30 utskottet
785 596 88 21 ovan
901 588 116 30 anfört
1044 589 64 29 och
1136 589 189 34 hemställt,
1353 599 43 21 av
1423 591 187 40 riksdagen
1636 592 139 31 lämnas

587 638 85 28 utan
695 637 132 40 åtgärd.

321 719 202 31 Stockholm
543 720 66 30 den
628 720 42 30 23
689 729 95 23 mars
806 720 79 31 1961

706 804 50 31 På
774 805 400 40 bevillningsutskottets
1195 808 146 39 vägnar:

841 888 116 31 JOHN
977 889 212 31 ERICSSON

894 1048 241 32 Närvarande:

319 1113 79 30 från
435 1113 168 31 första
641 1114 221 32 kammaren:
885 1116 121 30 herrar
1026 1116 94 30 John
1140 1117 175 35 Ericsson,
1336 1118 170 40 Hagberg,
1527 1119 108 30 Einar
1655 1119 119 31 Eriks-

277 1172 72 25 son,
373 1164 164 34 Jansson,
563 1164 110 40 Spetz,
699 1165 123 30 fröken
848 1166 189 35 Ranmark,
1061 1166 123 31 herrar
1209 1166 125 32 Gustaf
1358 1167 175 36 Elofsson,
1559 1169 215 41 Söderquist,

276 1213 108 31 Oscar
401 1214 163 30 Carlsson
582 1215 63 29 och
663 1215 118 40 Yngve
798 1215 154 37 Nilsson;
973 1219 90 28 samt

320 1280 79 30 från
445 1282 152 29 andra
641 1282 222 31 kammaren:
888 1283 121 30 herrar
1032 1283 133 31 Brandt
1188 1284 11 30 i
1223 1284 197 41 Aspabruk,
1444 1285 131 35 Allard,
1598 1286 141 31 Nilsson
1762 1286 11 31 i

276 1331 131 36 Svalöv,
431 1331 171 40 Vigelsbo,
626 1332 171 31 Wiklund
820 1332 11 31 i
853 1332 146 41 Öjebyn,
1023 1333 181 41 Engkvist,
1228 1333 191 32 Gustafson
1441 1335 12 30 i
1476 1335 180 41 Göteborg,
1680 1337 94 39 Mag-

274 1380 132 22 nusson
423 1373 12 30 i
454 1373 118 35 Borås,
592 1373 227 31 Christenson
838 1375 10 29 i
868 1375 146 30 Malmö”
1036 1376 66 29 och
1121 1376 201 31 Andersson
1341 1377 11 29 i
1372 1377 136 30 Essvik.

319 1430 88 27 "Icke
426 1432 131 24 närvarit
574 1432 49 25 vid
640 1432 147 32 justering
805 1441 35 16 av
857 1433 205 26 betänkandet.

906 1622 230 33 Reservation

317 1717 41 20 av
378 1708 123 30 herrar
521 1708 169 41 Hagberg,
713 1709 125 40 Gustaf
856 1709 175 41 Elofsson,
1056 1711 114 41 Yngve
1191 1711 151 38 Nilsson,
1363 1712 141 31 Nilsson
1525 1713 11 30 i
1559 1713 133 35 Svalöv,
1717 1713 54 30 Vi-

273 1757 115 40 gelsbo
407 1759 64 29 och
487 1759 215 39 Magnusson
719 1760 12 30 i
747 1760 108 31 Borås
872 1761 95 30 vilka
983 1761 74 31 dels
1075 1762 118 30 anfört
1211 1762 172 40 följande:

316 1833 119 31 Såsom
458 1834 208 31 framhållits
688 1837 12 30 i
722 1836 40 30 de
784 1836 233 38 föreliggande
1038 1838 216 30 motionerna
1276 1838 63 30 har
1360 1848 43 20 en
1424 1837 195 41 utjämning
1640 1849 43 20 av
1705 1839 68 30 lev-

273 1883 317 32 nadskostnaderna
607 1885 10 30 i
632 1885 77 30 vårt
724 1886 80 30 land
820 1887 54 37 ägt
890 1896 86 21 rum.
992 1887 14 29 I
1021 1889 66 29 den
1101 1887 82 31 mån
1198 1888 168 31 olikheter
1381 1891 11 29 i
1407 1889 365 31 kostnadshänseende

274 1934 151 39 alltjämt
453 1935 70 29 kan
549 1934 150 41 påvisas,
726 1936 101 30 beror
854 1937 101 30 dessa
981 1938 11 29 i
1018 1938 58 29 det
1102 1938 247 40 väsentligaste
1375 1938 47 41 på
1449 1939 282 40 skiljaktigheter
1757 1939 12 30 i

273 1984 377 31 standardhänseende.
675 1985 276 41 Glesbygdernas
977 1987 161 40 speciella
1162 1988 257 35 förhållanden,
1444 1989 80 30 med
1547 1989 45 30 bl.
1619 1998 29 21 a.
1675 1991 94 29 stora

273 2034 146 30 avstånd
448 2035 73 30 dels
548 2035 95 30 inom
671 2036 216 30 kommunen
914 2037 74 31 dels
1015 2038 129 30 mellan
1171 2038 216 30 kommunen
1416 2039 65 30 och
1508 2039 113 40 någon
1651 2041 117 33 tätort,

271 2084 163 30 åsamkar
453 2085 116 30 vidare
588 2086 450 32 kommunmedlemmarna
1056 2088 191 31 kostnader
1265 2089 52 29 till
1335 2089 94 30 vilka
1448 2089 251 40 motsvarighet
1717 2090 52 29 in-

272 2136 31 28 te
321 2134 116 31 finnes
455 2135 96 30 inom
570 2136 115 30 städer
704 2136 65 30 och
788 2137 264 31 stadsliknande
1069 2138 179 30 områden.
1268 2139 64 30 Det
1351 2140 38 29 är
1407 2139 217 40 obestridligt
1642 2142 51 28 att
1710 2140 58 30 vid

270 2185 397 40 dyrortsgrupperingen
689 2186 138 40 hänsyn
848 2187 78 30 icke
948 2187 104 40 tagits
1076 2188 51 30 till
1150 2188 104 31 dessa
1277 2189 161 39 speciella
1461 2189 212 40 fördyrande
1696 2199 72 21 om-

271 2235 237 40 ständigheter
527 2236 45 40 på
593 2238 48 28 ett
662 2237 214 30 rättvisande
899 2238 78 30 sätt.
998 2237 50 31 De
1070 2239 114 29 sämre
1206 2239 268 40 möjligheterna
1495 2240 51 30 till
1569 2240 199 40 utbildning

270 2285 64 29 och
359 2285 52 30 till
437 2287 48 29 ett
511 2286 256 31 differentierat
793 2287 65 30 och
883 2287 153 40 allsidigt
1061 2288 244 40 kulturutbyte
1330 2289 96 30 inom
1452 2290 251 40 glesbygderna
1729 2291 38 29 är

269 2336 153 39 exempel
443 2336 45 40 på
508 2336 237 40 föreliggande
766 2337 453 40 standardskiljaktigheter
1240 2348 73 21 som
1334 2339 71 30 inte
1426 2340 125 30 vunnit
1570 2340 197 30 beaktande

270 2386 55 29 vid
344 2386 452 40 kostnadsjämförelserna.
815 2387 220 41 Möjligheter
1054 2390 49 28 att
1123 2389 80 29 med
1222 2388 113 40 någon
1356 2390 110 30 större
1485 2390 83 39 grad
1588 2399 42 20 av
1649 2390 118 30 exakt-

271 2436 55 30 het
351 2437 96 29 mäta
472 2437 100 30 dessa
597 2436 396 41 kostnadsfördyringar
1018 2447 102 30 synes
1145 2438 72 30 inte
1243 2439 107 29 heller
1375 2438 177 41 föreligga.
1579 2440 48 30 På
1652 2440 114 39 grund
