1842 2786
432 152 124 39 Tredje
573 152 243 39 lagutskottets
832 151 178 30 utlåtande
1025 161 42 19 nr
1080 151 40 29 27
1136 151 38 29 år
1191 151 83 28 1966
1556 152 37 28 15

112 233 361 39 dustriutrustningen
491 232 291 30 karakteriserats
801 241 74 20 som
894 232 308 33 fabrikstillbehör,
1221 232 63 28 har
1303 231 65 29 den
1387 230 92 30 fasta
1496 237 99 31 egen.

113 287 144 29 domens
275 286 191 40 pantvärde
484 286 100 29 blivit
601 286 105 38 högre
725 286 44 29 än
790 294 128 20 annars
939 285 113 30 skulle
1070 284 90 30 varit
1180 284 107 30 fallet.
1308 285 101 28 Detta
1430 292 101 21 anses
1551 283 41 28 ha

116 340 211 30 underlättat
342 339 215 30 industriens
575 338 482 40 finansieringsmöjligheter.

157 394 74 29 Den
248 393 202 30 nuvarande
468 393 269 29 bestämmelsen
756 401 56 20 om
832 392 178 29 maskiner
1029 392 65 29 och
1114 391 109 30 andra
1242 391 150 38 redskap
1412 390 63 30 har
1496 389 102 30 emel-

114 447 101 30 lertid
234 448 127 29 utsatts
380 447 53 29 för
453 455 41 21 en
513 446 80 29 med
612 446 82 30 åren
714 446 61 29 allt
793 445 149 30 hårdare
962 445 118 29 kritik.
1100 445 103 29 Detta
1224 444 292 39 sammanhänger
1537 451 61 31 up-

117 500 224 40 penbarligen
361 500 79 29 med
461 501 49 28 att
530 499 117 39 regeln
667 499 97 32 blivit
785 498 188 30 föråldrad.
996 499 74 30 Den
1091 498 162 29 tekniska
1274 497 242 39 utvecklingen
1539 497 59 38 gör

115 555 57 29 det
193 554 137 30 svårare
351 554 45 29 än
416 554 146 39 tidigare
584 555 50 28 att
656 553 125 39 avgöra
803 561 56 20 om
881 562 42 20 en
944 552 70 29 viss
1037 552 140 30 maskin
1199 552 123 28 kräver
1345 553 48 27 ett
1415 550 80 34 fast,
1519 549 79 30 från

116 608 156 39 grunden
287 607 111 30 berett
413 607 179 38 underlag,
609 607 65 29 och
690 615 56 20 om
763 606 67 29 den
846 606 10 29 i
873 606 117 39 lagens
1008 605 141 39 mening
1165 605 87 29 vilar
1269 604 43 40 på
1329 606 48 28 ett
1395 603 125 30 sådant
1537 612 62 20 un-

116 661 126 39 derlag.
271 661 6 29 I
297 661 169 29 moderna
488 660 346 39 fabriksbyggnader,
859 668 74 20 som
956 658 73 31 ofta
1053 658 146 40 uppförs
1223 667 42 21 av
1287 658 139 39 mycket
1448 657 151 30 hållbart

116 715 168 33 material,
301 714 71 30 kan
389 713 106 30 också
510 713 141 40 mycket
668 714 94 29 stora
779 713 65 29 och
861 715 108 36 tunga
987 712 189 34 maskiner,
1196 720 74 21 som
1289 711 72 29 förr
1380 710 130 30 krävde
1530 710 70 29 sär-

117 768 82 30 skilt
226 768 178 39 underlag,
433 767 195 39 uppställas
657 766 114 30 direkt
799 765 45 40 på
872 766 122 39 golvet,
1024 765 188 30 eventuellt
1240 765 11 29 i
1281 774 42 20 en
1353 764 79 30 övre
1461 763 139 39 våning.

116 822 121 29 Ibland
258 821 162 30 inverkar
441 821 72 29 helt
535 820 109 30 andra
666 819 245 30 förhållanden
933 820 45 28 än
1000 819 245 29 maskinernas
1267 817 246 30 beskaffenhet
1537 817 64 29 och

116 874 476 41 byggnadskonstruktionen
616 873 45 40 på
684 873 124 39 frågan
833 882 55 20 om
914 872 70 30 fast
1008 872 168 39 underlag
1201 872 38 29 är
1263 871 184 39 behövligt.
1474 870 128 30 Maski-

117 938 71 25 ner,
217 937 74 21 som
320 928 207 30 framkallar
556 927 119 30 starka
702 926 212 30 vibrationer
943 926 82 29 eller
1055 925 156 30 används
1241 925 11 29 i
1281 924 320 40 precisionsarbete,

117 983 143 29 isoleras
283 981 207 39 exempelvis
513 980 75 30 ofta
609 988 124 32 genom
756 979 125 30 sådant
904 979 179 39 underlag.

162 1036 71 29 Mot
258 1035 66 30 den
349 1034 159 40 gällande
533 1034 117 39 regeln
674 1033 131 30 brukar
832 1033 142 29 anföras
1001 1034 50 28 att
1077 1032 67 29 den
1170 1032 38 29 är
1234 1031 200 30 svårtolkad
1461 1031 65 29 och
1552 1031 50 29 att

121 1088 175 39 tillfälliga
313 1088 64 29 och
395 1086 292 31 ovidkommande
706 1085 297 40 omständigheter
1021 1086 70 29 kan
1110 1084 159 30 medföra
1288 1086 49 28 att
1357 1093 133 20 samma
1511 1083 90 39 slags

121 1142 177 30 maskiner
318 1141 10 29 i
348 1141 94 29 vissa
460 1140 62 29 fall
542 1140 102 39 utgör
663 1139 162 30 tillbehör
844 1148 80 21 men
943 1139 11 29 i
974 1139 111 29 andra
1104 1138 62 30 fall
1186 1138 128 29 räknas
1336 1146 74 20 som
1431 1137 50 29 lös
1504 1144 98 31 egen-

122 1195 90 30 dom.

166 1249 71 29 Mot
250 1247 229 40 bakgrunden
495 1256 42 20 av
551 1247 41 29 de
608 1255 47 20 nu
670 1246 154 30 nämnda
840 1245 267 30 förhållandena
1123 1254 102 30 synes
1241 1244 165 39 tämligen
1423 1245 70 28 stor
1510 1243 92 38 enig-

122 1302 58 30 het
194 1302 85 30 råda
293 1301 121 30 därom
429 1302 50 28 att
494 1301 66 29 den
576 1300 201 29 nuvarande
792 1299 300 39 tillbehörsregeln
1107 1297 220 30 beträffande
1344 1297 177 29 maskiner
1538 1296 63 30 och

123 1356 108 29 andra
263 1355 151 39 redskap
446 1355 72 29 inte
551 1354 39 29 är
623 1353 335 30 tillfredsställande.
993 1353 123 29 Denna
1151 1351 225 39 uppfattning
1411 1351 106 38 ligger
1552 1349 52 30 till

124 1409 111 39 grund
256 1408 55 30 för
331 1407 93 30 såväl
445 1406 310 40 lagberedningens
777 1414 74 21 som
871 1404 458 40 jordabalksutredningens
1350 1403 130 39 förslag
1502 1403 10 29 i
1534 1403 70 29 äm-

121 1463 68 28 net.
205 1462 151 30 Behovet
372 1470 42 21 av
430 1469 42 21 en
488 1459 132 30 reform
637 1459 110 30 måste
764 1460 87 28 även
869 1459 106 38 enligt
993 1459 74 28 min
1084 1458 142 39 mening
1243 1466 100 21 anses
1362 1457 160 38 klarlagt.
1541 1457 65 28 Det

122 1515 146 30 återstår
288 1516 50 28 att
357 1514 107 39 pröva
483 1513 176 30 huruvida
679 1512 104 40 något
804 1521 41 21 av
866 1512 40 29 de
928 1511 197 39 framlagda
1145 1511 175 39 förslagen
1341 1510 70 29 kan
1434 1510 99 38 sägas
1556 1518 50 20 er-

122 1569 108 39 bjuda
247 1568 168 38 underlag
432 1567 54 29 för
503 1575 43 21 en
563 1566 140 30 reform.

169 1647 325 40 Lagberedningens
521 1645 263 39 överväganden
809 1645 64 29 har
901 1653 74 21 som
1001 1645 141 29 nämnts
1169 1644 61 29 lett
1256 1643 91 29 fram
1373 1643 52 28 till
1452 1652 42 20 en
1522 1643 84 28 snäv

126 1701 286 40 gränsdragning.
440 1700 134 29 Endast
602 1699 108 29 sådan
737 1698 185 30 maskinell
950 1697 203 40 utrustning
1181 1706 74 20 som
1283 1698 37 28 är
1347 1696 51 29 till
1426 1697 99 39 nytta
1553 1695 53 29 för

126 1754 204 39 byggnaden
354 1763 74 20 som
452 1752 241 34 fabrikslokal,
718 1752 191 30 oberoende
934 1760 42 21 av
999 1752 66 29 den
1090 1750 173 30 särskilda
1285 1749 221 30 verksamhet
1533 1757 73 21 som

122 1808 136 30 bedrivs
281 1808 72 33 där,
375 1807 62 29 bör
459 1806 107 39 enligt
587 1805 235 39 beredningen
845 1805 123 39 utgöra
991 1804 172 29 tillbehör.
1186 1803 315 33 Väverimaskiner,
1526 1810 82 31 pap-

127 1861 258 39 persmaskiner
408 1860 64 29 och
496 1859 111 29 andra
629 1858 178 29 maskiner
831 1857 150 30 avsedda
1004 1857 54 29 för
1080 1856 71 30 viss
1175 1856 222 38 tillverkning
1421 1855 110 29 måste
1555 1856 52 27 ut-

124 1915 99 38 bytas
242 1915 72 28 mot
329 1913 181 29 maskiner
530 1921 42 21 av
589 1912 72 29 helt
680 1913 107 28 annat
808 1911 83 39 slag,
911 1919 57 20 om
989 1909 341 40 fabriksbyggnaden
1350 1911 53 27 tas
1424 1909 10 29 i
1455 1908 154 39 anspråk

128 1967 52 29 för
199 1976 41 20 en
258 1976 46 30 ny
320 1966 234 37 tillverkning.
573 1966 48 28 De
638 1964 61 29 bör
716 1963 121 31 därför
854 1964 106 38 enligt
978 1962 165 39 förslaget
1161 1962 70 30 inte
1249 1961 168 30 hänföras
1436 1961 51 29 till
1505 1961 103 38 bygg-

129 2020 123 35 naden,
270 2029 80 20 men
368 2019 54 29 väl
440 2018 179 30 maskiner
637 2026 74 21 som
730 2017 99 39 ingår
847 2017 10 29 i
875 2016 224 40 byggnadens
1119 2014 200 40 utrustning
1339 2014 54 29 för
1411 2013 198 30 industriell

129 2073 84 32 drift
239 2074 9 28 i
275 2072 199 30 allmänhet.
502 2072 71 28 Här
600 2071 145 29 nämner
770 2070 235 38 beredningen
1033 2078 74 20 som
1134 2068 154 39 exempel
1315 2068 72 38 kyl-
1415 2068 64 28 och
1506 2067 104 29 fläkt-

129 2126 238 29 maskinerier.
388 2125 132 29 Bakom
540 2123 253 39 beredningens
813 2123 130 38 förslag
961 2141 44 3 —
1023 2123 10 28 i
1054 2122 113 29 denna
1188 2122 53 29 del
1262 2121 125 29 liksom
1408 2121 10 28 i
1438 2120 111 38 övrigt
1567 2137 44 3 —

130 2180 104 38 ligger
254 2179 130 29 tanken
405 2180 48 27 att
473 2178 51 28 till
545 2177 70 29 fast
633 2177 168 38 egendom
821 2176 70 29 inte
910 2175 62 29 bör
992 2175 128 29 räknas
1141 2176 107 27 annat
1268 2175 43 28 än
1333 2173 123 29 sådant
1478 2181 74 21 som
1572 2173 37 28 är

130 2241 41 20 av
189 2231 185 30 bestående
395 2232 102 27 natur
518 2231 64 28 och
602 2230 200 37 därigenom
824 2230 78 37 äger
921 2228 148 38 verkligt
1089 2227 155 39 pålitliga
1263 2227 139 28 värden.

170 2285 74 28 Den
270 2284 105 29 bland
402 2283 349 29 remissinstanserna
780 2281 132 39 ganska
939 2280 110 30 hårda
1078 2280 153 28 kritiken
1259 2280 72 28 mot
1358 2278 253 38 beredningens

129 2338 105 28 snäva
265 2336 220 38 bestämning
518 2344 42 21 av
591 2333 477 31 industritillbehörskretsen
1102 2332 197 39 grundades
1333 2331 279 38 huvudsakligen

128 2390 107 39 därpå
253 2391 49 28 att
322 2389 214 29 industriens
557 2388 241 38 förmögenhet
818 2387 9 29 i
848 2386 68 30 fast
936 2386 168 39 egendom
1125 2385 111 29 skulle
1256 2384 167 39 betydligt
1443 2383 169 33 minskas,

128 2453 55 19 om
211 2443 165 38 förslaget
403 2441 254 39 genomfördes.
686 2441 97 28 Stora
813 2440 127 28 värden
970 2439 112 29 skulle
1111 2438 140 29 komma
1281 2439 49 27 att
1359 2436 253 30 omrubriceras
