1908 2786
285 176 42 30 34
607 169 124 40 Tredje
747 167 243 41 lagutskottets
1006 163 179 31 utlåtande
1198 172 43 21 nr
1254 162 41 30 27
1309 162 40 30 år
1363 161 85 30 1966

286 252 51 29 till
362 250 158 34 föremål,
545 258 75 21 som
646 246 225 39 undantagits
896 245 79 29 från
1000 244 142 29 kretsen
1167 252 42 20 av
1232 239 326 33 industritillbehör,
1583 238 70 29 kan
1680 236 89 30 dock

287 304 111 39 aldrig
419 303 128 29 räknas
568 302 52 29 till
642 298 401 41 fastighetstillbehören.

331 412 13 29 I
366 410 203 39 anslutning
589 408 119 30 härtill
729 407 133 30 erinrar
883 405 171 30 utskottet
1076 412 58 21 om
1155 404 50 28 att
1227 399 289 42 lagberedningen
1538 399 12 29 i
1572 398 60 30 sitt
1652 397 119 29 betän-

287 465 115 30 kande
420 464 38 29 år
478 463 81 30 1947
584 461 101 35 (SOU
706 460 97 30 1947:
819 459 40 30 38
879 468 25 20 s.
926 458 77 34 102)
1027 456 156 31 uttalade
1201 455 156 40 följande
1376 454 12 29 i
1406 453 98 39 fråga
1522 461 58 21 om
1599 450 172 31 dubblett-

287 518 155 40 nycklar.

332 580 13 29 I
367 580 94 29 vissa
481 576 312 41 remissyttranden
815 575 64 29 har
902 573 142 30 särskilt
1065 572 135 30 berörts
1223 570 123 40 frågan
1369 578 58 20 om
1448 568 67 30 den
1537 566 159 39 rättsliga
1718 565 55 29 be-

288 623 248 32 skaffenheten
557 631 42 21 av
619 621 155 40 nycklar,
797 628 77 21 som
894 618 167 39 föreligga
1081 617 12 29 i
1114 616 89 30 flera
1224 614 186 40 exemplar.
1432 613 116 38 Enligt
1569 610 204 38 beredning-

288 678 61 21 ens
370 667 226 41 uppfattning
617 667 60 29 äro
697 665 30 40 ej
751 664 93 30 vissa
864 663 175 39 exemplar
1060 663 51 28 att
1131 660 161 30 betrakta
1312 667 76 21 som
1409 657 196 30 dubbletter
1625 656 86 28 utan
1732 654 41 29 de

288 713 112 31 måste
419 712 69 30 alla
506 720 102 21 anses
627 719 84 21 vara
729 707 299 40 huvudexemplar
1047 705 67 30 och
1134 704 133 30 således
1286 702 169 31 hänföras
1476 701 116 30 såsom
1612 698 162 31 tillbehör

288 758 53 30 till
361 756 229 41 byggnaden.!
611 755 50 29 De
682 754 154 39 nycklar,
858 761 76 21 som
953 751 30 40 ej
1008 749 201 32 anskaffats
1229 758 42 20 av
1291 746 315 40 fastighetsägaren
1626 745 87 28 utan
1733 752 42 20 av

289 802 116 40 någon
420 801 191 39 hyresgäst,
628 799 37 30 få
681 797 192 32 emellertid
888 796 45 40 på
949 795 113 41 grund
1078 804 43 20 av
1137 792 206 41 stadgandet
1359 792 12 29 i
1386 790 20 30 4
1425 790 14 38 8
1457 790 76 30 icke
1549 788 168 31 karaktär
1733 796 43 21 av

289 846 173 31 tillbehör.
483 845 93 30 även
596 844 102 30 dessa
717 842 145 40 nycklar
881 841 85 30 böra
986 838 193 32 emellertid
1199 837 218 30 överlämnas
1437 835 53 30 till
1510 832 266 41 fastighetsäga-

291 902 62 20 ren
372 892 58 30 vid
449 890 245 40 hyresgästens
714 887 211 40 avflyttning
944 886 80 30 från
1044 884 221 39 fastigheten.
1286 881 195 31 Föreskrift
1500 880 124 29 härom
1643 877 132 31 brukar

289 936 138 39 intagas
455 934 13 30 i
496 932 327 41 hyreskontrakten.
852 929 241 39 Beredningen
1123 927 65 30 har
1217 926 30 40 ej
1281 924 119 31 funnit
1430 922 189 39 anledning
1648 920 129 31 föreslå

291 980 109 39 några
414 978 173 31 särskilda
600 975 319 41 lagbestämmelser
931 974 13 29 i
957 974 94 30 detta
1065 973 113 29 ämne.

999 1088 20 30 4
1045 1088 28 37 8.

335 1153 394 43 Departementschefen

340 1262 213 29 Kretsen
597 1269 53 21 av
693 1255 476 33 industritlillbehör
1212 1255 63 29 har
1308 1253 12 29 i
1352 1249 428 42 departementsförslaget

296 1333 44 4 —
353 1325 42 21 av
410 1315 76 30 skäl
502 1323 74 21 som
590 1314 61 39 jag
664 1313 144 39 tidigare
824 1311 173 30 redovisat
1010 1327 45 4 —
1069 1309 68 30 fått
1150 1318 43 20 en
1209 1308 145 29 snävare
1370 1304 220 39 bestämning
1605 1303 45 29 än
1663 1302 118 39 jorda-

296 1367 336 39 balksutredningen
649 1365 188 40 föreslagit.
856 1363 209 40 Utrustning
1083 1371 76 21 som
1178 1361 12 30 i
1207 1359 194 41 betydande
1420 1356 244 39 utsträckning
1683 1363 98 22 avses

297 1423 144 29 komma
456 1422 52 29 till
525 1420 224 39 användning
765 1418 144 30 utanför
925 1417 210 39 fastigheten
1153 1414 89 30 skall
1257 1414 71 29 inte
1345 1412 124 40 utgöra
1485 1409 296 40 fastighetstillbe-

297 1476 75 30 hör.
392 1476 79 29 Med
491 1475 137 38 hänsyn
648 1473 118 29 härtill
786 1471 98 30 torde
905 1470 151 29 normalt
1077 1469 68 29 alla
1166 1468 141 29 externa
1327 1463 293 41 transportmedel
1641 1462 48 30 bli
1710 1462 72 29 ute-

299 1530 119 29 slutna
433 1528 80 30 från
527 1528 141 29 kretsen
683 1536 42 20 av
739 1524 326 33 industritillbehör,
1081 1523 133 29 oavsett
1230 1530 56 21 om
1302 1520 57 29 det
1375 1520 39 28 är
1429 1518 98 39 fråga
1541 1526 57 20 om
1615 1516 167 39 flygplan,

298 1583 101 29 båtar
417 1582 84 30 eller
521 1581 131 29 sådana
671 1578 242 30 motorfordon
934 1585 74 21 som
1028 1576 136 33 bussar,
1185 1575 81 29 last-
1286 1573 65 30 och
1371 1571 217 40 personbilar
1608 1569 84 30 eller
1712 1577 71 21 mo-

298 1636 188 39 torcyklar.

343 1689 159 38 Flyttbar
527 1687 203 39 utrustning
754 1686 62 29 bör
843 1683 202 34 emellertid,
1072 1691 76 21 som
1176 1681 144 39 tidigare
1348 1679 143 39 antytts,
1518 1678 70 29 inte
1617 1676 167 30 frånkän-

300 1751 64 21 nas
388 1742 174 39 egenskap
588 1750 42 20 av
654 1737 315 32 industritillbehör
993 1737 45 39 på
1063 1735 113 40 grund
1202 1743 42 21 av
1267 1735 51 28 att
1343 1733 68 29 den
1436 1731 165 30 stundom
1628 1729 156 30 används

300 1795 144 30 utanför
464 1795 66 30 den
550 1793 176 39 fastighet,
747 1801 74 21 som
840 1791 142 29 försetts
1002 1790 80 30 med
1102 1787 257 39 utrustningen.
1380 1786 47 30 är
1445 1784 248 39 utrustningen
1714 1782 72 29 rör-

301 1850 47 39 lig
367 1850 72 29 inte
459 1849 84 29 bara
563 1848 12 29 i
595 1847 67 30 den
682 1846 186 38 meningen
889 1846 51 28 att
961 1843 67 30 den
1048 1843 40 29 är
1109 1841 144 40 flyttbar
1273 1842 85 28 utan
1379 1839 116 29 direkt
1515 1837 129 30 avsedd
1667 1836 55 29 för
1743 1844 43 21 en

302 1903 106 39 rörlig
428 1901 225 39 användning
673 1899 102 30 faller
795 1898 68 29 den
884 1896 192 30 emellertid
1097 1895 12 30 i
1130 1893 192 31 allmänhet
1342 1893 37 29 in
1399 1892 111 30 under
1532 1891 57 30 det
1611 1890 112 29 första
1745 1898 42 20 av

302 1957 41 28 de
360 1955 189 39 undantag,
569 1963 76 20 som
664 1953 109 39 gjorts
792 1951 80 30 från
889 1949 249 39 huvudregeln.
1157 1948 103 30 Detta
1277 1946 181 39 undantag
1475 1953 99 22 avser
1603 1944 79 29 for
1696 1942 90 30 don

302 2010 66 29 och
392 2008 196 39 inbegriper
614 2006 133 30 sådana
771 2003 293 40 transportmedel
1092 2002 55 29 för
1173 1999 237 40 övervägande
1436 1999 132 29 internt
1593 1997 92 29 bruk
1712 2004 75 21 som

302 2063 186 33 traktorer,
507 2060 143 30 truckar
671 2060 62 30 etc.
755 2058 78 30 Viss
855 2057 141 40 ledning
1016 2056 56 29 för
1092 2054 161 40 tolkning
1273 2063 42 21 av
1336 2051 333 40 fordonsbegreppet
1690 2049 97 30 torde

303 2118 123 30 kunna
450 2116 138 31 hämtas
614 2115 11 30 i
651 2113 221 31 förarbetena
898 2111 52 30 till
975 2107 430 43 vägtrafikförordningen
1433 2106 66 30 den
1526 2105 41 30 28
1596 2103 194 41 september

307 2171 81 30 1951
419 2170 59 35 (nr
500 2169 95 34 648).
619 2167 118 40 Enligt
760 2167 15 29 1
803 2165 15 38 8
845 2165 15 30 1
886 2173 105 21 mom.
1015 2162 251 39 förordningen
1290 2159 129 31 förstås
1443 2159 12 30 i
1479 2159 114 30 denna
1617 2157 81 30 med
1721 2156 70 30 for-

305 2225 69 30 don
397 2223 98 40 varje
518 2220 197 40 anordning
737 2219 45 40 på
805 2218 89 40 hjul,
918 2217 93 30 band
1036 2216 82 30 eller
1143 2215 120 30 medar
1288 2222 75 22 som
1388 2213 39 29 är
1452 2211 154 31 inrättad
1632 2210 55 30 för
1712 2209 79 30 färd

305 2278 45 41 på
367 2277 147 30 marken
533 2275 65 30 och
615 2275 72 29 inte
706 2273 95 39 löper
819 2271 45 41 på
883 2271 137 30 skenor.
1039 2267 254 42 Hjulförsedda
1312 2265 237 40 anordningar
1568 2264 72 30 kan
1661 2271 131 32 uppen-

305 2331 156 39 barligen
486 2329 122 30 endast
631 2328 11 29 i
666 2326 139 40 mycket
828 2323 195 41 begränsad
1048 2321 244 39 utsträckning
1317 2319 124 40 utgöra
1464 2316 327 32 industritillbehör.

306 2385 72 30 Här
397 2383 98 30 torde
514 2380 195 42 egentligen
727 2379 124 30 endast
869 2378 122 29 kunna
1010 2376 145 30 komma
1173 2375 11 30 i
1204 2374 99 40 fråga
1322 2372 59 31 två
1400 2373 99 39 typer
1520 2380 42 21 av
1582 2369 211 39 anordning-

308 2448 48 25 ar,
378 2436 178 39 nämligen
577 2434 73 30 dels
673 2432 133 31 sådana
828 2440 75 21 som
925 2431 96 39 löper
1043 2429 46 40 på
1112 2428 137 34 skenor,
1273 2425 208 40 exempelvis
1505 2424 199 40 lyftkranar
1729 2422 64 30 och

341 2513 10 14 1
365 2512 44 25 Jfr
422 2510 71 25 NJA
507 2510 27 24 II
548 2508 69 25 1896
630 2514 33 17 nr
677 2507 13 24 1
706 2513 21 18 ss.
742 2506 33 24 15
789 2506 18 23 f.
822 2506 52 24 och
887 2505 42 24 21.
