1936 2812
59 1822 96 32 Kungl.
171 1822 94 31 Maj:ts

109 1857 108 31 förslag.

95 1933 144 28 Utskottet.

89 2141 148 28 Utskottet.

315 162 40 31 42
395 161 241 32 Sammansatt
658 160 113 36 första
795 158 71 37 lag-
889 158 66 32 och
976 155 347 40 jordbruksutskotts
1346 154 184 32 utlåtande
1555 153 51 32 Nr
1630 154 28 30 1.

269 239 277 36 ändamålsenlig
581 238 61 31 och
677 237 150 36 uthållig
856 236 228 36 hushållning
1107 235 75 31 icke
1205 234 115 31 kunde
1343 234 89 36 fylla
1456 232 146 37 gårdens
1626 232 78 30 hela
1729 231 53 30 be-

273 284 68 30 hov
365 293 45 20 av
433 283 100 30 virke
556 282 64 30 och
643 281 147 35 bränsle,
814 279 200 32 anskaffade
1038 279 56 30 det
1117 278 136 31 felande
1276 278 44 35 på
1343 278 107 29 annat
1473 278 77 28 sätt.

318 327 18 30 I
359 326 99 35 fråga
481 335 55 20 om
559 325 168 35 köparens
750 324 69 30 rätt
842 324 51 29 att
915 322 153 31 avverka
1091 322 21 29 å
1136 321 206 34 fastigheten
1358 319 158 35 befintlig
1531 318 84 35 skog
1632 318 53 30 för
1702 326 80 26 upp-

271 369 121 37 odling
414 379 46 21 av
483 368 120 31 därtill
627 367 126 36 tjänlig
776 366 99 31 mark
898 365 88 31 hade
1010 365 39 31 de
1072 364 221 35 sakkunniga
1315 364 113 30 ansett
1444 363 93 30 vissa
1553 361 230 36 skärpningar

272 424 46 22 av
342 424 48 21 nu
413 412 160 38 gällande
598 411 235 32 bestämmelse
856 410 85 31 böra
964 409 169 37 vidtagas.
1180 408 170 37 Tydligen
1374 406 103 32 borde
1493 405 122 32 hinder
1631 405 31 37 ej
1680 406 102 34 möta,

271 460 54 30 att
359 458 150 36 köparen
544 456 210 32 verkställde
788 455 188 37 uppodling
1011 464 45 21 av
1090 463 41 21 en
1154 453 181 36 hagmark,
1359 453 88 29 även
1471 461 55 21 om
1550 450 84 31 därå
1657 449 125 31 funnes

273 503 143 31 enstaka
439 501 88 31 träd.
573 501 49 30 De
645 499 296 36 inskränkningar
964 499 13 30 i
1000 498 262 35 odlingsrätten,
1286 506 72 21 som
1382 505 80 21 vore
1486 493 190 38 påkallade,
1701 493 81 31 hän-

274 546 95 31 förde
404 545 52 36 sig
489 544 147 31 allenast
667 544 56 30 till
752 543 109 35 mark,
891 552 72 20 som
987 541 114 30 kunde
1124 542 12 29 i
1160 540 151 36 egentlig
1335 540 141 34 mening
1499 540 99 33 sägas
1622 547 85 20 vara
1731 536 53 30 be-

274 598 117 22 vuxen
425 587 76 31 med
535 587 93 35 skog.
674 586 65 31 Om
774 586 149 35 köparen
957 584 150 31 önskade
1141 583 149 36 uppodla
1321 582 108 31 sådan
1453 581 110 34 mark,
1589 580 102 30 borde
1714 579 71 30 han

275 632 156 31 däremot
464 631 126 35 begära
624 629 158 32 tillstånd
817 638 46 21 av
886 628 253 36 länsstyrelsen.
1186 626 67 31 För
1276 624 214 37 beviljandet
1512 634 46 21 av
1581 623 112 37 dylikt
1717 622 68 31 till-

273 675 102 32 stånd
409 674 102 31 borde
546 673 144 36 fordras,
714 674 52 30 att
789 673 148 35 köparen
960 671 115 31 kunde
1098 670 104 31 ställa
1226 668 232 38 betryggande
1483 667 148 37 garanti,
1655 668 52 29 att
1729 665 56 31 det

276 718 205 33 tillämnade
504 718 304 35 odlingsföretaget
833 716 178 35 verkligen
1035 715 135 30 komme
1194 714 55 30 till
1274 712 109 31 stånd.
1430 712 90 32 Vore
1544 711 99 35 fråga
1666 720 57 21 om
1738 711 47 29 ett

275 765 111 29 större
419 761 271 36 odlingsföretag
725 762 20 29 å
778 760 213 36 skogsmark,
1026 758 114 31 kunde
1174 757 56 31 det
1256 756 146 31 sålunda
1432 765 85 21 vara
1540 754 171 36 lämpligt,
1735 755 52 28 att

277 807 151 35 köparen
451 805 159 30 lämnade
634 814 43 21 en
700 804 154 34 skriftlig
877 802 206 31 förbindelse
1106 803 51 29 att
1180 801 94 30 inom
1297 800 71 30 viss
1391 799 51 31 tid
1465 799 92 30 hava
1580 797 109 31 utfört
1705 797 83 30 före-

278 851 93 35 taget
394 848 60 32 vid
478 850 148 35 äventyr
648 848 51 30 att
722 847 96 37 eljest
841 857 85 20 vara
949 845 139 37 skyldig
1111 845 51 30 att
1185 843 211 31 omedelbart
1419 842 141 36 erlägga
1584 841 56 31 det
1657 840 129 35 belopp,

277 893 143 32 varmed
444 892 65 32 den
533 891 194 32 avverkade
751 891 144 35 skogens
919 889 105 31 värde
1047 890 176 34 överstege
1246 887 64 32 den
1334 887 166 31 inbetalta
1517 885 97 31 delen
1630 895 43 20 av
1689 884 98 36 köpe-

276 938 202 36 skillingen,
502 939 163 28 ävensom
688 935 123 32 ställde
831 934 158 31 säkerhet
1004 934 127 30 härför.
1167 932 66 31 Det
1259 931 103 31 borde
1387 930 176 36 nämligen
1580 928 207 35 förhindras,

275 984 55 29 att
365 982 149 35 köparen
537 981 13 30 i
573 980 168 36 föregivet
776 978 226 37 odlingssyfte
1034 976 222 37 disponerade
1279 975 224 35 fastighetens
1526 973 260 35 skogstillgång.

279 1025 281 35 Uppenbarligen
583 1023 104 31 borde
710 1032 82 21 man
812 1021 190 32 emellertid
1023 1020 126 31 härvid
1165 1020 31 36 ej
1214 1019 131 30 förfara
1361 1019 36 30 så
1413 1018 144 35 strängt,
1571 1018 50 29 att
1637 1016 151 35 köparen

279 1068 183 36 tvingades
496 1069 52 29 att
582 1067 83 31 söka
699 1065 158 31 tillstånd
893 1066 53 29 för
980 1064 189 36 uppodling
1204 1073 45 20 av
1272 1062 99 36 varje
1393 1071 56 21 om
1473 1063 45 28 än
1542 1061 37 29 så
1601 1059 189 37 obetydligt

277 1111 151 35 område,
464 1110 110 31 vilket
608 1119 80 21 vore
723 1109 221 36 skogbeväxt.
991 1108 54 30 En
1080 1107 105 30 sådan
1220 1105 149 36 ordning
1404 1114 81 21 vore
1508 1103 157 37 tydligen
1689 1102 101 35 högst

278 1153 351 33 otillfredsställande.
676 1153 118 31 Redan
830 1152 66 31 den
930 1152 152 35 köparen
1115 1150 187 35 medgivna
1336 1149 115 30 rätten
1474 1149 52 29 att
1549 1146 135 36 förfoga
1708 1147 81 29 över

278 1200 130 35 skogen
437 1198 56 31 till
517 1197 178 31 husbehov
718 1196 153 36 öppnade
893 1205 42 21 en
960 1194 181 36 möjlighet
1164 1194 54 30 för
1241 1193 64 31 den
1328 1193 137 35 köpare,
1488 1201 73 21 som
1585 1190 84 31 ville
1693 1189 97 31 verk-

278 1242 103 31 ställa
405 1241 189 36 uppodling
618 1251 46 20 av
686 1240 212 36 skogsmark,
922 1240 51 29 att
996 1238 214 35 förverkliga
1232 1237 93 30 detta
1340 1236 90 36 syfte
1447 1244 122 27 genom
1586 1235 51 29 att
1654 1234 11 29 i
1682 1233 109 30 första

281 1285 92 31 hand
397 1285 89 36 fylla
509 1285 61 30 sitt
593 1284 176 30 husbehov
793 1293 43 20 av
860 1283 98 30 virke
982 1282 78 30 från
1083 1281 64 31 den
1170 1280 57 31 till
1248 1279 189 36 uppodling
1453 1278 167 36 påtänkta
1635 1276 155 31 marken.

279 1327 90 33 Över
392 1328 121 31 huvud
537 1329 92 34 taget
653 1327 181 31 förutsatte
857 1326 40 31 de
921 1325 230 36 sakkunniga,
1176 1326 51 28 att
1250 1321 269 38 ifrågavarande
1535 1319 257 32 bestämmelser

280 1373 138 31 komme
452 1373 52 30 att
537 1371 178 36 tillämpas
747 1370 76 31 med
847 1369 204 31 hovsamhet
1073 1369 62 30 och
1160 1367 224 35 urskillning,
1408 1367 38 29 så
1469 1366 50 30 att
1543 1365 150 35 köparen
1716 1363 76 30 icke

281 1415 154 33 behövde
457 1415 119 31 befara
600 1416 48 30 ett
671 1415 129 31 statens
824 1413 207 37 ingripande
1054 1413 13 30 i
1090 1413 76 30 sina
1190 1410 212 38 åtgöranden
1425 1409 12 31 i
1461 1408 109 32 andra
1594 1407 62 32 fall
1680 1409 45 28 än
1749 1406 44 31 då

282 1461 71 30 han
387 1460 69 30 läte
489 1460 137 30 komma
650 1459 51 35 sig
726 1458 56 31 till
806 1458 66 30 last
896 1458 113 35 något,
1034 1466 72 21 som
1130 1465 80 21 vore
1233 1465 44 20 av
1300 1464 95 21 mera
1418 1452 168 32 avsevärd
1610 1450 181 37 betydelse.

326 1504 50 30 De
399 1513 48 20 nu
471 1502 231 31 omförmälda
726 1501 305 31 bestämmelserna
1054 1499 174 37 angående
1244 1499 169 35 köparens
1429 1496 291 36 dispositionsrätt
1736 1493 56 31 till

282 1547 128 36 skogen
433 1548 21 29 å
477 1546 209 36 fastigheten
710 1544 104 32 borde
837 1544 95 36 gälla
955 1543 98 31 såväl
1077 1540 385 39 egnahemslägenheter
1486 1549 72 21 som
1574 1540 106 29 större
1696 1546 98 27 egen-

283 1590 131 31 domar.

327 1631 213 33 Åsidosattes
575 1632 96 31 dessa
705 1630 264 35 bestämmelser,
998 1629 103 31 borde
1124 1628 177 37 påföljden
1326 1627 125 31 liksom
1475 1636 47 21 nu
1546 1625 109 35 bliva,
1679 1625 52 29 att
1755 1623 40 31 de

282 1677 152 36 oguldna
472 1676 142 32 delarna
651 1685 47 21 av
735 1675 276 36 köpeskillingen
1050 1675 119 35 genast
1207 1681 81 22 vore
1326 1671 55 31 till
1410 1670 180 35 betalning
1618 1667 177 32 förfallna.

282 1721 58 38 (Se
364 1721 40 31 27
428 1721 41 38 $.)

327 1815 132 36 Kungl.
483 1814 102 37 Maj:t
607 1814 64 30 har
694 1813 124 31 biträtt
841 1811 372 37 sakkunnigförslaget.

328 1919 175 32 Utskottet
537 1918 116 31 finner
687 1917 31 36 ej
755 1916 189 36 anledning
973 1915 55 31 till
1052 1914 233 36 anmärkning
1309 1913 70 30 mot
1402 1910 227 33 förevarande
1653 1910 146 31 bestäm-

284 1972 112 31 melse.

944 2062 128 31 26—32
1097 2063 46 38 $&.

328 2136 269 36 Granskningen
631 2145 44 21 av
710 2134 95 31 dessa
839 2132 210 36 paragrafer,
1085 2132 97 31 vilka
1217 2131 146 30 frånsett
1397 2130 93 30 vissa
1524 2127 135 32 mindre
1693 2122 109 45 Jjämk-

286 2190 127 35 ningar
435 2189 293 30 överensstämma
752 2185 77 31 med
853 2194 48 21 nu
926 2184 159 35 gällande
1109 2183 267 34 bestämmelser,
1402 2182 63 30 har
1481 2181 31 36 ej
1529 2180 92 36 givit
1637 2179 166 31 utskottet

286 2241 188 36 anledning
499 2240 56 31 till
579 2239 155 31 erinran.
