1904 2806
110 245 145 28 Utskottet.

293 158 37 28 12
457 158 233 30 Sammansatta
712 160 97 29 andra
833 161 63 34 lag-
919 162 56 28 och
996 163 337 33 jordbruksutskottets
1355 165 161 29 utlåtande
1541 166 47 28 Nr
1610 169 26 26 2.

336 243 19 32 I
381 244 59 32 sitt
464 243 208 34 betänkande
698 246 51 32 del
774 246 51 32 IV
850 258 51 21 om
925 247 155 34 bildande
1106 261 41 20 av
1173 261 68 26 nya
1263 250 161 37 jordbruk
1449 256 149 28 närmast
1623 253 18 31 å
1665 253 128 32 enskild

292 293 96 32 mark
412 294 59 32 har
494 295 331 38 jordkommissionen
848 298 231 33 understrukit
1105 299 192 38 betydelsen
1322 312 42 20 av
1389 313 38 20 en
1454 302 148 39 enhetlig
1625 304 169 37 organisa-

291 343 70 32 tion
380 344 54 32 för
450 344 240 34 handhavande
706 358 43 20 av
766 347 60 32 den
846 348 122 32 sociala
984 348 209 40 jordfrågan,
1213 350 49 32 dit
1278 350 255 34 kommissionen
1550 352 136 33 hänfört
1703 353 43 33 bl.
1765 366 31 19 a.

291 393 158 38 åtgärder
467 395 54 32 till
544 395 268 34 förekommande
833 409 41 20 av
893 398 166 34 vanhävd.
1103 398 150 34 Sålunda
1272 400 164 40 föreslogs
1458 402 54 32 för
1533 403 189 33 ändamålet
1743 416 51 19 en-

290 443 128 40 hetliga
439 445 350 42 länsorganisationer,
813 459 25 22 s.
860 448 34 33 k.
917 449 336 41 jordkommissioner,
1279 455 85 29 samt
1387 452 11 31 i
1421 453 75 31 mån
1518 465 42 20 av
1582 453 104 33 behov
1708 454 85 38 jord-

289 494 209 34 kommittéer
521 497 87 32 inom
633 498 94 38 varje
752 497 167 35 kommun.
968 499 111 34 Sådan
1106 501 290 39 jordkommission
1423 503 107 33 skulle
1556 504 93 33 bestå
1676 517 40 20 av
1742 509 50 28 tre

289 545 189 41 ledamöter,
500 547 168 39 nämligen
692 561 39 20 en
753 549 209 40 ordförande,
986 551 120 32 utsedd
1130 564 41 20 av
1195 552 198 41 Konungen,
1416 555 60 31 och
1497 556 59 30 två
1580 555 105 33 andra
1706 556 87 32 leda-

289 599 114 36 möter,
424 609 68 20 som
511 597 107 34 skulle
635 599 109 37 väljas
763 600 60 32 den
842 612 60 20 ena
921 613 41 19 av
980 601 205 39 landstinget
1205 603 58 31 och
1282 603 61 32 den
1363 604 105 32 andra
1487 616 40 20 av
1545 605 246 39 hushållnings-

291 646 200 39 sällskapets
516 648 358 35 ombudsmannamöte.
922 650 67 32 För
1011 652 93 38 varje
1129 652 143 33 ledamot
1297 653 108 33 skulle
1427 658 91 28 utses
1542 667 39 19 en
1606 656 187 38 suppleant.

337 695 299 41 Jordsakkunniga
656 698 87 32 hava
763 699 29 38 ej
813 700 87 38 tagit
922 700 156 32 definitiv
1100 702 206 38 ståndpunkt
1328 703 53 32 till
1403 703 121 39 frågan
1546 716 50 20 om
1620 705 170 38 uppsikts-

292 747 252 39 myndighetens
565 750 225 37 organisation
811 751 58 32 och
889 751 295 35 verksamhetssätt
1204 756 80 29 utan
1303 754 86 32 hava
1408 755 11 31 i
1440 754 142 33 avbidan
1603 756 43 37 på
1666 756 53 32 det
1740 760 50 28 ut-

288 797 143 40 låtande,
450 812 68 20 som
535 805 37 27 är
588 804 50 29 att
655 801 157 34 förvänta
828 803 77 32 från
922 804 139 32 särskilt
1076 805 190 33 tillkallade
1282 806 212 39 sakkunniga
1511 808 11 32 i
1539 807 251 33 kolonisations-

291 848 58 31 och
372 849 346 39 egnahemsfrågorna,
742 851 175 39 föreslagit
939 852 228 33 bibehållande
1192 866 40 19 av
1256 855 61 31 den
1341 856 190 32 nuvarande
1556 857 234 38 anordningen.

330 898 18 32 I
366 899 87 32 flera
468 901 179 37 yttranden
666 902 77 31 från
760 902 235 39 länsstyrelser
1012 905 59 31 och
1088 905 405 40 hushållningssällskaps
1512 908 278 38 förvaltningsut-

288 948 90 33 skott
394 949 11 32 i
422 950 98 33 södra
537 951 60 33 och
613 952 168 33 mellersta
800 952 136 41 Sverige
954 954 62 33 har
1031 956 142 32 uttalats
1192 956 61 33 den
1270 956 136 39 önskan,
1424 961 50 29 att
1491 958 180 39 uppsikten
1688 960 103 31 måtte

283 1000 169 33 anförtros
471 1002 36 32 åt
517 1001 445 42 hushållningssällskapens
983 1006 358 39 förvaltningsutskott
1351 1008 80 33 eller
1442 1009 346 38 egnahemsnämnder.

328 1051 19 32 I
366 1051 106 33 likhet
493 1053 74 32 med
588 1052 287 42 jordsakkunniga
895 1056 61 32 har
977 1056 362 38 departementschefen
1358 1060 74 31 med
1453 1060 131 38 hänsyn
1603 1061 54 31 till
1677 1066 110 27 nämn-

285 1100 52 39 da,
355 1105 88 28 ännu
462 1102 73 32 icke
554 1103 175 33 avslutade
749 1105 188 39 utredning,
956 1106 30 38 ej
1005 1111 108 28 ansett
1133 1107 156 39 lämpligt
1307 1112 50 28 att
1375 1121 44 19 nu
1438 1110 82 32 söka
1537 1111 194 38 genomföra
1750 1123 37 20 en

288 1149 181 33 förändrad
499 1152 236 37 organisation.
786 1154 126 32 Härtill
941 1155 148 39 förelåge
1117 1156 103 39 enligt
1251 1157 374 38 departementschefens
1654 1160 133 38 mening

284 1201 37 32 så
346 1201 134 39 mycket
504 1203 128 33 mindre
656 1204 189 41 anledning,
871 1218 67 20 som
964 1207 61 32 den
1050 1209 192 32 nuvarande
1267 1210 227 39 anordningen
1520 1212 73 32 med
1619 1211 166 33 särskilda

284 1251 432 38 Jordbrukskommissioner
741 1255 84 40 icke,
851 1257 103 33 såvitt
978 1258 116 33 herrar
1118 1259 196 39 Wihlborgs
1342 1261 59 32 och
1429 1261 154 33 Nilssons
1611 1263 179 38 utredning

284 1301 86 38 givit
388 1303 57 32 vid
463 1303 129 33 handen
613 1305 80 32 eller
710 1305 96 38 eljest
823 1318 77 21 vore
919 1307 93 40 känt,
1033 1309 159 32 föranlett
1211 1310 105 38 några
1336 1311 170 32 önskemål
1525 1323 50 20 om
1596 1324 38 20 en
1656 1313 131 31 föränd-

285 1351 85 39 ring.
394 1352 49 32 Ur
464 1354 214 37 synpunkten
700 1359 51 28 att
773 1356 72 32 icke
870 1359 151 31 använda
1044 1370 39 20 en
1107 1362 105 29 större
1235 1360 369 39 förvaltningsapparat
1629 1367 42 27 än
1695 1362 93 33 beho-

283 1405 55 29 vet
357 1402 121 33 kräver
497 1403 62 33 har
580 1403 361 39 departementschefen
962 1408 140 33 anslutit
1122 1409 53 39 sig
1192 1409 54 33 till
1265 1413 47 29 ett
1332 1422 42 21 av
1395 1411 38 33 de
1455 1411 213 40 sakkunniga
1687 1413 100 32 fram-

285 1452 94 33 ställt
406 1453 140 41 förslag,
574 1459 50 29 att
650 1456 57 32 vid
732 1456 209 35 tillsättande
967 1470 41 21 av
1033 1459 96 33 dessa
1153 1459 253 34 kommissioner
1430 1463 57 31 två
1513 1463 80 32 eller
1620 1463 87 33 flera
1732 1464 54 32 län

284 1503 94 33 skola
402 1504 123 41 kunna,
552 1506 86 32 efter
665 1507 128 39 Kungl.
820 1508 117 39 Maj:ts
963 1510 174 40 prövning,
1165 1512 242 33 sammanföras
1432 1513 54 32 till
1511 1517 47 29 ett
1583 1519 204 34 gemensamt

282 1554 375 36 verksamhetsområde.

327 1604 134 39 Frågan
488 1617 50 20 om
565 1607 491 37 jordbrukskommissionernas
1085 1612 301 40 sammansättning
1412 1618 37 27 är
1475 1614 104 38 enligt
1606 1615 179 32 utskottets

281 1655 133 39 mening
436 1668 42 20 av
501 1657 37 31 så
561 1661 68 28 stor
650 1658 84 38 vikt,
759 1662 51 28 att
833 1671 38 20 en
897 1661 280 38 omorganisation
1202 1674 42 19 av
1268 1663 169 32 desamma
1458 1664 102 32 redan
1583 1676 43 20 nu
1649 1665 59 32 bör
1731 1677 53 26 ge-

282 1705 181 33 nomföras.
503 1706 173 34 Utskottet
705 1709 60 32 vill
794 1709 115 33 därför
938 1710 134 40 föreslå,
1102 1715 49 29 att
1180 1712 54 32 för
1260 1714 92 37 varje
1380 1710 404 48 hushållningssällskaps

281 1756 363 34 verksamhetsområde
661 1758 88 34 skall
766 1759 112 33 finnas
897 1772 38 20 en
953 1761 405 41 jordbrukskommission,
1377 1764 175 33 bestående
1570 1777 42 20 av
1631 1769 48 28 tre
1697 1766 86 32 leda-

281 1810 114 35 möter,
419 1808 141 32 utsedda
583 1808 53 33 för
657 1821 39 20 en
716 1810 50 32 tid
788 1822 41 20 av
850 1814 50 29 tre
922 1812 47 37 år,
993 1815 51 29 att
1065 1813 272 33 kommissionens
1362 1814 198 35 ordförande
1585 1815 86 32 skall
1693 1820 90 28 utses

282 1868 41 20 av
345 1857 128 39 Kungl.
496 1859 104 38 Maj:t
621 1863 87 28 samt
729 1863 50 29 att
802 1861 38 32 de
864 1862 57 31 två
944 1862 103 32 andra
1069 1863 223 32 ledamöterna
1318 1864 92 32 skola
1433 1865 118 38 väljas,
1575 1866 60 31 den
1659 1877 59 21 ena
1742 1878 39 19 av

279 1906 205 41 landstinget
503 1909 60 32 och
583 1909 61 32 den
665 1910 105 33 andra
792 1922 41 21 av
854 1912 437 39 hushållningssällskapets
1315 1914 365 39 förvaltningsutskott.
1716 1916 65 32 För

280 1958 92 39 varje
395 1959 145 33 ledamot
559 1960 59 32 bör
638 1964 89 30 utses
749 1973 38 21 en
809 1962 179 39 suppleant
1008 1963 55 32 för
1083 1975 125 21 samma
1230 1964 60 33 tid.
1335 1964 71 33 Den
1428 1965 126 39 ökning
1574 1966 11 31 i
1608 1966 100 38 fråga
1731 1978 51 20 om

280 2009 492 38 Jordbrukskommissionernas
800 2014 102 38 antal,
931 2025 68 21 som
1027 2018 47 28 ett
1100 2014 100 33 bifall
1228 2016 52 32 till
1308 2015 180 34 utskottets
1516 2017 130 38 förslag
1676 2017 107 32 skulle

279 2061 161 39 medföra,
461 2061 66 33 kan
545 2065 120 29 väntas
684 2063 131 32 komma
837 2067 49 29 att
905 2064 174 33 föranleda
1097 2065 174 34 minskade
1288 2065 179 34 kostnader
1488 2067 55 32 för
1560 2080 100 20 resor.

992 2156 17 31 5
1038 2155 29 38 8.

326 2218 18 32 I
360 2220 162 32 motionen
539 2220 52 32 IL:
606 2221 62 32 435
687 2233 41 20 av
745 2222 75 32 herr
838 2224 98 32 Frost
954 2235 42 20 m.
1014 2223 39 32 fl.
1070 2224 60 31 har
1146 2224 130 39 yrkats,
1294 2228 50 29 att
1361 2225 178 39 riksdagen
1557 2227 101 31 måtte
1679 2227 101 32 ändra

279 2269 19 39 8
319 2272 17 31 5
355 2271 12 31 i
386 2271 164 39 förslaget
568 2273 47 38 så,
634 2276 50 29 att
701 2274 222 38 paragrafens
943 2274 107 33 första
1071 2275 116 38 stycke
1208 2277 55 31 får
1282 2277 149 38 följande
1449 2277 142 39 lydelse:

326 2319 93 33 »Där
440 2321 42 37 på
503 2322 108 38 grund
632 2334 41 20 av
694 2322 186 33 inkommen
902 2325 152 31 anmälan
1079 2325 79 32 eller
1179 2325 95 38 eljest
1296 2325 254 34 kommissionen
1572 2327 110 32 finner
1707 2327 73 33 skä-

281 2370 49 39 lig
351 2371 177 39 anledning
548 2376 133 35 antaga,
703 2377 49 28 att
773 2373 239 40 brukningsdel
1033 2380 37 27 är
1089 2379 105 29 utsatt
1216 2376 53 32 för
1289 2377 164 39 vanhävd,
1477 2382 77 34 äger
1576 2378 204 32 kommissio-

277 2432 62 21 nen
357 2422 54 32 till
430 2422 218 40 företagande
667 2436 41 20 av
730 2437 62 27 syn
811 2426 20 31 å
849 2425 281 40 brukningsdelen
1152 2428 156 32 förordna
1327 2432 51 29 tre
1397 2429 83 39 gode
1501 2435 86 34 män,
1608 2442 68 20 som
1696 2435 55 28 äro
1769 2431 11 31 i

281 2474 91 29 orten
397 2471 129 33 bosatta
551 2473 58 32 och
634 2473 111 33 kända
770 2475 105 32 såsom
901 2476 127 38 ägande
1054 2477 63 38 god
1143 2477 104 32 insikt
1272 2478 11 31 i
1309 2478 93 32 såväl
1430 2479 38 32 de
1494 2479 190 38 jordbruks-
1712 2492 66 20 som
