1890 2846
489 168 414 29 Konstitutionsutskottets
927 168 162 29 memorial
1112 168 48 29 Nr
1184 171 45 25 11.
1570 166 38 31 27

148 255 73 33 Den
245 256 40 30 24
308 256 185 38 september
517 256 82 32 1932
624 256 197 31 utnämndes
845 255 211 38 presidenten
1078 255 12 31 i
1114 255 175 31 hovrätten
1313 259 78 27 över
1415 253 108 33 Skåne
1547 253 60 32 och

103 305 164 39 Blekinge
293 306 44 32 K.
365 305 156 39 Schlyter
546 306 53 32 till
627 306 148 32 statsråd
802 306 60 31 och
889 306 77 31 chef
993 306 53 32 för
1072 305 403 38 justitiedepartementet.
1515 303 92 33 Sam-

103 357 105 38 tidigt
231 357 193 32 förklarade
448 356 126 39 Kungl.
599 357 111 38 Maj:t,
736 360 50 28 att
812 356 38 33 de
874 356 158 38 statsråd,
1058 367 69 21 som
1150 367 77 20 vore
1251 355 201 32 innehavare
1475 366 41 20 av
1540 359 67 27 äm-

105 408 107 39 beten,
233 408 117 39 skulle,
379 408 5 31 i
406 408 61 31 den
487 408 75 31 mån
584 408 29 38 ej
635 411 103 28 annat
758 406 229 40 förordnades,
1008 406 213 32 fortfarande
1241 405 168 33 bibehålla
1430 405 177 38 desamma,

105 458 85 32 dock
212 458 72 32 med
308 458 197 39 skyldighet
526 462 50 29 att
598 459 97 31 avstå
719 458 77 32 från
819 458 137 32 därmed
979 457 157 33 förenade
1160 457 252 32 löneförmåner.

148 508 19 32 I
188 509 169 32 särskilda
377 509 228 38 ansökningar
627 509 62 32 den
711 509 39 32 27
771 509 73 38 juni
865 509 60 31 och
947 509 61 31 den
1029 509 41 31 30
1092 508 137 32 oktober
1251 508 83 31 1933
1357 506 112 33 anhöll
1491 506 116 38 Schly-

104 563 51 28 ter
173 560 74 31 med
266 560 160 39 åberopat
445 560 73 32 stöd
539 572 42 20 av
602 560 18 31 3
640 559 78 39 kap.
740 560 39 32 27
802 559 18 39 8
840 559 12 32 i
873 559 392 38 avlöningsreglementet
1285 558 62 32 den
1368 559 40 30 22
1429 557 72 39 juni
1523 557 83 32 1921

104 610 55 31 för
176 610 336 39 befattningshavare
530 610 57 32 vid
608 610 356 38 statsdepartementen
984 610 59 32 och
1062 610 93 31 vissa
1174 609 105 32 andra
1297 608 91 39 verk,
1409 607 200 33 tillhörande

105 661 62 31 den
185 661 101 32 civila
304 661 348 38 statsförvaltningen,
673 664 50 29 att
744 660 127 39 Kungl.
892 661 102 37 Maj:t
1011 660 102 32 måtte
1133 659 203 32 tillerkänna
1355 659 117 32 honom
1490 661 118 29 ersätt-

105 712 81 38 ning
212 712 54 31 för
289 712 12 31 i
327 712 161 32 samband
514 712 72 32 med
612 712 83 31 hans
722 711 225 38 förflyttning
973 711 77 31 från
1078 710 124 32 Malmö
1228 710 53 32 till
1308 709 191 33 Stockholm
1524 720 84 27 upp-

104 762 123 32 komna
245 762 182 33 kostnader
446 762 72 32 med
538 762 143 38 tillhopa
703 763 94 37 6,393
818 761 122 32 kronor
962 762 38 32 65
1023 766 63 27 öre.
1120 761 69 31 Till
1210 760 73 32 stöd
1304 760 118 32 härför
1442 759 166 37 anfördes,

105 816 52 29 att
176 812 164 39 Schlyter,
361 825 70 20 som
452 813 77 32 från
549 813 62 32 den
632 814 15 30 1
669 812 173 32 november
863 813 84 31 1932
968 812 136 38 förhyrt
1121 811 126 38 våning
1267 811 12 31 i
1300 809 201 39 Stockholm,
1522 809 88 32 först

105 864 78 31 från
204 864 60 32 och
284 864 73 32 med
379 864 62 32 den
463 865 17 30 1
502 863 174 32 november
698 864 83 31 1933
803 863 131 31 kunnat
955 862 38 32 få
1013 862 51 32 sin
1086 861 241 33 förutvarande
1347 861 125 38 våning
1492 860 11 32 i
1525 860 84 32 Mal-

105 920 54 26 mö
185 915 137 37 uthyrd.
365 914 172 38 Schlyters
566 914 249 38 hyresutgifter
841 913 86 32 hade
957 912 212 33 fördenskull
1198 912 130 38 utgjort
1357 912 54 32 för
1438 911 91 32 tiden
1558 908 51 42 "/iu

108 963 182 42 1932—/,
319 967 84 32 1933
430 966 95 38 3,333
550 965 121 32 kronor
697 966 40 32 33
763 969 54 27 öre
841 964 13 31 i
880 963 191 33 Stockholm
1098 963 61 32 och
1185 965 95 36 3,088
1305 962 122 32 kronor
1454 963 38 32 15
1519 966 54 27 öre
1599 961 12 31 i

105 1016 124 32 Malmö
252 1020 86 28 samt
359 1016 55 32 för
434 1016 89 32 tiden
545 1013 149 42 !/;—?/1w
718 1016 83 31 19383
826 1016 96 37 1,400
944 1014 121 32 kronor
1084 1014 13 31 i
1120 1013 191 33 Stockholm
1336 1013 60 32 och
1419 1014 94 37 1,413
1535 1012 74 32 kro-

105 1078 60 20 nor
186 1067 40 31 14
246 1071 53 28 öre
319 1067 11 31 i
350 1066 135 32 Malmö.
516 1066 18 32 I
555 1066 181 38 anledning
756 1066 105 31 härav
881 1065 199 32 hemställde
1101 1064 156 38 Schlyter
1276 1076 52 20 om
1349 1063 186 38 ersättning
1557 1063 54 31 för

106 1117 209 38 dubbelhyra
339 1117 74 32 med
437 1117 142 38 tillhopa
601 1118 97 37 4,488
722 1116 121 32 kronor
867 1117 39 31 15
932 1121 63 27 öre.
1031 1112 203 35 Återstoden
1257 1127 43 20 av
1321 1114 147 38 begärda
1490 1116 119 30 ersätt-

105 1168 125 39 ningen
251 1168 156 38 utgjorde
429 1168 53 31 till
507 1169 93 37 1,765
625 1167 122 32 kronor
769 1167 144 32 kostnad
938 1166 53 32 för
1014 1169 172 35 transport
1209 1165 60 32 och
1293 1164 205 39 inpackning
1523 1167 88 29 samt

104 1218 219 39 uppackning
346 1230 43 20 av
412 1218 123 32 möbler
559 1218 60 32 och
642 1218 54 32 till
723 1219 61 31 140
808 1217 124 32 kronor
956 1218 39 32 50
1020 1222 53 27 öre
1097 1216 111 38 utgift
1231 1216 53 32 för
1307 1216 218 37 resebiljetter
1550 1215 61 32 och

104 1269 317 39 sovvagnsbiljetter
438 1269 54 32 för
505 1269 129 38 hustru,
651 1269 60 32 två
724 1269 83 31 barn
824 1268 60 32 och
902 1269 59 31 två
975 1267 240 32 hembiträden.

151 1319 124 33 Genom
295 1320 169 32 särskilda
480 1319 110 33 beslut
608 1319 62 32 den
691 1320 40 31 30
749 1319 72 38 juni
839 1320 43 37 på
901 1318 242 38 föredragning
1162 1330 41 20 av
1222 1317 260 33 statsministern
1501 1316 110 32 Hans-

108 1383 58 20 son
191 1371 60 32 och
276 1371 61 32 den
364 1372 40 31 10
430 1370 174 32 november
631 1371 84 31 1933
741 1370 43 38 på
810 1369 242 38 föredragning
1079 1380 42 20 av
1148 1368 182 32 statsrådet
1356 1367 166 32 Levinson
1547 1367 63 31 har

106 1421 129 39 Kungl.
259 1421 101 38 Maj:t
385 1421 174 32 tillerkänt
581 1420 184 33 statsrådet
787 1419 156 39 Schlyter
967 1420 55 31 det
1043 1419 149 38 begärda
1213 1419 155 38 beloppet
1391 1421 50 29 att
1463 1418 82 38 utgå
1568 1429 43 20 av

105 1472 108 32 andra
231 1471 231 33 huvudtitelns
483 1472 118 37 anslag
620 1471 54 32 till
697 1482 81 20 rese-
800 1470 60 32 och
880 1469 420 38 traktamentspenningar.

152 1523 19 32 I
192 1523 136 32 ärendet
347 1523 45 31 ha
411 1522 181 38 yttranden
613 1521 148 38 avgivits
783 1533 42 20 av
846 1520 250 38 statskontoret,
1119 1520 107 31 vilket
1246 1519 171 38 tillstyrkt
1436 1518 100 33 bifall
1557 1518 56 32 till

108 1574 239 38 ansökningen.
380 1573 18 32 I
418 1573 61 32 sitt
499 1573 86 32 först
604 1572 147 38 avgivna
770 1572 161 38 yttrande
950 1571 139 32 anförde
1111 1570 241 33 statskontoret
1371 1569 102 32 bland
1494 1572 117 29 annat:

106 1637 18 17 »
128 1624 69 32 Vid
216 1624 236 32 tillträdandet
473 1635 42 20 av
535 1622 313 33 statsrådsämbetet
867 1634 61 20 var
950 1621 156 39 Schlyter
1127 1621 12 31 i
1159 1620 168 39 egenskap
1350 1632 42 20 av
1412 1619 168 39 president
1600 1618 13 32 i

107 1676 177 31 hovrätten
302 1680 76 26 över
397 1674 110 33 Skåne
525 1674 60 32 och
602 1673 165 38 Blekinge
783 1673 52 31 uti
853 1671 364 39 avlöningshänseende
1236 1670 144 33 hänförd
1399 1670 54 32 till
1472 1670 62 32 den
1551 1681 59 20 un-

107 1725 58 32 der
185 1726 18 31 3
224 1725 77 39 kap.
324 1726 17 31 9
365 1724 18 39 8
403 1725 12 31 i
435 1724 392 39 avlöningsreglementet
847 1724 140 38 intagna
1008 1722 206 39 löneplanen.
1247 1722 17 32 I
1285 1721 148 38 enlighet
1453 1721 72 31 med
1546 1720 66 31 vad

107 1787 69 20 som
201 1776 212 32 föreskrivits
435 1775 51 32 uti
509 1776 18 31 8
550 1775 18 38 8
592 1776 17 30 2
634 1774 133 38 stycket
790 1774 92 31 torde
905 1774 65 31 han
993 1772 216 39 följaktligen
1234 1773 111 31 kunna
1368 1771 167 32 förklaras
1558 1770 53 32 be-

107 1827 151 37 rättigad
275 1830 51 28 att
341 1826 134 32 komma
490 1826 12 31 i
520 1825 197 39 åtnjutande
734 1837 41 19 av
793 1823 377 39 flyttningsersättning
1186 1823 107 37 enligt
1308 1822 66 32 vad
1393 1822 112 32 därom
1523 1820 89 33 stad-

107 1880 76 34 gats
204 1877 51 31 uti
276 1878 38 31 27
338 1876 18 39 $
377 1877 12 31 i
410 1876 393 38 avlöningsreglementet
824 1878 88 28 samt
931 1875 11 30 i
964 1874 37 32 de
1021 1877 83 29 utav
1125 1873 128 38 Kungl.
1276 1873 103 37 Maj:t
1398 1873 12 30 i
1432 1875 109 29 ämnet
1560 1874 51 29 ut-

109 1927 143 32 färdade
279 1932 153 28 närmare
456 1926 258 38 bestämmelser,
741 1925 94 32 vilka
862 1924 187 33 återfinnas
1074 1924 12 31 i
1112 1926 18 31 6
1157 1923 18 38 8
1200 1924 12 31 i
1236 1923 221 38 kungörelsen
1484 1922 61 32 den
1572 1922 41 31 26

107 1978 73 37 juni
209 1978 82 30 1925
324 1976 55 40 (nr
407 1976 80 40 357)
519 1977 72 31 med
618 1974 392 40 tilläggsbestämmelser
1037 1974 54 32 till
1119 1973 421 38 avlöningsreglementet.»

152 2028 119 31 Denna
299 2027 155 38 tolkning
484 2038 42 20 av
553 2026 293 32 bestämmelserna
876 2026 21 31 å
925 2024 263 39 ifrågavarande
1219 2024 131 32 område
1381 2023 148 38 grundar
1560 2022 53 38 sig

106 2078 266 38 uppenbarligen
393 2078 44 37 på
460 2089 39 20 en
519 2077 125 38 praxis,
668 2076 106 38 enligt
793 2075 114 32 vilken
929 2079 68 28 rätt
1017 2075 53 32 till
1092 2073 376 39 flyttningsersättning
1489 2073 11 31 i
1520 2073 93 31 vissa

110 2129 65 32 fall
193 2129 179 38 medgivits
390 2132 83 28 utan
492 2131 50 29 att
558 2127 250 33 bestämmelser
828 2127 114 31 därom
960 2126 90 32 varit
1066 2125 193 32 utfärdade.

155 2180 199 32 Emellertid
374 2184 37 27 är
432 2179 55 32 det
506 2182 51 28 att
577 2178 127 39 märka,
738 2181 50 28 att
807 2178 11 30 i
840 2176 181 38 anledning
1043 2188 41 20 av
1105 2176 198 37 riksdagens
1326 2175 177 32 revisorers
1524 2178 88 28 utta-

108 2230 98 31 lande
227 2230 138 32 rörande
385 2229 61 32 den
468 2229 184 37 osäkerhet,
675 2240 68 20 som
764 2228 97 31 råder
880 2227 11 31 i
912 2227 100 37 fråga
1032 2238 51 20 om
1104 2229 110 28 rätten
1234 2225 53 32 till
1308 2225 304 38 flyttningsersätt-

110 2281 92 38 ning,
227 2282 81 31 1932
332 2281 54 31 års
409 2279 139 37 riksdag
568 2278 183 38 hemställt,
774 2281 50 28 att
847 2277 129 37 Kungl.
1001 2276 101 37 Maj:t
1124 2276 104 31 måtte
1250 2279 81 34 taga
1352 2275 105 31 under
1479 2279 134 27 övervä-

108 2330 118 37 gande,
248 2329 167 32 huruvida
435 2329 73 31 icke
528 2329 157 37 gällande
707 2327 214 32 föreskrifter
944 2327 137 31 rörande
1104 2329 109 28 rätten
1234 2326 53 31 till
1310 2325 303 38 flyttningsersätt-

109 2380 81 37 ning
211 2380 98 31 borde
331 2379 186 32 omarbetas
538 2379 11 30 i
571 2379 92 37 syfte
685 2381 51 28 att
756 2378 100 31 vinna
880 2377 66 31 full
967 2376 171 38 tydlighet
1158 2376 216 31 beträffande
1397 2375 37 31 de
1457 2375 72 37 fall,
1553 2374 62 32 där

111 2431 105 33 sådan
238 2434 67 28 rätt
325 2429 195 38 förefinnes,
542 2432 87 28 samt
648 2428 167 31 huruvida
837 2427 56 32 det
912 2427 11 31 i
944 2427 110 36 övrigt
1074 2426 59 32 bör
1154 2425 187 32 tillkomma
1364 2425 126 37 Kungl.
1512 2424 103 38 Maj:t

111 2485 52 28 att
181 2481 11 31 i
210 2480 168 33 särskilda
399 2480 63 31 fall
481 2479 155 38 medgiva
654 2478 215 32 utbetalande
890 2490 41 19 av
951 2476 385 39 flyttningsersättning.
