1920 2852
485 163 419 38 Bevillningsutskottets
927 162 223 32 betänkande
1170 162 54 32 Nr
1247 161 53 30 21.
1558 159 41 32 17

179 242 212 38 Uppenbart
411 243 100 31 torde
532 252 98 26 vara,
649 243 54 30 att
723 241 58 32 det
803 240 282 37 rörelsekapital,
1105 249 74 22 som
1200 239 287 37 Spritcentralen
1505 248 49 21 nu
1575 237 68 33 dis-

140 304 152 28 ponerar
313 295 13 30 i
345 293 472 38 preferensaktiekapitalet,
836 292 165 36 betingar
1020 292 57 31 för
1097 291 69 36 hög
1186 292 116 30 ränta.
1324 291 134 31 Genom
1477 289 166 36 tillfällig

140 346 133 37 ökning
320 356 46 21 av
404 343 369 38 stamaktiekapitalet
799 343 64 32 och
892 343 207 36 därigenom
1125 341 235 37 möjliggjord
1386 340 182 37 inlösning
1596 349 45 22 av

140 398 80 31 hela
240 395 460 39 preferensaktiekapitalet
722 395 100 32 torde
842 405 44 21 en
905 393 254 37 konvertering
1181 404 46 21 av
1248 394 132 31 räntan
1402 392 84 31 från
1506 391 59 37 sju
1586 390 56 34 till

140 450 72 31 fem
236 452 147 34 procent
407 449 123 31 kunna
556 447 225 37 genomföras
807 446 162 37 sålunda,
981 447 54 30 att
1047 446 92 31 efter
1152 445 59 32 det
1222 444 211 32 nuvarande
1445 444 196 37 preferens-

139 500 293 38 aktiekapitalets
458 500 182 36 inlösning
667 509 72 27 nya
766 497 301 38 preferensaktier
1094 496 59 33 till
1178 496 232 37 erforderligt
1436 495 126 37 belopp
1589 496 52 30 ut-

141 553 134 31 färdas.

180 604 103 31 Efter
308 604 144 31 samråd
476 604 80 31 med
582 602 230 37 fullmäktige
839 602 55 31 för
918 599 531 39 pensionsförsäkringsfonden
1474 599 170 31 förutsät-

140 658 54 29 ter
218 656 62 36 jag
304 655 218 32 medverkan
546 655 85 30 från
653 654 157 31 nämnda
834 653 87 32 fond
943 672 40 4 —
1005 663 77 21 som
1106 652 152 31 innehar
1282 653 51 30 ett
1357 650 203 38 betydande
1584 659 60 22 an-

140 708 51 30 tal
211 707 304 37 preferensaktier
536 725 41 4 —
597 706 58 31 till
674 705 279 36 genomförande
975 714 46 21 av
1044 704 115 31 denna
1181 702 238 32 transaktion.
1462 701 182 32 Fullmäk-

141 759 72 36 tige
235 759 162 31 vidhålla
416 758 63 31 sitt
501 758 12 30 i
535 757 203 31 utlåtandet
759 756 69 32 den
848 756 18 30 9
886 755 189 32 november
1097 755 77 30 1928
1195 754 203 31 framförda
1420 753 158 36 anspråk
1598 753 46 36 på

141 810 238 36 statsgaranti
412 809 55 31 för
499 808 169 31 blivande
701 806 363 38 kapitalinvestering
1097 806 12 31 i
1140 805 304 37 preferensaktier
1476 807 168 28 ävensom

142 862 55 31 för
224 861 199 36 utdelning.
471 860 55 31 En
553 860 102 36 dylik
682 859 145 36 garanti
855 858 100 31 torde
982 858 79 41 med
1089 857 141 37 hänsyn
1258 857 57 31 till
1341 856 303 37 Spritcentralens

140 913 170 31 blivande
334 912 173 36 ställning
533 911 58 31 till
615 912 118 30 staten
758 910 224 36 väsentligen
1007 909 123 31 kunna
1154 908 185 32 betraktas
1364 909 116 30 såsom
1506 917 43 22 en
1575 907 69 31 for-

141 965 83 31 mell
248 964 198 31 utfästelse.

180 1014 199 33 Garantien
405 1015 56 30 för
488 1013 188 36 utdelning
702 1014 22 30 å
749 1011 350 38 preferensaktierna
1125 1011 66 31 har
1217 1010 187 37 upptagits
1430 1010 13 31 i
1469 1009 136 32 avtalet
1630 1009 13 31 i

141 1067 92 31 form
258 1077 46 20 av
330 1065 252 32 motsvarande
608 1063 268 38 gottskrivning
902 1074 46 20 av
973 1061 483 38 omsättningsskattemedel.
1517 1061 126 36 Tfråga

139 1128 56 21 om
237 1118 190 36 garantien
470 1117 57 31 för
569 1115 545 38 pensionsförsäkringsfondens
1156 1113 169 32 blivande
1347 1112 296 37 kapitaltillskott

140 1169 206 32 hemställer
389 1169 61 36 jag
492 1178 57 21 om
571 1167 224 32 utverkande
816 1177 46 21 av
885 1166 211 36 riksdagens
1117 1165 238 36 medgivande
1377 1164 57 32 till
1456 1164 187 32 utfästelse

141 1221 82 30 från
246 1223 136 29 statens
404 1220 88 32 sida.

179 1272 81 32 Vad
301 1271 235 36 utdelningen
577 1272 21 30 å
639 1270 260 32 stamaktierna
920 1269 178 32 beträffar
1120 1278 105 27 synes
1246 1268 74 36 mig
1344 1268 160 32 däremot
1525 1268 118 35 någon

140 1323 238 37 statsgaranti
397 1323 77 31 icke
494 1321 224 37 erforderlig,
740 1322 45 31 då
807 1322 116 31 denna
943 1320 58 32 till
1021 1320 163 37 beloppet
1205 1319 107 37 ringa
1332 1319 189 36 utdelning
1544 1319 98 31 torde

141 1377 149 34 tryggas
311 1383 127 28 genom
456 1374 169 32 blivande
644 1372 397 38 vinstregleringsfond.

180 1426 82 32 Vad
291 1427 114 36 angår
434 1425 340 32 rättsförhållandet
802 1424 63 32 vid
895 1424 302 36 Spriteentralens
1228 1422 215 37 avveckling
1474 1423 170 30 förutsät-

141 1480 52 29 tes
220 1478 62 31 vid
305 1488 49 20 nu
381 1477 134 31 avsedd
540 1476 257 37 organisation,
824 1477 64 34 att,
914 1475 91 31 efter
1033 1475 59 31 det
1118 1474 238 36 aktieägarna
1381 1473 148 31 erhållit
1555 1474 89 35 gott-

141 1530 136 35 görelse
297 1529 58 31 till
375 1529 163 35 beloppet
558 1538 47 21 av
625 1527 139 36 kapital
785 1527 65 30 och
872 1526 154 36 ogulden
1046 1525 199 36 utdelning,
1266 1524 226 32 återstående
1512 1524 132 31 behåll-

142 1580 88 36 ning
251 1579 166 32 tillfaller
440 1579 225 32 statsverket.
707 1577 212 37 Uttrycklig
941 1576 244 32 bestämmelse
1206 1576 126 31 härom
1355 1585 105 27 synes
1481 1575 88 31 böra
1591 1576 51 30 in-

142 1632 97 31 föras
261 1633 12 30 i
293 1631 326 36 bolagsordningen
638 1631 66 30 och
725 1630 67 32 har
815 1630 118 36 fogats
955 1628 58 32 till
1035 1629 78 31 dess
1135 1627 18 37 $
1176 1628 47 31 6.»

180 1708 18 31 I
239 1710 98 30 förut
376 1707 237 32 omförmälda
641 1707 224 31 motionerna
893 1706 126 31 II:506
1047 1706 65 31 och
1140 1705 126 31 IT1T:508
1295 1705 95 31 hava
1416 1705 127 31 väckts
1574 1704 68 32 för-

143 1760 86 37 slag,
256 1760 196 31 berörande
478 1759 113 32 under
619 1769 48 21 nu
696 1759 236 31 förevarande
960 1758 114 37 punkt
1103 1757 220 32 behandlade
1351 1757 184 37 spörsmål.

183 1861 237 32 Beträffande
452 1860 219 36 oktrojtiden
703 1861 95 30 hava
831 1860 367 35 utredningsmännen
1230 1859 186 36 föreslagit
1439 1860 112 31 sådan
1573 1860 69 30 för-

144 1905 154 35 ändring
328 1915 45 20 av
405 1915 48 20 nu
486 1904 167 36 gällande
683 1903 275 37 bestämmelser,
988 1906 54 29 att
1074 1903 206 31 densamma
1311 1903 217 31 utsträcktes
1560 1903 82 30 från

144 1948 70 30 fem
239 1949 57 30 till
323 1957 61 21 sex
408 1956 50 28 år,
484 1948 64 30 och
575 1947 65 31 har
663 1947 392 36 departementsechefen
1079 1946 153 31 anslutit
1256 1947 56 34 sig
1337 1946 56 31 till
1419 1946 108 35 detta,
1553 1948 87 28 även

144 2001 45 21 av
220 1992 211 34 Borgström
461 1991 168 31 biträdda
662 1990 146 35 förslag.

183 2078 17 30 I
228 2078 180 31 motionen
434 2077 52 30 II:
501 2077 57 31 495
585 2077 66 30 har
679 2076 215 32 framställts
921 2076 136 35 förslag
1083 2075 152 32 rörande
1261 2075 236 36 oktrojtidens
1523 2075 118 36 längd.

180 2172 18 30 I
228 2172 106 36 fråga
360 2181 56 21 om
443 2171 192 36 styrelsens
661 2169 326 36 sammansättning
1015 2169 65 32 har
1109 2170 106 36 ingen
1245 2170 153 36 ändring
1428 2169 213 36 föreslagits.

185 2216 376 35 Utredningsmännen
591 2214 94 30 hava
716 2214 187 35 föreslagit
941 2223 72 26 nya
1052 2213 494 35 diskvalifikationsgrunder
1587 2214 55 30 för

142 2258 246 35 ledamotskap
415 2258 11 30 i
453 2257 183 37 styrelsen.
683 2257 69 31 Till
780 2257 152 31 ledamot
960 2256 85 31 eller
1072 2256 189 36 suppleant
1289 2256 12 30 i
1328 2256 175 37 styrelsen
1530 2257 114 31 skulle

144 2300 76 32 icke
245 2302 37 30 få
307 2303 96 29 utses
426 2300 207 35 aktieägare
657 2300 11 30 i
691 2300 151 35 bolaget,
867 2300 66 30 den
956 2309 73 21 som
1053 2300 90 34 ägde
1166 2299 85 32 eller
1274 2299 91 31 hade
1386 2299 223 35 delaktighet
1631 2300 11 30 i

139 2346 111 29 annat
275 2344 149 35 företag,
449 2353 73 21 som
547 2343 110 35 självt
680 2344 86 30 eller
791 2351 124 26 genom
941 2342 258 35 dotterföretag
1224 2342 214 31 tillverkade
1462 2341 86 32 eller
1573 2343 68 30 för-

144 2387 97 32 sålde
260 2386 215 37 rusdrycker
495 2386 85 31 eller
599 2385 242 37 maltdrycker
861 2385 84 32 eller
964 2395 74 21 som
1057 2385 110 35 självt
1187 2385 85 31 eller
1292 2395 125 25 genom
1436 2385 207 31 dotterföre-

145 2432 61 35 tag
232 2430 129 31 idkade
387 2430 121 31 hotell-
535 2429 84 32 eller
645 2428 347 36 restaurantrörelse,
1019 2428 32 35 ej
1078 2428 111 31 heller
1213 2428 78 36 den,
1317 2438 83 25 som,
1428 2429 135 30 ändock
1590 2431 53 29 att

143 2473 72 31 han
238 2473 77 31 icke
339 2472 88 36 ägde
449 2472 86 31 eller
557 2472 91 32 hade
668 2471 223 35 delaktighet
914 2471 11 31 i
949 2472 139 35 företag
1112 2481 74 21 som
1208 2473 153 34 nämnts,
1383 2482 85 21 vore
1489 2471 153 32 ledamot

144 2534 110 31 Bihang
275 2534 41 24 till
336 2534 166 31 riksdagens
524 2533 143 31 protokoll
690 2534 74 24 1930.
803 2535 14 23 7
837 2535 79 23 saml.
958 2535 31 23 16
1009 2534 69 30 häft.
1115 2529 53 29 (Nr
1187 2534 56 29 21.)
1595 2533 15 23 2

1682 1858 169 29 Oktrojtiden.

1699 2170 135 28 Styrelsen.
