1886 2784
516 148 290 34 Statsutskottets
830 148 183 34 utlåtande
1036 159 40 22 nr
1100 151 74 38 174.
1557 149 44 31 25

136 229 405 43 Departementschefen
560 229 64 33 har
643 229 55 34 för
717 229 52 33 sin
789 229 55 33 del
864 233 196 35 ansett,
1013 223 54 53 att
1072 227 428 43 läroboksgranskningen
1510 227 86 33 tills-

93 283 121 34 vidare
240 284 109 33 borde
374 283 184 42 kvarligga
583 282 65 34 hos
673 282 361 40 läroboksnämnden,
1061 287 56 28 att
1143 281 255 34 ovannämnda
1423 280 181 34 kamerala

94 338 154 33 ärenden
271 337 191 43 lämpligen
487 336 120 34 kunde
632 335 180 34 överföras
835 335 55 34 till
915 335 337 43 skolöverstyrelsen
1276 339 96 29 samt
1396 338 57 30 att
1476 333 127 43 ifråga-

94 391 156 33 varande
267 390 123 43 tillsyn
410 389 217 34 åtminstone
645 389 195 34 tillsvidare
860 389 109 34 borde
989 388 192 35 ankomma
1199 389 48 42 på
1264 387 293 43 socialstyrelsen.

139 444 202 40 Utskottet,
365 456 77 21 som
466 443 158 34 ansluter
648 442 52 43 sig
722 443 54 33 till
800 443 69 33 den
894 455 46 21 av
963 441 393 44 departementschefen
1380 441 151 33 sålunda
1552 441 51 33 in-

91 500 110 39 tagna
224 496 284 44 ståndpunkten,
532 496 61 33 vill
617 496 195 34 emellertid
835 496 11 33 i
871 496 191 42 anledning
1086 508 45 21 av
1154 495 226 34 motionerna
1403 494 30 34 I:
1448 497 65 31 420
1539 494 67 33 och

94 550 50 34 II:
160 554 65 30 588
245 550 201 40 framhålla,
466 554 57 30 att
541 549 183 34 utskottet
742 549 223 40 förutsätter,
986 553 56 30 att
1061 548 125 43 frågan
1204 561 59 21 om
1281 548 170 42 tillsynen
1471 560 46 21 av
1534 547 69 34 för-

94 603 118 34 skolor
233 603 66 34 och
321 603 154 43 daghem
496 607 175 38 upptages
694 603 54 33 till
770 615 43 21 en
835 603 139 42 allsidig
994 602 176 43 prövning
1192 602 61 34 vid
1275 601 262 42 behandlingen
1558 610 47 24 av

95 657 62 34 det
175 657 141 42 förslag,
335 669 77 22 som
430 656 186 43 framlagts
636 668 47 21 av
703 659 86 30 1946
809 656 55 33 års
883 656 191 33 kommitté
1092 655 55 34 för
1164 655 68 34 den
1250 655 209 42 halvöppna
1477 654 127 34 barna-

94 711 145 33 vården.

140 763 508 42 Folkbibliotekssakkunniga
664 762 48 34 ha
730 762 192 43 föreslagit,
942 767 56 29 att
1016 762 276 42 överstyrelsens
1311 760 294 40 biblioteksrotel,

95 817 119 34 vilken
239 817 165 34 handhar
429 816 89 35 folk-
545 816 67 34 och
637 816 309 40 skolbiblioteken,
971 816 165 42 utbrytes
1162 815 79 33 från
1267 814 337 43 skolöverstyrelsen

95 870 67 34 och
192 871 115 33 bildar
337 875 55 29 ett
424 870 255 42 självständigt
710 869 239 40 ämbetsverk,
982 873 136 30 statens
1149 868 294 42 biblioteksbyrå,
1475 868 129 33 medan

95 915 539 51 skolöverstyrelsesakkunniga
657 922 203 43 visserligen
883 922 12 34 i
919 922 138 43 princip
1081 922 150 34 anslutit
1255 922 52 42 sig
1331 922 54 33 till
1410 921 103 34 detta
1535 920 69 34 för-

95 978 85 42 slag,
202 989 82 22 men
306 977 110 34 likväl
438 977 130 33 räknat
587 977 83 34 med
693 981 57 29 att
770 988 43 21 en
834 976 282 34 biblioteksrotel
1137 975 196 34 tillsvidare
1356 975 112 33 skulle
1490 975 82 42 ingå
1594 974 11 33 i

95 1031 355 42 skolöverstyrelsens
473 1030 253 42 organisation.

141 1084 90 34 Med
247 1083 141 43 hänsyn
406 1084 54 33 till
477 1083 71 34 vad
565 1083 10 33 i
593 1083 344 42 remissyttrandena
955 1086 85 30 över
1057 1083 43 34 de
1118 1082 241 42 sakkunnigas
1376 1081 229 34 betänkande

95 1137 149 40 anförts,
261 1137 66 34 har
344 1136 395 44 departementschefen
756 1141 120 29 ansett
895 1136 53 42 sig
965 1136 87 34 böra
1071 1135 154 40 förorda,
1244 1140 56 29 att
1318 1134 90 35 folk-
1428 1134 67 34 och
1514 1134 91 34 skol-

95 1190 218 34 biblioteken
342 1190 159 42 alltjämt
529 1189 99 34 skola
657 1194 135 29 sortera
818 1190 114 33 under
960 1189 348 42 skolöverstyrelsen.
1335 1188 19 33 I
1381 1188 224 33 motionerna

94 1243 30 33 I:
140 1247 65 30 395
231 1243 66 34 och
321 1244 51 33 II:
387 1246 67 31 532
480 1243 223 40 förutsättes,
728 1247 56 29 att
807 1242 126 43 frågan
957 1255 59 21 om
1040 1242 187 42 ledningen
1253 1254 46 21 av
1322 1240 283 35 folkbiblioteks-

95 1297 173 34 väsendet
287 1297 138 33 lämnas
445 1300 128 39 öppen.

141 1350 202 40 Utskottet,
360 1362 77 21 som
456 1361 113 28 anser,
587 1353 57 30 att
661 1353 55 29 ett
734 1349 142 33 särskilt
894 1348 228 35 ämbetsverk
1139 1348 55 34 för
1211 1348 394 34 folkbiblioteksväsen-

96 1403 62 34 det
183 1403 77 33 icke
286 1402 188 41 erfordras,
500 1402 196 43 tillstyrker
725 1401 410 44 departementschefens
1162 1401 131 42 förslag
1320 1401 67 34 och
1414 1400 116 34 finner
1555 1400 51 42 sig

96 1456 104 33 alltså
220 1455 78 34 icke
318 1456 88 34 böra
425 1455 144 34 biträda
588 1455 72 34 vad
681 1455 11 33 i
713 1455 225 34 motionerna
958 1455 30 33 I:
1003 1458 65 30 393
1091 1454 67 34 och
1179 1454 50 33 II:
1244 1457 67 31 532
1332 1454 12 33 i
1364 1454 159 33 nämnda
1545 1465 60 22 av-

97 1509 127 34 seende
245 1508 218 44 ifrågasatts.

141 1562 80 34 Vad
248 1561 395 44 departementschefen
673 1560 121 35 anfört
821 1561 11 34 i
862 1560 101 43 fråga
991 1573 59 22 om
1078 1559 310 43 decentralisering
1417 1572 46 22 av
1494 1560 113 34 beslu-

96 1615 231 34 tanderätten
349 1615 66 33 har
437 1615 78 33 icke
537 1614 90 43 givit
649 1614 181 34 utskottet
854 1614 192 42 anledning
1069 1614 54 33 till
1147 1614 150 33 erinran.
1321 1613 193 34 Utskottet
1537 1612 69 34 till-

97 1668 140 43 styrker
261 1669 115 39 alltså,
401 1673 58 29 att
483 1668 62 34 det
569 1667 55 34 får
648 1667 194 34 ankomma
866 1668 48 42 på
939 1667 336 42 skolöverstyrelsen
1301 1671 57 29 att
1382 1666 142 34 besluta
1547 1678 61 22 om

96 1722 206 33 inrättande
328 1734 46 22 av
399 1734 73 30 nya
497 1721 405 43 nybörjaravdelningar
927 1721 61 34 vid
1014 1721 180 33 allmänna
1217 1720 165 34 läroverk
1407 1719 67 34 och
1499 1719 108 42 högre

95 1774 231 34 kommunala
348 1775 119 33 skolor
486 1774 82 34 med
588 1773 144 43 ledning
751 1786 46 21 av
817 1774 167 40 direktiv,
1004 1786 76 21 som
1099 1774 133 41 Kungl.
1252 1772 115 43 Maj:t
1386 1772 174 34 utfärdar.

142 1828 56 33 De
218 1828 241 42 sakkunnigas
478 1827 131 42 förslag
627 1827 55 33 till
701 1827 357 42 skolöverstyrelsens
1074 1826 242 42 organisation
1334 1826 66 33 har
1419 1838 46 21 av
1483 1826 123 42 depar-

96 1880 281 34 tementschefen
402 1883 168 31 avsevärt
592 1880 190 39 beskurits,
803 1880 128 33 varvid
954 1880 11 33 i
988 1879 87 34 flera
1096 1879 227 33 hänseenden
1347 1879 43 33 de
1414 1878 194 42 erinringar

96 1933 261 33 statskontoret
377 1932 177 40 framfört,
574 1932 104 34 blivit
698 1932 189 34 beaktade.
906 1931 406 43 Departementschefen
1332 1931 65 33 har
1415 1931 193 42 föreslagit,

97 1991 56 29 att
173 1987 258 42 överstyrelsen
452 1986 135 34 indelas
607 1986 10 33 i
636 1985 80 43 fyra
735 1986 231 42 avdelningar
986 1985 66 34 och
1071 1986 65 32 två
1155 1984 192 34 fristående
1367 1984 121 40 rotlar,
1507 1987 100 30 näm-

97 2040 91 42 ligen
213 2040 299 42 undervisnings-,
538 2039 273 42 organisations-
837 2039 67 33 och
930 2038 419 42 försöksavdelningarna
1376 2042 94 29 samt
1496 2038 111 33 admi-

97 2093 189 33 nistrativa
313 2093 235 42 avdelningen
577 2096 169 30 ävensom
774 2092 324 42 skolhygienroteln
1125 2096 93 29 samt
1245 2091 269 42 folkbildnings-
1541 2090 66 34 och

97 2146 318 34 biblioteksroteln.
444 2146 123 34 Under
596 2146 103 33 dessa
727 2146 231 41 avdelningar
985 2145 66 33 och
1080 2145 110 33 rotlar
1217 2145 100 33 skola
1346 2149 134 29 sortera
1509 2147 98 30 över-

98 2200 188 40 styrelsens
302 2199 221 42 inspektörer
538 2199 65 33 och
618 2199 230 33 konsulenter
863 2203 95 28 samt
972 2202 53 29 ett
1041 2198 115 33 flertal
1173 2198 136 33 mindre
1326 2197 277 38 arbetsenheter,

98 2265 76 20 som
197 2264 48 21 nu
269 2257 134 28 sortera
427 2252 116 33 direkt
565 2251 113 33 under
701 2251 355 42 generaldirektören.
1079 2250 183 42 Förslaget
1284 2250 149 33 innebär
1456 2262 43 21 en
1521 2250 86 33 kon-

98 2305 200 33 centration
325 2305 54 32 till
406 2304 93 33 färre
526 2304 65 33 och
620 2307 113 30 större
760 2303 276 33 arbetsenheter.
1064 2303 149 33 Antalet
1239 2303 197 33 ledamöter
1463 2302 144 33 föreslås

98 2358 159 34 minskat
279 2357 80 33 från
383 2360 43 30 20
450 2357 54 33 till
529 2360 53 29 19.
606 2356 17 33 I
649 2356 223 33 sistnämnda
895 2356 98 33 antal
1017 2355 82 41 ingå
1120 2355 91 33 dock
1235 2356 64 32 två
1323 2367 72 29 nya
1418 2355 189 33 ledamots-

98 2411 164 41 tjänster,
281 2422 111 21 varav
409 2422 43 21 en
471 2410 47 42 på
536 2408 375 43 försöksavdelningen
930 2408 55 33 för
1002 2408 118 42 frågor
1136 2420 58 21 om
1213 2407 257 34 förberedande
1489 2407 119 43 yrkes-

99 2463 203 42 utbildning
323 2463 66 33 och
411 2474 44 21 en
477 2463 47 42 på
545 2461 289 35 administrativa
855 2461 247 42 avdelningen.
