1889 2836
356 229 173 31 Allmänna
547 229 356 38 beredningsutskottets
921 230 161 31 utlåtande
1100 240 37 20 nr
1156 230 42 30 17
1216 229 35 31 år
1270 230 87 30 1970
1583 237 13 26 1

782 522 66 42 Nr
880 522 53 42 17

342 688 168 32 Utlåtande
527 690 10 30 i
552 689 169 38 anledning
735 700 39 20 av
791 691 157 30 motioner
963 701 53 20 om
1033 700 40 21 en
1087 690 185 38 regionplan
1286 691 52 36 för
1353 690 244 38 användningen

564 753 38 20 av
623 743 121 31 landets
762 744 246 38 grustillgångar.

155 850 14 30 I
190 851 39 30 de
249 850 212 40 likalydande,
482 851 45 30 till
549 851 159 31 allmänna
728 852 340 39 beredningsutskottet
1088 852 171 31 hänvisade
1280 852 200 31 motionerna
1500 851 94 31 1:525

110 913 39 21 av
169 904 72 31 herr
259 905 138 36 Nyquist
417 915 40 20 m.
472 905 32 36 fl.
526 905 62 30 och
608 906 131 29 11:1073
763 915 37 21 av
821 906 72 30 herr
912 905 107 31 Aldén
1039 917 41 20 m.
1094 906 33 37 fl.
1150 906 189 37 hemställes,
1363 911 44 26 att
1427 907 167 39 riksdagen

110 957 60 31 hos
186 958 114 40 Kungl.
319 958 96 39 Maj:t
431 958 140 31 anhåller
587 969 54 20 om
658 959 166 40 utredning
840 959 60 31 och
918 960 119 39 förslag
1053 960 145 39 syftande
1214 960 45 30 till
1277 970 40 21 en
1333 960 260 40 regionplanerad

110 1012 203 39 användning
333 1021 39 21 av
390 1012 124 31 landets
534 1013 245 39 grustillgångar.

155 1066 14 29 I
194 1066 200 30 motionerna
415 1066 181 31 framhålles
622 1071 43 26 att
688 1067 100 30 under
812 1067 39 30 de
876 1072 122 25 senaste
1023 1067 185 31 årtiondena
1231 1068 84 30 vissa
1338 1068 257 39 naturtillgångar

110 1119 162 39 utnyttjats
292 1120 127 38 mycket
438 1119 78 31 hårt.
539 1120 95 30 Detta
654 1120 197 40 utnyttjande
870 1121 57 30 har
948 1121 80 30 skett
1049 1121 148 39 tämligen
1216 1121 137 40 planlöst
1373 1121 42 40 på
1435 1122 100 39 grund
1557 1131 38 21 av

112 1172 179 39 kortsiktigt
305 1172 159 31 tänkande
479 1173 60 30 och
554 1173 9 30 i
577 1172 115 40 många
705 1173 55 30 fall
775 1173 98 31 också
887 1173 159 31 bristande
1061 1173 182 40 kunskaper
1258 1183 53 21 om
1327 1174 270 40 sammanhangen

109 1226 10 30 i
137 1230 141 27 naturen.

154 1281 65 29 För
242 1281 53 30 det
317 1280 150 31 framtida
492 1281 328 40 samhällsbyggandet
844 1282 60 30 och
928 1282 51 30 för
1006 1282 235 31 »underhållet>
1269 1283 145 30 kommer
1439 1283 86 30 alltid
1551 1287 43 26 att

111 1334 113 30 krävas
245 1339 19 26 t.
279 1344 48 21 ex.
351 1335 91 30 mark
461 1335 50 30 för
532 1336 67 29 täkt
619 1345 37 21 av
678 1340 77 32 sten,
778 1345 81 30 grus,
882 1337 78 30 sand
981 1336 61 30 och
1062 1336 66 31 lera
1148 1346 69 21 som
1239 1346 88 21 avses
1348 1337 52 30 för
1418 1337 175 39 byggnads-

111 1388 155 31 ändamål.
290 1388 50 30 De
360 1389 140 30 nämnda
520 1389 299 40 naturtillgångarna
838 1390 64 30 kan
923 1399 91 30 synas
1036 1390 111 39 rikliga
1167 1391 10 29 i
1198 1390 68 31 vårt
1286 1391 74 30 land
1381 1391 10 30 i
1412 1391 181 38 jämförelse

109 1442 73 30 med
199 1441 206 40 tillgångarna
422 1442 9 30 i
449 1443 99 30 andra
564 1442 260 32 kulturområden
841 1443 11 30 i
868 1443 139 38 världen,
1026 1453 74 21 men
1118 1444 38 30 de
1175 1445 33 29 är
1226 1444 192 40 geografiskt
1435 1444 157 31 skiftande

109 1495 61 30 och
194 1495 28 39 ej
249 1496 194 39 outtömliga.
470 1496 50 30 De
545 1496 99 31 måste
668 1497 148 39 utnyttjas
841 1498 74 29 med
938 1497 178 31 beaktande
1142 1507 38 21 av
1204 1498 120 30 kraven
1346 1498 43 39 på
1413 1499 180 30 samhällets

109 1549 198 31 fortbestånd
323 1550 61 30 och
400 1550 187 39 utveckling.

155 1603 139 30 Landets
314 1603 99 30 totala
434 1603 237 40 grustillgångar
693 1604 56 31 har
770 1604 198 40 uppskattats
990 1605 44 30 till
1057 1605 40 30 35
1121 1605 159 39 miljarder
1302 1605 56 31 m?.
1382 1604 211 32 Årsförbruk-

110 1656 116 39 ningen
241 1666 38 20 av
294 1666 72 30 grus
381 1657 58 29 har
453 1657 76 30 ökat
543 1657 72 31 från
634 1658 38 29 10
688 1658 46 29 till
750 1658 39 29 35
807 1658 145 39 miljoner
966 1658 47 30 m?
1028 1658 70 31 från
1118 1659 83 30 1950
1217 1659 46 30 till
1282 1659 93 31 1967.
1393 1659 199 30 Cementför-

110 1709 198 40 brukningen
327 1710 60 30 och
408 1710 154 40 åtgången
583 1720 38 21 av
641 1711 189 40 betonggrus
850 1712 56 30 har
926 1712 77 30 bara
1021 1712 100 30 under
1145 1712 174 31 1960-talet
1338 1713 77 30 ökat
1434 1713 73 30 med
1526 1722 67 21 mer

110 1764 41 29 än
167 1763 43 29 50
227 1763 33 30 2
282 1763 51 30 för
348 1764 108 29 landet
472 1773 68 21 som
557 1764 114 30 helhet.
690 1765 182 39 Stegringen
888 1766 97 29 sedan
1006 1766 175 30 1930-talet
1196 1766 58 30 har
1270 1766 80 30 varit
1366 1767 125 38 mycket
1508 1766 84 30 kraf-

108 1816 51 39 tig.
181 1816 83 30 Brist
282 1816 166 40 föreligger
467 1817 98 30 redan
583 1827 43 20 nu
645 1817 42 39 på
705 1817 200 40 högklassiga
922 1819 216 39 grusmaterial
1157 1819 86 30 inom
1263 1819 153 31 områden
1435 1820 72 30 med
1528 1824 64 26 stor

110 1869 371 40 byggnadsverksamhet.
499 1871 50 30 En
565 1880 105 21 annan
685 1871 108 31 teknik
809 1881 69 21 som
894 1872 132 31 innebär
1042 1882 39 21 en
1096 1873 100 31 bättre
1212 1872 202 41 hushållning
1428 1874 58 30 bör
1502 1876 90 28 över-

111 1924 106 38 vägas,
237 1932 90 21 anser
344 1923 245 31 motionärerna.

157 1979 118 31 Vidare
293 1980 104 30 ställer
416 1980 235 30 motionärerna
669 1990 39 20 en
726 1980 55 30 rad
800 1979 115 40 frågor:

152 2034 72 30 Kan
243 2034 53 30 det
314 2033 105 31 finnas
438 2034 99 31 andra
554 2034 260 40 förutsättningar
832 2035 61 30 och
912 2035 275 39 handlingslinjer?
1206 2034 106 31 Måste
1330 2035 180 39 byggnader
1530 2035 60 30 och

107 2087 225 40 anläggningar
350 2088 91 30 sluka
457 2088 77 31 våra
550 2089 91 30 bästa
659 2088 161 40 grusåsar?
839 2089 71 30 Kan
929 2089 64 31 inte
1009 2089 307 39 byggnadsmaterial
1334 2089 161 31 användas
1513 2088 79 31 flera

107 2140 134 40 gånger?
261 2141 147 31 Behöver
426 2142 30 29 vi
475 2141 136 40 utnyttja
630 2141 35 32 så
683 2142 126 39 mycket
829 2152 73 30 grus
921 2142 46 30 till
986 2142 314 39 utfyllnadsmaterial
1321 2152 69 21 som
1408 2143 52 30 för
1478 2144 112 29 närva-

108 2195 97 30 rande
230 2194 88 31 sker?
343 2193 47 32 Är
413 2195 53 30 det
489 2195 157 31 rationellt
671 2200 44 26 att
739 2196 110 30 skövla
873 2196 280 39 grustillgångarna
1177 2197 60 30 och
1261 2197 76 38 fylla
1361 2206 229 30 grusgroparna

106 2248 74 30 med
201 2248 113 30 avfall?

154 2302 84 30 Sand
266 2302 61 30 och
355 2303 331 39 grusexploateringen
713 2303 63 30 kan
805 2303 174 40 säkerligen
1007 2304 223 31 koncentreras
1259 2305 61 29 och
1348 2305 242 36 rationaliseras,

107 2355 36 31 så
160 2359 45 26 att
221 2355 174 40 ingreppen
412 2356 60 30 blir
488 2356 180 40 kortvariga
685 2357 61 30 och
763 2357 196 40 välavvägda
976 2358 61 30 och
1056 2358 254 39 återställningen
1328 2359 54 30 ske
1400 2359 74 30 med
1492 2361 99 29 större

109 2408 165 31 snabbhet.
298 2409 208 39 Naturgruset
528 2414 20 25 t.
564 2419 47 21 ex.
635 2410 59 30 bör
716 2419 174 22 reserveras
913 2410 50 31 för
985 2410 276 40 betongändamål,
1286 2412 61 29 och
1371 2412 221 37 stenmaterial,

106 2462 168 31 framställt
294 2473 115 29 genom
429 2464 168 39 krossning
617 2474 37 20 av
675 2465 77 39 berg
771 2465 61 30 och
853 2467 193 38 sprängsten,
1068 2466 59 30 bör
1147 2467 109 29 kunna
1275 2467 131 30 komma
1425 2467 45 30 till
1492 2469 99 28 större

106 2517 211 39 användning.

151 2571 54 30 Ett
230 2570 197 31 omfattande
452 2572 177 30 samarbete
654 2572 117 31 mellan
794 2572 170 32 naturvård
991 2573 61 30 och
1078 2573 108 31 teknik
1211 2574 63 31 kan
1300 2574 161 32 måhända
1485 2584 105 22 rasera

108 2642 11 25 1
142 2657 37 3 —
198 2641 107 32 Bihang
325 2642 40 25 till
384 2641 159 32 riksdagens
561 2642 141 31 protokoll
722 2644 79 25 1970.
842 2644 31 26 11
896 2644 78 25 samL
1013 2645 43 26 Nr
1076 2645 34 26 17
