1878 2842
485 175 292 32 Stalsutskottels
808 174 189 33 utlåtande
1028 174 54 32 Nr
1106 175 50 30 32.
1515 176 18 30 1

755 472 58 40 Nr
841 473 64 40 32.

554 590 109 24 Ankom
683 591 44 23 till
747 590 162 32 riksdagens
929 590 90 24 kansli
1040 590 54 24 den
1115 591 30 23 27
1167 590 126 24 februari
1313 590 67 24 1934
1400 589 36 24 kl.
1459 590 31 23 12
1510 596 37 16 m.

179 692 197 32 Utlåtande
405 694 13 29 i
447 693 195 37 anledning
673 703 45 21 av
748 693 135 37 Kungl.
913 693 130 36 Maj:ts
1074 693 13 30 i
1115 692 467 36 statsverkspropositionen

379 744 113 31 under
517 744 161 37 Utgifter
698 745 59 35 för
778 743 277 38 kapitalökning
1076 743 129 37 gjorda
1227 743 272 36 framställning
1523 752 61 21 an-

379 795 135 37 gående
536 795 225 37 uppförande
783 795 65 32 och
870 794 193 38 inredning
1085 804 46 21 av
1153 793 171 38 byggnad
1345 794 57 36 för
1422 793 43 32 de
1485 795 98 35 pato-

378 846 140 37 logiska
554 846 65 32 och
657 845 513 38 hygienisk-bakteriologiska
1198 846 296 31 institutionerna
1523 844 62 32 vid

380 899 250 31 universitetet
655 899 12 30 i
695 898 168 37 Uppsala.

1353 964 69 37 (2:a
1448 963 94 37 avd.)

122 1068 62 33 Uti
207 1069 68 32 den
296 1069 58 32 till
374 1069 192 37 riksdagen
588 1069 157 36 avlåtna,
767 1069 67 31 den
855 1070 18 30 3
896 1068 148 37 januari
1064 1068 77 31 1934
1162 1066 244 38 dagtecknade
1427 1066 159 37 proposi-

79 1120 124 33 tionen
229 1119 57 37 (nr
309 1119 34 38 1)
367 1120 184 37 angående
572 1120 235 31 statsverkets
828 1119 167 32 tillstånd
1017 1119 65 31 och
1102 1119 114 31 behov
1239 1118 113 32 under
1373 1117 214 37 budgetåret

79 1171 175 37 1934/1935
277 1172 67 31 har
368 1171 134 38 Kungl.
525 1171 111 37 Maj:t
659 1171 130 37 (punkt
811 1172 28 36 4,
862 1171 64 32 sid.
951 1171 108 35 6—10,
1085 1180 45 21 av
1154 1170 58 31 det
1236 1169 63 32 vid
1320 1169 266 38 propositionen

82 1224 114 32 under
213 1224 129 31 rubrik
360 1223 185 38 >Utgifter
564 1224 56 30 för
638 1222 297 38 kapitalökning»
958 1223 117 31 såsom
1092 1221 122 38 bilaga
1233 1222 18 30 6
1272 1221 127 37 fogade
1419 1220 169 37 utdraget

80 1287 50 21 av
148 1274 393 38 statsrådsprotokollet
561 1277 84 29 över
663 1273 386 33 ecklesiastikärenden
1067 1273 56 31 för
1140 1282 139 22 samma
1295 1271 84 39 dag)
1400 1272 189 37 föreslagit

86 1328 192 37 riksdagen
302 1329 55 30 att
381 1328 73 31 dels
479 1338 46 21 av
547 1327 59 32 det
627 1338 46 20 av
697 1327 79 31 19383
800 1328 58 30 års
882 1325 148 37 riksdag
1055 1325 56 31 för
1133 1324 226 38 uppförande
1383 1325 65 30 och
1474 1324 114 31 inred-

85 1380 87 37 ning
199 1391 47 20 av
269 1379 224 37 nybyggnad
517 1379 56 31 för
597 1378 42 32 de
662 1377 227 38 patologiska
913 1378 65 30 och
1004 1376 512 37 hygienisk-bakteriologiska
1538 1375 51 31 in-

85 1432 258 31 stitutionerna
369 1431 63 31 vid
457 1430 250 32 universitetet
741 1430 4 30 i
773 1429 162 37 Uppsala
962 1428 179 37 beviljade
1167 1428 165 36 beloppet
1358 1438 45 20 av
1431 1427 158 40 1,400,000

86 1484 133 31 kronor
244 1483 59 31 för
328 1482 214 37 budgetåret
568 1480 169 41 1934/1935
765 1480 129 32 anvisa
920 1481 52 30 ett
997 1479 367 36 reservationsanslag
1391 1489 45 20 av
1463 1478 128 36 170,000

86 1535 142 36 kronor,
249 1534 77 32 dels
349 1534 64 31 ock
436 1533 177 37 medgiva,
633 1533 55 31 att
708 1531 284 38 ifrågavarande
1015 1530 332 37 byggnadsföretag
1369 1531 59 29 må
1449 1529 142 32 utföras

87 1588 13 30 i
126 1585 244 38 huvudsaklig
393 1584 351 33 överensstämmelse
768 1583 81 32 med
873 1584 12 30 i
911 1582 148 32 ärendet
1083 1581 247 37 föreliggande
1354 1580 167 36 ändrade,
1547 1591 45 20 av

85 1638 208 32 arkitekten
319 1636 160 38 Cyrillus
505 1636 203 32 Johansson
736 1637 42 29 år
806 1635 78 31 19383
912 1633 205 38 uppgjorda
1143 1633 191 36 ritningar.

130 1741 133 38 Kungl.
279 1741 111 37 Maj:t
403 1740 155 37 föreslog
572 1740 13 31 i
599 1739 222 38 proposition
836 1749 44 20 nr
893 1738 38 31 61
944 1737 79 32 1933
1039 1738 58 30 års
1111 1736 157 36 riksdag,
1283 1735 109 32 bland
1404 1735 122 35 annat,
1541 1737 53 28 att

92 1794 134 36 bevilja
239 1794 33 36 ej
291 1792 140 32 mindre
447 1791 159 37 1,400,060
620 1791 134 31 kronor
770 1791 57 31 för
842 1788 226 38 uppförande
1084 1788 64 31 och
1163 1787 192 37 inredning
1371 1797 46 20 av
1431 1786 164 37 nybygg-

92 1845 70 33 nad
186 1846 57 31 för
267 1846 44 31 de
334 1844 228 38 patologiska
584 1843 64 32 och
672 1839 514 40 hygienisk-bakteriologiska
1210 1838 298 32 institutionerna
1531 1836 63 32 vid

94 1897 252 32 universitetet
376 1897 3 30 i
400 1895 163 37 Uppsala
583 1897 47 29 än
650 1897 93 28 även
764 1893 128 37 147,000
912 1893 133 30 kronor
1066 1892 56 30 för
1144 1890 225 37 uppförande
1391 1890 66 30 och
1478 1888 115 32 inred-

93 1950 88 36 ning
201 1949 13 30 i
235 1948 175 31 samband
428 1947 150 31 härmed
598 1956 46 20 av
664 1947 51 29 ett
736 1943 367 39 begravningskapell
1122 1942 81 31 med
1223 1941 215 32 tillhörande
1459 1940 135 31 bårhus

90 2001 68 31 och
182 1999 343 37 svepningslokaler,
552 1998 65 30 allt
649 1997 5 30 i
680 1996 242 35 huvudsaklig
949 1993 353 33 överensstämmelse
1329 1992 79 31 med
1433 2003 46 20 av
1506 1991 93 32 arki-

92 2052 122 31 tekten
238 2051 35 33 C.
295 2051 183 32 Westman
500 2051 40 30 år
562 2049 77 32 1932
660 2047 203 38 uppgjorda
885 2046 183 36 ritningar
1089 2045 64 32 och
1173 2043 426 37 kostnadsberäkningar,

95 2107 170 29 ävensom
285 2114 46 20 av
351 2103 156 30 nämnda
526 2101 136 37 belopp,
683 2101 154 36 tillhopa
855 2099 159 37 1,547,000
1034 2098 141 36 kronor,
1196 2098 56 30 för
1272 2097 212 36 budgetåret
1505 2094 91 35 1933/

96 2156 78 31 1934
196 2155 111 32 bland
328 2154 154 37 utgifter
504 2155 57 30 för
583 2152 276 37 kapitalökning
881 2151 114 31 under
1018 2150 172 31 rubriken
1214 2149 163 31 »Fonden
1399 2149 56 30 för
1479 2147 117 36 förlag

98 2207 57 32 till
178 2206 236 32 statsverket»
442 2205 128 31 anvisa
594 2205 51 30 ett
668 2202 371 36 reservationsanslag
1065 2211 45 21 av
1134 2201 128 35 650,000
1288 2200 139 30 kronor.

136 2258 19 31 I
184 2257 159 31 nämnda
370 2256 221 37 proposition
622 2255 171 30 framhöll
823 2252 402 38 departementschefen,
1256 2253 54 29 att
1338 2251 263 30 kostnadssum-

96 2319 93 25 man,
217 2308 160 36 1,547,000
402 2308 143 34 kronor,
574 2306 106 31 borde
712 2305 156 31 fördelas
896 2305 46 35 på
970 2305 54 29 tre
1055 2304 39 29 år
1122 2302 78 31 med
1229 2303 128 34 650,000
1383 2302 134 30 kronor
1545 2301 55 30 för

100 2360 212 37 budgetåret
338 2357 180 36 1933/1934,
546 2357 128 35 750,000
700 2357 134 31 kronor
861 2356 56 29 för
944 2354 213 35 budgetåret
1184 2351 171 36 1934/1935
1382 2353 63 30 och
1476 2352 127 33 147,000

97 2412 132 30 kronor
254 2410 73 36 (det
349 2410 56 31 för
426 2408 247 38 gravkapellet
692 2406 202 32 beräknade
915 2403 177 38 beloppet)
1116 2405 56 30 för
1191 2403 212 37 budgetåret
1424 2401 177 41 1935/1936.

140 2464 18 30 I
179 2462 174 32 skrivelse
373 2461 66 31 den
458 2461 38 30 21
516 2460 79 36 juni
616 2459 86 34 1933,
724 2469 41 20 nr
785 2458 67 35 352,
873 2456 165 32 anmälde
1058 2455 201 36 riksdagen,
1281 2454 110 31 under
1411 2455 192 35 åberopan-

106 2535 108 30 Bihang
235 2533 42 25 till
299 2533 164 30 riksdagens
484 2529 144 34 protokoll
654 2529 73 25 1934.
770 2532 14 20 6
804 2530 80 23 saml.
924 2530 38 22 Nr
983 2530 41 21 32.
1554 2518 9 40 II
