1922 2864
519 188 122 31 Andra
658 187 253 38 lagutskottets
928 187 185 33 utlåtande
1131 185 53 34 Nr
1203 186 52 31 33.
1554 185 37 30 15

134 274 65 31 den
225 285 24 20 s.
276 275 31 30 k.
333 274 382 31 norrlandsmotionens
740 283 43 20 av
808 274 39 29 år
872 273 81 30 1901
980 272 213 35 motivering
1219 271 213 31 beträffande
1457 271 179 36 ägostyck-

134 326 392 37 ningslagstiftningen.
573 326 64 30 Det
673 325 131 35 drama,
835 334 70 21 som
935 324 61 31 där
1021 324 161 36 skildras,
1207 324 153 36 utspelas
1387 323 213 31 fortfarande
1627 323 7 30 i

135 378 55 31 det
216 380 93 35 tysta
344 389 72 19 mer
440 378 84 30 eller
555 378 134 31 mindre
715 377 8 30 i
751 377 55 30 det
830 376 124 35 övriga
980 376 127 36 landet,
1133 376 62 30 och
1220 378 87 28 även
1334 376 93 30 inom
1453 375 65 30 den
1543 385 93 21 norr

136 430 145 30 ländska
305 430 397 35 ägostyckningslagens
727 428 137 30 område
889 429 57 29 vet
964 428 116 35 ingen,
1098 428 67 30 hur
1183 427 274 36 tillämpningen
1475 428 162 34 mången

134 481 113 31 städes
270 482 89 34 sker,
385 491 120 20 varom
530 481 62 30 ock
617 480 65 30 den
707 479 210 31 omnämnda
941 479 222 35 skildringen
1189 479 79 30 från
1288 478 185 31 Jämtland
1491 479 147 30 varslar.

177 533 64 30 Det
266 533 198 30 hemställes
488 532 115 35 alltså,
628 533 52 29 att
705 530 188 36 riksdagen
919 531 106 30 måtte
1050 531 124 30 bifalla
1198 530 41 31 de
1264 530 9 30 i
1299 530 218 31 motionerna
1537 530 101 30 fram-

137 584 100 35 lagda
261 584 265 36 lagförslagen.>

1124 736 111 33 Bilaga
1254 735 46 27 till
1318 735 70 27 herr
1407 734 197 33 Lindhagens

1268 771 196 26 reservation.

136 858 137 40 Utdrag
294 868 44 22 ur
359 858 66 32 den
443 867 26 24 s.
486 858 34 32 k.
546 858 375 33 norrlandsmotionen
942 857 39 34 år
1004 857 79 33 1901
1103 859 15 31 i
1133 857 111 34 andra
1259 858 204 32 kammaren
1481 855 57 43 (nr
1554 855 84 41 142).

181 937 84 31 »Det
290 937 71 31 kan
386 947 49 22 nu
461 947 107 27 synas
593 948 44 21 av
663 937 85 31 flera
771 937 78 32 skäl
875 947 87 21 vara
985 947 46 22 av
1071 937 149 31 intresse
1245 937 54 30 för
1323 935 314 37 sågverksägaren,

138 982 53 29 att
216 981 57 30 det
297 981 56 30 för
377 980 388 36 skogsbruksändamål
788 980 148 37 inköpta
959 981 201 31 hemmanet
1183 980 33 36 ej
1240 979 152 31 bevarar
1416 979 219 31 karaktären

138 1034 45 21 av
208 1024 376 36 jordbruksfastighet.
627 1024 133 31 Därför
784 1024 127 32 hördes
936 1024 109 35 tidigt
1070 1024 88 31 talet
1181 1034 56 20 om
1261 1022 304 36 angelägenheten
1590 1031 45 21 av

138 1070 54 29 att
218 1067 257 36 »skogsägaren
500 1067 99 37 finge
622 1070 94 33 ägna
739 1068 57 35 sig
817 1067 226 32 uteslutande
1067 1069 38 30 åt
1128 1067 243 35 skogsvården
1394 1068 89 29 utan
1505 1068 54 29 att
1582 1065 53 31 be-

139 1114 125 29 sväras
287 1123 45 21 av
354 1112 89 37 jord,
465 1122 74 21 som
562 1112 70 31 han
656 1112 57 31 för
734 1112 174 31 drivande
929 1122 46 21 av
998 1111 55 31 sin
1075 1111 157 32 industri
1254 1111 76 31 icke
1353 1110 185 31 behöver».
1560 1108 76 32 När

139 1155 109 32 sedan
273 1155 189 37 opinionen
487 1155 66 32 allt
577 1165 74 22 mer
675 1156 108 31 växte
808 1157 72 29 mot
904 1155 168 36 bolagens
1096 1155 264 36 hemmansköp,
1385 1155 40 30 så
1449 1164 86 21 voro
1559 1154 76 33 såg-

140 1200 301 35 verksnäringens
470 1200 285 36 representanter
785 1201 38 30 så
851 1200 141 36 mycket
1022 1198 168 37 villigare
1218 1200 54 30 att
1300 1199 115 30 såsom
1443 1196 194 32 botemedel

140 1243 161 32 häremot
327 1244 126 31 anvisa
478 1244 68 31 den
568 1246 158 33 utvägen
750 1244 54 30 att
833 1243 28 30 »i
886 1242 162 36 rättsligt
1072 1242 200 32 hänseende
1297 1241 108 37 skilja
1430 1240 206 37 jordbruks-

142 1287 218 35 fastigheten
391 1288 82 30 från
506 1286 298 37 skogsområdet».
855 1286 181 32 Ordandet
1067 1296 57 21 om
1154 1285 289 32 önskvärdheten
1474 1285 56 31 för
1561 1285 76 34 såg-

141 1331 241 35 verksägaren
401 1332 55 30 att
476 1333 86 33 göra
582 1330 56 36 sig
656 1340 46 21 av
723 1329 79 32 med
822 1329 234 37 inägojorden
1075 1329 161 37 utbyttes
1256 1329 45 31 då
1320 1329 106 31 också
1445 1329 101 31 snart
1566 1328 72 30 mot

141 1374 281 31 framhållandet
445 1384 47 21 av
516 1374 67 31 den
608 1375 96 30 stora
730 1373 214 36 ömsesidiga
968 1373 160 31 fördelen
1152 1383 46 20 av
1223 1382 43 21 en
1289 1372 113 31 sådan
1425 1370 213 36 anordning.

142 1418 113 31 Förut
272 1418 90 32 hade
380 1428 83 21 man
481 1419 98 36 trott,
597 1418 55 31 att
667 1417 94 32 båda
779 1416 223 36 näringarna
1018 1416 108 32 borde
1145 1416 169 31 förenade
1333 1417 45 34 gå
1395 1415 98 32 hand
1511 1415 12 30 i
1541 1414 97 32 hand

140 1463 65 30 och
229 1462 196 31 konflikter
451 1461 216 37 förebyggas
692 1470 126 27 genom
842 1461 54 30 att
920 1460 228 31 underordna
1173 1460 235 35 skogsbruket
1432 1459 114 31 under
1571 1458 67 31 den

142 1506 109 35 högre
274 1505 179 37 kulturen,
477 1505 219 37 jordbruket.
740 1504 58 32 Nu
821 1504 124 32 trodde
968 1514 83 21 man
1076 1503 56 36 sig
1155 1503 12 31 i
1191 1503 149 32 fordran
1362 1504 47 35 på
1432 1502 207 32 skilsmässa

142 1550 94 31 hava
266 1549 121 32 funnit
417 1550 67 31 den
512 1548 223 37 trollformel,
764 1558 75 22 som
866 1548 106 32 borde
1000 1548 75 31 lösa
1103 1547 73 32 alla
1205 1548 112 35 gåtor.
1368 1546 73 32 Och
1470 1546 169 35 samtliga

143 1593 249 37 myndigheter
419 1603 106 27 grepo
552 1595 124 33 genast
703 1592 79 32 med
806 1591 224 37 begärlighet
1056 1591 91 32 efter
1174 1591 58 32 det
1259 1590 152 33 sålunda
1438 1590 202 32 utsträckta

143 1637 220 32 halmstrået.

183 1681 122 32 Under
330 1681 181 37 intrycket
535 1691 46 21 av
607 1679 115 32 denna
746 1679 183 36 stämning
954 1678 147 37 började
1125 1679 64 31 ock
1213 1678 106 32 höras
1345 1688 72 27 nya
1442 1677 197 36 meningar,

142 1736 74 21 som
242 1735 85 21 voro
352 1724 224 36 oumbärliga
603 1724 56 30 för
685 1723 58 32 det
768 1722 169 37 plötsliga
961 1722 173 36 omslaget
1161 1722 82 31 från
1270 1721 119 37 gamla
1415 1721 223 32 traditioner.

143 1769 124 31 Redan
292 1772 40 28 är
358 1767 217 38 framhållet,
600 1766 94 32 huru
719 1777 74 21 som
818 1767 57 31 det
900 1767 118 34 någon
1044 1767 97 35 gång
1164 1765 154 37 anföres,
1342 1767 55 29 att
1421 1764 218 36 bolagshem-

144 1823 146 22 manens
318 1812 221 37 ouppodlade
567 1812 101 31 mark
697 1821 71 25 nog
795 1810 91 32 skall
914 1810 105 31 också
1047 1809 126 36 läggas
1201 1809 113 32 under
1343 1809 101 38 bruk,
1472 1809 40 31 så
1539 1810 100 30 snart

144 1857 97 31 detta
268 1857 96 31 »med
390 1855 133 32 fördel»
551 1855 72 31 kan
647 1854 69 32 ske.
759 1854 133 32 Vidare
917 1855 101 34 säges
1043 1852 134 38 ibland,
1201 1854 55 30 att
1281 1852 113 36 enligt
1420 1862 144 21 vunnen
1589 1862 50 21 er-

145 1901 164 31 farenhet
335 1900 209 37 jordbruket
571 1898 186 36 verkligen
782 1897 33 37 ej
843 1897 151 31 behöver
1019 1896 142 37 skogen,
1187 1896 47 37 ja,
1261 1896 56 31 till
1343 1896 64 31 och
1433 1896 80 32 med
1539 1897 100 34 tager

143 1945 112 31 skada
276 1955 46 21 av
341 1945 55 30 att
416 1953 89 22 vara
526 1942 149 32 förenad
696 1941 157 32 därmed.
891 1941 63 31 Ett
975 1941 129 31 sådant
1125 1940 226 31 förhållande
1371 1949 86 22 vore
1476 1939 40 37 ju
1535 1940 105 35 högst

145 1988 193 36 glädjande
364 1988 64 31 och
455 1987 106 31 borde
587 1986 126 31 endast
739 1985 185 31 föranleda
952 1984 56 31 till
1033 1986 55 30 att
1115 1986 86 34 göra
1228 1985 40 30 så
1293 1984 141 36 mycket
1459 1993 98 21 mera
1584 1984 56 30 för

144 2032 228 37 jordbrukets
398 2030 209 36 utveckling
634 2030 11 30 i
672 2028 190 33 Norrland.
906 2028 82 32 Men
1014 2029 53 30 att
1095 2028 83 31 från
1204 2037 44 22 en
1275 2027 101 37 dylik
1403 2026 237 37 uppfattning

144 2076 96 31 sluta
263 2075 57 31 till
342 2076 55 30 att
420 2074 51 32 all
492 2074 157 30 kronans
674 2072 278 36 donationsskog
974 2071 79 32 med
1077 2071 80 31 däri
1181 2070 205 32 inneslutna
1410 2070 229 37 uppodlings-

145 2119 227 37 möjligheter
417 2119 88 30 böra
531 2118 133 35 övergå
708 2116 57 31 till
792 2115 295 36 bolagsegendom
1113 2117 41 28 är
1182 2114 40 37 ju
1248 2116 51 30 ett
1327 2115 134 36 språng
1488 2114 13 31 i
1528 2114 111 32 bevis-

144 2164 134 36 ningen
299 2163 66 31 och
387 2173 45 21 en
455 2161 262 32 inkonsekvens
740 2160 12 31 i
775 2159 276 36 tillämpningen
1075 2168 46 22 av
1145 2158 196 37 principen.
1384 2158 68 32 Det
1476 2158 73 32 kan
1571 2167 69 27 nog

145 2208 119 31 hända
291 2208 55 30 att
374 2206 11 31 i
413 2205 157 37 gammal
595 2204 107 38 bygd,
730 2203 154 31 särdeles
912 2202 12 31 i
951 2203 174 31 närheten
1152 2212 46 22 av
1225 2202 137 36 kusten,
1391 2201 209 37 jordbruket
1628 2201 12 31 i

145 2252 96 30 vissa
261 2251 66 31 fall
346 2251 71 30 kan
449 2250 138 31 ensamt
608 2248 84 32 föda
712 2247 55 32 sin
787 2257 93 21 man.
919 2246 107 32 Detta
1046 2246 102 31 beror
1170 2246 45 31 då
1234 2246 56 36 på,
1310 2246 55 31 att
1384 2245 119 37 själva
1521 2245 118 31 kultu-

145 2305 62 22 ren
233 2295 12 30 i
271 2295 136 31 sådana
433 2294 138 31 trakter
597 2294 41 29 är
663 2301 98 21 mera
788 2290 210 37 uppdriven,
1025 2291 54 30 att
1105 2289 165 32 klimatet
1296 2291 40 29 är
1363 2298 277 28 gynnsammare

145 2341 91 29 samt
260 2340 54 30 att
336 2347 43 22 en
403 2338 116 31 tätare
542 2335 210 35 befolkning
774 2335 64 31 och
863 2333 91 36 goda
977 2332 350 33 kommunikationer
1350 2332 207 33 underlätta
1580 2342 59 22 av-

145 2383 207 36 sättningen
378 2382 64 31 oeh
470 2381 67 31 öka
564 2378 444 36 utkomstmöjligheterna.
1057 2377 17 31 I
1102 2377 118 36 själva
1246 2377 301 36 skogsbygderna,
1575 2376 65 32 där

145 2437 84 21 man
253 2430 97 28 ännu
373 2426 34 36 ej
431 2424 148 32 kommit
604 2424 64 30 och
691 2422 134 32 kanske
848 2421 121 36 aldrig
990 2421 72 31 kan
1086 2420 141 31 komma
1250 2421 39 31 så
1312 2420 103 36 långt
1439 2420 12 30 i
1476 2430 85 22 vare
1585 2420 56 35 sig

145 2471 59 31 det
227 2481 66 21 ena
315 2469 85 32 eller
425 2468 113 32 andra
562 2466 199 36 avseendet,
786 2465 112 36 gäller
921 2474 71 27 nog
1015 2463 237 37 fortfarande,
1274 2465 54 30 att
1352 2463 210 37 jordbruket
1585 2464 54 31 be-

145 2515 109 30 höver
277 2515 51 30 ett
351 2513 78 32 stöd
454 2512 12 31 i
490 2512 141 35 skogen.
675 2508 100 33 Även
799 2509 65 31 här
887 2509 71 30 kan
983 2508 58 31 det
1065 2507 210 36 visserligen
1301 2507 160 37 inträffa,
1484 2509 53 30 att
1563 2507 76 36 den,

1693 936 138 37 Ägostyck-

1683 978 164 31 ningslugen.

1663 1013 61 23 Dess
1747 1014 116 24 historia.
