1916 2854
346 168 40 30 12
678 169 128 33 Andra
824 171 253 37 lagutskottets
1094 173 189 33 utlåtande
1301 175 52 32 Nr
1375 176 52 31 33.

343 246 217 32 Beträffande
576 248 217 36 uppgifterna
809 249 52 30 för
876 249 236 37 Kopparbergs
1124 252 57 30 län
1191 253 188 36 anmärkes,
1391 256 49 29 att
1453 256 120 30 utöver
1585 255 38 31 de
1635 256 13 30 i
1660 257 146 32 tabellen

299 291 160 35 angivna,
483 290 55 31 till
561 292 186 35 respektive
771 292 40 30 12
836 293 60 30 och
920 293 39 30 85
984 295 195 35 uppgående
1202 296 106 31 fallen
1330 298 162 31 avseende
1509 299 197 36 bolagsjord,
1723 301 84 31 före-

299 333 145 31 kommit
472 333 106 31 under
611 334 39 31 de
678 335 262 36 ifrågavarande
963 338 59 29 två
1045 339 79 30 åren
1147 339 195 36 ytterligare
1365 342 186 34 respektive
1575 342 18 31 9
1617 343 60 30 och
1701 344 19 30 7
1744 345 63 31 fall

299 387 44 19 av
366 377 295 37 ägostyckningar,
686 379 94 30 vilka
804 380 154 31 omfattat
981 382 95 30 såväl
1100 382 116 36 bolags
1239 393 72 21 som
1333 384 168 32 enskildas
1524 386 84 36 jord.

343 437 74 30 Den
451 447 43 21 av
529 439 160 31 utskottet
724 440 144 31 sålunda
902 441 186 36 tillstyrkta
1116 444 228 34 provisoriska
1368 446 279 37 utsträckningen
1671 457 43 20 av
1739 449 67 30 till-

299 489 369 36 lämplighetsområdet
702 491 54 31 för
790 491 38 31 de
864 493 222 32 norrländska
1108 496 276 36 ägostycknings-
1407 497 61 31 och
1492 498 314 38 Jordavsöndrings-

298 541 140 35 lagarna
461 542 63 30 har
547 544 36 29 så
606 543 53 31 till
685 544 81 30 vida
789 545 53 30 sin
866 546 245 36 motsvarighet
1134 548 12 30 i
1170 548 67 30 vad
1261 558 70 21 som
1354 550 20 30 å
1397 550 53 30 sin
1475 550 49 31 tid
1548 552 118 31 skedde
1682 552 123 31 beträf-

298 593 98 31 fande
420 594 208 32 tillkomsten
651 606 44 20 av
719 597 150 31 nämnda
892 599 329 36 ägostyckningslag,
1246 602 49 29 att
1318 601 108 31 denna
1451 602 166 36 föregicks
1639 614 44 21 av
1706 615 42 20 en
1765 606 40 29 år

298 645 85 30 1903
408 647 145 35 antagen
576 648 207 34 provisorisk
808 649 103 31 sådan
934 650 66 35 lag.

341 698 49 31 De
414 698 52 31 för
488 699 192 32 ändamålet
700 701 218 36 erforderliga
934 702 352 36 lagbestämmelserna
1302 715 98 27 synas
1415 707 184 36 lämpligen
1616 708 80 31 böra
1712 710 12 29 i
1742 709 62 30 lik-

297 750 56 31 het
376 751 75 31 med
475 751 66 31 vad
565 762 70 20 som
660 753 119 31 skedde
804 754 60 30 vid
887 756 236 30 motsvarande
1147 758 238 35 utsträckning
1409 768 42 20 av
1475 759 157 36 lagarnas
1655 757 148 45 tillämp-

297 803 259 35 lighetsområde
591 805 53 30 till
677 805 189 32 Värmland
889 808 38 29 år
951 808 95 35 1917,
1071 808 96 35 givas
1191 809 89 30 form
1303 820 44 20 av
1370 810 186 37 ändringar
1580 813 11 29 i
1616 814 187 34 respektive

297 856 194 34 paragrafer
515 866 43 20 av
582 857 38 30 de
643 858 12 29 i
678 859 116 29 ämnet
817 859 155 35 gällande
996 860 148 36 lagarna.

341 907 77 31 Med
442 909 73 30 stöd
539 919 44 20 av
607 910 66 30 vad
697 910 144 31 sålunda
864 912 130 30 anförts
1017 912 53 31 får
1093 913 163 31 utskottet
1280 914 186 37 hemställa,

739 988 41 40 A)
815 991 50 29 att
899 990 181 36 riksdagen
1115 992 41 34 på
1184 992 113 35 grund
1322 1003 43 20 av
1389 994 209 30 motionerna
1622 1004 41 21 nr
1687 995 114 31 I:100

696 1041 60 29 och
780 1041 128 31 II:181
934 1043 103 30 måtte
1061 1043 51 30 för
1135 1043 53 30 sin
1213 1043 53 31 del
1290 1046 122 34 antaga
1437 1046 151 36 följande

296 1143 32 35 1)
352 1141 72 41 Lag
447 1151 57 23 om
529 1142 131 32 ändrad
684 1143 136 40 lydelse
844 1153 41 24 av
911 1145 16 30 1
951 1145 19 41 $
993 1146 13 31 i
1030 1146 103 41 lagen
1158 1147 67 32 den
1250 1148 42 31 25
1313 1147 82 42 juni
1420 1148 85 32 1909
1529 1158 56 23 om
1606 1150 194 32 inskränk-

644 1195 90 40 ning
757 1196 13 30 i
794 1197 120 31 rätten
938 1198 54 31 att
1016 1198 139 32 erhålla
1177 1200 273 41 ägostyckning.

340 1264 209 35 Härigenom
577 1265 186 37 förordnas,
787 1268 49 29 att
862 1268 16 29 1
903 1268 17 37 $
943 1268 12 29 i
979 1268 99 36 lagen
1102 1269 65 30 den
1191 1270 40 29 25
1256 1270 77 36 juni
1358 1271 82 30 1909
1465 1282 55 19 om
1545 1272 255 36 inskränkning

294 1316 12 29 i
331 1317 111 29 rätten
465 1318 51 29 att
538 1317 129 31 erhålla
690 1319 249 36 ägostyckning
962 1320 88 30 skall
1074 1321 127 31 erhålla
1225 1322 151 36 följande
1398 1323 149 31 ändrade
1571 1324 139 36 lydelse:

339 1368 16 30 I
393 1368 223 37 Stockholms,
651 1370 159 37 Uppsala,
845 1371 217 37 Värmlands,
1097 1371 134 39 Örebro,
1267 1374 276 38 Västmanlands,
1578 1376 221 42 Gävleborgs,

294 1420 313 37 Västernorrlands,
631 1422 206 37 Jämtlands,
861 1423 253 32 Västerbottens
1130 1426 60 30 och
1207 1426 222 31 Norrbottens
1446 1428 58 29 län
1521 1429 86 29 samt
1623 1429 12 29 i
1651 1429 38 30 de
1704 1429 96 31 delar

293 1483 45 19 av
372 1472 240 38 Kopparbergs
645 1474 69 36 län,
749 1485 73 20 som
847 1476 72 30 icke
942 1476 103 31 blivit
1068 1478 43 34 på
1134 1477 185 32 bekostnad
1344 1479 82 30 eller
1449 1479 76 31 med
1549 1480 182 32 understöd
1755 1491 43 21 av

293 1526 111 29 staten
428 1525 227 37 storskiftade,
679 1528 57 29 må
760 1527 29 36 ej
815 1528 247 36 ägostyckning
1086 1530 56 30 ske
1166 1530 81 30 eller
1271 1531 226 31 förordnande
1521 1532 53 30 för
1596 1533 203 31 lantmätare

293 1578 50 29 att
377 1578 184 30 verkställa
596 1579 248 36 ägostyckning
879 1580 179 37 meddelas,
1093 1582 76 30 med
1204 1582 135 31 mindre
1374 1583 155 31 tillstånd
1546 1584 54 31 till
1623 1586 176 35 ägostyck-

294 1629 127 36 ningen
446 1630 147 30 lämnats
616 1632 42 34 på
681 1633 67 28 sätt
772 1632 110 30 nedan
906 1634 85 34 sägs.

336 1742 119 30 Denna
479 1743 55 35 lag
559 1743 112 31 träder
697 1744 10 29 i
731 1744 92 30 kraft
846 1744 108 36 dagen
977 1745 87 31 efter
1086 1745 73 36 den,
1183 1746 43 31 då
1251 1747 109 37 lagen,
1384 1749 107 35 enligt
1515 1749 83 31 därå
1622 1750 174 32 meddelad

293 1794 145 36 uppgift,
464 1795 77 29 från
565 1796 131 35 trycket
720 1796 184 31 utkommit
927 1797 12 29 i
963 1797 132 30 Svensk
1120 1798 388 39 författningssamling;
1528 1802 84 31 dock
1628 1803 86 30 skall
1731 1803 66 31 den

292 1846 30 35 ej
347 1848 66 33 äga
436 1846 221 36 tillämpning
681 1847 74 31 med
772 1848 163 31 avseende
954 1850 20 29 å
990 1850 258 37 ägostyckning,
1265 1862 72 20 som
1352 1853 235 32 dessförinnan
1603 1855 102 31 blivit
1722 1856 74 30 sökt

292 1899 82 29 eller
398 1908 72 21 som
494 1899 95 30 sökes
613 1901 41 33 på
678 1899 113 36 grund
816 1910 44 20 av
883 1901 224 36 avhandling,
1132 1904 181 34 upprättad
1337 1905 70 30 före
1430 1906 151 31 nämnda
1604 1903 73 44 dag.

293 2046 30 36 2)
347 2044 73 40 Lag
455 2053 57 23 om
540 2045 132 31 ändrad
697 2046 134 39 lydelse
855 2056 41 22 av
920 2047 42 32 20
984 2048 18 41 $
1027 2047 15 31 1
1069 2057 105 23 mom.
1198 2050 67 31 och
1288 2050 43 31 22
1354 2051 18 41 $
1395 2052 13 30 i
1431 2052 102 40 lagen
1560 2052 65 32 den
1648 2053 40 31 27
1710 2053 86 42 juni

414 2095 83 33 1896
521 2105 56 23 om
602 2097 369 42 hemmansklyvning,
995 2102 262 40 ägostyckning
1281 2102 66 32 och
1366 2103 311 43 jordavsöndring.

335 2167 211 35 Härigenom
571 2167 187 37 förordnas,
782 2170 49 29 att
856 2170 39 29 20
919 2170 17 37 $
960 2171 17 29 1
1004 2181 99 20 mom.
1128 2171 60 30 och
1214 2173 40 29 22
1278 2173 18 37 $
1320 2173 11 30 i
1355 2173 96 35 lagen
1475 2174 63 31 den
1559 2176 40 30 27
1615 2176 76 35 juni
1709 2177 84 30 1896

292 2229 53 20 om
381 2219 357 36 hemmansklyvning,
773 2222 247 36 ägostyckning
1055 2223 61 31 och
1150 2224 285 38 jordavsöndring
1465 2227 94 30 skola
1583 2228 127 31 erhålla
1735 2229 60 30 föl-

291 2271 102 35 jande
416 2271 149 31 ändrade
589 2272 137 35 lydelse:

998 2354 39 29 20
1062 2355 26 36 $.

337 2420 16 28 1
381 2428 101 21 mom.
531 2416 111 38 Ägare
665 2429 43 20 av
733 2420 169 37 hemman,
928 2422 107 31 vilket
1051 2423 54 30 får
1121 2424 132 36 klyvas,
1271 2424 87 31 have
1376 2427 66 29 rätt
1458 2428 48 28 att
1524 2436 43 20 av
1585 2427 208 31 hemmanets

290 2471 163 34 ägovälde
487 2471 51 30 för
572 2471 96 31 alltid
703 2473 169 30 avsöndra
908 2474 53 30 till
997 2475 61 30 och
1083 2476 74 30 med
1189 2486 41 21 en
1255 2477 157 31 femtedel
1436 2488 42 19 av
1502 2479 190 34 ägovidden
1717 2480 10 29 i
1751 2489 42 21 en
