1852 2792
473 197 381 26 Konstitutionsutskottets
870 199 131 25 utlåtade
1017 207 35 17 nr
1067 201 29 23 11
1114 200 33 24 år
1162 201 67 24 19359
1582 201 19 29 3

106 283 131 33 sådana
262 286 157 36 problem
444 288 146 29 nämnes
616 288 217 36 spörsmålen
858 298 57 21 om
942 290 232 37 ansvarighet,
1199 291 192 35 valbarhet,
1416 290 71 37 jäv,
1514 292 84 29 revi-

106 338 87 36 sion,
213 338 125 31 besvär
358 340 66 30 och
444 340 228 38 handlingars
694 341 234 38 offentlighet.

150 391 130 31 Genom
305 393 41 30 de
370 392 147 32 sålunda
541 394 162 31 lämnade
726 395 403 38 utredningsdirektiven
1153 397 65 30 har
1243 397 239 31 motionernas
1507 398 91 37 syfte

104 445 244 37 tillgodosetts.
370 446 177 31 Utskottet
566 447 203 32 hemställer
790 449 121 30 därför

470 502 51 28 att
538 502 219 30 motionerna
775 502 76 30 1:99
870 504 65 29 och
953 503 114 30 11:138
1087 504 75 30 icke
1179 504 109 31 måtte
1306 505 52 30 till
1377 505 114 38 någon
1511 505 88 30 riks-

427 555 129 37 dagens
583 555 121 38 åtgärd
731 556 194 31 föranleda.

149 659 203 31 Stockholm
373 661 65 30 den
461 662 37 29 12
518 671 94 22 mars
635 663 82 30 1959

508 769 48 30 På
574 769 446 33 konstitutionsutskottets
1039 773 146 36 vägnar:

661 877 145 30 BENGT
825 877 214 30 ELMGREN

723 1152 243 31 Närvarande:

148 1229 79 31 från
256 1230 168 32 första
453 1231 221 31 kammaren:
704 1233 123 30 herrar
857 1233 174 38 Elmgren,
1062 1235 211 35 Damström,
1305 1235 113 35 Ollén,
1448 1235 148 31 Torsten

101 1283 214 35 Andersson,
335 1284 118 36 Olsén,
474 1284 245 39 Sveningsson,
739 1287 225 35 Lundström,
985 1287 82 30 Erik
1088 1288 139 36 Olsson,
1247 1288 171 30 Nils-Eric
1438 1288 158 31 Gustafs-

103 1340 84 27 son+
210 1338 64 29 och
296 1338 162 37 Aspling;
482 1340 91 28 samt

148 1390 79 30 från
251 1400 55 21 an
357 1401 49 21 dra
429 1392 221 30 kammaren:
677 1393 123 30 herrar
824 1394 200 30 Pettersson
1049 1396 11 29 i
1083 1395 207 37 Norregård,
1314 1395 127 36 Norén,
1466 1396 129 37 Spång-

101 1443 93 37 berg,
217 1444 214 37 Magnusson
453 1446 11 29 i
486 1445 180 37 Tumhult,
687 1446 154 30 Jonsson
864 1448 9 29 i
896 1448 146 35 Haverö,
1066 1448 101 34 Bark,
1190 1448 180 37 Hammar,
1394 1449 200 30 Andersson

101 1498 10 28 i
133 1497 229 38 Linköping,
383 1498 267 37 Svenungsson+
671 1500 65 29 och
755 1500 158 30 Hamrin.

136 1568 13 12 +
169 1568 35 28 Ej
220 1569 182 23 närvarande
417 1569 48 24 vid
479 1569 191 29 justeringen.
