1882 2840
484 170 120 30 Första
630 170 238 37 lagutskottets
895 171 175 31 utlåtande
1095 172 49 30 Nr
1169 173 48 30 60.
1589 169 17 28 3

103 262 71 26 son,
200 253 130 30 vilkens
357 255 226 29 utlämnande
607 255 145 36 begärts,
774 256 64 29 och
863 256 173 30 förklarar
1060 257 69 29 han
1155 257 49 38 sig
1228 257 30 36 ej
1287 257 45 29 ha
1354 257 103 38 något
1484 260 49 28 att
1557 257 48 30 in-

102 303 112 30 vända
237 306 70 27 mot
328 303 98 31 bifall
449 304 50 29 till
522 304 299 36 framställningen
843 315 57 20 om
923 305 87 31 hans
1034 307 235 34 utlämnande,
1292 307 105 30 fattas
1419 308 111 30 beslut
1548 316 58 21 an-

100 351 131 37 gående
255 352 300 39 framställningen
579 363 42 21 av
646 353 121 37 Kungl.
795 354 131 37 Maj:t
915 347 18 48 i
954 355 190 31 statsrådet.
1192 356 151 30 Lämnar
1367 357 66 30 den
1457 357 150 30 häktade

101 403 31 37 ej
153 402 122 31 sådant
291 404 228 36 medgivande
539 405 65 29 och
627 403 107 31 sådan
755 404 192 37 förklaring
964 415 74 20 som
1059 416 46 20 nu
1128 409 101 35 sagts,
1252 407 86 29 skall
1360 407 141 30 ärendet
1522 407 83 30 hän-

102 451 132 37 skjutas
265 453 50 29 till
347 453 159 30 domstol.
561 454 95 30 Efter
688 455 237 36 rannsakning
955 456 57 29 vid
1043 454 200 32 rådhusrätt
1272 455 180 37 angående
1484 456 122 38 frågan

102 502 171 31 huruvida
289 502 220 32 förhållande
531 504 190 36 föreligger,
742 513 73 22 som
836 505 104 36 enligt
961 506 85 29 2—9
1067 505 40 38 88
1128 506 10 30 i
1158 507 98 35 lagen
1278 508 99 36 utgör
1397 507 122 30 hinder
1536 510 71 27 mot

102 552 201 39 utlämning,
330 554 126 34 prövas
484 553 112 31 denna
622 553 98 39 fråga
741 563 42 20 av
808 555 122 36 högsta
957 556 204 29 domstolen.
1211 556 312 37 Framställningen
1549 567 58 20 om

101 602 193 38 utlämning
314 603 192 31 behandlas
529 604 149 30 därefter
699 614 42 20 av
764 605 122 38 Kungl.
910 604 69 37 Maj:t
1024 606 14 30 i
1061 605 190 37 statsrådet,
1277 607 121 30 därvid
1421 607 185 31 framställ-

103 652 123 36 ningen
244 652 30 38 ej
295 652 56 31 må
370 653 139 31 bifallas
528 664 56 20 om
601 655 122 37 högsta
744 655 193 30 domstolen
952 655 170 32 förklarat
1140 656 123 31 hinder
1280 658 95 29 möta
1396 660 71 27 mot
1483 658 122 29 utläm-

102 702 134 37 ningen.

144 752 115 37 Lagen
284 753 121 31 trädde
434 754 9 29 i
469 754 93 31 kraft
585 754 67 30 den
682 755 13 29 1
718 753 64 37 juli
812 755 94 30 1913.
955 755 13 30 I
996 754 495 37 övergångsbestämmelserna
1519 757 86 29 före-

101 802 129 30 skrives
250 803 198 36 emellertid,
469 806 49 27 att
538 804 113 30 därest
667 805 105 35 enligt
791 805 240 30 bestämmelse
1051 805 8 30 i
1075 806 138 35 traktat,
1234 816 73 20 som
1328 805 45 31 då
1392 816 61 20 var
1472 807 9 29 i
1502 807 103 35 kraft,

101 852 194 39 skyldighet
319 852 48 30 till
391 854 194 36 utlämning
612 855 151 35 stadgats
790 855 9 29 i
824 854 62 30 fall
914 854 45 31 då
979 855 123 30 hinder
1126 856 104 36 enligt
1255 857 98 35 lagen
1378 858 119 34 möter,
1525 857 81 30 eller

99 911 56 21 om
175 902 95 37 eljest
289 903 240 31 bestämmelse
548 904 11 30 i
580 903 108 32 sådan
708 904 127 30 traktat
857 904 69 31 står
945 905 10 30 i
975 905 84 30 strid
1076 908 71 27 mot
1167 907 66 29 vad
1252 906 10 29 i
1283 906 99 36 lagen
1402 907 38 29 är
1460 907 140 36 stadgat,

100 953 87 29 skall
208 954 65 29 den
293 954 241 30 bestämmelse
556 954 103 30 lända
677 955 49 30 till
750 954 235 31 efterrättelse.

143 1051 183 39 Angående
358 1053 199 39 ömsesidigt
586 1054 226 31 utlämnande
841 1065 42 20 av
913 1056 195 36 förbrytare
1137 1066 44 20 m.
1213 1066 43 20 m.
1287 1057 45 29 ha
1355 1057 251 29 konventioner

100 1102 164 30 avslutats
286 1104 77 29 med
387 1106 46 27 ett
455 1103 113 30 flertal
589 1103 220 32 främmande
831 1105 145 30 makter.
1021 1106 72 30 Här
1114 1105 57 31 må
1189 1107 145 29 nämnas
1358 1107 248 30 konventioner

101 1153 77 29 med
203 1152 178 31 Danmark
409 1153 93 34 1913,
532 1154 109 38 Norge
664 1155 92 35 1907,
783 1154 105 31 Polen
915 1155 93 35 1930,
1032 1155 180 31 Amerikas
1232 1156 135 30 förenta
1393 1159 104 28 stater
1523 1157 82 30 1893

101 1202 77 30 med
201 1202 117 39 tillägg
345 1204 94 34 1934,
465 1203 137 36 Belgien
629 1205 83 29 1870
740 1205 64 29 och
833 1206 93 34 1877,
949 1205 192 31 Frankrike
1168 1207 82 29 1869
1276 1207 78 29 med
1379 1207 118 36 tillägg
1523 1207 82 30 1910

100 1251 64 30 och
187 1252 93 36 1912,
299 1252 150 31 Finland
469 1254 93 35 1923,
582 1254 121 30 Italien
724 1255 82 30 1866
826 1255 65 30 och
912 1256 94 35 1878,
1026 1256 280 30 Nederländerna
1328 1257 94 35 1895,
1444 1256 162 36 Portugal

103 1303 92 36 1863,
217 1303 150 36 Spanien
392 1304 93 35 1885,
510 1304 275 31 Storbritannien
806 1306 66 30 och
895 1306 117 30 Irland
1036 1307 83 29 1873
1141 1307 80 30 med
1242 1307 115 36 tillägg
1382 1307 94 36 1907,
1500 1308 106 35 Tysk-

101 1353 82 30 land
215 1355 93 35 1878,
338 1349 176 36 Österrike
547 1356 93 35 1930,
672 1356 159 30 Lettland
865 1357 83 30 1930
978 1360 90 27 samt
1096 1356 309 37 Tjeckoslovakien
1439 1359 93 29 1931.

143 1404 121 31 Såsom
284 1405 154 37 framgår
455 1415 42 21 av
517 1406 116 36 lagens
655 1406 449 37 övergångsbestämmelser
1125 1410 64 37 äga
1210 1410 43 29 de
1274 1418 42 20 av
1334 1410 99 29 dessa
1454 1410 151 29 konven-

99 1455 119 35 tioner,
236 1465 73 20 som
326 1456 201 30 tillkommit
544 1457 72 29 före
634 1457 65 30 den
718 1458 13 28 1
752 1456 63 37 juli
831 1458 93 34 1913,
941 1458 154 35 giltighet
1112 1460 85 28 även
1214 1459 9 29 i
1240 1459 65 30 den
1323 1458 81 31 mån
1420 1459 42 29 de
1481 1460 124 29 avvika

100 1504 77 30 från
204 1506 306 29 bestämmelserna
536 1507 8 28 i
566 1506 109 37 lagen.
725 1507 13 29 I
766 1507 66 30 den
858 1507 117 38 kungl.
1003 1507 223 36 proposition,
1252 1516 124 30 genom
1397 1509 114 29 vilken
1537 1509 67 30 för-

99 1555 72 36 slag
202 1555 50 30 till
283 1556 96 35 lagen
412 1556 170 30 förelades
616 1557 83 29 1913
728 1556 55 30 års
813 1557 150 36 riksdag,
994 1558 145 29 anförde
1165 1557 252 38 föredragande
1451 1559 153 36 departe-

101 1604 235 31 mentschefen
369 1605 223 31 beträffande
624 1605 498 37 övergångsbestämmelserna
1154 1608 106 30 bland
1294 1611 107 27 annat
1434 1608 168 36 följande:

143 1652 119 31 Såsom
283 1654 107 30 redan
410 1655 10 29 i
441 1655 56 29 det
517 1654 207 37 föregående
745 1658 128 33 antytts
889 1655 53 31 stå
961 1656 9 30 i
992 1656 172 36 åtskilliga
1183 1657 221 30 hänseenden
1424 1657 180 36 förslagets

97 1695 258 31 bestämmelser
373 1696 8 30 i
399 1697 85 30 strid
499 1698 78 29 med
595 1707 47 20 nu
657 1697 184 31 bestående
856 1699 176 30 traktater.
1074 1698 151 31 Sålunda
1241 1701 37 28 är
1294 1702 49 28 att
1360 1700 122 30 märka
1499 1701 103 29 bland

98 1741 116 32 annat,
242 1741 48 27 att
317 1739 9 29 i
352 1739 91 30 vissa
469 1740 167 29 traktater
662 1741 194 35 utlämning
882 1741 173 36 medgives
1084 1741 55 30 för
1165 1742 101 35 brott,
1295 1742 89 30 dock
1411 1745 119 33 ytterst
1558 1742 45 34 få,

98 1789 74 20 som
195 1780 103 36 enligt
320 1781 19 29 4
363 1782 18 35 8
406 1781 75 30 icke
507 1782 110 29 skulle
642 1782 118 30 kunna
785 1782 181 31 föranleda
988 1784 204 35 utlämning,
1214 1802 45 3 —
1279 1802 44 3 —
1344 1803 45 2 —
1411 1788 89 26 samt
1523 1787 48 28 att
1595 1785 9 29 i

97 1822 189 31 allmänhet
312 1823 104 35 enligt
441 1824 213 30 traktaterna
679 1824 30 35 ej
735 1825 118 30 kunna
878 1825 57 29 vid
958 1826 211 35 utlämnings
1194 1825 197 36 beviljande
1413 1828 191 34 uppställas

98 1863 37 31 så
156 1866 137 34 stränga
314 1865 205 36 betingelser
539 1875 74 21 som
634 1867 41 29 de
698 1867 9 29 i
732 1868 35 28 11
794 1867 17 36 8
833 1870 189 33 upptagna.
1065 1868 75 30 Vad
1163 1868 137 30 särskilt
1321 1867 109 37 angår
1450 1869 154 35 reglerna

98 1907 147 29 rörande
267 1907 129 30 förbud
418 1910 72 27 mot
512 1909 194 35 utlämning
729 1908 54 30 för
805 1909 155 35 politiskt
984 1910 101 34 brott,
1107 1909 37 30 så
1165 1911 97 29 torde
1285 1920 42 19 av
1349 1911 56 29 det
1427 1910 176 36 föregåen-

94 1948 43 31 de
154 1948 145 37 framgå,
318 1952 49 28 att
384 1953 48 26 ett
449 1950 217 30 bedömande
685 1961 41 19 av
744 1951 173 30 huruvida
935 1952 238 35 avfattningen
1195 1962 41 20 av
1255 1952 181 36 förslagets
1455 1953 146 29 bestäm-

98 1991 121 29 melser
244 1991 9 29 i
276 1991 93 29 detta
392 1992 168 30 avseende
582 1992 93 35 giver
699 1992 161 30 förbudet
882 1996 73 26 mot
979 1993 194 35 utlämning
1196 2003 41 20 en
1264 1995 108 28 större
1395 1993 209 36 omfattning

97 2033 44 28 än
165 2033 54 29 det
243 2033 63 29 har
328 2033 104 35 enligt
454 2034 42 29 de
516 2034 268 35 bestämmelser,
806 2044 74 20 som
901 2035 123 29 härom
1047 2035 174 36 upptagits
1246 2036 9 29 i
1278 2036 224 34 traktaterna,
1524 2037 81 28 eller

96 2075 159 34 tvärtom,
277 2075 205 36 näppeligen
503 2075 83 30 låter
608 2076 49 35 sig
680 2077 213 29 verkställas.
938 2077 78 30 Med
1036 2078 135 34 hänsyn
1192 2078 115 29 härtill
1329 2078 177 29 förefaller
1527 2079 76 29 när-

98 2120 87 26 mast
215 2127 74 20 som
315 2118 108 29 borde
450 2118 115 35 lagens
592 2119 194 34 antagande
812 2119 181 30 föranleda
1021 2119 217 36 uppsägning
1265 2129 43 20 av
1336 2119 82 31 våra
1446 2120 157 35 samtliga

96 2159 176 29 traktater.
320 2159 64 30 Det
409 2161 37 28 är
472 2161 188 29 emellertid
684 2164 48 26 att
756 2162 123 29 märka
905 2164 58 32 att,
987 2171 57 19 om
1070 2163 44 28 än
1138 2162 206 35 principiellt
1368 2165 64 27 sett
1457 2162 145 30 bestäm-

98 2201 170 30 melserna
293 2201 149 30 rörande
467 2202 254 34 behandlingen
749 2212 42 20 av
820 2203 161 36 politiska
1011 2203 91 29 brott
1129 2204 63 34 äga
1218 2204 67 29 viss
1311 2204 83 34 vikt,
1423 2204 98 30 dessa
1547 2205 55 28 be-

97 2244 214 29 stämmelser
337 2243 9 29 i
372 2243 116 35 praxis
513 2246 119 33 ytterst
659 2245 109 28 sällan
794 2245 142 29 komma
964 2245 49 29 till
1041 2245 222 35 användning
1290 2246 64 28 och
1381 2248 49 27 att
1458 2245 145 30 sålunda

99 2285 73 28 icke
192 2286 8 27 i
224 2284 102 35 något
348 2285 61 29 fall
431 2286 96 28 torde
549 2286 89 29 hava
661 2286 233 34 förekommit,
916 2289 47 26 att
985 2287 56 28 vid
1064 2287 191 34 utlämning
1275 2287 50 29 till
1346 2290 75 31 stat,
1443 2288 78 28 med
1544 2288 58 28 vil-

99 2326 64 29 ken
185 2327 126 28 traktat
330 2327 39 28 är
387 2336 43 20 av
451 2326 134 34 Sverige
604 2326 179 35 ingången,
805 2328 213 34 invändning
1037 2327 107 35 gjorts
1163 2331 48 26 att
1230 2328 153 36 politiskt
1404 2329 90 29 brott
1516 2329 86 29 före-

100 2368 95 34 legat.
246 2368 63 29 Vid
336 2367 124 30 sådant
487 2367 219 31 förhållande
738 2378 99 26 synes
866 2370 65 28 den
959 2370 264 34 omständighet,
1252 2372 48 27 att
1329 2370 237 34 skiljaktighet
1595 2371 7 28 i

99 2419 44 20 nu
172 2410 145 29 berörda
347 2410 169 29 avseende
545 2411 138 28 komme
711 2414 47 26 att
789 2411 81 29 råda
903 2412 125 28 mellan
1057 2412 212 29 traktaterna
1297 2412 64 29 och
1391 2413 108 33 lagen,
1530 2412 72 29 icke

99 2452 117 29 kunna
250 2452 198 34 tillräckligt
480 2452 166 30 motivera
676 2462 40 20 en
751 2452 36 30 så
819 2452 156 30 våldsam
1006 2453 120 34 åtgärd
1159 2463 73 19 som
1265 2454 264 29 annullerandet
1560 2463 42 20 av
