1876 2778
294 170 17 29 8
453 171 109 27 Första
582 172 201 26 kaminarens
803 171 161 27 allmänna
986 171 328 32 beredningsutskotlts
1336 171 161 26 utlåtande
1518 180 38 17 nr
1578 171 43 27 10.

293 261 175 34 hällsetik,
487 270 55 20 om
561 263 165 35 systemet
744 262 75 28 med
838 270 42 20 en
897 261 280 36 monopoliserad
1196 261 202 36 statskyrka
1415 261 235 29 avskaffades.
1681 261 99 29 Först

294 314 43 29 då
356 315 113 28 skulle
488 314 104 30 också
609 315 120 29 kunna
747 315 87 29 talas
853 324 55 19 om
927 314 132 37 verklig
1076 314 281 37 religionsfrihet.
1388 314 111 29 Innan
1516 324 41 20 en
1575 314 206 30 skilsmässa

295 368 128 29 mellan
443 370 68 27 stat
529 368 65 29 och
613 368 112 36 kyrka
743 368 9 28 i
772 368 135 36 Sverige
928 369 80 28 över
1027 368 117 29 huvud
1164 368 69 29 kan
1251 368 142 29 komma
1409 368 52 29 till
1479 368 161 36 praktisk
1658 367 122 36 detalj-

295 420 117 30 debatt
429 420 110 30 måste
555 430 42 20 en
613 421 161 36 grundlig
790 420 162 37 offentlig
968 421 184 37 utredning
1169 431 40 20 av
1224 421 78 30 hela
1318 421 297 37 frågekomplexet
1631 421 70 30 ske.
1729 421 50 28 En

294 473 110 30 sådan
425 474 185 36 utredning
631 474 10 29 1
663 474 193 36 principiell
877 474 90 30 anda
989 474 60 29 bör
1069 475 153 36 givetvis,
1245 474 204 29 framhåller
1469 475 228 33 motionären,
1720 474 60 29 ske

294 527 77 29 med
392 527 129 29 största
541 528 106 35 pietet
665 530 72 26 mot
755 528 174 29 nedärvda
948 528 137 36 andliga
1101 528 130 29 värden
1248 528 65 29 och
1331 529 79 28 med
1427 528 128 29 största
1573 528 137 37 hänsyn
1728 528 51 29 till

294 578 157 36 kyrkans
468 578 328 36 tjänstemannakår
812 588 79 20 men
910 579 148 29 framför
1075 579 61 30 allt
1153 580 9 28 i
1180 579 90 37 syfte
1286 581 50 28 att
1354 579 44 30 nå
1415 580 64 29 den
1498 580 121 36 högsta
1637 580 143 36 möjliga

294 634 84 35 grad
402 643 41 20 av
466 634 181 30 trosfrihet
671 634 54 29 för
747 635 43 28 all
813 635 86 36 ärlig
922 636 53 27 tro
998 635 64 29 och
1082 635 222 36 övertygelse.

338 687 187 29 Utskottet.
558 688 177 29 Motionen
755 688 109 29 riktar
886 688 51 37 sig
957 688 10 29 i
987 690 71 27 stor
1079 688 243 37 utsträckning
1341 690 73 28 mot
1435 688 346 37 dissenterlagskom-

294 741 143 29 mitténs
471 741 129 36 förslag
628 741 52 29 till
709 741 347 37 religionsfrihetslag
1081 751 44 19 m.
1153 751 44 19 m.
1225 741 115 29 såsom
1366 743 153 28 varande
1545 742 234 36 otillräckligt.

295 794 466 37 Dissenterlagskommittén
787 795 63 28 har
876 795 10 28 i
912 795 60 29 sitt
999 795 218 29 betänkande
1245 794 204 35 framhållit,
1478 797 50 28 att
1555 795 226 37 religionsfri-

294 847 103 29 heten
423 847 9 29 i
454 848 156 29 växande
635 848 221 36 omfattning,
881 848 111 29 ehuru
1018 847 182 37 långsamt,
1223 848 98 29 blivit
1345 848 229 37 tillgodosedd
1599 849 9 29 i
1634 848 147 37 lagstift-

293 901 130 36 ningen
441 910 55 20 om
515 900 220 30 främmande
752 901 284 29 trosbekännare.
1054 900 115 38 Enligt
1186 902 65 28 den
1270 902 95 29 äldre
1381 901 266 37 lagstiftningen
1664 902 117 30 kunde

295 953 136 37 kyrkan
449 954 181 36 uppfattas
647 953 114 30 såsom
779 955 84 28 nära
880 962 67 29 nog
964 954 315 30 sammanfallande
1296 955 78 29 med
1391 957 113 28 staten
1521 956 77 29 med
1615 956 66 29 den
1697 956 84 28 kon-

294 1006 193 30 sekvensen
509 1009 50 27 att
580 1007 295 37 medborgarskap
896 1008 9 28 i
926 1009 113 28 staten
1060 1008 144 29 innebar
1226 1008 202 37 anslutning
1448 1008 52 29 till
1522 1008 147 37 kyrkan.
1701 1008 80 29 Till-

295 1060 161 30 komsten
480 1069 40 20 av
544 1060 500 37 religionsfrihetsstadgandet
1067 1061 10 29 i
1100 1060 83 30 1809
1206 1062 56 29 års
1287 1061 269 37 regeringsform
1578 1063 98 29 torde
1699 1071 80 20 man

292 1129 44 3 -—
356 1114 100 36 säger
476 1113 208 30 kommittén
704 1131 43 3 ---
766 1114 43 29 ha
831 1114 188 37 anledning
1039 1116 50 28 att
1108 1115 160 29 betrakta
1292 1123 75 21 som
1387 1124 42 20 en
1451 1124 46 27 ny
1517 1115 264 37 utgångspunkt

294 1166 54 29 för
374 1167 214 36 regleringen
613 1176 41 20 av
678 1167 234 30 förhållandet
936 1168 127 29 mellan
1087 1169 113 28 staten
1223 1168 65 29 och
1311 1168 147 36 kyrkan.
1494 1168 75 30 Med
1594 1178 41 20 en
1660 1169 121 30 konse-

294 1220 106 29 kvent
420 1220 222 37 tillämpning
664 1230 40 19 av
726 1221 63 28 den
813 1220 9 29 i
841 1221 333 37 regeringsformens
1197 1220 14 34 $
1236 1221 38 29 16
1294 1222 149 36 angivna
1463 1222 181 36 principen
1665 1223 116 28 kunde

295 1273 55 29 det
367 1273 77 30 icke
459 1282 83 20 vara
559 1273 164 37 förenligt
739 1276 49 27 att
806 1274 117 36 tvinga
939 1274 113 36 någon
1069 1276 49 28 att
1134 1275 136 36 deltaga
1285 1275 10 29 i
1311 1275 156 36 kyrkans
1482 1275 202 37 gudstjänst
1699 1276 82 30 eller

295 1328 49 27 att
382 1327 215 29 underkasta
634 1327 51 36 sig
712 1327 153 36 kyrkans
892 1328 118 36 övriga
1037 1328 297 37 kulthandlingar,
1361 1331 51 27 att
1437 1329 127 30 hindra
1590 1329 114 37 någon
1732 1332 49 27 att

294 1381 105 29 utöva
422 1381 53 28 sin
497 1380 143 37 religion
663 1381 9 28 i
694 1380 128 30 former
844 1381 193 29 avvikande
1058 1381 79 29 från
1157 1381 154 37 kyrkans
1334 1382 83 29 eller
1438 1384 50 28 att
1508 1383 112 29 uttala
1639 1392 42 20 en
1702 1382 79 30 från

296 1434 155 36 kyrkans
471 1434 73 29 lära
564 1434 192 29 avvikande
775 1433 205 38 åskådning.
1010 1434 249 37 Utvecklingen
1278 1435 95 29 inom
1393 1436 149 29 svenska
1563 1436 136 36 kyrkan
1718 1436 64 29 har

295 1487 65 28 ock
399 1487 138 29 alltmer
572 1487 169 30 bestämts
768 1496 40 20 av
834 1487 138 37 hänsyn
998 1488 51 29 till
1076 1488 324 30 samvetsfrihetens
1427 1488 209 38 fordringar,
1662 1490 119 29 varför

295 1539 209 30 kommittén
529 1549 110 25 anser,
667 1542 50 27 att
740 1549 80 20 man
846 1549 147 21 numera
1016 1541 75 30 icke
1115 1541 215 37 rättvisligen
1355 1542 106 29 borde
1486 1543 120 29 kunna
1632 1543 71 30 tala
1725 1552 54 20 om

294 1592 106 37 något
419 1602 42 21 av
479 1593 135 37 kyrkan
633 1594 119 29 utövat
770 1593 104 37 tvång
892 1595 73 27 mot
983 1594 75 30 sina
1075 1594 237 30 medlemmar.
1345 1595 143 37 Kyrkan
1506 1595 183 38 påtvingar
1706 1597 75 29 icke

295 1645 114 37 någon
430 1645 75 30 sina
525 1645 150 37 tjänster
693 1648 72 27 mot
782 1646 89 29 hans
890 1654 85 29 egen
993 1647 95 36 vilja,
1108 1647 63 29 och
1191 1648 56 28 det
1267 1647 100 30 beror
1385 1648 72 30 helt
1476 1657 41 20 av
1538 1648 65 29 den
1623 1648 158 30 enskilda

295 1701 365 36 kyrkomedlemmens
689 1701 66 30 fria
782 1702 196 36 avgörande
1004 1711 55 20 om
1085 1702 69 30 han
1180 1702 58 29 vill
1266 1703 136 36 deltaga
1427 1703 10 29 i
1464 1703 155 36 kyrkans
1646 1704 45 29 liv
1717 1703 64 30 och

295 1754 127 29 arbete.
460 1754 120 30 Denna
610 1755 197 36 utveckling
830 1755 52 29 till
906 1755 125 37 vidgad
1056 1755 105 31 frihet
1185 1756 93 29 inom
1303 1756 137 36 kyrkan
1464 1756 64 30 har
1552 1756 99 37 följts
1674 1766 42 21 av
1740 1766 41 21 en

294 1807 91 29 ökad
403 1807 109 30 insikt
529 1807 62 30 hos
610 1808 155 36 kyrkans
783 1810 279 34 representanter
1078 1810 50 29 att
1144 1810 48 28 ett
1210 1809 44 29 än
1272 1809 267 37 fullständigare
1556 1810 225 30 erkännande

295 1868 42 21 av
354 1862 167 28 samvets-
539 1861 64 29 och
622 1861 335 36 religionsfrihetens
975 1862 144 36 princip,
1138 1871 75 21 som
1230 1862 244 37 medgivandet
1492 1872 41 21 av
1550 1863 76 30 fritt
1643 1864 138 29 utträde

294 1922 41 20 ur
356 1913 139 37 kyrkan
516 1914 155 34 innebär,
695 1915 38 29 är
755 1914 163 37 förenligt
937 1916 78 28 med
1037 1915 154 36 kyrkans
1212 1918 74 34 eget
1305 1916 158 30 intresse.

338 1968 66 30 Det
424 1968 10 29 i
458 1968 229 29 förevarande
707 1968 255 36 sammanhang
981 1968 184 37 viktigaste
1184 1969 10 29 i
1215 1969 477 37 dissenterlagskommitténs
1713 1970 68 29 för-

294 2021 74 37 slag
383 2021 53 30 till
454 2020 346 38 religionsfrihetslag
815 2021 99 30 torde
928 2030 83 21 vara
1027 2022 308 30 bestämmelserna
1351 2031 55 21 om
1423 2024 138 28 utträde
1576 2032 42 20 ur
1632 2023 149 30 svenska

294 2074 148 36 kyrkan,
465 2074 94 30 vilka
581 2074 194 30 återfinnas
798 2074 10 29 i
830 2073 19 30 6
874 2073 14 34 $
913 2074 234 37 lagförslaget.
1181 2074 215 31 Kommittén
1418 2076 65 29 har
1503 2076 205 35 framhållit,
1732 2078 49 29 att

294 2128 116 29 rätten
431 2127 52 30 till
503 2128 138 29 utträde
664 2136 40 20 av
726 2128 174 36 naturliga
922 2128 76 29 skäl
1019 2128 113 30 ställts
1152 2128 11 29 i
1184 2128 225 37 förgrunden,
1431 2129 42 30 då
1494 2129 98 37 fråga
1612 2130 90 31 varit
1725 2139 55 20 om

294 2180 335 37 religionsfrihetens
653 2181 213 36 utvidgning.
901 2181 66 30 Det
990 2181 196 37 föreslagna
1209 2183 208 36 stadgandet
1437 2183 155 35 innebär,
1616 2186 51 28 att
1689 2185 92 28 med-

294 2234 67 29 lem
385 2243 42 20 av
449 2234 148 29 svenska
619 2234 148 36 kyrkan,
790 2243 74 20 som
885 2235 59 29 vill
968 2235 140 29 utträda
1129 2244 42 20 ur
1193 2236 147 36 kyrkan,
1363 2236 89 29 skall
1475 2237 64 36 äga
1562 2238 69 29 rätt
1653 2238 126 33 därtill,

294 2287 63 29 när
376 2287 71 29 han
469 2287 78 37 fyllt
565 2288 144 29 aderton
729 2287 46 34 år,
794 2288 88 29 dock
901 2290 51 27 att
969 2289 85 29 även
1073 2289 64 29 den
1157 2298 73 20 som
1251 2289 79 36 fyllt
1348 2289 134 30 femton
1499 2290 38 29 år
1555 2290 56 30 må
1630 2291 149 34 utträda,

294 2340 105 29 såvitt
421 2341 164 29 anmälan
605 2349 56 20 om
684 2341 136 29 utträde
841 2340 153 30 biträdes
1015 2350 40 21 av
1075 2342 66 29 den
1162 2351 74 20 som
1257 2342 64 29 har
1340 2342 202 31 vårdnaden
1562 2353 56 20 om
1640 2344 139 29 honom.

293 2393 67 29 För
383 2394 217 29 närvarande
624 2394 124 29 kräves
770 2396 49 27 att
842 2395 65 28 den
930 2395 210 30 utträdande
1162 2395 88 29 skall
1273 2395 125 37 angiva
1419 2396 105 37 något
1546 2397 125 30 kristet
1692 2406 89 21 sam-

294 2446 98 34 fund,
415 2446 53 30 till
489 2446 107 30 vilket
617 2447 69 29 han
708 2447 58 29 vill
786 2447 134 37 övergå.
953 2447 119 37 Någon
1092 2448 152 30 kontroll
1266 2458 40 20 av
1326 2450 51 29 att
1401 2459 42 20 en
1462 2450 57 29 vid
1540 2451 154 30 utträdet
1713 2450 67 31 till-

293 2499 221 37 kännagiven
536 2500 114 29 avsikt
673 2502 50 28 att
745 2500 123 37 övergå
890 2501 52 29 till
965 2503 107 28 annat
1093 2502 124 29 kristet
1238 2502 242 30 trossamfund
1500 2503 178 38 verkligen
1701 2503 79 30 full-
