1930 2848
336 186 40 30 18
712 184 319 32 Bankoutskottets
1053 182 188 33 utlåtande
1265 183 54 31 Nr
1348 182 50 31 18.

465 262 217 33 Nuvarande
706 261 149 38 lydelse:

328 641 105 32 Mom.
459 643 29 29 2.
520 641 85 36 Lån,
641 639 266 33 kassakreditiv
941 639 86 31 eller

289 692 117 32 kredit
424 692 13 31 i
455 692 151 36 löpande
623 691 155 37 räkning
796 692 80 30 med
894 691 133 36 borgen

290 753 45 21 av
361 742 219 37 fullmäktig,
606 742 307 37 styrelseledamot
940 741 86 32 eller

291 793 333 37 tjänstinnehavare
661 794 14 31 i
713 793 218 32 riksbanken
969 792 59 31 må

289 845 77 31 icke
392 844 168 37 beviljas;
586 844 33 37 ej
643 844 112 32 heller
781 846 58 30 må
863 845 115 36 växel,
1005 845 21 30 å

288 895 121 32 vilken
455 895 218 37 fullmäktig,
719 895 308 38 styrelseledamot

289 947 85 31 eller
405 946 334 37 tjänstinnehavare
768 948 14 31 i
810 947 217 31 riksbanken

288 1000 40 28 är
349 998 152 31 tecknad
520 998 116 31 såsom
654 999 198 36 acceptant,
871 999 155 31 trassent

289 1048 84 32 eller
407 1049 87 31 siste
530 1049 195 37 endossent,
762 1050 13 30 i
810 1050 217 31 riksbanken

289 1100 233 32 diskonteras.

327 1203 105 31 Mom.
471 1205 28 29 3.
532 1203 81 32 Vad
646 1203 13 31 i
698 1204 116 31 denna
851 1204 174 36 paragraf

286 1253 147 37 stadgas
454 1263 57 22 om
531 1253 207 38 fullmäktig
758 1254 87 32 eller
862 1255 163 36 styrelse-

287 1305 155 32 ledamot
483 1305 113 37 gäller
635 1306 66 31 ock
740 1306 190 37 suppleant
969 1307 56 30 för

289 1356 207 37 fullmäktig
526 1356 85 32 eller
641 1356 316 37 styrelseledamot.

608 2108 17 36 $
648 2108 47 32 30.

324 2168 104 32 Mom.
454 2170 27 30 1.
514 2168 254 32 Allmänheten
794 2171 40 29 är
858 2188 40 3 —
918 2188 41 4 —
981 2187 42 3 —

286 2220 228 37 fullmäktige
542 2220 204 32 bestämma.

322 2270 96 32 Mom
439 2271 28 31 2.
499 2271 69 32 Det
590 2271 139 37 förbud,
752 2281 75 22 som
848 2271 113 37 enligt
982 2271 38 31 35

284 2320 18 37 $
326 2322 12 31 i
360 2322 107 37 lagen
490 2322 56 31 för
571 2322 164 37 Sveriges
758 2322 172 32 riksbank
953 2323 67 31 den

283 2373 37 30 12
337 2373 73 37 maj
429 2374 79 31 1897
526 2376 41 29 är
584 2373 179 32 meddelat
780 2374 55 32 för
853 2374 167 36 fullmäk-

284 2424 51 37 tig
352 2425 15 30 i
385 2424 218 32 riksbanken
623 2424 65 31 och
707 2424 155 32 ledamot
882 2435 45 22 av
948 2426 72 35 sty-

1248 259 216 37 Föreslagen
1489 257 149 38 lydelse:

1075 330 73 29 mot
1172 329 43 30 är
1241 328 198 36 acceptant,
1466 327 154 30 trassent
1644 325 88 31 eller
1756 334 60 21 en-

1075 380 142 30 dossent
1237 378 60 32 må
1317 379 36 37 ej
1373 378 225 31 diskonteras
1618 378 14 30 i
1652 376 163 32 riksban-

1075 431 68 31 ken
1191 430 80 32 med
1319 429 140 32 mindre
1498 429 113 32 sådan
1639 428 106 32 växel
1774 430 43 29 är

1073 482 168 38 grundad
1258 483 23 31 å
1300 482 140 37 verklig
1458 480 252 37 handelsaffär
1728 481 87 31 eler

1073 535 86 31 siste
1177 534 235 32 endossenten
1428 535 43 30 är
1488 543 46 22 av
1551 533 134 37 Kungl.
1703 532 113 37 Maj:t

1073 586 208 37 oktrojerad
1308 585 310 36 bankinrättning.

1112 638 108 32 Mom.
1242 640 29 29 3.
1302 637 86 37 Lån,
1425 636 266 32 kassakreditiv
1728 636 87 31 eller

1073 690 120 31 kredit
1218 690 13 31 i
1257 690 151 36 löpande
1434 689 156 36 räkning
1616 688 59 31 må
1699 690 37 35 ej
1760 688 54 31 be-

1073 741 110 37 viljas
1229 741 81 32 med
1354 741 134 36 borgen
1523 751 45 21 av
1593 740 221 36 fullmäktig,

1073 792 308 38 styrelseledamot
1422 793 62 30 vid
1515 791 299 38 avdelningskon-

1074 847 55 29 tor
1147 845 88 32 eller
1257 845 219 37 tjänsteman
1496 844 86 31 eller
1601 846 75 29 mot
1695 844 118 31 säker-

1072 897 61 31 het
1156 906 46 22 av
1224 896 297 37 fordringsbevis,
1543 896 57 36 för
1623 895 114 32 vilket
1759 896 55 30 så-

1073 948 72 31 dan
1191 957 131 28 person
1369 957 144 26 svarar;
1551 947 33 37 ej
1614 948 112 31 heller
1755 949 58 30 må

1074 1001 113 36 växel,
1208 1001 23 31 å
1253 1000 122 31 vilken
1396 1000 221 36 fullmäktig,
1640 1000 173 31 verkstäl-

1073 1052 105 31 lande
1210 1051 308 37 styrelseledamot
1549 1051 86 32 eller
1665 1052 148 36 tjänste-

1072 1113 85 22 man
1179 1106 42 29 är
1243 1104 198 36 acceptant,
1466 1104 156 31 trassent
1645 1103 87 32 eller
1756 1113 57 22 en-

1073 1156 152 36 dossent,
1250 1155 12 31 i
1288 1155 220 32 riksbanken
1533 1155 235 32 diskonteras.

1111 1207 107 32 Mom.
1241 1208 28 30 4.
1301 1207 81 32 Vad
1427 1208 12 30 i
1486 1208 116 31 denna
1636 1208 177 36 paragraf

1071 1259 148 36 stadgas
1240 1269 58 21 om
1319 1259 210 37 fullmäktig
1551 1259 66 31 och
1639 1259 173 31 verkstäl-

1072 1310 106 31 lande
1227 1310 308 37 styrelseledamot
1585 1311 113 36 gäller
1748 1312 65 30 ock

1071 1362 194 37 suppleant
1293 1362 57 32 för
1380 1362 210 37 fullmäktig
1620 1365 94 29 samt
1744 1363 67 31 den

1071 1423 46 22 av
1143 1413 232 38 fullmäktige
1400 1414 149 31 utsedde
1575 1415 236 36 suppleanten

1071 1465 58 36 för
1158 1465 113 37 förste
1301 1466 253 37 deputeraden.
1603 1467 72 31 För
1705 1476 107 27 supp-

1070 1517 98 32 leant
1190 1517 59 37 för
1271 1517 308 38 styrelseledamot
1600 1518 118 37 gäller
1740 1519 71 30 vad

1070 1570 13 30 $
1103 1569 119 31 denna
1241 1570 175 37 paragraf
1438 1569 148 38 stadgas
1608 1580 57 22 om
1689 1580 122 22 annan

1070 1621 307 37 styrelseledamot
1402 1623 47 30 än
1474 1622 266 31 verkställande
1765 1622 46 31 le-

1070 1673 131 31 damolt.

1109 1724 198 38 Angående
1355 1725 104 38 bolag
1508 1726 87 31 eller
1631 1726 180 37 förening,

1069 1778 82 30 vari
1174 1786 140 28 person,
1337 1786 75 23 som
1436 1777 228 36 omförmäles
1690 1779 14 31 i
1728 1778 81 31 den-

1069 1838 46 21 na
1161 1829 187 37 paragraf,
1384 1829 116 32 såsom
1527 1829 168 38 delägare
1722 1830 89 31 eller

1070 1879 153 32 medlem
1254 1881 87 36 äger
1372 1882 51 29 ett
1455 1881 195 37 väsentligt
1681 1881 127 32 ekono-

1068 1931 110 32 miskt
1201 1933 161 36 intresse,
1385 1933 114 37 gäller
1522 1933 70 31 vad
1615 1943 56 22 om
1695 1934 114 31 sådan

1068 1992 129 28 person
1218 1983 157 37 stadgas.

1396 2105 18 36 $
1437 2106 48 31 30.

1107 2165 106 31 Mom.
1236 2166 28 30 1.
1296 2166 256 31 Allmänheten
1577 2169 40 29 är
1641 2186 41 4 —
1704 2186 42 5 —
1768 2187 41 3 —

1068 2217 232 37 fullmäktige
1324 2218 207 31 bestämma.

1107 2268 106 32 Mom.
1235 2269 29 31 2.
1295 2269 68 32 Det
1408 2270 141 37 förbud,
1593 2281 76 21 som
1692 2271 115 37 enligt

1067 2320 38 31 35
1133 2319 19 37 $$
1179 2320 13 31 i
1219 2320 107 37 lagen
1353 2321 56 32 för
1437 2322 167 37 Sveriges
1632 2323 174 32 riksbank

1067 2372 68 31 den
1153 2373 38 30 12
1208 2372 75 37 maj
1301 2372 79 32 1897
1398 2376 41 28 är
1455 2374 177 32 meddelat
1650 2374 57 32 för
1725 2375 82 31 däri

1066 2423 238 37 omförmälda
1321 2434 168 27 personer
1506 2426 53 31 att
1577 2426 116 32 såsom
1711 2427 95 31 kom-
