1932 2848
337 183 42 30 14

463 260 218 31 Nuvarande
708 260 150 37 lydelse:

290 330 74 27 ner,
388 330 77 22 som
487 321 63 32 vid
575 322 269 36 granskningen
869 332 46 21 av
940 322 88 32 riks-

290 372 160 32 bankens
471 373 150 36 styrelse
643 374 65 31 och
731 374 224 37 förvaltning
978 375 49 30 bi-

288 424 106 32 träda
441 424 211 37 riksdagens
696 425 187 38 revisorer,
927 426 100 32 skola

290 475 76 32 dolt
389 476 65 30 och
476 475 157 37 förtegat
654 477 107 36 hålla,
786 478 71 31 vad
878 487 75 22 som
974 481 53 28 rö-

288 536 59 22 rer
374 527 163 32 enskilda
562 538 186 27 personers
775 530 252 31 förhållanden

289 578 59 31 till
366 579 218 32 riksbanken
602 580 85 32 eller
707 582 70 31 vad
795 582 13 30 i
826 582 121 37 övrigt
967 583 59 31 vid

289 630 271 38 förvaltningen
577 632 71 31 kan
666 633 170 32 förefalla
853 645 46 20 av
915 635 112 31 sådan

288 682 260 38 beskaffenhet,
574 685 54 31 att
655 685 57 31 det
737 686 114 36 enligt
877 687 59 36 lag
961 687 65 31 och

287 734 233 36 reglementet
549 735 56 32 för
630 737 219 31 riksbanken
876 738 149 37 hemligt

287 785 118 32 hållas
423 786 72 32 bör.

718 183 318 33 Bankoutskottets
1058 185 187 32 utlåtande
1269 187 53 31 Nr
1352 187 51 30 18.

1245 263 217 37 Föreslagen
1491 264 148 37 lydelse:

1074 323 180 36 styrelser,
1303 324 74 31 alla
1416 324 62 32 vid
1505 325 218 31 riksbanken
1752 335 59 21 an-

1073 374 133 32 ställda
1224 375 221 37 tjänstemän
1463 378 92 30 samt
1575 377 41 31 de
1633 387 178 27 personer,

1073 436 77 21 som
1181 427 62 31 vid
1273 428 271 36 granskningen
1573 439 46 21 av
1650 429 161 31 riksban-

1073 478 87 32 kens
1184 479 150 36 styrelse
1359 480 66 31 och
1452 480 222 37 förvaltning
1701 481 110 32 biträ-

1073 530 46 31 da
1161 530 211 38 riksdagens
1406 532 185 37 revisorer,
1614 533 100 32 skola
1737 535 74 30 dolt

1073 582 66 30 och
1173 582 156 37 förtegat
1359 583 119 37 hålla,
1501 585 71 31 vad
1605 594 74 22 som
1711 588 99 29 rörer

1070 633 164 32 enskilda
1259 644 186 26 personers
1473 636 251 33 förhållanden
1752 637 57 32 till

1073 684 217 32 riksbanken
1338 685 87 32 eller
1464 688 69 31 vad
1560 688 13 31 i
1600 689 119 36 övrigt
1749 689 61 32 vid

1073 735 271 38 förvaltningen
1376 738 73 30 kan
1480 739 168 32 förefalla
1680 750 46 21 av
1757 742 53 30 så-

1073 787 72 32 dan
1167 788 260 38 beskaffenhet,
1452 791 53 31 att
1531 791 58 31 det
1613 792 114 36 enligt
1749 792 60 37 lag

1069 839 66 30 och
1153 840 232 35 reglementet
1404 841 56 31 för
1480 842 216 32 riksbanken
1715 843 93 31 hem-

1071 889 69 37 ligt
1158 890 116 32 hållas
1293 891 73 32 bör.

1112 940 79 32 Vad
1213 943 13 30 i
1248 942 116 33 denna
1385 945 175 36 paragraf
1582 947 146 36 stadgas
1750 947 59 31 må

1069 993 37 37 ej
1126 995 129 35 utgöra
1275 994 130 33 hinder
1425 995 59 37 för
1503 996 229 39 fullmäktige
1754 1001 54 29 att

1071 1044 122 32 lämna
1237 1045 108 32 bank-
1381 1047 66 32 och
1472 1048 338 38 fondinspektionen

1071 1097 264 38 upplysningar
1362 1108 57 23 om
1446 1100 261 39 förhållanden,
1735 1113 74 22 som

1071 1148 126 32 beröra
1221 1150 236 33 riksbankens
1481 1152 234 39 förvaltning.

1110 1252 126 32 Denna
1254 1253 60 38 lag
1334 1256 123 31 träder
1473 1257 13 30 i
1505 1257 100 32 kraft
1625 1259 113 35 dagen
1758 1255 49 35 ef-

1070 1305 54 29 ter
1150 1304 76 37 den,
1252 1305 45 32 då
1322 1306 116 38 lagen,
1463 1308 112 37 enligt
1601 1310 88 31 därå
1714 1312 93 31 med-

1069 1355 105 32 delad
1203 1357 156 37 uppgift,
1389 1360 84 30 från
1501 1362 140 35 trycket
1671 1363 135 31 utkom-

1069 1406 67 31 mit
1183 1408 13 30 i
1234 1408 139 33 Svensk
1401 1410 405 42 författningssamling,

1071 1459 97 31 utom
1185 1459 13 31 i
1218 1461 69 31 vad
1306 1461 69 31 den
1393 1473 103 21 avser
1514 1465 155 37 ändring
1688 1465 12 32 i
1719 1463 38 34 24
1777 1467 28 37 $,

1067 1509 13 31 1
1102 1510 120 32 vilken
1242 1512 56 31 del
1318 1512 107 38 lagen
1443 1516 121 31 träder
1584 1517 12 31 i
1617 1517 99 33 kraft
1738 1520 67 30 den

1067 1561 18 30 1
1107 1561 147 37 januari
1276 1564 88 32 1934.
