1912 2780
279 137 20 30 8
598 135 121 40 Tredje
740 135 245 39 lagutskottets
1006 135 180 29 utlåtande
1206 143 43 20 nr
1268 135 42 29 25
1330 134 38 31 år
1389 134 83 29 1960

943 222 180 33 Utskottet

329 320 173 30 Utskottet
523 319 117 32 finner
658 320 57 29 det
734 319 335 35 tillfredsställande,
1091 321 50 27 att
1161 318 247 30 avlämnandet
1427 327 42 22 av
1489 318 174 30 särskilda
1682 327 99 20 man-

284 369 247 41 talsuppgifter
557 369 57 30 vid
640 369 101 31 sidan
768 379 43 21 av
837 369 225 40 uppgifterna
1088 369 52 29 till
1167 368 272 40 folkräkningen
1465 368 66 30 och
1557 368 223 30 bostadsräk-

285 419 130 40 ningen
432 419 205 40 begränsats
655 419 51 30 till
726 419 273 40 undantagsfall.
1020 419 159 31 Orsaken
1198 418 51 30 till
1270 420 51 29 att
1340 418 172 31 särskilda
1531 418 178 40 uppgifter
1727 418 56 31 för

284 469 382 40 mantalsskrivningen
690 469 138 30 ändock
852 469 70 30 kan
944 469 48 30 bli
1016 469 221 39 nödvändiga
1260 469 12 29 i
1296 477 43 21 en
1362 468 54 30 del
1441 468 62 30 fall
1528 478 103 30 synes
1652 468 130 31 främst

284 529 85 21 vara
383 522 48 29 att
444 520 67 30 den
528 520 56 30 för
599 520 372 37 mantalsskrivningen
986 519 226 38 erforderliga
1228 519 255 38 granskningen
1499 520 124 29 kräver
1638 519 72 30 viss
1722 519 60 34 tid,

283 569 175 32 varunder
475 570 42 30 de
535 570 53 30 till
607 569 87 31 folk-
711 570 67 30 och
795 569 339 40 bostadsräkningen
1151 569 163 30 lämnade
1332 569 225 40 uppgifterna
1574 569 76 30 icke
1669 569 113 31 skulle

284 629 86 21 vara
384 619 215 41 tillgängliga
614 619 54 31 för
682 620 42 30 de
740 620 355 41 granskningsorgan,
1112 629 74 21 som
1203 620 90 30 skall
1310 620 150 39 granska
1476 620 103 30 dessa
1594 619 187 40 uppgifter.

285 669 119 31 Ökade
429 670 223 39 möjligheter
678 672 50 28 att
756 670 126 30 snabbt
907 670 122 30 kunna
1058 670 101 30 ställa
1186 670 41 30 de
1254 670 194 30 insamlade
1475 669 225 40 uppgifterna
1728 669 52 30 till

283 719 408 40 granskningsorganens
713 719 208 41 förfogande
942 729 103 30 synes
1066 720 122 30 kunna
1207 720 126 30 vinnas
1355 720 116 30 därest
1492 720 42 30 de
1555 720 12 30 i
1588 719 40 31 50
1652 720 16 37 $&
1691 719 90 30 folk-

283 769 457 41 bokföringsförordningen
756 770 104 40 givna
874 770 268 30 föreskrifterna
1156 779 57 21 om
1228 770 215 40 granskning
1459 780 42 21 av
1515 770 266 30 mantalsskriv-

282 819 332 40 ningsuppgifterna
633 820 75 30 icke
729 821 100 39 göres
851 820 248 40 obligatoriska
1120 821 85 29 utan
1226 820 171 31 beroende
1418 830 42 20 av
1482 820 143 31 särskilt
1646 820 135 31 förord-

283 869 115 31 nande
416 870 11 30 i
444 870 42 30 de
505 870 64 30 fall
589 870 44 30 då
652 870 37 30 så
707 871 128 39 prövas
854 870 229 40 erforderligt.
1103 871 74 29 Den
1196 870 57 31 för
1271 870 381 41 mantalsskrivningen
1672 870 109 31 erfor-

282 919 132 40 derliga
431 920 262 40 granskningen
709 921 73 29 kan
800 920 185 40 nämligen,
1004 920 212 31 åtminstone
1234 921 11 29 i
1264 921 42 29 de
1325 921 86 30 allra
1429 920 104 31 flesta
1552 921 73 37 fall,
1644 921 61 30 ske
1722 921 58 30 vid

283 968 253 42 för-skrivning
556 970 106 40 enligt
680 969 42 31 45
744 971 15 37 8
782 980 131 22 samma
931 971 214 38 förordning.
1165 971 67 30 För
1252 973 49 28 att
1321 971 39 31 så
1378 972 87 29 skall
1484 972 121 29 kunna
1623 972 60 30 ske
1702 972 79 30 krä-

283 1029 60 21 ves
367 1028 41 21 en
432 1020 150 40 ändring
605 1020 12 30 i
642 1020 38 30 13
706 1021 15 37 8
748 1020 19 31 3
791 1030 106 21 mom.
921 1030 41 20 av
986 1021 229 30 förevarande
1238 1021 133 41 förslag
1394 1021 52 30 till
1470 1021 207 40 förordning
1700 1021 80 30 med

282 1068 175 32 särskilda
474 1070 265 31 bestämmelser
757 1080 57 21 om
835 1071 225 40 folkräkning
1080 1071 39 31 år
1141 1071 81 30 1960
1242 1081 47 20 m.
1309 1080 46 21 m.

328 1119 14 30 I
366 1119 109 40 övrigt
498 1120 67 30 har
588 1121 169 30 utskottet
781 1121 76 30 icke
881 1121 117 30 funnit
1023 1121 188 40 anledning
1236 1121 52 30 till
1311 1122 142 30 erinran
1476 1124 74 27 mot
1574 1122 57 29 det
1655 1130 124 31 genom

285 1170 262 39 propositionen
573 1170 196 40 framlagda
792 1170 175 41 förslaget.

330 1219 48 31 På
395 1221 112 39 grund
526 1229 44 22 av
585 1221 66 30 vad
669 1221 151 30 sålunda
837 1221 134 31 anförts
989 1221 56 31 får
1062 1222 171 30 utskottet
1250 1222 196 35 hemställa,

638 1272 49 29 att
708 1271 189 40 riksdagen
917 1271 108 31 måtte
1047 1271 55 31 för
1124 1272 53 30 sin
1198 1272 55 30 del
1275 1273 127 40 antaga
1423 1272 58 30 det
1503 1281 125 31 genom
1649 1272 134 31 föreva-

595 1321 105 30 rande
728 1321 217 40 proposition
972 1321 196 41 framlagda
1195 1322 168 40 förslaget
1389 1323 52 29 till
1469 1323 206 40 förordning
1701 1323 81 30 med

595 1371 170 31 särskilda
782 1372 257 30 bestämmelser
1057 1382 57 21 om
1131 1373 129 30 allmän
1279 1372 223 39 folkräkning
1521 1373 38 30 år
1579 1374 78 29 1960
1675 1384 45 20 m.
1738 1384 44 20 m.

591 1421 79 30 med
683 1422 68 30 den
766 1421 193 41 ändringen
973 1424 51 28 att
1041 1422 39 30 13
1097 1423 15 37 8
1140 1422 8 30 3
1162 1432 105 20 mom.
1282 1423 150 30 erhåller
1445 1424 115 30 denna
1574 1424 146 39 lydelse:

640 1471 72 30 Vad
738 1471 12 30 i
774 1471 536 41 folkbokföringsförordningen
1337 1473 78 40 sägs
1441 1482 56 21 om
1526 1473 177 41 uppgifter
1730 1473 52 31 till

592 1521 379 40 mantalsskrivningen
987 1522 93 31 skall
1092 1522 89 31 hava
1196 1523 170 31 avseende
1382 1523 44 40 på
1441 1523 178 41 uppgifter
1633 1533 74 21 som
1724 1532 58 23 av-

592 1571 149 31 lämnats
772 1571 54 31 till
851 1571 272 41 folkräkningen
1152 1572 64 31 och
1247 1573 338 40 bostadsräkningen
1612 1574 41 31 år
1683 1574 95 38 1960,

592 1621 104 30 såvitt
715 1631 102 21 avser
838 1622 221 40 tillämpning
1079 1632 42 20 av
1141 1622 41 30 27
1203 1623 22 37 $
1244 1624 20 29 3
1285 1632 106 22 mom.
1412 1625 92 28 samt
1525 1625 39 29 41
1588 1624 64 30 och
1674 1625 42 30 45
1736 1624 44 37 $$

591 1672 174 37 ävensom,
789 1672 12 30 i
822 1672 66 31 den
909 1673 82 30 mån
1013 1673 196 40 Konungen
1231 1674 40 30 så
1292 1675 127 39 prövar
1440 1674 230 40 erforderligt,
1694 1675 42 30 50
1758 1675 22 37 $

590 1721 153 31 nämnda
770 1722 216 41 förordning.

327 1812 199 31 Stockholm
547 1813 68 31 den
636 1814 18 30 3
674 1814 71 40 maj
771 1814 84 31 1960

721 1915 50 30 På
793 1915 109 38 tredje
926 1916 240 38 lagutskottets
1189 1918 146 37 vägnar:

893 2000 115 30 HANS
1033 2000 135 31 LEVIN

328 2138 64 30 Vid
408 2138 94 31 detta
521 2140 146 30 ärendes
686 2140 211 41 behandling
914 2141 64 30 har
995 2143 173 30 närvarit:

325 2196 79 30 från
442 2197 165 32 första
643 2199 222 32 kammaren:
895 2200 120 30 herrar
1043 2201 116 39 Grym,
1187 2202 109 39 Georg
1325 2203 172 34 Carlsson,
1525 2203 251 37 Kristiansson,

282 2238 73 31 Åke
369 2239 162 35 Larsson,
548 2240 127 35 Schött,
692 2241 148 30 Herbert
854 2243 170 29 Larsson"
1043 2244 65 29 och
1123 2243 144 30 Gunnar
1283 2245 214 35 Pettersson;
1622 2280 2 2 |

324 2297 79 30 från
433 2298 156 31 andra
617 2299 221 31 kammaren:
860 2295 120 36 herrar
999 2301 119 35 Levin,
1138 2302 200 30 Johansson
1359 2305 11 29 i
1389 2303 102 40 Torp,
1513 2304 57 30 fru
1592 2304 184 39 Torbrink,

281 2339 122 31 herrar
430 2341 151 30 Persson
608 2341 12 30 i
647 2342 132 34 Tandö,
808 2342 144 42 Nyberg,
981 2343 154 30 Jansson
1163 2344 11 29 i
1202 2344 183 34 Benestad,
1414 2345 271 31 Wachtmeister
1712 2346 66 30 och

279 2381 186 31 Turesson.

312 2443 13 14 +
344 2442 33 30 Ej
397 2443 172 25 närvarande
587 2444 48 24 vid
653 2444 175 25 utlåtandets
844 2445 142 30 justering.
