2228 2632
742 192 249 33 Statsutskottets
1021 191 168 33 Utlåtande
1213 192 60 31 N:o
1298 194 50 31 91.
1759 194 41 31 85

250 272 55 31 att
332 268 60 36 för
420 282 142 23 samma
591 270 54 36 tid
675 270 91 37 söka
794 270 171 49 ledighet
993 271 86 36 från
1107 270 58 37 sin
1186 271 189 38 ordinarie
1395 273 132 48 tjänst,
1547 272 162 36 likasom
1730 273 116 36 äfven

248 320 189 49 upplysts,
481 326 55 31 att
578 322 197 37 enahanda
817 323 271 49 medgifvande
1131 323 12 35 i
1185 324 157 36 enstaka
1370 325 65 36 fall
1462 325 165 36 lämnats
1657 324 188 37 ordinarie

248 372 242 48 tjänsteman,
520 373 157 37 hvilken
706 377 124 34 såsom
859 375 235 36 sekreterare
1122 374 144 37 biträdt
1294 376 212 37 kommitté.
1544 375 81 37 Och
1645 376 46 36 då
1711 377 135 36 sådant

247 424 84 36 icke
360 429 131 44 syntes
519 426 226 36 kommittén
774 427 12 35 i
813 427 108 48 regel
950 426 182 48 förenligt
1159 427 85 36 med
1274 433 55 31 ett
1353 428 178 48 behörigt
1550 428 296 37 handhafvande

249 476 41 36 af
315 476 73 36 den
416 477 188 37 ordinarie
632 478 181 49 tjänsten,
844 483 108 42 samt,
983 478 121 49 enligt
1132 478 101 36 hvad
1260 479 121 37 kändt
1410 493 101 32 vore,
1541 480 46 36 de
1606 480 60 36 för
1686 480 161 37 berörda

249 528 184 36 särskilda
473 530 178 47 uppdrag
690 530 193 48 utgående
912 530 181 36 arfvoden
1125 530 193 37 afsevärdt
1346 532 218 48 öfverstege
1593 531 46 37 de
1666 532 12 35 i
1706 532 141 36 sådana

248 580 179 49 uppdrag
468 581 164 36 anlitade
677 582 188 36 ordinarie
907 582 267 48 statstjänares
1203 583 514 50 tjänstgöringspenningar,
1749 584 100 36 hade

248 632 227 36 kommittén
517 633 126 36 funnit
685 633 62 36 det
787 634 92 36 böra
911 633 182 37 särskildt
1121 633 173 47 betonas,
1325 640 66 42 att,
1421 635 68 36 där
1517 634 189 38 ordinarie
1735 640 112 32 stats-

248 683 150 48 tjänare
426 684 141 37 tillåtes
595 690 172 44 mottaga
795 686 124 48 dylikt
947 686 188 49 uppdrag,
1165 686 77 37 han
1270 686 96 37 dock
1394 687 13 35 i
1433 687 107 49 regel
1568 687 70 36 bör
1664 687 59 36 för
1750 694 97 30 mot-

249 736 184 36 svarande
461 736 55 37 tid
546 737 92 36 söka
666 737 169 49 ledighet
864 738 84 36 från
977 739 57 35 sin
1059 737 187 37 ordinarie
1265 738 231 50 befattning,
1518 739 86 36 med
1624 739 224 49 skyldighet

245 788 159 47 jämväl,
447 801 61 23 om
551 789 133 36 sådant
716 790 154 48 pröfvas
899 789 155 49 skäligt,
1085 794 55 31 att
1168 789 97 37 afstå
1293 791 150 36 utöfver
1471 791 376 49 tjänstgöringspen-

248 839 201 49 ningarna,
491 843 128 45 någon
661 841 60 36 del
763 842 41 35 af
835 842 125 35 lönen.
1017 840 239 37 Kommittén
1284 842 146 36 fästade
1459 843 71 36 ock
1559 843 288 48 uppmärksam-

249 891 114 36 heten
406 892 101 47 därå,
547 897 54 31 att
642 893 115 36 bland
798 893 46 36 de
886 893 151 47 villkor,
1077 906 80 23 som
1185 893 220 49 Riksdagen
1437 897 41 33 år
1509 895 97 35 1903
1636 894 215 37 fastställde

248 943 85 36 med
366 943 178 37 afseende
573 947 21 33 å
620 944 294 49 tillämpningen
943 945 40 36 af
1008 944 321 49 aflöningsstaten
1357 946 60 36 för
1436 945 181 49 Sveriges
1637 946 208 47 Riksbank,

249 995 71 36 ock
361 995 112 36 fanns
510 996 269 37 bestämmelse
809 997 144 47 därom,
984 1001 67 41 att,
1081 996 129 36 därest
1238 997 292 49 tjänstledighet
1559 997 162 37 erhölles
1751 998 99 37 efter

249 1059 98 36 egen
389 1048 170 36 ansökan
587 1048 12 35 i
628 1048 70 36 och
728 1049 59 35 för
814 1048 265 49 tjänstgöring
1106 1048 70 37 hos
1203 1049 235 49 Riksdagen,
1468 1049 85 37 dess
1582 1050 147 36 utskott
1757 1050 92 37 eller

248 1098 200 49 revisorer,
491 1100 73 36 den
605 1100 249 49 tjänstledige
896 1101 133 46 skulle,
1067 1100 154 37 utöfver
1248 1101 502 50 tjänstgöringspenningar
1778 1102 70 37 och

248 1151 511 50 missräkningspenningar,
802 1153 98 36 afstå
941 1155 41 34 så
1023 1152 156 49 mycket
1221 1153 41 35 af
1299 1153 125 47 lönen,
1454 1166 82 23 som
1565 1153 242 50 fullmäktige
1835 1153 12 36 i

248 1202 236 37 riksbanken
511 1204 185 48 pröfvade
726 1204 58 36 för
813 1204 216 36 ändamålet
1057 1204 147 48 nödigt.

378 1254 236 37 Kommittén
656 1256 69 35 har
766 1256 85 36 med
893 1255 179 37 afseende
1114 1255 91 37 härå
1246 1256 12 35 1
1301 1256 82 36 sina
1424 1256 137 36 hittills
1605 1257 144 47 afgifna
1784 1258 63 35 be-

247 1306 220 36 tänkanden
494 1306 114 37 bland
637 1308 218 48 föreslagna
884 1306 331 49 aflöningsvillkor
1242 1308 192 48 upptagit,
1464 1313 55 31 att
1544 1308 86 47 den,
1652 1321 80 23 som
1753 1309 95 36 und-

248 1358 59 35 får
346 1357 172 49 ledighet
560 1359 60 35 för
663 1362 243 43 tjänstgöring
941 1361 62 34 hos
1031 1360 223 46 Riksdagen,
1285 1361 80 35 dess
1392 1362 135 34 utskott
1556 1361 87 35 eller
1670 1363 180 34 revisorer

248 1409 92 36 eller
382 1410 116 36 andra
540 1410 184 36 särskilda
758 1411 188 49 uppdrag,
978 1411 75 35 kan
1081 1410 203 49 förpliktas
1313 1416 54 31 att
1393 1411 122 37 under
1542 1411 220 49 ledigheten
1789 1417 59 31 ut-

249 1461 107 36 öfver
398 1461 81 36 sina
521 1463 504 49 tjänstgöringspenningar
1066 1462 99 36 afstå
1206 1465 41 34 så
1275 1463 153 47 mycket
1457 1464 43 35 af
1523 1463 126 48 lönen,
1679 1476 81 24 som
1790 1464 59 36 för

248 1512 292 49 befattningens
568 1515 278 48 uppehållande
876 1514 191 37 erfordras
1097 1514 90 37 eller
1215 1514 111 49 eljest
1353 1514 156 50 pröfvas
1538 1515 153 49 skäligt.

377 1565 240 38 Beträffande
659 1567 184 47 förslaget
871 1567 55 36 uti
955 1566 295 49 ifrågavarande
1279 1566 180 37 afseende
1487 1567 80 46 har,
1598 1567 123 49 enligt
1749 1567 101 36 hvad

249 1616 228 37 kommittén
514 1618 201 46 inhämtat,
746 1619 180 35 särskildt
954 1618 226 36 framställts
1209 1618 73 36 den
1310 1618 189 48 farhågan
1528 1624 66 41 att,
1626 1632 60 23 om
1715 1619 135 36 veder-

248 1668 167 36 börande
453 1669 187 36 ordinarie
670 1670 231 48 tjänsteman
930 1673 122 33 måste
1081 1675 90 42 taga
1198 1670 174 48 ledighet
1400 1670 59 36 för
1487 1670 265 49 tjänstgöring
1780 1671 70 36 hos

247 1719 222 49 Riksdagen
511 1721 91 35 eller
643 1721 86 36 dess
757 1722 148 35 utskott
934 1721 93 36 eller
1056 1720 200 48 revisorer,
1286 1721 75 36 han
1390 1722 128 35 kunde
1548 1722 216 48 äfventyra,
1795 1727 56 31 att

246 1771 103 36 tiden
379 1772 59 35 för
467 1772 166 36 nämnda
662 1772 261 49 tjänstgöring
951 1773 126 36 blefve
1105 1772 234 49 fråndragen
1354 1772 65 37 vid
1438 1773 264 36 beräknandet
1722 1773 41 36 af
1778 1774 73 36 den

246 1823 193 49 tidpunkt,
484 1824 46 35 då
559 1824 74 36 han
664 1824 110 49 eljest
802 1825 124 36 skolat
954 1838 90 22 vara
1074 1824 216 49 berättigad
1321 1829 52 31 att
1403 1824 141 37 erhålla
1572 1824 276 49 ålderstillägg.

377 1875 112 36 Detta
530 1876 68 35 har
639 1876 83 36 icke
765 1876 96 36 varit
902 1877 42 36 af
982 1876 228 36 kommittén
1241 1876 139 45 afsedt;
1423 1876 82 48 och,
1536 1890 74 33 om,
1641 1877 85 36 med
1755 1877 95 48 god-

247 1926 203 37 kännande
493 1928 40 35 af
572 1928 102 36 hvad
715 1928 227 37 kommittén
985 1928 116 36 ofvan
1130 1928 11 35 i
1171 1928 124 36 denna
1324 1927 199 38 skrifvelse
1552 1928 206 48 hemställt,
1788 1929 63 35 det

246 1978 138 36 varder
425 1979 264 49 uttryckligen
731 1980 187 47 angifyet,
963 1984 57 32 att
1061 1979 12 36 i
1107 1980 71 36 den
1207 1980 352 48 tjänstgöringstid,
1590 1993 92 34 som,
1712 1980 10 35 i
1753 1980 97 36 före-

246 2030 228 36 kommande
516 2032 78 45 fall,
638 2031 211 47 berättigar
889 2032 57 35 till
988 2031 192 36 vinnande
1210 2032 41 35 af
1276 2031 276 48 ålderstillägg,
1581 2034 60 33 må
1670 2031 181 36 inräknas

246 2081 33 47 ej
324 2081 96 36 blott
448 2081 70 36 den
550 2082 67 46 tid,
647 2083 423 47 tjänsteinnehafvaren
1099 2085 48 45 på
1177 2082 128 48 grund
1335 2083 40 34 af
1400 2083 259 35 förordnande
1688 2082 162 36 bestridt

247 2145 125 22 annan
402 2138 143 31 statens
575 2134 131 47 tjänst,
736 2139 93 30 utan
859 2134 110 36 äfven
1002 2134 75 35 den
1107 2133 66 46 tid,
1205 2134 73 35 han
1309 2134 177 48 fullgjort
1515 2139 116 30 annat
1660 2133 191 49 offentligt

245 2183 188 49 uppdrag,
476 2184 108 36 torde
620 2187 119 45 något
769 2185 68 47 fog
866 2185 33 47 ej
930 2185 130 36 vidare
1090 2185 130 35 kunna
1251 2185 204 35 förefinnas
1486 2185 58 36 för
1574 2199 43 21 en
1650 2185 160 48 farhåga
1839 2185 11 35 i

244 2235 165 36 nämnda
439 2236 248 36 hänseende.»
