2228 2622
429 192 40 32 74
878 192 248 31 Statsutskottets
1156 191 167 32 Utlåtande
1348 192 61 31 N:o
1434 193 51 30 91.

387 274 60 33 att
466 270 248 46 åtnjutandet
734 270 41 35 af
791 271 166 35 nämnda
977 270 149 36 förmån
1144 271 256 46 begränsades
1424 271 62 35 till
1512 270 75 35 viss
1614 270 69 45 tid,
1704 270 159 35 hvilken
1885 270 42 36 af
1937 283 48 23 en

387 323 61 35 del
473 322 270 46 myndigheter
761 321 217 48 föreslagits
997 322 63 36 till
1077 323 116 46 högst
1212 325 58 33 ett
1290 325 43 33 år
1351 323 14 34 i
1384 323 151 44 sänder;
1557 321 214 47 hvarjämte
1791 322 14 35 i
1824 322 160 36 allmän-

387 375 67 35 het
481 376 147 33 ansetts
655 374 155 47 skäligt,
841 377 60 32 att
923 375 74 34 den
1017 375 61 34 del
1097 374 43 35 af
1154 374 188 46 arfvodet,
1363 386 81 24 som
1463 374 122 35 under
1605 373 157 47 angifna
1780 373 204 37 förutsätt-

387 427 94 45 ning
526 425 123 36 skulle
689 426 38 50 få
769 426 41 35 af
839 425 337 47 arfvodestagaren
1202 426 185 46 behållas,
1416 426 216 36 bestämdes
1658 425 63 36 till
1748 428 68 33 två
1842 425 142 47 tredje-

388 478 106 35 delar
521 477 120 36 däraf.
686 477 165 36 Afvenså
879 477 70 36 har
967 478 13 34 i
998 478 106 46 regel
1123 478 220 46 tillstyrkts,
1365 480 59 33 att
1443 489 218 33 amanuens,
1682 489 82 23 som
1782 477 202 36 förordnas

388 533 61 32 att
488 530 65 34 vid
595 532 179 32 semester
815 530 93 35 eller
948 529 294 47 tjänstledighet
1282 529 60 36 för
1383 530 193 35 ordinarie
1612 528 372 47 tjänstinnehafvare

387 581 209 47 uppehålla
629 581 140 35 dennes
800 581 230 47 befattning,
1064 584 121 33 måtte
1216 581 40 35 få
1289 582 175 46 uppbära
1491 581 82 35 lika
1601 583 81 33 stor
1709 581 115 35 andel
1851 580 43 36 af
1916 581 69 35 sitt

388 633 155 35 arfvode
567 633 122 46 jämte
717 632 547 47 tjänstgöringspenningarna
1292 633 93 35 eller
1412 633 175 35 däremot
1615 633 185 35 svarande
1829 633 153 46 belopp.

517 684 186 36 Flertalet
749 684 271 47 myndigheter
1067 684 115 36 hafva
1218 684 146 47 jämväl
1404 685 229 35 understödt
1660 684 325 46 petitionärernas

389 736 296 46 framställning,
714 736 13 34 i
754 736 103 35 hvad
898 736 218 36 densamma
1158 736 110 45 afser,
1308 740 60 32 att
1392 739 109 33 extra
1530 736 192 35 ordinarie
1750 736 235 46 tjänsteman

388 789 88 35 med
507 787 75 36 fast
611 788 155 35 arfvode
795 788 134 45 skulle,
959 789 232 35 åtminstone
1216 788 98 36 efter
1337 788 73 35 viss
1430 788 76 35 tids
1524 787 263 47 tjänstgöring
1806 787 13 35 i
1838 790 147 33 statens

389 840 131 46 tjänst,
563 839 254 36 tillerkännas
857 843 80 32 rätt
977 840 62 35 till
1081 840 73 35 viss
1195 840 77 35 tids
1314 840 99 46 årlig
1452 839 173 47 ledighet
1657 860 51 4 —
1735 851 81 23 som
1845 839 141 35 dock
1963 835 25 56 i

389 892 212 35 allmänhet
628 894 144 32 ansetts
799 892 96 34 böra
922 893 205 45 begränsas
1155 892 59 35 till
1243 891 146 47 fjorton
1418 892 120 46 dagar
1565 912 51 4 —
1643 894 95 32 utan
1765 891 221 46 skyldighet

389 946 59 33 att
477 943 99 35 afstå
603 946 128 43 någon
759 943 61 35 del
848 943 42 35 af
914 943 67 36 sitt
1009 943 167 36 arfvode.

517 995 81 44 Att,
640 998 50 42 på
731 997 78 33 sätt
836 995 13 34 i
877 995 216 46 petitionen
1133 996 168 45 begärts,
1337 995 215 46 ersättning
1580 995 61 35 till
1670 995 45 34 de
1744 996 111 33 extra
1883 994 101 35 ordi-

388 1047 106 35 narie
525 1045 255 47 tjänstemän,
817 1059 81 23 som
930 1047 85 35 icke
1050 1047 150 46 åtnjuta
1232 1047 76 35 fast
1337 1046 166 46 arfvode,
1534 1047 122 35 skulle
1683 1047 121 34 redan
1831 1048 50 44 på
1908 1045 77 36 för-

388 1099 104 35 hand
532 1098 63 35 till
635 1098 93 35 visst
767 1098 142 47 belopp
947 1098 59 35 för
1036 1099 141 35 månad
1203 1098 149 45 fixeras,
1381 1098 72 35 har
1481 1098 41 35 af
1544 1098 167 35 flertalet
1739 1097 245 36 ämbetsverk

389 1153 144 33 ansetts
574 1150 85 35 icke
700 1151 95 34 böra
822 1150 292 46 ifrågakomma,
1143 1150 203 35 hvaremot
1374 1150 13 34 i
1416 1150 210 35 allmänhet
1654 1152 145 33 ansetts
1828 1149 155 46 skäligt,

389 1205 59 32 att
488 1202 119 35 sådan
648 1204 109 32 extra
799 1202 192 35 ordinarie
1032 1202 243 46 tjänsteman,
1320 1214 80 23 som
1441 1201 201 36 förordnas
1683 1204 60 33 att
1775 1200 210 47 uppehålla

390 1252 431 47 amanuensbefattning
848 1254 87 35 med
962 1254 76 35 fast
1066 1254 166 44 arfvode,
1262 1256 64 32 må
1354 1253 254 35 tillerkännas
1635 1255 81 33 rätt
1745 1255 61 33 att
1832 1252 61 35 för
1911 1253 75 34 den

387 1306 69 44 tid,
497 1305 270 46 befattningen
809 1305 43 35 af
887 1306 143 35 honom
1064 1305 197 45 bestrides,
1292 1305 151 46 åtnjuta
1472 1305 217 46 ersättning
1715 1305 89 35 med
1830 1304 154 46 belopp,

388 1358 184 34 svarande
592 1359 82 33 mot
693 1357 66 35 det
777 1357 61 35 för
856 1357 268 47 befattningen
1143 1357 200 36 bestämda
1357 1356 309 36 minimiarfvode
1679 1356 61 35 för
1754 1368 146 24 samma
1914 1355 70 36 tid.

518 1410 123 34 Innan
677 1408 69 47 jag
785 1412 72 43 går
896 1409 144 45 vidare,
1082 1411 62 33 må
1185 1414 171 39 nämnas,
1400 1411 60 33 att
1501 1409 184 45 styrelsen
1712 1408 61 35 för
1801 1408 46 34 de
1876 1409 110 33 extra

390 1461 211 35 ordinaries
641 1460 178 47 förening
846 1461 13 34 i
887 1461 240 46 underdånig
1169 1460 197 36 skrifvelse
1408 1461 73 34 den
1512 1463 43 32 31
1588 1459 154 47 augusti
1773 1461 97 33 1906
1899 1459 88 34 med

390 1512 209 46 anledning
627 1512 41 35 af
691 1513 311 35 ämbetsverkens
1029 1513 210 45 yttranden
1259 1512 153 46 afgifvit
1430 1511 266 46 underdåniga
1715 1511 269 46 påminnelser,

390 1564 83 35 däri
500 1564 185 46 styrelsen
713 1563 90 36 sökt
820 1565 156 34 bemöta
1001 1564 196 45 åtskilliga
1222 1564 41 34 af
1277 1563 288 35 vederbörande
1586 1562 245 36 ämbetsverk
1849 1562 137 46 gjorda

390 1616 218 47 erinringar
635 1618 99 33 samt
761 1615 13 35 i
804 1615 209 35 allmänhet
1041 1617 192 44 upprepat
1262 1615 82 34 sina
1372 1615 13 34 i
1412 1614 105 35 förut
1547 1614 252 35 omförmälda
1818 1614 169 46 petition

390 1668 174 35 uttalade
594 1667 207 35 önskemål.

164 1780 208 31 Departements-
521 1771 130 36 Såsom
690 1770 538 48 löneregleringskommittén
1269 1769 225 45 framhållit,
1535 1775 42 29 är
1606 1770 216 34 ordnandet
1849 1768 41 36 af
1914 1769 74 35 den

219 1816 98 29 chefen.
392 1825 109 33 extra
536 1823 192 35 ordinarie
755 1821 535 48 tjänstemannapersonalens
1309 1822 106 34 inom
1434 1822 46 34 de
1499 1821 173 35 centrala
1692 1821 295 35 ämbetsverken

391 1875 186 46 ställning
618 1874 104 36 såväl
762 1875 88 34 med
892 1874 174 35 afseende
1096 1876 21 33 å
1145 1876 120 33 sättet
1297 1873 61 35 för
1391 1873 125 35 denna
1543 1873 196 46 personals
1767 1872 220 47 antagande

391 1938 81 24 som
499 1927 13 34 i
540 1927 110 45 fråga
692 1938 62 23 om
795 1927 83 34 dess
919 1926 262 46 tjänstgöring
1209 1925 74 35 och
1311 1924 170 47 aflöning
1507 1927 97 33 utan
1631 1924 136 36 tvifvel
1796 1936 48 23 en
1872 1936 115 34 ange-

390 1978 184 46 lägenhet
615 1978 41 35 af
692 1978 85 35 icke
814 1978 113 46 ringa
954 1978 85 35 vikt
1068 1977 31 46 ej
1128 1977 151 35 mindre
1307 1976 60 35 för
1395 1976 64 35 det
1487 1976 195 35 allmänna
1710 1982 49 29 än
1789 1976 112 35 äfven
1928 1976 61 34 för

390 2029 309 47 tjänstemännen
736 2029 146 47 själfva.

519 2082 71 35 Att
617 2080 136 36 härvid
781 2094 48 22 en
856 2081 74 35 viss
957 2080 268 47 likformighet
1254 2080 163 35 emellan
1436 2080 46 35 de
1502 2080 172 35 centrala
1693 2079 296 36 ämbetsverken

393 2138 42 29 är
462 2133 205 45 önskvärd,
698 2138 42 30 är
767 2133 155 46 tydligt.
977 2133 108 35 Dock
1112 2132 133 35 kunna
1272 2131 223 46 naturligen
1522 2132 306 35 understundom
1846 2131 142 47 ifråga-

391 2185 168 35 varande
587 2184 266 47 befattningar
879 2185 105 35 inom
1013 2184 104 36 olika
1146 2183 246 36 ämbetsverk
1418 2195 94 23 vara
1541 2183 41 35 af
1604 2195 82 23 mer
1714 2183 93 35 eller
1838 2183 149 35 mindre

394 2235 195 37 olikartad
615 2236 267 36 beskaffenhet
910 2236 71 35 och
1010 2235 193 36 olikheter
1232 2235 114 36 däraf
1369 2234 174 47 påkallas
1572 2235 104 35 såväl
1696 2235 86 35 med
1810 2234 176 36 afseende
