2222 2630
777 189 254 32 Statsutskottets
1061 189 168 32 Utlåtande
1255 190 60 31 N:o
1339 190 50 30 91.
1796 189 40 32 65

280 269 110 46 långt
431 272 122 32 större
595 269 272 47 utsträckning
905 275 48 29 än
981 269 182 46 tillförne,
1194 269 178 47 erbjuder
1399 269 168 35 fördelar
1593 269 13 35 i
1635 269 246 36 ekonomiskt

280 321 226 45 hänseende,
549 321 88 36 vida
679 321 284 47 öfverstigande
1006 322 97 45 dem,
1146 322 153 35 arbetet
1325 322 13 34 i
1367 323 144 34 statens
1550 320 122 47 tjänst
1698 321 181 35 förlänar.

280 373 233 46 Visserligen
541 376 198 43 motväges
768 373 109 35 detta
905 373 13 35 i
945 373 77 35 viss
1047 376 90 32 mån
1156 373 42 36 af
1214 374 73 35 den
1306 374 87 34 med
1413 373 267 46 statstjänsten
1700 373 180 36 förenade

282 429 123 31 större
433 425 233 46 tryggheten
694 426 13 34 i
736 425 237 46 aflöningens
1001 425 326 36 utbekommande
1348 425 193 35 äfvensom
1559 427 131 33 rätten
1709 425 62 35 till
1789 437 91 35 pen-

281 478 93 34 sion.
430 477 17 34 I
479 477 202 35 realiteten
722 477 111 35 torde
875 477 102 35 dock
1018 477 107 35 dessa
1169 477 328 46 omständigheter
1537 489 163 23 numera
1738 477 142 46 betyda

281 529 148 35 mindre
471 534 48 29 än
560 528 91 46 förr,
685 529 101 35 helst
813 529 117 35 sedan
957 529 364 46 pensionsväsendet
1347 528 165 36 kommit
1540 528 63 36 till
1632 529 250 46 användning

283 583 21 32 å
331 583 141 43 många
514 581 118 34 andra
674 581 184 35 områden
892 585 49 30 än
970 581 236 35 statslifvets.
1262 581 136 35 Därest
1425 580 258 35 statslönerna
1711 583 169 33 utmätas

281 633 87 35 med
410 632 131 36 alltför
580 636 82 32 stor
701 632 214 47 knapphet,
958 632 125 47 ligger
1117 632 132 36 därför
1276 632 73 35 den
1376 632 83 36 fara
1487 638 105 39 nära,
1623 635 60 32 att
1712 633 45 34 de
1787 633 93 46 dug-

281 684 121 47 ligare
430 684 200 36 krafterna
657 684 13 35 1
700 684 69 36 allt
798 688 122 31 större
949 684 273 46 utsträckning
1250 684 94 35 söka
1372 684 58 47 sig
1458 684 119 35 andra
1601 684 14 35 i
1634 684 247 35 ekonomiskt

283 736 173 35 afseende
498 736 272 46 förmånligare
807 736 337 36 verksamhetsfält
1186 742 49 29 än
1269 737 151 34 arbetet
1447 736 13 35 i
1488 738 145 33 statens
1660 736 133 46 tjänst,
1823 739 58 32 ett

281 788 239 35 förhållande
550 800 81 23 som
659 788 217 46 säkerligen
904 788 14 35 1
943 788 73 35 och
1034 789 87 34 med
1140 788 221 35 samhällets
1380 788 227 46 fortgående
1627 787 254 36 ekonomiska

281 839 225 47 utveckling
551 840 174 35 kommer
753 842 59 33 att
858 840 71 35 allt
974 840 184 46 skarpare
1202 839 223 36 framträda.
1487 840 60 34 Nu
1591 840 165 35 berörda
1802 852 78 23 om-

282 891 222 46 ständighet
532 903 108 34 synes
667 892 81 46 mig
776 891 183 36 särskildt
986 904 92 23 vara
1106 891 164 47 förtjänt
1298 891 41 35 af
1362 891 344 47 uppmärksamhet
1732 891 66 35 vid
1816 892 64 34 be-

281 943 238 36 stämmande
549 943 42 35 af
614 943 265 47 aflöningarna
907 943 60 35 för
995 944 45 34 de
1068 943 120 47 högre
1216 943 213 46 tjänsterna
1453 954 87 24 men
1568 948 92 41 äger
1684 943 111 35 äfven
1823 943 58 35 sin

283 998 105 32 stora
414 995 195 46 betydelse
637 995 13 35 1
677 995 110 46 fråga
829 1007 62 23 om
920 995 46 35 de
994 995 119 46 lägre,
1141 995 118 35 bland
1288 998 120 32 annat
1436 994 110 36 äfven
1575 995 41 34 af
1641 995 73 35 den
1741 995 137 46 grund,

282 1050 60 32 att
370 1047 46 35 de
443 1047 120 46 högre
593 1047 72 35 och
688 1046 336 47 betydelsefullare
1053 1046 215 47 tjänsterna
1292 1047 44 46 ju
1363 1047 13 34 i
1406 1047 210 35 allmänhet
1642 1049 123 33 måste
1794 1047 85 35 där-

282 1098 99 36 ifrån
410 1099 230 46 rekryteras.

410 1151 56 35 Då
495 1151 65 35 det
587 1164 53 22 nu
667 1150 122 47 gäller
817 1154 60 32 att
903 1151 89 35 med
1018 1150 244 47 vederbörlig
1289 1151 148 45 hänsyn
1464 1150 62 35 till
1553 1151 46 34 de
1628 1150 41 35 af
1693 1150 80 46 mig
1801 1163 79 23 om-

281 1202 189 36 förmälda
497 1202 268 36 förhållanden
792 1203 150 35 utfinna
971 1205 59 33 ett
1056 1202 182 47 lämpligt
1265 1205 101 32 mått
1393 1202 60 36 för
1480 1202 267 46 aflöningarna
1775 1202 105 35 inom

282 1254 46 35 de
357 1253 172 36 centrala
558 1254 306 45 ämbetsverken,
894 1254 131 35 kunde
1053 1254 66 35 det
1137 1253 225 47 visserligen
1389 1266 110 33 synas
1519 1253 283 47 följdriktigast
1822 1257 59 32 att

282 1305 97 36 först
406 1306 159 45 vidtaga
593 1318 47 23 en
668 1306 244 46 procentiskt
939 1305 82 36 lika
1048 1305 224 46 förhöjning
1299 1305 60 35 för
1387 1305 266 47 aflöningarna
1679 1305 66 35 vid
1765 1308 116 32 samt-

283 1358 79 45 liga
390 1357 294 46 tjänstegrader,
714 1357 269 46 ungefärligen
1010 1358 271 34 motsvarande
1309 1357 102 35 hvad
1436 1357 42 35 af
1492 1357 74 35 den
1584 1357 183 35 inträdda
1786 1357 95 46 pris-

284 1409 220 46 stegringen
532 1409 129 35 kunde
690 1421 109 23 anses
827 1409 215 46 påkalladt,
1073 1411 100 33 samt
1192 1409 171 35 därefter
1380 1409 165 45 tillägga
1564 1409 102 35 hvad
1685 1411 51 44 på
1754 1410 127 45 grund

285 1461 41 35 af
352 1460 123 47 öfriga
502 1460 106 36 förut
636 1460 254 36 omförmälda
917 1461 272 35 förhållanden
1215 1461 131 35 kunde
1374 1460 228 36 föranledas.

412 1514 57 33 Då
510 1513 214 35 emellertid
764 1513 47 35 de
852 1512 226 48 aflöningar,
1122 1525 81 23 som
1245 1518 66 30 äro
1351 1512 100 36 fästa
1491 1512 64 35 vid
1594 1513 46 34 de
1668 1512 121 47 högre
1816 1513 65 35 be-

282 1564 279 46 fattningarna,
590 1564 180 47 gifvetvis
797 1567 122 33 måste
948 1577 109 23 anses
1074 1565 119 35 redan
1213 1577 53 23 nu
1281 1568 39 32 så
1341 1564 209 47 afpassade,
1571 1566 62 33 att
1646 1565 110 34 deras
1775 1564 106 35 inne-

283 1616 156 34 hafvare
481 1616 85 35 icke
607 1617 133 34 kunna
782 1628 107 23 anses
917 1616 13 35 i
958 1628 138 23 samma
1136 1620 91 32 mån
1254 1617 190 34 beroende
1474 1616 41 35 af
1538 1629 48 22 en
1613 1616 266 46 prisstegring,

284 1668 73 34 den
399 1668 69 34 där
508 1668 85 34 icke
635 1671 71 31 når
752 1667 133 36 alltför
926 1671 105 32 stora
1072 1667 268 45 dimensioner,
1383 1680 81 23 som
1507 1668 45 34 de
1593 1668 107 46 lägre
1742 1667 139 46 tjänst-

283 1718 287 46 innehafvarna,
609 1719 133 35 hvilka
783 1720 176 45 uppbära
1001 1719 225 45 aflöningar,
1269 1719 219 35 beräknade
1516 1719 60 35 för
1610 1730 47 23 en
1684 1719 197 47 tarfligare

283 1770 334 47 lefnadsställning
659 1770 72 35 och
768 1770 13 35 1i
814 1770 96 46 följd
951 1770 113 36 däraf
1100 1770 73 35 ock
1214 1770 179 46 gifvetvis
1432 1770 89 35 vida
1561 1770 220 46 känsligare
1822 1770 60 35 för

283 1822 240 46 rubbningar
563 1822 13 35 1
616 1822 386 46 prisförhållandena,
1044 1822 124 35 finner
1204 1821 80 47 jag,
1313 1822 14 35 i
1354 1821 125 36 likhet
1520 1822 86 35 med
1647 1822 234 35 kommittén

283 1873 155 46 skäligt,
482 1877 59 32 att
581 1874 64 35 vid
688 1873 284 47 aflöningarnas
1012 1874 300 44 bestämmande,
1355 1873 135 36 därvid
1517 1873 223 47 naturligen
1769 1873 112 36 äfven

285 1925 349 36 statsekonomiska
653 1925 148 46 hänsyn
819 1928 123 33 måste
961 1929 114 43 göras
1093 1925 191 46 gällande,
1302 1937 46 24 en
1362 1925 159 36 relativt
1536 1928 124 32 större
1676 1925 204 46 aflönings-

283 1976 223 47 förhöjning
546 1977 175 47 vidtages
753 1977 240 35 beträffande
1023 1977 45 35 de
1096 1977 107 46 lägre
1231 1977 329 46 tjänstemännens
1589 1976 216 47 aflöningar
1832 1982 48 29 än

285 2028 12 34 1
325 2028 108 46 fråga
475 2040 62 23 om
570 2029 46 34 de
643 2029 150 45 högres.
850 2029 110 35 Hvad
983 2028 69 46 jag
1079 2028 161 35 sålunda
1267 2031 125 43 yttrat
1420 2040 62 23 om
1510 2028 46 35 de
1584 2028 106 46 lägre
1719 2027 161 47 tjänste-

284 2085 185 29 männens
510 2079 216 46 aflöningar
761 2079 123 46 gäller
911 2079 222 46 naturligen
1161 2079 13 35 i
1209 2079 76 36 allo
1314 2079 112 36 äfven
1454 2091 62 23 om
1543 2079 336 45 betjäntklassens.

414 2130 51 35 På
499 2132 78 33 sätt
609 2130 105 35 förut
742 2133 164 42 nämnts,
936 2130 116 35 hafva
1079 2130 199 46 åtskilliga
1307 2130 120 36 första
1454 2131 164 45 gradens
1645 2130 235 46 tjänstemän

285 2181 10 34 i
326 2193 46 23 en
401 2181 73 35 den
504 2183 47 32 24
580 2181 172 35 sistlidne
781 2181 202 36 december
1014 2181 172 46 ingifven
1214 2182 242 46 underdånig
1485 2181 199 36 skrifvelse
1704 2181 174 45 anhållit,

286 2236 58 31 att
371 2232 285 46 framställning
682 2232 62 36 till
773 2232 219 47 Riksdagen
1012 2235 121 33 måtte
1153 2237 114 41 göras
1286 2245 60 24 om
1367 2232 216 46 beviljande
1602 2236 50 43 på
1672 2236 111 33 extra
1802 2236 78 32 stat

373 2290 72 32 PBih.
470 2291 48 30 till
543 2291 109 31 Biksd.
677 2291 89 31 Prot.
792 2293 95 30 1907.
934 2292 18 29 4
977 2292 97 31 Saml.
1104 2292 14 29 1
1145 2291 77 40 Afd.
1271 2292 39 32 61
1338 2291 90 38 Häöft.
1817 2293 19 28 9
