2220 2620
165 586 123 32 Sportler.

395 190 41 31 68
842 192 248 33 Statsutskottets
1120 193 166 32 Utlåtande
1311 195 60 32 N:o
1396 196 51 31 91.

352 272 192 33 mästaren
585 270 85 35 från
712 272 71 34 och
823 273 87 34 med
951 275 42 32 år
1037 276 109 33 1888.
1188 275 546 49 Missräkningspenningarna
1766 282 91 44 utgå
1890 280 61 35 till

353 321 84 44 den,
479 333 80 23 som
600 322 188 36 bestrider
815 323 180 46 tjänsten,
1026 325 124 45 alltså,
1181 327 13 34 i
1220 326 316 37 förekommande
1564 329 78 45 fall,
1672 330 62 35 till
1761 331 186 36 vikarien.

479 373 552 48 Löneregleringskommittén
1059 377 72 35 har
1158 377 13 35 i
1199 378 126 35 denna
1349 379 128 46 punkt
1495 380 87 36 icke
1602 380 198 48 föreslagit
1820 385 129 43 någon

350 424 240 48 förändring;
630 426 71 35 och
728 426 72 36 har
823 427 70 47 jag
920 428 236 36 därutinnan
1183 429 60 36 för
1271 430 80 34 min
1381 431 61 34 del
1469 431 87 35 icke
1584 432 128 36 funnit
1741 434 208 47 anledning

350 476 61 35 till
438 479 129 43 någon
596 477 164 37 erinran.

478 580 58 34 En
565 581 60 34 del
653 581 233 46 tjänstemän
913 583 104 35 inom
1045 584 282 36 statskontoret
1355 587 175 44 uppbära
1555 587 122 46 enligt
1696 600 53 23 nu
1768 589 178 45 gällande

348 632 285 36 bestämmelser
665 633 59 35 för
758 633 70 36 sitt
855 635 130 45 bestyr
1012 636 87 34 med
1126 635 383 48 fondförvaltningen
1537 639 164 35 särskild
1730 642 217 45 ersättning

349 683 42 35 af
413 684 98 34 vissa
539 684 122 35 under
688 685 300 36 statskontorets
1016 687 238 47 förvaltning
1282 689 158 35 stående
1468 689 145 36 fonder.

477 735 46 36 Så
565 741 42 29 är
656 737 182 36 särskildt
881 737 260 37 förhållandet
1186 740 87 35 med
1315 741 338 45 ombudsmannen,
1698 743 113 35 hvars
1854 744 91 35 aflö-

347 787 105 45 ning,
495 787 122 47 enligt
657 788 102 36 hvad
798 788 125 36 föruts
950 795 165 41 nämnts,
1144 791 82 36 helt
1254 792 73 34 och
1355 792 119 35 hållet
1502 796 117 43 utgår
1647 794 42 35 af
1712 794 230 38 fondmedel.

347 839 88 34 Men
463 838 111 36 äfven
602 840 97 35 vissa
728 841 121 34 andra
876 841 13 34 i
918 842 284 36 ämbetsverket
1230 843 191 36 anställda
1449 844 233 46 tjänstemän
1712 847 174 46 uppbära
1908 848 41 34 af

347 890 131 46 dylika
505 891 125 35 medel
657 891 73 36 viss
759 893 226 46 ersättning.

474 942 134 47 Enligt
642 944 135 45 nådigt
805 944 87 35 bref
915 945 73 34 den
1019 948 44 32 12
1095 946 200 35 december
1326 949 97 33 1884
1451 947 71 36 har
1550 948 161 35 sålunda
1738 949 61 35 till
1828 954 114 31 stats-

345 993 202 36 kontorets
582 994 224 47 förfogande
836 996 166 36 anvisats
1031 1000 21 32 å
1080 997 175 36 handels-
1285 998 73 35 och
1386 998 298 46 sjöfartsfonden
1713 1004 57 32 ett
1799 1001 141 46 belopp

347 1044 41 35 af
411 1045 113 47 högst
561 1048 71 33 500
661 1046 146 36 kronor
835 1047 146 47 årligen
1010 1051 71 43 att,
1109 1049 14 35 i
1150 1052 89 32 mån
1268 1049 41 36 af
1332 1050 127 46 behof,
1489 1052 194 35 användas
1711 1052 62 35 till
1802 1058 137 30 ersätt-

344 1097 95 46 ning
479 1100 40 32 åt
561 1109 47 23 en
649 1098 92 35 eller
775 1099 94 35 flera
897 1099 233 46 tjänstemän
1157 1101 69 36 hos
1254 1102 283 36 statskontoret
1566 1103 60 35 för
1652 1105 173 45 bestyret
1853 1106 87 34 med

344 1147 159 37 fondens
535 1149 248 48 förvaltning.
837 1151 53 35 Af
917 1152 108 35 detta
1054 1153 142 46 belopp
1224 1154 195 45 uppbäras
1448 1155 147 46 årligen
1625 1157 72 33 200
1727 1156 147 35 kronor
1902 1157 42 35 af

344 1200 170 36 revisorn
557 1201 72 35 och
661 1202 255 36 bokhållaren
958 1206 22 32 å
1006 1203 199 46 inkomst-,
1235 1205 110 35 fond-
1375 1205 71 35 och
1474 1207 298 46 stämpelbyrån.
1828 1200 111 43 Åter-

343 1252 135 35 stoden
520 1253 113 35 däraf
664 1255 203 44 användes,
897 1257 124 33 såsom
1048 1255 106 36 förut
1182 1259 164 43 nämnts,
1377 1257 61 35 till
1466 1258 202 35 aflönande
1697 1259 43 35 af
1764 1260 177 35 ombuds-

342 1315 177 24 mannen.
561 1305 140 35 Vidare
728 1305 72 35 har
827 1318 138 34 genom
993 1307 137 46 nådigt
1157 1308 87 35 bref
1268 1309 73 34 den
1372 1311 19 33 9
1413 1310 154 45 augusti
1590 1312 97 33 1894
1707 1311 232 46 medgifvits,

344 1358 60 32 att
432 1355 40 35 af
495 1356 24 35 f.
550 1357 34 34 d.
629 1357 194 35 allmänna
865 1358 385 37 döfstuminstitutets
1293 1361 330 35 donationsmedel
1655 1365 108 42 1,000
1794 1363 147 35 kronor

343 1406 146 47 årligen
529 1410 63 32 må
631 1410 193 34 användas
853 1410 61 34 till
941 1411 218 46 ersättning
1187 1414 40 33 åt
1256 1412 46 35 de
1330 1412 245 46 tjänstemän,
1606 1414 133 35 hvilka
1767 1418 173 32 närmast

341 1461 93 43 taga
472 1459 221 47 befattning
728 1461 86 35 med
843 1461 288 47 förvaltningen
1159 1463 41 34 af
1223 1464 168 35 nämnda
1419 1464 134 36 medel.
1608 1465 53 34 Af
1685 1466 65 34 det
1779 1466 161 35 sålunda

341 1511 178 35 anvisade
559 1512 183 46 beloppet
783 1514 193 45 uppbäras
1024 1516 72 33 500
1138 1514 147 36 kronor
1326 1515 148 46 årligen
1510 1516 42 34 af
1575 1516 134 35 chefen
1736 1517 61 35 för
1824 1520 114 33 stats-

339 1561 203 36 kontorets
569 1563 198 46 inkomst-,
798 1564 110 35 fond-
937 1565 71 35 och
1036 1566 271 45 stämpelbyrå,
1337 1567 139 34 medan
1502 1568 222 35 återstoden
1746 1570 191 34 användes

339 1616 123 33 såsom
489 1614 139 47 bidrag
655 1615 60 35 till
744 1615 200 36 aflönande
974 1616 42 35 af
1040 1629 47 22 en
1116 1628 208 24 amanuens
1353 1620 22 33 å
1403 1619 167 35 nämnda
1598 1620 106 45 byrå.

467 1666 550 47 Löneregleringskommittén
1045 1668 83 46 har,
1157 1668 102 36 hvad
1277 1670 185 35 beträffar
1481 1671 341 46 ombudsmannen,
1844 1678 93 29 enär

339 1717 121 34 denne
504 1723 42 29 är
583 1721 58 33 ett
669 1721 109 33 extra
806 1719 161 46 biträde,
997 1720 114 35 hvars
1140 1721 240 36 anställande
1408 1722 175 46 påkallas
1611 1723 325 47 hufvudsakligen

338 1767 60 36 för
425 1780 46 23 en
499 1769 61 35 del
586 1770 88 35 med
700 1769 381 49 fondförvaltningen
1109 1772 181 36 förenade
1311 1774 139 45 bestyr,
1471 1774 85 35 icke
1576 1774 130 36 funnit
1727 1775 209 47 anledning

337 1820 62 35 till
426 1821 154 35 erinran
607 1822 75 45 vid,
712 1824 59 33 att
800 1822 218 47 aflöningen
1046 1824 62 35 till
1137 1824 107 36 detta
1269 1825 152 35 biträde
1440 1826 186 35 bestrides
1647 1826 41 35 af
1702 1826 230 37 fondmedel.

335 1871 140 36 Likaså
515 1873 72 35 har
626 1873 233 36 kommittén
900 1875 32 46 ej
962 1873 84 38 haft
1080 1878 121 44 något
1229 1879 60 33 att
1318 1877 186 35 anmärka
1532 1878 148 45 därvid,
1709 1881 71 42 att,
1811 1881 123 33 såsom

333 1922 61 36 för
420 1926 252 44 närvarande,
702 1925 61 36 till
790 1926 226 36 minskande
1046 1927 44 35 af
1112 1928 253 36 statsverkets
1393 1929 173 46 utgifter,
1589 1929 219 36 fondmedel
1827 1930 13 35 i
1859 1931 74 35 viss

332 1977 90 32 mån
463 1977 195 35 användas
698 1977 60 35 till
801 1977 200 37 aflönande
1045 1979 42 35 af
1124 1982 22 32 å
1173 1979 199 46 inkomst-,
1406 1980 109 36 fond-
1545 1981 72 35 och
1645 1982 287 46 stämpelbyrån

333 2025 225 49 erforderlig
599 2032 110 32 extra
748 2029 364 47 biträdespersonal,
1152 2030 113 36 hvars
1293 2032 240 35 anställande
1563 2033 221 46 naturligen
1813 2034 119 35 delvis

331 2077 174 47 påkallas
534 2080 42 35 af
599 2081 224 45 göromålen
850 2081 88 35 med
955 2081 395 48 fondförvaltningen.
1405 2084 183 35 Däremot
1607 2084 72 36 har
1696 2085 235 35 kommittén

331 2133 138 42 ansett,
513 2134 61 33 att
615 2132 191 36 ordinarie
848 2132 233 47 tjänstemän
1122 2134 69 36 hos
1232 2135 295 46 statskontoret,
1570 2136 134 35 hvilka
1736 2136 42 35 af
1802 2140 128 32 staten

330 2182 176 45 uppbära
533 2194 144 25 samma
705 2184 171 47 aflöning
904 2196 80 24 som
1012 2186 122 35 andra
1152 2185 236 47 tjänstemän
1405 2187 14 35 i
1437 2188 272 35 motsvarande
1728 2188 198 46 lönegrad,

329 2233 86 36 icke
447 2233 94 36 böra
575 2235 222 36 därutöfver
824 2236 61 35 för
911 2237 131 45 bestyr
1068 2238 89 34 med
1182 2237 395 48 fondförvaltningen,
1608 2239 133 35 hvilka
1768 2239 160 36 tillhöra

329 2285 109 35 deras
466 2284 131 46 tjänst,
628 2287 144 36 erhålla
800 2288 164 35 särskild
991 2289 209 46 godtgörse
1231 2289 41 35 af
1296 2289 228 37 fondmedel.
1580 2292 54 34 De
1662 2292 153 46 belopp,
1847 2303 81 24 som
