2226 2622
421 184 39 31 76
872 185 247 33 Statsutskottets
1149 186 169 33 Utlåtande
1340 190 61 29 N:o
1424 190 51 30 91.

377 263 168 36 varande
588 276 250 23 amanuenser
865 263 13 36 i
905 263 181 37 medeltal
1126 278 159 23 numera
1326 267 109 35 torde
1478 267 120 49 något
1639 269 211 49 öfverstiga
1885 271 100 37 hvad

377 313 228 38 kommittén
632 315 184 36 förutsatt
844 318 124 33 såsom
997 315 74 37 den
1099 317 181 47 normala,
1312 317 197 38 äfvensom
1528 319 104 37 inom
1653 321 195 49 åtskilliga
1869 323 116 36 andra

377 368 104 48 verk,
525 368 68 36 där
634 372 55 32 ett
725 367 181 36 liknande
935 367 237 37 förhållande
1201 373 93 44 äger
1321 382 96 35 rum,
1446 371 107 36 torde
1592 372 70 36 ock
1690 372 296 49 ifrågavarande

376 420 187 37 arfvoden
603 420 117 36 redan
761 433 52 22 nu
850 419 186 48 tämligen
1066 419 155 37 allmänt
1249 424 94 46 utgå
1371 422 87 37 med
1488 424 113 46 1,500
1630 424 142 36 kronor
1801 438 62 23 om
1891 429 93 34 året.

376 471 161 49 Tydligt
578 476 41 31 är
660 472 126 44 äfven,
829 476 56 31 att
913 471 112 36 dessa
1054 471 203 37 arfvodens
1286 473 137 50 belopp
1452 474 13 36 i
1494 475 77 36 viss
1600 478 88 34 mån
1716 479 122 34 måste
1866 477 120 37 blifva

376 523 191 37 beroende
596 523 113 36 äfven
739 523 41 36 af
805 522 177 50 tilloppet
1002 523 42 36 af
1060 523 167 37 sökande
1247 524 58 37 till
1326 525 292 38 ämbetsverken
1639 528 70 35 och
1729 529 256 48 möjligheten

378 580 54 31 att
460 575 143 37 erhålla
631 574 185 49 lämpliga
843 574 224 37 biträdande
1096 575 275 38 arbetskrafter
1399 577 57 37 till
1485 578 246 50 erforderligt
1759 581 114 35 antal.

507 628 80 46 Att,
629 630 48 46 på
706 631 77 32 sätt
823 626 12 36 i
876 626 251 37 omförmälda
1154 628 163 48 petition
1345 628 127 37 blifvit
1499 630 217 49 ifrågasatt,
1746 632 238 37 beträffande

376 679 291 49 ifrågavarande
709 678 266 49 befattningar
1010 681 49 46 på
1086 679 163 37 förhand
1279 680 188 37 fastställa
1497 682 279 49 ålderstillägg,
1807 689 56 30 att
1890 687 95 46 utgå

377 731 85 36 med
489 730 250 50 tillämpning
760 731 42 35 af
818 730 45 36 de
883 730 60 37 för
962 730 190 37 ordinarie
1171 732 410 50 tjänstebefattningar
1600 734 180 49 gällande
1800 735 182 49 grunder,

376 796 115 35 synes
534 783 81 47 mig
654 782 84 36 icke
777 794 91 23 vara
896 782 86 36 med
1010 782 294 48 ifrågavarande
1334 784 282 50 befattningars
1645 791 113 31 natur
1787 787 196 49 förenligt.

374 834 183 37 Däremot
599 847 111 35 synes
753 834 98 35 intet
892 834 138 36 hinder
1071 834 91 36 böra
1199 840 105 31 möta
1334 841 65 42 att,
1438 837 2 35 i
1470 840 88 33 mån
1587 851 81 23 som
1698 838 286 38 vederbörande

374 886 399 48 befattningshafvare
815 899 139 35 genom
997 886 215 49 ådagalagd
1246 887 58 36 flit
1332 888 70 36 och
1431 888 204 49 duglighet
1663 895 95 42 göra
1786 891 62 48 sig
1877 891 111 36 däraf

373 938 197 49 förtjänta,
613 938 95 36 efter
736 937 80 36 viss
844 937 74 36 tids
947 938 275 49 tjänstgöring,
1253 939 123 49 enligt
1403 940 102 36 hvad
1534 941 143 48 skäligt
1705 942 169 48 pröfvas,
1894 943 90 48 höja

374 990 184 36 arfvodet.
599 990 103 35 Enär
731 989 80 36 ofta
838 1002 79 35 nog
944 992 66 33 två
1038 989 265 50 befattningar
1333 992 41 35 af
1396 991 293 49 ifrågavarande
1719 993 86 49 slag
1833 994 150 36 förenas

374 1045 48 44 på
463 1055 145 23 samma
640 1041 113 45 hand,
784 1054 114 36 synes
926 1063 50 3 —
1004 1041 121 36 under
1151 1042 280 49 förutsättning
1458 1049 56 31 att
1543 1044 353 49 begynnelselönen
1925 1046 59 36 för

374 1093 119 36 första
522 1093 165 49 gradens
715 1093 121 48 tjänst
863 1093 230 36 bestämmes
1121 1093 56 36 till
1197 1096 115 45 4,000
1334 1095 140 37 kronor
1493 1118 52 4 —
1564 1109 47 23 en
1632 1097 106 48 dylik
1758 1097 226 49 förhöjning

374 1145 40 35 af
453 1145 188 47 arfvodet,
671 1145 230 36 åtminstone
930 1147 117 34 wnder
1074 1147 147 44 vanliga
1243 1147 268 44 förhållanden
1540 1148 71 36 och
1639 1148 82 36 ifall
1750 1149 233 37 arbetstiden

374 1210 79 23 som
486 1197 107 48 regel
620 1197 84 36 icke
733 1199 70 45 går
830 1196 153 36 utöfver
1011 1196 100 36 hvad
1139 1197 227 37 kommittén
1394 1199 183 37 förutsatt
1605 1203 122 33 såsom
1759 1201 73 36 den
1860 1202 122 48 regel-

374 1249 180 48 mässiga,
584 1248 92 37 böra
705 1253 138 31 stanna
872 1248 64 36 vid
965 1250 114 44 2,000
1109 1249 151 36 kronor.

504 1301 17 35 I
562 1300 122 36 likhet
726 1300 86 36 med
840 1299 164 37 flertalet
1033 1300 42 36 af
1099 1300 45 36 de
1173 1301 11 35 i
1213 1302 159 36 ärendet
1400 1302 120 36 hörda
1549 1303 296 37 ämbetsverken
1873 1318 111 22 anser

370 1352 71 48 jag
483 1352 156 48 skäligt,
683 1357 54 30 att
779 1365 52 22 nu
863 1351 293 49 ifrågavarande
1185 1353 235 48 tjänstemän
1448 1354 64 36 vid
1542 1355 189 48 sjukdom,
1762 1355 68 36 där
1859 1356 125 36 denna

375 1404 82 36 icke
492 1403 258 37 öfverskrider
778 1403 79 36 viss
884 1403 67 47 tid,
981 1404 234 48 exempelvis
1244 1410 55 31 ett
1329 1407 52 45 år,
1411 1405 251 37 tillerkännes
1690 1411 77 32 rätt
1796 1412 56 31 att
1879 1407 104 36 bibe-

375 1455 99 37 hålla
503 1469 47 23 en
579 1455 60 37 del
668 1456 40 35 af
734 1455 110 36 deras
873 1455 170 47 arfvode,
1074 1455 155 37 hvilken
1252 1457 210 49 lämpligen
1491 1471 114 35 synes
1633 1458 93 36 böra
1752 1458 232 37 bestämmas

373 1507 59 36 till
459 1510 64 33 två
552 1507 231 49 tredjedelar
812 1506 117 37 däraf.
973 1507 220 36 Detsamma
1222 1521 117 35 synes
1365 1508 92 37 böra
1477 1510 102 47 gälla
1599 1509 64 36 vid
1683 1509 118 37 sådan
1821 1511 162 48 tjänste-

375 1572 87 23 man
504 1558 217 37 meddeladt
763 1558 256 37 förordnande
1058 1564 55 30 att
1141 1560 110 35 sköta
1280 1560 188 36 ordinarie
1496 1561 123 48 tjänst
1645 1561 122 36 under
1796 1562 188 37 ordinarie

374 1611 272 36 innehafvares
675 1616 183 31 semester
886 1610 91 36 eller
1002 1610 305 49 tjänstledighet,
1337 1611 12 36 1
1378 1612 236 36 sistnämnda
1642 1613 67 35 fall
1737 1613 98 36 dock
1855 1619 129 31 natur-

374 1662 104 49 ligen
520 1663 86 36 med
641 1663 73 36 den
743 1662 294 48 inskränkning,
1067 1675 80 23 som
1176 1665 61 33 må
1265 1663 216 36 föranledas
1511 1664 118 47 däraf,
1660 1669 55 31 att
1744 1665 73 36 den
1846 1666 137 48 tjänst-

374 1714 128 49 ledige
529 1714 156 49 pröfvas
714 1714 92 36 böra
834 1714 59 35 till
920 1714 175 36 vikarien
1124 1714 98 36 afstå
1251 1717 129 46 någon
1409 1715 61 37 del
1500 1716 41 35 af
1569 1715 126 37 lönen.
1748 1717 233 45 Amanuens,

375 1779 80 23 som
484 1766 169 48 åtnjuter
680 1765 173 49 ledighet
881 1766 59 35 för
964 1779 95 35 svag
1078 1766 125 36 hälsas
1224 1767 205 47 vårdande,
1451 1781 116 35 synes
1588 1767 172 37 däremot
1780 1769 93 36 böra
1892 1783 90 22 vara

374 1817 141 49 pliktig
545 1823 56 31 att
629 1818 97 36 afstå
755 1820 41 34 så
825 1822 79 31 stor
933 1817 60 36 del
1022 1818 40 35 af
1087 1817 64 36 sitt
1175 1819 170 47 arfvode,
1366 1832 80 23 som
1468 1819 191 37 erfordras
1680 1820 57 36 för
1758 1834 224 23 amanuens-

374 1869 293 49 befattningens
696 1869 187 36 skötande
912 1869 91 36 eller
1032 1869 111 48 eljest
1169 1871 157 47 pröfvas
1355 1870 152 49 skäligt.

501 1921 140 36 Likaså
660 1921 123 36 finner
797 1921 71 48 jag
888 1921 211 36 önskvärdt
1119 1922 70 35 och
1217 1921 140 50 billigt,
1379 1927 53 31 att
1452 1926 36 32 åt
1507 1922 298 49 ifrågavarande
1824 1923 158 48 tjänste-

375 1977 99 43 män,
504 1973 131 36 hvilka
663 1974 12 35 i
703 1973 209 36 allmänhet
940 1975 121 34 måste
1089 1973 219 49 tjänstgöra
1336 1974 148 48 ganska
1512 1975 92 48 lång
1631 1975 68 47 tid,
1719 1975 119 36 innan
1859 1975 45 36 de
1925 1987 57 24 er-

375 2024 100 36 hålla
495 2024 75 36 fast
591 2025 169 46 arfvode,
782 2037 82 23 som
884 2025 104 48 regel
1007 2024 157 37 beredes
1178 2025 150 37 tillfälle
1349 2025 57 37 till
1425 2029 130 46 någon
1575 2026 76 36 tids
1670 2026 174 49 ledighet
1863 2026 120 36 under

375 2075 133 50 hvarje
537 2079 41 34 år
605 2081 89 31 utan
724 2076 224 49 skyldighet
974 2081 55 31 att
1048 2076 190 37 därunder
1258 2078 97 36 afstå
1374 2080 129 46 någon
1524 2078 61 36 del
1605 2078 40 35 af
1660 2078 185 36 arfvodet.
1874 2078 107 36 Dock

376 2130 120 34 måste
538 2128 219 48 naturligen
799 2128 106 36 alltid
947 2141 47 23 en
1036 2128 106 48 dylik
1174 2128 150 37 förmån
1352 2129 118 36 blifva
1498 2130 190 36 beroende
1718 2130 118 47 däraf,
1865 2130 116 35 huru-

376 2179 87 36 vida
492 2180 223 48 göromålen
742 2180 102 36 inom
874 2179 286 37 vederbörande
1188 2181 245 36 ämbetsverk
1462 2181 137 36 sådant
1626 2181 135 47 tillåta,
1782 2182 198 35 äfvensom

377 2231 118 47 däraf,
538 2231 186 37 huruvida
763 2231 314 37 förekommande
1104 2231 120 37 behof
1249 2233 41 35 af
1314 2232 168 37 vikarier
1510 2233 60 36 för
1599 2233 190 36 ordinarie
1817 2233 161 48 tjänste-
