1914 2796
488 141 394 39 Bevillningsutskottets
908 144 217 31 betänkande
1153 155 42 21 nr
1218 145 48 30 37.
1630 143 25 30 9

565 246 2 2 :
851 228 20 30 9
896 228 28 37 8.

180 283 100 33 Detta
301 285 166 31 kontrakt
487 286 108 36 gäller
619 286 56 31 för
697 286 93 31 tiden
811 286 79 32 från
912 287 66 31 och
1001 287 80 31 med
1103 287 68 32 den
1194 290 14 29 1
1235 289 137 36 augusti
1398 290 81 31 1947
1504 290 52 31 till
1579 290 66 31 och

142 334 78 31 med
243 335 67 30 den
330 336 39 30 31
395 335 62 39 juli
482 336 83 31 1948
586 337 93 36 eller,
708 337 4 30 i
734 337 66 30 den
822 336 83 32 mån
928 338 56 31 det
1005 347 42 21 av
1070 339 90 30 vissa
1183 349 43 21 av
1245 340 324 32 bestämmelsernas
1590 351 63 21 av-

142 384 147 38 fattning
311 385 228 38 uttryckligen
558 386 164 37 framgår,
743 387 129 39 jämväl
893 387 67 32 tills
980 388 118 32 vidare
1116 388 56 31 för
1191 389 49 31 tid
1261 389 87 32 efter
1366 391 60 31 sist
1445 392 106 36 sagda
1568 392 84 36 dag.

431 533 194 31 Allmänna
649 535 216 30 uttalanden
888 534 84 31 från
996 536 344 40 förhandlingarna.

181 630 27 29 1.
245 629 65 31 Det
328 630 66 30 har
411 629 190 37 förutsatts,
620 634 50 27 att
687 631 192 31 uttalandet
896 632 113 30 överst
1028 631 20 31 å
1065 641 25 21 s.
1109 633 42 30 28
1168 632 11 30 i
1197 641 98 28 prop.
1313 642 43 21 nr
1372 630 165 35 212/1941
1558 634 88 31 skall

134 679 90 36 gälla
247 680 87 32 även
356 679 222 33 beträffande
603 690 69 28 nya
696 681 204 32 avtalstiden
928 682 48 39 (se
999 683 65 29 ock
1089 683 82 30 sista
1195 683 133 37 stycket
1350 682 21 32 å
1394 693 25 22 s.
1446 685 42 30 40
1511 684 12 30 i
1546 694 98 27 prop.

134 738 42 21 nr
194 727 196 43 243/1946).

179 782 29 29 2.
245 780 160 31 Rörande
430 781 41 31 de
495 781 164 31 närmare
683 782 156 31 vilkoren
862 783 56 31 för
941 782 110 32 sådan
1076 783 260 38 sockerimport,
1362 794 75 21 som
1461 794 98 24 avses
1583 795 63 21 un-

136 830 58 30 der
219 832 14 29 1
258 832 18 37 8
297 831 116 37 fjärde
433 832 143 37 stycket,
600 832 210 38 förutsättes,
833 837 50 27 att
903 834 127 31 mellan
1053 835 123 35 Kungl.
1199 834 102 37 Maj:t
1324 835 66 31 och
1410 835 137 37 bolaget
1567 836 80 31 här-

135 891 56 20 om
213 881 162 37 ingånget
398 883 93 30 avtal
513 883 66 30 och
603 883 122 31 därvid
747 884 92 36 gjort
860 884 422 37 förhandlingsuttalande
1305 885 218 33 fortfarande
1548 887 98 30 skola

134 932 98 36 gälla.

179 983 30 30 3.
246 983 65 31 Det
333 984 66 29 har
421 983 57 31 vid
501 983 279 33 bestämmandet
804 995 42 21 av
870 985 56 31 det
947 985 12 30 i
992 987 10 29 4
1029 986 18 37 8
1074 987 15 30 1
1114 995 106 24 mom.
1244 986 151 32 avsedda
1418 987 162 37 beloppet
1603 997 42 21 av

137 1034 85 35 18,43
247 1034 58 30 öre
331 1034 191 36 förutsatts,
548 1032 73 34 dels
646 1039 50 27 att
722 1036 135 35 bolaget
882 1036 111 37 självt,
1020 1040 84 27 utan
1130 1036 118 32 vidare
1274 1036 152 38 anspråk
1451 1037 46 38 på
1522 1043 122 32 staten,

141 1092 119 22 svarar
278 1083 56 31 för
353 1085 43 30 de
412 1084 113 30 ökade
544 1085 229 36 löneutgifter,
795 1095 74 21 som
887 1086 120 32 kunna
1026 1087 128 36 uppstå
1171 1088 109 30 under
1300 1088 67 30 den
1385 1088 60 37 tid,
1465 1099 75 21 som
1560 1088 92 32 åter-

140 1132 69 32 står
230 1134 68 30 tills
321 1134 199 31 kontraktet
546 1130 139 42 1947/48
710 1136 145 36 utlöper,
882 1137 72 31 dels
978 1137 65 31 ock
1065 1140 51 28 att
1137 1138 162 36 beloppet
1325 1139 85 36 18,43
1434 1140 60 32 öre
1518 1139 130 31 hänför

140 1183 51 38 sig
213 1184 50 30 till
286 1194 24 20 s.
336 1184 32 31 k.
393 1185 120 36 skärpt
534 1185 239 32 krisraffinad.

183 2487 111 32 Bihang
306 2488 41 25 till
358 2488 167 27 riksdaaens
539 2489 145 29 protokoll
696 2490 74 24 1947.
792 2490 13 24 7
818 2489 79 26 saml.
918 2489 39 26 Nr
978 2489 38 24 37.
1592 2490 15 25 2
