2240 2642
690 151 336 33 Jordbruksutskottets
1049 151 163 31 utlåtande
1236 150 52 32 Nr
1310 151 56 30 86.
1748 150 40 30 39

212 242 213 48 olämpliga.
479 241 81 35 Vad
601 253 79 23 som
721 242 47 45 på
807 245 53 30 ett
896 239 129 36 sådant
1052 239 149 35 område
1229 251 77 23 som
1334 238 100 35 detta
1461 238 120 35 skulle
1607 250 86 22 vara
1719 238 112 34 önskr

215 294 82 45 ligt,
327 299 40 28 är
394 296 53 31 ett
475 292 183 46 enhetligt
685 289 232 36 bedömande
944 289 58 36 för
1029 290 84 34 hela
1139 290 95 34 riket
1261 288 58 36 för
1345 288 99 46 varje
1472 287 83 36 falls
1579 287 251 47 huvudfrågo-

215 356 45 23 av
292 342 129 36 socialt
452 340 246 37 intresserade
726 340 69 35 och
822 340 177 47 kunnige,
1028 352 44 23 av
1098 339 45 35 de
1171 338 167 36 enskilda
1364 338 205 36 intressena
1596 337 234 48 fullständigt

213 392 211 38 oberoende
465 392 160 35 domare.
680 391 110 35 Detta
830 391 89 35 krav
959 389 110 49 fylles
1096 389 82 36 bäst
1204 401 133 36 genom
1365 393 53 31 ett
1445 388 384 48 koncessionssystem,

213 456 81 24 som
323 445 127 46 lägger
477 443 152 47 slutliga
648 440 223 49 avgörandet
889 442 12 34 i
921 442 240 47 regeringens
1181 439 107 44 hand,
1310 440 108 35 såvitt
1438 445 59 29 rör
1516 438 312 48 huvudfrågorna.

213 494 101 37 Skall
348 507 45 22 en
421 493 160 36 domstol
611 498 110 31 utöva
747 492 132 47 högsta
905 491 225 48 befogenhet
1157 492 11 34 i
1198 491 103 35 dessa
1328 489 77 48 fall,
1434 489 67 36 bör
1529 490 70 35 den
1627 489 203 36 emellertid

213 558 89 22 vara
341 548 241 31 sammansatt
617 546 46 45 på
707 555 89 35 nyss
841 544 148 45 angivet
1016 547 84 38 sätt,
1129 540 157 48 frigöras
1314 540 82 36 från
1423 539 128 36 alltför
1576 543 131 44 trånga
1734 540 96 35 band

213 596 14 34 i
254 596 109 46 lagen
396 599 95 30 samt
522 606 85 23 vara
634 593 267 35 ambulatorisk
927 604 60 23 om
1017 592 146 47 möjligt
1191 590 57 36 för
1275 590 323 49 upprätthållande
1626 603 43 22 av
1695 603 45 23 en
1768 603 62 22 en-

217 645 117 46 hetlig
361 643 227 47 behandling
615 657 44 22 av
686 643 194 36 ärendena.

348 694 71 37 För
459 696 123 46 övrigt
614 697 59 32 må
705 695 150 42 erinras,
884 693 178 36 hurusom
1090 691 176 49 förslaget
1294 697 54 30 att
1374 692 57 35 till
1459 690 370 36 vattenrättsdomare

215 747 71 34 kan
325 753 154 27 nämnas
521 752 92 28 även
654 757 98 30 man,
794 756 78 23 som
913 750 40 28 är
989 742 144 36 erfaren
1164 742 261 36 företrädesvis
1452 742 13 34 i
1493 740 338 48 praktisk-juridisk

215 796 233 35 verksamhet
487 808 44 22 av
566 808 122 22 annan
716 799 56 30 art
799 801 46 28 än
873 794 248 42 domarevärv,
1151 793 71 34 kan
1251 793 91 34 hava
1369 794 79 33 sina
1474 791 180 36 särskilda
1680 792 150 34 betänk-

216 846 169 48 ligheter.
441 845 164 36 Härmed
633 844 117 49 syftas
778 845 235 46 naturligtvis
1041 846 47 45 på
1115 842 188 36 sakförare
1330 843 66 35 och
1426 842 285 47 tillämpningen
1730 841 100 35 leder

215 898 70 34 lätt
324 896 69 43 till,
435 900 53 31 att
524 895 130 36 endast
682 895 137 35 sådana
846 894 185 36 sakförare
1059 895 13 33 i
1099 895 127 44 regeln
1254 899 111 38 utses,
1393 892 108 43 vilka,
1531 895 119 32 såsom
1678 898 40 28 är
1744 904 86 22 van-

215 948 123 47 ligast,
380 947 139 35 hämtat
558 946 56 36 sin
656 945 146 48 praktik
835 946 55 34 uti
922 944 241 36 förevarande
1190 950 107 29 ämne
1324 956 134 35 genom
1486 942 170 48 uppdrag
1683 942 63 35 hos
1774 943 56 34 in-

215 998 195 35 dustriella
450 997 120 47 bolag.
624 997 66 35 Att
730 994 556 44 vattenrättshämndemännen,
1329 1007 75 23 som
1447 993 105 36 torde
1584 998 98 30 utses
1709 1006 43 22 av
1779 998 51 30 ett

215 1048 91 36 fåtal
346 1049 158 42 valmän,
547 1048 103 34 skola
690 1047 115 48 väljas
846 1045 57 36 för
942 1045 190 36 obestämd
1172 1045 55 35 tid
1264 1045 66 35 och
1363 1045 30 46 ej
1425 1044 126 35 kunna
1577 1044 149 48 utbytas
1754 1051 76 27 mot

216 1098 115 36 andra
357 1101 48 45 på
431 1099 163 46 långliga
621 1097 109 44 tider,
759 1109 110 37 synes
896 1097 31 47 ej
958 1109 85 23 vara
1070 1101 111 41 ägnat
1209 1100 54 30 att
1285 1094 138 36 tillföra
1443 1094 100 35 detta
1561 1098 269 43 representant-

217 1150 90 46 skap
335 1152 122 43 någon
485 1148 130 35 fördel.

351 1198 189 48 Förslaget
567 1198 158 35 behöver
752 1197 194 48 högeligen
974 1204 90 28 även
1091 1197 12 34 i
1132 1194 239 37 förevarande
1398 1194 101 36 delar
1527 1194 237 36 underkastas
1784 1206 45 23 en

216 1248 159 49 förnyad
402 1248 241 49 granskning.

568 1362 57 32 En
647 1361 163 32 ledande
833 1361 117 32 tanke
975 1360 74 32 och
1073 1367 48 25 en
1144 1359 195 32 ordnande
1362 1359 115 32 hand.

350 1440 85 36 Med
463 1440 62 35 det
557 1439 102 36 förut
685 1438 157 37 anförda
867 1439 65 35 har
955 1439 65 47 jag
1046 1439 107 43 velat,
1183 1441 39 32 så
1248 1443 81 43 gott
1356 1450 46 23 en
1429 1437 139 48 knappt
1595 1437 153 35 tillmätt
1775 1437 55 35 tid

216 1491 138 44 tillåtit,
388 1490 194 36 framhålla
612 1493 117 44 några
756 1489 234 49 synpunkter
1017 1492 47 44 på
1090 1489 97 35 vissa
1214 1488 292 48 huvudgrunder
1533 1489 11 34 i
1571 1487 258 44 betänkandet,

217 1555 79 23 som
330 1554 111 36 synas
474 1542 77 47 mig
578 1541 144 47 påkalla
749 1553 40 22 en
816 1552 98 23 mera
942 1539 171 49 ingdende
1136 1539 225 48 granskning
1389 1543 87 30 utav
1503 1538 212 35 detsamma.
1769 1537 61 36 Sä-

217 1593 167 46 kerligen
412 1592 92 34 skall
532 1590 62 36 vid
622 1595 52 31 ett
702 1590 131 36 sådant
860 1589 252 48 övervägande
1132 1596 91 28 även
1243 1589 145 48 mycket
1407 1594 113 29 annat
1539 1589 12 34 i
1570 1587 259 44 betänkandet,

217 1655 79 23 som
339 1642 217 35 tillkommit
595 1642 13 34 i
648 1640 97 48 följd
785 1645 87 31 utav
912 1640 94 44 dess,
1048 1640 118 47 enligt
1206 1640 75 34 min
1314 1639 162 47 mening,
1509 1639 80 35 icke
1616 1638 215 47 tillräckligt

216 1692 172 48 allsidiga
415 1705 70 35 syn
513 1695 47 44 på
586 1691 123 43 saken,
739 1691 130 35 därvid
896 1690 166 36 befinnas
1090 1691 109 34 också
1225 1702 87 23 vara
1337 1690 138 47 ganska
1493 1689 230 47 omtvistligt.
1760 1688 71 36 Det

217 1750 42 28 är
277 1746 40 32 så
335 1743 147 47 mycket
501 1755 101 22 mera
620 1741 199 48 berättigat
837 1746 54 30 att
909 1740 136 47 begära
1064 1753 45 23 en
1129 1740 111 35 sådan
1260 1741 169 41 revision,
1450 1752 77 23 som
1547 1739 284 35 kommittéerna

217 1793 108 36 blivit
344 1792 163 48 ensidigt
526 1797 251 37 sammansatt,
798 1796 90 30 utan
903 1791 202 47 tillräcklig
1120 1791 68 35 och
1199 1790 178 47 juridiskt
1392 1789 132 36 tränad
1539 1791 290 46 representation

217 1843 58 36 för
301 1843 46 36 de
375 1843 254 48 samhälleliga
657 1843 292 47 synpunkterna.
992 1841 70 35 Det
1089 1848 40 28 är
1148 1841 30 47 ej
1200 1841 130 47 riktigt
1349 1846 53 29 att
1421 1839 138 36 förfara
1577 1843 46 44 på
1642 1839 60 36 det
1722 1845 109 30 sättet

216 1894 71 35 och
320 1907 60 22 om
413 1894 216 47 därigenom
659 1893 174 47 dröjsmål
862 1893 124 43 vållas,
1015 1895 40 32 så
1081 1892 120 47 ligger
1227 1891 186 36 vållandet
1439 1892 13 33 i
1480 1889 88 37 felet
1595 1890 62 35 vid
1683 1891 147 34 tillsätt-

216 1945 153 47 ningen.
424 1942 125 37 Såsom
591 1942 104 37 förut
735 1944 167 42 erinrats,
932 1948 113 30 sättes
1077 1942 214 48 därigenom
1324 1942 195 48 ingenting
1547 1944 46 45 på
1620 1942 76 46 spel
1724 1941 66 35 och
1819 1941 12 34 i

217 1996 100 46 varje
350 1994 65 36 fall
443 2002 62 28 äro
533 1994 285 48 olägenheterna
844 1994 228 47 oväsentliga
1099 1997 100 31 emot
1226 1992 44 36 de
1297 1992 280 47 vanskligheter,
1607 2004 78 23 som
1712 1991 119 36 skulle

217 2044 59 36 för
313 2044 199 36 framtiden
541 2045 227 47 uppkomma
795 2057 59 22 om
881 2047 64 32 vår
971 2043 174 36 blivande
1171 2047 201 31 vattenrätt
1399 2042 166 49 byggdes
1593 2042 234 35 uteslutande

217 2098 47 45 på
291 2094 300 36 kommitterades
620 2096 197 46 principer.

354 2145 138 36 Härtill
533 2146 176 43 kommer,
738 2150 54 30 att
823 2145 96 34 vissa
946 2142 133 50 frågor,
1108 2156 78 23 som
1215 2150 89 28 nära
1330 2142 289 48 sammanhänga
1646 2141 83 36 med
1757 2140 73 37 för-

217 2196 128 47 slaget,
375 2202 61 29 äro
464 2195 119 36 under
610 2195 231 48 behandling
868 2201 90 29 även
986 2197 47 45 på
1061 2199 112 30 annat
1201 2194 87 35 håll.
