2249 2744
664 166 260 42 Lag-Utskottets
953 169 168 34 Utlåtande
1145 172 58 32 N:o
1227 176 51 31 39.
1709 188 15 28 9

780 393 383 46 Reservatroner:

323 504 35 31 af
397 505 86 31 Herr
523 505 115 34 Bälter
674 505 82 34 Sven
790 509 145 34 Ersson:
962 511 71 32 <Då
1062 511 52 33 vid
1146 511 77 33 1865
1258 509 54 37 års
1347 514 136 43 riksdag
1512 518 250 35 Sammansatta

173 553 216 42 Bevillnings-
419 557 60 31 och
510 558 253 40 Lag-Utskottet
792 561 177 40 tillstyrkte
1001 563 138 40 ungefär
1167 573 126 23 samma
1309 565 192 44 förändring
1521 570 9 31 i
1557 561 200 56 Landstings:

171 603 237 44 författningen
452 617 69 23 som
564 610 62 32 den
664 610 35 32 af
731 611 254 41 Lag-Utskottet
1018 625 44 21 nu
1098 616 190 40 tillstyrkta,
1322 620 140 41 yttrade,
1493 623 106 30 under
1625 622 136 42 frågans

170 656 206 42 behandling
416 659 60 32 hos
519 661 245 41 Ridderskapet
804 665 61 31 och
899 666 104 32 Adeln
1043 677 40 21 en
1113 667 36 31 af
1174 668 75 32 dess
1273 669 199 34 ledamöter:
1529 672 76 33 Att
1633 685 40 21 en
1702 675 60 32 för-

169 708 143 40 ändring
340 710 81 39 egde
451 721 70 22 rum
552 714 50 30 uti
630 715 193 38 grunderna
851 715 50 32 för
937 718 348 33 kommunalskattens
1316 724 189 39 uttaxering
1543 724 95 40 hade,
1660 727 102 39 enligt

171 759 66 31 min
281 764 60 36 tro,
381 762 50 31 sin
469 762 314 43 hufvudsakligaste
813 767 183 41 anledning
1023 769 118 38 deruti,
1170 774 48 28 att
1245 770 42 32 då
1315 782 117 30 genom
1463 784 63 30 nya
1555 776 206 33 kommunal-

167 810 97 40 lagen
307 811 170 42 åtskilliga
516 824 112 32 onera,
661 816 114 33 hvilka
810 818 89 33 förut
932 825 131 27 ensamt
1091 821 142 32 drabbat
1256 823 208 43 Jordbruket,
1493 826 106 33 blefvo
1628 838 133 30 gemen-

169 871 129 23 samma
327 863 49 32 för
403 865 223 34 kommunens
657 869 67 30 alla
753 870 228 42 medlemmar,
1010 871 106 41 ansåg
1144 883 75 21 man
1250 874 191 41 billigheten
1472 876 111 33 fordra
1605 883 47 27 att
1674 880 85 39 jord-

167 913 171 33 brukarne
367 916 108 32 skulle
505 917 101 41 något
633 919 87 39 gifva
749 920 91 40 efter,
870 921 42 41 på
932 923 55 31 det
1006 924 222 32 kommunens
1249 925 103 41 öfriga
1373 928 216 33 medlemmar
1608 930 27 40 ej
1658 930 101 33 måtte

167 963 35 32 af
242 966 220 40 utskylderna
494 969 60 32 allt
585 970 48 31 för
661 975 98 37 tungt
794 973 154 32 drabbas.
1003 975 47 31 De
1079 984 68 22 som
1178 975 95 41 åtogo
1303 978 49 40 sig
1379 979 99 40 högre
1507 981 100 38 skatt,
1637 982 123 32 erhöllo

167 1016 171 33 dessutom
368 1018 95 33 äfven
495 1031 39 21 en
564 1023 253 41 vedergällning
845 1024 109 33 derför
983 1026 47 31 uti
1059 1026 54 31 det
1141 1030 103 29 större
1273 1028 181 41 inflytande
1475 1031 42 40 på
1538 1033 221 32 kommunens

167 1067 119 40 beslut,
329 1078 81 32 som,
451 1071 48 31 till
541 1072 78 41 följd
660 1074 36 31 af
735 1075 72 31 dem
849 1075 131 41 påfördt
1015 1080 103 29 större
1147 1078 132 40 fyrktal,
1310 1081 73 31 kom
1413 1082 72 32 dem
1516 1083 47 32 till
1592 1084 61 32 del.
1709 1085 50 31 En

163 1118 176 43 jemkning
382 1121 80 40 egde
504 1122 130 34 således
677 1136 71 22 rum
792 1128 139 31 emellan
974 1129 219 32 kommunens
1236 1132 215 32 medlemmar
1482 1135 9 30 i
1526 1135 53 31 det
1615 1136 38 31 de
1687 1137 72 31 icke

164 1170 255 40 jordbrukande
448 1173 130 34 afstodo
606 1176 73 32 från
710 1188 39 22 en
779 1179 51 31 del
861 1179 35 32 af
921 1180 49 31 sin
1001 1185 90 35 magt
1118 1186 47 27 att
1195 1182 182 33 bestämma
1407 1185 222 33 kommunens
1650 1188 110 32 beslut

165 1226 88 27 emot
287 1223 152 33 befrielse
475 1225 72 33 från
585 1238 38 21 en
655 1229 52 32 del
736 1230 35 31 af
796 1232 229 39 utskylderna,
1053 1232 173 33 hvaremot
1250 1235 318 39 jordinnehafvarne
1598 1237 161 42 återfingo

165 1283 40 21 en
235 1273 52 32 del
316 1275 36 31 af
376 1276 62 31 den
469 1282 120 28 nästan
621 1281 214 32 uteslutande
863 1283 198 32 beslutande
1091 1288 64 28 rätt
1183 1285 9 30 i
1220 1286 221 33 kommunens
1468 1290 290 40 angelägenheter,

165 1334 68 22 som
278 1326 40 32 de
359 1326 88 33 förut
481 1329 162 40 innehaft,
680 1337 87 27 emot
797 1334 55 31 det
879 1334 39 32 de
948 1336 250 31 underkastade
1227 1338 49 39 sig
1304 1342 48 28 att
1380 1339 205 34 fortfarande
1614 1343 8 30 i
1653 1345 104 29 större

165 1379 191 37 proportion
394 1379 139 42 bidraga
565 1383 48 30 till
642 1384 223 32 kommunens
895 1386 142 40 utgifter.
1093 1387 48 31 En
1171 1387 105 32 sådan
1306 1391 177 40 ömsesidig
1512 1393 185 40 utjemning
1726 1394 35 31 af

165 1428 195 40 rättigheter
396 1431 60 30 och
494 1433 226 41 skyldigheter
748 1437 66 30 kan
844 1437 147 32 deremot
1020 1438 8 31 i
1056 1438 218 33 förevarande
1304 1441 56 31 fall
1391 1443 26 39 ej
1447 1444 133 31 komma
1609 1445 8 30 i
1646 1444 111 42 fråga;

166 1488 75 22 man
272 1481 55 31 vill
357 1482 61 31 här
445 1484 121 32 endast
592 1485 175 34 fördubbla
796 1489 282 40 skyldigheterna.
1122 1489 116 33 Såsom
1269 1493 71 31 skäl
1370 1492 48 32 för
1445 1504 38 21 en
1513 1494 104 33 sådan
1640 1495 115 41 åtgärd

163 1530 96 32 anför
294 1542 87 26 man,
423 1538 48 28 att
504 1536 246 39 jordbrukaren
779 1539 102 32 redan
916 1545 36 27 är
980 1541 169 39 betungad
1185 1543 72 31 med
1287 1554 39 20 en
1358 1546 120 39 mängd
1506 1556 112 30 onera,
1647 1547 110 32 deruti

162 1582 224 34 kommunens
429 1586 103 41 öfriga
568 1589 217 32 medlemmar
819 1591 71 31 icke
927 1592 133 40 deltaga
1089 1592 60 31 och
1179 1593 35 31 af
1239 1594 112 32 hvilka
1380 1606 39 21 en
1449 1597 52 31 del
1527 1597 72 32 icke
1628 1602 56 28 äro
1713 1598 42 40 på

162 1632 84 32 hans
289 1635 190 34 debetsedel
515 1640 139 40 synliga.
709 1642 63 31 Det
806 1641 156 33 förvånar
995 1644 64 39 mig
1099 1644 183 41 högeligen,
1311 1646 86 32 huru
1426 1657 88 31 man,
1543 1650 74 31 med
1645 1648 100 33 åbero

163 1685 108 38 pande
311 1687 36 31 af
378 1688 159 42 billighet,
572 1692 66 30 kan
667 1696 77 36 taga
773 1694 62 31 den
866 1695 255 39 omständighet,
1150 1700 48 27 att
1225 1706 40 21 en
1296 1706 119 31 person
1446 1703 36 27 är
1510 1700 9 31 i
1547 1699 208 33 förhållande

162 1735 47 31 till
240 1737 48 31 sin
319 1738 230 42 förmögenhet
576 1743 100 40 högre
704 1744 177 32 beskattad
910 1749 41 28 än
982 1747 115 37 andra,
1125 1747 48 30 till
1202 1749 109 38 grund
1339 1748 49 32 för
1418 1754 48 27 att
1480 1752 191 40 ytterligare
1691 1753 63 30 öka

163 1787 84 32 hans
291 1789 224 43 beskattning.
578 1793 160 34 Grunden
767 1796 49 31 för
849 1796 215 41 beskattning
1093 1798 99 31 borde
1221 1800 51 30 väl
1301 1810 80 21 vara
1411 1801 60 32 den
1503 1803 146 31 inkomst
1678 1814 75 22 man

161 1847 77 30 eger
283 1841 59 30 och
384 1843 27 40 ej
455 1844 61 31 den
547 1846 246 41 omständighet
832 1852 49 27 att
910 1858 77 22 man
1024 1849 60 31 har
1116 1859 40 22 en
1187 1851 120 39 mängd
1336 1852 144 42 utgifter,
1509 1863 69 22 som
1609 1855 27 40 ej
1665 1854 51 32 stå
1745 1856 9 30 i

160 1889 211 35 förhållande
410 1896 48 30 till
502 1897 239 33 inkomsterna.
809 1899 192 32 Emellertid
1041 1901 171 31 beskattas
1247 1903 245 38 jordbrukaren
1528 1916 43 21 nu
1601 1907 27 39 ej
1658 1916 58 22 ens
1746 1907 9 30 i

159 1940 93 40 fråga
283 1952 51 22 om
364 1945 225 42 bevillningen
619 1949 83 31 efter
730 1950 49 31 sin
809 1951 156 39 inkomst,
995 1955 79 28 utan
1105 1952 82 31 efter
1215 1953 54 31 det
1298 1955 240 39 kapitalvärde,
1560 1966 69 22 som
1651 1957 104 32 blifvit

159 1991 84 32 hans
273 1996 158 37 egendom
463 1997 96 34 åsatt.
616 1999 59 33 Om
705 2011 38 21 en
773 2001 227 41 fabriksegare
1029 2003 79 31 eller
1137 2007 45 28 ett
1210 2004 107 40 bolag,
1346 2015 68 22 som
1445 2008 61 30 har
1534 2012 46 28 ett
1607 2009 47 31 till
1675 2008 79 32 flera

159 2043 164 33 millioner
353 2050 219 37 uppskattadt
599 2053 89 38 verk,
717 2052 233 41 ådagalägger,
979 2058 48 27 att
1056 2055 105 31 under
1189 2059 46 27 ett
1263 2055 36 32 år
1316 2058 143 32 rörelsen
1482 2060 169 32 bedrifvits
1674 2064 78 27 utan

159 2094 194 44 behållning
389 2100 79 31 eller
497 2102 73 31 med
598 2102 128 40 förlust,
756 2103 37 32 så
823 2105 177 40 medgifves
1031 2105 40 40 på
1100 2107 108 39 grund
1238 2107 95 32 deraf
1358 2109 152 32 befrielse
1539 2110 71 32 från
1639 2112 115 31 bevill-

161 2146 88 40 ning.
292 2148 43 32 Så
365 2154 37 27 är
430 2152 147 33 deremot
604 2155 27 39 ej
662 2154 226 33 förhållandet
916 2157 73 31 med
1017 2158 263 34 laudtmannen;
1310 2160 64 31 han
1393 2160 104 33 måste
1514 2163 122 39 skatta,
1657 2162 95 32 äfven

158 2207 51 21 om
253 2199 83 32 hans
366 2203 160 39 egendom
561 2205 27 39 ej
618 2205 92 40 gifvit
739 2206 109 39 någon
878 2208 147 31 inkomst
1078 2210 54 29 Art
1160 2219 42 20 nu
1234 2210 47 30 till
1313 2210 78 40 råga
1423 2211 40 40 på
1493 2213 89 31 detta
1613 2213 140 32 missför-

195 2253 76 31 Bih.
295 2255 50 31 till
369 2257 113 32 Riksd.
508 2258 87 33 Prot.
621 2262 91 30 1868.
762 2265 20 28 7
802 2262 98 32 Saml.
943 2265 43 29 21
1013 2258 93 48 IHäft.
1695 2273 17 25 2
