1894 2780
550 108 284 31 Statsutskottets
859 106 180 31 utlåtande
1061 115 43 21 nr
1124 111 71 30 151.
1601 102 16 30 7

115 195 44 40 på
186 193 390 34 hårdvalutaländerna,
603 193 59 30 vill
690 193 169 29 utskottet
886 191 177 39 tillstyrka
1089 190 196 30 detsamma
1314 197 80 20 men
1423 187 45 30 då
1494 196 43 20 en
1564 194 56 31 ga-

114 245 237 40 rantigivning
372 254 42 21 av
435 245 115 30 denna
571 244 85 39 höjd
678 243 136 30 medför
836 243 112 30 ökade
969 241 123 35 risker,
1114 249 103 31 synes
1238 240 67 30 den
1327 239 116 30 såsom
1465 239 156 39 departe-

115 295 242 30 mentschefen
374 295 168 29 förutsatt
562 294 122 29 endast
702 293 82 30 böra
803 292 268 39 ifrågakomma,
1089 291 44 29 då
1151 289 257 39 försäljningen
1428 297 42 20 ur
1488 287 132 32 valuta-

116 346 181 40 synpunkt
314 347 38 28 är
372 345 143 30 särskilt
534 344 186 30 önskvärd.

160 397 182 31 Garantier
367 397 11 29 i
405 397 171 30 samband
604 396 78 30 med
710 394 376 41 entreprenadarbeten
1112 392 202 31 utomlands
1341 392 45 30 ha
1413 390 125 31 hittills
1564 398 57 21 en-

117 448 60 38 ligt
202 446 437 41 exportkreditnämndens
663 445 117 41 praxis
804 444 76 30 icke
904 443 187 31 fastställts
1117 442 53 30 till
1194 442 106 38 högre
1326 441 125 39 belopp
1476 440 45 29 än
1546 448 75 20 som

119 500 192 27 motsvarat
343 497 121 30 värdet
499 506 42 20 av
574 496 10 29 i
617 496 172 30 samband
819 496 79 29 med
931 490 278 43 entreprenaden
1242 491 195 31 levererade
1471 490 150 30 svenska

116 559 102 20 varor
246 549 64 30 och
338 549 160 40 tjänster.
526 549 65 29 Det
619 548 63 30 har
709 557 47 20 nu
783 547 214 39 ifrågasatts,
1025 554 56 21 om
1108 545 77 29 icke
1211 544 58 30 vid
1296 541 324 42 garantigivningen

116 601 139 38 hänsyn
277 600 11 29 i
308 599 70 30 viss
399 598 246 39 utsträckning
665 599 62 29 bör
748 600 97 37 tagas
868 598 87 29 även
976 596 52 30 till
1049 596 121 29 värdet
1191 604 42 21 av
1253 603 102 21 varor
1377 603 42 22 av
1440 592 182 31 utländskt

117 658 187 33 ursprung,
330 658 74 21 som
430 649 82 40 ingå
537 649 11 29 i
573 649 242 29 leveranserna
840 648 10 28 i
876 647 171 30 samband
1072 646 80 31 med
1177 654 43 20 en
1245 644 110 30 sådan
1380 642 241 41 entreprenad.

117 700 178 39 Förslaget
319 700 63 30 har
405 699 203 30 motiverats
632 708 41 20 av
696 699 40 29 de
760 697 195 40 betydande
979 696 223 39 varubelopp,
1227 704 75 21 som
1327 704 42 20 en
1392 693 97 40 dylik
1512 694 109 28 entre-

117 750 359 42 prenadverksamhet
507 750 70 29 kan
608 749 131 30 tillföra
771 749 117 29 landet
919 749 87 29 även
1037 747 11 28 i
1079 747 57 30 det
1166 746 72 34 fall,
1270 747 52 29 att
1351 744 159 31 material
1543 743 79 30 från

119 801 111 39 tredje
253 801 81 29 land
357 800 11 29 i
389 801 72 29 stor
484 798 245 39 utsträckning
750 797 218 40 utnyttjades
990 797 56 29 för
1066 795 279 31 verksamheten.
1367 794 177 30 Utskottet
1564 792 59 31 vill

117 852 76 30 icke
219 853 166 29 motsätta
412 851 52 40 sig
489 853 51 28 att
565 850 279 30 hittillsvarande
869 848 118 41 praxis
1012 847 46 41 på
1082 847 158 30 området
1266 847 105 39 något
1395 845 227 42 uppmjukas.

120 903 77 29 Stor
224 901 224 39 försiktighet
473 901 63 29 bör
564 900 192 29 emellertid
781 899 181 38 därvidlag
988 898 175 38 iakttagas
1189 896 66 30 och
1281 905 43 20 en
1349 894 209 40 utvidgning
1582 903 42 20 av

120 953 181 39 garantien
326 952 61 30 bör
412 951 121 30 därför
558 951 123 29 endast
707 951 70 34 ske,
803 950 44 29 då
873 949 116 30 såsom
1017 946 387 42 departementschefen
1429 944 196 31 framhållit

118 1003 237 39 föreliggande
374 1001 299 39 omständigheter
692 1002 81 38 göra
793 1001 94 29 detta
906 998 187 39 berättigat
1112 998 64 30 och
1198 998 177 29 önskvärt.

163 1055 117 29 Under
303 1053 219 40 åberopande
547 1062 42 21 av
613 1053 56 29 det
693 1052 148 30 anförda
864 1051 203 30 hemställer
1091 1050 180 33 utskottet,

474 1106 50 28 att
553 1103 188 39 riksdagen
770 1102 66 34 må,
865 1102 80 29 med
972 1100 100 31 bifall
1102 1100 53 30 till
1185 1100 125 38 Kungl.
1341 1099 123 39 Maj:ts
1494 1098 131 38 förslag

429 1156 91 28 samt
544 1154 78 29 med
647 1153 117 39 avslag
787 1152 20 30 å
829 1152 221 30 motionerna
1074 1152 28 29 I:
1118 1150 61 30 481
1206 1150 65 29 och
1296 1150 45 30 II:
1357 1150 74 33 572,
1455 1148 169 40 medgiva,

474 1205 37 34 a)
542 1206 51 28 att
618 1204 111 29 under
755 1202 95 30 tiden
876 1202 53 30 till
955 1202 65 29 och
1047 1201 79 30 med
1152 1200 175 39 utgången
1354 1209 42 21 av
1421 1198 204 40 budgetåret

431 1255 148 36 1950/51
606 1253 117 40 statlig
747 1251 377 42 exportkreditgaranti
1149 1251 58 29 må
1231 1252 136 28 lämnas
1391 1250 10 30 i
1425 1249 201 31 huvudsak-

431 1304 47 39 lig
509 1303 347 31 överensstämmelse
889 1303 79 29 med
1000 1302 42 29 de
1072 1300 188 40 riktlinjer,
1292 1309 75 21 som
1398 1309 42 21 av
1469 1300 157 39 departe-

433 1355 244 32 mentschefen
709 1354 150 40 angivits
891 1354 13 29 i
938 1352 383 40 statsrådsprotokollet
1353 1353 81 29 över
1465 1351 161 30 handels-

431 1406 153 30 ärenden
609 1406 55 30 för
690 1406 66 29 den
781 1405 39 30 31
847 1413 95 21 mars
971 1404 99 34 1950;

475 1456 38 35 b)
542 1458 51 28 att
617 1457 112 28 staten
754 1454 56 30 må
834 1455 112 29 under
971 1463 135 20 samma
1130 1453 50 29 tid
1205 1452 96 30 inom
1325 1461 121 21 ramen
1471 1451 55 30 för
1549 1450 78 31 tidi-

432 1515 80 31 gare
539 1506 150 30 beslutat
717 1504 271 40 maximibelopp
1015 1513 42 21 av
1086 1503 63 30 300
1177 1503 164 39 miljoner
1369 1503 130 29 kronor
1526 1501 100 39 åtaga

432 1557 51 39 sig
517 1556 325 38 betalningsansvar
877 1555 55 29 för
967 1553 255 40 lagerhållning
1256 1553 10 29 i
1301 1553 158 30 utlandet
1493 1552 52 30 till
1579 1553 48 28 ett

431 1608 125 39 belopp
583 1616 41 21 av
651 1607 101 38 högst
779 1606 41 30 30
846 1605 165 39 miljoner
1039 1605 139 29 kronor.

169 1675 200 30 Stockholm
389 1674 67 30 den
478 1673 38 30 12
536 1673 70 39 maj
633 1673 93 29 1950.

615 1774 47 30 På
688 1773 279 30 statsutskottets
992 1773 146 38 vägnar:

735 1872 118 29 KARL
874 1871 150 29 WARD.

174 2035 63 29 Vid
263 2033 220 40 förestående
511 2032 145 30 ärendes
683 2030 286 38 slutbehandling
997 2030 92 29 inom
1119 2029 169 29 utskottet
1316 2029 88 28 hava
1432 2029 155 28 närvarit

169 2094 80 28 från
276 2092 158 29 första
460 2092 222 29 kammaren:
702 2090 121 28 herrar
841 2089 151 29 Rickard
1012 2088 212 32 Lindström,
1244 2088 280 32 Mannerskantz,
1544 2087 87 29 Iwar

125 2136 193 33 Anderson,
348 2133 158 38 Heiding,
535 2133 123 29 fröken
688 2132 211 31 Andersson,
930 2131 121 28 herrar
1079 2129 148 38 Berling,
1258 2129 177 35 Sundelin,
1463 2129 166 32 Leander,

124 2177 115 29 Johan
257 2176 78 29 Eric
352 2175 156 33 Ericson,
526 2174 212 35 Hesselbom,
757 2173 98 34 Edin,
874 2173 76 29 Ivar
968 2173 158 31 Persson,
1145 2172 135 28 Andrée
1298 2172 63 28 och
1379 2171 84 29 Axel
1483 2171 148 29 Anders-

126 2228 78 24 son;
230 2220 90 27 samt

171 2277 80 29 från
310 2276 113 29 andra
454 2276 221 28 kammaren:
696 2274 120 28 herrar
832 2273 121 32 Ward,
974 2271 192 39 Malmborg
1187 2271 8 28 i
1215 2272 143 33 Skövde,
1378 2272 132 28 Boman
1512 2267 21 47 i
1556 2271 76 29 Kie-

127 2319 73 38 ryd,
224 2318 218 29 Mårtensson
465 2316 9 29 i
498 2316 198 32 Uddevalla,
720 2315 197 31 Lindholm,
940 2314 213 34 Åkerström,
1179 2314 198 28 Pettersson
1400 2313 10 28 i
1433 2313 100 33 Dahl,
1558 2314 75 28 Pet-

127 2362 116 27 terson
265 2359 9 29 i
297 2359 196 38 Degerfors,
515 2358 145 29 Persson
685 2357 8 28 i
716 2357 158 37 Vinberg,
896 2355 113 33 Birke,
1029 2356 198 28 Johansson
1250 2355 8 28 i
1281 2355 165 39 Mysinge,
1468 2355 165 29 Henriks-

128 2411 62 20 son
209 2402 62 29 och
293 2401 166 29 Nihlfors.
