1920 2846
318 154 47 30 26
755 152 256 32 Statsutskottets
1034 153 168 31 utlåtande
1224 153 55 31 Nr
1302 156 75 28 197.

362 231 127 32 Därest
515 231 223 32 sistnämnda
766 231 127 36 belopp
921 230 127 37 drages
1076 231 83 31 från
1184 230 68 32 den
1279 241 95 21 ovan
1400 231 203 31 beräknade
1629 232 184 31 totalkost-

322 275 124 37 naden,
473 277 156 30 återstår
656 277 50 30 ett
732 275 128 36 belopp
887 286 46 20 av
962 274 412 37 (24,339,077
1174 270 21 46 —
1215 274 159 37 5,848,832
1388 275 49 35 —)
1468 276 177 36 18,490,245
1673 276 141 31 kronor.

322 320 106 32 Detta
453 320 126 36 belopp
605 320 71 31 kan
700 329 102 22 anses
826 321 183 30 motsvara
1033 319 69 32 den
1127 320 181 36 egentliga
1334 319 361 37 sjukhuskostnaden.
1731 320 83 31 För-

320 364 100 32 delas
445 364 118 32 denna
590 366 47 35 på
661 364 59 32 det
748 365 102 31 antal
877 364 236 37 vårdplatser,
1140 364 188 36 sjukhuset
1356 365 158 31 kommer
1542 367 54 29 att
1624 365 190 36 inrymma,

319 409 155 31 erhålles
501 419 44 21 en
572 409 350 37 vårdplatskostnad,
950 420 75 21 som
1053 412 40 28 är
1120 409 187 37 jämförlig
1335 409 80 31 med
1442 409 252 31 motsvarande
1721 409 93 31 kost-

322 454 71 31 nad
412 454 61 31 vid
494 455 51 30 ett
565 456 123 34 större,
709 455 46 35 på
775 453 372 37 specialavdelningar
1168 454 171 35 uppdelat
1360 454 230 31 länslasarett
1612 454 85 31 eller
1719 453 95 31 kom-

321 499 139 30 munalt
483 498 162 36 sjukhus.

363 543 123 36 Enligt
509 542 295 32 kommissionens
829 542 135 37 förslag
988 542 158 32 kommer
1169 543 136 31 antalet
1330 542 226 36 vårdplatser
1581 544 21 29 å
1626 542 188 37 sjukhuset

319 589 56 30 att
400 589 121 35 uppgå
546 587 58 31 till
628 587 240 36 sammanlagt
893 587 66 37 843,
985 587 114 31 därav
1124 587 58 31 737
1207 587 186 32 allmänna
1416 586 226 37 vårdplatser
1668 587 64 31 och
1757 587 58 30 106

319 632 172 31 enskilda.
523 632 85 32 Som
628 632 198 32 kostnaden
847 633 56 31 för
925 632 244 32 anordnandet
1191 642 45 21 av
1257 642 44 21 en
1321 632 140 31 enskild
1480 632 188 36 vårdplats
1689 633 124 30 ställer

322 677 55 36 sig
407 679 169 29 avsevärt
604 677 131 36 dyrare
764 680 47 28 än
840 677 253 31 motsvarande
1121 677 152 31 kostnad
1303 677 56 31 för
1389 687 43 21 en
1462 677 136 31 allmän
1627 677 186 35 vårdplats

320 723 93 30 samt
437 723 21 29 å
481 731 44 21 en
548 721 139 32 enskild
708 721 287 37 vårdavdelning
1019 722 13 30 i
1057 721 195 31 allmänhet
1275 721 100 32 skola
1400 721 121 31 finnas
1544 722 38 29 12
1605 723 21 29 å
1649 722 38 30 13
1710 721 104 31 vård-

321 766 143 36 platser,
488 775 83 22 men
595 768 21 29 å
641 776 43 21 en
708 766 136 32 allmän
868 765 286 37 vårdavdelning
1180 766 12 30 i
1216 767 98 35 regel
1337 766 146 31 dubbelt
1508 767 39 30 så
1571 766 133 36 många
1728 766 86 30 eller

318 810 50 36 25,
394 810 64 31 har
483 809 277 33 kommissionen
784 810 123 32 funnit
932 810 54 37 sig
1010 810 87 32 böra
1121 810 158 32 beräkna
1303 810 198 31 kostnaden
1525 810 55 31 för
1607 820 43 21 en
1675 809 140 32 enskild

321 854 185 36 vårdplats
530 855 59 31 till
613 856 63 31 två
700 856 136 35 gånger
860 854 69 32 den
952 855 202 31 beräknade
1178 855 199 31 kostnaden
1402 855 55 31 för
1482 865 43 20 en
1549 855 137 30 allmän
1710 854 104 31 vård-

320 900 104 34 plats.
458 899 133 31 Genom
613 902 54 29 att
690 899 164 33 dividera
876 899 233 32 förenämnda
1131 900 136 36 belopp,
1290 899 179 36 18,490,245
1492 899 141 36 kronor,
1653 899 81 31 med
1756 898 58 32 det

320 944 152 31 sålunda
503 944 203 32 beräknade
738 945 138 31 antalet
908 944 225 35 vårdplatser
1171 942 72 38 [737
1276 941 464 37 allmänna
1480 937 18 48 +
1516 937 84 48 (106
1618 937 21 48 X
1660 937 21 48 2
1699 937 39 48 —)
1757 944 58 29 212

321 988 162 31 enskilda
496 987 51 38 —]
584 990 67 35 949,
682 989 154 31 erhålles
867 999 43 21 en
939 988 152 32 kostnad
1121 999 45 21 av
1196 988 109 36 19,484
1334 988 131 31 kronor
1497 988 55 31 för
1584 988 135 31 allmän
1750 987 64 31 och

320 1032 108 36 35,968
448 1032 132 32 kronor
603 1033 55 32 för
679 1033 140 32 enskild
840 1032 197 36 vårdplats.

362 1104 18 30 I
406 1104 104 36 fråga
535 1115 58 20 om
616 1104 541 37 sjukhusbyggnadsföretagets
1182 1103 240 37 finansiering
1448 1103 67 31 har
1539 1102 278 32 kommissionen

324 1157 172 36 framlagt
516 1157 160 37 följande

350 1226 92 28 tablå
461 1226 83 28 över
563 1227 226 34 erforderliga
808 1228 121 33 belopp
948 1228 109 27 under
1075 1227 277 35 byggnadstiden
1372 1227 62 28 och
1454 1227 100 27 deras
1573 1226 204 34 fördelning.

343 1363 23 24 B
501 1363 7 7 .
587 1346 108 32 Anslag
715 1346 62 24 från
839 1328 108 42 Anslag
965 1328 65 25 från
1051 1324 18 40 |
1090 1328 108 31 Anslag
1217 1328 64 24 från
1348 1328 110 25 Genom
1475 1327 51 49 lån

368 1363 161 32 yggnadsår
606 1382 151 32 riksdagen
843 1364 182 25 Stockholms
1095 1363 181 43 Stockholms
1331 1363 62 31 (106
1413 1363 132 26 enskilda
1631 1364 118 25 Summa

902 1400 63 25 stad
1162 1399 47 25 län
1342 1398 190 33 vårdplatser)

339 1487 200 25 1.......
651 1488 114 32 300,000
921 1501 33 3 —
1171 1502 30 3 —
1423 1502 31 3 —
1656 1488 115 33 300,000
1812 1500 1 16 |

338 1540 201 26 Pr
625 1541 140 31 1,500,000
921 1555 32 3 =
1171 1555 31 4 —
1422 1556 33 3 —
1629 1543 142 31 1,300,000

321 1593 217 37 EIIITfTT
624 1594 141 32 2,000,000
868 1595 140 32 1,100,000
1143 1595 115 32 400,000
1396 1596 114 32 700,000
1628 1596 143 32 4,200,000

624 1648 141 32 2,000,000
867 1649 140 31 1,100,000
1143 1649 115 31 400,000
1397 1649 113 31 700,000
1627 1650 144 31 4,200,000

321 1700 218 37 Bosses
502 1696 40 45 ra
623 1702 141 31 2,000,000
866 1702 141 32 1,100,000
1142 1702 116 32 400,000
1395 1702 114 32 700,000
1627 1702 143 33 4,200,000

321 1740 32 39 6.
374 1775 164 5 ......
623 1755 141 32 2,000,000
867 1756 140 31 1,100,000
1142 1755 115 32 400,000
1396 1756 113 31 700,000
1627 1756 143 32 4,200,000

338 1808 92 24 rr:
464 1829 74 4 Reg
623 1808 141 32 2,000,000
867 1809 140 32 1,270,000
1142 1809 115 31 270,000
1395 1809 113 31 700,000
1627 1810 142 32 4,240,000

320 1887 2 16 |
337 1861 201 25 Iooosos0oa
645 1857 118 41 3868,469
920 1876 32 3 —
1055 1865 2 29 |
1169 1876 33 3 —
1394 1863 114 30 630,608
1628 1863 140 31 1,499,077
1809 1889 2 19 |

319 1908 3 41 |
605 1925 159 31 12,668,469
866 1925 141 32 5,670,000
1055 1905 3 53 |
1116 1925 141 32 1,870,000
1306 1905 3 53 |
1367 1926 141 31 4,130,608
1609 1926 159 32 24,339,077
1809 1911 2 2 |

360 1994 79 31 Vad
463 1996 116 35 angår
602 1996 472 36 utrustningskostnaderna
1097 1996 96 32 hava
1216 1998 40 30 år
1281 1997 79 31 1925
1384 1997 223 32 verkställda
1630 1997 184 31 kostnads-

319 2047 241 37 beräkningar
583 2048 55 31 för
660 2049 222 31 inventarier
903 2049 58 31 till
983 2051 50 30 ett
1056 2052 83 34 nytt
1160 2050 151 32 kliniskt
1333 2050 153 37 sjukhus
1509 2051 92 36 givit
1624 2051 57 31 till
1704 2050 108 32 resul-

317 2102 55 30 tat
393 2111 41 21 en
454 2101 153 32 kostnad
627 2112 44 21 av
691 2102 87 36 3,783
798 2102 132 31 kronor
949 2103 38 30 50
1007 2105 60 29 öre
1085 2113 63 26 per
1167 2103 103 36 plats.
1302 2103 104 32 Efter
1425 2113 137 22 samma
1581 2104 231 36 beräknings-

316 2154 118 35 grund
459 2154 115 32 skulle
600 2155 56 30 för
679 2155 209 32 karolinska
913 2156 206 36 sjukhusets
1143 2157 58 31 900
1224 2157 228 36 sängplatser
1475 2158 182 31 erfordras
1683 2159 49 30 ett
1758 2158 54 30 be-

321 2206 79 37 lopp
418 2218 44 21 av
482 2208 11 30 i
511 2210 88 30 runt
616 2208 51 31 tal
685 2209 158 36 3,500,000
861 2209 140 32 kronor.
1030 2210 136 31 Härtill
1184 2210 144 32 komma
1345 2211 242 31 kostnaderna
1605 2212 57 30 för
1679 2213 132 30 utrust-

320 2261 84 36 ning
426 2272 45 20 av
493 2261 225 37 patologiska
740 2262 262 37 institutionen,
1023 2263 100 31 vilka
1145 2264 11 30 i
1179 2264 158 36 enlighet
1359 2265 80 31 med
1460 2264 238 32 omförmälda
1720 2265 92 31 kost-

317 2315 290 36 nadsberäkning
633 2316 186 35 upptagits
845 2316 56 31 till
925 2317 108 35 80,000
1058 2317 139 30 kronor.
1233 2317 53 32 De
1311 2317 273 36 sammanlagda
1610 2319 202 35 utgifterna

316 2366 57 31 för
394 2367 241 33 inventariers
654 2369 232 36 anskaffning
908 2369 115 32 skulle
1044 2370 151 31 sålunda
1216 2372 134 35 utgöra
1370 2371 100 31 cirka
1491 2371 159 36 3,600,000
1671 2372 141 30 kronor.

357 2420 249 38 Utredningen
633 2423 185 35 angående
844 2423 208 32 karolinska
1079 2423 205 37 sjukhusets
1313 2424 285 32 driftkostnader
1624 2426 66 31 har
1719 2425 93 36 givit

317 2473 56 30 till
395 2475 151 31 resultat
569 2486 43 20 en
634 2478 46 34 på
701 2477 160 35 4,013,899
883 2477 128 30 kronor
1035 2477 258 32 balanserande
1316 2478 169 31 inkomst-
1508 2478 64 31 och
1594 2480 217 35 utgiftsstat,
