2234 2636
421 239 17 28 2
944 237 217 40 Lagutskottets
1191 237 154 31 Utlåtande
1368 239 59 29 N:o
1454 238 50 30 37.

420 318 90 48 ning
551 318 77 35 icke
661 318 153 36 erlades.
871 317 171 37 Härefter
1076 317 91 37 fäste
1198 319 226 35 motionären
1455 318 327 48 uppmärksamhet
1811 316 122 49 derpå,
1964 308 53 45 att

418 370 112 37 ofvan
559 370 152 37 anförda
740 372 254 36 bestämmelse
1019 373 9 34 i
1051 372 18 49 $
1092 374 46 36 58
1160 371 39 36 af
1216 371 261 49 förordningen
1498 384 61 23 om
1579 371 372 47 kommunalstyrelse
1973 371 46 49 på

419 425 126 36 landet
588 425 78 36 icke
700 426 123 35 tillika
857 425 204 37 innehåller
1089 425 187 37 föreskrift
1305 439 59 23 om
1394 426 88 35 eller
1511 424 92 37 efter
1633 425 148 36 hvilken
1812 424 121 49 grund
1963 430 54 30 ut-

418 479 109 48 skyld
556 479 60 35 till
646 480 223 35 kommunen
899 480 95 35 skall
1023 480 141 36 betalas
1192 478 57 37 för
1277 480 220 48 kronopark.
1555 478 117 37 Deraf
1698 478 92 36 hade
1821 477 124 37 blifvit
1973 491 43 23 en

418 531 94 50 följd
541 538 55 30 att
624 534 318 35 kommunalskatt
970 534 162 48 lagligen
1161 534 79 35 icke
1270 533 122 36 kunde
1421 532 174 50 påläggas
1623 533 44 35 de
1689 531 328 50 jordbruksfastig-

418 586 114 44 heter,
563 599 76 23 som
668 588 60 34 till
756 587 252 49 kronoparker
1036 588 157 47 inköpts,
1222 587 67 36 och
1319 593 54 30 att
1400 587 69 35 den
1498 592 117 43 tunga
1634 587 11 34 i
1667 586 153 36 berörda
1839 585 178 45 afseende,

417 653 77 22 som
535 639 101 37 förut
667 641 121 36 hvilat
815 640 21 36 å
863 642 100 35 dessa
996 640 225 49 fastigheter,
1250 641 152 36 sålunda
1430 639 277 51 öfverflyttades
1735 639 46 49 på
1809 638 120 50 öfriga
1959 640 57 35 be-

417 692 362 51 skattningsföremål
821 696 99 35 inom
963 707 44 23 en
1047 695 144 44 socken,
1235 695 137 44 hvilka,
1404 694 211 49 isynnerhet
1643 695 11 34 i
1683 694 44 36 de
1759 694 165 43 socknar,
1953 693 64 36 der

417 754 98 29 stora
549 748 176 37 områden
758 748 147 50 inköpts
938 749 59 35 till
1026 749 222 48 kronopark,
1277 747 106 37 deraf
1409 748 109 36 hårdt
1547 748 216 36 drabbades.
1814 747 130 36 Denna
1963 746 51 36 öf-

418 801 240 50 verflyttning
686 801 40 36 af
751 815 45 23 en
825 802 233 37 skattebörda
1085 802 81 36 från
1195 808 117 30 staten
1340 803 60 35 till
1429 802 69 36 den
1524 802 162 36 enskilde
1707 801 125 36 kunde
1852 802 163 34 emeller-

416 855 54 36 tid
514 856 32 48 ej
583 868 111 36 gerna
731 868 87 25 vara
846 856 83 36 med
958 856 153 36 rättvisa
1138 855 396 37 öfverensstämmande
1564 855 68 36 och
1660 856 227 35 motionären
1917 854 99 35 hem-

416 909 117 36 stälde
561 909 123 36 derför
713 915 55 30 att
796 909 280 50 ifrågavarande
1107 912 46 35 58
1184 910 18 48 $
1232 911 11 34 i
1272 909 155 37 berörda
1456 909 60 36 del
1552 909 112 35 måtte
1688 908 140 37 erhålla
1852 907 162 49 följande

416 963 157 49 lydelse:

524 1018 79 35 För
635 1011 131 43 sådana
789 1019 218 45 fastigheter,
1043 1030 83 23 vare
1153 1021 50 40 sig
1232 1021 40 32 de
1299 1020 178 33 användas
1506 1018 52 34 till
1573 1018 183 46 jordbruk
1782 1018 79 34 eller
1889 1017 123 35 krono-

410 1072 145 47 parker,
585 1074 39 32 de
651 1084 119 23 senare
798 1072 85 35 dock
907 1072 135 46 inköpte
1069 1073 87 43 efter
1184 1074 62 33 den
1275 1072 49 35 29
1353 1073 68 45 maj
1448 1071 109 42 1874,
1583 1069 56 36 för
1660 1070 128 35 hvilka
1808 1070 206 48 bevillning

416 1125 31 48 ej
491 1125 176 48 erlägges,
710 1123 146 49 påföras
889 1124 142 49 fyrktal
1064 1122 93 37 efter
1190 1124 62 36 det
1281 1125 145 47 belopp,
1457 1137 90 31 som,
1576 1123 119 36 derest
1723 1123 207 48 bevillning
1958 1122 57 36 för

416 1178 189 36 desamma
632 1178 116 49 enligt
777 1183 67 31 art.
875 1177 34 36 II
938 1176 10 37 i
979 1177 376 49 bevillningsstadgan
1384 1177 89 48 utgå
1501 1177 131 44 skulle,
1651 1176 47 49 på
1717 1176 120 49 grund
1858 1175 40 37 af
1914 1182 99 31 taxe-

416 1232 230 50 ringsvärdet
672 1237 79 31 mot
781 1231 109 36 sådan
920 1232 206 48 bevillning
1154 1244 139 32 svarar;
1322 1232 192 35 hvaremot
1542 1231 161 35 inkomst
1728 1229 40 36 af
1785 1230 151 36 arrende
1958 1229 56 37 för

416 1286 135 36 sådana
579 1286 213 48 fastigheter
820 1286 31 48 ej
882 1286 96 35 skall
1006 1286 13 34 i
1047 1285 140 50 fyrktal
1216 1291 121 31 sättas.

523 1340 79 36 Den
631 1339 112 37 andre
771 1338 241 46 motionären,
1040 1339 84 36 herr
1152 1338 80 37 Nils
1259 1339 156 45 Nilsson,
1444 1338 65 36 har
1536 1339 13 35 i
1577 1351 44 23 en
1650 1351 120 23 annan
1799 1336 58 37 för
1884 1338 129 36 krono-

416 1393 151 50 parkers
595 1394 169 35 bildande
798 1394 126 48 vanlig
953 1392 98 36 form
1080 1394 124 35 funnit
1233 1393 198 49 anledning
1458 1393 61 35 till
1549 1405 43 23 en
1623 1391 276 49 framställning
1929 1392 83 36 med

414 1448 193 36 enahanda
635 1446 94 51 syfte
758 1460 77 24 som
865 1447 190 36 utmärker
1083 1446 69 36 den
1181 1446 41 36 af
1247 1447 85 36 herr
1364 1446 160 36 Eneroth
1545 1446 128 48 gjorda
1692 1445 321 50 framställningen

413 1502 12 35 i
454 1507 135 31 ämnet.

521 1556 17 35 I
576 1555 126 37 sådant
735 1554 203 37 hänseende
966 1555 143 36 erinrar
1136 1556 84 35 herr
1248 1553 157 45 Nilsson,
1434 1554 178 36 hurusom
1641 1566 133 37 genom
1804 1552 209 51 domänsty-

414 1611 136 35 relsens
582 1609 224 49 åtgöranden
841 1609 215 49 skogsmark
1089 1610 71 34 kan
1194 1607 83 37 från
1305 1608 179 49 indragna
1513 1608 314 36 militieboställen
1857 1608 11 34 i
1897 1608 117 48 lämp-

414 1664 54 48 lig
510 1663 252 49 utsträckning
801 1662 189 37 afsöndras
1031 1662 68 36 och
1141 1663 170 48 utläggas
1344 1662 59 35 till
1431 1662 220 48 kronopark.
1706 1661 130 36 Denna
1863 1660 151 37 tvifvels

414 1724 91 29 utan
548 1718 138 48 ganska
727 1718 146 48 nyttiga
915 1717 67 35 och
1017 1717 237 35 välbetänkta
1288 1716 253 36 bestämmelse
1571 1715 121 36 kunde
1720 1715 207 36 emellertid
1956 1713 58 37 för

414 1772 70 36 den
514 1771 190 44 kommun,
732 1771 191 35 hvarinom
953 1770 44 38 de
1027 1770 182 49 indragna
1240 1770 214 44 boställena,
1484 1768 82 37 från
1595 1769 128 36 hvilka
1754 1767 258 50 afsöndringar

414 1831 62 42 egt
503 1837 97 32 rum,
631 1837 84 24 vore
746 1825 165 48 belägna,
940 1823 191 36 föranleda
1159 1824 60 35 till
1248 1824 139 48 ganska
1415 1829 74 30 stor
1518 1824 176 35 orättvisa
1723 1823 67 35 och
1820 1822 123 36 skada.

521 1876 71 38 För
615 1883 55 31 att
696 1885 170 29 närmare
894 1878 128 49 belysa
1051 1877 100 37 detta
1179 1876 196 50 påstående
1404 1878 106 35 anför
1538 1890 49 23 nu
1613 1877 226 35 motionären
1860 1880 52 32 ett
1931 1875 81 45 fall,

414 1943 77 26 som
534 1933 151 49 nyligen
722 1933 108 35 timat
863 1932 100 36 inom
997 1944 44 23 en
1077 1932 177 35 kommun
1284 1932 11 34 i
1324 1930 127 37 Skåne.
1509 1931 102 36 Inom
1642 1930 161 36 nämnda
1833 1930 179 36 kommun

414 1998 86 24 vore
530 1987 156 48 belägna
714 1985 187 49 åtskilliga
928 1985 179 49 indragna
1136 1985 324 43 militieboställen,
1488 1985 128 35 hvilka
1646 1984 78 36 dels
1742 1997 86 23 vore
1849 1990 163 30 utarren-

414 2039 144 46 derade,
587 2040 77 36 dels
692 2039 217 37 afsöndrade
938 2040 59 35 till
1026 2052 45 23 en
1100 2039 222 49 kronopark,
1350 2037 192 38 bestående
1571 2037 41 36 af
1637 2038 173 49 omkring
1838 2037 62 37 två
1928 2037 85 36 hela

414 2095 154 44 mantal,
609 2095 55 35 för
704 2094 151 35 hvilken
890 2092 214 49 afsöndring
1133 2115 49 4 —
1212 2092 152 37 oaktadt
1392 2093 358 35 kommunalskatter
1772 2091 64 36 för
1865 2093 73 34 hela
1967 2091 44 36 de

414 2147 187 45 hemman,
631 2146 189 38 hvarifrån
848 2146 261 49 afsöndringen
1138 2152 60 43 egt
1225 2160 95 32 rum,
1348 2145 37 37 så
1413 2145 104 50 långt
1546 2146 143 35 minnas
1717 2146 136 44 kunde,
1874 2145 137 48 erlagts

413 2220 50 8 —
493 2200 463 49 kommunalutskylderna
985 2200 119 36 under
1132 2200 61 36 det
1221 2199 241 37 sistförflutna
1490 2199 81 36 året
1598 2200 78 35 icke
1706 2196 131 52 utgått.

520 2253 52 37 På
599 2253 276 50 framställning
903 2267 60 23 om
992 2254 476 48 kommunalutskyldernas
1495 2253 224 49 erläggande
1747 2252 58 35 för
1832 2250 181 49 ifrågava-

413 2308 112 37 rande
554 2308 210 48 kronopark
794 2308 93 37 hade
917 2308 313 49 domänstyrelsen
1261 2311 131 41 svarat,
1420 2312 55 31 att
1504 2307 69 36 den
1604 2307 77 35 icke
1702 2310 119 31 ansett
1840 2305 55 47 sig
1914 2305 98 50 skyl-
