2222 2634
452 218 40 30 38
844 219 346 42 Bevillningsutskottets
1214 220 203 31 Betänkande
1441 221 61 32 N:o
1526 222 29 30 9.

408 295 140 48 ringar.
605 296 73 36 Det
716 297 71 35 kan
831 297 193 49 nemligen
1063 298 85 37 icke
1192 298 84 36 med
1321 298 64 49 fog
1425 301 141 47 påstås,
1610 304 55 31 att
1700 299 46 36 de
1776 299 225 36 mekaniska

411 347 272 37 verkstäderna
712 348 82 37 lidit
823 349 217 49 synnerligt
1070 363 85 23 men
1185 350 43 36 af
1250 349 181 37 utländsk
1462 351 252 36 konkurrens.
1744 351 54 35 Få
1826 350 176 49 närings-

407 412 141 34 greuar
587 399 103 36 inom
726 403 82 33 vårt
842 401 85 36 land
959 401 118 36 förete
1107 415 45 22 en
1183 405 42 33 så
1253 401 119 37 snabb
1402 402 223 48 utveckling
1653 415 82 23 som
1758 402 82 49 just
1864 403 136 35 denna.

409 450 74 36 Till
524 451 85 36 stöd
652 452 59 35 för
739 452 99 36 detta
871 454 207 48 påstående
1107 453 141 36 tillåter
1277 453 61 48 sig
1366 454 187 36 utskottet
1583 460 54 30 att
1666 468 43 22 ur
1739 453 71 37 den
1840 453 162 37 officiela

409 502 217 37 statistiken
670 503 132 37 anföra
844 504 166 49 följande
1054 504 100 37 data.
1210 496 53 45 År
1307 506 109 46 1858,
1448 505 44 36 då
1522 505 194 37 maskiner
1744 506 71 36 och
1837 505 163 50 redskap

410 552 124 38 blefvo
577 555 155 47 tullfria,
774 555 139 37 funnos
942 556 11 36 i
983 556 128 37 landet
1136 559 47 33 48
1215 556 220 37 mekaniska
1466 558 224 36 verkstäder
1718 557 71 36 och
1818 557 183 49 gjuterier

410 606 83 36 med
525 608 111 45 2,500
665 607 174 37 arbetare
868 607 70 37 och
969 614 54 30 ett
1052 608 388 49 tillverkningsvärde
1470 609 39 36 af
1534 612 59 44 4,3
1627 609 190 36 millioner
1846 609 153 47 kronor,

409 658 215 47 utgörande
661 661 21 34 8
717 665 159 43 procent
905 659 42 37 af
971 659 83 37 hela
1084 659 73 37 den
1186 659 203 38 inhemska
1419 660 382 37 fabriksindustriens
1830 660 170 36 tillverk-

410 708 246 49 ningsvärde.
714 711 55 36 De
811 711 224 36 mekaniska
1075 711 274 37 verkstäderna
1391 712 70 37 och
1502 712 235 49 gjuterierna
1779 712 134 48 intogo
1955 712 46 37 då

410 760 119 48 fjerde
563 768 162 30 rummet
755 762 114 37 bland
897 763 151 36 landets
1077 763 342 48 fabriksnäringar.
1476 756 53 45 År
1562 766 98 35 1890
1688 764 172 36 deremot
1889 763 112 37 stodo

408 812 59 47 de,
509 813 55 36 till
607 819 56 31 ett
704 814 101 36 antal
848 814 42 37 af
928 817 74 34 214
1037 815 161 49 stycken
1234 815 84 36 med
1351 817 134 46 15,804
1514 816 174 36 arbetare
1717 821 100 31 samt
1845 820 55 32 ett
1927 815 75 37 till-

410 864 331 49 verkningsvärde
770 866 41 36 af
835 868 83 45 37,8
949 866 189 37 millioner
1159 867 141 36 kronor
1320 867 90 36 eller
1434 869 44 34 14
1499 873 158 43 procent
1678 867 41 36 af
1735 866 84 37 hela
1840 866 161 37 fabriks-

409 915 236 38 industriens
675 917 402 50 tillverkningsvärde,
1098 917 135 37 främst
1253 918 114 37 bland
1384 919 44 36 de
1446 919 312 49 näringsgrenar,
1776 931 80 25 som
1875 919 126 36 denna

409 967 161 37 industri
601 968 189 38 omfattar.

538 1020 121 36 Dessa
688 1020 89 37 data
805 1021 91 49 tyda
925 1021 232 36 åtminstone
1186 1021 85 37 icke
1300 1025 46 46 på
1375 1027 55 31 att
1458 1021 199 50 tullskydd
1685 1022 125 36 skulle
1836 1035 91 24 vara
1947 1027 54 32 ett

409 1070 252 50 oeftergifligt
703 1072 123 36 vilkor
868 1073 57 36 för
967 1073 46 36 de
1052 1073 225 36 mekaniska
1306 1074 295 36 verkstädernas
1632 1074 147 37 trefnad
1810 1074 71 36 och
1911 1074 90 37 fort-

409 1122 154 37 farande
592 1123 234 49 utveckling.

537 1174 178 37 Förbises
744 1176 68 36 bör
834 1176 194 36 dessutom
1054 1176 97 45 icke,
1168 1183 55 30 att
1239 1177 70 37 den
1326 1177 200 37 inhemska
1543 1178 456 50 maskintillverkningen

409 1226 165 48 åtnjuter
614 1233 55 30 ett
713 1228 184 48 naturligt
939 1228 126 49 skydd
1098 1228 11 36 i
1136 1229 46 36 de
1205 1228 282 49 jemförelsevis
1515 1229 85 37 icke
1625 1230 223 49 obetydliga
1878 1236 122 30 trans-

409 1278 296 49 portkostnader
734 1280 69 36 och
833 1279 118 37 andra
980 1280 187 36 likartade
1195 1281 169 48 utgifter,
1394 1295 80 23 som
1505 1286 63 32 äro
1594 1282 215 37 förbundna
1840 1282 85 37 med
1945 1282 55 36 in-

408 1329 114 37 försel
551 1330 80 36 från
662 1330 173 37 utlandet
863 1332 41 35 af
927 1331 233 38 åtminstone
1190 1337 120 32 större
1339 1333 202 37 maskiner.

538 1382 199 37 Utskottet
758 1382 62 37 vill
843 1383 118 37 heller
980 1384 83 36 icke
1083 1383 127 37 lemna
1232 1384 201 37 oanmärkt
1453 1398 44 23 en
1519 1385 226 49 ytterligare
1766 1386 235 49 omständig-

409 1433 76 48 het,
515 1446 78 24 som
625 1434 96 37 talar
750 1441 102 30 emot
880 1435 72 37 den
982 1435 225 49 ifrågasatta
1238 1436 129 37 tullen.
1411 1436 129 37 Redan
1575 1437 425 50 bevillningsutskottet

410 1485 62 36 vid
505 1487 96 35 1880
630 1488 60 34 års
720 1486 170 50 riksdag,
920 1487 46 36 då
996 1487 106 50 fråga
1131 1501 58 23 om
1221 1488 68 36 tull
1320 1491 19 34 å
1369 1489 202 47 maskiner,
1603 1489 163 49 redskap
1796 1489 69 37 och
1894 1490 107 36 verk-

409 1543 70 43 tyg
522 1537 164 49 förevar,
730 1538 97 37 fäste
870 1539 12 36 i
924 1539 68 36 sitt
1033 1539 243 38 betänkande
1310 1541 199 48 angående
1539 1541 335 49 tullbevillningen
1906 1555 94 36 upp-

410 1589 307 38 märksamheten
747 1590 108 46 derå;
885 1591 71 37 och
987 1590 140 38 tillåter
1156 1591 62 49 sig
1247 1592 188 37 utskottet
1465 1598 53 31 att
1547 1606 44 23 ur
1616 1592 121 50 sagda
1758 1593 243 37 betänkande

409 1640 113 37 citera
554 1641 186 49 följande:

534 1692 211 50 »Slutligen
789 1695 139 36 tillåter
970 1694 60 49 sig
1073 1695 188 37 utskottet
1302 1698 123 34 såsom
1469 1696 58 36 sin
1567 1696 102 49 åsigt
1698 1697 131 47 uttala,
1860 1702 55 32 att
1943 1697 57 36 in-

407 1743 175 38 förandet
611 1745 41 36 af
678 1759 46 22 en
756 1746 219 36 maskintull
998 1746 83 37 med
1104 1747 290 48 nödvändighet
1415 1747 121 37 skulle
1557 1748 199 37 framkalla
1777 1754 54 31 ett
1852 1754 143 44 system

407 1795 42 36 af
486 1795 162 38 licenser
690 1797 59 37 för
789 1797 116 37 tullfri
949 1798 157 37 införsel
1140 1798 42 37 af
1209 1798 261 48 maskinerier,
1501 1799 84 37 med
1611 1800 73 36 alla
1714 1800 41 36 af
1780 1806 54 31 ett
1863 1801 136 36 sådant

408 1854 142 42 system
580 1847 170 50 följande
779 1849 260 49 olägenheter.
1087 1850 16 36 I
1133 1850 103 38 detta
1267 1851 179 36 afseende
1476 1851 63 37 vill
1569 1852 188 36 utskottet
1785 1852 122 36 erinra
1938 1866 60 22 om

409 1899 45 36 de
496 1899 275 50 förhållanden,
815 1914 79 23 som
926 1902 10 35 i
968 1902 104 48 fråga
1102 1915 60 23 om
1192 1902 157 36 införsel
1378 1902 42 37 af
1445 1903 248 37 maskinerier
1723 1904 79 36 före
1831 1906 40 34 år
1903 1906 95 35 1855

407 1951 97 48 egde
534 1965 91 23 rum.
670 1952 177 50 Redskap
877 1953 70 36 och
978 1953 250 38 maskinerier
1256 1962 91 28 vord
1376 1954 44 37 då
1451 1954 11 36 i
1492 1955 133 49 sjelfva
1657 1962 114 29 taxan
1800 1962 199 43 upptagna

408 2002 85 37 med
523 2006 46 34 25
600 2011 159 42 procent
787 2005 229 37 införseltull
1047 2005 42 37 af
1113 2005 146 49 värdet,
1291 2019 84 23 men
1406 2006 10 36 i
1437 2006 347 38 underrättelserna
1805 2008 57 36 till
1882 2013 116 31 taxan

409 2068 67 23 var
508 2055 255 49 föreskrifvet,
793 2063 54 30 att
876 2057 57 36 för
963 2070 74 36 nya
1068 2058 433 49 fabriksanläggningar
1529 2058 251 50 erforderliga
1810 2059 189 38 maskine-

407 2107 75 36 rier
514 2107 104 49 fingo
650 2108 84 36 med
763 2109 352 48 kommerskollegii
1145 2109 186 37 särskilda
1361 2109 168 38 tillstånd
1559 2110 154 37 tullfritt
1741 2111 142 36 införas
1912 2111 12 36 i
1954 2111 45 37 de

407 2158 76 48 fall,
513 2159 47 36 då
588 2160 142 37 sådana
752 2160 155 37 alldeles
928 2160 84 37 icke
1033 2161 93 36 eller
1145 2161 33 49 ej
1201 2161 56 36 till
1281 2161 63 36 full
1365 2162 143 48 godhet
1528 2162 62 37 vid
1610 2162 200 37 inhemska
1832 2163 167 36 maskin-

406 2210 168 36 fabriker
618 2211 248 38 tillverkades
905 2212 91 36 eller
1025 2213 71 36 ock
1125 2213 82 36 från
1237 2213 84 36 dem
1352 2213 85 36 icke
1469 2214 124 36 kunde
1623 2214 101 36 inom
1754 2214 161 49 lämplig
1943 2215 56 36 tid

406 2261 175 49 erhållas,
612 2270 99 29 samt
740 2270 53 30 att
821 2264 185 37 likaledes
1037 2264 83 36 med
1142 2264 349 49 kommerskollegii
1513 2266 189 36 särskilda
1722 2266 173 36 tillstånd
1916 2266 83 36 red-

407 2313 108 50 skap,
545 2315 250 37 maskinerier
823 2316 69 36 och
923 2316 179 50 verktyg,
1133 2329 79 25 som
1243 2316 10 36 i
1283 2316 116 49 öfrigt
1428 2317 56 36 för
1513 2317 200 38 inhemska
1744 2318 179 48 näringar
1943 2330 55 24 er-
