2220 2638
452 217 38 30 d2
836 217 351 41 Bevillningsutskottets
1210 217 203 32 Betänkande
1437 217 64 31 N:o
1525 219 30 30 9.

408 296 148 36 således
599 296 111 37 bland
751 301 118 31 annat
898 296 190 48 messing;
1119 296 69 36 och
1218 296 84 36 med
1331 296 150 49 hänsyn
1512 296 128 36 härtill
1671 299 117 46 vågar
1816 296 187 38 utskottet

407 351 121 46 påstå,
572 354 56 30 att
669 347 139 37 tullens
851 348 199 36 åsättande
1093 348 122 36 skulle
1252 348 57 35 för
1336 348 149 37 landets
1514 348 207 48 närimgslif
1746 349 116 36 verka
1886 348 117 48 högst

408 399 180 49 skadligt.
644 400 86 35 Man
773 399 160 37 besinne
975 400 108 47 blott,
1126 400 11 36 i
1180 399 154 37 hvilken
1369 400 270 48 utsträckning
1667 400 78 49 plåt
1774 400 70 36 och
1874 405 63 31 rör
1964 401 42 36 af

408 451 173 48 messing
610 451 197 36 förbrukas
837 451 63 36 vid
929 451 252 50 tillverkning
1209 451 41 36 af
1272 451 253 37 lokomotiver
1554 452 72 36 och
1655 465 46 23 en
1722 452 141 49 mängd
1884 452 118 36 andra

408 502 209 46 maskiner;
648 502 69 37 och
748 516 85 22 man
864 503 97 36 skall
991 503 198 48 lätteligen
1220 503 91 48 inse,
1342 509 55 31 att
1416 504 45 36 de
1482 503 222 37 mekaniska
1726 503 275 37 verkstäderna

409 554 122 36 skulle
561 554 117 36 blifva
706 554 11 35 i
746 555 79 48 hög
852 555 96 49 grad
976 554 154 37 lidande
1154 568 136 36 genom
1314 568 46 23 en
1380 555 68 36 tull
1469 558 20 33 å
1510 555 111 36 dessa
1642 555 167 36 artiklar.
1853 555 148 37 Varans

410 606 75 48 pris
528 606 123 36 skulle
694 606 192 48 nemligen
916 607 147 47 ganska
1093 606 194 36 sannolikt
1315 607 108 48 höjas
1453 607 84 36 med
1569 606 139 37 tullens
1736 606 85 37 hela
1850 607 151 49 belopp,

408 657 159 37 hvilken
610 657 304 50 prisförhöjning
956 658 288 48 otvifvelaktigt
1285 658 121 36 skulle
1435 658 162 37 inverka
1625 658 12 36 i
1666 658 79 49 hög
1773 658 95 49 grad
1898 658 105 37 häm-

409 709 136 36 mande
575 712 20 33 å
625 715 183 43 exporten
839 710 41 35 af
904 709 195 37 maskiner
1127 710 70 36 och
1226 710 110 36 äfven
1367 710 122 37 skulle
1518 710 171 37 försvåra
1711 711 291 36 konkurrensen

409 761 11 35 i
450 760 239 37 sistnämnda
722 761 136 37 artikel
890 762 82 36 med
1001 762 141 48 Norge,
1174 761 65 36 der
1268 762 184 36 tullfrihet
1481 775 92 35 eger
1601 776 80 22 rum
1712 762 58 37 för
1798 762 96 36 både
1923 762 80 49 plåt

409 812 69 36 och
522 817 63 32 rör
627 812 40 36 af
696 813 104 36 såväl
832 813 145 49 koppar
1005 825 81 24 som
1118 813 180 48 messing.
1355 812 190 50 BSlutligen
1578 816 59 33 må
1661 814 70 36 ock
1761 814 156 46 erinras,
1948 819 56 31 att

409 864 252 48 tillverkning
702 864 41 36 af
781 864 81 50 plåt
903 865 70 36 och
1015 869 62 31 rör
1106 865 41 35 af
1171 864 170 49 messing
1370 865 10 36 i
1409 868 129 45 någon
1568 865 175 37 afsevärd
1773 865 231 49 myckenhet

409 929 159 23 numera
598 929 92 35 eger
719 929 80 23 rum
829 916 102 36 inom
962 916 127 36 landet
1119 916 134 36 endast
1282 917 61 36 vid
1374 924 44 29 ett
1447 917 108 45 verk;
1586 917 70 36 och
1687 922 54 31 att
1771 917 57 36 till
1857 918 146 35 förmån

409 968 58 36 för
494 967 106 37 detta
628 967 97 37 enda
754 968 94 36 verk
877 968 164 49 pålägga
1071 981 46 23 en
1148 971 40 33 så
1216 968 126 49 vigtig
1370 969 69 36 och
1469 968 237 37 omfattande
1735 968 164 37 industri
1921 982 82 23 som

410 1019 458 48 maskintillverkningen
897 1033 46 22 en
973 1019 165 36 särskild
1167 1019 249 49 beskattning
1446 1020 114 36 borde
1590 1020 114 36 redan
1735 1021 10 35 i
1775 1020 70 37 och
1867 1020 56 36 för
1944 1020 61 49 sig

410 1070 121 37 väcka
574 1070 224 49 synnerliga
826 1070 312 48 betänkligheter
1167 1084 84 23 men
1281 1072 118 44 torde,
1429 1072 79 36 ifall
1537 1072 210 36 utskottets
1776 1071 227 37 hemställan

410 1136 59 22 om
499 1122 234 36 fortfarande
762 1122 186 36 tullfrihet
976 1122 58 36 för
1065 1122 192 37 maskiner
1290 1123 135 36 vinner
1445 1123 244 48 Riksdagens
1709 1123 293 48 godkännande,

410 1174 84 36 icke
537 1173 186 49 billigtvis
761 1174 130 36 vidare
922 1174 128 36 kunna
1078 1173 257 49 ifrågasättas.
1389 1176 55 36 Då
1472 1175 189 36 utskottet
1690 1175 159 37 sålunda
1878 1188 125 35 anser,

411 1231 54 30 att
494 1227 42 34 så
567 1226 61 35 väl
657 1226 77 48 plåt
763 1239 81 23 som
874 1231 78 31 rör-
981 1225 70 37 och
1067 1226 169 36 rördelar
1260 1227 41 35 af
1317 1226 71 37 den
1412 1227 140 48 metall,
1574 1227 156 36 hvarom
1752 1241 50 22 nu
1824 1232 40 31 är
1884 1227 118 48 fråga,

412 1277 89 36 böra
530 1277 179 37 förblifva
736 1276 157 49 tullfria,
921 1277 78 36 lära
1028 1277 180 49 samtliga
1237 1278 111 36 dessa
1378 1279 157 36 artiklar
1563 1278 128 37 kunna
1720 1286 191 42 upptagas
1936 1292 68 23 un-

410 1329 66 36 der
517 1341 49 24 en
609 1329 69 36 och
721 1342 144 24 samma
907 1329 146 47 rubrik;
1096 1329 167 37 börande
1305 1330 230 49 naturligen,
1576 1333 46 46 på
1656 1336 76 31 sätt
1760 1331 71 36 ock
1860 1330 141 49 Kongl.

411 1380 106 48 Maj:t
546 1380 209 49 föreslagit,
787 1380 47 37 de
863 1380 90 49 föga
981 1380 217 49 betydande
1226 1381 207 37 artiklarne
1460 1382 79 36 bult
1568 1382 70 37 och
1660 1383 84 49 spik
1766 1382 87 37 med
1874 1381 129 50 plåten

409 1431 200 37 likställas.

538 1483 242 37 Beträffande
808 1484 164 36 derefter
1000 1484 86 36 tråd
1115 1484 41 36 af
1182 1485 144 48 koppar
1355 1498 112 24 anser
1495 1486 199 47 utskottet,
1715 1485 78 37 lika
1813 1485 83 36 med
1918 1485 87 36 tull-

412 1535 183 48 komitén,
625 1541 55 31 att
706 1550 50 22 nu
785 1535 179 49 gällande
992 1535 82 48 tull,
1108 1538 44 35 10
1182 1541 63 31 öre
1274 1550 66 35 per
1370 1537 200 48 kilogram,
1600 1537 57 36 för
1676 1537 105 49 dylik
1802 1538 94 46 tråd,
1918 1537 85 36 sak-

413 1587 125 37 nande
568 1587 214 50 öfverdrag,
813 1588 155 36 hvilken
997 1587 152 37 tullsats
1179 1588 217 37 bibehållits
1425 1589 227 36 oförändrad
1683 1589 10 36 i
1715 1589 141 48 Kongl.
1878 1589 126 48 Maj:ts

413 1639 154 48 förslag,
611 1644 41 31 är
692 1639 364 47 tillfredsställande,
1101 1640 69 36 och
1214 1646 52 30 att
1296 1640 219 37 densamma
1545 1641 159 36 sålunda
1732 1641 86 36 icke
1849 1641 78 46 bör,
1957 1643 48 46 på

415 1695 75 32 sätt
520 1691 236 36 motionären
784 1691 208 49 föreslagit,
1014 1691 121 49 höjas.
1192 1692 251 49 Koppartråd,
1466 1693 254 47 öfverdragen
1742 1693 84 36 med
1847 1705 155 36 papper,

413 1743 107 46 lärer,
566 1743 122 48 enligt
721 1743 102 35 hvad
851 1743 189 36 utskottet
1068 1743 198 48 inhemtat,
1296 1744 84 36 icke
1408 1744 130 36 kunna
1567 1744 162 36 erhållas
1759 1744 42 36 af
1824 1744 181 36 tillfreds-

412 1794 187 36 ställande
628 1794 264 36 beskaffenhet
918 1794 101 36 inom
1051 1795 146 46 landet;
1228 1796 70 36 och
1328 1796 106 36 torde
1463 1796 125 36 denna
1616 1796 134 36 artikel
1783 1796 61 36 vid
1870 1791 135 41 sådant

413 1845 237 37 förhållande
691 1846 90 36 böra
822 1849 93 46 utgå
948 1860 44 22 ur
1020 1847 231 48 stadgandet
1281 1852 85 31 näst
1394 1848 120 36 under
1539 1847 180 37 rubriken
1747 1850 87 34 410.
1890 1847 114 36 Dess-

412 1903 101 31 utom
557 1910 113 24 anser
709 1898 190 36 utskottet
941 1898 62 36 det
1046 1912 90 22 vara
1179 1898 187 49 lämpligt,
1403 1904 55 31 att
1486 1899 10 36 i
1526 1899 131 37 stället
1684 1900 57 35 för
1769 1900 105 35 detta
1903 1899 102 36 stad-

410 1949 125 49 gande
564 1955 191 43 upptages
784 1962 47 23 en
862 1949 244 50 sjelfständig
1133 1950 128 37 rubrik
1288 1951 82 36 med
1392 1964 144 23 samma
1557 1951 152 36 tullsats
1730 1964 80 23 som
1833 1950 58 37 för
1910 1951 95 36 Kar-

412 2002 143 35 kasser.
612 2000 308 37 Vidkommande
962 2002 182 48 slutligen
1179 2002 46 36 de
1255 2002 9 36 i
1294 2003 179 36 rubriken
1503 2005 72 34 411
1611 2008 195 43 upptagna
1835 2002 168 48 artiklar,

413 2053 233 48 koppartråd
689 2053 253 49 öfverdragen
986 2056 46 46 på
1074 2060 118 30 annat
1228 2059 87 42 sätt,
1345 2055 195 36 äfvensom
1571 2054 209 37 elektriska
1809 2054 196 48 lednings-

412 2104 142 45 kablar,
585 2105 74 36 kan
688 2105 189 36 utskottet
908 2105 82 37 icke
1019 2105 150 37 förorda
1200 2105 101 37 bifall
1332 2106 56 36 till
1409 2107 184 48 förslaget
1613 2120 60 22 om
1694 2107 112 36 dessa
1827 2106 177 36 artiklars

413 2156 242 49 beläggande
683 2156 86 36 med
798 2156 82 37 tull.
936 2157 70 49 Ty,
1036 2157 148 36 oafsedt
1212 2163 54 30 att
1294 2158 189 36 utskottet
1511 2158 69 36 här
1609 2158 112 36 ofvan
1743 2157 178 38 hemstält
1943 2170 61 23 om

412 2208 233 36 fortfarande
673 2207 187 37 tullfrihet
889 2208 57 37 för
975 2212 40 33 så
1031 2209 62 36 väl
1123 2209 143 48 fysiska
1295 2209 274 37 instrumenter
1596 2223 80 23 som
1695 2209 203 48 maskiner,
1923 2209 83 36 red-

412 2259 96 49 skap
552 2260 72 36 och
667 2259 175 50 verktyg,
886 2260 95 36 talar
1013 2265 103 32 emot
1145 2274 46 23 en
1221 2261 116 36 sådan
1366 2262 88 35 tulls
1485 2261 199 37 åsättande
1712 2261 293 48 ifrågavarande

413 2311 176 38 artiklars
632 2317 102 31 stora
777 2312 197 49 betydelse
1016 2313 58 36 för
1102 2312 173 51 telegraf,
1304 2313 152 48 telefon,
1487 2313 183 37 elektrisk
1700 2312 205 49 belysning
1934 2311 71 37 och
