2228 2638
453 218 37 30 16
831 217 351 42 Bevillningsutskottets
1208 218 205 31 Betänkande
1436 217 67 33 N:o
1527 219 30 30 9.

931 296 213 49 »Bladguld
1188 296 72 37 och
1306 296 241 47 Bladsilfver,
1593 296 89 37 äkta
1730 295 93 37 eller
1865 295 132 46 oäkta;

986 347 195 37 äfvensom
1213 347 207 51 glansguld
1436 347 71 37 och
1527 347 117 37 andra
1659 347 188 37 likartade
1862 360 134 36 prepa-

985 405 101 31 rater
1113 400 42 36 af
1177 399 92 50 guld
1295 431 108 5 .......
1430 431 101 5 ooo.
1566 402 16 34 1
1613 400 65 48 kg.
1709 401 22 35 2
1760 399 55 37 kr.
1846 401 48 34 50
1921 404 76 32 öre.

940 488 85 28 Anm.
1071 486 111 39 Afdrag
1216 486 10 29 i
1254 486 102 38 vigten
1378 490 86 34 göres
1487 487 27 37 ej
1537 487 46 29 för
1605 488 149 28 närmaste
1777 486 173 37 emballaget
1973 486 25 37 ej

977 530 101 36 heller,
1100 530 10 28 i
1132 529 84 38 fråga
1238 539 48 20 om
1309 530 139 38 bladguld
1465 531 54 30 och
1535 530 180 37 bladsilfver,
1731 531 45 28 för
1791 529 204 38 mellanlägg.»

1161 695 73 35 9:0.

192 791 186 68 Bleckslagare-
536 795 86 38 Med
651 795 182 38 afseende
861 795 103 47 derå,
993 800 56 32 att
1077 795 201 48 utskottet,
1307 798 123 34 såsom
1452 796 69 37 här
1540 797 115 36 redan
1676 796 204 48 inhemtas,
1900 796 97 37 före-

277 840 61 17 ”"
408 848 115 49 glagit
566 848 71 38 den
681 848 168 48 ändring
889 848 12 36 i
944 847 139 48 Kongl.
1126 847 127 49 Maj:ts
1291 848 155 48 förslag,
1476 854 55 30 att
1558 848 211 45 »leksaker,
1800 848 71 37 alla
1901 848 97 49 slag,

406 906 91 31 utan
539 900 181 37 afseende
764 903 21 33 å
825 899 247 48 materialet»,
1114 899 108 37 skola
1264 902 142 35 åsättas
1449 900 164 37 särskild
1657 900 83 48 -tull,
1780 900 219 37 hemställer

406 952 199 49 utskottet,

935 1077 56 31 att
1005 1070 13 38 i
1036 1071 230 50 stadgandet
1279 1073 162 37 rörande
1456 1073 401 49 Bleckslagarearbeten
1872 1073 124 36 denna

806 1123 133 36 artikel
971 1125 117 34 måtte
1118 1128 172 32 närmare
1319 1124 231 37 bestämmas
1578 1137 138 36 genom
1739 1124 178 49 tillägget
1944 1124 52 48 »ej

805 1174 301 50 specificerade».

1158 1348 97 36 10:0.

209 1448 141 58 -Bokstafs-
533 1451 131 43 Under
680 1450 184 38 rubriken
884 1451 351 51 Bokstafsstämplar
1250 1452 60 35 och
1328 1451 305 49 Boktrycksstilar
1649 1456 191 44 upptager
1860 1451 136 48 Kongl.

181 1489 124 68 stämplar
321 1501 63 16 m.m.
407 1504 126 49 Maj:ts
577 1504 147 48 förslag
757 1516 143 32 samma
930 1502 150 38 tullsats
1109 1516 79 24 som
1219 1516 49 23 nu
1298 1503 179 49 gällande
1507 1509 99 42 taxa,
1636 1505 47 34 25
1713 1508 65 31 öre
1807 1516 67 37 per
1902 1503 95 36 kilo-

405 1569 121 36 gram.
1706 1570 3 3 |

535 1607 197 38 Utskottet
760 1607 233 48 hemställer,

932 1732 56 32 att
1016 1726 99 37 hvad
1143 1725 141 50 Kongl.
1314 1726 105 49 Maj:t
1447 1727 119 44 under
1594 1726 251 38 förevarande
1865 1727 130 37 rubrik

806 1778 201 49 föreslagit
1035 1781 114 34 måtte
1179 1777 41 37 af
1244 1777 219 50 Riksdagen
1493 1778 238 49 godkännas.

1160 1954 94 34 I1:o.

189 2049 191 67 Borstbindare-
534 2055 129 38 Under
706 2055 402 38 Borstbindarearbeten
1149 2061 192 43 upptager
1381 2055 197 49 förslaget,
1621 2054 115 38 bland
1764 2060 127 42 annat,
1921 2055 74 37 den

406 2107 280 45 bestämmelse,
716 2112 56 31 att
805 2108 149 48 penslar
983 2112 98 32 samt
1110 2120 161 23 murare-
1300 2108 69 36 och
1399 2108 279 36 mådlareborstar
1706 2107 42 36 af
1771 2107 117 36 andra
1918 2111 77 32 äm-

406 2172 74 24 nen
508 2164 49 31 än
584 2158 95 38 fiber
708 2164 71 31 etc.
811 2159 107 36 skola
947 2159 120 48 draga
1095 2172 46 23 en
1170 2159 69 37 tull
1268 2158 42 37 af
1335 2161 46 35 50
1410 2164 64 32 öre
1500 2172 65 36 per
1593 2158 200 49 kilogram.

534 2211 56 37 Då
618 2210 201 47 utskottet,
848 2213 47 46 på
923 2215 76 32 sätt
1026 2211 69 35 här
1122 2210 123 37 nedan
1275 2210 162 45 anföres,
1467 2210 125 38 funnit
1619 2211 178 48 redskap,
1818 2210 34 48 ej
1874 2210 120 49 speci-

404 2262 175 48 ficerade,
620 2262 92 37 böra
750 2262 234 37 fortfarande
1027 2275 89 24 vara
1152 2262 153 48 tullfria,
1336 2263 96 37 lärer
1461 2265 124 46 någon
1616 2262 193 49 väsentlig
1833 2262 161 48 höjning

404 2314 41 35 af
469 2313 71 36 den
571 2314 80 47 tull,
685 2316 44 34 12
760 2319 64 31 öre
848 2327 67 36 per
942 2314 203 49 kilogram,
1174 2327 81 24 som
1286 2314 59 36 för
1364 2314 238 38 närvarande
1621 2316 113 47 utgår
1754 2313 58 38 för
1829 2325 164 25 murare-
