1886 2838
351 172 98 28 Andra
469 173 186 27 kammarens
674 171 124 34 femte
820 170 144 35 tillfälliga
985 171 128 27 utskotts
1134 169 149 28 utlåtande
1305 169 43 27 Nr
1367 169 25 27 6.
1601 168 10 26 1

798 313 78 40 Nr.
905 314 41 38 6.

654 420 109 27 Ankom
782 420 42 28 till
844 420 171 34 riksdagens
1035 419 94 28 kansli
1149 420 52 26 den
1225 419 31 27 12
1276 418 56 34 maj
1358 418 67 26 1939
1445 417 35 28 kl.
1500 418 17 26 4
1535 425 25 19 e.
1581 425 34 19 m.

336 513 118 32 Amdra
482 513 206 31 kammarens
716 513 144 37 femte
892 511 169 39 tillfälliga
1091 511 141 31 utskotts
1262 508 182 38 utlåtande,
1472 519 44 20 nr
1546 511 30 35 6,
1606 508 12 31 i

543 565 180 40 anledning
745 576 41 21 av
811 566 98 30 väckt
932 565 122 31 motion
1079 564 166 38 angående
1271 563 179 38 utredning
1475 561 141 31 rörande

544 619 233 39 försäkrandet
806 620 13 30 i
848 618 132 40 privata
1008 618 304 38 försäkringsbolag
1343 626 39 22 av
1413 616 115 38 statlig
1558 616 59 30 och

545 673 187 31 kommunal
756 672 158 38 egendom
936 683 39 19 m.
1000 682 40 20 m.

172 792 16 29 I
207 801 40 22 en
266 791 90 30 inom
375 790 190 38 riksdagens
585 789 104 32 andra
708 790 165 30 kammare
892 789 105 37 väckt,
1017 788 53 31 till
1089 787 73 32 dess
1182 787 99 30 femte
1301 786 171 38 tillfälliga
1491 786 127 31 utskott

131 845 159 32 hänvisad
311 844 131 40 motion,
464 854 42 20 nr
526 844 72 38 271,
620 844 62 30 har
701 844 78 31 herr
799 842 131 32 Nilsson
952 843 10 30 i
984 841 165 39 Göteborg
1171 840 176 38 hemställt,
1370 843 48 28 att
1441 838 177 39 riksdagen

129 899 75 32 ville
220 899 128 31 besluta
365 901 48 28 att
429 899 11 30 i
454 897 157 32 skrivelse
628 897 52 32 till
695 897 124 38 Kungl.
837 896 103 38 Maj:t
956 895 143 38 anhålla,
1117 898 49 28 att
1183 893 123 39 Kungl.
1321 893 104 38 Maj:t
1435 893 102 30 måtte
1550 892 68 31 låta

133 952 177 32 verkställa
328 962 40 21 en
387 952 130 38 allsidig
535 951 181 39 utredning
734 951 11 31 i
764 950 88 38 syfte
872 953 49 28 att
939 950 121 30 utröna
1079 950 11 29 i
1109 949 108 30 vilken
1236 946 231 39 utsträckning
1485 949 135 34 statens,

133 1007 41 31 de
192 1006 135 38 statliga
345 1007 61 30 och
425 1005 214 39 halvstatliga
658 1004 271 31 institutionerna
948 1006 83 28 samt
1050 1003 253 30 kommunernas
1324 1000 156 39 egendom
1500 1001 39 30 är
1550 1000 71 31 för-

131 1059 120 33 säkrad
268 1059 10 30 i
295 1059 41 32 de
353 1058 131 39 privata
500 1057 345 39 försäkringsbolagen
863 1057 59 31 och
939 1057 87 30 huru
1045 1056 93 31 dessa
1156 1054 227 38 försäkringar
1400 1053 88 31 skola
1506 1053 114 30 kunna

135 1114 126 31 avlösas
281 1123 41 20 av
343 1124 41 21 en
404 1122 88 21 mera
512 1111 261 40 ändamålsenlig
793 1111 150 38 ordning.

174 1168 93 30 Inom
291 1166 106 32 första
420 1167 189 30 kammaren
635 1166 60 31 har
718 1166 78 31 herr
822 1165 147 31 Theodor
993 1164 201 38 Magnusson
1220 1163 96 31 väckt
1343 1173 38 20 en
1407 1161 212 39 likalydande

130 1220 132 38 motion,
285 1229 42 21 nr
352 1220 68 30 186.

174 1274 222 32 Beträffande
430 1274 238 38 motiveringen
708 1273 52 31 får
797 1273 159 31 utskottet
992 1271 139 31 hänvisa
1167 1271 51 31 till
1255 1270 203 32 sistnämnda
1495 1270 125 31 motion

136 1329 50 37 (1:
200 1329 88 37 186).

177 1433 83 34 Över
280 1435 124 30 motion
424 1435 125 29 II:271
572 1435 61 29 har
653 1434 159 30 utskottet
834 1433 161 31 inhämtat
1017 1431 196 32 utlåtanden
1236 1432 77 29 från
1336 1430 285 38 riksräkenskaps-

134 1489 121 37 verket,
275 1487 434 39 försäkringsinspektionen
728 1487 59 31 och
805 1486 291 38 domänstyrelsen,
1115 1486 161 37 varjämte
1297 1483 145 32 Svenska
1459 1482 163 32 stadsför-

134 1542 133 38 bundet,
284 1541 146 32 Svenska
444 1540 348 32 landskommunernas
808 1539 145 32 förbund
968 1540 59 30 och
1044 1538 145 31 Svenska
1205 1537 316 38 försäkringsbolags
1537 1537 85 30 riks-

136 1596 145 31 förbund
303 1595 123 31 beretts
445 1594 136 31 tillfälle
603 1597 49 27 att
674 1594 161 30 inkomma
858 1592 73 31 med
952 1591 190 39 yttranden.

177 1648 394 38 Riksräkenskapsverket
598 1647 129 31 erinrar
751 1657 52 20 om
828 1649 50 28 att
903 1655 113 29 genom
1041 1646 114 38 kungl.
1183 1646 76 31 brev
1286 1645 63 31 den
1375 1645 38 30 27
1440 1646 75 36 juni
1542 1645 79 30 1821

138 1703 204 37 föreskrives,
364 1705 49 29 att
433 1701 297 38 brandförsäkring
750 1701 68 31 icke
838 1700 104 31 skulle
962 1703 94 34 tagas
1077 1700 18 30 å
1115 1700 142 30 kronans
1278 1699 93 31 förut
1392 1699 29 38 ej
1443 1697 180 32 brandför-

136 1756 137 33 säkrade
296 1755 165 40 egendom.
485 1756 73 29 Den
582 1754 185 39 grundsats,
791 1764 68 21 som
883 1752 138 32 sålunda
1044 1754 74 29 kom
1142 1753 51 30 till
1216 1752 145 38 uttryck,
1386 1752 165 38 nämligen
1575 1754 48 28 att

137 1814 106 27 staten
263 1810 101 31 borde
383 1818 79 22 vara
482 1809 51 31 sin
554 1818 81 28 egen
656 1807 326 39 försäkringsgivare,
1003 1806 84 32 hade
1107 1805 182 32 sedermera
1310 1805 135 31 kommit
1466 1808 51 29 att
1537 1804 86 39 gälla

135 1874 68 21 som
220 1875 40 20 en
277 1864 122 30 allmän
417 1862 95 39 regel.
530 1861 180 38 Undantag
727 1861 79 30 från
824 1860 107 31 denna
949 1860 87 38 regel
1054 1859 84 32 hade
1154 1859 183 31 emellertid
1356 1858 207 31 förekommit
1581 1858 44 38 på

138 1917 109 39 grund
269 1926 40 21 av
332 1916 41 31 bl.
397 1926 27 21 a.
447 1916 62 30 den
532 1914 136 38 statliga
689 1914 263 31 verksamhetens
974 1912 201 38 utvidgning
1198 1912 51 30 till
1272 1921 68 27 nya
1360 1910 156 32 områden
1539 1913 85 28 samt

138 1969 377 39 försäkringsväsendets
533 1967 198 38 utveckling.
751 1966 242 38 Försäkringar
1010 1965 95 32 torde
1124 1965 82 30 hava
1225 1964 109 39 tagits,
1355 1963 41 32 då
1414 1964 132 30 särskilt
1565 1963 60 38 på-

137 2024 124 39 tagliga
277 2023 106 31 risker
399 2022 167 37 förelegat.
585 2021 241 37 Försäkringar
842 2024 90 34 toges
948 2020 10 30 i
975 2020 88 37 regel
1081 2018 69 31 icke
1167 2022 80 27 utan
1263 2017 161 32 särskilda
1441 2026 40 21 av
1498 2016 126 38 Kungl.

137 2078 102 37 Maj:t
267 2075 190 32 meddelade
485 2094 41 3 —
553 2073 213 32 beträffande
795 2076 125 27 statens
948 2072 189 31 affärsverk
1166 2070 80 32 dock
1276 2080 89 21 mera
1395 2069 163 39 generella
1585 2088 42 3 —

139 2131 159 38 tillstånd,
334 2128 262 32 understundom
629 2127 273 38 kompletterades
925 2126 72 31 med
1021 2137 40 19 av
1086 2125 172 38 riksdagen
1285 2124 53 31 för
1362 2123 185 32 ändamålet
1570 2123 56 30 be-

138 2184 123 38 viljade
285 2183 115 38 anslag
428 2182 211 38 (exempelvis
663 2182 9 29 i
698 2181 95 38 fråga
818 2191 51 20 om
892 2179 110 38 kungl.
1028 2182 186 27 teatrarnas
1239 2177 221 38 byggnader).
1508 2176 119 30 Ehuru

139 2247 48 28 en,
214 2237 103 31 delvis
343 2237 85 30 efter
453 2235 147 31 initiativ
627 2235 77 30 från
730 2233 191 38 riksdagens
948 2232 176 31 revisorers
1150 2231 79 37 sida,
1258 2231 74 30 med
1359 2230 89 31 tiden
1475 2230 152 30 alltmera

139 2291 167 31 restriktiv
329 2289 136 31 tendens
485 2289 94 30 torde
601 2288 84 30 hava
704 2287 91 38 gjort
817 2287 50 37 sig
889 2285 150 38 gällande
1062 2285 56 30 vid
1140 2283 231 38 medgivandet
1393 2293 39 20 av
1454 2282 173 37 undantag

141 2344 77 30 från
244 2343 64 31 den
336 2343 166 30 allmänna
529 2341 122 38 regeln,
680 2343 48 27 att
756 2343 108 27 staten
893 2339 80 30 skall
1000 2347 83 21 vara
1109 2338 51 29 sin
1189 2346 79 28 egen
1299 2335 326 38 försäkringsgivare,

139 2397 75 30 ville
241 2395 383 38 riksräkenskapsverket
652 2393 134 31 förorda
813 2392 192 38 ytterligare
1034 2389 221 39 begränsning
1283 2400 40 20 av
1352 2388 275 38 försäkringsför-

140 2449 163 32 farandet.
355 2448 113 38 Enligt
495 2447 130 31 verkets
653 2446 130 37 mening
809 2448 112 35 syntes
946 2445 79 30 böra
1054 2443 189 37 fastställas,
1272 2445 50 27 att
1350 2441 170 38 undantag
1550 2441 77 30 från

141 2502 226 39 huvudregeln
397 2502 101 31 skulle
529 2500 200 31 förekomma
759 2499 139 30 allenast
929 2499 8 29 i
966 2497 153 38 speciella
1150 2496 67 31 fall.
1271 2494 356 38 Riksräkenskapsver-

188 2572 113 34 Bihang
321 2570 42 29 till
382 2571 171 33 riksdagens
573 2570 143 34 protokoll
738 2569 78 26 1939.
850 2569 32 26 13
901 2568 80 27 saml.
1011 2567 17 27 5
1048 2567 64 26 avd.
1143 2566 41 27 Nr
1203 2565 24 27 6.
1570 2564 8 25 1

1647 790 157 25 Motionen.

1650 1433 165 26 Yttranden.
