2209 2685
716 180 273 34 Bankoutskottets
1012 183 161 33 utlåtande
1196 185 53 31 Nr
1271 186 51 32 13.
1759 192 18 31 5

772 420 499 39 Pensionsbestämmelserna.

351 518 522 41 Pensionsbestämmelserna
913 523 57 36 för
1010 525 118 37 indelt
1169 527 181 50 manskap
1392 532 64 34 äro
1489 531 246 49 synnerligen
1763 532 56 37 in-

221 571 192 48 vecklade,
456 572 135 37 medan
630 574 169 36 däremot
827 575 211 38 officerares
1067 578 71 36 och
1166 579 333 39 underofficerares
1527 583 202 48 pensioner
1756 590 63 31 äro

221 623 215 49 lättfattligt
476 625 208 48 reglerade.
742 625 144 51 Själfva
927 628 406 52 beräkningsgrunden
1375 633 59 36 för
1466 631 354 59 manskapspensio-

220 675 186 49 neringen
448 680 42 32 är
531 690 47 23 en
620 691 124 24 annan
788 684 49 32 än
878 679 83 48 den,
1004 694 81 24 som
1126 683 121 48 gäller
1275 684 58 36 för
1361 685 194 38 officerare
1583 688 71 35 och
1682 689 136 36 under-

220 727 204 38 officerare.
480 729 120 37 Dessa
641 731 140 37 erhålla
822 732 84 36 hela
941 732 112 38 lönen
1080 734 12 36 i
1120 736 159 48 pension
1306 737 64 36 vid
1401 739 47 35 50
1476 738 165 37 lefnads-
1670 741 71 36 och
1770 743 48 35 30

218 779 171 49 tjänstår,
429 793 61 24 om
532 781 112 37 lönen
681 783 34 49 ej
746 784 226 48 öfverstiger
1003 788 111 45 1,000
1142 787 151 49 kronor,
1322 789 46 37 då
1396 790 207 49 pensionen
1631 791 187 39 beräknas

219 831 96 37 efter
342 832 103 37 vissa
472 840 158 42 procent
658 835 40 36 af
721 836 122 36 lönen.
1618 841 9 10 ”

349 884 74 37 Vid
464 885 259 39 beräknandet
765 888 41 36 af
843 888 63 37 det
946 889 140 38 indelta
1128 892 242 50 manskapets
1405 894 317 51 pensionsbelopp
1750 897 69 37 har

218 935 117 49 ingen
377 936 171 38 bestämd
576 939 148 50 princip
753 940 114 50 följts.
924 941 73 37 Det
1025 942 84 37 hela
1137 943 67 37 har
1232 944 226 38 karaktären
1487 947 40 36 af
1552 953 53 31 ett
1632 948 185 50 tämligen

217 988 227 49 principlöst
471 989 177 38 virrvarr.
704 992 84 37 Den
817 993 96 36 enda
940 993 372 51 beräkningsgrund,
1334 1010 81 24 som
1435 998 140 50 tydligt
1595 1000 222 38 framträder

217 1040 12 35 i
258 1040 46 36 de
344 1041 249 49 labyrintiska
631 1043 347 49 bestämmelserna,
1014 1051 40 31 är
1081 1049 156 47 negativ
1264 1049 69 36 och
1362 1051 192 37 utmärkes
1582 1065 140 36 genom
1751 1054 66 36 sitt

218 1091 336 51 afståndstagande
592 1095 82 36 från
701 1096 134 50 hvarje
863 1097 268 50 principlikhet
1158 1100 86 36 med
1272 1102 216 47 grunderna
1517 1103 58 37 för
1603 1104 212 38 officerares

218 1144 70 36 och
316 1145 332 39 underofficerares
676 1149 280 49 pensionering.

347 1197 124 47 Indelt
512 1200 196 49 manskap,
750 1214 81 23 som
872 1202 62 36 vid
977 1202 336 51 afskedstagandet
1354 1209 163 47 uppnått
1555 1209 45 34 25
1635 1208 181 49 tjänsteår

219 1247 145 51 (kungl.
413 1250 88 36 bref
543 1251 73 37 den
664 1255 18 33 7
727 1253 72 48 juli
847 1253 125 50 1905),
1019 1259 41 31 är
1106 1255 232 50 berättigadt
1379 1258 58 36 till
1482 1259 159 49 pension
1688 1260 42 49 (8.
1778 1262 35 35 k.

216 1301 198 36 underhåll
456 1302 83 37 från
581 1303 192 38 Vadstena
814 1305 428 52 krigsmanshuskassa).
1298 1309 74 37 Vid
1414 1310 46 36 de
1508 1310 99 38 förra
1635 1313 180 37 värfvade

216 1358 206 44 trupperna
449 1353 118 50 (utom
596 1356 228 38 Värmlands
853 1358 282 51 fältjägarekår)
1165 1361 165 37 inträder
1357 1363 305 48 pensionsrätten
1681 1365 65 37 vid
1765 1367 49 35 40

215 1405 165 37 lefnads-
410 1407 71 36 och
510 1408 48 35 20
592 1409 171 48 tjänstår,
784 1410 63 36 vid
868 1410 224 38 Värmlands
1113 1412 267 50 fältjägarekår
1399 1420 96 30 samt
1516 1415 59 37 för
1594 1417 220 49 manskaps-

215 1457 262 38 underbefälet
504 1459 65 37 vid
599 1460 171 37 Skånska
798 1461 142 49 husar-,
962 1462 172 38 Skånska
1155 1465 162 49 dragon-
1336 1467 69 36 och
1424 1466 208 39 Norrlands
1652 1469 146 49 dragon

214 1515 246 43 regementen
477 1511 95 37 efter
587 1513 48 36 45
654 1513 163 37 lefnads-
833 1515 71 36 och
921 1515 46 36 25
984 1515 159 49 tjänstår
1158 1516 143 50 (kungl.
1319 1518 257 49 kungörelsen
1592 1520 72 37 den
1682 1524 19 33 7
1720 1522 95 49 april

218 1562 109 46 13818,
357 1562 132 50 kungl.
519 1564 88 36 bref
632 1565 73 36 den
735 1568 47 35 30
811 1567 73 49 maj
918 1567 123 49 1893).
1085 1569 184 50 Manskap
1299 1570 63 37 vid
1390 1570 145 50 gardet,
1564 1585 80 24 som
1664 1576 81 34 nått
1767 1575 45 35 19

215 1613 172 48 tjänstår,
416 1615 76 35 kan
521 1618 168 34 anmälas
717 1618 56 35 till
801 1619 159 48 pension
988 1620 85 35 med
1102 1621 138 36 villkor
1269 1628 54 30 att
1351 1623 63 35 det
1446 1623 173 36 kvarstår
1650 1625 12 35 i
1685 1621 128 57 tjänst,

214 1664 76 40 tills
311 1665 61 36 det
391 1666 158 37 innehar
569 1669 48 35 20
633 1669 160 48 tjänstår
812 1669 141 50 (kungl.
979 1671 83 37 bref
1078 1672 73 36 den
1174 1674 43 35 11
1240 1674 212 49 september
1474 1675 123 49 1837).
1628 1677 184 49 Manskap

213 1716 65 36 vid
318 1717 81 37 icke
441 1720 272 47 garnisonerad
748 1727 122 45 trupp,
913 1736 80 23 som
1027 1724 99 37 förut
1153 1726 119 48 tjänat
1302 1726 62 37 vid
1392 1727 177 36 värfvadt
1597 1729 217 48 garnisons-

212 1775 230 42 regemente,
484 1772 188 36 beräknar
709 1773 132 49 hvarje
878 1775 159 48 tjänstår
1079 1776 193 38 därstädes
1309 1781 123 33 såsom
1463 1779 72 40 17/7
1566 1779 137 49 (såsom
1735 1781 78 41 1//,

213 1820 64 36 vid
297 1821 45 37 de
362 1827 55 31 tre
438 1822 24 36 f.
484 1822 33 37 d.
535 1823 295 50 jägarekårerna
851 1826 119 50 enligt
994 1827 130 50 kungl.
1146 1829 85 37 bref
1247 1830 71 37 den
1338 1832 48 35 20
1406 1845 100 23 mars
1528 1831 124 50 1849).
1691 1833 123 38 Indelt

214 1874 195 49 manskap,
453 1889 80 23 som
576 1876 159 38 erhåller
773 1878 130 37 afsked
932 1879 94 37 efter
1053 1882 203 48 uppnådda
1284 1884 48 35 20
1361 1883 171 48 tjänstår,
1563 1885 164 37 anmäles
1756 1886 57 37 till

213 1927 196 36 underhåll
446 1930 53 44 på
543 1931 196 44 expektans
781 1930 70 37 och
891 1931 171 38 kommer
1093 1933 64 36 vid
1187 1935 48 35 50
1265 1937 58 34 års
1352 1935 103 37 ålder
1482 1936 12 36 i
1523 1937 222 48 åtnjutande
1775 1939 39 36 af

213 1978 159 48 pension
400 1978 145 51 (kungl.
576 1980 255 50 kungörelsen
861 1984 20 35 6
911 1985 152 47 augusti
1094 1985 123 49 1909).

342 2030 255 39 Pensionerna
637 2034 84 36 från
758 2034 192 38 Vadstena
977 2036 384 50 krigsmanshusfond
1390 2039 101 38 delas
1519 2041 12 36 i
1560 2041 83 49 fyra
1670 2042 144 38 klasser

212 2081 174 38 sålunda:

342 2139 21 32 1
407 2137 144 36 klassen
592 2137 86 37 med
721 2141 49 34 72
812 2141 132 35 kronor
985 2140 143 49 årligen
1170 2144 38 34 åt
1241 2143 307 50 sinnesrubbade,
1577 2145 233 49 lemlästade,

212 2185 129 37 blinda
369 2188 71 35 och
469 2188 163 50 obotligt
661 2190 109 49 sjuka
799 2190 221 50 (pensionen
1048 2194 75 35 kan
1151 2194 12 36 i
1192 2195 164 36 särdeles
1385 2197 199 37 ömmande
1612 2197 65 37 fall
1705 2198 106 49 höjas

210 2237 58 36 till
299 2239 72 36 100
401 2239 169 50 kronor);
