2233 2740
440 225 18 28 8
945 217 96 32 Stats-
1053 213 164 46 Utskottets
1227 217 160 33 Utlåtande
1411 218 62 32 N:o
1495 220 53 30 32.

442 303 94 35 1874
576 300 200 37 inträffade
818 299 213 37 emellertid
1072 299 92 37 flera
1204 299 191 37 särskilda
1435 304 148 44 gånger
1620 302 112 34 svåra
1767 304 162 33 stormar
1957 300 88 37 med

438 353 96 49 högt
573 351 258 49 vattenstånd,
871 350 132 38 hvilka
1035 350 264 38 åstadkommo
1328 351 218 50 betydande
1576 351 141 37 skador
1746 353 20 35 å
1795 351 64 37 det
1884 351 160 50 nyligen

436 403 249 50 färdigblifna
726 403 158 48 arbetet,
924 403 58 36 till
1024 402 150 38 hvilkas
1217 402 246 51 afhjelpande
1505 402 198 38 äfvensom
1736 403 58 36 till
1828 403 216 37 åstadkom-

438 456 137 37 mande
605 455 41 37 af
669 469 47 23 en
743 454 121 49 nödig
892 454 192 37 befunnen
1104 454 264 49 förstärkning
1387 454 41 37 af
1443 455 73 36 den
1536 468 75 36 nya
1630 454 259 50 vågbrytaren
1909 455 135 47 skulle,

437 508 123 48 enligt
600 507 41 37 af
676 507 152 49 Kapten
868 506 86 37 Blix
995 506 223 50 upprättadt
1257 505 157 50 förslag,
1457 509 88 46 åtgå
1586 511 53 32 ett
1669 506 141 50 belopp
1846 506 42 37 af
1912 508 132 47 63,000

436 559 152 37 kronor.

537 610 108 38 Efter
673 609 65 37 det
765 608 352 49 stadsfullmäktige
1146 608 11 36 i
1185 608 123 50 Visby
1335 608 55 37 uti
1419 622 47 23 en
1493 621 141 35 genom
1664 608 139 49 Kongl.
1825 608 126 50 Maj:ts
1980 609 65 37 be-

435 661 380 50 fallningshafvande
843 660 11 36 i
884 660 188 38 Gotlands
1113 660 63 37 län
1217 660 73 37 den
1335 662 44 35 14
1419 660 221 37 November
1675 661 95 35 1874
1807 660 138 37 insänd
1974 662 71 36 och

437 714 88 37 med
567 713 88 37 dess
696 712 130 38 förord
866 712 238 49 beledsagad
1139 711 111 38 skrift
1284 712 4 36 1
1316 712 310 49 underdånighet
1654 712 158 37 anhållit
1839 725 60 24 om
1928 718 117 32 stats-

435 765 140 47 bidrag
601 765 58 35 för
686 764 287 36 förstärkandet
1000 764 42 35 af
1064 777 75 35 nya
1166 763 259 48 vågbrytaren
1452 764 66 35 vid
1546 763 123 48 Visby
1696 763 126 46 hamn,
1851 764 69 35 har
1935 764 105 47 Väg-

436 815 73 37 och
536 814 538 50 vattenbyggnadsstyrelsen
1101 813 12 36 i
1142 813 160 49 afgifvet
1329 813 194 37 utlåtande
1552 813 189 48 andragit,
1771 818 54 32 att
1852 813 192 49 styrelsen

436 869 143 46 ansåge
620 866 273 62 vågbrytaren,
934 879 61 23 om
1037 866 73 36 den
1151 865 123 49 enligt
1314 865 203 49 Kaptenen
1552 864 96 37 Blix”
1682 864 90 50 plan
1799 861 243 71 påbyggdes,

436 918 208 48 onekligen
672 918 109 36 skola
809 920 90 34 ernå
927 917 74 36 den
1029 916 110 37 bästa
1172 916 264 57 förstärkning
1464 921 78 32 mot
1570 922 189 30 stormens
1789 917 72 36 och
1889 919 154 46 sjögån-

436 982 96 36 gens
561 968 181 37 förenade
770 968 250 49 verkningar;
1050 973 65 42 att,
1144 968 48 36 då
1220 967 64 37 det
1311 967 100 37 visat
1438 967 73 49 sig,
1532 972 54 32 att
1606 967 234 37 elementens
1861 958 182 46 förenade

436 998 116 59 anfall
592 1020 118 37 redan
751 997 271 59 åstadkommit
1063 997 119 59 skada
1211 1021 19 34 å
1259 1019 74 36 den
1373 1019 88 36 med
1502 1018 49 37 all
1586 1032 156 35 omsorg
1775 1018 166 49 anlagda
1968 1033 75 35 nya

435 1071 258 50 vågbrytaren
723 1070 137 49 derför,
886 1076 53 31 att
960 1070 221 37 densamma
1200 1069 83 37 icke
1303 1083 90 24 vore
1412 1069 226 50 tillräckligt
1657 1070 91 49 höjd
1770 1069 106 37 öfver
1895 1075 147 32 vatten-

435 1129 104 42 ytan,
581 1122 192 50 styrelsen
808 1122 204 37 förordade
1045 1122 307 49 påbyggnadens
1381 1121 201 37 utförande
1611 1121 122 48 enligt
1761 1135 145 23 samma
1933 1122 108 48 plan;

436 1180 98 30 samt
562 1178 54 32 att
643 1179 79 31 mot
749 1173 183 49 beloppet
959 1173 41 37 af
1024 1173 74 36 den
1125 1172 57 37 för
1207 1173 166 37 arbetets
1394 1172 286 37 verkställande
1700 1172 219 37 beräknade
1939 1173 104 36 kost-

435 1225 259 48 nadssumma,
724 1226 135 46 63,000
888 1224 151 45 kronor,
1069 1224 83 37 skäl
1180 1223 58 37 till
1266 1224 255 48 anmärkning
1548 1224 84 37 icke
1652 1223 253 37 förekommit.

535 1276 135 37 Såsom
699 1254 114 58 ofvan
840 1280 164 42 nämnts,
1033 1277 131 47 uppgå
1192 1275 47 36 de
1267 1275 190 36 särskilda
1486 1276 126 47 anslag
1637 1275 41 36 af
1693 1274 191 37 allmänna
1903 1275 138 47 medel,

434 1340 82 23 som
556 1327 58 36 till
655 1304 410 70 hamnanläggningen
1105 1325 65 37 vid
1210 1325 123 49 Visby
1373 1325 127 37 blifvit
1541 1325 40 37 af
1608 1325 133 37 Rikets
1776 1325 164 37 Ständer
1969 1304 72 58 och

434 1378 224 48 Riksdagen
685 1377 203 49 beviljade,
917 1377 58 36 till
1004 1379 157 42 384,437
1191 1377 140 36 kronor
1360 1379 46 35 50
1435 1382 75 42 öre,
1546 1377 71 36 och
1646 1376 46 37 de
1720 1376 170 49 utgifter,
1918 1376 123 50 Visby

433 1429 86 36 stad
546 1429 57 36 för
631 1442 145 23 samma
804 1429 176 36 ändamål
1008 1431 98 33 måst
1134 1428 232 36 underkasta
1394 1429 73 47 sig,
1496 1428 80 36 lära
1598 1427 89 37 vida
1706 1428 211 47 öfverstiga
1937 1428 103 36 detta

431 1480 153 49 belopp.
639 1481 78 46 Att,
761 1479 161 37 oansedt
963 1482 41 34 så
1037 1479 200 49 betydliga
1265 1479 275 49 uppoffringar,
1569 1479 356 48 hamnbyggnaden
1952 1478 84 37 icke

432 1531 86 36 fullt
557 1536 209 31 motsvarat
807 1531 66 36 sitt
903 1530 187 46 ändamål,
1123 1531 68 35 har
1224 1542 109 37 synts
1362 1530 140 48 Kongl.
1533 1530 106 48 Maj:t
1682 1530 136 36 endast
1845 1529 92 37 böra
1963 1530 75 35 till-

433 1582 164 36 skrifvas
640 1582 146 36 saknad
828 1581 41 37 af
892 1582 75 37 den
999 1581 216 37 erfarenhet
1248 1581 198 48 angående
1478 1581 46 37 de
1552 1581 59 36 för
1638 1580 233 49 gotländska
1897 1581 140 36 kusten

433 1633 272 48 egendomliga
732 1633 276 46 förhållanden,
1038 1646 94 33 som,
1161 1632 122 48 enligt
1310 1632 101 36 hvad
1439 1646 50 22 nu
1517 1632 101 36 visat
1641 1632 86 56 sig,
1734 1631 98 37 varit
1852 1631 187 37 erforder-

432 1684 55 48 lig
527 1683 66 37 vid
634 1684 275 49 upprättandet
941 1683 41 37 af
996 1661 141 85 planer
1164 1682 58 37 för
1251 1683 46 36 de
1326 1683 190 36 särskilda
1544 1682 354 49 anläggningarnes
1927 1683 111 36 verk-

431 1734 206 45 ställande;
681 1735 71 35 och
795 1734 47 36 då
883 1734 46 37 de
963 1737 48 46 på
1039 1734 246 36 merberörda
1313 1733 359 49 hamnanläggning
1698 1733 119 37 redan
1844 1733 195 49 nedlagda

431 1764 206 70 betydliga
664 1785 209 37 kostnader
908 1786 129 36 kunna
1065 1797 125 34 anses,
1228 1785 129 36 derest
1383 1784 292 48 ifrågavarande
1704 1797 75 36 nya
1806 1784 232 49 vågbrytare

431 1836 83 36 icke
543 1836 263 46 iståndsättes,
834 1849 91 23 vara
952 1836 58 36 till
1038 1841 79 31 stor
1146 1835 61 37 del
1241 1835 211 49 förspillda,
1483 1837 65 35 har
1577 1836 140 47 Kongl.
1747 1835 106 49 Maj:t
1879 1835 158 37 föresla-

431 1887 58 48 git
515 1886 225 48 Riksdagen
769 1892 64 42 att,
861 1886 58 37 till
947 1886 305 37 iståndsättande
1281 1887 72 35 och
1380 1886 267 36 förstärkande
1676 1886 41 36 af
1741 1885 73 37 den
1841 1899 76 36 nya
1944 1889 93 45 våg-

432 1938 180 48 brytaren
640 1937 64 37 vid
732 1938 123 48 Visby
883 1943 101 43 yttre
1012 1938 115 36 hamn
1155 1936 121 49 enligt
1303 1937 101 49 plan,
1438 1951 81 22 som
1549 1937 41 36 af
1612 1937 140 48 Kongl.
1782 1937 107 49 Maj:t
1916 1937 120 36 borde

431 1988 221 47 fastställas,
694 1988 133 37 anvisa
868 1991 47 45 på
950 1993 107 32 extra
1091 1993 75 32 stat
1193 1987 59 37 för
1279 1990 39 34 år
1349 1990 93 34 1876
1472 1993 54 31 ett
1554 1988 136 48 anslag
1716 1993 91 31 utan
1835 1987 201 37 återbetal-

430 2038 345 50 ningsskyldighet
803 2039 40 36 af
866 2039 130 36 femtio
1016 2044 113 31 tusen
1148 2039 152 47 kronor,
1324 2039 122 36 under
1464 2039 189 36 förbehåll
1674 2038 63 36 det
1756 2038 137 37 staden
1912 2038 124 50 Visby

431 2090 164 36 medelst
621 2090 181 37 kontrakt
828 2090 188 37 förbunde
1045 2090 62 48 sig
1135 2095 53 31 att
1208 2095 90 31 utan
1318 2090 131 36 vidare
1469 2089 165 37 tillskott
1652 2089 124 37 utföra
1796 2089 149 37 arbetet
1964 2090 71 36 och

431 2141 57 36 för
517 2141 230 36 detsammas
776 2141 178 36 framtida
981 2141 200 36 underhåll
1210 2154 170 23 ansvara.

531 2192 195 48 Härjemte
755 2193 68 35 har
849 2192 55 36 uti
925 2205 47 23 en
999 2192 102 36 inom
1130 2191 131 37 Andra
1288 2192 231 36 Kammaren
1547 2192 115 35 väckt
1681 2191 143 36 motion
1841 2188 85 49 (N:o
1950 2188 83 49 110)

431 2243 97 36 Herr
568 2243 43 35 E.
642 2243 118 46 Leijer
787 2242 212 49 föreslagit,
1041 2248 54 31 att
1126 2242 224 49 Riksdagen
1383 2245 114 34 måtte
1530 2242 58 36 till
1615 2242 216 49 reparation
1860 2242 71 36 och
1959 2242 75 36 för-
