2212 2683
448 201 18 28 2
896 197 264 33 Statsutskottets
1183 194 176 36 Memorial
1382 197 63 32 N:o
1467 199 50 31 93.

540 284 60 37 Då
628 286 59 35 det
714 283 135 48 åligger
875 286 176 35 utskottet
1078 288 54 33 att
1159 286 85 35 söka
1272 285 274 46 sammanjemka
1573 286 205 42 kamrarnes
1806 284 207 46 skiljaktiga

406 338 115 36 beslut
547 338 12 35 i
587 338 113 35 denna
728 336 112 47 fråga,
869 335 55 37 får
950 338 176 35 utskottet
1153 337 12 35 i
1192 335 126 38 sådant
1345 337 163 36 afseende
1535 334 139 48 föreslå,

861 444 54 32 att
941 440 216 45 Riksdagen,
1186 441 176 35 hvardera
1389 441 203 34 kammaren
1620 440 76 35 med
1711 438 253 38 frånträdande
1983 440 39 36 af

812 493 61 34 sitt
904 493 12 34 i
948 495 117 32 ämnet
1092 492 136 35 fattade
1255 493 126 44 beslut,
1409 489 57 38 må
1493 492 136 35 besluta
1657 494 64 41 att,
1750 492 77 35 med
1855 492 115 46 afslag
1996 490 21 38 å

811 543 129 45 Kongl.
982 543 125 46 Maj:ts
1147 544 132 44 förslag
1319 554 53 25 om
1412 543 199 35 afsättande
1639 543 39 35 af
1702 554 42 24 en
1771 543 82 35 fond
1881 543 54 36 för
1962 545 54 34 be-

812 595 178 35 stridande
1031 595 38 35 af
1107 596 191 34 kostnader
1330 595 54 35 för
1411 595 346 45 kasernbyggnader,
1786 595 12 34 i
1824 595 193 35 riksstaten

811 647 54 35 för
904 644 40 38 år
987 648 92 34 1903
1121 647 54 35 till
1210 647 233 35 statsverkets
1484 646 321 45 kassaförlagsfond
1841 647 177 36 öfverföra

813 700 197 41 6,500,000
1039 699 140 42 kronor,
1208 698 88 35 dock
1323 699 78 33 med
1427 695 244 38 bibehållande
1697 698 39 34 af
1751 701 73 32 rätt
1843 697 53 35 för
1915 697 101 36 Riks-

812 750 113 43 dagen
940 751 54 32 att
1008 748 186 35 framdeles
1213 748 100 36 öfver
1332 749 97 34 detta
1448 749 123 43 belopp
1591 746 45 46 på
1655 751 109 32 annat
1783 751 70 32 sätt
1868 748 147 45 förfoga.

546 849 202 38 Stockholm
777 851 65 35 den
876 852 41 33 16
947 850 68 45 maj
1049 851 105 35 1902.

940 950 52 38 På
1019 953 281 35 statsutskottets
1328 956 150 41 vägnar:

978 1053 110 37 CHR.
1117 1053 330 38 LUNDEBERG.

810 2284 174 35 Stockholm,
1009 2286 32 28 K.
1067 2285 31 29 B.
1123 2285 148 29 Boströms
1294 2285 192 39 Boktryckeri,
1514 2285 88 29 1902.
