2210 2616
182 801 152 22 Utskottets

194 835 131 27 yttrande.

374 192 20 31 8
868 187 258 34 Statsutskottets
1147 186 168 32 utlåtande
1337 185 53 32 Nr
1413 187 20 30 4
1444 185 42 32 B.

478 275 73 38 Till
592 274 124 50 grund
758 274 58 36 för
847 271 245 39 beräknande
1132 284 47 24 av
1207 270 309 37 medelsbehovet
1544 270 59 37 för
1630 272 40 34 år
1700 270 96 36 1921
1827 268 69 38 har
1922 281 50 25 av

374 328 142 49 Kungl.
560 327 104 48 Maj:t
695 324 145 51 jämväl
879 325 101 49 lagts
1009 337 48 23 en
1085 322 161 38 kostnad
1273 335 47 24 av
1347 321 62 50 (33
1430 332 30 30 +
1483 323 44 34 17
1546 320 51 49 =)
1626 322 47 36 50
1702 325 66 32 öre
1797 320 59 36 för
1883 333 87 24 man

377 380 72 36 och
490 377 224 51 (10+5=)
759 378 45 35 15
846 381 64 33 öre
952 377 58 35 för
1039 375 86 36 häst
1153 375 69 36 och
1248 373 369 49 tjänstgöringsdag.
1671 372 87 37 Med
1787 374 186 46 utgångs-

375 432 123 49 punkt
530 431 82 36 från
643 430 226 46 11,244,489
898 425 609 51 manskapstjänstgöringsdagar
1535 424 70 37 och
1634 424 204 46 2,702,182
1867 423 102 36 häst-

376 481 402 50 tjänstgöringsdagar
823 480 69 36 har
936 492 46 24 av
1023 478 142 49 Kungl.
1206 477 108 49 Maj:t
1355 481 54 32 ett
1450 476 138 49 belopp
1629 489 47 23 av
1718 475 255 47 sammanlagt

379 535 200 47 6,027,571
610 534 139 36 kronor
786 533 48 35 80
863 536 64 32 öre
961 535 145 32 ansetts
1134 529 244 48 erforderligt
1407 527 59 37 för
1493 540 143 24 samma
1663 530 51 34 år.
1771 527 58 36 Då
1855 526 117 37 redan

377 589 21 34 å
418 585 186 37 ordinarie
624 589 74 32 stat
717 584 60 36 för
797 586 40 33 år
859 584 95 35 1921
975 582 170 37 anvisats
1165 581 204 48 4,567,998
1389 580 151 47 kronor,
1560 579 68 36 har
1646 577 241 49 följaktligen
1907 577 67 37 det

377 651 50 23 nu
446 637 139 37 äskade
605 634 456 50 förstärkningsanslaget
1079 632 198 50 upptagits
1297 631 87 38 med
1400 631 218 49 (6,027,572
1634 652 46 4 —
1696 631 204 47 4,567,998
1918 628 55 50 =)

381 690 202 47 1,459,574
611 688 151 38 kronor,

479 791 199 38 Utskottet
718 790 69 36 har
827 789 64 37 vid
931 786 420 50 anslagsberäkningen
1392 785 82 37 "icke
1514 784 125 37 funnit
1679 783 207 49 anledning
1918 788 57 32 att

379 843 136 50 frångå
555 843 73 36 den
668 856 46 23 av
756 839 423 52 departementschefen
1222 839 167 47 angivna
1418 836 308 49 dagskostnaden
1756 849 47 23 av
1833 837 46 34 50
1908 840 65 31 öre

380 896 60 36 för
467 908 86 23 man
583 894 72 36 och
685 896 45 34 15
760 899 65 31 öre
853 892 60 37 för
939 892 97 36 häst.
1080 890 132 38 Såsom
1240 890 190 36 utskottet
1457 889 69 36 här
1548 901 97 23 ovan
1665 886 219 48 framhållit,
1904 887 69 36 bör

380 946 210 38 emellertid
635 945 140 38 antalet
821 941 609 52 manskapstjänstgöringsdagar
1472 945 191 44 upptagas
1707 938 58 37 till
1811 938 162 37 allenast

383 999 238 47 10,735,889.
675 996 18 37 I
732 997 110 48 fråga
878 999 81 33 åter
995 1008 61 23 om
1086 994 140 36 antalet
1253 991 491 50 hästtjänstgöringsdagar
1772 1003 116 36 synes
1915 995 58 30 ut-

381 1050 142 37 skottet
549 1049 228 48 visserligen
804 1051 128 45 någon
960 1046 222 48 minskning
1208 1045 129 36 kunna
1365 1044 79 46 ske,
1473 1056 99 34 men,
1602 1043 47 36 då
1676 1043 127 36 denna
1830 1041 142 37 minsk-

380 1102 95 49 ning
502 1101 107 37 torde
637 1114 90 23 vara
749 1099 284 50 jämförelsevis
1061 1096 208 50 obetydlig,
1297 1096 69 37 har
1392 1095 187 37 utskottet
1606 1099 124 31 ansett
1757 1093 62 49 sig
1846 1093 127 36 kunna

379 1154 171 49 godtaga
581 1153 64 36 det
672 1165 46 24 av
744 1152 144 48 Kungl.
917 1150 106 49 Maj:t
1050 1155 197 44 upptagna
1273 1148 143 37 antalet
1442 1159 47 24 av
1518 1148 200 46 2,702,182
1748 1145 225 49 hästtjänst-

380 1204 291 51 göringsdagar.

483 1256 133 49 Enligt
656 1255 210 37 utskottets
907 1253 158 48 mening
1105 1252 68 37 bör
1216 1250 111 38 alltså
1367 1249 309 37 medelsbehovet
1715 1248 121 37 under
1868 1261 108 23 mun-

380 1307 336 51 deringsanslaget
743 1307 60 36 för
832 1309 40 33 år
902 1307 96 35 1921
1028 1304 187 37 beräknas
1242 1306 49 46 på
1320 1302 170 49 följande
1519 1306 90 31 sätt:

384 1413 225 46 10,735,889
633 1423 26 26 X
681 1412 71 44 Öjö0
773 1389 304 74 unnuennesessnararssr
1087 1436 231 7 sranseserensnsnsressn
1328 1437 59 4 anser
1397 1436 59 5 ansnnn
1466 1435 24 6 sen
1520 1404 142 36 kronor
1690 1404 217 45 5,367,944:
1925 1403 48 36 50

411 1466 34 46 2.
452 1464 158 45 702,182
635 1474 25 26 KX
683 1464 70 45 Öplb
775 1491 176 7 susen
972 1488 380 8 srsesarsrsrsesrnnrserarsensnsnsen
1361 1488 25 5 sn
1395 1486 94 6 rsnnnnna
1575 1468 18 23 >
1728 1456 179 43 405,327:
1925 1455 50 35 30

1342 1525 153 37 Summa
1523 1525 139 37 kronor
1691 1525 215 46 5,7713,271:
1924 1524 49 35 80

485 1669 57 36 Då
582 1668 117 36 redan
741 1670 21 33 å
801 1667 95 36 1921
936 1668 59 34 års
1031 1664 169 46 riksstat,
1238 1666 126 34 såsom
1401 1675 97 24 ovan
1525 1666 163 43 nämnts,
1716 1660 170 37 anvisats
1915 1659 61 36 för

383 1719 213 39 ändamålet
632 1719 204 48 4,567,998
874 1717 152 46 kronor,
1055 1717 69 36 bör
1152 1713 465 50 förstärkningsanslaget
1644 1715 21 34 å
1692 1711 282 49 tilläggsstaten

383 1778 189 44 upptagas
609 1771 86 36 med
731 1771 12 35 i
766 1770 125 48 jämnt
920 1768 146 37 krontal
1094 1767 228 49 (5,773,271:
1354 1768 35 34 80
1421 1787 26 4 —
1469 1766 203 47 4,567,998
1689 1763 51 50 =)
1771 1764 203 47 1,205,274

383 1825 150 37 kronor.

487 1875 195 38 Utskottet
709 1872 218 38 hemställer
956 1871 120 47 alltså,

886 1979 54 32 att
980 1974 207 49 riksdagen
1228 1976 60 33 må
1328 1971 58 37 till
1420 1972 248 49 förstärkning
1708 1984 44 22 av
1794 1969 184 37 ordinarie

783 2026 391 48 reservationsanslaget
1200 2026 56 35 till
1283 2023 433 50 munderingsutrustning
1754 2024 21 33 å
1803 2020 172 48 tilläggs-

783 2085 75 31 stat
902 2079 57 36 för
1004 2081 40 34 år
1089 2079 93 34 1921
1227 2076 131 37 anvisa
1398 2080 55 31 ett
1492 2073 314 50 förslagsanslag,
1848 2072 128 48 högst,

786 2131 201 47 1,205,274
1016 2130 152 36 kronor.
