2213 2671
399 209 20 32 2
880 206 254 34 Statsutskottets
1165 206 173 34 Utlåtande
1361 208 62 32 N:o
1447 210 80 31 164.

398 295 64 43 att,
493 292 75 36 tills
602 292 98 36 detta
727 290 132 37 hunnit
886 290 231 48 fullständigt
1144 290 235 48 genomföras,
1409 291 56 37 för
1493 291 241 50 fångvårdens
1762 294 157 49 räkning
1948 299 54 33 ut-

400 348 193 35 arrendera
621 346 114 48 öfriga
763 347 99 35 delar
890 346 39 36 af
956 347 233 47 egendomen;

506 402 75 36 dels
623 401 67 36 ock
730 404 54 33 att
812 404 20 32 å
861 403 102 34 extra
1005 403 71 34 stat
1118 400 54 36 för
1201 403 38 33 år
1271 403 99 34 1909
1401 401 124 36 anvisa
1553 404 52 34 ett
1632 403 129 48 belopp
1790 404 41 35 af
1859 407 141 43 10,000

398 457 132 36 kronor
572 458 53 34 att
667 456 182 37 användas
890 456 58 35 till
985 455 139 36 inlösen
1151 455 40 36 af
1215 457 209 35 nuvarande
1452 457 235 36 arrendatorn
1715 458 40 36 af
1780 460 221 46 egendomen

398 511 184 48 tillhöriga
609 511 210 48 byggnader
848 511 194 35 därstädes.

505 567 19 34 I
552 567 98 34 detta
687 566 131 35 ärende
845 566 65 35 har
940 565 395 48 departementschefen
1362 565 57 36 till
1446 565 236 37 förenämnda
1710 569 291 48 statsrådsproto-

398 621 77 36 koll
503 620 120 37 anfört
650 620 173 49 följande:

512 675 90 35 »Till
644 675 431 46 tvångsarbetsanstalten
1104 677 20 33 å
1152 675 158 48 Svartsjö
1352 675 143 46 uppläts
1537 676 279 47 ursprungligen
1849 678 152 35 allenast

399 729 158 48 Svartsjö
587 729 84 36 slott
695 728 112 49 jämte
835 728 95 36 vissa
959 728 120 35 därtill
1108 728 158 35 hörande
1293 728 356 48 boställslägenheter
1677 731 82 35 med
1783 730 217 37 tillhörande

398 784 179 35 områden.
636 782 151 38 Jämlikt
815 783 126 47 nådigt
968 782 83 36 bref
1077 783 70 35 den
1178 785 18 33 1
1229 783 67 48 maj
1331 785 99 34 1896
1461 783 213 48 utvidgades
1703 785 198 37 anstaltens
1929 799 70 23 om-

398 839 85 34 råde
525 850 127 35 genom
693 837 127 48 tillägg
862 837 39 36 af
926 837 95 36 vissa
1050 837 161 35 därintill
1238 838 212 46 gränsande,
1482 837 81 36 från
1592 839 158 49 Svartsjö
1780 840 218 48 kungsladu-

397 893 89 47 gård
528 892 157 36 afskilda
726 897 95 42 ägor,
856 892 198 47 utgörande
1095 891 151 47 tillhopa
1273 894 110 45 något
1410 891 99 37 öfver
1539 895 49 33 40
1618 892 140 47 hektar,
1790 894 106 36 däraf
1920 901 79 30 när-

397 960 97 23 mare
538 950 49 32 24
629 947 129 35 hektar
800 946 86 36 åker
928 947 65 35 och
1031 946 202 48 ängsmark.
1291 947 64 35 Ett
1383 946 39 36 af
1448 946 213 48 syftemålen
1690 949 80 34 med
1799 950 118 38 denna
1946 953 53 32 ut-

397 1001 176 48 vidgning
601 1014 74 32 var,
706 1003 53 34 att
786 1000 142 37 tillfälle
957 1001 117 35 skulle
1101 1001 149 36 beredas
1270 1001 179 36 anstalten
1468 1004 53 33 att
1540 1002 119 35 lämna
1683 1002 122 36 därtill
1823 1005 177 45 passande

395 1056 130 47 fångar
552 1059 119 44 någon
699 1055 274 48 sysselsättning
1000 1056 82 35 med
1106 1056 354 48 jordbruksarbeten.
1583 1057 61 35 det
1671 1057 151 36 sålunda
1848 1058 150 47 tillagda

396 1111 160 35 området
598 1111 65 35 har
705 1111 210 44 sedermera,
960 1110 112 47 enligt
1101 1110 94 36 hvad
1223 1110 373 48 fångvårdsstyrelsen
1623 1112 189 45 meddelat,
1844 1112 154 49 alltjämt

397 1166 82 34 med
506 1165 69 46 god
604 1164 189 47 framgång
820 1164 191 36 bedrifvits
1040 1168 52 32 ett
1118 1164 175 36 intensivt
1309 1165 187 47 jordbruk.
1545 1166 83 34 Den
1648 1167 224 34 återstående
1893 1167 104 34 delen

396 1218 40 35 af
476 1218 157 49 Svartsjö
676 1218 294 48 kungsladugård
1009 1218 111 49 jämte
1152 1218 273 48 underlydande
1452 1218 257 48 lägenheterna
1736 1220 262 48 Hästbryggan

396 1273 65 35 och
505 1273 231 48 Färjestaden
773 1278 39 30 är
841 1272 113 48 enligt
981 1273 326 35 arrendekontrakt
1336 1273 70 35 den
1437 1275 46 33 19
1513 1273 161 36 februari
1705 1276 99 33 1897
1836 1278 160 32 utarren-

395 1327 110 35 derad
546 1330 46 44 på
633 1327 99 49 tjugo
766 1329 39 33 år
832 1327 83 35 från
944 1327 69 35 den
1045 1329 47 33 14
1118 1339 98 23 mars
1248 1330 98 32 1897
1377 1330 73 33 mot
1479 1340 45 22 en
1552 1327 91 47 årlig
1671 1328 260 47 arrendeafgift
1959 1329 41 35 af

396 1384 115 41 4,460
555 1381 142 36 kronor.
755 1381 125 47 Enligt
916 1381 107 35 16:de
1051 1381 165 47 punkten
1244 1381 40 35 af
1308 1382 156 34 nämnda
1492 1381 174 36 kontrakt
1694 1388 39 29 är
1761 1384 235 35 arrendatorn

395 1435 144 47 skyldig
581 1438 63 42 att,
689 1436 64 34 där
795 1436 127 35 sådant
954 1435 55 35 för
1038 1435 269 48 allmännyttigt
1336 1436 165 35 ändamål
1529 1438 21 33 å
1577 1436 158 36 kronans
1763 1442 135 42 vägnar
1925 1437 69 36 for-

395 1490 92 45 dras,
531 1489 94 36 afstå
667 1490 220 47 egendomen
927 1489 161 48 tillhörig
1130 1490 103 35 mark
1274 1493 94 32 emot
1409 1490 214 48 åtnjutande
1664 1491 40 35 af
1743 1491 210 48 minskning
1981 1492 13 36 i

394 1544 318 47 arrendeafgiften,
743 1545 249 35 motsvarande
1021 1545 70 34 den
1120 1544 129 35 förlust
1276 1545 130 34 honom
1434 1544 228 48 tillskyndas.

502 1597 63 37 Uti
592 1598 227 48 underdånig
846 1598 190 37 skrifvelse
1064 1599 70 35 den
1165 1601 46 33 26
1241 1610 95 24 mars
1359 1601 98 33 1907
1479 1599 123 48 gjorde
1621 1599 372 48 fångvårdsstyrelsen

394 1652 266 47 framställning
702 1665 56 23 om
799 1652 209 48 ytterligare
1049 1653 198 46 upplåtelse
1289 1653 39 35 af
1349 1652 82 49 jord
1459 1652 56 36 till
1543 1653 180 36 anstalten
1751 1654 81 35 från
1860 1654 133 48 kungs-

393 1706 239 47 ladugårdens
672 1712 94 41 ägor.
824 1708 130 34 Denna
994 1707 267 47 framställning
1302 1706 100 48 afsåg
1444 1709 51 34 ett
1533 1710 20 32 å
1590 1707 215 37 skrifvelsen
1846 1708 147 48 bifogad

393 1760 106 36 karta
540 1764 174 43 upptaget
755 1761 153 45 område,
952 1760 254 36 innehållande
1246 1763 109 45 något
1393 1760 99 37 öfver
1524 1764 45 33 18
1600 1761 129 36 hektar
1758 1763 65 35 och
1851 1763 142 47 beläget

393 1814 220 35 omedelbart
639 1814 97 36 intill
763 1815 197 35 anstaltens
988 1816 208 35 nuvarande
1225 1816 152 34 område.

500 1868 326 47 Framställningen
867 1882 63 23 var
970 1872 159 33 närmast
1170 1869 187 35 föranledd
1398 1869 40 35 af
1463 1882 45 23 en
1535 1869 57 36 till
1620 1869 373 49 fångvårdsstyrelsen

392 1922 83 35 från
503 1922 207 36 direktören
739 1923 60 36 vid
828 1923 179 35 anstalten
1035 1923 207 35 inkommen
1271 1923 199 45 skrifvelse,
1502 1923 78 36 däri
1603 1924 127 45 denne,
1752 1925 114 35 under
1886 1925 106 35 fram-

392 1976 168 35 hållande
602 1976 39 35 af
679 1976 290 37 önskvärdheten
1002 1980 53 33 att
1082 1977 125 35 kunna
1235 1977 149 48 utvidga
1413 1978 61 35 det
1500 1977 41 36 af
1564 1978 428 49 tvångsarbetsfångarna

392 2030 61 37 vid
486 2031 181 35 anstalten
694 2030 166 36 bedrifna
885 2031 189 49 jordbruk,
1104 2032 182 35 hemställt
1314 2045 56 22 om
1399 2032 183 47 åtgärders
1611 2032 217 48 vidtagande
1855 2033 55 36 för
1939 2036 54 34 att

392 2084 261 36 ofvanberörda
681 2086 152 44 område,
865 2086 107 35 hvars
999 2086 254 36 förvärfvande
1278 2086 135 49 jämväl
1441 2099 43 22 ur
1512 2087 112 35 andra
1652 2087 227 47 synpunkter
1907 2101 85 24 vore

392 2138 54 36 för
474 2139 181 36 anstalten
683 2140 189 47 högeligen
901 2140 168 48 önskligt,
1099 2143 110 33 måtte
1238 2143 139 33 snarast
1406 2140 148 49 möjligt,
1582 2143 88 33 utan
1689 2141 174 36 afvaktan
1882 2145 20 32 å
1922 2143 70 34 den

391 2194 208 34 nuvarande
641 2194 340 47 arrendeperiodens
1023 2197 145 45 utgång,
1213 2194 185 37 afsöndras
1439 2195 83 35 från
1556 2195 342 48 kungsladugården
1926 2197 65 35 och

392 2246 190 38 öfverlåtas
610 2247 57 37 till
695 2248 189 36 anstalten.

497 2302 20 35 I
544 2302 196 49 anledning
768 2302 40 36 af
833 2304 117 35 denna
971 2303 213 37 hemställan
1203 2303 207 37 inhämtade
1429 2297 374 55 fångvårdsstyrelsen
1822 2306 170 47 yttrande
