1856 2784
88 158 50 30 Nr
161 158 79 29 4—5
422 154 123 29 Första
564 152 246 40 lagutskottets
831 152 179 30 utlåtande
1029 161 42 20 nr
1087 152 19 29 4
1122 152 39 29 år
1180 151 85 30 1956
1583 150 15 29 1

792 472 123 40 Nr
880 468 39 55 4

320 575 184 29 Utlåtande
533 575 11 29 i
571 573 189 39 anledning
787 583 42 21 av
859 572 190 30 verkställd
1075 572 218 39 granskning
1320 581 42 20 av
1389 571 211 40 justitieom-

534 625 262 29 budsmannens
816 623 361 40 ämbetsförvaltning.

143 730 66 29 För
250 730 65 28 den
356 728 106 38 enligt
505 727 15 36 $
552 726 43 30 42
623 735 105 20 mom.
759 726 18 30 2
807 724 358 40 riksdagsordningen
1195 723 194 40 lagutskott
1419 723 182 39 åliggande

97 780 217 39 granskning
339 788 41 20 av
402 777 463 40 justitieombudsmannens
890 775 350 39 ämbetsförvaltning
1262 775 46 29 ha
1330 774 90 30 båda
1443 774 159 29 kamrar-

99 840 46 20 na
165 831 51 29 till
238 830 193 39 lagutskott
452 829 163 30 hänvisat
636 827 463 40 justitieombudsmannens
1120 826 57 30 vid
1200 825 237 31 innevarande
1459 825 143 39 riksdag

99 882 146 39 avgivna
276 881 184 29 berättelse
491 880 178 39 angående
698 877 566 42 justitieombudsmansämbetets
1295 876 215 39 förvaltning
1540 885 62 20 un-

100 933 61 29 der
181 932 38 30 år
242 933 93 29 1955.
1402 959 11 10 .

144 984 123 29 Första
294 983 237 38 lagutskottet,
560 991 75 20 som
659 981 183 30 verkställt
868 980 271 39 granskningen,
1165 979 64 30 har
1255 979 56 30 för
1336 978 267 40 ifrågavarande

102 1034 164 30 ändamål
286 1034 78 29 från
385 1031 639 42 justitieombudsmansexpeditionen
1045 1030 160 39 mottagit
1226 1030 74 30 dels
1321 1029 41 30 de
1384 1029 137 36 diarier,
1543 1028 61 30 vil-

102 1086 45 29 ka
168 1085 38 29 år
227 1086 83 29 1955
332 1085 87 29 förts
440 1084 11 29 i
472 1084 154 29 nämnda
647 1083 209 39 expedition,
878 1082 73 30 dels
972 1081 175 41 protokoll
1166 1082 81 29 över
1269 1081 41 29 de
1332 1089 43 21 av
1393 1079 211 40 justitieom-

101 1136 245 29 budsmannen
370 1135 110 29 under
503 1134 73 31 året
598 1134 216 31 verkställda
834 1133 298 40 inspektionerna,
1157 1132 73 30 dels
1253 1133 66 28 ock
1340 1130 264 41 expeditionens

102 1187 206 39 registratur
334 1187 54 29 för
414 1195 135 20 samma
574 1185 48 31 år.
647 1184 184 40 Därjämte
854 1186 46 28 ha
925 1184 44 40 på
994 1183 150 38 särskild
1168 1183 153 39 begäran
1347 1181 258 40 handlingarna

102 1238 149 29 rörande
269 1239 93 27 vissa
382 1246 41 21 av
441 1236 445 40 justitieombudsmannen
904 1235 200 38 handlagda
1123 1234 153 30 ärenden
1296 1233 118 30 hållits
1434 1232 172 30 utskottet

104 1289 53 29 till
176 1289 126 29 handa.

148 1339 88 30 Över
258 1340 66 28 den
348 1347 144 21 numera
516 1338 221 29 fullbordade
760 1337 262 40 granskningen
1045 1336 54 29 får
1123 1336 170 29 utskottet
1316 1334 146 31 härmed
1484 1334 122 39 avgiva

105 1390 190 30 utlåtande.

149 1442 13 28 I
190 1440 346 30 ämbetsberättelsen
564 1440 177 29 meddelas
768 1439 54 31 till
849 1448 43 21 en
920 1438 136 40 början,
1086 1439 50 28 att
1162 1436 446 40 justitieombudsmannen

106 1492 105 29 Folke
242 1491 178 30 Rudewall
449 1491 171 39 begagnat
650 1490 51 39 sig
731 1499 42 20 av
803 1491 166 28 semester
999 1489 110 29 under
1139 1488 137 30 tiderna
1306 1487 67 30 den
1404 1487 132 30 2—den
1569 1485 41 30 19

106 1552 91 20 mars
213 1543 64 29 och
294 1543 67 29 den
378 1542 126 30 1—-den
520 1542 36 30 31
576 1542 153 30 oktober.
748 1541 115 30 Under
880 1540 151 30 nämnda
1047 1540 88 30 tider
1150 1539 65 30 har
1230 1537 381 39 justitieombudsman-

106 1602 86 20 nens
213 1602 42 20 av
276 1593 188 40 riksdagen
484 1592 145 30 utsedde
652 1592 299 30 ställföreträdare
972 1591 24 30 f.
1018 1591 32 30 d.
1074 1590 212 40 lagmannen
1308 1588 121 30 Alfred
1451 1588 159 31 Bexelius

107 1643 161 30 förestått
287 1643 161 30 ämbetet.
470 1643 78 30 Med
567 1643 78 29 stöd
665 1651 43 21 av
727 1643 38 29 21
790 1642 15 36 8
827 1642 111 30 andra
957 1641 136 40 stycket
1111 1641 11 29 i
1141 1640 263 30 instruktionen
1423 1640 64 29 har
1508 1638 103 41 justi-

106 1693 355 30 tieombudsmannen
481 1693 184 38 uppdragit
685 1693 34 29 åt
738 1692 159 30 Bexelius
918 1694 48 28 att
987 1692 108 29 under
1115 1690 137 31 tiderna
1273 1691 67 30 den
1364 1690 126 30 1—den
1511 1690 19 29 3
1552 1699 60 21 no-

106 1744 139 29 vember
267 1745 91 29 samt
380 1744 67 29 den
471 1745 36 29 11
532 1743 300 30 november—den
855 1743 16 30 7
895 1742 181 30 december
1097 1741 149 31 förrätta
1267 1741 21 30 å
1308 1740 303 41 justitieombuds-

108 1796 254 30 mansämbetet
378 1795 259 30 ankommande
654 1794 155 39 göromål
826 1795 78 29 med
922 1794 179 39 undantag
1118 1803 43 21 av
1176 1793 95 30 vissa
1287 1792 154 30 ärenden
1458 1802 42 20 av
1516 1792 96 29 hem-

107 1845 46 40 lig
174 1847 115 33 natur,
309 1845 95 30 vilka
423 1845 153 30 ärenden
597 1844 186 39 handlagts
806 1853 42 20 av
866 1843 456 39 justitieombudsmannen.

152 1895 353 30 Ämbetsberättelsen
528 1896 169 38 upptager
719 1893 156 30 härefter
897 1893 216 39 redogörelse
1136 1892 55 30 för
1213 1892 133 30 sådana
1369 1893 73 28 mot
1465 1891 148 40 tjänste-

107 1947 84 28 män
209 1946 55 30 för
283 1945 46 30 fel
349 1946 83 29 eller
451 1945 246 29 försummelse
716 1944 10 30 i
746 1944 157 39 tjänsten
922 1943 175 31 anställda
1113 1943 81 38 åtal,
1214 1943 95 30 vilka
1328 1943 112 30 under
1457 1942 75 30 året
1549 1942 63 30 bli-

108 1997 49 29 vit
175 1996 165 40 slutligen
358 1996 168 39 avgjorda
544 1995 82 31 eller
644 1996 10 28 i
674 1995 115 40 någon
806 1995 139 29 instans
963 1994 161 40 prövade.

151 2046 450 31 Justitieombudsmannen
623 2045 145 39 redogör
787 2044 120 30 vidare
928 2044 12 29 i
959 2044 210 30 berättelsen
1191 2043 55 30 för
1267 2044 92 29 vissa
1382 2043 110 29 andra
1513 2044 98 29 ären-

109 2098 77 34 den,
210 2106 74 21 som
309 2098 31 37 ej
367 2097 165 29 föranlett
555 2096 80 35 åtal,
660 2096 64 29 och
748 2095 178 30 meddelar
949 2094 132 34 därvid,
1106 2096 50 28 att
1178 2094 71 30 han
1273 2095 11 29 i
1309 2094 110 29 likhet
1443 2094 79 29 med
1544 2093 67 30 vad

110 2148 145 39 tidigare
286 2149 89 28 skett
406 2148 110 28 under
546 2147 113 29 denna
689 2146 185 39 avdelning
902 2145 125 40 intagit
1056 2145 218 39 redogörelse
1304 2144 54 30 för
1388 2144 147 30 allenast
1563 2144 48 30 ett

110 2198 135 30 mindre
269 2198 95 29 antal
388 2198 110 29 under
521 2197 38 30 år
584 2197 82 29 1955
689 2196 218 30 behandlade
932 2196 162 30 ärenden.

153 2249 12 29 I
185 2248 346 29 ämbetsberättelsen
550 2248 60 29 äro
629 2247 153 30 därefter
800 2247 144 39 intagna
961 2255 43 21 av
1021 2245 444 39 justitieombudsmannen
1483 2245 130 30 nedan-

111 2299 151 29 nämnda
288 2299 105 37 dagar
418 2298 109 29 under
550 2297 38 30 år
614 2298 81 29 1955
720 2297 51 29 till
795 2297 195 38 Konungen
1014 2295 140 30 avlåtna
1178 2294 312 39 framställningar,
1516 2296 96 28 näm-

112 2349 87 38 ligen

154 2399 64 29 den
239 2401 36 28 21
301 2408 93 19 mars
415 2398 178 39 angående
613 2397 125 39 vidgad
759 2398 68 29 rätt
847 2397 54 29 för
922 2406 91 27 man,
1034 2406 75 20 som
1129 2396 263 30 interimistiskt
1410 2395 203 40 förpliktats

112 2451 114 38 utgiva
250 2449 328 38 underhållsbidrag
600 2449 51 29 till
673 2449 86 29 barn
783 2449 97 28 utom
903 2447 195 40 äktenskap
1119 2447 83 29 eller
1224 2446 142 30 barnets
1391 2446 119 29 moder
1534 2454 78 21 men

142 2518 11 25 1
197 2518 113 31 Bihang
321 2517 46 24 till
378 2517 168 31 riksdagens
557 2516 147 32 protokoll
716 2516 76 25 1956.
813 2517 15 23 9
839 2515 84 25 saml.
945 2516 12 23 1
969 2515 64 24 avd.
1053 2515 39 24 Nr
1104 2517 70 23 4—5
