1910 2844
481 140 128 33 Första
634 139 259 42 lagutskottets
916 139 191 34 utlåtande
1131 140 55 33 Nr
1208 141 54 39 46.
1613 142 16 30 1

802 504 68 41 Nr
897 503 65 42 46.

711 667 106 25 Ankom
837 667 40 25 till
896 667 154 31 riksdagens
1069 667 85 25 kansli
1173 667 52 26 den
1245 670 15 22 3
1280 667 58 31 juni
1359 669 67 23 1936
1446 667 35 25 kl.
1504 669 29 23 11
1556 667 17 25 f.
1594 676 34 16 m.

352 808 197 35 Utlåtande
572 808 12 34 i
607 808 195 42 anledning
826 820 46 22 av
896 808 134 42 Kungl.
1056 808 130 43 Maj:ts
1201 808 226 44 proposition
1444 808 186 42 angående

561 861 160 34 ändrade
759 861 269 35 bestämmelser
1061 862 57 41 för
1155 862 236 43 biskoparnas
1426 862 203 34 avlönande

561 928 46 21 m.
632 928 46 21 m.
704 918 173 31 ävensom
901 916 12 33 i
937 918 122 31 ämnet
1084 915 134 34 väckta
1242 916 188 34 motioner.

180 1032 139 34 Genom
354 1044 45 21 en
434 1032 69 33 den
540 1035 41 30 17
617 1031 91 43 april
746 1035 85 30 1936
868 1031 238 43 dagtecknad,
1142 1031 57 34 till
1222 1031 205 43 lagutskott
1450 1032 178 34 hänvisad

134 1085 236 44 proposition,
395 1098 41 21 nr
459 1089 76 36 242,
560 1085 121 33 vilken
706 1085 216 33 behandlats
947 1097 46 21 av
1010 1085 114 34 första
1140 1085 254 42 lagutskottet,
1411 1085 65 34 har
1493 1085 133 43 Kungl.

133 1139 111 43 Maj:t
268 1139 115 34 under
407 1139 227 43 åberopande
659 1150 46 22 av
728 1138 273 43 propositionen
1025 1138 155 43 bilagda,
1205 1138 10 34 i
1240 1138 199 34 statsrådet
1462 1139 67 33 och
1554 1139 73 43 lag-

133 1193 103 34 rådet
260 1193 105 34 förda
388 1193 181 42 protokoll
593 1192 185 43 föreslagit
802 1192 190 43 riksdagen
1017 1197 57 29 att
1098 1196 134 39 antaga
1256 1192 119 34 nedan
1398 1192 150 43 intagna
1565 1193 62 34 vid

133 1246 271 44 propositionen
428 1246 129 43 fogade
581 1246 133 42 förslag
736 1246 57 33 till

180 1300 31 42 1)
237 1300 159 34 ändrade
427 1300 269 34 bestämmelser
720 1299 56 34 för
800 1299 237 43 biskoparnas
1062 1299 203 34 avlönande
1288 1299 115 43 jämte
1426 1311 72 31 nya
1522 1311 105 31 grun-

135 1355 61 33 der
221 1354 55 34 för
301 1353 261 44 dispositionen
586 1366 46 21 av
657 1353 122 34 därtill
804 1353 159 34 avsedda
986 1353 130 40 medel;

177 1407 32 42 2)
242 1407 217 43 förordning
492 1407 184 42 angående
710 1406 269 43 förvaltningen
1010 1419 46 21 av
1090 1407 44 33 de
1167 1407 56 33 för
1258 1406 236 43 biskoparnas
1529 1408 98 33 avlö-

137 1461 118 35 nande
280 1462 173 41 anslagna
476 1461 226 42 fastigheter;

177 1515 34 42 3)
246 1515 60 42 lag
338 1527 60 21 om
434 1514 137 34 ändrad
604 1513 135 43 lydelse
770 1525 47 22 av
845 1517 21 30 3
890 1513 68 34 och
982 1517 19 30 6
1027 1515 32 39 $$
1083 1514 104 42 lagen
1211 1513 70 34 den
1305 1516 43 31 30
1373 1513 143 43 augusti
1542 1517 85 31 1932

138 1569 55 41 (nr
216 1568 79 42 404)
321 1580 59 22 om
403 1567 225 43 kyrkofond;
653 1571 95 29 samt

177 1622 34 41 4)
243 1622 58 42 lag
325 1634 60 21 om
410 1620 137 34 ändrad
571 1620 134 43 lydelse
730 1632 46 22 av
801 1624 20 30 6
846 1621 15 39 $
885 1620 104 42 lagen
1013 1620 70 34 den
1106 1624 20 29 4
1149 1620 145 42 januari
1320 1624 85 30 1927
1430 1620 56 42 (nr
1511 1620 29 42 1)
1565 1633 61 21 an-

135 1675 136 43 gående
304 1674 165 34 tillstånd
502 1674 56 34 till
591 1673 215 43 försäljning
838 1686 46 21 av
916 1673 145 43 kyrklig
1094 1673 81 43 jord
1209 1674 11 33 i
1245 1673 96 35 vissa
1365 1673 63 35 fall
1452 1678 95 30 samt
1570 1674 56 34 till

135 1729 200 43 upplåtelse
360 1741 46 21 av
430 1728 113 34 sådan
566 1728 81 42 jord
672 1727 115 34 under
811 1730 182 31 tomträtt.

177 1828 17 32 I
219 1826 178 34 samband
420 1826 82 33 med
526 1825 265 43 behandlingen
816 1838 46 21 av
886 1825 270 43 propositionen
1180 1826 66 33 har
1270 1825 183 34 utskottet
1469 1825 158 34 förehaft

132 1880 64 34 två
220 1880 11 33 i
256 1879 194 42 anledning
474 1879 111 34 därav
611 1879 132 33 väckta
767 1878 232 43 likalydande
1023 1878 188 40 motioner,
1229 1891 42 21 nr
1287 1882 64 30 425
1369 1879 11 33 i
1397 1879 113 33 första
1526 1879 100 33 kam-

132 1945 122 22 maren
290 1945 47 21 av
372 1933 122 33 herrar
529 1932 211 34 Sandström
770 1932 67 33 och
862 1931 194 42 Bergqvist
1079 1936 95 29 samt
1199 1944 42 21 nr
1264 1935 65 30 808
1354 1932 10 33 i
1390 1932 113 33 andra
1526 1932 99 34 kam-

132 1999 122 21 maren
290 1998 46 21 av
372 1986 81 33 herr
487 1985 199 34 Lindmark
721 1997 46 21 m.
793 1984 45 40 £.,
875 1985 77 33 vari
977 1985 213 39 hemställts,
1216 1989 57 29 att
1297 1984 190 43 riksdagen
1511 1986 115 33 måtte

132 2040 149 42 vidtaga
306 2039 70 34 den
401 2039 152 41 ändring
576 2038 10 33 i
611 2038 133 42 Kungl.
771 2038 129 42 Maj:ts
924 2050 96 21 ovan
1045 2038 113 33 under
1182 2038 34 42 3)
1241 2038 158 42 angivna
1423 2038 133 43 förslag
1571 2039 55 33 till

132 2094 58 41 lag
213 2105 59 21 om
297 2092 138 34 ändrad
459 2092 134 43 lydelse
618 2104 46 21 av
688 2096 20 29 3
733 2092 67 33 och
826 2095 19 30 6
870 2093 32 38 $$
927 2092 104 42 lagen
1055 2091 68 34 den
1148 2095 43 30 30
1216 2092 143 42 augusti
1379 2095 84 30 1932
1480 2091 54 42 (nr
1550 2092 76 42 404)

132 2159 58 21 om
214 2146 218 43 kyrkofond,
457 2150 56 29 att
537 2145 10 33 i
572 2145 152 33 vardera
748 2145 215 42 paragrafen
987 2145 11 33 i
1023 2145 120 33 stället
1168 2145 55 33 för
1247 2145 125 33 orden:
1401 2145 163 42 »jämlikt
1580 2158 46 21 av

133 2200 205 41 Konungen
373 2199 67 33 och
473 2198 189 42 riksdagen
688 2202 159 38 antagna
871 2198 286 33 bestämmelser»
1185 2198 154 33 insättas
1364 2198 125 34 orden:
1518 2198 108 42 »jäm-

133 2253 66 33 likt
223 2264 46 21 av
294 2252 216 41 Konungen,
534 2251 190 41 riksdagen
748 2251 68 33 och
840 2251 234 42 kyrkomötet
1098 2256 159 37 antagna
1281 2251 300 34 bestämmelser»>.

176 2306 17 32 I
230 2305 101 41 fråga
366 2317 59 21 om
461 2304 43 33 de
539 2304 88 39 skäl,
652 2316 76 20 som
752 2304 95 41 ligga
871 2304 55 32 till
950 2304 116 41 grund
1091 2303 55 33 för
1170 2304 134 41 Kungl.
1330 2304 129 41 Maj:ts
1483 2304 142 42 förslag,

132 2358 54 33 får
211 2358 192 38 utskottet,
439 2357 10 33 i
483 2357 68 33 den
576 2357 84 32 mån
684 2356 223 42 redogörelse
932 2356 121 33 därför
1077 2356 31 41 ej
1135 2357 138 32 lämnas
1297 2357 66 32 här
1386 2357 128 39 nedan,
1539 2357 87 33 hän-

132 2411 77 33 visa
233 2411 55 33 till
313 2410 280 42 propositionen.
634 2409 234 33 Beträffande
893 2409 262 42 motiveringen
1180 2409 55 33 till
1260 2409 285 34 motionärernas
1569 2422 56 30 yr-

132 2464 117 33 kande
275 2463 54 34 får
354 2463 181 33 utskottet
560 2462 151 33 hänvisa
736 2462 55 33 till
816 2462 236 33 motionerna.

179 2527 100 31 Bihang
300 2527 40 25 till
359 2527 152 30 riksdagens
530 2525 133 32 protokoll
682 2528 77 23 1936.
799 2528 15 22 9
833 2526 74 25 saml.
945 2529 15 22 1
981 2526 60 25 avd.
1079 2526 40 24 Nr
1138 2529 41 27 46.
1576 2529 11 22 1
