1912 2840
442 152 129 34 Första
596 152 258 43 lagutskottets
877 153 191 34 utlåtande
1092 154 55 33 Nr
1169 156 54 38 46.
1558 157 42 31 29

208 231 151 43 (Kungl.
385 232 130 43 Maj:ts
538 232 159 43 förslag:)
1049 233 227 43 (Utskottets
1299 234 159 42 förslag:)

764 440 38 31 C.
848 441 95 39 Lag

207 514 55 21 om
281 507 130 28 ändrad
430 508 133 34 lydelse
584 515 42 20 av
645 508 17 27 3
681 508 65 28 och
765 509 17 26 6
801 508 39 35 88
858 509 102 33 lagen
981 509 65 28 den
1065 510 35 27 830
1119 510 140 34 augusti
1279 510 70 27 1932
1368 510 55 34 (nr
1441 511 65 33 404)

712 569 54 21 om
785 563 218 34 kyrkofond!.

150 651 222 43 Härigenom
405 651 199 41 förordnas,
638 657 57 29 att
728 657 20 30 3
778 654 66 33 och
873 657 19 30 6
918 655 32 39 $$
974 654 104 42 lagen
1102 654 69 34 den
1196 658 42 30 30
1264 655 143 42 augusti
1433 658 85 31 1932
1542 667 59 22 om

106 704 210 43 kyrkofond
341 705 100 34 skola
466 706 135 34 erhålla
625 706 139 34 ändrad
788 706 134 43 lydelse
946 707 47 43 på
1016 711 75 30 sätt
1115 707 118 34 nedan
1258 708 160 42 angives:

820 788 71 39 38.

150 848 96 34 Från
271 849 221 34 statsverket
533 868 25 4 —
589 868 34 4 —
652 868 34 4 —
719 868 30 4 —
783 868 43 4 —
849 850 253 43 kyrkofonden
1126 851 88 42 utgå

151 902 33 41 1)
209 902 202 43 ersättning
434 903 83 33 med
559 922 25 4 —
615 922 33 4 —
680 922 33 4 —
745 922 33 4 —
808 923 43 3 —
875 916 45 21 m.
946 916 46 21 m.
1018 909 95 29 samt

151 955 35 42 2)
212 956 203 43 ersättning
446 956 75 34 dels
551 957 83 34 med
664 957 154 43 tillhopa
848 961 143 36 301,250
1018 958 134 34 kronor
1181 958 55 34 för
1260 958 95 34 vissa
1379 959 152 42 tidigare
1555 972 46 21 av

106 1010 274 42 prästerskapet
403 1010 11 33 i
439 1010 229 34 territoriella
692 1015 165 38 pastorat
881 1011 171 43 åtnjutna
1076 1012 229 43 statsanslag,
1331 1012 74 34 dels
1429 1013 67 33 ock
1520 1013 81 34 med

109 1067 143 36 117,200
286 1064 134 33 kronor
453 1064 56 33 för
542 1064 123 43 dylika
698 1065 134 42 anslag,
865 1077 77 21 som
975 1065 159 34 tillförne
1165 1066 172 42 åtnjutits
1362 1078 46 22 av
1432 1066 170 43 biskopar

105 1117 85 33 eller
216 1118 123 42 utgått
363 1117 56 34 till
443 1117 570 44 biskopslöneregleringsfonden,

150 1170 174 34 skolande
357 1170 103 35 dessa
493 1171 242 43 ersättningar
768 1172 98 34 inom
895 1172 143 42 januari
1071 1173 133 34 månad
1234 1173 55 34 för
1318 1174 77 33 året
1419 1174 181 34 utbetalas

104 1224 56 33 till
184 1224 264 43 kyrkofonden.

148 1278 221 42 Ytterligare
393 1278 101 34 skola
517 1278 56 34 till
595 1279 254 42 kyrkofonden
872 1279 97 43 ingå:

148 1331 35 42 3)
208 1331 160 34 inkomst
401 1344 46 21 av
476 1350 43 4 —
548 1350 36 4 —
609 1351 43 4 —
677 1336 39 30 är
739 1333 60 34 be-

104 1385 107 42 läget,
258 1384 196 43 (allmänna
498 1386 300 42 kyrkohemman)

103 1442 173 30 ävensom
304 1439 161 34 inkomst
498 1451 47 22 av
576 1440 222 42 fastigheter,

104 1492 116 34 vilkas
239 1492 178 41 avkomst,
448 1493 128 33 jämlikt
589 1506 46 21 av
647 1494 152 34 Konun-

103 1558 68 29 gen
187 1545 68 34 och
269 1545 192 43 riksdagen
472 1551 159 37 antagna
642 1546 156 34 bestäm-

103 1599 128 33 melser
259 1599 56 33 för
338 1599 237 43 biskoparnas
595 1600 204 34 avlönande

102 1651 115 43 jämte
254 1653 155 41 grunder
443 1653 57 33 för
539 1653 259 43 dispositionen

102 1717 48 22 av
176 1705 122 35 därtill
324 1706 159 34 avsedda
506 1706 126 41 medel,
649 1707 149 34 tillförts

102 1759 265 43 kyrkofonden,
393 1760 360 43 (biskopshemman);

147 1867 373 40 4)

952 1333 33 42 3)
1018 1333 160 35 inkomst
1207 1346 46 21 av
1278 1353 42 4 —
1345 1353 42 3 —
1411 1353 43 4 —
1479 1338 38 30 är
1540 1335 59 33 be-

907 1387 106 42 läget,
1060 1387 197 42 (allmänna
1300 1388 300 43 kyrkohemman)

908 1444 169 30 ävensom
1111 1441 161 34 inkomst
1308 1453 45 22 av
1378 1441 222 43 fastigheter,

907 1493 116 34 vilkas
1039 1494 179 40 avkomst,
1234 1494 146 43 jämlikt
1392 1495 119 43 punkt
1523 1498 77 31 21:0

907 1559 47 22 av
990 1547 44 34 de
1066 1548 40 33 år
1140 1550 86 31 19386
1259 1553 159 37 antagna
1442 1549 159 34 ändrade

907 1600 268 34 bestämmelser
1199 1601 56 34 för
1279 1602 236 43 biskoparnas
1539 1614 61 22 av-

906 1653 156 34 lönande
1098 1654 114 42 jämte
1247 1667 73 30 nya
1356 1655 156 42 grunder
1545 1655 55 34 för

907 1707 261 43 dispositionen
1204 1721 46 21 av
1286 1709 121 33 därtill
1443 1709 157 34 avsedda

907 1761 126 40 medel,
1058 1761 148 34 tillförts
1230 1762 264 42 kyrkofonden,
1517 1763 82 41 (bis-

906 1814 286 43 kopshemman);

149 1919 34 41 8)
208 1923 107 30 ränta
339 1920 67 33 och
431 1932 121 21 annan
576 1920 99 34 vinst
699 1921 21 33 å
744 1921 114 33 andra
882 1933 45 21 av
945 1921 265 34 statskontoret
1227 1921 203 35 förvaltade
1446 1922 154 43 kapital-

102 1972 207 42 tillgångar,
344 1985 113 21 varav
491 1973 275 43 avkastningen,
798 1973 146 43 jämlikt
972 1974 44 33 de
1040 1974 113 34 under
1176 1974 35 42 3)
1236 1975 65 33 här
1325 1987 95 22 ovan
1445 1976 156 42 angivna

107 2025 158 42 grunder
290 2025 55 34 för
370 2026 260 43 dispositionen
655 2039 45 21 av
725 2027 55 34 till
805 2027 235 43 biskoparnas
1065 2028 204 34 avlönande
1293 2028 158 35 avsedda
1475 2029 126 40 medel,

101 2079 91 34 skall
218 2079 154 34 tillföras
396 2080 263 43 kyrkofonden.

147 2196 127 43 Enligt
302 2196 71 34 vad
398 2197 145 33 särskilt
568 2201 38 30 är
630 2198 147 42 stadgat
801 2198 100 33 skola
926 2210 45 21 av
995 2198 254 42 kyrkofonden
1273 2199 123 42 gäldas

148 2250 76 33 dels
253 2250 157 33 kostnad
436 2250 55 34 för
525 2251 203 34 avlönande
752 2263 46 22 av

102 2301 221 43 biskoparna
358 2304 66 32 och
458 2315 47 21 av
540 2307 149 39 präster,
721 2316 77 21 som

102 2367 103 22 avses
245 2355 11 33 i
296 2356 103 41 lagen
439 2368 59 21 om
538 2356 175 42 reglering
752 2369 46 21 av

102 2408 288 43 prästerskapets
422 2409 181 42 avlöning,
626 2412 171 31 ävensom

148 2488 7 15 !
177 2490 111 25 Senaste
308 2490 98 31 lydelse
426 2499 34 16 av
480 2493 15 22 3
516 2490 49 25 och
586 2493 14 22 6
621 2489 40 32 $8,
681 2500 27 16 se
730 2493 77 23 1934:
829 2493 58 23 545.

953 2252 74 33 dels
1058 2252 157 33 kostnad
1248 2252 55 34 för
1327 2253 203 33 avlönande
1554 2265 46 21 av

908 2304 218 42 biskoparna
1162 2305 67 32 och
1265 2317 46 21 av
1345 2309 149 38 präster,
1523 2318 76 21 som

907 2369 102 21 avses
1048 2357 11 33 1
1098 2358 103 41 lagen
1244 2370 58 21 om
1342 2358 174 43 reglering
1554 2371 45 21 av

906 2410 287 43 prästerskapets
1223 2411 181 42 avlöning,
1430 2415 169 30 ävensom
