1884 2798
565 161 277 27 Bankoutskottets
861 160 160 28 utlåtande
1040 169 37 18 nr
1095 162 47 25 50.
1558 158 39 29 21

110 242 63 30 här
193 241 228 31 förevarande
440 246 53 26 art
511 242 107 30 borde
635 242 191 30 emellertid
844 241 107 39 enligt
971 241 183 30 utskottets
1175 239 140 40 mening
1335 239 125 39 frågan
1480 248 57 21 om
1558 246 41 22 en

110 295 168 39 reglering
296 295 129 40 jämväl
444 305 43 21 av
504 296 107 29 redan
628 295 171 39 beviljade
816 294 183 40 pensioner
1018 296 170 38 upptagas
1207 293 52 31 till
1276 292 240 40 omprövning.

155 349 173 31 Utskottet
354 349 94 30 delar
470 350 70 29 den
565 349 11 30 i
602 348 61 30 sist
688 348 234 31 omförmälda
946 347 171 31 motioner
1143 347 155 30 uttalade
1322 345 276 41 uppfattningen,

110 406 48 27 att
178 401 124 41 frågan
321 412 57 21 om
395 412 44 21 en
455 402 147 39 höjning
621 412 42 20 av
681 403 44 29 de
744 401 234 31 summariska
996 399 367 41 arbetarpensionerna
1384 402 134 27 snarast
1537 399 62 29 bör

109 456 142 30 komma
267 456 111 30 under
394 456 149 38 förnyad
558 455 180 40 prövning.
768 455 122 30 Denna
907 454 99 40 fråga
1023 454 230 39 kompliceras
1270 454 10 29 i
1299 453 71 31 viss
1384 452 82 31 mån
1484 452 116 35 därav,

109 512 49 28 att
176 510 44 29 de
237 509 107 39 enligt
366 510 81 29 1942
469 509 55 30 års
544 509 205 39 kungörelse
769 508 172 39 utgående
960 508 232 30 summariska
1212 507 228 40 pensionerna
1460 505 59 31 vid
1538 514 61 21 nu-

109 563 152 30 varande
282 563 180 39 indexläge
482 563 59 30 äro
562 563 92 38 lägre
674 563 45 30 än
739 562 245 30 motsvarande
1002 561 182 39 pensioner
1205 561 107 38 enligt
1334 561 82 29 1934
1439 559 55 30 års
1513 560 87 29 kun-

110 617 139 38 görelse.
281 616 100 30 Detta
401 616 290 39 sammanhänger
709 616 81 30 med
808 619 49 27 att
875 615 21 30 å
914 615 42 30 de
973 615 94 30 förra
1085 614 230 40 pensionerna
1334 614 171 29 beräknas
1524 612 76 39 dyr-

111 670 179 39 tidstillägg
309 669 20 31 å
348 670 156 39 förhöjda
523 670 169 39 underlag,
713 670 124 29 medan
856 669 20 30 å
896 670 40 30 de
956 678 113 21 senare
1088 667 97 40 utgår
1204 667 114 39 rörligt
1338 667 120 38 tillägg.
1480 666 120 30 Vidare

110 722 109 31 måste
247 723 59 30 vid
332 732 44 21 en
404 722 201 39 förhöjning
632 732 43 20 av
702 723 43 29 de
772 721 231 31 summariska
1030 721 230 39 pensionerna
1286 721 154 34 beaktas,
1469 723 49 26 att
1544 719 56 29 de-

107 785 136 21 samma
267 776 85 30 böra
377 775 198 40 understiga
599 776 245 30 motsvarande
868 774 183 40 pensioner
1074 774 108 39 enligt
1205 772 394 40 tjänstepensionsregle-

110 832 129 29 mentet
259 830 55 30 för
333 830 155 30 arbetare
509 830 80 30 med
610 830 135 38 belopp,
768 839 74 20 som
864 830 120 28 kunna
1006 837 100 21 anses
1127 827 132 39 skäliga
1281 827 11 30 i
1311 826 228 31 betraktande
1559 834 43 21 av

111 886 49 27 att
176 883 312 40 pensionsavgifter
504 883 75 30 icke
598 883 133 38 erlagts.
763 882 55 30 Nu
835 882 147 30 berörda
1002 880 171 40 spörsmål
1192 890 103 30 synas
1313 880 187 39 lämpligen
1517 880 84 29 böra

110 940 169 36 upptagas
303 937 10 29 i
336 937 252 38 sammanhang
611 936 80 30 med
713 936 67 30 den
802 945 43 20 av
866 936 167 29 utskottet
1055 944 90 21 ovan
1168 934 186 30 förordade
1374 933 229 38 utredningen

110 1000 58 20 om
186 1000 44 20 en
252 990 130 31 allmän
402 989 382 40 pensionsförbättring.
819 989 130 30 Därvid
968 998 103 29 synes
1094 988 131 39 jämväl
1245 988 85 29 böra
1351 987 186 38 övervägas
1560 995 42 21 en

110 1043 146 39 höjning
277 1053 42 20 av
342 1044 41 29 de
403 1043 191 39 pensioner,
617 1052 75 21 som
710 1042 108 39 enligt
837 1042 229 38 kungörelsen
1087 1036 164 42 859/1918
1273 1040 83 39 utgå
1376 1040 51 31 till
1448 1040 155 30 arbetare

111 1096 57 31 vid
186 1100 128 27 statens
332 1096 363 39 järnvägsbyggnader
711 1106 46 20 m.
777 1096 36 30 fl.
833 1096 65 30 och
917 1095 92 30 vilka
1029 1096 58 29 äro
1106 1094 197 39 jämställda
1324 1094 80 30 med
1421 1093 182 40 pensioner

110 1150 105 39 enligt
240 1150 42 30 de
306 1150 230 30 summariska
558 1149 316 31 bestämmelserna.

154 1204 76 30 Vad
266 1203 154 30 härefter
445 1202 109 40 angår
580 1203 41 30 de
647 1212 24 21 s.
700 1203 33 30 k.
761 1202 400 39 riksdagspensionerna,
1186 1201 46 30 ha
1259 1201 99 30 dessa
1383 1199 220 31 beträffande

113 1257 212 40 tjänstemän
346 1258 117 39 plägat
487 1258 148 38 avvägas
659 1257 80 30 med
763 1257 136 37 hänsyn
924 1255 51 31 till
999 1256 40 30 de
1063 1254 342 41 pensionsunderlag,
1432 1264 74 20 som
1529 1253 75 30 före

112 1311 214 31 tillkomsten
345 1320 42 21 av
406 1312 42 31 de
466 1313 120 36 nyaste
602 1310 419 40 pensionsreglementena
1042 1309 112 39 gällde
1172 1308 55 31 för
1246 1307 357 39 anställningshavare

112 1365 80 30 med
216 1365 9 30 i
250 1365 184 30 huvudsak
457 1364 198 39 jämförliga
678 1363 300 40 arbetsuppgifter,
1003 1362 120 30 varvid
1146 1362 334 39 pensionsbeloppen
1504 1360 98 30 redu-

113 1421 108 27 cerats
242 1417 46 40 på
308 1418 112 39 grund
438 1427 42 21 av
500 1420 49 27 att
568 1416 310 41 pensionsavgifter
895 1416 32 39 ej
948 1416 135 39 erlagts,
1101 1419 92 27 samt
1213 1414 221 31 beträffande
1454 1414 148 30 arbetar-

112 1471 161 39 personal
291 1472 142 38 avvägts
453 1471 79 30 med
551 1471 136 38 hänsyn
706 1470 52 30 till
779 1470 42 30 de
838 1468 301 41 pensionsbelopp,
1162 1477 75 22 som
1257 1467 142 40 angivas
1420 1467 10 30 i
1449 1468 42 30 de
1511 1475 91 22 sum-

113 1524 154 31 mariska
296 1523 616 40 arbetarpensionsbestämmelserna.
953 1521 138 40 Frågan
1118 1531 58 21 om
1206 1531 42 21 en
1274 1521 162 30 närmare
1463 1528 139 32 anpass-

114 1578 82 39 ning
213 1588 44 20 av
273 1577 388 40 riksdagspensionerna
676 1576 89 31 efter
780 1577 44 30 de
841 1576 162 38 förhöjda
1021 1574 379 41 pensionsunderlagen
1416 1575 11 30 i
1447 1574 81 29 1941
1549 1572 54 31 års

114 1632 178 30 allmänna
318 1630 498 41 tjänstepensionsreglemente
840 1630 65 30 har
931 1629 145 39 tidigare
1101 1628 89 31 varit
1214 1626 147 32 föremål
1385 1627 55 31 för
1465 1627 138 30 övervä-

114 1685 112 39 gande
242 1685 96 30 inom
354 1684 388 40 finansdepartementet
765 1682 58 40 (jfr
839 1692 97 31 prop.
955 1677 141 42 65/1942
1116 1683 66 29 och
1199 1691 96 30 prop.
1317 1675 189 45 103/1943),
1524 1688 80 22 men

114 1748 43 21 av
179 1738 94 31 olika
294 1739 76 30 skäl
392 1739 45 30 ha
458 1738 100 30 dessa
583 1737 263 39 överväganden
868 1736 75 31 icke
966 1737 61 30 lett
1048 1736 52 30 till
1121 1735 116 39 någon
1260 1734 131 39 åtgärd.
1416 1734 115 39 Enligt
1552 1735 51 28 ut-

115 1792 144 30 skottets
283 1791 140 39 mening
448 1801 100 29 synes
571 1791 115 30 denna
710 1790 99 39 fråga
834 1800 49 20 nu
906 1790 77 31 icke
1006 1790 118 38 längre
1147 1789 86 30 böra
1255 1788 266 38 undanskjutas.
1546 1786 57 31 Ut-

116 1846 124 29 skottet
266 1845 209 36 förutsätter,
503 1847 49 28 att
579 1844 122 39 frågan
728 1853 42 21 av
797 1843 123 39 Kungl.
949 1842 100 39 Maj:t
1075 1845 167 36 upptages
1269 1841 51 30 till
1347 1841 138 39 förnyat
1511 1842 92 29 över-

115 1898 165 39 vägande,
300 1897 37 31 så
355 1900 49 28 att
422 1898 40 30 de
480 1897 161 39 förhöjda
658 1896 299 40 pensionsbelopp,
978 1906 74 20 som
1070 1895 58 30 må
1145 1895 161 30 befinnas
1326 1893 141 40 skäliga,
1486 1894 119 30 kunna

115 1952 173 38 tillämpas
306 1951 58 30 vid
381 1951 195 38 beviljande
595 1960 42 20 av
655 1949 343 39 riksdagspensioner
1017 1949 111 30 under
1145 1948 292 30 nästkommande
1455 1946 149 38 riksdag.

116 2005 262 39 Möjligheterna
405 2003 54 31 för
484 2013 44 21 en
554 2003 207 39 förbättring
789 2013 42 20 av
859 2004 41 29 de
928 2002 94 30 äldre
1048 2001 389 40 riksdagspensionerna
1466 2009 102 30 synas
1594 2000 10 29 i

116 2058 169 30 samband
305 2058 143 30 härmed
468 2058 84 29 böra
572 2057 47 30 bli
639 2056 147 31 föremål
805 2056 54 31 för
875 2055 195 39 utredning.

160 2111 159 30 Frånsett
342 2111 109 30 lärare
477 2111 57 29 vid
559 2110 86 30 folk-
671 2111 65 29 och
761 2108 194 31 småskolor
980 2113 89 26 samt
1093 2109 111 29 lärare
1228 2108 59 30 vid
1313 2108 42 31 de
1379 2108 106 38 högre
1508 2108 96 28 kom-

117 2165 141 30 munala
285 2164 172 35 skolorna,
484 2164 89 29 hava
599 2163 78 30 från
702 2162 212 39 delaktighet
940 2163 9 29 i
979 2163 83 28 1943
1088 2162 67 30 och
1182 2162 82 29 1944
1292 2160 55 31 års
1373 2160 232 39 pensionsför-

114 2217 191 38 bättringar
329 2216 169 30 uteslutits
524 2215 158 39 samtliga
707 2215 24 30 f.
758 2216 31 29 d.
818 2215 209 29 innehavare
1053 2224 43 20 av
1121 2214 227 37 icke-statliga
1376 2213 231 37 befattningar

114 2270 78 29 med
211 2271 231 37 pensionsrätt
463 2270 10 28 i
492 2272 128 26 statens
639 2268 300 38 pensionsanstalt.
963 2268 74 29 Den
1057 2266 168 31 svårlösta
1245 2266 125 38 frågan
1391 2276 57 19 om
1467 2275 42 20 en
1528 2266 78 29 när-

114 2332 94 20 mare
232 2322 211 38 anpassning
466 2322 49 29 till
539 2322 41 29 de
603 2321 136 38 statliga
763 2321 417 38 pensionsreglementena
1204 2329 42 20 av
1269 2319 304 29 bestämmelserna
1596 2317 11 29 i

115 2376 219 38 reglementet
356 2375 55 29 för
432 2375 153 29 nämnda
608 2375 127 29 anstalt
757 2375 38 28 är
819 2374 55 29 för
895 2373 218 30 närvarande
1135 2372 110 29 under
1268 2371 182 39 utredning
1472 2381 43 20 av
1537 2372 69 28 sär-

115 2429 111 30 skilda
245 2428 218 37 sakkunniga
487 2427 96 38 (1944
601 2427 55 30 års
672 2425 376 41 pensionsutredning).
1068 2426 97 29 Först
1183 2424 44 31 då
1244 2425 175 30 resultatet
1435 2434 43 20 av
1494 2424 113 30 denna

115 2481 183 39 utredning
322 2481 190 38 föreligger,
536 2481 66 29 blir
624 2481 55 29 det
703 2480 134 38 möjligt
860 2483 48 26 att
930 2478 130 31 erhålla
1082 2488 40 20 en
1147 2478 259 39 utgångspunkt
1429 2477 55 30 för
1504 2477 102 30 bedö-
