1898 2822
553 150 250 29 Statsutskottets
826 151 159 28 utlåtande
1008 152 44 27 Nr
1075 153 45 27 73.
1567 153 19 30 3

135 230 171 31 Utskottet
345 231 63 30 har
448 231 85 31 intet
573 234 50 28 att
663 232 112 30 erinra
805 235 73 28 mot
907 235 51 28 att
986 232 201 40 förslagsvis
1217 233 41 30 25
1273 233 64 31 000
1366 234 130 30 kronor
1525 242 60 21 an-

89 283 92 31 visas
206 283 54 32 för
285 283 203 40 budgetåret
517 279 140 42 1938/39
683 285 51 31 till
759 286 173 31 täckande
957 295 43 21 av
1027 287 42 30 de
1094 287 198 35 kostnader,
1320 297 75 20 som
1421 286 163 31 åsamkas

90 337 203 31 statsverket
315 344 123 32 genom
460 340 50 28 att
531 337 145 32 kliniskt
698 338 158 31 material
877 339 111 31 under
1009 338 203 40 budgetåret
1239 334 139 42 1937/38
1401 339 183 31 anskaffas

90 389 55 32 för
164 390 271 40 barnsjukhuset
454 391 80 31 med
553 391 220 40 tillämpning
793 401 42 22 av
856 392 66 31 den
941 393 115 39 utväg,
1079 402 75 21 som
1173 392 138 31 anvisas
1331 393 10 30 i
1361 393 147 31 berörda
1527 402 57 21 av-

89 443 48 31 tal
159 444 128 31 mellan
309 446 111 29 staten
442 444 66 31 och
531 444 220 31 Stockholms
775 445 86 36 stad,
885 446 32 30 d.
940 456 30 20 v.
995 455 25 21 s.
1046 453 125 32 genom
1192 449 49 27 att
1264 446 220 31 Stockholms
1507 446 77 31 stad

89 495 158 42 upplåter
269 497 84 31 visst
375 498 95 31 antal
491 498 129 39 platser
641 497 21 32 å
685 498 184 39 sjukhuset
890 498 55 32 för
966 499 88 30 barn
1079 502 85 28 utan
1186 499 223 31 hemortsrätt
1431 499 11 31 i
1465 499 119 31 Stock-

89 550 106 31 holm.
224 550 53 31 Då
304 551 114 31 denna
445 551 196 40 anordning
668 551 89 31 visat
784 552 51 39 sig
861 552 159 31 medföra
1049 553 158 30 avsevärt
1235 554 107 31 större
1369 552 143 40 utgifter
1539 554 46 29 än

88 604 267 40 ursprungligen
376 604 197 38 beräknats,
597 614 102 30 synes
721 605 56 31 det
800 606 166 30 utskottet
989 606 211 35 välbetänkt,
1223 609 50 27 att
1296 606 139 31 stadens
1457 605 126 41 ifråga-

89 657 152 32 varande
264 657 224 40 avtalsenliga
510 658 198 39 skyldighet
729 658 77 31 icke
828 661 94 37 tages
943 658 12 30 i
976 658 154 40 anspråk
1152 658 55 31 för
1228 659 50 30 tid
1301 659 85 30 efter
1408 658 176 40 utgången

90 719 42 22 av
153 709 203 41 budgetåret
382 705 138 42 1937/38
542 713 85 29 utan
649 714 49 28 att
719 711 11 30 i
752 711 122 36 stället,
896 710 45 41 på
963 713 67 29 sätt
1051 721 42 21 av
1116 711 381 40 departementschefen
1518 712 64 31 till-

88 764 138 38 styrkts,
250 767 47 27 ett
319 764 149 30 bestämt
492 764 122 39 anslag
637 763 139 31 anvisas
799 764 52 30 till
874 764 262 39 nedbringande
1159 774 43 21 av
1225 764 281 40 vårdavgifterna
1530 764 56 32 för

87 817 99 35 barn,
209 826 75 22 som
307 817 31 39 ej
362 818 65 38 äga
448 816 224 32 hemortsrätt
694 817 11 31 i
730 817 212 31 Stockholm.
967 817 173 31 Utskottet
1162 818 153 31 biträder
1336 818 174 40 förslaget,
1534 821 49 28 att

88 870 55 31 för
161 870 209 31 sistberörda
387 869 166 32 ändamål
570 870 139 31 anvisas
727 871 20 30 8
760 871 66 30 000
844 871 129 30 kronor
990 870 55 31 för
1063 870 203 40 budgetåret
1287 867 151 36 1938/39.

131 919 93 35 Även
247 924 11 30 i
281 923 112 40 övrigt
415 924 203 39 godkänner
640 925 166 29 utskottet
829 924 42 31 de
893 924 237 40 föreliggande
1153 924 431 40 anslagsberäkningarna.

133 976 116 32 Under
269 976 148 37 erinran,
438 980 50 28 att
509 977 229 31 förevarande
757 978 122 39 anslag
898 978 58 31 vid
976 978 101 30 bifall
1096 978 52 31 till
1168 978 123 39 Kungl.
1314 978 118 40 Maj:ts
1451 978 134 40 förslag

88 1030 157 31 kommer
269 1033 50 28 att
343 1029 54 32 för
422 1029 204 40 budgetåret
652 1025 140 42 1939/40
815 1030 156 32 minskas
995 1031 80 31 med
1099 1031 146 31 berörda
1269 1032 125 39 belopp
1417 1030 21 32 å
1462 1032 41 30 25
1517 1032 69 30 000

88 1084 139 36 kronor,
248 1083 198 31 hemställer
466 1083 132 31 således
618 1084 176 36 utskottet,

440 1193 51 28 att
514 1190 186 39 riksdagen
724 1189 58 31 må
808 1189 52 31 till
887 1190 385 39 Universitetssjukhus:
1298 1190 127 39 Bidrag
1450 1191 51 30 till
1525 1199 62 31 pe-

398 1243 145 31 diatrisk
572 1243 113 31 klinik
715 1243 67 31 och
810 1243 184 39 poliklinik
1025 1245 11 29 i
1066 1243 202 32 Stockholm
1298 1244 55 31 för
1381 1243 207 41 budgetåret

399 1291 139 42 1938/39
560 1297 121 31 anvisa
703 1300 47 27 ett
771 1297 270 40 förslagsanslag
1063 1306 43 22 av
1128 1298 42 30 98
1185 1298 64 30 700
1270 1298 138 30 kronor.

131 1403 200 31 Stockholm
355 1403 66 31 den
445 1404 41 30 22
509 1413 94 21 mars
629 1404 93 31 1938.

584 1509 48 32 På
650 1510 269 31 statsutskottets
935 1511 145 39 vägnar:

625 1580 177 31 ANDERS
827 1574 212 38 RÅSTOCK.

126 1873 56 28 Vid
205 1872 196 29 förestående
423 1874 130 27 ärendes
577 1873 254 36 slutbehandling
853 1875 85 26 inom
962 1874 150 28 utskottet
1135 1874 81 28 hava
1238 1875 138 28 närvarit

125 1935 71 27 från
229 1934 149 28 första
412 1935 197 27 kammaren:
633 1935 108 27 herrar
764 1934 73 35 Olof
861 1935 122 36 Olsson,
1006 1936 180 27 Johansson
1209 1937 9 26 i
1242 1936 234 33 Fredrikslund,
1501 1937 83 28 Nils-

85 1988 57 19 son
160 1980 9 27 i
189 1980 127 32 Malmö,
335 1979 113 34 Borell,
466 1979 189 35 Bergström,
674 1979 136 36 Andrén,
829 1979 125 28 Nilsson
974 1981 9 26 i
1002 1980 216 33 Fredriksfält,
1237 1981 136 28 Jonsson
1392 1982 10 26 i
1421 1982 159 35 Lycksele,

84 2023 136 28 Larsson
238 2024 9 27 i
267 2024 145 35 Varberg,
433 2023 115 34 Nisser,
569 2032 60 20 von
649 2024 123 27 Heland
791 2024 59 27 och
870 2024 177 34 Bäcklund;
1066 2028 81 24 samt

124 2085 70 28 från
229 2086 139 27 andra
403 2085 196 28 kammaren:
625 2086 109 27 herrar
759 2085 145 35 Rdåstock,
928 2086 137 28 Jansson
1091 2087 9 27 i
1126 2087 110 33 Falun,
1263 2088 149 27 Eriksson
1438 2088 9 27 i
1473 2088 108 28 Stock-

84 2131 96 32 holm,
205 2129 167 36 Jeppsson,
397 2131 178 27 Andersson
603 2131 9 27 i
639 2131 152 33 Prästbol,
818 2130 153 34 Isacsson,
998 2131 176 28 Andersson
1201 2132 8 27 i
1237 2132 183 36 Södergård,
1452 2133 129 35 Weijne,

85 2174 111 28 Olsson
216 2176 8 26 i
244 2175 144 35 Staxäng,
407 2174 134 28 Persson
560 2175 9 27 i
590 2175 176 32 Tidaholm,
787 2183 61 20 von
867 2175 73 27 Seth
961 2175 59 28 och
1040 2176 146 27 Hansson
1206 2176 8 27 i
1236 2176 187 29 Rubbestad.

1621 232 152 27 Utskottet.
1799 229 4 34 |
