1856 2792
430 173 285 32 Statsutskottets
742 173 179 31 utlåtande
945 182 44 21 nr
1013 174 43 30 22
1080 173 39 30 år
1145 173 85 30 1956
1567 174 19 29 3

752 457 60 41 Nr
839 458 48 40 22

301 577 184 30 Utlåtande
506 577 11 29 i
534 576 190 40 anledning
742 585 43 21 av
804 576 125 39 Kungl.
950 576 125 39 Maj:ts
1094 575 218 41 proposition
1332 576 178 39 angående
1532 577 52 29 ut-

519 627 105 40 gifter
650 627 20 30 å
701 626 209 40 tilläggsstat
937 627 33 29 II
998 626 53 29 lill
1077 625 191 31 riksstaten
1295 626 57 40 för
1381 626 202 40 budgetåret

522 678 153 37 1955/56,
706 678 12 29 i
747 678 66 29 vad
840 677 262 40 propositionen
1131 686 101 22 avser
1261 676 91 32 vissa
1380 677 124 40 anslag
1533 676 52 30 till

519 728 279 31 alkoholistvård
819 738 45 20 m.
888 737 44 21 m.

1347 778 73 34 (3:e
1438 778 96 35 avd.)

686 932 293 48 Driftbudgeten

663 1035 94 33 Elfte
780 1034 223 34 huvudtiteln

122 1116 74 34 1:0o)
227 1116 136 29 Statens
391 1115 368 36 tvångsarbetsanstalt
786 1116 20 29 å
833 1115 156 35 Svartsjö
1017 1115 64 29 och
1110 1116 130 28 statens
1268 1114 316 30 alkoholistanstalt

79 1167 194 29 därstädes:
293 1166 101 30 Vissa
412 1166 329 36 byggnadsarbeten.
760 1165 123 37 Kungl.
902 1164 103 37 Maj:t
1023 1164 63 30 har
1103 1165 11 29 i
1132 1165 264 40 propositionen
1415 1174 42 21 nr
1476 1165 18 29 2
1519 1164 65 34 (bi-

77 1218 76 38 laga
176 1218 29 33 9,
228 1217 115 40 punkt
369 1217 26 33 1,
417 1227 28 20 s.
468 1216 43 30 49
532 1216 64 29 och
620 1217 40 30 50
685 1225 43 20 av
748 1215 108 40 bilagt
879 1215 126 40 utdrag
1026 1225 46 21 av
1095 1215 383 41 statsrådsprotokollet
1501 1215 82 30 över

79 1268 262 29 socialärenden
365 1268 55 29 för
443 1268 66 29 den
535 1267 19 29 4
577 1267 142 39 januari
747 1267 99 34 1956)
876 1266 181 39 föreslagit
1079 1266 189 39 riksdagen
1294 1267 50 30 att
1367 1266 54 29 till
1445 1266 138 30 Statens

80 1319 375 39 tvångsarbetsanstalt
472 1319 21 30 å
511 1319 156 39 Svartsjö
686 1319 66 30 och
772 1320 130 28 statens
922 1318 323 30 alkoholistanstalt
1262 1318 197 30 därstädes:
1481 1317 101 31 Vissa

76 1370 325 40 byggnadsarbeten
417 1370 20 30 å
454 1369 210 40 tilläggsstat
680 1370 30 30 II
728 1369 54 30 till
798 1369 191 30 riksstaten
1006 1369 55 30 för
1078 1369 205 39 budgetåret
1303 1368 141 36 1955/56
1462 1367 123 31 anvisa

75 1422 49 28 ett
143 1420 359 41 reservationsanslag
521 1430 44 20 av
585 1420 39 30 75
640 1420 63 30 000
723 1420 142 29 kronor.

121 1522 50 30 Av
190 1522 58 30 det
267 1521 54 30 för
340 1521 235 30 innevarande
594 1520 171 39 budgetår
784 1520 165 30 anvisade
969 1520 156 39 anslaget
1146 1529 41 20 av
1208 1519 63 30 290
1286 1519 63 30 000
1368 1519 130 30 kronor
1519 1518 63 31 har

77 1572 40 30 30
132 1572 62 30 000
214 1572 131 30 kronor
363 1572 131 30 avsetts
514 1571 54 30 för
588 1571 216 39 anläggande
824 1579 43 21 av
886 1580 43 21 en
950 1579 46 31 ny
1015 1570 198 30 vattentäkt
1233 1570 58 31 vid
1312 1569 185 31 anstalten.
1518 1569 66 30 Det

76 1624 65 29 har
159 1623 194 29 emellertid
370 1622 91 30 visat
479 1622 52 40 sig
550 1622 50 30 att
617 1621 312 40 vattentillgången
947 1621 12 29 i
978 1621 116 30 denna
1112 1621 196 30 vattentäkt
1328 1620 77 30 icke
1424 1621 160 29 kommer

77 1675 50 29 att
153 1674 104 29 täcka
281 1673 146 30 behovet
453 1674 91 28 samt
569 1674 50 29 att
644 1672 312 30 vattenkvaliteten
981 1672 77 30 icke
1084 1673 38 29 är
1148 1671 73 30 helt
1246 1671 336 30 tillfredsställande.

77 1724 343 29 Vattensituationen
440 1723 59 29 vid
519 1723 175 30 anstalten
714 1731 62 22 var
797 1722 110 29 under
925 1721 127 40 början
1074 1731 43 22 av
1135 1722 126 29 hösten
1283 1722 82 29 1955
1387 1721 38 30 så
1445 1721 137 40 prekär,

76 1777 52 28 att
145 1776 134 29 vattnet
297 1774 103 30 tidvis
419 1775 111 29 måste
548 1782 209 21 ransoneras
776 1774 64 29 och
859 1774 54 29 för
932 1773 253 30 hushållsbruk
1204 1774 113 29 avsett
1334 1774 120 29 vatten
1472 1773 111 30 måste

78 1825 120 29 kokas.
223 1825 52 28 Av
296 1824 352 40 byggnadsstyrelsen
671 1824 200 38 föreslagna
894 1823 237 40 anordningar
1152 1841 45 3 —
1220 1823 212 30 förbindelse
1455 1832 43 20 av
1520 1831 63 20 nu-

77 1875 153 29 varande
252 1875 235 29 vattentäkter
509 1875 224 29 sinsemellan
756 1874 65 29 och
842 1874 78 29 med
943 1883 42 20 en
1007 1874 161 40 befintlig
1188 1875 310 35 vattenreservoar,
1521 1873 62 30 där

77 1926 410 39 kloreringsanläggning
504 1926 64 29 och
586 1925 169 39 hydrofor
774 1925 105 30 borde
898 1925 198 30 installeras
1113 1942 44 3 —
1175 1926 118 38 syntes
1312 1934 83 21 vara
1413 1933 42 21 av
1475 1925 108 30 sådan

78 1977 365 38 angelägenhetsgrad,
459 1978 52 28 att
528 1977 41 29 de
586 1976 106 29 borde
710 1976 222 39 genomföras
950 1977 86 28 utan
1053 1975 181 39 dröjsmål.
1252 1975 126 39 Kungl.
1397 1974 106 40 Maj:t
1519 1975 64 29 har

77 2027 120 30 därför
219 2027 68 29 den
310 2027 41 30 30
374 2027 195 40 september
592 2027 82 29 1955
697 2026 130 30 bifallit
849 2026 370 39 byggnadsstyrelsens
1242 2025 132 40 förslag
1395 2027 51 28 att
1468 2026 43 30 de
1533 2035 51 20 er-

77 2078 189 39 forderliga
289 2077 247 35 kostnaderna,
560 2077 199 30 beräknade
783 2077 52 29 till
859 2076 40 30 35
915 2076 63 30 000
1002 2077 140 34 kronor,
1168 2076 94 40 finge
1287 2076 231 30 förskotteras
1541 2085 43 20 av

78 2129 347 38 byggnadsanslaget.
455 2128 180 38 Täckning
663 2128 55 29 för
746 2128 58 29 det
832 2127 256 30 förskotterade
1116 2127 162 39 beloppet
1305 2127 61 29 bör
1393 2127 11 29 i
1432 2126 153 39 enlighet

78 2178 78 29 med
176 2178 341 39 anstaltsstyrelsens
539 2178 129 39 förslag
689 2178 144 29 beredas
855 2185 123 31 genom
999 2177 246 29 motsvarande
1265 2176 321 39 medelsanvisning

81 2229 19 30 å
121 2228 210 41 tilläggsstat
351 2229 54 29 för
425 2228 235 30 innevarande
679 2228 180 38 budgetår.

123 2281 12 28 I
159 2280 110 29 likhet
290 2280 79 29 med
390 2278 355 39 byggnadsstyrelsen
767 2278 117 28 finner
905 2276 387 40 departementschefen
1315 2278 56 28 det
1394 2277 189 39 angeläget,

78 2331 50 29 att
146 2329 269 40 möjligheterna
434 2331 51 28 att
504 2330 119 37 trygga
642 2328 194 29 anstaltens
855 2326 338 40 vattenförsörjning
1213 2335 123 31 genom
1357 2327 227 30 anordnande

82 2390 42 20 av
142 2379 200 40 ytterligare
361 2379 196 29 vattentäkt
577 2379 9 29 i
608 2377 194 31 anstaltens
822 2377 124 30 närhet
966 2377 215 30 undersökes
1204 2379 91 28 samt
1315 2379 51 28 att
1386 2378 114 29 denna
1521 2385 63 22 un-

79 2430 213 39 dersökning
315 2429 165 40 påbörjas
504 2429 106 29 redan
635 2428 111 30 under
770 2427 236 30 innevarande
1030 2427 178 39 budgetår.
1235 2428 78 29 Han
1337 2428 147 30 föreslår
1507 2428 78 29 där-

79 2482 64 34 för,
162 2483 51 28 att
231 2482 85 28 även
336 2480 57 30 det
411 2480 123 39 belopp
553 2480 18 29 å
591 2478 40 30 40
646 2479 63 29 000
728 2479 140 34 kronor,
887 2478 107 29 vilket
1014 2478 106 38 enligt
1140 2478 369 39 byggnadsstyrelsens
1528 2478 56 30 be-
