1930 2864
523 221 113 29 Andra
660 222 212 36 lagutskottets
896 222 163 28 utlåtande
1082 222 51 28 Nr
1158 221 50 29 16.
1575 224 38 27 11

117 300 153 37 förbytas
296 301 50 28 till
370 300 217 36 obligatorisk
613 300 115 30 sådan.
766 302 105 28 Detta
895 302 124 35 förslag
1043 302 60 28 har
1127 304 95 34 synts
1248 302 162 37 styrelsen
1436 304 101 35 ägnat
1562 305 53 26 att

117 344 113 36 ingiva
257 345 88 29 vissa
372 345 278 37 betänkligheter.

161 388 271 30 Kommunernas
456 390 179 36 uppgifter,
661 390 29 37 ej
716 390 103 29 minst
842 390 44 36 på
910 390 57 29 det
991 391 122 28 sociala
1137 390 163 37 området,
1326 391 89 29 hava
1438 391 106 28 under
1567 400 47 20 sc-

117 440 79 21 nare
221 433 86 29 tider
330 433 89 29 visat
443 442 42 20 en
509 434 110 35 stadig
643 434 139 28 tendens
807 436 53 27 att
884 436 88 27 växa
996 435 11 28 i
1031 435 216 36 omfattning,
1272 435 63 29 och
1359 434 188 37 anspråken
1571 435 45 36 på

117 477 157 37 lämpliga
304 478 217 28 kommunala
550 486 103 27 organ
682 478 51 28 för
761 478 149 29 nämnda
939 479 186 36 uppgifters
1155 479 249 28 handhavande
1434 479 87 29 hava
1550 479 64 29 till-

117 522 87 36 tagit
225 521 5 28 i
247 530 128 20 samma
392 521 89 30 mån.
512 521 168 36 Styrelsen
697 522 60 28 har
773 522 59 28 vid
848 522 188 36 avgivande
1053 522 65 28 den
1134 524 40 27 31
1192 523 67 36 maj
1278 523 83 28 1923
1378 531 45 20 av
1438 522 177 30 utlåtande

116 567 80 28 över
235 565 653 37 fattigvårdslagstiftningskommitténs
928 566 215 29 betänkande
1182 566 173 37 angående
1393 566 221 30 barnavårds-

116 609 254 37 lagstiftningen
390 609 75 29 haft
486 609 179 36 anledning
685 610 117 28 beröra
823 610 95 29 detta
939 610 172 36 spörsmål.
1146 610 130 29 Därvid
1296 611 61 28 har
1377 611 162 36 styrelsen
1559 611 55 29 be-

116 653 169 29 träffande
304 653 200 37 ifrågasatta
524 653 205 29 föreskrifter
748 662 54 20 om
822 654 212 29 inrättandet
1054 663 43 20 av
1117 656 50 28 ett
1187 655 235 37 obligatoriskt
1442 663 102 29 organ
1564 655 52 29 för

115 698 65 28 den
207 697 175 37 offentliga
410 697 233 29 barnavården
672 698 112 29 anfört
810 698 104 29 bland
942 700 106 28 annat
1074 699 161 37 följande:

159 742 183 37 »Styrelsen
360 742 61 29 har
438 742 29 37 ej
487 742 83 29 känt
588 743 49 36 sig
654 743 186 36 övertygad
857 751 54 21 om
930 745 53 27 att
1000 743 11 28 i
1028 743 57 29 det
1103 745 91 27 stora
1210 743 147 30 flertalet
1375 743 129 30 mindre
1521 744 92 29 kom-

115 795 127 28 muner,
272 787 134 29 särskilt
435 787 41 28 de
503 795 79 20 rena
609 787 352 37 landskommunerna,
991 788 200 29 hithörande
1219 788 147 29 ärenden
1394 790 57 27 äro
1479 796 43 21 av
1550 788 65 29 den

114 831 217 36 omfattning,
351 832 53 28 att
423 831 244 29 arbetsbördan
685 831 11 28 i
715 831 61 29 och
794 831 53 29 för
865 832 49 37 sig
933 832 105 29 skulle
1056 834 80 35 göra
1154 834 51 27 ett
1225 832 134 29 särskilt
1378 841 103 28 organ
1499 832 114 37 påkal-

114 875 60 29 lat.
210 874 154 29 Framför
386 875 61 29 allt
472 883 96 29 synes
592 875 58 29 det
673 876 228 37 tvivelaktigt,
926 878 53 27 att
1001 876 53 29 för
1076 876 177 37 uppgiften
1276 877 159 36 lämpliga
1458 885 157 28 personer

114 919 106 29 skulle
240 919 11 28 i
271 919 209 37 erforderligt
501 920 94 28 antal
615 919 114 29 kunna
750 919 109 30 såsom
881 922 50 27 ett
952 922 80 35 nytt
1053 920 146 29 tillskott
1219 921 141 29 tillföras
1382 921 58 28 det
1461 921 151 28 kommu-

113 963 77 29 nala
205 963 82 29 livet
310 963 4 28 i
329 962 327 30 småkommunerna.
686 964 62 28 Till
763 964 183 37 belysande
961 964 106 29 härav
1082 964 56 29 må
1153 964 135 38 erinras,
1305 966 54 28 att
1374 965 59 28 vid
1447 965 165 37 ingången

112 1016 46 20 av
174 1007 37 30 år
227 1009 83 27 1923
327 1008 124 29 funnos
467 1008 12 28 i
495 1007 114 30 landet
627 1009 61 27 111
707 1008 122 37 städer,
848 1009 40 28 35
906 1009 173 37 köpingar,
1099 1017 71 21 som
1187 1009 135 29 bildade
1339 1018 82 28 egen
1438 1009 172 37 kommun,

114 1054 88 27 samt
227 1053 94 36 2,369
345 1052 307 37 landskommuner,
677 1052 98 30 alltså
798 1053 142 36 tillhopa
965 1053 94 38 2,515
1084 1053 208 29 kommuner.
1330 1053 66 30 För
1418 1054 194 29 inrättande

112 1105 46 20 av
174 1096 373 30 barnavårdsnämnder
565 1105 44 21 av
626 1097 65 28 den
709 1098 316 37 sammansättning,
1045 1106 71 21 som
1135 1099 18 27 6
1174 1098 13 37 $
1204 1098 12 28 i
1232 1098 214 37 lagförslaget
1464 1099 147 36 angiver,

113 1141 106 29 skulle
243 1140 109 38 alltså,
378 1140 44 30 då
447 1142 302 37 sammanslutning
772 1150 45 21 av
840 1142 199 29 kommuner
1063 1143 52 28 till
1138 1142 394 30 barnavårdssamhällen
1557 1143 56 29 väl

112 1185 31 38 ej
168 1185 67 29 kan
257 1186 175 29 förväntas
456 1188 62 35 äga
539 1194 75 21 rum
636 1186 12 28 i
669 1186 111 37 någon
803 1188 105 28 större
931 1187 216 37 omfattning,
1171 1187 149 29 förutom
1343 1189 139 35 präster,
1506 1188 107 29 lärare

113 1230 63 29 och
200 1230 113 29 läkare
338 1232 95 35 tagas
458 1230 11 28 i
493 1230 146 37 anspråk
662 1231 128 29 inemot
814 1232 96 36 8,000
935 1233 80 27 över
1039 1231 74 29 hela
1137 1231 116 29 landet
1277 1232 171 29 fördelade
1473 1232 65 29 »för
1561 1232 51 29 nit

113 1274 63 29 och
200 1274 139 30 intresse
365 1274 51 29 för
441 1275 178 35 ungdoms-
646 1275 61 29 och
733 1275 192 29 barnavård
950 1276 112 29 kända
1087 1278 80 27 män
1193 1276 62 29 och
1280 1276 169 29 kvinnor».
1487 1276 126 30 Härtill

112 1319 161 37 kommer,
293 1321 53 27 att
364 1319 329 37 arbetsdugligheten
711 1320 59 29 hos
788 1328 42 20 en
847 1320 338 29 barnavårdsnämnd
1201 1320 12 28 i
1230 1320 200 30 kvalitativt
1448 1321 164 29 avseende

112 1363 62 29 bör
189 1363 82 37 fylla
287 1363 82 37 högt
386 1363 122 29 ställda
525 1363 155 37 anspråk,
698 1364 105 29 vilket
820 1364 85 29 lärer
920 1364 145 37 påkalla,
1084 1366 52 27 att
1154 1365 40 28 de
1211 1367 124 27 smärre
1352 1365 259 29 kommunernas

111 1407 12 29 i
145 1407 169 29 allmänna
338 1409 84 27 värv
445 1409 86 28 mest
554 1408 140 29 tränade
718 1408 242 29 arbetskrafter
983 1409 104 29 skulle
1110 1409 132 29 behöva
1265 1409 133 29 anlitas.
1435 1409 177 29 Sannolikt

111 1454 47 35 är,
178 1453 52 27 att
248 1452 90 28 valet
357 1452 134 29 komme
509 1453 52 28 att
579 1452 53 29 stå
649 1453 122 28 mellan
788 1453 89 29 blott
895 1455 51 27 ett
963 1453 86 29 fåtal
1064 1453 53 29 för
1134 1453 105 29 andra
1257 1454 217 29 kommunala
1491 1454 119 29 förtro-

110 1496 241 37 endeuppdrag
380 1497 104 28 redan
513 1497 91 29 förut
635 1497 109 29 starkt
775 1498 205 37 engagerade
1010 1506 166 29 personer.
1220 1498 64 29 Om
1314 1498 12 28 i
1356 1498 108 38 själva
1494 1498 117 29 verket

111 1540 104 38 något
236 1541 182 36 personligt
440 1541 239 29 krafttillskott
699 1542 72 29 icke
793 1542 139 29 tillföres
954 1551 41 20 en
1016 1542 379 38 verksamhetsuppgift,
1419 1543 192 37 därigenom

110 1587 54 27 att
182 1585 52 29 för
252 1586 74 29 dess
344 1586 150 37 fyllande
513 1586 225 30 konstitueras
757 1588 51 27 ett
828 1587 133 29 särskilt
981 1595 113 30 organ,
1115 1596 97 28 synes
1231 1587 185 29 emellertid
1433 1588 77 36 föga
1530 1596 81 21 vara

112 1632 128 27 vunnet
261 1638 120 29 genom
402 1639 41 20 en
465 1630 103 29 sådan
589 1631 260 37 organisatorisk
870 1631 130 37 åtgärd.

154 1674 151 29 Allmänt
333 1675 61 29 har
421 1675 107 28 under
555 1683 115 21 senare
697 1675 87 29 tider
810 1675 76 30 från
914 1676 260 29 kommunernas
1203 1676 72 29 sida
1303 1676 132 37 klagats
1463 1678 79 27 över
1570 1685 41 21 en

111 1719 141 29 tendens
271 1719 91 29 inom
382 1719 254 38 lagstiftningen
655 1721 53 28 att
727 1722 84 27 utan
831 1720 179 38 tillräcklig
1028 1721 132 37 hänsyn
1179 1721 52 28 till
1250 1721 259 29 kommunernas
1529 1723 80 27 Väx-

110 1763 99 29 lande
234 1764 125 28 storlek
384 1764 62 28 och
470 1764 111 29 behov
605 1764 117 38 ålägga
747 1764 76 30 dem
848 1766 53 28 att
925 1765 128 29 inrätta
1078 1765 163 29 särskilda
1265 1765 217 29 kommunala
1507 1774 103 28 organ

109 1807 53 30 för
178 1808 248 29 handhavande
443 1817 44 20 av
504 1808 88 30 olika
608 1809 180 37 uppgifter.
818 1808 79 30 Små
914 1809 368 30 landsortskommuner
1299 1809 44 37 på
1359 1809 103 38 några
1479 1810 131 29 hundra

110 1860 156 29 personer
289 1852 89 30 hava
402 1852 132 30 erhållit
557 1862 41 20 en
622 1854 260 36 organisatorisk
905 1854 205 37 utrustning,
1136 1863 71 20 som
1231 1854 171 37 knappast
1426 1854 112 38 skiljer
1562 1855 49 36 sig

108 1895 76 31 från
204 1897 41 28 de
266 1898 105 28 större
392 1897 183 38 städernas,
598 1898 119 29 oaktat
737 1898 96 29 dessa
853 1898 116 29 kunna
989 1901 62 35 äga
1071 1907 42 20 en
1133 1899 89 29 ända
1242 1899 52 29 till
1313 1901 99 27 tusen
1431 1898 123 38 gånger
1573 1899 38 29 så

110 1943 70 28 stor
199 1941 207 38 folkmängd.
442 1942 114 37 Enligt
578 1943 178 36 styrelsens
778 1943 135 37 mening
933 1943 104 29 borde
1059 1943 57 29 det
1138 1943 113 30 därför
1272 1945 96 35 tagas
1389 1943 106 31 under
1516 1945 93 28 över-

110 1986 163 37 vägande,
299 1995 54 20 om
376 1987 74 29 icke
472 1986 249 38 förvaltningen
743 1987 92 29 inom
858 1987 42 29 de
924 1990 124 27 smärre
1071 1988 244 29 kommunerna
1339 1996 134 21 snarare
1496 1988 113 29 kunde

109 2031 167 29 förenklas
301 2039 120 29 genom
447 2031 226 38 uttryckligen
698 2032 180 37 medgivna
903 2033 345 37 sammanslagningar
1272 2041 45 21 av
1342 2033 89 29 olika
1456 2032 151 29 kommu-

110 2075 77 29 nala
214 2083 129 29 organ.»

150 2119 68 29 Det
237 2120 59 28 vill
315 2128 111 29 synas,
447 2128 71 21 som
538 2120 57 29 det
614 2129 46 20 nu
679 2120 174 37 återgivna
872 2121 195 29 uttalandet
1086 2122 105 29 skulle
1210 2123 63 35 äga
1292 2121 214 37 tillämpning
1523 2122 84 38 jäm-

108 2164 57 29 väl
183 2164 12 29 i
213 2164 222 30 förevarande
456 2165 252 37 sammanhang.
742 2165 141 30 Särskilt
904 2165 56 30 må
979 2165 205 38 framhållas,
1206 2168 53 27 att
1280 2166 67 29 vad
1368 2166 162 37 styrelsen
1550 2174 57 21 an-

107 2209 68 29 fört
194 2208 172 38 angående
384 2209 146 29 behovet
548 2218 44 20 av
609 2210 198 29 kvalitativt
825 2210 228 29 framstående
1072 2210 307 38 sammansättning
1396 2213 86 27 även
1499 2210 108 30 måste

107 2253 87 38 gälla
216 2253 106 38 ifråga
346 2262 55 20 om
424 2253 337 38 nykterhetsnämnd.
797 2254 79 30 Med
898 2255 132 37 hänsyn
1053 2255 52 29 till
1128 2255 41 29 de
1192 2255 211 37 synnerligen
1425 2255 182 37 grannlaga

109 2299 95 36 värv,
223 2306 71 21 som
320 2298 189 30 tillkomma
529 2298 105 30 sådan
651 2299 127 29 nämnd
794 2316 43 4 —
854 2299 73 30 dess
945 2299 156 38 åtgärder
1118 2300 115 29 kunna
1249 2300 38 38 ju
1303 2300 144 29 faktiskt
1464 2300 75 29 leda
1556 2300 52 29 till

107 2344 54 28 att
181 2351 156 28 personer
357 2351 120 29 genom
498 2343 204 38 internering
721 2344 142 30 berövas
884 2344 51 29 sin
954 2344 102 29 frihet
1076 2345 52 29 för
1148 2345 128 37 ganska
1296 2343 79 39 lång
1394 2344 52 29 tid
1465 2361 43 4 —
1527 2353 80 20 vore

107 2387 58 29 det
187 2387 168 38 nämligen
378 2388 263 37 uppenbarligen
662 2388 132 29 förenat
817 2389 78 29 med
918 2391 70 27 stor
1009 2389 73 29 fara
1105 2391 53 27 att
1180 2388 70 30 låta
1272 2389 142 29 berörda
1437 2389 170 37 uppgifter

107 2431 198 30 handhavas
325 2441 45 20 av
390 2432 114 30 därtill
523 2432 129 30 mindre
673 2433 56 29 väl
749 2433 158 29 skickade
927 2434 188 37 personliga
1135 2433 137 30 krafter.

150 2475 169 38 Styrelsen
338 2477 61 28 har
417 2477 30 37 ej
468 2477 101 29 heller
587 2477 84 29 känt
690 2478 49 37 sig
757 2478 197 37 övertygad,
974 2480 54 27 att
1046 2478 222 30 kommunens
1287 2478 126 30 storlek
1431 2478 96 29 alltid
1545 2478 61 29 bör

106 2528 82 22 vara
211 2521 192 37 avgörande
426 2521 52 29 för
501 2521 127 38 frågan,
654 2521 167 30 huruvida
845 2522 143 30 särskild
1010 2522 328 37 nykterhetsnämnd
1361 2523 62 29 bör
1445 2522 160 30 tillsättas
