2232 2638
415 230 20 31 4
937 233 218 38 Kagulekottels
1183 233 152 30 Utlåtande
1359 234 61 30 N:o
1443 235 49 29 18.

1107 796 96 38 N:o
1236 796 93 39 13.

1042 955 68 28 Ank.,
1130 955 41 29 till
1189 955 90 28 Riked.
1299 955 85 28 kansli
1403 955 49 28 den
1473 956 34 26 22
1526 955 114 27 februari
1662 955 76 34 1894,
1758 956 33 26 kl.
1813 956 15 26 4
1848 965 22 17 e.
1891 966 34 17 m.

749 1101 189 42 Utlåtande,
968 1101 15 35 i
1008 1101 182 46 anledning
1217 1102 46 43 af
1279 1100 119 36 väckta
1425 1102 166 34 motioner
1610 1102 153 43 afseende
1782 1101 68 35 dels
1869 1102 151 45 ändring

848 1174 48 43 af
922 1172 51 35 23
999 1172 24 46 $
1051 1174 15 33 i
1080 1174 260 45 förordningen
1369 1184 53 24 om
1451 1172 254 48 kyrkostämma
1733 1174 76 34 med
1834 1184 97 24 mera
1958 1174 62 34 den

849 1245 48 34 21
925 1256 95 23 mars
1047 1244 111 42 1862,
1187 1244 70 35 dels
1284 1244 62 36 ock
1372 1245 118 46 tillägg
1519 1245 53 34 till
1597 1244 51 35 25
1675 1244 25 46 $
1728 1244 25 35 3
1779 1256 97 24 mom.
1906 1245 16 34 +
1942 1246 78 39 för-

849 1317 189 45 ordningen
1066 1317 172 45 angående
1266 1315 255 48 kyrkostämma
1548 1318 90 33 samt
1655 1316 181 47 kyrkoråd
1852 1317 61 35 och
1931 1314 88 38 skol-

848 1388 72 34 råd
946 1389 16 33 i
989 1386 188 37 Stockholm
1206 1389 61 33 den
1297 1387 50 35 20
1375 1387 177 36 november
1579 1387 108 35 1863.

531 1546 142 38 Genom
702 1548 125 49 kongl.
857 1547 247 49 kungörelsen
1133 1547 70 36 den
1234 1548 49 37 30
1312 1546 157 37 oktober
1501 1547 98 37 1868
1628 1544 162 39 infördes
1816 1547 13 35 i
1860 1549 47 35 23
1939 1549 21 44 &
1988 1546 41 36 af

423 1599 262 51 förordningen
715 1614 61 23 om
804 1601 279 48 kyrkostämma
1111 1614 49 23 m.
1189 1613 50 24 m.
1269 1600 71 37 den
1370 1602 44 35 21
1449 1612 98 24 mars
1578 1602 100 36 1862
1705 1613 44 24 en
1769 1600 256 37 bestämmelse

423 1653 41 37 af
489 1653 163 51 följande
681 1654 156 50 lydelse:

531 1707 215 39 »Skolrådet
773 1709 118 48 väljer
919 1709 101 36 inom
1049 1708 55 50 sig
1132 1708 79 37 vice
1239 1706 252 38 ordförande.»

531 1761 126 37 Under
685 1761 215 50 påpekande
928 1761 117 46 deraf,
1072 1767 55 31 att
1155 1775 86 23 man
1271 1774 131 37 genom
1431 1761 103 38 detta
1562 1760 213 50 stadgande,
1799 1759 47 38 då
1865 1760 62 37 det
1946 1761 80 36 icke

423 1815 206 41 innehåller
664 1815 119 50 någon
818 1815 189 38 föreskrift
1034 1829 61 23 om
1124 1828 90 25 vare
1243 1816 54 48 sig
1325 1815 114 45 tiden,
1469 1814 47 37 då
1543 1815 61 37 val
1631 1814 42 36 af
1699 1814 80 37 vice
1807 1814 221 37 ordförande

423 1870 68 36 bör
520 1870 182 44 anställas,
730 1871 91 35 eller
850 1870 152 36 hvilken
1030 1869 55 37 tid
1112 1870 102 36 valet
1241 1869 69 37 bör
1332 1868 89 46 afse,
1440 1869 81 36 icke
1540 1868 134 37 vunnit
1693 1868 74 36 alla
1787 1868 45 37 de
1851 1867 176 46 fördelar,

424 1936 87 23 man
550 1923 149 37 dermed
728 1922 148 51 åsyftat,
907 1922 111 38 hafva
1046 1923 128 37 herrar
1202 1924 170 47 Högstedt
1397 1923 69 36 och
1495 1924 261 36 Hammarlund
1781 1922 56 37 uti
1866 1921 63 37 två
1956 1928 71 30 sär-

425 1977 121 37 skilda
573 1978 101 36 inom
702 1978 125 37 Andra
855 1977 223 37 Kammaren
1108 1978 133 36 väckta
1269 1977 191 45 motioner,
1488 1977 66 36 n:is
1583 1978 50 36 24
1654 1976 69 36 och
1747 1978 85 43 135,
1852 1975 176 38 hemstält

424 2044 61 24 om
516 2031 155 50 ändring
699 2031 12 36 i
739 2044 140 24 samma
908 2031 211 49 stadgande.

532 2084 95 38 Herr
656 2084 180 50 Högstedt
864 2084 227 47 framhåller,
1120 2085 179 37 hurusom
1329 2082 185 39 saknaden
1541 2082 42 38 af
1607 2081 190 39 föreskrift
1831 2083 6 36 i
1865 2083 163 37 nämnda

426 2137 195 39 afseenden
654 2137 218 48 förorsakat,
905 2144 56 31 att
987 2138 47 50 på
1061 2144 53 31 ett
1141 2139 107 36 ställe
1276 2139 115 48 väljes
1418 2138 81 36 vice
1526 2136 221 38 ordförande
1775 2135 59 39 för
1862 2137 72 37 den
1961 2137 67 45 tid,

427 2193 91 36 hans
559 2192 255 50 ledamotskap
856 2193 13 35 i
911 2192 186 37 skolrådet
1138 2191 95 38 efter
1273 2193 62 48 lag
1376 2204 122 32 varar,
1527 2191 118 37 under
1673 2190 61 36 det
1761 2190 47 50 på
1836 2196 53 31 ett
1917 2196 113 31 annat

427 2247 107 35 ställe
575 2247 79 36 vice
696 2245 221 38 ordförande
952 2247 114 48 väljes
1098 2245 59 37 för
1184 2245 63 37 två
1275 2248 39 34 år
1342 2259 30 23 o.
1402 2258 25 23 s&
1456 2258 34 24 v.
1544 2244 130 49 Enligt
1701 2248 52 32 ett
1781 2244 42 36 af
1848 2250 53 31 ett
1928 2245 102 35 dom-

426 2300 145 49 kapitel
613 2300 152 50 nyligen
807 2298 97 38 fäldt
938 2300 68 37 och
1039 2298 41 38 af
1105 2300 133 50 Kongl.
1268 2299 101 49 Maj:t
1397 2297 154 39 stadfäst
1579 2298 125 49 utslag
1731 2298 12 36 i
1771 2297 76 37 mål
1875 2297 156 37 rörande
