1910 2826
308 160 18 28 4
754 164 275 30 Statsutskottets
1055 165 175 30 utlåtande
1258 175 40 20 nr
1326 166 28 28 7.

1043 244 251 30 Avlöningsstat.

616 307 26 28 1.
668 305 210 36 Avlöningar
898 306 50 30 till
970 305 173 31 ordinarie
1166 305 222 37 tjänstemän,
1412 307 70 35 för-

710 356 144 37 SlAGgSVÅS
919 380 559 7 oomeeeeseerreerrreser
1295 352 32 46 rr
1338 352 35 46 rr
1384 352 33 46 rr
1436 352 47 46 rs
1509 358 128 29 kronor
1662 358 63 30 364
1738 357 64 30 000

615 408 29 28 2.
670 407 159 30 Arvoden
858 407 66 30 och
952 407 172 30 särskilda
1156 407 238 36 ersättningar,
1426 408 54 29 be-

709 457 137 30 stämda
870 466 44 21 av
936 457 122 37 Kungl.
1083 456 111 39 Maj:t,
1218 458 199 36 förslagsvis
1449 482 29 6 ..
1568 469 11 14 »
1685 458 39 30 15
1738 458 65 31 000

614 509 29 28 3.
668 507 211 36 Avlöningar
898 507 51 31 till
968 509 95 34 övrig
1081 508 266 30 icke-ordinarie
1368 517 114 27 perso-

715 558 60 30 MAL
825 582 94 6 ös:
937 582 70 6 sens
1025 582 69 6 dne:
1114 583 49 5 fe
1194 583 34 5 of
1276 583 42 5 är
1335 583 26 5 SR
1380 583 23 5 SN
1423 583 50 5 GGR
1564 570 11 14 »
1659 560 64 29 224
1736 559 65 30 000

615 611 28 28 4.
669 608 130 37 Rörligt
831 609 125 36 tillägg,
988 609 199 37 förslagsvis
1226 634 250 6 ............
1565 621 12 14 »
1683 610 42 30 34
1737 610 65 30 000

1338 658 142 49 Summa
1504 658 130 49 kronor
1653 659 67 48 637
1734 658 78 54 000;

660 768 28 38 c)
720 768 50 30 till
789 769 339 37 Kammarkollegiet:
1148 769 210 37 Avlöningar
1377 770 56 29 för
1453 768 201 38 budgetåret
1676 764 138 41 1947/48

618 818 118 30 anvisa
761 821 47 27 ett
833 818 267 37 förslagsanslag
1124 829 42 20 av
1192 820 62 29 637
1269 820 65 30 000
1361 819 137 31 kronor.

327 963 2 2 '
352 951 68 40 4:0)
440 953 349 36 Kammarkollegiet:
807 953 272 30 Omkostnader.
1097 954 14 29 I
1129 954 153 36 enlighet
1299 954 81 30 med
1398 954 124 36 Kungl.
1544 954 119 36 Maj:ts
1682 953 133 36 förslag

315 1002 123 39 (punkt
457 1003 29 34 4,
510 1012 25 21 s.
557 1004 20 29 8
596 1003 66 30 och
680 1002 48 39 9),
751 1003 106 30 vilket
876 1003 144 30 innebär
1040 1004 224 36 uppräkning
1285 1013 43 21 av
1347 1005 153 35 anslaget
1520 1004 80 30 med
1618 1005 20 29 6
1655 1005 61 30 100
1736 1004 78 30 kro-

308 1061 72 27 nor,
400 1053 198 30 hemställer
617 1053 174 36 utskottet,

661 1133 49 27 att
735 1130 185 35 riksdagen
946 1129 58 31 må
1028 1129 50 31 till
1107 1128 341 39 Kammarkollegiet:
1477 1129 254 31 Omkostnader
1757 1129 57 30 för

618 1179 200 37 budgetåret
836 1175 138 41 1947/48
990 1180 120 30 anvisa
1126 1184 47 26 ett
1190 1180 270 36 förslagsanslag
1476 1190 42 20 av
1536 1180 42 30 43
1592 1180 63 30 600
1671 1180 141 29 kronor.

354 1313 67 40 5:o)
444 1314 272 31 Statskontoret:
736 1313 225 37 Avlöningar.
983 1314 124 37 Kungl.
1129 1314 101 36 Maj:t
1248 1315 67 30 har
1336 1314 126 39 (punkt
1482 1315 29 35 5,
1534 1324 25 21 s.
1580 1313 120 40 9—15)
1725 1314 91 30 före-

310 1366 99 36 slagit
423 1365 185 37 riksdagen
624 1368 49 27 att
690 1365 74 31 dels
781 1365 209 37 bemyndiga
1007 1365 122 36 Kungl.
1148 1365 102 36 Maj:t
1267 1369 50 27 att
1333 1365 138 36 vidtaga
1489 1365 91 30 vissa
1596 1374 43 21 av
1656 1365 157 36 departe-

309 1416 236 30 mentschefen
568 1415 148 36 angivna
735 1415 189 36 ändringar
941 1416 10 29 i
974 1416 66 29 den
1059 1415 56 30 för
1135 1416 246 30 statskontoret
1401 1415 160 36 gällande
1580 1415 232 36 personalför-

309 1467 214 36 teckningen,
545 1467 71 30 dels
635 1467 186 35 godkänna
843 1476 42 20 av
905 1466 378 36 departementschefen
1303 1466 167 30 förordad
1487 1465 252 37 avlöningsstat
1758 1466 57 30 för

310 1518 252 34 statskontoret,
582 1520 50 28 att
651 1517 174 36 tillämpas
842 1517 69 30 tills
931 1517 116 30 vidare
1066 1516 79 31 från
1163 1517 66 30 och
1249 1517 79 30 med
1349 1516 203 36 budgetåret
1574 1512 148 43 1947/48,
1742 1516 72 31 dels

309 1569 65 30 ock
396 1568 50 31 till
470 1568 264 30 Statskontoret:
758 1568 211 35 Avlöningar
990 1568 56 29 för
1070 1567 154 31 nämnda
1245 1567 169 36 budgetår
1436 1567 120 31 anvisa
1580 1570 47 27 ett
1652 1567 161 36 förslags-

310 1619 118 36 anslag
447 1628 42 21 av
508 1619 64 30 908
586 1619 63 29 000
670 1619 138 29 kronor.

354 1711 160 37 Anslaget
531 1712 39 29 är
588 1712 56 29 för
659 1711 234 30 innevarande
912 1710 168 36 budgetår
1096 1711 134 30 anvisat
1250 1711 80 30 med
1350 1711 63 30 625
1426 1711 64 30 000
1509 1711 138 29 kronor.

355 1762 13 30 I
393 1762 340 31 överensstämmelse
759 1762 81 29 med
865 1761 201 37 riksdagens
1091 1762 11 29 i
1128 1764 107 28 annat
1261 1761 256 37 sammanhang
1545 1761 131 30 fattade
1703 1762 113 29 beslut

310 1813 88 30 skall
420 1812 549 37 generaldirektörsbefattningen
995 1813 11 29 i
1032 1812 244 31 statskontoret
1302 1811 80 31 från
1408 1812 65 30 och
1498 1812 81 30 med
1602 1812 100 30 nästa
1728 1811 86 31 bud-

310 1863 95 36 getår
425 1864 78 29 med
525 1862 197 31 bibehållen
746 1863 173 36 egenskap
945 1872 42 20 av
1010 1862 291 36 fullmaktstjänst
1326 1862 104 36 enligt
1453 1862 123 37 Kungl.
1603 1862 118 36 Maj:ts
1745 1862 68 30 för-

311 1914 73 36 slag
408 1914 156 36 placeras
592 1914 11 29 i
630 1914 164 35 lönegrad
819 1913 79 30 med
925 1922 133 21 samma
1084 1912 116 31 årslön
1226 1923 75 20 som
1326 1913 211 30 tillkommer
1565 1913 249 30 förordnande-

311 1964 209 36 tjänsteman
540 1965 9 29 i
568 1964 200 30 nuvarande
788 1964 208 36 lönegraden
1018 1963 24 30 C
1064 1965 49 30 12.

355 2016 74 29 Den
449 2015 162 30 ivträdda
632 2015 173 35 ökningen
823 2024 43 21 av
885 2015 366 30 statsverksamhetens
1273 2014 210 36 omfattning
1500 2015 66 29 har
1584 2014 161 36 medfört,
1766 2016 50 28 att

311 2066 262 30 statskontorets
595 2065 225 31 arbetsbörda
841 2065 56 30 för
919 2064 95 37 varje
1039 2063 39 32 år
1099 2064 99 31 blivit
1218 2065 60 30 allt
1302 2074 96 21 mera
1419 2064 183 38 tyngande.
1627 2064 53 31 Då
1702 2065 115 30 denna

311 2117 129 36 ökning
456 2117 56 29 för
531 2117 262 30 statskontorets
812 2116 53 30 del
886 2116 170 29 beräknas
1075 2116 93 30 bliva
1184 2115 195 36 bestående,
1398 2116 66 29 har
1482 2115 203 37 föreslagits,
1707 2119 50 27 att
1773 2124 43 22 en

309 2170 97 28 extra
426 2167 175 31 ordinarie
617 2167 107 30 förste
742 2166 256 36 revisorstjänst
1019 2167 10 29 i
1051 2167 165 36 lönegrad
1235 2166 50 30 Eo
1306 2167 42 29 24
1368 2165 45 37 på
1433 2165 276 38 pensionsbyrån
1729 2175 86 27 upp-

310 2218 92 30 föres
422 2217 46 37 på
487 2218 175 30 ordinarie
682 2220 66 28 stat
767 2218 66 29 och
852 2220 50 27 att
918 2227 43 20 en
981 2216 107 36 tjänst
1109 2226 74 21 som
1201 2217 131 30 revisor
1350 2216 45 36 på
1413 2216 259 37 övergångsstat
1692 2217 12 30 i
1723 2218 91 29 löne-

311 2269 84 36 grad
414 2269 27 30 A
459 2270 39 29 21
520 2268 73 31 åter
612 2268 165 36 uppföres
796 2267 46 37 på
862 2267 172 31 ordinarie
1053 2271 76 27 stat.
1151 2267 125 30 Vidare
1298 2267 145 30 innebär
1462 2267 123 37 Kungl.
1606 2267 117 37 Maj:ts
1746 2268 69 29 för-

312 2321 72 35 slag
401 2323 48 27 att
469 2319 108 31 förste
595 2318 300 37 revisorstjänsten
913 2318 21 30 å
952 2318 214 37 kassabyrån
1186 2318 11 30 i
1217 2318 164 36 lönegrad
1398 2318 28 29 A
1445 2319 42 28 24
1506 2319 80 29 med
1606 2319 137 36 hänsyn
1765 2317 51 31 till

310 2370 355 36 arbetsuppgifternas
689 2374 52 26 art
764 2370 136 36 utbytes
921 2372 72 27 mot
1013 2378 43 21 en
1080 2369 107 30 förste
1208 2368 389 38 byråsekreterartjänst
1617 2369 12 30 i
1652 2368 165 36 lönegrad

310 2421 29 29 A
357 2422 42 29 26
419 2424 89 27 samt
527 2424 49 27 att
594 2420 57 31 två
669 2423 96 28 extra
787 2420 173 30 ordinarie
980 2419 414 37 kanslibiträdestjänster
1411 2419 178 31 överföras
1609 2420 51 29 till
1679 2419 137 30 ordina-

310 2472 51 29 rie
380 2474 74 29 stat.
