2222 2646
415 199 114 33 Andra
553 198 215 32 Kammarens
795 195 177 41 Tillfälliga
1001 194 130 33 Utskolts
1173 192 65 32 (N:o
1261 191 38 39 3)
1330 190 164 33 Utlåtande
1518 188 62 32 N:o
1601 191 51 29 14.
1760 187 20 30 3

218 280 145 48 ningen
404 278 81 38 från
516 276 136 38 fordon
686 280 100 33 samt
818 279 67 42 att,
913 287 60 24 om
1003 272 46 37 de
1079 271 149 38 ändock
1258 270 138 48 fortgå,
1425 268 66 37 det
1518 272 41 33 är
1586 280 48 23 en
1662 264 95 51 följd
1787 265 41 37 af

218 328 310 39 vederbörandes
556 327 195 38 bristande
779 324 241 51 ingripande.

353 380 186 37 Häremot
576 382 61 33 må
667 376 220 39 framhållas
921 374 82 38 dels
1032 373 74 38 den
1135 373 103 37 förut
1265 370 202 51 påpekade
1491 368 248 49 svårigheten
1769 371 55 32 att

219 432 129 37 kunna
386 431 100 37 hålla
523 429 93 38 reda
643 432 48 46 på
714 428 46 37 de
789 431 140 44 många
955 425 201 46 fordonen,
1185 422 182 38 särskildt
1393 422 13 36 i
1434 426 121 31 större
1584 420 239 45 kommuner,

220 483 83 37 dels
345 487 55 32 att
439 482 73 36 den
541 479 217 50 åberopade
786 476 249 52 paragrafens
1063 473 296 39 bestämmelser
1386 478 65 31 äro
1480 474 41 34 så
1549 469 192 46 affattade,
1769 473 56 32 att

220 534 47 37 de
296 538 138 32 nästan
461 538 64 31 äro
553 530 213 46 värdelösa,
795 534 91 32 enär
914 541 88 23 man
1020 526 65 37 vid
1101 525 110 37 deras
1230 523 245 50 tillämpning
1494 520 227 47 förhindrar,
1736 519 86 37 icke

220 584 139 49 sjelfva
400 582 304 50 kringföringen,
746 594 81 23 som
868 584 41 32 är
942 578 66 37 det
1035 576 188 48 skadliga,
1251 580 93 32 utan
1371 574 99 37 blott
1497 586 48 23 en
1573 572 79 36 viss
1679 584 144 37 person

221 641 54 32 att
314 635 153 49 besörja
507 634 85 36 den.
648 631 71 38 Om
761 645 49 23 en
847 642 142 38 person
1028 627 197 50 förbjudes
1254 631 56 31 att
1335 624 154 49 besörja
1514 622 309 48 kringföringen,

220 686 193 38 anskaffas
442 683 311 50 ögonblickligen
783 696 48 23 en
856 693 138 33 annan,
1023 678 73 38 och
1125 681 41 33 så
1188 677 132 37 vidare
1349 676 11 37 i
1388 675 67 37 det
1482 673 188 49 oändliga.

354 737 74 36 Det
463 735 164 50 betyder
652 734 102 48 föga,
782 738 55 31 att
863 730 219 38 tillverkare
1110 729 76 36 kan
1213 727 123 37 under
1362 727 105 36 vissa
1490 723 335 49 omständigheter

221 787 196 50 förbjudas
456 787 77 36 låta
571 785 198 48 kringföra
810 784 57 36 sin
906 795 105 32 vara;
1049 785 42 44 ty
1129 779 113 37 äfven
1278 791 62 23 om
1369 777 64 37 det
1456 775 123 37 skulle
1607 774 134 50 lyckas
1769 778 56 31 att

220 839 38 37 få
298 844 56 32 ett
391 838 134 37 sådant
556 835 137 38 förbud
720 835 59 36 för
806 847 46 23 en
880 833 81 37 viss
989 831 218 37 tillverkare
1236 829 59 37 till
1319 827 123 48 stånd,
1471 826 122 37 skulle
1623 839 47 23 en
1699 837 124 25 annan

222 895 139 44 genast
387 893 179 45 upprätta
593 900 51 36 ny
671 886 111 37 trafik
810 888 49 46 på
886 884 74 37 den
990 882 126 49 gamla
1143 880 146 37 traden.

356 939 82 38 Och
477 939 98 36 huru
617 942 293 42 samvetsgrann
953 947 49 24 en
1035 932 220 37 tillverkare
1284 935 48 31 än
1360 932 61 34 må
1448 941 103 33 vara,
1580 927 96 36 huru
1705 939 120 35 gerna

221 991 76 38 han
338 996 47 31 än
425 990 153 46 önskar,
606 994 55 31 att
686 986 282 50 försäljningen
994 984 84 37 från
1105 982 188 38 fordonen
1321 980 99 37 skall
1454 983 50 44 gå
1532 977 210 49 ordentligt
1767 976 58 36 till

221 1047 111 44 väga,
359 1042 76 36 kan
463 1041 73 36 han
565 1040 100 36 dock
691 1038 87 38 icke
805 1037 216 48 förebygga
1049 1033 245 49 oordningar,
1323 1045 82 23 som
1433 1032 152 47 uppstå,
1609 1028 118 37 sedan
1752 1026 74 37 for-

221 1093 117 37 donet
378 1092 61 37 väl
474 1090 161 38 kommit
662 1095 42 31 ut
730 1090 11 35 i
767 1088 211 50 bygderna.
1032 1085 45 48 Ej
1108 1084 122 37 heller
1257 1083 77 36 kan
1360 1082 207 36 utköraren
1594 1079 149 46 hindra,
1772 1082 55 32 att

222 1144 66 37 det
315 1144 119 49 köpta
460 1142 77 37 ölet
563 1141 196 37 utdrickes
787 1146 64 30 ute
882 1141 20 34 å
929 1137 280 47 landsvägarne
1239 1134 94 37 eller
1359 1133 93 37 bära
1480 1136 178 32 ansvaret
1688 1129 58 37 för
1777 1129 47 36 de

223 1195 141 49 orgier,
393 1208 82 23 som
504 1193 78 37 ofta
608 1192 118 37 blifva
754 1204 48 24 en
826 1189 96 49 följd
950 1187 118 38 deraf.

356 1245 100 36 Från
484 1247 139 45 många
651 1242 106 37 delar
785 1241 41 37 af
848 1239 133 38 landet
1007 1238 134 48 klagas
1170 1236 107 37 öfver
1305 1232 316 50 ölförsäljningen
1644 1231 82 37 från
1750 1230 76 37 for-

222 1296 139 47 donen,
390 1295 154 37 hvilken
574 1294 32 48 ej
638 1292 108 38 alltid
773 1291 123 37 håller
920 1290 60 48 sig
1006 1289 102 36 inom
1136 1286 264 49 laglighetens
1428 1288 172 44 gränser,
1621 1285 125 33 såsom
1768 1284 58 33 så-

221 1347 63 37 väl
311 1347 13 36 i
352 1345 242 38 ekonomiskt
622 1357 80 24 som
732 1341 199 38 moraliskt
958 1338 184 39 afseende
1170 1336 143 48 vådlig,
1331 1334 181 39 särskildt
1530 1333 60 37 för
1604 1332 222 49 ungdomen

223 1398 72 37 och
323 1397 75 37 den
425 1397 82 37 lösa
534 1394 289 48 befolkningen.

356 1448 73 37 Bot
467 1452 79 31 mot
578 1446 66 36 det
671 1445 111 46 onda,
811 1456 82 24 som
923 1439 292 50 kringförandet
1242 1438 42 36 af
1307 1435 255 49 maltdrycker
1589 1434 57 36 till
1677 1433 150 48 försälj-

223 1499 95 49 ning
341 1519 40 4 —
408 1497 246 49 kringföring
680 1495 42 37 af
745 1495 63 36 vin
835 1494 59 37 till
921 1491 228 48 försäljning
1175 1489 110 37 torde
1316 1488 34 49 ej
1379 1487 300 37 förekomma
1631 1480 29 57 —
1695 1484 131 46 vållar,

224 1551 124 36 finnes
390 1550 34 48 ej
455 1549 92 46 deri,
577 1552 55 32 att
660 1547 73 36 den
760 1544 192 48 tillfällige
976 1543 217 45 utköraren,
1221 1537 384 40 filialföreståndaren
1634 1535 92 37 eller
1752 1534 75 37 till-

225 1601 189 37 verkaren
454 1599 88 49 sjelf
583 1598 164 37 drabbas
787 1596 40 37 af
862 1594 154 44 förbud;
1059 1592 138 37 endast
1226 1604 141 35 genom
1402 1594 54 31 att
1483 1587 178 48 förbjuda
1689 1585 139 49 sjelfva

225 1651 294 49 kringföringen
560 1649 42 37 af
639 1648 75 36 den
754 1644 293 50 ifrågavarande
1090 1642 237 48 rusdrycken
1368 1640 59 36 till
1466 1637 224 49 försäljning
1733 1636 95 37 eller

225 1703 230 36 åtminstone
479 1700 157 47 vidtaga
664 1698 143 48 nödiga
833 1694 323 47 inskränkningar
1182 1693 11 35 i
1222 1692 126 36 denna
1376 1689 140 37 handel
1536 1689 73 36 kan
1631 1692 55 32 ett
1706 1687 122 37 bättre

224 1751 236 38 förhållande
490 1751 145 36 vinnas.

359 1802 54 36 Af
435 1801 65 37 det
527 1800 113 37 ofvan
669 1798 158 37 anförda
854 1796 109 37 torde
988 1795 160 47 framgå,
1177 1798 55 31 att
1260 1792 37 36 vi
1324 1791 85 37 icke
1437 1790 80 36 afse
1547 1793 54 32 att
1632 1787 197 37 förhindra

226 1854 135 48 sjelfva
398 1851 213 48 forslingen
652 1849 40 38 af
728 1848 65 37 vin
835 1848 74 37 och
948 1842 277 51 maltdrycker,
1256 1848 91 30 utan
1380 1841 137 37 endast
1548 1838 280 49 försäljningen

227 1904 112 49 deraf
362 1903 82 37 från
467 1902 168 37 fordon.»

360 1954 142 36 Herrar
529 1954 53 35 M.
612 1952 206 36 Alsterlund
846 1963 48 22 m.
923 1948 35 36 fl.
985 1950 79 34 åter
1092 1945 114 37 hafva
1234 1943 204 38 motiverat
1470 1941 58 37 sin
1546 1939 284 48 framställning

226 2009 49 46 på
303 2004 167 49 följande
499 2008 91 32 sätt:

362 2055 158 47 »Många
548 2052 129 37 städer
704 2051 101 36 inom
835 2052 84 34 vårt
945 2047 89 37 land
1061 2046 112 37 hafva
1201 2050 104 31 stora
1333 2042 191 46 områden,
1553 2054 80 23 som
1658 2041 85 36 icke
1764 2045 65 31 äro

227 2105 219 49 planlagda,
487 2104 130 35 hvilka
658 2101 150 37 sträcka
841 2100 60 47 sig
932 2101 48 46 på
1008 2111 47 22 en
1084 2096 61 36 del
1174 2095 137 36 ställen
1338 2094 147 48 ganska
1512 2093 108 45 långt
1646 2096 42 30 ut
1713 2091 12 35 i
1755 2091 75 36 den

228 2155 245 48 omgifvande
501 2151 279 50 landsbygden.
834 2141 34 45 Å
896 2148 114 37 dessa
1036 2147 86 37 icke
1146 2144 209 51 planlagda
1383 2143 180 37 områden
1591 2141 113 36 hafva
1723 2141 108 35 flere-

228 2206 131 36 städes
400 2204 238 37 industriella
679 2201 91 37 verk
805 2199 125 37 blifvit
957 2198 165 48 anlagda
1149 2196 72 37 och
1251 2209 47 23 en
1327 2191 418 48 arbetarebefolkning,
1773 2190 58 36 till

229 2256 193 37 storleken
452 2253 193 38 beroende
675 2252 41 37 af
735 2251 46 37 de
812 2249 164 49 anlagda
1003 2248 166 36 verkens
1198 2245 156 48 storlek,
1375 2245 67 36 har
1461 2242 197 38 derstädes
1678 2241 154 36 nedsatt
