1882 2794
543 146 249 27 Statsutskottets
813 144 158 27 utlåtande
992 152 37 18 nr
1052 143 63 26 199.
1532 137 41 30 23

86 228 302 32 domsvårdsskola
417 228 87 30 skall
531 226 164 31 anställas
723 235 42 21 en
790 225 103 30 hem
907 223 326 31 vårdslärare
1261 221 76 30 med
1365 218 136 41 uppgift
1528 221 49 27 att

87 283 143 39 fungera
250 282 115 31 såsom
384 282 164 38 avbytare
566 280 53 31 för
638 279 353 40 yrkeslärarinnorna.
1013 276 63 30 Vid
1096 276 130 34 Hornö,
1247 273 245 39 Brättegården
1512 272 63 30 och

88 337 112 38 Broby
233 337 111 30 skulle
374 334 321 31 hemvårdsläraren
726 332 129 39 jämväl
887 341 99 20 svara
1020 330 53 30 för
1104 328 299 32 hushällstvätten.
1437 325 52 31 Då
1521 325 56 39 jag

87 391 112 30 finner
220 390 70 39 mig
311 389 187 39 övertygad
518 398 57 21 om
594 390 51 27 att
665 387 112 30 behov
797 385 183 39 föreligger
999 384 58 30 vid
1077 393 48 21 nu
1146 382 154 31 nämnda
1321 381 117 30 skolor
1459 389 41 20 av
1521 380 54 29 be-

87 444 297 39 fattningshavare
406 443 79 30 med
507 442 42 31 de
571 440 184 41 uppgifter,
780 449 75 21 som
876 438 107 40 enligt
1007 437 183 39 styrelsens
1213 436 130 38 förslag
1368 435 96 30 skola
1488 433 87 31 åvila

87 497 333 36 hemvårdslärarna,
443 505 101 21 anser
564 495 56 39 jag
642 495 71 39 mig
734 495 84 29 böra
839 493 136 30 biträda
998 491 183 39 styrelsens
1204 490 138 38 förslag.

132 549 438 42 Organisationsnämnden
598 557 109 27 anser,
737 551 48 27 att
810 547 123 30 endast
959 556 44 20 en
1029 544 265 31 husmoder
1320 544 63 29 bör
1410 551 82 21 vara
1519 551 57 20 an-

87 605 102 30 ställd
209 605 57 31 vid
287 605 95 38 varje
401 603 287 32 dubbelskolhem
708 601 55 30 för
783 600 133 40 pojkar.
939 600 165 30 Häremot
1123 599 46 30 ha
1191 597 95 31 såväl
1307 595 271 39 socialstyrelsen

88 669 75 20 som
180 659 212 30 företrädare
409 658 54 30 för
480 657 114 30 skolor
611 656 65 31 och
692 655 160 40 personal
869 653 127 31 erinrat
1014 655 48 28 att
1078 652 125 40 pojkar
1220 651 10 30 i
1248 652 42 29 de
1306 650 271 39 åldersgrupper,

88 722 118 21 varom
225 713 63 30 här
309 721 79 21 vore
406 710 108 40 fråga,
534 719 80 21 vore
633 710 10 29 i
661 709 112 30 behov
792 717 43 21 av
855 706 109 32 sådan
983 705 226 36 omvårdnad,
1228 708 51 27 att
1298 703 56 31 två
1373 703 207 31 husmödrar

88 766 219 31 erfordrades
328 765 56 31 för
405 765 96 38 varje
522 762 298 32 dubbelskolhem.
846 761 63 39 Jag
934 760 96 31 torde
1054 759 35 31 få
1114 759 123 36 erinra,
1261 760 49 28 att
1332 757 46 31 då
1400 756 99 40 fråga
1522 766 57 20 om

88 820 218 39 uppförande
321 829 42 21 av
377 822 47 27 ett
440 816 284 33 dubbelskolhem
738 816 56 30 för
809 815 107 30 första
932 813 133 41 gången
1080 813 172 30 förelades
1267 811 184 39 riksdagen
1472 809 106 40 (prop.

92 875 96 29 1943:
203 872 76 40 281)
305 872 183 39 riksdagen
506 870 164 36 uttalade,
690 873 49 27 att
759 870 202 29 densamma
980 868 76 30 icke
1075 868 136 29 kunnat
1230 864 116 40 undgå
1366 868 48 27 att
1433 865 86 38 hysa
1537 873 43 20 en

89 927 69 31 viss
175 928 126 30 tvekan
320 937 57 20 om
394 925 245 39 lämpligheten
656 933 43 21 ur
715 922 266 40 vårdsynpunkt
999 931 41 20 av
1059 925 45 26 ett
1120 920 161 30 skolhem
1299 929 41 20 av
1358 920 67 29 den
1443 918 136 35 storlek,

90 991 73 20 som
184 982 55 30 det
260 981 9 30 i
289 979 256 41 propositionen
566 977 158 39 åsyftade
749 976 79 39 (skr.
853 976 96 30 1943:
964 974 91 39 397).
1078 975 12 29 I
1111 973 187 39 anledning
1318 982 41 20 av
1379 972 201 39 riksdagens

88 1035 146 30 berörda
255 1033 179 31 uttalande
454 1032 133 40 yttrade
606 1030 254 39 föredragande
881 1027 390 41 departementschefen,
1294 1025 182 32 statsrådet
1497 1025 82 30 Möl-

90 1089 56 36 ler,
168 1088 44 31 då
232 1088 129 39 förslag
381 1086 177 39 angående
577 1085 201 39 utbyggnad
798 1093 41 20 av
860 1078 102 35 Östra
983 1081 114 40 Spång
1117 1082 51 30 till
1189 1080 284 31 dubbelskolhem
1494 1079 86 30 före-

90 1142 94 30 lades
210 1142 83 29 1944
319 1141 54 30 års
398 1140 141 39 riksdag
568 1138 107 40 (prop.
701 1148 42 20 nr
768 1136 90 39 266),
885 1140 49 27 att
957 1135 156 31 riskerna
1138 1135 55 30 för
1218 1137 49 28 att
1291 1134 288 30 hemkaraktären

90 1196 110 30 skulle
221 1194 41 40 gå
283 1194 153 31 förlorad
455 1194 56 30 vid
533 1196 45 27 ett
599 1192 157 30 skolhem
776 1191 79 30 med
876 1190 38 31 så
935 1193 84 27 stort
1037 1189 187 39 platsantal
1245 1198 75 20 som
1340 1188 41 30 60
1401 1196 80 21 vore
1501 1186 79 39 föga

90 1248 270 37 framträdande,
388 1248 112 30 därest
526 1246 229 31 skolhemmet
780 1244 217 31 anordnades
1023 1243 80 30 med
1128 1242 57 30 två
1209 1241 82 31 från
1316 1241 170 30 varandra
1512 1241 70 29 helt

91 1303 111 30 skilda
220 1301 333 39 elevförläggningar
570 1299 89 36 med,
678 1299 108 31 bland
803 1300 116 34 annat,
939 1307 60 21 var
1018 1297 51 30 sin
1088 1296 198 31 husmoder.
1306 1295 50 31 De
1373 1299 50 26 tre
1441 1294 139 30 dubbel-

91 1357 156 30 skolhem
269 1356 55 30 för
345 1354 151 40 manliga
515 1354 120 36 elever,
657 1353 93 30 vilka
769 1352 107 39 enligt
896 1351 78 30 mitt
995 1350 128 39 förslag
1145 1350 97 30 skola
1264 1348 80 40 ingå
1365 1349 11 29 i
1396 1348 184 39 ungdoms-

91 1408 490 40 vårdsskoleorganisationen,
610 1406 175 39 nämligen
813 1403 310 40 Hammargården,
1154 1398 102 35 Östra
1286 1402 114 39 Spång
1429 1402 65 30 och
1521 1401 61 30 Ve-

91 1473 108 29 myra,
219 1464 59 29 äro
295 1463 83 30 eller
395 1462 98 30 skola
510 1469 123 31 genom
651 1459 106 31 redan
775 1458 131 31 fattade
924 1458 112 30 beslut
1053 1466 82 21 vara
1153 1456 163 31 försedda
1333 1456 79 30 med
1431 1454 56 31 två
1502 1454 80 31 från

92 1517 170 30 varandra
283 1515 187 31 fristående
489 1513 282 39 elevbyggnader.
791 1513 78 29 Med
888 1512 138 38 hänsyn
1044 1510 117 30 härtill
1180 1511 66 29 och
1266 1509 44 30 då
1328 1509 57 39 jag
1405 1509 94 30 delar
1518 1509 65 29 den

91 1570 79 30 från
197 1570 112 30 skilda
335 1568 71 31 håll
431 1568 152 31 uttalade
609 1564 277 42 uppfattningen,
914 1568 48 27 att
989 1564 57 31 vid
1071 1563 94 39 varje
1192 1562 184 45 avdelning
1402 1562 57 31 vid
1485 1562 99 30 dessa

92 1624 156 30 skolhem
270 1624 64 29 bör
355 1622 115 30 finnas
494 1631 41 21 en
558 1620 197 36 husmoder,
778 1619 151 30 biträder
952 1618 57 39 jag
1033 1617 290 39 socialstyrelsens
1347 1616 137 39 förslag.
1510 1615 72 39 Sty-

92 1678 127 30 relsens
236 1678 65 30 och
318 1678 40 29 de
375 1674 316 39 lönesakkunnigas
706 1672 214 41 uppdelning
936 1682 42 20 av
995 1670 410 39 husmoderspersonalen
1421 1669 45 40 på
1481 1670 23 29 h
1518 1680 22 20 u
1555 1679 28 20 s-

93 1729 357 32 föreståndare
489 1729 63 30 och
592 1726 299 32 biträdande
930 1723 452 45 husföreståndare,
1420 1724 12 29 i
1470 1723 115 30 vilken

93 1793 119 22 senare
236 1792 110 31 grupp
369 1783 129 39 jämväl
522 1781 109 31 skulle
655 1780 80 40 ingå
759 1780 41 30 de
824 1779 202 31 nuvarande
1049 1777 173 32 vårdarna
1244 1778 59 30 vid
1326 1778 135 35 Lövsta,
1486 1786 99 21 anser

92 1838 57 39 jag
171 1838 69 39 mig
261 1838 84 30 böra
370 1837 146 39 godtaga
538 1834 94 31 såväl
655 1835 10 29 i
687 1835 61 30 sak
771 1844 75 20 som
868 1834 66 29 vad
956 1831 106 40 angår
1085 1831 434 39 tjänstebenämningarna.,

137 1892 74 30 Vad
239 1890 150 31 därefter
416 1888 167 32 beträffar
612 1888 190 38 tjänsterna
831 1897 74 20 som
933 1885 352 31 arbetsledare
1313 1885 64 30 och
1406 1885 178 29 arbets-

96 1945 175 35 ledare,
302 1943 176 31 tillika
504 1941 217 36 vårdare,
752 1940 95 31 delar
874 1940 56 39 jag
961 1939 291 38 socialstyrelsens
1281 1937 100 37 åsikt,
1411 1941 48 27 att
1488 1938 96 30 dessa

94 1999 82 29 böra
202 1997 82 39 utgå
308 2007 40 21 ur
373 1996 336 40 personalplanerna.
736 1992 390 40 Slöjdundervisningen
1149 1993 64 29 bör
1238 1991 148 31 därefter
1411 1991 174 30 överföras

95 2051 42 39 på
164 2051 300 30 folkskollärarna.
491 2048 281 31 Arbetsledarnas
796 2047 134 30 biträde
955 2047 57 30 vid
1038 2046 292 38 undervisningen
1355 2045 9 30 i
1390 2045 196 39 gymnastik

95 2106 77 29 med
194 2106 53 29 lek
268 2106 66 29 och
355 2105 102 29 idrott
477 2103 95 31 torde
593 2103 75 29 icke
687 2101 183 36 erfordras,
892 2100 104 31 sedan
1018 2099 197 31 assistenter
1235 2099 156 30 anställts
1412 2099 55 29 vid
1489 2098 95 39 pojk-

96 2159 248 29 skolhemmen.
368 2152 127 43 Övriga
518 2155 257 31 arbetsledarna
796 2154 159 31 åvilande
978 2152 299 40 arbetsuppgifter,
1300 2152 174 38 nämligen
1499 2152 85 29 träd-

95 2211 240 38 gårdsskötsel,
360 2209 314 40 gårdskarlsarbete
696 2211 89 27 samt
807 2208 188 30 nattvakts-
1020 2207 64 29 och
1107 2205 353 39 fritidstjänstgöring,
1484 2214 102 29 synas

96 2265 82 29 böra
200 2265 178 37 övertagas
400 2273 41 20 av
463 2262 108 30 andra
592 2261 341 38 befattningshavare
954 2260 55 29 vid
1032 2259 257 30 vederbörande
1311 2259 105 29 skola.

140 2315 439 40 Organisationsnämnden
605 2315 63 29 har
694 2313 187 39 föreslagit,
909 2315 49 27 att
984 2313 188 29 nattvakts-
1201 2312 65 30 och
1294 2310 292 40 gårdskarlsgöro-

97 2370 113 30 målen
233 2370 56 30 vid
314 2370 40 31 de
378 2370 54 29 för
454 2368 151 39 manliga
629 2368 109 29 elever
761 2366 149 31 avsedda
936 2366 162 30 skolorna
1122 2364 256 31 sammanföras
1400 2364 44 39 på
1467 2374 41 20 en
1532 2365 54 29 be-

98 2422 460 40 fallningshavarekategori,
588 2421 270 35 vaktmästarna,
888 2419 197 39 varigenom
1115 2419 41 30 de
1185 2418 201 30 nuvarande
1414 2418 173 33 skötarna,
