<?xml version="1.0" encoding="UTF-8"?>
<alto xmlns="http://www.loc.gov/standards/alto/ns-v3#" xmlns:xlink="http://www.w3.org/1999/xlink" xmlns:xsi="http://www.w3.org/2001/XMLSchema-instance" xsi:schemaLocation="http://www.loc.gov/standards/alto/ns-v3# http://www.loc.gov/alto/v3/alto-3-0.xsd">
	<Description>
		<MeasurementUnit>pixel</MeasurementUnit>
		<sourceImageInformation>
			<fileName>/tmp/tess_gob8dezr_input.PNG</fileName>
		</sourceImageInformation>
		<OCRProcessing ID="OCR_0">
			<ocrProcessingStep>
				<processingSoftware>
					<softwareName>tesseract 5.3.0</softwareName>
				</processingSoftware>
			</ocrProcessingStep>
		</OCRProcessing>
	</Description>
	<Layout>
		<Page WIDTH="1882" HEIGHT="2786" PHYSICAL_IMG_NR="0" ID="page_0">
			<PrintSpace HPOS="0" VPOS="0" WIDTH="1882" HEIGHT="2786">
				<ComposedBlock ID="cblock_0" HPOS="411" VPOS="167" WIDTH="1200" HEIGHT="46">
					<TextBlock ID="block_0" HPOS="411" VPOS="167" WIDTH="1200" HEIGHT="46">
						<TextLine ID="line_0" HPOS="411" VPOS="167" WIDTH="1200" HEIGHT="46">
							<String ID="string_0" HPOS="411" VPOS="175" WIDTH="125" HEIGHT="30" WC="0.92" CONTENT="Första"/><SP WIDTH="23" VPOS="175" HPOS="536"/>
							<String ID="string_1" HPOS="559" VPOS="173" WIDTH="246" HEIGHT="40" WC="0.91" CONTENT="lagutskottets"/><SP WIDTH="23" VPOS="173" HPOS="805"/>
							<String ID="string_2" HPOS="828" VPOS="172" WIDTH="180" HEIGHT="30" WC="0.96" CONTENT="utlåtande"/><SP WIDTH="22" VPOS="172" HPOS="1008"/>
							<String ID="string_3" HPOS="1030" VPOS="181" WIDTH="43" HEIGHT="20" WC="0.96" CONTENT="nr"/><SP WIDTH="23" VPOS="181" HPOS="1073"/>
							<String ID="string_4" HPOS="1096" VPOS="173" WIDTH="39" HEIGHT="30" WC="0.96" CONTENT="14"/><SP WIDTH="22" VPOS="173" HPOS="1135"/>
							<String ID="string_5" HPOS="1157" VPOS="171" WIDTH="39" HEIGHT="30" WC="0.96" CONTENT="år"/><SP WIDTH="23" VPOS="171" HPOS="1196"/>
							<String ID="string_6" HPOS="1219" VPOS="171" WIDTH="84" HEIGHT="29" WC="0.96" CONTENT="1958"/><SP WIDTH="290" VPOS="171" HPOS="1303"/>
							<String ID="string_7" HPOS="1593" VPOS="167" WIDTH="18" HEIGHT="30" WC="0.91" CONTENT="7"/>
						</TextLine>
					</TextBlock>
				</ComposedBlock>
				<ComposedBlock ID="cblock_1" HPOS="108" VPOS="254" WIDTH="1504" HEIGHT="457">
					<TextBlock ID="block_1" HPOS="108" VPOS="254" WIDTH="1502" HEIGHT="171">
						<TextLine ID="line_1" HPOS="108" VPOS="254" WIDTH="1501" HEIGHT="44">
							<String ID="string_8" HPOS="108" VPOS="260" WIDTH="148" HEIGHT="30" WC="0.96" CONTENT="främsta"/><SP WIDTH="26" VPOS="260" HPOS="256"/>
							<String ID="string_9" HPOS="282" VPOS="267" WIDTH="108" HEIGHT="31" WC="0.96" CONTENT="organ"/><SP WIDTH="26" VPOS="267" HPOS="390"/>
							<String ID="string_10" HPOS="416" VPOS="260" WIDTH="11" HEIGHT="29" WC="0.96" CONTENT="i"/><SP WIDTH="26" VPOS="260" HPOS="427"/>
							<String ID="string_11" HPOS="453" VPOS="258" WIDTH="153" HEIGHT="39" WC="0.96" CONTENT="kampen"/><SP WIDTH="27" VPOS="258" HPOS="606"/>
							<String ID="string_12" HPOS="633" VPOS="260" WIDTH="72" HEIGHT="26" WC="0.93" CONTENT="mot"/><SP WIDTH="27" VPOS="260" HPOS="705"/>
							<String ID="string_13" HPOS="732" VPOS="255" WIDTH="360" HEIGHT="41" WC="0.90" CONTENT="gangstermentalitet"/><SP WIDTH="27" VPOS="255" HPOS="1092"/>
							<String ID="string_14" HPOS="1119" VPOS="255" WIDTH="64" HEIGHT="29" WC="0.93" CONTENT="och"/><SP WIDTH="26" VPOS="255" HPOS="1183"/>
							<String ID="string_15" HPOS="1209" VPOS="255" WIDTH="275" HEIGHT="38" WC="0.90" CONTENT="busregemente,"/><SP WIDTH="28" VPOS="255" HPOS="1484"/>
							<String ID="string_16" HPOS="1512" VPOS="254" WIDTH="97" HEIGHT="28" WC="0.92" CONTENT="näm-"/>
						</TextLine>
						<TextLine ID="line_2" HPOS="108" VPOS="297" WIDTH="1501" HEIGHT="44">
							<String ID="string_17" HPOS="108" VPOS="302" WIDTH="91" HEIGHT="39" WC="0.96" CONTENT="ligen"/><SP WIDTH="25" VPOS="302" HPOS="199"/>
							<String ID="string_18" HPOS="224" VPOS="302" WIDTH="144" HEIGHT="39" WC="0.96" CONTENT="polisen,"/><SP WIDTH="26" VPOS="302" HPOS="368"/>
							<String ID="string_19" HPOS="394" VPOS="301" WIDTH="89" HEIGHT="29" WC="0.93" CONTENT="skall"/><SP WIDTH="25" VPOS="301" HPOS="483"/>
							<String ID="string_20" HPOS="508" VPOS="299" WIDTH="237" HEIGHT="40" WC="0.91" CONTENT="pliktmässigt"/><SP WIDTH="25" VPOS="299" HPOS="745"/>
							<String ID="string_21" HPOS="770" VPOS="300" WIDTH="91" HEIGHT="28" WC="0.96" CONTENT="sätta"/><SP WIDTH="23" VPOS="300" HPOS="861"/>
							<String ID="string_22" HPOS="884" VPOS="299" WIDTH="46" HEIGHT="29" WC="0.96" CONTENT="liv"/><SP WIDTH="25" VPOS="299" HPOS="930"/>
							<String ID="string_23" HPOS="955" VPOS="298" WIDTH="65" HEIGHT="29" WC="0.96" CONTENT="och"/><SP WIDTH="24" VPOS="298" HPOS="1020"/>
							<String ID="string_24" HPOS="1044" VPOS="298" WIDTH="99" HEIGHT="29" WC="0.96" CONTENT="hälsa"/><SP WIDTH="24" VPOS="298" HPOS="1143"/>
							<String ID="string_25" HPOS="1167" VPOS="297" WIDTH="44" HEIGHT="40" WC="0.96" CONTENT="på"/><SP WIDTH="25" VPOS="297" HPOS="1211"/>
							<String ID="string_26" HPOS="1236" VPOS="297" WIDTH="71" HEIGHT="39" WC="0.96" CONTENT="spel"/><SP WIDTH="27" VPOS="297" HPOS="1307"/>
							<String ID="string_27" HPOS="1334" VPOS="298" WIDTH="85" HEIGHT="27" WC="0.96" CONTENT="utan"/><SP WIDTH="25" VPOS="298" HPOS="1419"/>
							<String ID="string_28" HPOS="1444" VPOS="297" WIDTH="50" HEIGHT="28" WC="0.92" CONTENT="att"/><SP WIDTH="24" VPOS="297" HPOS="1494"/>
							<String ID="string_29" HPOS="1518" VPOS="304" WIDTH="91" HEIGHT="20" WC="0.91" CONTENT="sam-"/>
						</TextLine>
						<TextLine ID="line_3" HPOS="109" VPOS="337" WIDTH="1501" HEIGHT="43">
							<String ID="string_30" HPOS="109" VPOS="344" WIDTH="106" HEIGHT="30" WC="0.95" CONTENT="hället"/><SP WIDTH="24" VPOS="344" HPOS="215"/>
							<String ID="string_31" HPOS="239" VPOS="344" WIDTH="56" HEIGHT="29" WC="0.96" CONTENT="vid"/><SP WIDTH="25" VPOS="344" HPOS="295"/>
							<String ID="string_32" HPOS="320" VPOS="343" WIDTH="112" HEIGHT="29" WC="0.96" CONTENT="behov"/><SP WIDTH="27" VPOS="343" HPOS="432"/>
							<String ID="string_33" HPOS="459" VPOS="342" WIDTH="110" HEIGHT="30" WC="0.96" CONTENT="håller"/><SP WIDTH="23" VPOS="342" HPOS="569"/>
							<String ID="string_34" HPOS="592" VPOS="341" WIDTH="259" HEIGHT="30" WC="0.96" CONTENT="vederbörande"/><SP WIDTH="25" VPOS="341" HPOS="851"/>
							<String ID="string_35" HPOS="876" VPOS="341" WIDTH="10" HEIGHT="29" WC="0.96" CONTENT="i"/><SP WIDTH="27" VPOS="341" HPOS="886"/>
							<String ID="string_36" HPOS="913" VPOS="341" WIDTH="184" HEIGHT="39" WC="0.96" CONTENT="görligaste"/><SP WIDTH="26" VPOS="341" HPOS="1097"/>
							<String ID="string_37" HPOS="1123" VPOS="339" WIDTH="82" HEIGHT="30" WC="0.93" CONTENT="mån"/><SP WIDTH="26" VPOS="339" HPOS="1205"/>
							<String ID="string_38" HPOS="1231" VPOS="339" WIDTH="180" HEIGHT="30" WC="0.92" CONTENT="skadeslös"/><SP WIDTH="26" VPOS="339" HPOS="1411"/>
							<String ID="string_39" HPOS="1437" VPOS="338" WIDTH="54" HEIGHT="30" WC="0.93" CONTENT="för"/><SP WIDTH="25" VPOS="338" HPOS="1491"/>
							<String ID="string_40" HPOS="1516" VPOS="337" WIDTH="94" HEIGHT="30" WC="0.92" CONTENT="liden"/>
						</TextLine>
						<TextLine ID="line_4" HPOS="111" VPOS="386" WIDTH="300" HEIGHT="39">
							<String ID="string_41" HPOS="111" VPOS="386" WIDTH="108" HEIGHT="30" WC="0.93" CONTENT="skada"/><SP WIDTH="19" VPOS="386" HPOS="219"/>
							<String ID="string_42" HPOS="238" VPOS="386" WIDTH="18" HEIGHT="29" WC="0.93" CONTENT="å"/><SP WIDTH="18" VPOS="386" HPOS="256"/>
							<String ID="string_43" HPOS="274" VPOS="395" WIDTH="137" HEIGHT="30" WC="0.96" CONTENT="person."/>
						</TextLine>
					</TextBlock>
					<TextBlock ID="block_2" HPOS="110" VPOS="421" WIDTH="1502" HEIGHT="290">
						<TextLine ID="line_5" HPOS="155" VPOS="421" WIDTH="1456" HEIGHT="46">
							<String ID="string_44" HPOS="155" VPOS="429" WIDTH="175" HEIGHT="38" WC="0.96" CONTENT="Styrelsen"/><SP WIDTH="26" VPOS="429" HPOS="330"/>
							<String ID="string_45" HPOS="356" VPOS="428" WIDTH="217" HEIGHT="34" WC="0.95" CONTENT="förutsätter,"/><SP WIDTH="27" VPOS="428" HPOS="573"/>
							<String ID="string_46" HPOS="600" VPOS="428" WIDTH="50" HEIGHT="28" WC="0.96" CONTENT="att"/><SP WIDTH="25" VPOS="428" HPOS="650"/>
							<String ID="string_47" HPOS="675" VPOS="426" WIDTH="119" HEIGHT="30" WC="0.96" CONTENT="därest"/><SP WIDTH="27" VPOS="426" HPOS="794"/>
							<String ID="string_48" HPOS="821" VPOS="425" WIDTH="268" HEIGHT="39" WC="0.96" CONTENT="ifrågavarande"/><SP WIDTH="27" VPOS="425" HPOS="1089"/>
							<String ID="string_49" HPOS="1116" VPOS="424" WIDTH="133" HEIGHT="30" WC="0.96" CONTENT="motion"/><SP WIDTH="26" VPOS="424" HPOS="1249"/>
							<String ID="string_50" HPOS="1275" VPOS="423" WIDTH="94" HEIGHT="30" WC="0.96" CONTENT="leder"/><SP WIDTH="27" VPOS="423" HPOS="1369"/>
							<String ID="string_51" HPOS="1396" VPOS="423" WIDTH="52" HEIGHT="29" WC="0.95" CONTENT="till"/><SP WIDTH="27" VPOS="423" HPOS="1448"/>
							<String ID="string_52" HPOS="1475" VPOS="421" WIDTH="136" HEIGHT="31" WC="0.96" CONTENT="önskad"/>
						</TextLine>
						<TextLine ID="line_6" HPOS="110" VPOS="464" WIDTH="1498" HEIGHT="44">
							<String ID="string_53" HPOS="110" VPOS="471" WIDTH="63" HEIGHT="28" WC="0.96" CONTENT="och"/><SP WIDTH="25" VPOS="471" HPOS="173"/>
							<String ID="string_54" HPOS="198" VPOS="470" WIDTH="159" HEIGHT="38" WC="0.96" CONTENT="behövlig"/><SP WIDTH="24" VPOS="470" HPOS="357"/>
							<String ID="string_55" HPOS="381" VPOS="468" WIDTH="222" HEIGHT="40" WC="0.96" CONTENT="lagstiftning"/><SP WIDTH="25" VPOS="468" HPOS="603"/>
							<String ID="string_56" HPOS="628" VPOS="468" WIDTH="44" HEIGHT="40" WC="0.96" CONTENT="på"/><SP WIDTH="25" VPOS="468" HPOS="672"/>
							<String ID="string_57" HPOS="697" VPOS="467" WIDTH="167" HEIGHT="35" WC="0.96" CONTENT="området,"/><SP WIDTH="28" VPOS="467" HPOS="864"/>
							<String ID="string_58" HPOS="892" VPOS="468" WIDTH="115" HEIGHT="29" WC="0.96" CONTENT="denna"/><SP WIDTH="25" VPOS="468" HPOS="1007"/>
							<String ID="string_59" HPOS="1032" VPOS="467" WIDTH="54" HEIGHT="29" WC="0.96" CONTENT="får"/><SP WIDTH="26" VPOS="467" HPOS="1086"/>
							<String ID="string_60" HPOS="1112" VPOS="467" WIDTH="109" HEIGHT="29" WC="0.96" CONTENT="sådan"/><SP WIDTH="25" VPOS="467" HPOS="1221"/>
							<String ID="string_61" HPOS="1246" VPOS="465" WIDTH="231" HEIGHT="39" WC="0.96" CONTENT="utformning,"/><SP WIDTH="26" VPOS="465" HPOS="1477"/>
							<String ID="string_62" HPOS="1503" VPOS="466" WIDTH="49" HEIGHT="28" WC="0.96" CONTENT="att"/><SP WIDTH="26" VPOS="466" HPOS="1552"/>
							<String ID="string_63" HPOS="1578" VPOS="464" WIDTH="30" HEIGHT="38" WC="0.96" CONTENT="ej"/>
						</TextLine>
						<TextLine ID="line_7" HPOS="111" VPOS="508" WIDTH="1500" HEIGHT="44">
							<String ID="string_64" HPOS="111" VPOS="514" WIDTH="122" HEIGHT="28" WC="0.96" CONTENT="endast"/><SP WIDTH="27" VPOS="514" HPOS="233"/>
							<String ID="string_65" HPOS="260" VPOS="513" WIDTH="10" HEIGHT="28" WC="0.92" CONTENT="i"/><SP WIDTH="29" VPOS="513" HPOS="270"/>
							<String ID="string_66" HPOS="299" VPOS="512" WIDTH="104" HEIGHT="40" WC="0.91" CONTENT="polis-"/><SP WIDTH="28" VPOS="512" HPOS="403"/>
							<String ID="string_67" HPOS="431" VPOS="512" WIDTH="65" HEIGHT="29" WC="0.93" CONTENT="och"/><SP WIDTH="28" VPOS="512" HPOS="496"/>
							<String ID="string_68" HPOS="524" VPOS="510" WIDTH="311" HEIGHT="40" WC="0.91" CONTENT="åklagarväsendet"/><SP WIDTH="25" VPOS="510" HPOS="835"/>
							<String ID="string_69" HPOS="860" VPOS="510" WIDTH="155" HEIGHT="29" WC="0.95" CONTENT="anställd"/><SP WIDTH="27" VPOS="510" HPOS="1015"/>
							<String ID="string_70" HPOS="1042" VPOS="509" WIDTH="161" HEIGHT="40" WC="0.96" CONTENT="personal"/><SP WIDTH="29" VPOS="509" HPOS="1203"/>
							<String ID="string_71" HPOS="1232" VPOS="508" WIDTH="148" HEIGHT="30" WC="0.96" CONTENT="erhåller"/><SP WIDTH="28" VPOS="508" HPOS="1380"/>
							<String ID="string_72" HPOS="1408" VPOS="508" WIDTH="64" HEIGHT="29" WC="0.96" CONTENT="här"/><SP WIDTH="26" VPOS="508" HPOS="1472"/>
							<String ID="string_73" HPOS="1498" VPOS="509" WIDTH="113" HEIGHT="28" WC="0.95" CONTENT="avsett"/>
						</TextLine>
						<TextLine ID="line_8" HPOS="110" VPOS="550" WIDTH="1501" HEIGHT="42">
							<String ID="string_74" HPOS="110" VPOS="555" WIDTH="123" HEIGHT="37" WC="0.96" CONTENT="skydd,"/><SP WIDTH="24" VPOS="555" HPOS="233"/>
							<String ID="string_75" HPOS="257" VPOS="557" WIDTH="85" HEIGHT="27" WC="0.96" CONTENT="utan"/><SP WIDTH="24" VPOS="557" HPOS="342"/>
							<String ID="string_76" HPOS="366" VPOS="556" WIDTH="51" HEIGHT="27" WC="0.96" CONTENT="att"/><SP WIDTH="25" VPOS="556" HPOS="417"/>
							<String ID="string_77" HPOS="442" VPOS="553" WIDTH="125" HEIGHT="30" WC="0.96" CONTENT="sådant"/><SP WIDTH="26" VPOS="553" HPOS="567"/>
							<String ID="string_78" HPOS="593" VPOS="553" WIDTH="235" HEIGHT="30" WC="0.96" CONTENT="tillförsäkras"/><SP WIDTH="25" VPOS="553" HPOS="828"/>
							<String ID="string_79" HPOS="853" VPOS="554" WIDTH="86" HEIGHT="28" WC="0.96" CONTENT="även"/><SP WIDTH="24" VPOS="554" HPOS="939"/>
							<String ID="string_80" HPOS="963" VPOS="561" WIDTH="127" HEIGHT="30" WC="0.96" CONTENT="person"/><SP WIDTH="25" VPOS="561" HPOS="1090"/>
							<String ID="string_81" HPOS="1115" VPOS="560" WIDTH="74" HEIGHT="21" WC="0.96" CONTENT="som"/><SP WIDTH="24" VPOS="560" HPOS="1189"/>
							<String ID="string_82" HPOS="1213" VPOS="551" WIDTH="30" HEIGHT="39" WC="0.95" CONTENT="ej"/><SP WIDTH="28" VPOS="551" HPOS="1243"/>
							<String ID="string_83" HPOS="1271" VPOS="552" WIDTH="38" HEIGHT="29" WC="0.96" CONTENT="är"/><SP WIDTH="24" VPOS="552" HPOS="1309"/>
							<String ID="string_84" HPOS="1333" VPOS="550" WIDTH="175" HEIGHT="40" WC="0.96" CONTENT="polisman"/><SP WIDTH="22" VPOS="550" HPOS="1508"/>
							<String ID="string_85" HPOS="1530" VPOS="558" WIDTH="81" HEIGHT="21" WC="0.95" CONTENT="men"/>
						</TextLine>
						<TextLine ID="line_9" HPOS="110" VPOS="591" WIDTH="1502" HEIGHT="44">
							<String ID="string_86" HPOS="110" VPOS="604" WIDTH="123" HEIGHT="31" WC="0.94" CONTENT="genom"/><SP WIDTH="27" VPOS="604" HPOS="233"/>
							<String ID="string_87" HPOS="260" VPOS="597" WIDTH="141" HEIGHT="29" WC="0.94" CONTENT="särskilt"/><SP WIDTH="26" VPOS="597" HPOS="401"/>
							<String ID="string_88" HPOS="427" VPOS="595" WIDTH="236" HEIGHT="30" WC="0.93" CONTENT="förordnande"/><SP WIDTH="25" VPOS="595" HPOS="663"/>
							<String ID="string_89" HPOS="688" VPOS="595" WIDTH="250" HEIGHT="29" WC="0.92" CONTENT="tillförsäkrats"/><SP WIDTH="28" VPOS="595" HPOS="938"/>
							<String ID="string_90" HPOS="966" VPOS="604" WIDTH="25" HEIGHT="20" WC="0.89" CONTENT="s."/><SP WIDTH="25" VPOS="604" HPOS="991"/>
							<String ID="string_91" HPOS="1016" VPOS="594" WIDTH="33" HEIGHT="29" WC="0.92" CONTENT="k."/><SP WIDTH="25" VPOS="594" HPOS="1049"/>
							<String ID="string_92" HPOS="1074" VPOS="594" WIDTH="192" HEIGHT="40" WC="0.92" CONTENT="polismans"/><SP WIDTH="26" VPOS="594" HPOS="1266"/>
							<String ID="string_93" HPOS="1292" VPOS="593" WIDTH="112" HEIGHT="39" WC="0.96" CONTENT="skydd"/><SP WIDTH="26" VPOS="593" HPOS="1404"/>
							<String ID="string_94" HPOS="1430" VPOS="592" WIDTH="64" HEIGHT="30" WC="0.93" CONTENT="och"/><SP WIDTH="24" VPOS="592" HPOS="1494"/>
							<String ID="string_95" HPOS="1518" VPOS="591" WIDTH="94" HEIGHT="30" WC="0.90" CONTENT="befo-"/>
						</TextLine>
						<TextLine ID="line_10" HPOS="110" VPOS="635" WIDTH="1502" HEIGHT="43">
							<String ID="string_96" HPOS="110" VPOS="639" WIDTH="136" HEIGHT="39" WC="0.91" CONTENT="genhet,"/><SP WIDTH="29" VPOS="639" HPOS="246"/>
							<String ID="string_97" HPOS="275" VPOS="639" WIDTH="209" HEIGHT="39" WC="0.96" CONTENT="exempelvis"/><SP WIDTH="29" VPOS="639" HPOS="484"/>
							<String ID="string_98" HPOS="513" VPOS="637" WIDTH="191" HEIGHT="30" WC="0.95" CONTENT="förordnad"/><SP WIDTH="28" VPOS="637" HPOS="704"/>
							<String ID="string_99" HPOS="732" VPOS="637" WIDTH="253" HEIGHT="39" WC="0.95" CONTENT="ordningsvakt"/><SP WIDTH="28" VPOS="637" HPOS="985"/>
							<String ID="string_100" HPOS="1013" VPOS="636" WIDTH="57" HEIGHT="30" WC="0.96" CONTENT="vid"/><SP WIDTH="28" VPOS="636" HPOS="1070"/>
							<String ID="string_101" HPOS="1098" VPOS="636" WIDTH="161" HEIGHT="39" WC="0.93" CONTENT="offentlig"/><SP WIDTH="28" VPOS="636" HPOS="1259"/>
							<String ID="string_102" HPOS="1287" VPOS="635" WIDTH="325" HEIGHT="40" WC="0.91" CONTENT="nöjestillställning"/>
						</TextLine>
						<TextLine ID="line_11" HPOS="110" VPOS="682" WIDTH="82" HEIGHT="29">
							<String ID="string_103" HPOS="110" VPOS="691" WIDTH="30" HEIGHT="20" WC="0.70" CONTENT="o."/><SP WIDTH="20" VPOS="691" HPOS="140"/>
							<String ID="string_104" HPOS="160" VPOS="682" WIDTH="32" HEIGHT="29" WC="0.91" CONTENT="d."/>
						</TextLine>
					</TextBlock>
				</ComposedBlock>
				<ComposedBlock ID="cblock_2" HPOS="111" VPOS="752" WIDTH="1505" HEIGHT="1248">
					<TextBlock ID="block_3" HPOS="111" VPOS="752" WIDTH="1505" HEIGHT="448">
						<TextLine ID="line_12" HPOS="153" VPOS="752" WIDTH="1461" HEIGHT="44">
							<String ID="string_105" HPOS="153" VPOS="756" WIDTH="155" HEIGHT="30" WC="0.93" CONTENT="Svenska"/><SP WIDTH="25" VPOS="756" HPOS="308"/>
							<String ID="string_106" HPOS="333" VPOS="755" WIDTH="282" HEIGHT="41" WC="0.92" CONTENT="polisförbundet"/><SP WIDTH="25" VPOS="755" HPOS="615"/>
							<String ID="string_107" HPOS="640" VPOS="754" WIDTH="205" HEIGHT="31" WC="0.96" CONTENT="framhåller"/><SP WIDTH="24" VPOS="754" HPOS="845"/>
							<String ID="string_108" HPOS="869" VPOS="757" WIDTH="51" HEIGHT="27" WC="0.96" CONTENT="att"/><SP WIDTH="23" VPOS="757" HPOS="920"/>
							<String ID="string_109" HPOS="943" VPOS="754" WIDTH="70" HEIGHT="30" WC="0.96" CONTENT="den"/><SP WIDTH="23" VPOS="754" HPOS="1013"/>
							<String ID="string_110" HPOS="1036" VPOS="755" WIDTH="11" HEIGHT="29" WC="0.96" CONTENT="i"/><SP WIDTH="25" VPOS="755" HPOS="1047"/>
							<String ID="string_111" HPOS="1072" VPOS="754" WIDTH="219" HEIGHT="30" WC="0.96" CONTENT="motionerna"/><SP WIDTH="24" VPOS="754" HPOS="1291"/>
							<String ID="string_112" HPOS="1315" VPOS="753" WIDTH="148" HEIGHT="30" WC="0.96" CONTENT="berörda"/><SP WIDTH="26" VPOS="753" HPOS="1463"/>
							<String ID="string_113" HPOS="1489" VPOS="752" WIDTH="125" HEIGHT="40" WC="0.96" CONTENT="frågan"/>
						</TextLine>
						<TextLine ID="line_13" HPOS="111" VPOS="803" WIDTH="1502" HEIGHT="44">
							<String ID="string_114" HPOS="111" VPOS="809" WIDTH="39" HEIGHT="28" WC="0.96" CONTENT="är"/><SP WIDTH="20" VPOS="809" HPOS="150"/>
							<String ID="string_115" HPOS="170" VPOS="817" WIDTH="43" HEIGHT="20" WC="0.96" CONTENT="en"/><SP WIDTH="21" VPOS="817" HPOS="213"/>
							<String ID="string_116" HPOS="234" VPOS="807" WIDTH="252" HEIGHT="40" WC="0.96" CONTENT="angelägenhet"/><SP WIDTH="19" VPOS="807" HPOS="486"/>
							<String ID="string_117" HPOS="505" VPOS="816" WIDTH="44" HEIGHT="20" WC="0.96" CONTENT="av"/><SP WIDTH="21" VPOS="816" HPOS="549"/>
							<String ID="string_118" HPOS="570" VPOS="808" WIDTH="72" HEIGHT="28" WC="0.96" CONTENT="stor"/><SP WIDTH="21" VPOS="808" HPOS="642"/>
							<String ID="string_119" HPOS="663" VPOS="806" WIDTH="74" HEIGHT="30" WC="0.96" CONTENT="vikt"/><SP WIDTH="21" VPOS="806" HPOS="737"/>
							<String ID="string_120" HPOS="758" VPOS="806" WIDTH="75" HEIGHT="29" WC="0.96" CONTENT="icke"/><SP WIDTH="21" VPOS="806" HPOS="833"/>
							<String ID="string_121" HPOS="854" VPOS="805" WIDTH="124" HEIGHT="30" WC="0.96" CONTENT="endast"/><SP WIDTH="21" VPOS="805" HPOS="978"/>
							<String ID="string_122" HPOS="999" VPOS="805" WIDTH="55" HEIGHT="30" WC="0.96" CONTENT="för"/><SP WIDTH="21" VPOS="805" HPOS="1054"/>
							<String ID="string_123" HPOS="1075" VPOS="805" WIDTH="246" HEIGHT="40" WC="0.95" CONTENT="polismännen"/><SP WIDTH="22" VPOS="805" HPOS="1321"/>
							<String ID="string_124" HPOS="1343" VPOS="806" WIDTH="86" HEIGHT="28" WC="0.96" CONTENT="utan"/><SP WIDTH="22" VPOS="806" HPOS="1429"/>
							<String ID="string_125" HPOS="1451" VPOS="805" WIDTH="87" HEIGHT="29" WC="0.96" CONTENT="även"/><SP WIDTH="22" VPOS="805" HPOS="1538"/>
							<String ID="string_126" HPOS="1560" VPOS="803" WIDTH="53" HEIGHT="30" WC="0.96" CONTENT="för"/>
						</TextLine>
						<TextLine ID="line_14" HPOS="112" VPOS="854" WIDTH="1503" HEIGHT="43">
							<String ID="string_127" HPOS="112" VPOS="858" WIDTH="184" HEIGHT="30" WC="0.71" CONTENT="samhället"/><SP WIDTH="20" VPOS="858" HPOS="296"/>
							<String ID="string_128" HPOS="316" VPOS="858" WIDTH="10" HEIGHT="29" WC="0.96" CONTENT="i"/><SP WIDTH="21" VPOS="858" HPOS="326"/>
							<String ID="string_129" HPOS="347" VPOS="858" WIDTH="123" HEIGHT="39" WC="0.96" CONTENT="övrigt."/><SP WIDTH="21" VPOS="858" HPOS="470"/>
							<String ID="string_130" HPOS="491" VPOS="857" WIDTH="191" HEIGHT="31" WC="0.96" CONTENT="Samhället"/><SP WIDTH="18" VPOS="857" HPOS="682"/>
							<String ID="string_131" HPOS="700" VPOS="857" WIDTH="74" HEIGHT="35" WC="0.93" CONTENT="har,"/><SP WIDTH="22" VPOS="857" HPOS="774"/>
							<String ID="string_132" HPOS="796" VPOS="856" WIDTH="140" HEIGHT="29" WC="0.91" CONTENT="anföres"/><SP WIDTH="21" VPOS="856" HPOS="936"/>
							<String ID="string_133" HPOS="957" VPOS="856" WIDTH="68" HEIGHT="34" WC="0.96" CONTENT="det,"/><SP WIDTH="19" VPOS="856" HPOS="1025"/>
							<String ID="string_134" HPOS="1044" VPOS="857" WIDTH="70" HEIGHT="29" WC="0.96" CONTENT="rätt"/><SP WIDTH="21" VPOS="857" HPOS="1114"/>
							<String ID="string_135" HPOS="1135" VPOS="857" WIDTH="50" HEIGHT="28" WC="0.96" CONTENT="att"/><SP WIDTH="22" VPOS="857" HPOS="1185"/>
							<String ID="string_136" HPOS="1207" VPOS="855" WIDTH="108" HEIGHT="30" WC="0.96" CONTENT="kräva"/><SP WIDTH="20" VPOS="855" HPOS="1315"/>
							<String ID="string_137" HPOS="1335" VPOS="856" WIDTH="51" HEIGHT="29" WC="0.93" CONTENT="att"/><SP WIDTH="20" VPOS="856" HPOS="1386"/>
							<String ID="string_138" HPOS="1406" VPOS="854" WIDTH="209" HEIGHT="41" WC="0.92" CONTENT="polisperso-"/>
						</TextLine>
						<TextLine ID="line_15" HPOS="111" VPOS="904" WIDTH="1505" HEIGHT="44">
							<String ID="string_139" HPOS="111" VPOS="909" WIDTH="104" HEIGHT="29" WC="0.90" CONTENT="nalen"/><SP WIDTH="18" VPOS="909" HPOS="215"/>
							<String ID="string_140" HPOS="233" VPOS="909" WIDTH="153" HEIGHT="39" WC="0.96" CONTENT="ingriper"/><SP WIDTH="20" VPOS="909" HPOS="386"/>
							<String ID="string_141" HPOS="406" VPOS="910" WIDTH="73" HEIGHT="28" WC="0.93" CONTENT="mot"/><SP WIDTH="18" VPOS="910" HPOS="479"/>
							<String ID="string_142" HPOS="497" VPOS="907" WIDTH="194" HEIGHT="34" WC="0.92" CONTENT="våldsmän,"/><SP WIDTH="21" VPOS="907" HPOS="691"/>
							<String ID="string_143" HPOS="712" VPOS="916" WIDTH="74" HEIGHT="20" WC="0.96" CONTENT="som"/><SP WIDTH="18" VPOS="916" HPOS="786"/>
							<String ID="string_144" HPOS="804" VPOS="906" WIDTH="75" HEIGHT="30" WC="0.96" CONTENT="ofta"/><SP WIDTH="20" VPOS="906" HPOS="879"/>
							<String ID="string_145" HPOS="899" VPOS="908" WIDTH="38" HEIGHT="28" WC="0.96" CONTENT="är"/><SP WIDTH="19" VPOS="908" HPOS="937"/>
							<String ID="string_146" HPOS="956" VPOS="906" WIDTH="165" HEIGHT="30" WC="0.96" CONTENT="försedda"/><SP WIDTH="17" VPOS="906" HPOS="1121"/>
							<String ID="string_147" HPOS="1138" VPOS="906" WIDTH="81" HEIGHT="29" WC="0.96" CONTENT="med"/><SP WIDTH="20" VPOS="906" HPOS="1219"/>
							<String ID="string_148" HPOS="1239" VPOS="906" WIDTH="214" HEIGHT="39" WC="0.96" CONTENT="skjutvapen"/><SP WIDTH="18" VPOS="906" HPOS="1453"/>
							<String ID="string_149" HPOS="1471" VPOS="905" WIDTH="65" HEIGHT="29" WC="0.93" CONTENT="och"/><SP WIDTH="19" VPOS="905" HPOS="1536"/>
							<String ID="string_150" HPOS="1555" VPOS="904" WIDTH="61" HEIGHT="40" WC="0.92" CONTENT="dy-"/>
						</TextLine>
						<TextLine ID="line_16" HPOS="112" VPOS="955" WIDTH="1502" HEIGHT="40">
							<String ID="string_151" HPOS="112" VPOS="959" WIDTH="80" HEIGHT="36" WC="0.96" CONTENT="likt;"/><SP WIDTH="19" VPOS="959" HPOS="192"/>
							<String ID="string_152" HPOS="211" VPOS="961" WIDTH="73" HEIGHT="27" WC="0.96" CONTENT="mot"/><SP WIDTH="18" VPOS="961" HPOS="284"/>
							<String ID="string_153" HPOS="302" VPOS="959" WIDTH="115" HEIGHT="29" WC="0.96" CONTENT="denna"/><SP WIDTH="16" VPOS="959" HPOS="417"/>
							<String ID="string_154" HPOS="433" VPOS="959" WIDTH="71" HEIGHT="29" WC="0.96" CONTENT="rätt"/><SP WIDTH="18" VPOS="959" HPOS="504"/>
							<String ID="string_155" HPOS="522" VPOS="958" WIDTH="55" HEIGHT="30" WC="0.96" CONTENT="för"/><SP WIDTH="18" VPOS="958" HPOS="577"/>
							<String ID="string_156" HPOS="595" VPOS="958" WIDTH="184" HEIGHT="29" WC="0.96" CONTENT="samhället"/><SP WIDTH="17" VPOS="958" HPOS="779"/>
							<String ID="string_157" HPOS="796" VPOS="957" WIDTH="111" HEIGHT="30" WC="0.96" CONTENT="måste"/><SP WIDTH="19" VPOS="957" HPOS="907"/>
							<String ID="string_158" HPOS="926" VPOS="956" WIDTH="107" HEIGHT="30" WC="0.96" CONTENT="också"/><SP WIDTH="17" VPOS="956" HPOS="1033"/>
							<String ID="string_159" HPOS="1050" VPOS="966" WIDTH="101" HEIGHT="20" WC="0.96" CONTENT="svara"/><SP WIDTH="17" VPOS="966" HPOS="1151"/>
							<String ID="string_160" HPOS="1168" VPOS="966" WIDTH="43" HEIGHT="21" WC="0.96" CONTENT="en"/><SP WIDTH="20" VPOS="966" HPOS="1211"/>
							<String ID="string_161" HPOS="1231" VPOS="956" WIDTH="198" HEIGHT="39" WC="0.96" CONTENT="skyldighet"/><SP WIDTH="18" VPOS="956" HPOS="1429"/>
							<String ID="string_162" HPOS="1447" VPOS="955" WIDTH="55" HEIGHT="30" WC="0.96" CONTENT="för"/><SP WIDTH="18" VPOS="955" HPOS="1502"/>
							<String ID="string_163" HPOS="1520" VPOS="955" WIDTH="94" HEIGHT="30" WC="0.96" CONTENT="detta"/>
						</TextLine>
						<TextLine ID="line_17" HPOS="112" VPOS="1006" WIDTH="1502" HEIGHT="43">
							<String ID="string_164" HPOS="112" VPOS="1012" WIDTH="49" HEIGHT="27" WC="0.96" CONTENT="att"/><SP WIDTH="21" VPOS="1012" HPOS="161"/>
							<String ID="string_165" HPOS="182" VPOS="1011" WIDTH="185" HEIGHT="38" WC="0.96" CONTENT="garantera"/><SP WIDTH="17" VPOS="1011" HPOS="367"/>
							<String ID="string_166" HPOS="384" VPOS="1010" WIDTH="133" HEIGHT="29" WC="0.96" CONTENT="största"/><SP WIDTH="19" VPOS="1010" HPOS="517"/>
							<String ID="string_167" HPOS="536" VPOS="1008" WIDTH="146" HEIGHT="39" WC="0.96" CONTENT="möjliga"/><SP WIDTH="18" VPOS="1008" HPOS="682"/>
							<String ID="string_168" HPOS="700" VPOS="1007" WIDTH="115" HEIGHT="41" WC="0.96" CONTENT="skydd"/><SP WIDTH="21" VPOS="1007" HPOS="815"/>
							<String ID="string_169" HPOS="836" VPOS="1007" WIDTH="35" HEIGHT="30" WC="0.96" CONTENT="åt"/><SP WIDTH="21" VPOS="1007" HPOS="871"/>
							<String ID="string_170" HPOS="892" VPOS="1007" WIDTH="68" HEIGHT="30" WC="0.93" CONTENT="den"/><SP WIDTH="20" VPOS="1007" HPOS="960"/>
							<String ID="string_171" HPOS="980" VPOS="1007" WIDTH="452" HEIGHT="40" WC="0.90" CONTENT="befattningshavargrupp,"/><SP WIDTH="23" VPOS="1007" HPOS="1432"/>
							<String ID="string_172" HPOS="1455" VPOS="1015" WIDTH="75" HEIGHT="21" WC="0.96" CONTENT="som"/><SP WIDTH="20" VPOS="1015" HPOS="1530"/>
							<String ID="string_173" HPOS="1550" VPOS="1006" WIDTH="64" HEIGHT="29" WC="0.96" CONTENT="har"/>
						</TextLine>
						<TextLine ID="line_18" HPOS="112" VPOS="1057" WIDTH="1503" HEIGHT="42">
							<String ID="string_174" HPOS="112" VPOS="1062" WIDTH="49" HEIGHT="28" WC="0.96" CONTENT="att"/><SP WIDTH="23" VPOS="1062" HPOS="161"/>
							<String ID="string_175" HPOS="184" VPOS="1060" WIDTH="149" HEIGHT="39" WC="0.96" CONTENT="fullgöra"/><SP WIDTH="23" VPOS="1060" HPOS="333"/>
							<String ID="string_176" HPOS="356" VPOS="1059" WIDTH="133" HEIGHT="30" WC="0.93" CONTENT="sådana"/><SP WIDTH="21" VPOS="1059" HPOS="489"/>
							<String ID="string_177" HPOS="510" VPOS="1058" WIDTH="320" HEIGHT="41" WC="0.89" CONTENT="tjänsteuppgifter."/><SP WIDTH="22" VPOS="1058" HPOS="830"/>
							<String ID="string_178" HPOS="852" VPOS="1057" WIDTH="202" HEIGHT="31" WC="0.96" CONTENT="Förbundet"/><SP WIDTH="22" VPOS="1057" HPOS="1054"/>
							<String ID="string_179" HPOS="1076" VPOS="1057" WIDTH="251" HEIGHT="40" WC="0.96" CONTENT="understryker"/><SP WIDTH="22" VPOS="1057" HPOS="1327"/>
							<String ID="string_180" HPOS="1349" VPOS="1059" WIDTH="50" HEIGHT="28" WC="0.93" CONTENT="att"/><SP WIDTH="22" VPOS="1059" HPOS="1399"/>
							<String ID="string_181" HPOS="1421" VPOS="1057" WIDTH="194" HEIGHT="40" WC="0.91" CONTENT="polismans"/>
						</TextLine>
						<TextLine ID="line_19" HPOS="111" VPOS="1106" WIDTH="1505" HEIGHT="44">
							<String ID="string_182" HPOS="111" VPOS="1111" WIDTH="223" HEIGHT="39" WC="0.96" CONTENT="möjligheter"/><SP WIDTH="18" VPOS="1111" HPOS="334"/>
							<String ID="string_183" HPOS="352" VPOS="1112" WIDTH="50" HEIGHT="28" WC="0.93" CONTENT="att"/><SP WIDTH="18" VPOS="1112" HPOS="402"/>
							<String ID="string_184" HPOS="420" VPOS="1109" WIDTH="79" HEIGHT="31" WC="0.92" CONTENT="utfå"/><SP WIDTH="18" VPOS="1109" HPOS="499"/>
							<String ID="string_185" HPOS="517" VPOS="1109" WIDTH="224" HEIGHT="34" WC="0.96" CONTENT="skadestånd,"/><SP WIDTH="20" VPOS="1109" HPOS="741"/>
							<String ID="string_186" HPOS="761" VPOS="1117" WIDTH="74" HEIGHT="21" WC="0.93" CONTENT="som"/><SP WIDTH="18" VPOS="1117" HPOS="835"/>
							<String ID="string_187" HPOS="853" VPOS="1108" WIDTH="171" HEIGHT="30" WC="0.92" CONTENT="tilldömts"/><SP WIDTH="17" VPOS="1108" HPOS="1024"/>
							<String ID="string_188" HPOS="1041" VPOS="1108" WIDTH="130" HEIGHT="29" WC="0.95" CONTENT="honom"/><SP WIDTH="19" VPOS="1108" HPOS="1171"/>
							<String ID="string_189" HPOS="1190" VPOS="1107" WIDTH="55" HEIGHT="30" WC="0.95" CONTENT="för"/><SP WIDTH="17" VPOS="1107" HPOS="1245"/>
							<String ID="string_190" HPOS="1262" VPOS="1107" WIDTH="105" HEIGHT="30" WC="0.96" CONTENT="sveda"/><SP WIDTH="18" VPOS="1107" HPOS="1367"/>
							<String ID="string_191" HPOS="1385" VPOS="1107" WIDTH="64" HEIGHT="30" WC="0.96" CONTENT="och"/><SP WIDTH="17" VPOS="1107" HPOS="1449"/>
							<String ID="string_192" HPOS="1466" VPOS="1107" WIDTH="87" HEIGHT="30" WC="0.96" CONTENT="värk"/><SP WIDTH="17" VPOS="1107" HPOS="1553"/>
							<String ID="string_193" HPOS="1570" VPOS="1106" WIDTH="46" HEIGHT="41" WC="0.96" CONTENT="på"/>
						</TextLine>
						<TextLine ID="line_20" HPOS="112" VPOS="1158" WIDTH="1461" HEIGHT="42">
							<String ID="string_194" HPOS="112" VPOS="1161" WIDTH="113" HEIGHT="39" WC="0.96" CONTENT="grund"/><SP WIDTH="18" VPOS="1161" HPOS="225"/>
							<String ID="string_195" HPOS="243" VPOS="1170" WIDTH="45" HEIGHT="21" WC="0.96" CONTENT="av"/><SP WIDTH="17" VPOS="1170" HPOS="288"/>
							<String ID="string_196" HPOS="305" VPOS="1161" WIDTH="163" HEIGHT="39" WC="0.95" CONTENT="brottslig"/><SP WIDTH="19" VPOS="1161" HPOS="468"/>
							<String ID="string_197" HPOS="487" VPOS="1160" WIDTH="157" HEIGHT="40" WC="0.96" CONTENT="gärning,"/><SP WIDTH="20" VPOS="1160" HPOS="644"/>
							<String ID="string_198" HPOS="664" VPOS="1160" WIDTH="77" HEIGHT="30" WC="0.96" CONTENT="icke"/><SP WIDTH="19" VPOS="1160" HPOS="741"/>
							<String ID="string_199" HPOS="760" VPOS="1160" WIDTH="38" HEIGHT="29" WC="0.96" CONTENT="är"/><SP WIDTH="18" VPOS="1160" HPOS="798"/>
							<String ID="string_200" HPOS="816" VPOS="1159" WIDTH="178" HEIGHT="39" WC="0.96" CONTENT="reglerade"/><SP WIDTH="19" VPOS="1159" HPOS="994"/>
							<String ID="string_201" HPOS="1013" VPOS="1158" WIDTH="46" HEIGHT="41" WC="0.96" CONTENT="på"/><SP WIDTH="19" VPOS="1158" HPOS="1059"/>
							<String ID="string_202" HPOS="1078" VPOS="1160" WIDTH="48" HEIGHT="28" WC="0.93" CONTENT="ett"/><SP WIDTH="18" VPOS="1160" HPOS="1126"/>
							<String ID="string_203" HPOS="1144" VPOS="1158" WIDTH="329" HEIGHT="30" WC="0.92" CONTENT="tillfredsställande"/><SP WIDTH="21" VPOS="1158" HPOS="1473"/>
							<String ID="string_204" HPOS="1494" VPOS="1159" WIDTH="79" HEIGHT="29" WC="0.96" CONTENT="sätt."/>
						</TextLine>
					</TextBlock>
					<TextBlock ID="block_4" HPOS="111" VPOS="1207" WIDTH="1504" HEIGHT="136">
						<TextLine ID="line_21" HPOS="158" VPOS="1207" WIDTH="1457" HEIGHT="43">
							<String ID="string_205" HPOS="158" VPOS="1212" WIDTH="140" HEIGHT="30" WC="0.95" CONTENT="Samma"/><SP WIDTH="18" VPOS="1212" HPOS="298"/>
							<String ID="string_206" HPOS="316" VPOS="1211" WIDTH="200" HEIGHT="39" WC="0.96" CONTENT="tankegång"/><SP WIDTH="19" VPOS="1211" HPOS="516"/>
							<String ID="string_207" HPOS="535" VPOS="1211" WIDTH="159" HEIGHT="29" WC="0.96" CONTENT="kommer"/><SP WIDTH="19" VPOS="1211" HPOS="694"/>
							<String ID="string_208" HPOS="713" VPOS="1210" WIDTH="52" HEIGHT="30" WC="0.96" CONTENT="till"/><SP WIDTH="20" VPOS="1210" HPOS="765"/>
							<String ID="string_209" HPOS="785" VPOS="1218" WIDTH="102" HEIGHT="31" WC="0.96" CONTENT="synes"/><SP WIDTH="20" VPOS="1218" HPOS="887"/>
							<String ID="string_210" HPOS="907" VPOS="1210" WIDTH="10" HEIGHT="29" WC="0.96" CONTENT="i"/><SP WIDTH="19" VPOS="1210" HPOS="917"/>
							<String ID="string_211" HPOS="936" VPOS="1209" WIDTH="219" HEIGHT="39" WC="0.96" CONTENT="Föreningen"/><SP WIDTH="19" VPOS="1209" HPOS="1155"/>
							<String ID="string_212" HPOS="1174" VPOS="1209" WIDTH="157" HEIGHT="39" WC="0.92" CONTENT="Sveriges"/><SP WIDTH="19" VPOS="1209" HPOS="1331"/>
							<String ID="string_213" HPOS="1350" VPOS="1207" WIDTH="265" HEIGHT="41" WC="0.90" CONTENT="polismästares"/>
						</TextLine>
						<TextLine ID="line_22" HPOS="111" VPOS="1258" WIDTH="1504" HEIGHT="44">
							<String ID="string_214" HPOS="111" VPOS="1263" WIDTH="173" HEIGHT="39" WC="0.96" CONTENT="yttrande,"/><SP WIDTH="21" VPOS="1263" HPOS="284"/>
							<String ID="string_215" HPOS="305" VPOS="1262" WIDTH="75" HEIGHT="30" WC="0.96" CONTENT="vari"/><SP WIDTH="20" VPOS="1262" HPOS="380"/>
							<String ID="string_216" HPOS="400" VPOS="1262" WIDTH="91" HEIGHT="29" WC="0.96" CONTENT="efter"/><SP WIDTH="19" VPOS="1262" HPOS="491"/>
							<String ID="string_217" HPOS="510" VPOS="1271" WIDTH="46" HEIGHT="20" WC="0.96" CONTENT="en"/><SP WIDTH="19" VPOS="1271" HPOS="556"/>
							<String ID="string_218" HPOS="575" VPOS="1261" WIDTH="218" HEIGHT="39" WC="0.96" CONTENT="redogörelse"/><SP WIDTH="22" VPOS="1261" HPOS="793"/>
							<String ID="string_219" HPOS="815" VPOS="1260" WIDTH="55" HEIGHT="30" WC="0.93" CONTENT="för"/><SP WIDTH="20" VPOS="1260" HPOS="870"/>
							<String ID="string_220" HPOS="890" VPOS="1259" WIDTH="332" HEIGHT="40" WC="0.92" CONTENT="ersättningsrätten"/><SP WIDTH="23" VPOS="1259" HPOS="1222"/>
							<String ID="string_221" HPOS="1245" VPOS="1260" WIDTH="107" HEIGHT="38" WC="0.96" CONTENT="enligt"/><SP WIDTH="24" VPOS="1260" HPOS="1352"/>
							<String ID="string_222" HPOS="1376" VPOS="1259" WIDTH="82" HEIGHT="30" WC="0.96" CONTENT="1925"/><SP WIDTH="24" VPOS="1259" HPOS="1458"/>
							<String ID="string_223" HPOS="1482" VPOS="1258" WIDTH="56" HEIGHT="31" WC="0.96" CONTENT="års"/><SP WIDTH="21" VPOS="1258" HPOS="1538"/>
							<String ID="string_224" HPOS="1559" VPOS="1259" WIDTH="56" HEIGHT="39" WC="0.96" CONTENT="lag"/>
						</TextLine>
						<TextLine ID="line_23" HPOS="113" VPOS="1313" WIDTH="156" HEIGHT="30">
							<String ID="string_225" HPOS="113" VPOS="1313" WIDTH="156" HEIGHT="30" WC="0.89" CONTENT="anföres:"/>
						</TextLine>
					</TextBlock>
					<TextBlock ID="block_5" HPOS="112" VPOS="1368" WIDTH="1504" HEIGHT="339">
						<TextLine ID="line_24" HPOS="152" VPOS="1368" WIDTH="1462" HEIGHT="42">
							<String ID="string_226" HPOS="152" VPOS="1372" WIDTH="70" HEIGHT="29" WC="0.96" CONTENT="När"/><SP WIDTH="25" VPOS="1372" HPOS="222"/>
							<String ID="string_227" HPOS="247" VPOS="1371" WIDTH="222" HEIGHT="39" WC="0.95" CONTENT="lagstiftaren"/><SP WIDTH="26" VPOS="1371" HPOS="469"/>
							<String ID="string_228" HPOS="495" VPOS="1379" WIDTH="123" HEIGHT="31" WC="0.96" CONTENT="genom"/><SP WIDTH="27" VPOS="1379" HPOS="618"/>
							<String ID="string_229" HPOS="645" VPOS="1369" WIDTH="267" HEIGHT="40" WC="0.96" CONTENT="ifrågavarande"/><SP WIDTH="27" VPOS="1369" HPOS="912"/>
							<String ID="string_230" HPOS="939" VPOS="1369" WIDTH="210" HEIGHT="39" WC="0.96" CONTENT="författning"/><SP WIDTH="26" VPOS="1369" HPOS="1149"/>
							<String ID="string_231" HPOS="1175" VPOS="1369" WIDTH="85" HEIGHT="38" WC="0.95" CONTENT="tagit"/><SP WIDTH="26" VPOS="1369" HPOS="1260"/>
							<String ID="string_232" HPOS="1286" VPOS="1378" WIDTH="71" HEIGHT="30" WC="0.96" CONTENT="upp"/><SP WIDTH="27" VPOS="1378" HPOS="1357"/>
							<String ID="string_233" HPOS="1384" VPOS="1369" WIDTH="51" HEIGHT="29" WC="0.95" CONTENT="till"/><SP WIDTH="28" VPOS="1369" HPOS="1435"/>
							<String ID="string_234" HPOS="1463" VPOS="1368" WIDTH="151" HEIGHT="30" WC="0.96" CONTENT="särskild"/>
						</TextLine>
						<TextLine ID="line_25" HPOS="113" VPOS="1411" WIDTH="1502" HEIGHT="41">
							<String ID="string_235" HPOS="113" VPOS="1414" WIDTH="211" HEIGHT="38" WC="0.96" CONTENT="behandling"/><SP WIDTH="19" VPOS="1414" HPOS="324"/>
							<String ID="string_236" HPOS="343" VPOS="1413" WIDTH="124" HEIGHT="39" WC="0.96" CONTENT="frågan"/><SP WIDTH="19" VPOS="1413" HPOS="467"/>
							<String ID="string_237" HPOS="486" VPOS="1422" WIDTH="56" HEIGHT="20" WC="0.93" CONTENT="om"/><SP WIDTH="18" VPOS="1422" HPOS="542"/>
							<String ID="string_238" HPOS="560" VPOS="1412" WIDTH="193" HEIGHT="40" WC="0.91" CONTENT="polismans"/><SP WIDTH="20" VPOS="1412" HPOS="753"/>
							<String ID="string_239" HPOS="773" VPOS="1413" WIDTH="68" HEIGHT="28" WC="0.95" CONTENT="rätt"/><SP WIDTH="20" VPOS="1413" HPOS="841"/>
							<String ID="string_240" HPOS="861" VPOS="1412" WIDTH="51" HEIGHT="28" WC="0.95" CONTENT="till"/><SP WIDTH="20" VPOS="1412" HPOS="912"/>
							<String ID="string_241" HPOS="932" VPOS="1412" WIDTH="194" HEIGHT="38" WC="0.96" CONTENT="ersättning"/><SP WIDTH="19" VPOS="1412" HPOS="1126"/>
							<String ID="string_242" HPOS="1145" VPOS="1412" WIDTH="9" HEIGHT="28" WC="0.96" CONTENT="i"/><SP WIDTH="19" VPOS="1412" HPOS="1154"/>
							<String ID="string_243" HPOS="1173" VPOS="1412" WIDTH="85" HEIGHT="28" WC="0.96" CONTENT="visst"/><SP WIDTH="19" VPOS="1412" HPOS="1258"/>
							<String ID="string_244" HPOS="1277" VPOS="1411" WIDTH="181" HEIGHT="33" WC="0.96" CONTENT="avseende,"/><SP WIDTH="18" VPOS="1411" HPOS="1458"/>
							<String ID="string_245" HPOS="1476" VPOS="1411" WIDTH="64" HEIGHT="28" WC="0.96" CONTENT="har"/><SP WIDTH="17" VPOS="1411" HPOS="1540"/>
							<String ID="string_246" HPOS="1557" VPOS="1411" WIDTH="58" HEIGHT="29" WC="0.96" CONTENT="det"/>
						</TextLine>
						<TextLine ID="line_26" HPOS="113" VPOS="1453" WIDTH="1503" HEIGHT="42">
							<String ID="string_247" HPOS="113" VPOS="1456" WIDTH="153" HEIGHT="39" WC="0.96" CONTENT="tydligen"/><SP WIDTH="20" VPOS="1456" HPOS="266"/>
							<String ID="string_248" HPOS="286" VPOS="1456" WIDTH="91" HEIGHT="29" WC="0.96" CONTENT="skett"/><SP WIDTH="18" VPOS="1456" HPOS="377"/>
							<String ID="string_249" HPOS="395" VPOS="1455" WIDTH="80" HEIGHT="30" WC="0.96" CONTENT="med"/><SP WIDTH="19" VPOS="1455" HPOS="475"/>
							<String ID="string_250" HPOS="494" VPOS="1455" WIDTH="195" HEIGHT="29" WC="0.95" CONTENT="beaktande"/><SP WIDTH="20" VPOS="1455" HPOS="689"/>
							<String ID="string_251" HPOS="709" VPOS="1464" WIDTH="42" HEIGHT="19" WC="0.96" CONTENT="av"/><SP WIDTH="18" VPOS="1464" HPOS="751"/>
							<String ID="string_252" HPOS="769" VPOS="1454" WIDTH="66" HEIGHT="29" WC="0.96" CONTENT="den"/><SP WIDTH="20" VPOS="1454" HPOS="835"/>
							<String ID="string_253" HPOS="855" VPOS="1454" WIDTH="226" HEIGHT="38" WC="0.95" CONTENT="särställning"/><SP WIDTH="18" VPOS="1454" HPOS="1081"/>
							<String ID="string_254" HPOS="1099" VPOS="1454" WIDTH="245" HEIGHT="38" WC="0.93" CONTENT="polismannen"/><SP WIDTH="18" VPOS="1454" HPOS="1344"/>
							<String ID="string_255" HPOS="1362" VPOS="1453" WIDTH="136" HEIGHT="39" WC="0.91" CONTENT="intager"/><SP WIDTH="18" VPOS="1453" HPOS="1498"/>
							<String ID="string_256" HPOS="1516" VPOS="1453" WIDTH="11" HEIGHT="28" WC="0.93" CONTENT="i"/><SP WIDTH="19" VPOS="1453" HPOS="1527"/>
							<String ID="string_257" HPOS="1546" VPOS="1453" WIDTH="70" HEIGHT="29" WC="0.93" CONTENT="för-"/>
						</TextLine>
						<TextLine ID="line_27" HPOS="112" VPOS="1495" WIDTH="1503" HEIGHT="40">
							<String ID="string_258" HPOS="112" VPOS="1498" WIDTH="163" HEIGHT="30" WC="0.96" CONTENT="hållande"/><SP WIDTH="20" VPOS="1498" HPOS="275"/>
							<String ID="string_259" HPOS="295" VPOS="1498" WIDTH="51" HEIGHT="29" WC="0.96" CONTENT="till"/><SP WIDTH="20" VPOS="1498" HPOS="346"/>
							<String ID="string_260" HPOS="366" VPOS="1497" WIDTH="111" HEIGHT="29" WC="0.96" CONTENT="andra"/><SP WIDTH="19" VPOS="1497" HPOS="477"/>
							<String ID="string_261" HPOS="496" VPOS="1497" WIDTH="226" HEIGHT="38" WC="0.96" CONTENT="medborgare"/><SP WIDTH="18" VPOS="1497" HPOS="722"/>
							<String ID="string_262" HPOS="740" VPOS="1496" WIDTH="79" HEIGHT="29" WC="0.95" CONTENT="med"/><SP WIDTH="18" VPOS="1496" HPOS="819"/>
							<String ID="string_263" HPOS="837" VPOS="1496" WIDTH="138" HEIGHT="39" WC="0.95" CONTENT="hänsyn"/><SP WIDTH="19" VPOS="1496" HPOS="975"/>
							<String ID="string_264" HPOS="994" VPOS="1496" WIDTH="51" HEIGHT="28" WC="0.94" CONTENT="till"/><SP WIDTH="22" VPOS="1496" HPOS="1045"/>
							<String ID="string_265" HPOS="1067" VPOS="1495" WIDTH="53" HEIGHT="29" WC="0.97" CONTENT="sin"/><SP WIDTH="19" VPOS="1495" HPOS="1120"/>
							<String ID="string_266" HPOS="1139" VPOS="1495" WIDTH="197" HEIGHT="40" WC="0.95" CONTENT="skyldighet"/><SP WIDTH="20" VPOS="1495" HPOS="1336"/>
							<String ID="string_267" HPOS="1356" VPOS="1497" WIDTH="60" HEIGHT="32" WC="0.96" CONTENT="att,"/><SP WIDTH="20" VPOS="1497" HPOS="1416"/>
							<String ID="string_268" HPOS="1436" VPOS="1497" WIDTH="86" HEIGHT="27" WC="0.93" CONTENT="utan"/><SP WIDTH="19" VPOS="1497" HPOS="1522"/>
							<String ID="string_269" HPOS="1541" VPOS="1495" WIDTH="74" HEIGHT="29" WC="0.92" CONTENT="akt-"/>
						</TextLine>
						<TextLine ID="line_28" HPOS="113" VPOS="1537" WIDTH="1501" HEIGHT="42">
							<String ID="string_270" HPOS="113" VPOS="1540" WIDTH="146" HEIGHT="39" WC="0.96" CONTENT="givande"/><SP WIDTH="20" VPOS="1540" HPOS="259"/>
							<String ID="string_271" HPOS="279" VPOS="1540" WIDTH="44" HEIGHT="39" WC="0.96" CONTENT="på"/><SP WIDTH="19" VPOS="1540" HPOS="323"/>
							<String ID="string_272" HPOS="342" VPOS="1548" WIDTH="86" HEIGHT="30" WC="0.95" CONTENT="egen"/><SP WIDTH="19" VPOS="1548" HPOS="428"/>
							<String ID="string_273" HPOS="447" VPOS="1539" WIDTH="85" HEIGHT="33" WC="0.96" CONTENT="risk,"/><SP WIDTH="19" VPOS="1539" HPOS="532"/>
							<String ID="string_274" HPOS="551" VPOS="1548" WIDTH="83" HEIGHT="20" WC="0.96" CONTENT="vara"/><SP WIDTH="19" VPOS="1548" HPOS="634"/>
							<String ID="string_275" HPOS="653" VPOS="1539" WIDTH="163" HEIGHT="28" WC="0.95" CONTENT="verksam"/><SP WIDTH="19" VPOS="1539" HPOS="816"/>
							<String ID="string_276" HPOS="835" VPOS="1538" WIDTH="51" HEIGHT="29" WC="0.95" CONTENT="till"/><SP WIDTH="22" VPOS="1538" HPOS="886"/>
							<String ID="string_277" HPOS="908" VPOS="1538" WIDTH="112" HEIGHT="39" WC="0.96" CONTENT="skydd"/><SP WIDTH="21" VPOS="1538" HPOS="1020"/>
							<String ID="string_278" HPOS="1041" VPOS="1538" WIDTH="53" HEIGHT="29" WC="0.96" CONTENT="för"/><SP WIDTH="21" VPOS="1538" HPOS="1094"/>
							<String ID="string_279" HPOS="1115" VPOS="1538" WIDTH="130" HEIGHT="29" WC="0.95" CONTENT="allmän"/><SP WIDTH="21" VPOS="1538" HPOS="1245"/>
							<String ID="string_280" HPOS="1266" VPOS="1538" WIDTH="172" HEIGHT="29" WC="0.92" CONTENT="säkerhet."/><SP WIDTH="21" VPOS="1538" HPOS="1438"/>
							<String ID="string_281" HPOS="1459" VPOS="1537" WIDTH="25" HEIGHT="29" WC="0.92" CONTENT="Å"/><SP WIDTH="21" VPOS="1537" HPOS="1484"/>
							<String ID="string_282" HPOS="1505" VPOS="1537" WIDTH="109" HEIGHT="29" WC="0.96" CONTENT="andra"/>
						</TextLine>
						<TextLine ID="line_29" HPOS="114" VPOS="1580" WIDTH="1501" HEIGHT="40">
							<String ID="string_283" HPOS="114" VPOS="1583" WIDTH="100" HEIGHT="28" WC="0.96" CONTENT="sidan"/><SP WIDTH="22" VPOS="1583" HPOS="214"/>
							<String ID="string_284" HPOS="236" VPOS="1582" WIDTH="96" HEIGHT="30" WC="0.96" CONTENT="torde"/><SP WIDTH="24" VPOS="1582" HPOS="332"/>
							<String ID="string_285" HPOS="356" VPOS="1591" WIDTH="82" HEIGHT="19" WC="0.96" CONTENT="man"/><SP WIDTH="22" VPOS="1591" HPOS="438"/>
							<String ID="string_286" HPOS="460" VPOS="1582" WIDTH="46" HEIGHT="28" WC="0.96" CONTENT="ha"/><SP WIDTH="21" VPOS="1582" HPOS="506"/>
							<String ID="string_287" HPOS="527" VPOS="1581" WIDTH="76" HEIGHT="29" WC="0.96" CONTENT="haft"/><SP WIDTH="23" VPOS="1581" HPOS="603"/>
							<String ID="string_288" HPOS="626" VPOS="1580" WIDTH="361" HEIGHT="40" WC="0.96" CONTENT="uppmärksamheten"/><SP WIDTH="21" VPOS="1580" HPOS="987"/>
							<String ID="string_289" HPOS="1008" VPOS="1580" WIDTH="116" HEIGHT="29" WC="0.96" CONTENT="riktad"/><SP WIDTH="22" VPOS="1580" HPOS="1124"/>
							<String ID="string_290" HPOS="1146" VPOS="1580" WIDTH="44" HEIGHT="39" WC="0.96" CONTENT="på"/><SP WIDTH="22" VPOS="1580" HPOS="1190"/>
							<String ID="string_291" HPOS="1212" VPOS="1581" WIDTH="56" HEIGHT="28" WC="0.96" CONTENT="det"/><SP WIDTH="23" VPOS="1581" HPOS="1268"/>
							<String ID="string_292" HPOS="1291" VPOS="1580" WIDTH="179" HEIGHT="29" WC="0.93" CONTENT="allmänna"/><SP WIDTH="21" VPOS="1580" HPOS="1470"/>
							<String ID="string_293" HPOS="1491" VPOS="1580" WIDTH="124" HEIGHT="29" WC="0.92" CONTENT="intres-"/>
						</TextLine>
						<TextLine ID="line_30" HPOS="115" VPOS="1622" WIDTH="1501" HEIGHT="40">
							<String ID="string_294" HPOS="115" VPOS="1627" WIDTH="50" HEIGHT="27" WC="0.96" CONTENT="set"/><SP WIDTH="22" VPOS="1627" HPOS="165"/>
							<String ID="string_295" HPOS="187" VPOS="1634" WIDTH="41" HEIGHT="19" WC="0.96" CONTENT="av"/><SP WIDTH="23" VPOS="1634" HPOS="228"/>
							<String ID="string_296" HPOS="251" VPOS="1627" WIDTH="49" HEIGHT="26" WC="0.96" CONTENT="att"/><SP WIDTH="21" VPOS="1627" HPOS="300"/>
							<String ID="string_297" HPOS="321" VPOS="1624" WIDTH="75" HEIGHT="30" WC="0.96" CONTENT="icke"/><SP WIDTH="23" VPOS="1624" HPOS="396"/>
							<String ID="string_298" HPOS="419" VPOS="1632" WIDTH="124" HEIGHT="30" WC="0.96" CONTENT="genom"/><SP WIDTH="22" VPOS="1632" HPOS="543"/>
							<String ID="string_299" HPOS="565" VPOS="1624" WIDTH="101" HEIGHT="37" WC="0.96" CONTENT="lagen"/><SP WIDTH="21" VPOS="1624" HPOS="666"/>
							<String ID="string_300" HPOS="687" VPOS="1622" WIDTH="112" HEIGHT="39" WC="0.96" CONTENT="ifråga"/><SP WIDTH="21" VPOS="1622" HPOS="799"/>
							<String ID="string_301" HPOS="820" VPOS="1622" WIDTH="107" HEIGHT="29" WC="0.96" CONTENT="binda"/><SP WIDTH="22" VPOS="1622" HPOS="927"/>
							<String ID="string_302" HPOS="949" VPOS="1623" WIDTH="275" HEIGHT="29" WC="0.96" CONTENT="statsmakterna"/><SP WIDTH="19" VPOS="1623" HPOS="1224"/>
							<String ID="string_303" HPOS="1243" VPOS="1622" WIDTH="58" HEIGHT="29" WC="0.96" CONTENT="vid"/><SP WIDTH="22" VPOS="1622" HPOS="1301"/>
							<String ID="string_304" HPOS="1323" VPOS="1631" WIDTH="43" HEIGHT="20" WC="0.93" CONTENT="en"/><SP WIDTH="22" VPOS="1631" HPOS="1366"/>
							<String ID="string_305" HPOS="1388" VPOS="1623" WIDTH="228" HEIGHT="38" WC="0.91" CONTENT="ersättnings-"/>
						</TextLine>
						<TextLine ID="line_31" HPOS="114" VPOS="1664" WIDTH="1501" HEIGHT="43">
							<String ID="string_306" HPOS="114" VPOS="1667" WIDTH="89" HEIGHT="40" WC="0.96" CONTENT="plikt"/><SP WIDTH="20" VPOS="1667" HPOS="203"/>
							<String ID="string_307" HPOS="223" VPOS="1667" WIDTH="51" HEIGHT="29" WC="0.96" CONTENT="till"/><SP WIDTH="22" VPOS="1667" HPOS="274"/>
							<String ID="string_308" HPOS="296" VPOS="1666" WIDTH="65" HEIGHT="30" WC="0.97" CONTENT="den"/><SP WIDTH="22" VPOS="1666" HPOS="361"/>
							<String ID="string_309" HPOS="383" VPOS="1666" WIDTH="157" HEIGHT="30" WC="0.96" CONTENT="enskilde"/><SP WIDTH="22" VPOS="1666" HPOS="540"/>
							<String ID="string_310" HPOS="562" VPOS="1667" WIDTH="120" HEIGHT="28" WC="0.96" CONTENT="utöver"/><SP WIDTH="22" VPOS="1667" HPOS="682"/>
							<String ID="string_311" HPOS="704" VPOS="1665" WIDTH="65" HEIGHT="29" WC="0.93" CONTENT="vad"/><SP WIDTH="21" VPOS="1665" HPOS="769"/>
							<String ID="string_312" HPOS="790" VPOS="1665" WIDTH="156" HEIGHT="38" WC="0.91" CONTENT="billighet"/><SP WIDTH="22" VPOS="1665" HPOS="946"/>
							<String ID="string_313" HPOS="968" VPOS="1665" WIDTH="64" HEIGHT="29" WC="0.96" CONTENT="och"/><SP WIDTH="21" VPOS="1665" HPOS="1032"/>
							<String ID="string_314" HPOS="1053" VPOS="1665" WIDTH="144" HEIGHT="30" WC="0.96" CONTENT="rättvisa"/><SP WIDTH="22" VPOS="1665" HPOS="1197"/>
							<String ID="string_315" HPOS="1219" VPOS="1664" WIDTH="241" HEIGHT="40" WC="0.96" CONTENT="ovillkorligen"/><SP WIDTH="20" VPOS="1664" HPOS="1460"/>
							<String ID="string_316" HPOS="1480" VPOS="1665" WIDTH="135" HEIGHT="29" WC="0.96" CONTENT="kräver."/>
						</TextLine>
					</TextBlock>
					<TextBlock ID="block_6" HPOS="114" VPOS="1707" WIDTH="1502" HEIGHT="293">
						<TextLine ID="line_32" HPOS="158" VPOS="1707" WIDTH="1458" HEIGHT="40">
							<String ID="string_317" HPOS="158" VPOS="1710" WIDTH="64" HEIGHT="28" WC="0.96" CONTENT="Det"/><SP WIDTH="26" VPOS="1710" HPOS="222"/>
							<String ID="string_318" HPOS="248" VPOS="1717" WIDTH="100" HEIGHT="30" WC="0.96" CONTENT="synes"/><SP WIDTH="26" VPOS="1717" HPOS="348"/>
							<String ID="string_319" HPOS="374" VPOS="1708" WIDTH="206" HEIGHT="38" WC="0.96" CONTENT="föreningen"/><SP WIDTH="26" VPOS="1708" HPOS="580"/>
							<String ID="string_320" HPOS="606" VPOS="1716" WIDTH="74" HEIGHT="20" WC="0.96" CONTENT="som"/><SP WIDTH="26" VPOS="1716" HPOS="680"/>
							<String ID="string_321" HPOS="706" VPOS="1716" WIDTH="56" HEIGHT="20" WC="0.96" CONTENT="om"/><SP WIDTH="25" VPOS="1716" HPOS="762"/>
							<String ID="string_322" HPOS="787" VPOS="1709" WIDTH="47" HEIGHT="27" WC="0.95" CONTENT="ett"/><SP WIDTH="26" VPOS="1709" HPOS="834"/>
							<String ID="string_323" HPOS="860" VPOS="1707" WIDTH="217" HEIGHT="29" WC="0.96" CONTENT="konsekvent"/><SP WIDTH="25" VPOS="1707" HPOS="1077"/>
							<String ID="string_324" HPOS="1102" VPOS="1707" WIDTH="308" HEIGHT="39" WC="0.95" CONTENT="hänsynstagande"/><SP WIDTH="25" VPOS="1707" HPOS="1410"/>
							<String ID="string_325" HPOS="1435" VPOS="1707" WIDTH="52" HEIGHT="29" WC="0.93" CONTENT="till"/><SP WIDTH="25" VPOS="1707" HPOS="1487"/>
							<String ID="string_326" HPOS="1512" VPOS="1707" WIDTH="104" HEIGHT="39" WC="0.93" CONTENT="polis-"/>
						</TextLine>
						<TextLine ID="line_33" HPOS="114" VPOS="1749" WIDTH="1502" HEIGHT="40">
							<String ID="string_327" HPOS="114" VPOS="1760" WIDTH="171" HEIGHT="20" WC="0.93" CONTENT="mannens"/><SP WIDTH="20" VPOS="1760" HPOS="285"/>
							<String ID="string_328" HPOS="305" VPOS="1750" WIDTH="224" HEIGHT="39" WC="0.91" CONTENT="tjänsteplikt"/><SP WIDTH="19" VPOS="1750" HPOS="529"/>
							<String ID="string_329" HPOS="548" VPOS="1750" WIDTH="92" HEIGHT="29" WC="0.95" CONTENT="klart"/><SP WIDTH="20" VPOS="1750" HPOS="640"/>
							<String ID="string_330" HPOS="660" VPOS="1750" WIDTH="187" HEIGHT="28" WC="0.96" CONTENT="motiverar"/><SP WIDTH="20" VPOS="1750" HPOS="847"/>
							<String ID="string_331" HPOS="867" VPOS="1758" WIDTH="42" HEIGHT="20" WC="0.96" CONTENT="en"/><SP WIDTH="20" VPOS="1758" HPOS="909"/>
							<String ID="string_332" HPOS="929" VPOS="1749" WIDTH="149" HEIGHT="39" WC="0.96" CONTENT="ändring"/><SP WIDTH="21" VPOS="1749" HPOS="1078"/>
							<String ID="string_333" HPOS="1099" VPOS="1758" WIDTH="41" HEIGHT="20" WC="0.96" CONTENT="av"/><SP WIDTH="16" VPOS="1758" HPOS="1140"/>
							<String ID="string_334" HPOS="1156" VPOS="1749" WIDTH="101" HEIGHT="39" WC="0.96" CONTENT="lagen"/><SP WIDTH="21" VPOS="1749" HPOS="1257"/>
							<String ID="string_335" HPOS="1278" VPOS="1750" WIDTH="10" HEIGHT="28" WC="0.96" CONTENT="i"/><SP WIDTH="20" VPOS="1750" HPOS="1288"/>
							<String ID="string_336" HPOS="1308" VPOS="1750" WIDTH="57" HEIGHT="29" WC="0.96" CONTENT="det"/><SP WIDTH="20" VPOS="1750" HPOS="1365"/>
							<String ID="string_337" HPOS="1385" VPOS="1758" WIDTH="42" HEIGHT="21" WC="0.93" CONTENT="av"/><SP WIDTH="18" VPOS="1758" HPOS="1427"/>
							<String ID="string_338" HPOS="1445" VPOS="1750" WIDTH="171" HEIGHT="29" WC="0.85" CONTENT="motionä-"/>
						</TextLine>
						<TextLine ID="line_34" HPOS="115" VPOS="1791" WIDTH="1501" HEIGHT="41">
							<String ID="string_339" HPOS="115" VPOS="1803" WIDTH="101" HEIGHT="19" WC="0.96" CONTENT="rerna"/><SP WIDTH="23" VPOS="1803" HPOS="216"/>
							<String ID="string_340" HPOS="239" VPOS="1793" WIDTH="150" HEIGHT="29" WC="0.96" CONTENT="avsedda"/><SP WIDTH="25" VPOS="1793" HPOS="389"/>
							<String ID="string_341" HPOS="414" VPOS="1792" WIDTH="116" HEIGHT="40" WC="0.96" CONTENT="syftet."/><SP WIDTH="24" VPOS="1792" HPOS="530"/>
							<String ID="string_342" HPOS="554" VPOS="1793" WIDTH="102" HEIGHT="28" WC="0.96" CONTENT="Detta"/><SP WIDTH="25" VPOS="1793" HPOS="656"/>
							<String ID="string_343" HPOS="681" VPOS="1791" WIDTH="54" HEIGHT="29" WC="0.96" CONTENT="får"/><SP WIDTH="23" VPOS="1791" HPOS="735"/>
							<String ID="string_344" HPOS="758" VPOS="1800" WIDTH="101" HEIGHT="20" WC="0.96" CONTENT="anses"/><SP WIDTH="22" VPOS="1800" HPOS="859"/>
							<String ID="string_345" HPOS="881" VPOS="1800" WIDTH="84" HEIGHT="20" WC="0.96" CONTENT="vara"/><SP WIDTH="24" VPOS="1800" HPOS="965"/>
							<String ID="string_346" HPOS="989" VPOS="1791" WIDTH="221" HEIGHT="39" WC="0.96" CONTENT="synnerligen"/><SP WIDTH="22" VPOS="1791" HPOS="1210"/>
							<String ID="string_347" HPOS="1232" VPOS="1791" WIDTH="285" HEIGHT="39" WC="0.96" CONTENT="behjärtansvärt"/><SP WIDTH="24" VPOS="1791" HPOS="1517"/>
							<String ID="string_348" HPOS="1541" VPOS="1791" WIDTH="75" HEIGHT="30" WC="0.96" CONTENT="icke"/>
						</TextLine>
						<TextLine ID="line_35" HPOS="114" VPOS="1833" WIDTH="1502" HEIGHT="39">
							<String ID="string_349" HPOS="114" VPOS="1836" WIDTH="122" HEIGHT="28" WC="0.96" CONTENT="endast"/><SP WIDTH="24" VPOS="1836" HPOS="236"/>
							<String ID="string_350" HPOS="260" VPOS="1835" WIDTH="119" HEIGHT="29" WC="0.96" CONTENT="därför"/><SP WIDTH="22" VPOS="1835" HPOS="379"/>
							<String ID="string_351" HPOS="401" VPOS="1837" WIDTH="50" HEIGHT="27" WC="0.96" CONTENT="att"/><SP WIDTH="21" VPOS="1837" HPOS="451"/>
							<String ID="string_352" HPOS="472" VPOS="1843" WIDTH="44" HEIGHT="20" WC="0.96" CONTENT="en"/><SP WIDTH="23" VPOS="1843" HPOS="516"/>
							<String ID="string_353" HPOS="539" VPOS="1834" WIDTH="194" HEIGHT="38" WC="0.96" CONTENT="ersättning"/><SP WIDTH="22" VPOS="1834" HPOS="733"/>
							<String ID="string_354" HPOS="755" VPOS="1833" WIDTH="78" HEIGHT="29" WC="0.96" CONTENT="från"/><SP WIDTH="24" VPOS="1833" HPOS="833"/>
							<String ID="string_355" HPOS="857" VPOS="1833" WIDTH="56" HEIGHT="29" WC="0.96" CONTENT="det"/><SP WIDTH="23" VPOS="1833" HPOS="913"/>
							<String ID="string_356" HPOS="936" VPOS="1834" WIDTH="196" HEIGHT="28" WC="0.95" CONTENT="allmännas"/><SP WIDTH="24" VPOS="1834" HPOS="1132"/>
							<String ID="string_357" HPOS="1156" VPOS="1833" WIDTH="74" HEIGHT="29" WC="0.96" CONTENT="sida"/><SP WIDTH="23" VPOS="1833" HPOS="1230"/>
							<String ID="string_358" HPOS="1253" VPOS="1835" WIDTH="9" HEIGHT="28" WC="0.96" CONTENT="i"/><SP WIDTH="23" VPOS="1835" HPOS="1262"/>
							<String ID="string_359" HPOS="1285" VPOS="1834" WIDTH="40" HEIGHT="29" WC="0.96" CONTENT="de"/><SP WIDTH="23" VPOS="1834" HPOS="1325"/>
							<String ID="string_360" HPOS="1348" VPOS="1833" WIDTH="268" HEIGHT="39" WC="0.96" CONTENT="ifrågavarande"/>
						</TextLine>
						<TextLine ID="line_36" HPOS="116" VPOS="1875" WIDTH="1500" HEIGHT="39">
							<String ID="string_361" HPOS="116" VPOS="1878" WIDTH="107" HEIGHT="29" WC="0.96" CONTENT="fallen"/><SP WIDTH="20" VPOS="1878" HPOS="223"/>
							<String ID="string_362" HPOS="243" VPOS="1877" WIDTH="53" HEIGHT="29" WC="0.96" CONTENT="får"/><SP WIDTH="20" VPOS="1877" HPOS="296"/>
							<String ID="string_363" HPOS="316" VPOS="1886" WIDTH="101" HEIGHT="20" WC="0.95" CONTENT="anses"/><SP WIDTH="21" VPOS="1886" HPOS="417"/>
							<String ID="string_364" HPOS="438" VPOS="1877" WIDTH="10" HEIGHT="28" WC="0.96" CONTENT="i"/><SP WIDTH="20" VPOS="1877" HPOS="448"/>
							<String ID="string_365" HPOS="468" VPOS="1876" WIDTH="64" HEIGHT="29" WC="0.96" CONTENT="och"/><SP WIDTH="20" VPOS="1876" HPOS="532"/>
							<String ID="string_366" HPOS="552" VPOS="1876" WIDTH="54" HEIGHT="29" WC="0.96" CONTENT="för"/><SP WIDTH="20" VPOS="1876" HPOS="606"/>
							<String ID="string_367" HPOS="626" VPOS="1876" WIDTH="50" HEIGHT="38" WC="0.96" CONTENT="sig"/><SP WIDTH="21" VPOS="1876" HPOS="676"/>
							<String ID="string_368" HPOS="697" VPOS="1876" WIDTH="110" HEIGHT="37" WC="0.96" CONTENT="skälig"/><SP WIDTH="20" VPOS="1876" HPOS="807"/>
							<String ID="string_369" HPOS="827" VPOS="1878" WIDTH="85" HEIGHT="26" WC="0.96" CONTENT="utan"/><SP WIDTH="20" VPOS="1878" HPOS="912"/>
							<String ID="string_370" HPOS="932" VPOS="1875" WIDTH="134" HEIGHT="29" WC="0.96" CONTENT="kanske"/><SP WIDTH="20" VPOS="1875" HPOS="1066"/>
							<String ID="string_371" HPOS="1086" VPOS="1875" WIDTH="126" HEIGHT="30" WC="0.96" CONTENT="främst"/><SP WIDTH="18" VPOS="1875" HPOS="1212"/>
							<String ID="string_372" HPOS="1230" VPOS="1875" WIDTH="79" HEIGHT="30" WC="0.96" CONTENT="med"/><SP WIDTH="19" VPOS="1875" HPOS="1309"/>
							<String ID="string_373" HPOS="1328" VPOS="1876" WIDTH="139" HEIGHT="38" WC="0.96" CONTENT="hänsyn"/><SP WIDTH="19" VPOS="1876" HPOS="1467"/>
							<String ID="string_374" HPOS="1486" VPOS="1876" WIDTH="52" HEIGHT="29" WC="0.96" CONTENT="till"/><SP WIDTH="21" VPOS="1876" HPOS="1538"/>
							<String ID="string_375" HPOS="1559" VPOS="1876" WIDTH="57" HEIGHT="29" WC="0.96" CONTENT="det"/>
						</TextLine>
						<TextLine ID="line_37" HPOS="115" VPOS="1917" WIDTH="1501" HEIGHT="40">
							<String ID="string_376" HPOS="115" VPOS="1919" WIDTH="189" HEIGHT="30" WC="0.96" CONTENT="moraliska"/><SP WIDTH="22" VPOS="1919" HPOS="304"/>
							<String ID="string_377" HPOS="326" VPOS="1919" WIDTH="76" HEIGHT="28" WC="0.96" CONTENT="stöd"/><SP WIDTH="23" VPOS="1919" HPOS="402"/>
							<String ID="string_378" HPOS="425" VPOS="1927" WIDTH="75" HEIGHT="20" WC="0.96" CONTENT="som"/><SP WIDTH="21" VPOS="1927" HPOS="500"/>
							<String ID="string_379" HPOS="521" VPOS="1918" WIDTH="244" HEIGHT="39" WC="0.95" CONTENT="polismannen"/><SP WIDTH="22" VPOS="1918" HPOS="765"/>
							<String ID="string_380" HPOS="787" VPOS="1917" WIDTH="143" HEIGHT="29" WC="0.96" CONTENT="därmed"/><SP WIDTH="22" VPOS="1917" HPOS="930"/>
							<String ID="string_381" HPOS="952" VPOS="1917" WIDTH="111" HEIGHT="30" WC="0.96" CONTENT="skulle"/><SP WIDTH="19" VPOS="1917" HPOS="1063"/>
							<String ID="string_382" HPOS="1082" VPOS="1917" WIDTH="135" HEIGHT="29" WC="0.96" CONTENT="erhålla"/><SP WIDTH="19" VPOS="1917" HPOS="1217"/>
							<String ID="string_383" HPOS="1236" VPOS="1918" WIDTH="10" HEIGHT="28" WC="0.96" CONTENT="i"/><SP WIDTH="21" VPOS="1918" HPOS="1246"/>
							<String ID="string_384" HPOS="1267" VPOS="1918" WIDTH="190" HEIGHT="29" WC="0.96" CONTENT="utövandet"/><SP WIDTH="21" VPOS="1918" HPOS="1457"/>
							<String ID="string_385" HPOS="1478" VPOS="1927" WIDTH="42" HEIGHT="20" WC="0.96" CONTENT="av"/><SP WIDTH="21" VPOS="1927" HPOS="1520"/>
							<String ID="string_386" HPOS="1541" VPOS="1918" WIDTH="75" HEIGHT="29" WC="0.96" CONTENT="sina"/>
						</TextLine>
						<TextLine ID="line_38" HPOS="115" VPOS="1959" WIDTH="723" HEIGHT="41">
							<String ID="string_387" HPOS="115" VPOS="1961" WIDTH="206" HEIGHT="39" WC="0.96" CONTENT="åligganden"/><SP WIDTH="23" VPOS="1961" HPOS="321"/>
							<String ID="string_388" HPOS="344" VPOS="1961" WIDTH="52" HEIGHT="29" WC="0.96" CONTENT="till"/><SP WIDTH="24" VPOS="1961" HPOS="396"/>
							<String ID="string_389" HPOS="420" VPOS="1959" WIDTH="273" HEIGHT="40" WC="0.96" CONTENT="medborgarnas"/><SP WIDTH="24" VPOS="1959" HPOS="693"/>
							<String ID="string_390" HPOS="717" VPOS="1959" WIDTH="121" HEIGHT="39" WC="0.96" CONTENT="skydd."/>
						</TextLine>
					</TextBlock>
				</ComposedBlock>
				<ComposedBlock ID="cblock_3" HPOS="114" VPOS="2034" WIDTH="1507" HEIGHT="466">
					<TextBlock ID="block_7" HPOS="115" VPOS="2034" WIDTH="1506" HEIGHT="233">
						<TextLine ID="line_39" HPOS="161" VPOS="2034" WIDTH="1457" HEIGHT="42">
							<String ID="string_391" HPOS="161" VPOS="2037" WIDTH="175" HEIGHT="39" WC="0.96" CONTENT="Styrelsen"/><SP WIDTH="20" VPOS="2037" HPOS="336"/>
							<String ID="string_392" HPOS="356" VPOS="2036" WIDTH="54" HEIGHT="29" WC="0.96" CONTENT="för"/><SP WIDTH="19" VPOS="2036" HPOS="410"/>
							<String ID="string_393" HPOS="429" VPOS="2035" WIDTH="156" HEIGHT="30" WC="0.96" CONTENT="Svenska"/><SP WIDTH="21" VPOS="2035" HPOS="585"/>
							<String ID="string_394" HPOS="606" VPOS="2034" WIDTH="289" HEIGHT="39" WC="0.95" CONTENT="stadsförbundet"/><SP WIDTH="20" VPOS="2034" HPOS="895"/>
							<String ID="string_395" HPOS="915" VPOS="2035" WIDTH="130" HEIGHT="29" WC="0.95" CONTENT="uttalar"/><SP WIDTH="21" VPOS="2035" HPOS="1045"/>
							<String ID="string_396" HPOS="1066" VPOS="2035" WIDTH="9" HEIGHT="28" WC="0.96" CONTENT="i"/><SP WIDTH="22" VPOS="2035" HPOS="1075"/>
							<String ID="string_397" HPOS="1097" VPOS="2035" WIDTH="58" HEIGHT="29" WC="0.96" CONTENT="sitt"/><SP WIDTH="20" VPOS="2035" HPOS="1155"/>
							<String ID="string_398" HPOS="1175" VPOS="2035" WIDTH="173" HEIGHT="39" WC="0.94" CONTENT="yttrande,"/><SP WIDTH="21" VPOS="2035" HPOS="1348"/>
							<String ID="string_399" HPOS="1369" VPOS="2038" WIDTH="50" HEIGHT="27" WC="0.96" CONTENT="att"/><SP WIDTH="21" VPOS="2038" HPOS="1419"/>
							<String ID="string_400" HPOS="1440" VPOS="2036" WIDTH="57" HEIGHT="29" WC="0.96" CONTENT="det"/><SP WIDTH="19" VPOS="2036" HPOS="1497"/>
							<String ID="string_401" HPOS="1516" VPOS="2036" WIDTH="10" HEIGHT="29" WC="0.92" CONTENT="i"/><SP WIDTH="21" VPOS="2036" HPOS="1526"/>
							<String ID="string_402" HPOS="1547" VPOS="2045" WIDTH="71" HEIGHT="20" WC="0.92" CONTENT="mo-"/>
						</TextLine>
						<TextLine ID="line_40" HPOS="115" VPOS="2085" WIDTH="1504" HEIGHT="39">
							<String ID="string_403" HPOS="115" VPOS="2088" WIDTH="159" HEIGHT="29" WC="0.92" CONTENT="tionerna"/><SP WIDTH="24" VPOS="2088" HPOS="274"/>
							<String ID="string_404" HPOS="298" VPOS="2086" WIDTH="198" HEIGHT="30" WC="0.96" CONTENT="framförda"/><SP WIDTH="22" VPOS="2086" HPOS="496"/>
							<String ID="string_405" HPOS="518" VPOS="2086" WIDTH="165" HEIGHT="37" WC="0.96" CONTENT="förslaget"/><SP WIDTH="22" VPOS="2086" HPOS="683"/>
							<String ID="string_406" HPOS="705" VPOS="2087" WIDTH="52" HEIGHT="27" WC="0.95" CONTENT="att"/><SP WIDTH="24" VPOS="2087" HPOS="757"/>
							<String ID="string_407" HPOS="781" VPOS="2085" WIDTH="275" HEIGHT="29" WC="0.95" CONTENT="huvudmannen"/><SP WIDTH="25" VPOS="2085" HPOS="1056"/>
							<String ID="string_408" HPOS="1081" VPOS="2087" WIDTH="71" HEIGHT="27" WC="0.96" CONTENT="mot"/><SP WIDTH="23" VPOS="2087" HPOS="1152"/>
							<String ID="string_409" HPOS="1175" VPOS="2085" WIDTH="232" HEIGHT="39" WC="0.96" CONTENT="övertagande"/><SP WIDTH="24" VPOS="2085" HPOS="1407"/>
							<String ID="string_410" HPOS="1431" VPOS="2095" WIDTH="42" HEIGHT="20" WC="0.91" CONTENT="av"/><SP WIDTH="24" VPOS="2095" HPOS="1473"/>
							<String ID="string_411" HPOS="1497" VPOS="2086" WIDTH="122" HEIGHT="29" WC="0.91" CONTENT="skade-"/>
						</TextLine>
						<TextLine ID="line_41" HPOS="117" VPOS="2135" WIDTH="1504" HEIGHT="39">
							<String ID="string_412" HPOS="117" VPOS="2137" WIDTH="268" HEIGHT="30" WC="0.90" CONTENT="ståndsfordran"/><SP WIDTH="27" VPOS="2137" HPOS="385"/>
							<String ID="string_413" HPOS="412" VPOS="2136" WIDTH="112" HEIGHT="29" WC="0.96" CONTENT="skulle"/><SP WIDTH="26" VPOS="2136" HPOS="524"/>
							<String ID="string_414" HPOS="550" VPOS="2145" WIDTH="101" HEIGHT="20" WC="0.96" CONTENT="svara"/><SP WIDTH="26" VPOS="2145" HPOS="651"/>
							<String ID="string_415" HPOS="677" VPOS="2136" WIDTH="53" HEIGHT="28" WC="0.93" CONTENT="för"/><SP WIDTH="27" VPOS="2136" HPOS="730"/>
							<String ID="string_416" HPOS="757" VPOS="2135" WIDTH="394" HEIGHT="39" WC="0.91" CONTENT="skadeståndsbeloppet"/><SP WIDTH="27" VPOS="2135" HPOS="1151"/>
							<String ID="string_417" HPOS="1178" VPOS="2135" WIDTH="74" HEIGHT="29" WC="0.96" CONTENT="icke"/><SP WIDTH="26" VPOS="2135" HPOS="1252"/>
							<String ID="string_418" HPOS="1278" VPOS="2136" WIDTH="71" HEIGHT="29" WC="0.96" CONTENT="kan"/><SP WIDTH="24" VPOS="2136" HPOS="1349"/>
							<String ID="string_419" HPOS="1373" VPOS="2136" WIDTH="166" HEIGHT="30" WC="0.92" CONTENT="bedömas"/><SP WIDTH="28" VPOS="2136" HPOS="1539"/>
							<String ID="string_420" HPOS="1567" VPOS="2136" WIDTH="54" HEIGHT="30" WC="0.92" CONTENT="så-"/>
						</TextLine>
						<TextLine ID="line_42" HPOS="118" VPOS="2185" WIDTH="1502" HEIGHT="41">
							<String ID="string_421" HPOS="118" VPOS="2197" WIDTH="73" HEIGHT="19" WC="0.96" CONTENT="som"/><SP WIDTH="18" VPOS="2197" HPOS="191"/>
							<String ID="string_422" HPOS="209" VPOS="2197" WIDTH="41" HEIGHT="19" WC="0.95" CONTENT="en"/><SP WIDTH="19" VPOS="2197" HPOS="250"/>
							<String ID="string_423" HPOS="269" VPOS="2187" WIDTH="53" HEIGHT="29" WC="0.96" CONTENT="för"/><SP WIDTH="16" VPOS="2187" HPOS="322"/>
							<String ID="string_424" HPOS="338" VPOS="2187" WIDTH="246" HEIGHT="39" WC="0.96" CONTENT="polismännen"/><SP WIDTH="17" VPOS="2187" HPOS="584"/>
							<String ID="string_425" HPOS="601" VPOS="2185" WIDTH="148" HEIGHT="31" WC="0.96" CONTENT="isolerad"/><SP WIDTH="19" VPOS="2185" HPOS="749"/>
							<String ID="string_426" HPOS="768" VPOS="2185" WIDTH="179" HEIGHT="29" WC="0.96" CONTENT="företeelse"/><SP WIDTH="18" VPOS="2185" HPOS="947"/>
							<String ID="string_427" HPOS="965" VPOS="2187" WIDTH="86" HEIGHT="27" WC="0.96" CONTENT="utan"/><SP WIDTH="16" VPOS="2187" HPOS="1051"/>
							<String ID="string_428" HPOS="1067" VPOS="2185" WIDTH="64" HEIGHT="29" WC="0.96" CONTENT="har"/><SP WIDTH="17" VPOS="2185" HPOS="1131"/>
							<String ID="string_429" HPOS="1148" VPOS="2194" WIDTH="95" HEIGHT="20" WC="0.96" CONTENT="mera"/><SP WIDTH="16" VPOS="2194" HPOS="1243"/>
							<String ID="string_430" HPOS="1259" VPOS="2186" WIDTH="220" HEIGHT="39" WC="0.93" CONTENT="principiella"/><SP WIDTH="17" VPOS="2186" HPOS="1479"/>
							<String ID="string_431" HPOS="1496" VPOS="2187" WIDTH="124" HEIGHT="39" WC="0.92" CONTENT="aspek-"/>
						</TextLine>
						<TextLine ID="line_43" HPOS="118" VPOS="2236" WIDTH="654" HEIGHT="31">
							<String ID="string_432" HPOS="118" VPOS="2240" WIDTH="60" HEIGHT="27" WC="0.96" CONTENT="ter."/><SP WIDTH="21" VPOS="2240" HPOS="178"/>
							<String ID="string_433" HPOS="199" VPOS="2237" WIDTH="200" HEIGHT="29" WC="0.96" CONTENT="Förbundet"/><SP WIDTH="20" VPOS="2237" HPOS="399"/>
							<String ID="string_434" HPOS="419" VPOS="2236" WIDTH="102" HEIGHT="29" WC="0.91" CONTENT="anför"/><SP WIDTH="19" VPOS="2236" HPOS="521"/>
							<String ID="string_435" HPOS="540" VPOS="2236" WIDTH="232" HEIGHT="29" WC="0.91" CONTENT="härutinnan:"/>
						</TextLine>
					</TextBlock>
					<TextBlock ID="block_8" HPOS="114" VPOS="2293" WIDTH="1506" HEIGHT="207">
						<TextLine ID="line_44" HPOS="161" VPOS="2293" WIDTH="1458" HEIGHT="40">
							<String ID="string_436" HPOS="161" VPOS="2295" WIDTH="214" HEIGHT="38" WC="0.91" CONTENT="Principiellt"/><SP WIDTH="21" VPOS="2295" HPOS="375"/>
							<String ID="string_437" HPOS="396" VPOS="2296" WIDTH="38" HEIGHT="27" WC="0.93" CONTENT="är"/><SP WIDTH="20" VPOS="2296" HPOS="434"/>
							<String ID="string_438" HPOS="454" VPOS="2312" WIDTH="44" HEIGHT="2" WC="0.90" CONTENT="—"/><SP WIDTH="17" VPOS="2312" HPOS="498"/>
							<String ID="string_439" HPOS="515" VPOS="2312" WIDTH="44" HEIGHT="2" WC="0.89" CONTENT="—"/><SP WIDTH="16" VPOS="2312" HPOS="559"/>
							<String ID="string_440" HPOS="575" VPOS="2312" WIDTH="44" HEIGHT="2" WC="0.89" CONTENT="—"/><SP WIDTH="18" VPOS="2312" HPOS="619"/>
							<String ID="string_441" HPOS="637" VPOS="2294" WIDTH="56" HEIGHT="28" WC="0.96" CONTENT="det"/><SP WIDTH="22" VPOS="2294" HPOS="693"/>
							<String ID="string_442" HPOS="715" VPOS="2294" WIDTH="7" HEIGHT="27" WC="0.96" CONTENT="i"/><SP WIDTH="22" VPOS="2294" HPOS="722"/>
							<String ID="string_443" HPOS="744" VPOS="2293" WIDTH="217" HEIGHT="28" WC="0.96" CONTENT="motionerna"/><SP WIDTH="22" VPOS="2293" HPOS="961"/>
							<String ID="string_444" HPOS="983" VPOS="2293" WIDTH="257" HEIGHT="30" WC="0.96" CONTENT="aktualiserade"/><SP WIDTH="21" VPOS="2293" HPOS="1240"/>
							<String ID="string_445" HPOS="1261" VPOS="2294" WIDTH="192" HEIGHT="38" WC="0.93" CONTENT="problemet"/><SP WIDTH="20" VPOS="2294" HPOS="1453"/>
							<String ID="string_446" HPOS="1473" VPOS="2295" WIDTH="146" HEIGHT="29" WC="0.91" CONTENT="allmän-"/>
						</TextLine>
						<TextLine ID="line_45" HPOS="117" VPOS="2335" WIDTH="1503" HEIGHT="40">
							<String ID="string_447" HPOS="117" VPOS="2338" WIDTH="110" HEIGHT="37" WC="0.78" CONTENT="giltigt"/><SP WIDTH="21" VPOS="2338" HPOS="227"/>
							<String ID="string_448" HPOS="248" VPOS="2336" WIDTH="174" HEIGHT="29" WC="0.95" CONTENT="såtillvida"/><SP WIDTH="19" VPOS="2336" HPOS="422"/>
							<String ID="string_449" HPOS="441" VPOS="2338" WIDTH="50" HEIGHT="27" WC="0.96" CONTENT="att"/><SP WIDTH="20" VPOS="2338" HPOS="491"/>
							<String ID="string_450" HPOS="511" VPOS="2336" WIDTH="40" HEIGHT="28" WC="0.96" CONTENT="de"/><SP WIDTH="18" VPOS="2336" HPOS="551"/>
							<String ID="string_451" HPOS="569" VPOS="2335" WIDTH="269" HEIGHT="32" WC="0.96" CONTENT="konsekvenser,"/><SP WIDTH="21" VPOS="2335" HPOS="838"/>
							<String ID="string_452" HPOS="859" VPOS="2344" WIDTH="72" HEIGHT="18" WC="0.96" CONTENT="som"/><SP WIDTH="22" VPOS="2344" HPOS="931"/>
							<String ID="string_453" HPOS="953" VPOS="2337" WIDTH="132" HEIGHT="26" WC="0.93" CONTENT="ansetts"/><SP WIDTH="20" VPOS="2337" HPOS="1085"/>
							<String ID="string_454" HPOS="1105" VPOS="2335" WIDTH="232" HEIGHT="38" WC="0.92" CONTENT="oförmånliga"/><SP WIDTH="20" VPOS="2335" HPOS="1337"/>
							<String ID="string_455" HPOS="1357" VPOS="2336" WIDTH="54" HEIGHT="29" WC="0.93" CONTENT="för"/><SP WIDTH="18" VPOS="2336" HPOS="1411"/>
							<String ID="string_456" HPOS="1429" VPOS="2336" WIDTH="191" HEIGHT="39" WC="0.91" CONTENT="polismän-"/>
						</TextLine>
						<TextLine ID="line_46" HPOS="118" VPOS="2376" WIDTH="1497" HEIGHT="38">
							<String ID="string_457" HPOS="118" VPOS="2388" WIDTH="76" HEIGHT="23" WC="0.96" CONTENT="nen,"/><SP WIDTH="24" VPOS="2388" HPOS="194"/>
							<String ID="string_458" HPOS="218" VPOS="2380" WIDTH="37" HEIGHT="27" WC="0.96" CONTENT="är"/><SP WIDTH="23" VPOS="2380" HPOS="255"/>
							<String ID="string_459" HPOS="278" VPOS="2379" WIDTH="179" HEIGHT="28" WC="0.96" CONTENT="desamma"/><SP WIDTH="24" VPOS="2379" HPOS="457"/>
							<String ID="string_460" HPOS="481" VPOS="2386" WIDTH="73" HEIGHT="19" WC="0.95" CONTENT="som"/><SP WIDTH="24" VPOS="2386" HPOS="554"/>
							<String ID="string_461" HPOS="578" VPOS="2377" WIDTH="148" HEIGHT="28" WC="0.95" CONTENT="drabbar"/><SP WIDTH="23" VPOS="2377" HPOS="726"/>
							<String ID="string_462" HPOS="749" VPOS="2385" WIDTH="104" HEIGHT="20" WC="0.96" CONTENT="envar"/><SP WIDTH="24" VPOS="2385" HPOS="853"/>
							<String ID="string_463" HPOS="877" VPOS="2376" WIDTH="235" HEIGHT="38" WC="0.96" CONTENT="medborgare,"/><SP WIDTH="24" VPOS="2376" HPOS="1112"/>
							<String ID="string_464" HPOS="1136" VPOS="2386" WIDTH="73" HEIGHT="19" WC="0.93" CONTENT="som"/><SP WIDTH="23" VPOS="2386" HPOS="1209"/>
							<String ID="string_465" HPOS="1232" VPOS="2377" WIDTH="124" HEIGHT="29" WC="0.92" CONTENT="vållats"/><SP WIDTH="24" VPOS="2377" HPOS="1356"/>
							<String ID="string_466" HPOS="1380" VPOS="2378" WIDTH="108" HEIGHT="30" WC="0.96" CONTENT="skada"/><SP WIDTH="24" VPOS="2378" HPOS="1488"/>
							<String ID="string_467" HPOS="1512" VPOS="2388" WIDTH="41" HEIGHT="19" WC="0.95" CONTENT="av"/><SP WIDTH="22" VPOS="2388" HPOS="1553"/>
							<String ID="string_468" HPOS="1575" VPOS="2388" WIDTH="40" HEIGHT="20" WC="0.95" CONTENT="en"/>
						</TextLine>
						<TextLine ID="line_47" HPOS="117" VPOS="2418" WIDTH="1501" HEIGHT="41">
							<String ID="string_469" HPOS="117" VPOS="2421" WIDTH="164" HEIGHT="28" WC="0.91" CONTENT="medellös"/><SP WIDTH="25" VPOS="2421" HPOS="281"/>
							<String ID="string_470" HPOS="306" VPOS="2429" WIDTH="136" HEIGHT="30" WC="0.96" CONTENT="person."/><SP WIDTH="26" VPOS="2429" HPOS="442"/>
							<String ID="string_471" HPOS="468" VPOS="2420" WIDTH="55" HEIGHT="28" WC="0.96" CONTENT="Att"/><SP WIDTH="26" VPOS="2420" HPOS="523"/>
							<String ID="string_472" HPOS="549" VPOS="2419" WIDTH="258" HEIGHT="28" WC="0.96" CONTENT="motionärerna"/><SP WIDTH="25" VPOS="2419" HPOS="807"/>
							<String ID="string_473" HPOS="832" VPOS="2418" WIDTH="41" HEIGHT="39" WC="0.95" CONTENT="på"/><SP WIDTH="26" VPOS="2418" HPOS="873"/>
							<String ID="string_474" HPOS="899" VPOS="2419" WIDTH="134" HEIGHT="36" WC="0.96" CONTENT="angivet"/><SP WIDTH="27" VPOS="2419" HPOS="1033"/>
							<String ID="string_475" HPOS="1060" VPOS="2420" WIDTH="66" HEIGHT="27" WC="0.96" CONTENT="sätt"/><SP WIDTH="25" VPOS="2420" HPOS="1126"/>
							<String ID="string_476" HPOS="1151" VPOS="2422" WIDTH="186" HEIGHT="34" WC="0.96" CONTENT="engagerat"/><SP WIDTH="26" VPOS="2422" HPOS="1337"/>
							<String ID="string_477" HPOS="1363" VPOS="2420" WIDTH="50" HEIGHT="37" WC="0.96" CONTENT="sig"/><SP WIDTH="23" VPOS="2420" HPOS="1413"/>
							<String ID="string_478" HPOS="1436" VPOS="2420" WIDTH="54" HEIGHT="29" WC="0.93" CONTENT="för"/><SP WIDTH="24" VPOS="2420" HPOS="1490"/>
							<String ID="string_479" HPOS="1514" VPOS="2421" WIDTH="104" HEIGHT="38" WC="0.92" CONTENT="polis-"/>
						</TextLine>
						<TextLine ID="line_48" HPOS="114" VPOS="2459" WIDTH="1503" HEIGHT="41">
							<String ID="string_480" HPOS="114" VPOS="2462" WIDTH="205" HEIGHT="38" WC="0.96" CONTENT="personalen"/><SP WIDTH="24" VPOS="2462" HPOS="319"/>
							<String ID="string_481" HPOS="343" VPOS="2461" WIDTH="100" HEIGHT="28" WC="0.96" CONTENT="beror"/><SP WIDTH="22" VPOS="2461" HPOS="443"/>
							<String ID="string_482" HPOS="465" VPOS="2459" WIDTH="272" HEIGHT="41" WC="0.96" CONTENT="uppenbarligen"/><SP WIDTH="23" VPOS="2459" HPOS="737"/>
							<String ID="string_483" HPOS="760" VPOS="2460" WIDTH="43" HEIGHT="39" WC="0.96" CONTENT="på"/><SP WIDTH="23" VPOS="2460" HPOS="803"/>
							<String ID="string_484" HPOS="826" VPOS="2462" WIDTH="48" HEIGHT="27" WC="0.96" CONTENT="att"/><SP WIDTH="23" VPOS="2462" HPOS="874"/>
							<String ID="string_485" HPOS="897" VPOS="2460" WIDTH="54" HEIGHT="29" WC="0.96" CONTENT="det"/><SP WIDTH="25" VPOS="2460" HPOS="951"/>
							<String ID="string_486" HPOS="976" VPOS="2460" WIDTH="54" HEIGHT="29" WC="0.96" CONTENT="för"/><SP WIDTH="22" VPOS="2460" HPOS="1030"/>
							<String ID="string_487" HPOS="1052" VPOS="2459" WIDTH="112" HEIGHT="31" WC="0.96" CONTENT="denna"/><SP WIDTH="23" VPOS="2459" HPOS="1164"/>
							<String ID="string_488" HPOS="1187" VPOS="2462" WIDTH="162" HEIGHT="37" WC="0.96" CONTENT="personal"/><SP WIDTH="24" VPOS="2462" HPOS="1349"/>
							<String ID="string_489" HPOS="1373" VPOS="2464" WIDTH="132" HEIGHT="27" WC="0.93" CONTENT="ansetts"/><SP WIDTH="24" VPOS="2464" HPOS="1505"/>
							<String ID="string_490" HPOS="1529" VPOS="2462" WIDTH="88" HEIGHT="29" WC="0.89" CONTENT="före-"/>
						</TextLine>
					</TextBlock>
				</ComposedBlock>
			</PrintSpace>
		</Page>
	</Layout>
</alto>
