1882 2796
521 149 123 30 Första
667 146 245 40 lagutskottets
937 144 180 30 utlåtande
1140 153 44 20 nr
1199 148 51 30 37.
1601 139 37 30 27

314 235 184 36 (Gällande
524 232 157 41 lydelse.)

174 329 187 40 Angående
388 326 214 39 delaktighet
628 325 11 29 i
662 325 103 33 brott,
790 331 75 22 var-

127 391 58 21 om
202 381 12 29 i
236 381 14 29 1
272 389 104 20 mom.
395 377 177 34 förmäles,
591 375 91 30 skall
700 374 66 30 vad
783 374 11 29 i
813 373 17 30 7
848 373 18 33 $

130 432 112 40 första
260 430 135 39 stycket
412 429 112 39 första
543 427 63 30 och
626 425 110 31 andra
754 423 111 41 punk-

133 484 99 28 terna
264 482 11 28 i
304 481 97 39 lagen
435 488 56 21 om
522 477 106 40 straff
655 476 57 40 för
742 474 124 39 olovlig

133 530 234 41 varuinförsel
389 530 118 40 finnes
532 528 138 40 stadgat
693 527 64 40 äga
781 527 86 29 mot-

132 582 172 31 svarande
329 580 232 40 tillämpning.

1062 226 227 40 (Föreslagen
1315 224 158 41 lydelse.)

949 321 98 29 Hava
1083 319 88 40 flera
1208 317 202 31 medverkat
1449 316 52 29 till
1537 316 102 33 brott,

909 380 118 22 varom
1050 370 12 30 i
1090 371 14 28 1
1131 379 106 20 mom.
1263 368 175 33 förmäles,
1463 366 87 40 gälle
1576 365 65 30 vad

907 423 11 29 i
940 423 20 29 3
984 422 79 39 kap.
1089 420 209 40 strafflagen
1321 419 39 30 är
1384 417 148 40 stadgat.

845 685 38 29 10
906 684 28 37 3.

187 760 14 28 1
236 767 127 21 mom.
394 757 70 29 Var
486 765 75 20 som
580 772 44 4 —
642 772 45 3 —
704 771 45 4 —
770 752 133 40 stycket
925 751 151 38 stadgas.

181 810 79 29 Kan
282 809 66 29 den
393 825 22 3 —
453 825 28 3 —
513 824 32 3 —
579 823 29 3 —
639 822 33 4 —
702 822 37 3 —
760 812 126 21 ansvar
910 801 57 30 fri.

179 859 167 31 Beträdes
368 858 116 39 någon
507 856 80 30 med
612 855 110 30 sådan
746 852 126 39 olovlig

136 910 198 38 befattning
364 909 80 29 med
476 906 248 41 spritdrycker,
757 913 74 21 som
859 903 13 29 i

136 962 97 30 detta
256 969 104 21 mom.
387 960 89 38 sägs,
502 958 65 29 och
591 957 64 29 har
679 956 71 29 han
777 955 95 29 förut

137 1011 98 41 fällts
267 1010 52 30 till
345 1009 106 39 straff
481 1008 56 30 för
567 1006 184 31 enahanda
781 1005 91 29 brott

138 1062 84 30 eller
250 1061 55 30 för
332 1061 103 32 brott,
467 1068 76 20 som
570 1066 98 21 avses
696 1056 12 29 i
736 1055 41 30 30
809 1054 15 37 $
856 1054 15 29 1

138 1122 107 20 mom.
263 1111 82 30 eller
363 1110 39 30 31
425 1109 15 37 8
461 1109 19 30 2
501 1117 105 21 mom.
624 1107 11 29 i
653 1104 221 39 förordning-

139 1172 43 21 en
226 1160 177 41 angående
445 1157 226 38 tillverkning
713 1156 65 30 och
820 1154 54 29 be-

141 1212 181 37 skattning
353 1220 42 21 av
426 1208 174 31 brännvin
629 1207 83 30 eller
742 1206 11 29 i
783 1205 40 30 22
858 1204 15 37 $

143 1265 15 28 1
201 1272 106 21 mom.
349 1261 12 29 i
401 1259 253 38 förordningen
698 1255 177 40 angående

140 1312 129 32 handel
288 1312 79 30 med
386 1309 163 32 skattefri
569 1308 86 40 sprit
674 1307 83 30 eller
777 1306 11 30 i
804 1306 36 29 11
859 1305 15 37 $

144 1365 14 29 1
187 1372 106 21 mom.
320 1362 111 29 första
458 1360 135 38 stycket
617 1358 12 29 i
656 1356 220 38 förordning-

141 1423 44 21 en
235 1412 178 39 angående
460 1410 94 30 vissa
603 1406 274 38 alkoholhaltiga

142 1464 165 40 preparat
325 1471 44 20 m.
389 1470 58 24 m.,
470 1458 143 31 straffes
634 1456 145 31 såsom
765 1451 18 57 i
799 1455 40 30 30
861 1455 15 36 $

145 1515 15 29 1
196 1522 106 21 mom.
334 1511 109 30 andra
474 1509 65 30 och
568 1507 112 39 tredje
712 1506 166 39 styckena

142 1564 12 30 i
177 1561 252 39 förordningen
453 1558 178 40 angående
654 1555 225 38 tillverkning

145 1614 65 30 och
237 1611 224 40 beskattning
489 1619 42 21 av
558 1607 174 31 brännvin
760 1607 38 29 är
824 1605 55 30 för

144 1664 64 30 där
231 1664 110 29 avsett
365 1661 63 30 fall
451 1660 147 39 stadgat.

956 851 165 30 Beträdes
1146 850 115 39 någon
1285 849 78 29 med
1389 848 110 30 sådan
1522 845 125 39 olovlig

912 901 199 39 befattning
1140 900 80 30 med
1252 898 247 41 spritdrycker,
1532 906 73 20 som
1636 896 11 29 i

913 954 96 29 detta
1035 961 105 20 mom.
1166 952 88 38 sägs,
1279 950 64 30 och
1367 949 65 30 har
1456 948 70 30 han
1552 947 96 30 förut

913 1013 125 30 genom
1072 1001 317 41 lagakraftvunnen
1421 999 81 30 dom
1533 997 115 30 dömts

914 1054 57 29 för
1002 1052 185 31 enahanda
1219 1052 92 29 brott
1343 1050 83 30 eller
1458 1049 55 29 för
1546 1047 103 33 brott,

917 1113 76 21 som
1017 1112 97 21 avses
1137 1102 12 29 i
1174 1102 41 30 30
1244 1101 15 37 8
1289 1101 14 29 1
1328 1109 106 20 mom.
1459 1098 83 30 eller
1565 1097 39 30 31
1633 1096 15 37 8

916 1155 18 29 2
956 1163 106 20 mom.
1082 1153 11 29 i
1114 1151 251 39 förordningen
1385 1148 179 40 angående
1583 1146 68 31 till-

915 1204 171 37 verkning
1115 1203 65 29 och
1206 1200 224 39 beskattning
1457 1208 41 20 av
1525 1198 126 29 bränn-

917 1255 59 30 vin
999 1254 82 30 eller
1100 1253 11 29 i
1133 1253 40 29 22
1198 1252 15 37 8
1238 1252 15 29 1
1274 1260 105 21 mom.
1399 1250 11 29 i
1431 1247 221 39 förordning-

916 1314 44 21 en
996 1303 177 40 angående
1210 1301 127 30 handel
1373 1300 81 29 med
1491 1296 162 32 skattefri

919 1355 88 40 sprit
1027 1354 82 29 eller
1129 1353 11 30 i
1163 1353 37 29 11
1225 1352 15 37 8
1266 1352 15 29 1
1303 1360 105 20 mom.
1431 1349 112 30 första
1565 1349 88 37 styc-

917 1406 60 29 ket
1012 1404 12 29 i
1059 1402 251 38 förordningen
1347 1399 179 40 angående
1561 1397 92 30 vissa

919 1453 275 38 alkoholhaltiga
1216 1452 163 39 preparat
1400 1459 47 19 m.
1470 1457 57 26 m.,
1552 1446 102 31 straf-

919 1505 54 29 fes
998 1504 114 29 såsom
1135 1502 11 29 i
1172 1502 41 30 30
1240 1501 15 37 8
1285 1501 14 29 1
1326 1509 105 20 mom.
1456 1498 109 29 andra
1589 1496 66 29 och

920 1554 113 39 tredje
1068 1552 167 40 styckena
1267 1551 11 29 i
1312 1548 251 38 förordningen
1596 1555 59 21 an-

921 1604 131 40 gående
1081 1601 227 39 tillverkning
1337 1599 64 30 och
1431 1595 225 39 beskattning

922 1664 43 20 av
995 1652 173 31 brännvin
1202 1652 38 29 är
1271 1650 54 30 för
1356 1649 62 29 där
1452 1648 110 29 avsett
1593 1644 63 31 fall

922 1704 147 39 stadgat.

197 1763 19 30 2
251 1771 126 20 mom.
414 1760 89 30 Lika
526 1759 76 29 med
627 1776 45 3 —
695 1775 45 4 —
762 1775 45 3 —
830 1755 122 30 försök
978 1753 127 30 därtill.

191 1812 187 40 Angående
404 1809 214 40 delaktighet
644 1808 11 29 i
679 1808 103 33 brott,
807 1815 75 22 var-

148 1873 57 20 om
233 1864 11 29 i
276 1863 14 28 1
319 1871 105 20 mom.
454 1859 177 34 förmäles,
660 1857 92 30 skall
781 1857 64 29 vad
873 1857 10 28 i

147 1913 18 30 7
195 1913 17 34 8
239 1912 110 39 första
377 1910 137 39 stycket
541 1908 111 40 första
682 1907 64 30 och
774 1906 109 30 andra

149 1962 200 41 punkterna
371 1961 11 29 i
400 1960 100 39 lagen
520 1968 55 20 om
595 1958 108 39 straff
719 1957 57 39 för
794 1957 90 29 olov-

151 2013 46 39 lig
238 2010 234 39 varuinförsel
510 2009 116 39 finnes
655 2007 138 40 stadgat
821 2007 63 39 äga

150 2060 246 33 motsvarande
426 2058 231 40 tillämpning.

862 2164 39 29 16

967 1805 97 28 Hava
1107 1802 88 39 flera
1230 1798 202 32 medverkat
1469 1796 51 30 till
1554 1796 103 32 brott,

923 1863 121 22 varom
1068 1854 12 29 i
1106 1854 14 28 1
1147 1860 105 21 mom.
1279 1848 177 33 förmäles,
1480 1845 88 41 gälle
1594 1844 66 30 vad

925 1905 11 29 i
959 1904 19 29 3
1002 1904 79 38 kap.
1107 1900 208 40 strafflagen
1339 1899 39 29 är
1400 1897 148 39 stadgat.

929 2163 28 37 8.

201 2236 45 28 Är
269 2235 97 37 fråga
389 2252 44 3 —
454 2252 45 2 —
520 2251 43 3 —
582 2250 43 3 —
646 2250 44 3 —
713 2249 44 3 —
779 2231 78 29 med
882 2229 186 38 stämning.

196 2284 152 39 Påföljd,
368 2293 74 20 som
462 2283 11 29 i
501 2284 8 28 8
536 2284 9 33 $
562 2283 19 28 3
600 2291 105 20 mom.
726 2281 89 38 sägs,
832 2280 57 29 må

158 2336 34 39 ej
219 2335 155 36 ådömas,
402 2334 81 29 med
511 2332 135 30 mindre
675 2331 217 38 inteckning-

157 2393 61 21 ens
242 2383 210 30 innehavare
476 2381 138 30 erhållit
637 2379 253 31 underrättelse

157 2444 55 20 om
241 2433 106 30 målet
373 2433 11 30 i
409 2432 66 30 den
503 2431 158 39 ordning,
688 2440 75 20 som
788 2430 103 39 angå-
