1882 2796
522 157 119 30 Första
663 156 239 36 lagutskottets
922 153 175 31 utlåtande
1116 163 41 21 nr
1178 152 51 29 37.
1589 145 37 30 13

122 240 67 29 den
209 240 60 33 tid,
291 240 66 28 den
378 238 229 30 förevarande
631 237 101 39 lagen
753 237 70 29 kan
843 236 124 29 väntas
987 244 83 21 vara
1090 235 11 28 i
1121 233 97 30 kraft
1239 233 97 29 torde
1357 232 93 30 vissa
1470 231 153 30 erfaren-

122 291 97 29 heter
240 290 142 29 komma
402 291 50 28 att
472 289 134 33 vinnas,
629 297 74 20 som
725 287 37 29 få
782 286 90 30 bliva
892 285 196 39 avgörande
1108 284 57 30 vid
1186 284 56 29 det
1265 283 138 38 slutliga
1425 281 198 38 ställnings-

124 341 175 38 tagandet.

841 385 70 37 83.

169 442 13 29 I
211 440 261 41 propositionen
501 439 137 30 beröres
667 438 77 30 icke
773 438 162 29 närmare
964 436 91 29 huru
1086 435 89 31 skall
1204 434 153 30 förfaras
1385 433 79 30 med
1495 432 130 39 beslag-

123 493 93 38 taget
242 492 93 39 gods,
360 492 116 30 därest
501 490 151 39 beslaget
681 489 154 30 beslutas
862 489 99 29 skola
985 488 117 29 hävas.
1128 486 117 39 Enligt
1270 486 189 29 utskottets
1484 484 141 37 mening

125 543 98 29 torde
252 542 258 30 vederbörande
539 541 204 39 myndighet
773 539 97 30 alltid
900 548 84 21 vara
1015 537 135 40 skyldig
1181 537 205 29 underrätta
1416 536 127 38 ägaren
1573 534 52 29 till

126 594 120 39 godset
265 603 56 20 om
338 593 127 29 sådant
484 592 123 33 beslut,
628 591 120 30 såvida
768 590 130 29 dennes
916 598 108 20 namn
1044 588 63 30 och
1127 588 120 29 adress
1267 588 59 28 äro
1344 586 129 34 kända,
1493 585 132 30 oavsett

127 652 57 21 om
204 642 71 30 han
295 642 107 30 vistas
424 641 96 30 inom
541 640 81 30 eller
644 641 97 28 utom
763 638 124 30 landet.
909 637 103 30 Vilka
1033 636 197 37 ytterligare
1253 635 157 38 åtgärder
1432 644 76 20 som
1530 633 97 30 skola

128 692 158 39 vidtagas
306 692 92 29 bliva
418 690 170 30 beroende
609 690 45 39 på
676 690 40 29 de
740 690 162 28 närmare
926 687 355 38 omständigheterna.
1315 685 82 30 Ofta
1419 685 98 29 torde
1540 685 89 37 läget

126 744 233 40 kompliceras
380 751 124 32 genom
525 744 49 29 att
595 743 138 38 godsets
754 742 100 37 ägare
875 740 161 30 befinner
1061 740 50 38 sig
1131 739 11 29 i
1162 739 168 29 utlandet.
1352 737 147 39 Frågan,
1520 737 107 28 huru-

127 796 79 29 vida
237 795 118 39 godset
384 794 112 29 under
527 793 130 30 sådana
686 791 299 39 omständigheter
1015 789 85 30 skall
1131 790 123 29 kunna
1282 788 176 30 tillställas
1487 787 139 33 honom,

129 846 98 29 torde
250 846 75 29 icke
347 845 121 29 kunna
490 844 162 29 besvaras
675 841 175 40 generellt.

172 895 52 29 Då
246 893 242 31 motsvarande
513 892 155 38 problem
692 892 87 29 även
802 890 126 37 uppstå
950 888 218 31 beträffande
1192 888 127 37 beslag,
1343 897 75 20 som
1441 886 187 30 meddelats

130 945 107 38 enligt
255 945 109 29 andra
380 942 272 34 bestämmelser,
671 941 99 30 torde
788 941 101 29 dessa
908 939 181 40 spörsmål,
1112 939 116 30 såsom
1247 937 385 40 departementlschefen

130 994 216 34 framhåller,
366 994 38 29 få
421 994 186 37 övervägas
628 992 11 29 i
659 993 108 28 annat
790 990 265 39 sammanhang.

844 1085 18 29 9
886 1084 28 34 &.

175 1137 52 30 Då
248 1137 240 30 ansvarstalan
508 1136 104 37 enligt
634 1135 227 30 förevarande
884 1134 187 37 lagförslag
1092 1134 37 29 är
1151 1132 216 30 förbehållen
1389 1132 129 29 allmän
1539 1130 93 30 åkla-

132 1197 78 32 gare
235 1190 64 29 och
324 1187 319 31 särbestämmelser
668 1187 76 29 icke
769 1186 188 40 uppställts
982 1185 219 29 beträffande
1228 1183 320 39 förundersökning
1572 1191 60 20 an-

131 1239 129 37 gående
281 1239 101 34 brott,
405 1247 75 20 som
501 1246 96 21 avses
619 1237 11 29 i
652 1237 108 37 lagen,
783 1237 37 28 är
842 1235 186 38 åklagaren
1049 1234 137 37 jämlikt
1207 1233 304 30 bestämmelserna
1532 1233 11 28 i
1564 1233 68 28 rät-

132 1290 273 40 tegångsbalken
436 1290 121 38 högste
588 1287 469 39 förundersökningsledare.
1117 1286 50 29 De
1198 1285 266 39 ifrågavarande
1495 1284 137 29 brotten

133 1342 195 38 upptäckas
346 1340 192 30 emellertid
555 1340 11 28 i
583 1340 139 38 mycket
742 1341 70 28 stor
829 1338 245 38 utsträckning
1092 1347 41 20 av
1150 1336 294 39 tulltjänstemän.
1463 1336 108 29 Dessa
1588 1335 44 29 ha

133 1392 90 29 dock
244 1392 76 29 icke
343 1391 110 38 ålagts
475 1390 114 38 någon
611 1389 133 30 allmän
767 1388 196 39 skyldighet
986 1389 49 28 att
1057 1387 188 29 medverka
1266 1386 11 29 i
1299 1384 335 38 förundersökning-

133 1450 43 20 en
203 1442 85 27 utan
314 1440 44 29 ha
385 1439 106 37 enligt
519 1438 221 38 lagförslaget
767 1438 12 28 i
806 1437 185 30 huvudsak
1018 1437 86 29 blott
1131 1436 195 29 tillerkänts
1353 1434 205 38 befogenhet
1586 1436 49 27 att

134 1494 80 37 taga
236 1492 83 38 gods
340 1492 11 28 i
372 1491 117 38 beslag
512 1493 88 27 samt
622 1491 50 28 att
694 1490 11 29 i
727 1489 93 30 vissa
841 1489 63 29 fall
927 1488 97 39 gripa
1045 1487 190 30 misstänkt
1257 1487 64 29 och
1344 1486 211 30 föranstalta
1577 1494 57 21 om

133 1541 181 37 hämtning
339 1541 52 29 till
418 1540 132 29 förhör.

179 1593 65 29 Det
272 1594 37 28 är
337 1601 40 20 ur
404 1592 89 30 flera
520 1591 218 39 synpunkter
766 1589 189 40 angeläget,
984 1590 50 28 att
1061 1588 482 38 förundersökningsledaren
1571 1586 64 30 och

135 1643 355 39 tulltjänstemännen
514 1641 196 30 samarbeta
732 1640 110 29 under
865 1639 366 38 förundersökningen
1254 1637 11 29 i
1287 1637 78 34 mål,
1386 1646 122 20 varom
1529 1646 46 19 nu
1599 1637 38 28 är

135 1694 110 39 fråga.
272 1693 51 30 Av
348 1692 267 39 lättförståeliga
643 1692 75 29 skäl
745 1692 70 28 kan
842 1691 188 38 åklagaren
1057 1690 74 29 icke
1160 1689 90 39 själv
1276 1689 199 38 ombesörja
1501 1688 66 30 alla
1594 1688 41 29 de

134 1744 53 28 till
215 1742 361 37 förundersökningen
600 1741 155 29 hörande
782 1741 167 36 åtgärder,
978 1749 74 20 som
1077 1739 108 29 måste
1212 1739 154 37 vidtagas
1393 1739 12 28 i
1431 1739 100 29 dessa
1556 1736 80 31 mål.

137 1794 67 29 För
227 1793 305 30 åstadkommande
555 1801 41 20 av
618 1793 46 28 ett
686 1791 161 30 effektivt
869 1790 190 30 samarbete
1081 1789 109 30 måste
1213 1789 184 37 åklagaren
1419 1789 119 29 kunna
1561 1788 76 37 giva

136 1844 345 36 tulltjänstemännen
512 1842 93 29 såväl
636 1842 171 37 generella
836 1841 148 29 direktiv
1014 1840 65 29 hur
1109 1840 323 39 förundersökning
1464 1839 87 30 skall
1581 1840 56 28 be-

137 1894 116 29 drivas
278 1903 74 20 som
378 1893 171 29 särskilda
573 1892 156 37 uppdrag
754 1892 11 28 i
791 1891 96 37 fråga
913 1900 57 20 om
994 1891 177 28 bestämda
1197 1890 167 37 åtgärder.
1391 1889 125 30 Härtill
1541 1889 96 30 torde

138 1946 189 37 åklagaren
353 1945 76 28 icke
456 1953 83 20 vara
565 1942 143 39 behörig
734 1944 86 27 utan
848 1942 77 29 stöd
954 1951 42 20 av
1023 1941 141 30 särskilt
1193 1941 189 38 stadgande
1410 1941 10 29 i
1448 1941 65 38 lag.
1542 1940 96 29 Hans

139 1994 217 30 förhållande
388 1994 53 28 till
473 1992 336 38 polismyndigheten
840 1991 110 29 under
983 1990 360 37 förundersökningen
1375 1990 149 37 regleras
1557 1989 10 29 i
1600 1988 39 30 23

138 2047 80 38 kap.
252 2046 18 29 3
304 2045 15 36 $
353 2045 83 29 sista
470 2044 133 39 stycket
636 2042 340 40 rättegångsbalken,
1010 2042 104 38 enligt
1147 2042 107 29 vilket
1287 2041 173 39 åklagare,
1494 2041 44 30 då
1569 2041 70 29 för-

137 2096 263 38 undersökning
424 2095 93 29 ledes
541 2104 40 19 av
605 2094 141 34 honom,
771 2094 78 38 äger
874 2095 50 27 att
948 2092 57 30 vid
1030 2092 326 39 undersökningens
1380 2092 257 29 verkställande

140 2147 108 29 anlita
273 2146 132 29 biträde
431 2155 42 20 av
495 2144 295 40 polismyndighet
815 2143 37 29 så
876 2143 66 29 ock
965 2143 180 39 uppdraga
1170 2143 34 29 åt
1229 2142 173 39 polisman
1427 2143 50 28 att
1501 2142 138 38 vidtaga

140 2196 151 29 särskild
316 2195 51 29 till
395 2193 303 37 undersökningen
724 2193 153 28 hörande
904 2192 129 36 åtgärd,
1060 2201 56 20 om
1142 2192 78 29 dess
1247 2191 243 30 beskaffenhet
1514 2191 126 30 tillåter

141 2245 68 29 det.
240 2245 174 28 Utskottet
433 2243 147 29 föreslår
598 2243 44 38 på
661 2242 147 30 anförda
828 2242 85 33 skäl,
936 2243 50 27 att
1006 2241 10 29 i
1035 2241 229 29 förevarande
1283 2242 18 28 9
1323 2241 15 36 8
1359 2251 41 19 av
1420 2241 222 38 lagförslaget

143 2294 116 30 såsom
281 2295 47 28 ett
349 2295 75 37 nytt
445 2293 109 28 andra
575 2292 118 39 stycke
714 2292 96 29 skola
832 2292 134 28 införas
987 2291 272 33 bestämmelser,
1283 2291 244 29 motsvarande
1551 2291 9 29 i
1582 2291 62 28 hu-

141 2344 137 29 vudsak
298 2343 190 29 innehållet
511 2342 10 29 i
542 2341 239 39 nyssnämnda
805 2341 190 37 stadgande
1015 2341 9 28 i
1046 2340 338 38 rättegångsbalken.

185 2395 171 28 Ulskottet
376 2393 60 29 vill
460 2393 9 28 i
492 2393 90 29 detta
604 2391 249 36 sammanhang
876 2391 140 29 särskilt
1038 2391 89 29 fästa
1149 2390 351 37 uppmärksamheten
1521 2391 43 37 på
1585 2391 55 29 det

142 2446 139 39 mycket
308 2445 137 37 vanliga
473 2444 107 31 fallet,
608 2444 50 28 att
685 2451 175 31 personer,
890 2452 74 19 som
994 2442 51 29 stå
1073 2442 10 29 i
1111 2442 150 39 begrepp
1290 2444 48 27 alt
1367 2442 117 30 lämna
1513 2443 128 33 landet,

142 2496 82 36 göra
253 2495 50 37 sig
329 2494 158 36 skyldiga
514 2493 49 29 till
592 2493 120 29 försök
740 2492 49 29 till
819 2491 127 37 olovlig
973 2491 243 30 varuutförsel.
1244 2491 44 29 Är
1315 2492 55 29 det
1397 2492 121 29 därvid
1547 2491 94 37 fråga
