1882 2838
289 154 38 30 22
695 159 115 31 Andra
829 160 237 36 lagutskottets
1087 161 175 31 utlåtande
1281 162 49 30 Nr
1351 164 48 29 4s.

292 242 245 38 huvudparten
557 253 42 20 av
618 244 184 30 arbetarna
823 245 98 30 skola
940 245 117 30 ställas
1078 246 141 30 utanför
1239 246 66 30 den
1323 246 178 36 reglering,
1523 256 74 21 som
1618 257 42 20 av
1682 249 117 29 starka

297 293 128 30 sociala
450 294 75 30 skäl
548 304 99 20 anses
670 293 173 37 påkallad.

340 344 46 30 Ur
410 345 398 37 konkurrenssynpunkt
828 345 109 31 måste
961 347 55 30 det
1037 347 86 30 även
1144 347 56 30 för
1219 347 222 36 jordbrukets
1464 348 231 36 arbetsgivare
1718 358 82 20 vara

297 403 41 21 av
362 395 83 36 vikt,
469 398 48 27 att
540 396 212 36 regleringen
775 406 42 20 av
841 397 219 36 arbetstiden,
1086 396 100 32 såvitt
1209 398 55 30 det
1285 397 86 31 låter
1394 398 48 36 sig
1465 399 93 36 göra,
1584 399 78 29 sker
1684 400 117 29 enhet-

296 445 68 37 ligt.

341 496 116 36 Enligt
479 497 181 30 utskottets
683 498 138 36 mening
845 499 37 29 är
906 498 123 37 Kungl.
1053 499 117 37 Maj:ts
1194 499 129 36 förslag
1344 500 10 29 i
1376 500 114 30 denna
1510 500 56 30 del
1588 500 56 30 väl
1668 501 132 35 avvägt,

296 547 119 30 varför
434 548 165 30 utskottet
618 548 55 30 för
694 548 52 30 sin
767 549 53 29 del
839 549 58 30 vill
917 550 137 29 ansluta
1073 550 48 36 sig
1142 550 51 30 till
1213 550 203 30 detsamma.

341 598 49 30 De
419 597 219 39 svårigheter,
666 608 76 21 som
772 599 57 30 vid
859 600 117 36 lagens
1006 600 217 37 tillämpning
1251 601 164 37 möjligen
1443 602 120 29 kunna
1590 601 127 37 uppstå
1746 602 55 30 för

295 648 137 31 mindre
455 649 142 36 företag,
623 650 97 30 torde
744 653 84 27 utan
851 653 48 27 att
924 651 116 36 lagens
1065 651 88 36 syfte
1177 652 181 36 äventyras
1384 652 118 30 kunna
1528 652 10 29 i
1563 652 162 37 tillbörlig
1748 656 51 27 ut-

295 699 200 37 sträckning
513 700 143 31 beaktas
675 701 10 29 i
704 700 215 38 dispensväg.

340 805 198 41 Undantag
561 806 85 32 från
670 807 126 40 lagens
821 808 243 41 tillämpning
1086 808 227 33 beträffande
1336 809 93 32 visst
1454 809 295 32 ackordsarbete.

336 884 117 36 Enligt
483 884 40 30 de
554 885 210 36 sakkunigas
794 885 195 39 lagförslag,
1021 896 73 20 som
1127 887 209 30 därutinnan
1368 896 59 21 var
1459 887 174 36 enhälligt,
1665 887 131 30 undan-

292 936 73 34 togs
392 933 80 31 från
497 936 115 35 lagens
635 936 229 36 tillämpning,
891 937 107 30 bland
1021 940 115 33 annat,
1166 938 135 30 »arbete
1323 947 76 21 som
1424 938 10 30 i
1458 939 89 35 regel
1570 938 131 30 utföres
1727 941 72 28 mot

292 985 372 37 ackordsersättning».
684 1003 45 5 —
747 987 15 29 I
781 987 154 31 nämnda
953 987 130 37 förslag
1101 987 104 31 fanns
1226 988 156 30 däremot
1400 988 75 30 icke
1493 988 112 31 direkt
1625 992 113 33 utsagt
1755 1006 43 4 —

292 1034 44 37 på
358 1036 67 29 sätt
449 1045 73 21 som
545 1037 138 36 stadgas
707 1037 110 30 under
840 1036 31 40 a)
901 1037 10 30 i
934 1038 67 30 den
1024 1037 184 32 utfärdade
1231 1039 98 36 lagen
1352 1056 44 4 —
1419 1041 50 28 att
1491 1038 79 31 från
1592 1040 116 35 lagens
1732 1040 65 29 till-

292 1085 180 37 lämpning
494 1087 109 30 skulle
627 1096 84 21 vara
733 1088 211 36 undantaget
972 1088 133 31 »arbete
1127 1098 74 21 som
1224 1088 130 31 utföres
1380 1089 110 30 under
1512 1088 131 32 sådana
1668 1089 129 31 förhål-

293 1136 126 30 Janden
441 1139 49 27 att
510 1137 55 30 det
588 1137 31 37 ej
643 1137 71 30 kan
735 1147 99 21 anses
857 1138 196 31 tillkomma
1074 1139 255 36 arbetsgivaren
1353 1142 49 28 att
1425 1140 91 30 vaka
1537 1141 79 29 över
1638 1140 77 31 dess
1738 1149 57 22 an-

290 1186 213 31 ordnande>.
1765 1206 2 4 :

335 1236 68 31 För
425 1237 206 36 yttrandena
653 1239 82 29 över
759 1238 360 37 sakkunnigförslaget
1142 1240 9 29 i
1176 1239 110 31 denna
1311 1239 53 31 del
1388 1240 181 36 redogöres
1593 1240 20 30 å
1634 1240 61 30 sid.
1721 1241 40 30 33
1787 1239 9 31 i

290 1287 261 36 propositionen
567 1297 42 21 nr
626 1288 52 30 94.

334 1371 14 30 I
370 1372 260 36 propositionen
653 1381 41 20 nr
717 1367 162 41 230/1936
901 1371 145 32 anförde
1069 1372 250 37 föredragande
1341 1373 379 37 departementschefen
1741 1374 54 30 be-

290 1421 175 31 träffande
486 1431 48 21 nu
554 1421 264 37 ifrågavarande
839 1423 435 36 undantagsbestämmelse
1300 1420 75 40 (sid.
1401 1425 69 35 70):

336 1471 219 37 Undantaget
576 1472 221 30 beträffande
817 1474 126 34 arbete,
966 1482 74 21 som
1061 1474 9 29 i
1092 1475 89 35 regel
1201 1474 131 30 utföres
1354 1478 71 26 mot
1447 1475 348 36 ackordsersättning,

291 1513 129 30 saknar
443 1514 111 30 direkt
574 1515 246 36 motsvarighet
840 1515 10 29 i
872 1516 177 30 allmänna
1070 1516 292 37 arbetstidslagen.
1408 1517 72 30 Mot
1501 1517 162 36 förslaget
1684 1517 10 30 i
1716 1517 79 30 den-

292 1564 44 21 na
357 1556 55 29 del
433 1556 64 30 har
518 1556 78 31 från
615 1557 90 30 vissa
725 1558 257 36 myndigheters
1003 1558 74 30 sida
1099 1559 143 35 anförts,
1265 1562 48 27 att
1335 1559 56 30 det
1411 1569 81 21 vore
1512 1560 207 36 principiellt
1739 1560 56 30 be-

290 1598 148 37 tänkligt
461 1602 49 26 alt
530 1616 44 4 —
594 1599 10 29 i
627 1602 143 27 motsats
792 1600 50 29 till
864 1601 67 29 vad
953 1610 75 20 som
1051 1601 110 36 gällde
1183 1601 103 37 enligt
1310 1602 178 30 allmänna
1511 1602 284 36 arbetstidslagen

289 1657 45 4 —
355 1639 70 31 låta
447 1641 319 37 avlöningsformen
788 1643 127 35 avgöra
938 1642 122 37 frågan
1086 1653 56 20 om
1165 1644 116 36 lagens
1303 1644 231 36 tillämpning,
1560 1646 164 29 ävensom
1747 1647 49 27 att

291 1681 54 31 för
364 1682 165 37 förslaget
547 1684 113 30 talade
682 1687 46 27 ett
748 1685 89 29 enda
859 1685 85 35 skäl,
966 1685 172 37 nämligen
1157 1686 216 36 svårigheten
1393 1687 55 30 för
1469 1687 256 36 arbetsgivaren
1746 1690 49 27 att

290 1724 222 31 beträffande
532 1726 118 35 dylika
667 1727 140 29 arbeten
828 1727 210 30 kontrollera
1056 1728 219 35 arbetstiden,
1295 1728 105 31 vilket
1419 1729 75 30 skäl
1513 1729 189 31 emellertid
1720 1730 76 30 icke

290 1767 107 30 borde
418 1767 180 31 föranleda
619 1771 107 27 annat
746 1769 178 37 undantag
946 1771 45 28 än
1010 1770 220 30 beträffande
1254 1770 123 31 sådant
1397 1772 117 30 arbete
1535 1781 73 21 som
1632 1773 162 35 arbetsgi-

291 1817 105 22 varen
422 1809 76 30 icke
524 1810 115 30 kunde
664 1810 138 37 åläggas
827 1814 48 27 att
902 1812 221 30 kontrollera.
1174 1813 63 30 Det
1262 1813 64 30 har
1351 1813 119 31 vidare
1496 1813 219 37 framhållits,
1745 1817 49 27 att

291 1851 176 30 missbruk
494 1852 115 30 kunde
636 1853 148 35 befaras,
810 1863 57 20 om
891 1854 463 36 undantagsbestämmelsen
1379 1855 102 37 gåves
1508 1857 65 30 den
1599 1857 196 36 föreslagna

291 1893 146 36 formen,
462 1897 88 27 samt
571 1897 48 27 att
643 1895 212 37 undantaget
877 1896 9 29 i
911 1895 96 37 varje
1031 1896 60 30 fall
1113 1897 74 30 icke
1210 1898 115 29 kunde
1349 1897 36 31 få
1407 1898 147 31 omfatta
1579 1902 126 27 statare
1728 1900 65 29 och

290 1935 110 30 andra
422 1936 69 29 fast
512 1937 171 29 anställda
707 1938 165 30 arbetare.
894 1955 45 4 —
959 1938 74 31 Vad
1055 1937 145 32 sålunda
1223 1939 133 31 anförts
1380 1950 100 27 synes
1502 1941 70 37 mig
1592 1942 122 35 utgöra
1737 1943 56 28 vä-

290 1977 111 36 gande
421 1978 76 29 skäl
517 1978 54 30 för
591 1981 49 28 att
660 1979 76 30 icke
756 1983 151 33 upptaga
927 1981 265 30 bestämmelsen
1215 1982 9 29 i
1246 1982 214 31 oförändrad
1481 1983 101 30 form.
1629 1983 164 31 Däremot

289 2019 97 30 torde
410 2019 71 30 risk
507 2020 54 30 för
584 2021 176 30 missbruk
784 2022 173 37 knappast
983 2023 174 37 föreligga,
1186 2024 113 30 därest
1323 2024 266 37 ifrågavarande
1615 2026 178 36 undantag

289 2061 135 37 utbytes
444 2065 71 27 mot
533 2063 71 30 dels
622 2066 46 27 ett
686 2064 186 37 undantag,
891 2064 87 31 efter
997 2066 151 30 mönster
1167 2075 43 21 av
1227 2067 178 30 allmänna
1423 2068 294 36 arbetstidslagen,
1738 2068 54 31 för

289 2104 126 35 arbete,
440 2113 74 21 som
534 2105 130 30 utföres
685 2106 109 30 under
816 2106 131 31 sådana
968 2107 243 31 förhållanden
1232 2111 48 27 att
1303 2109 56 30 det
1379 2109 30 37 ej
1432 2110 70 30 kan
1523 2119 98 21 anses
1642 2111 148 30 tillkom-

289 2154 55 21 ma
364 2147 255 36 arbetsgivaren
639 2150 49 27 att
709 2148 89 30 vaka
817 2149 79 29 över
917 2149 77 30 dess
1014 2150 194 35 utförande,
1228 2151 65 29 och
1312 2151 72 31 dels
1405 2155 46 27 ett
1469 2153 179 36 undantag
1667 2153 54 30 för
1740 2153 50 31 så-

288 2187 84 30 dant
390 2189 266 30 ackordsarbete
675 2199 43 20 av
737 2190 89 30 vissa
843 2191 111 30 oftare
972 2191 286 32 förekommande
1277 2193 81 35 slag,
1378 2203 75 21 som
1472 2194 130 31 utföres
1621 2204 43 21 av
1682 2196 109 31 andra

288 2229 44 29 än
354 2230 186 36 företagets
561 2231 68 30 fast
653 2233 171 29 anställda
847 2234 167 30 arbetare.
1059 2234 14 30 I
1099 2235 65 29 den
1187 2244 119 21 senare
1328 2232 462 45 undantagsbestämmelsen

287 2271 97 30 torde
408 2272 122 30 därvid
550 2273 85 30 böra
656 2273 187 32 innefattas
863 2276 117 30 arbete
1003 2276 78 30 med
1102 2277 126 30 skötsel
1250 2278 64 29 och
1337 2279 216 37 upptagning
1576 2289 42 21 av
1639 2280 152 30 rotfruk-

287 2315 60 33 ter,
368 2314 146 37 dikning
531 2315 65 29 och
615 2316 230 35 skogsarbete.
887 2317 164 37 Möjligen
1069 2319 109 30 andra
1197 2319 288 32 förekommande
1504 2322 71 36 fall,
1596 2322 92 31 vilka
1706 2324 86 29 böra

287 2355 143 31 därmed
448 2355 202 37 jämställas,
669 2358 98 30 torde
786 2358 119 31 kunna
924 2360 104 30 vinna
1045 2361 194 31 beaktande
1257 2362 260 38 dispensvägen.

331 2422 280 38 Propositionens
636 2423 186 40 lagförslag
843 2425 153 32 innehöll
1019 2427 10 30 i
1051 2428 199 38 anslutning
1273 2429 116 31 härtill
1414 2433 46 28 ett
1482 2431 178 38 undantag
1681 2432 110 30 under

286 2471 31 40 a)
343 2481 43 21 av
406 2483 134 22 samma
559 2475 128 37 lydelse
707 2484 74 21 som
803 2478 243 30 motsvarande
1064 2479 178 37 undantag
1261 2480 9 29 i
1291 2480 65 30 den
1377 2481 185 31 utfärdade
1582 2483 99 36 lagen
1701 2484 89 29 samt
