1924 2842
505 189 397 34 Jordbruksutskottets
929 191 188 33 utlåtande
1145 193 52 32 Nr
1219 195 51 29 36.
1568 198 17 29 7

169 272 134 36 Kungl.
328 272 120 38 Maj:ts
473 274 228 32 förevarande
719 276 268 37 framställning
1005 278 147 32 innebär
1168 279 109 32 sådan
1294 280 153 37 ändring
1463 291 44 21 av
1525 291 103 23 mom.

123 325 19 27 6
168 324 11 29 i
204 323 176 32 villkoren
415 326 55 30 för
494 326 59 31 lån
578 326 80 31 från
681 327 450 39 gödselvårdslånefonden,
1156 332 52 29 att
1232 331 193 33 detsamma
1448 333 145 37 bringas
1617 335 11 29 i

125 374 241 38 huvudsaklig
400 379 347 30 överensstämmelse
779 379 78 31 med
891 381 247 32 motsvarande
1172 383 216 36 stadganden
1412 385 216 32 beträffande

124 426 177 32 villkoren
337 428 54 30 för
427 428 58 31 lån
520 429 80 31 från
635 430 264 37 täckdiknings-
938 432 196 36 respektive
1162 434 359 37 nyodlingsfonderna
1544 437 85 32 eller

124 477 77 31 med
234 478 110 31 andra
379 479 61 31 ord
468 481 53 30 att
545 480 66 31 den
635 481 273 37 inskränkning,
933 493 73 21 som
1030 493 49 22 nu
1103 484 113 32 finnes
1240 486 148 36 stadgad
1411 487 216 33 beträffande

121 528 224 32 arrendators
381 532 70 29 rätt
486 531 58 30 till
568 531 301 37 gödselvårdslån,
894 535 166 30 ävensom
1084 536 268 32 bestämmelsen
1376 548 56 21 om
1455 539 171 32 företräde

122 580 55 30 för
210 580 214 32 innehavare
456 591 45 21 av
525 582 101 36 högst
650 583 40 31 50
714 583 124 31 hektar
861 584 85 31 åker
969 585 98 31 skola
1091 596 42 21 ur
1157 587 308 32 bestämmelserna
1488 590 55 31 för
1566 590 61 31 lån

122 631 86 38 från,
228 632 130 31 fonden
383 632 188 38 borttagas.

164 708 53 31 Då
251 709 169 32 utskottet
455 711 75 31 icke
556 712 119 30 funnit
699 713 108 35 något
830 715 53 29 att
906 715 120 30 erinra
1050 717 71 30 mot
1146 716 323 39 framställningen,
1494 720 55 36 får
1572 722 53 29 ut-
1673 704 146 45 Utskottet.

120 761 129 30 skottet
273 761 197 37 hemställa,

564 851 52 30 att
644 850 191 38 riksdagen
859 853 58 29 må
940 853 126 30 bifalla
1090 853 136 37 Kungl.
1250 855 121 36 Maj:ts
1396 856 230 34 förevarande

520 902 227 35 proposition.

162 1001 202 33 Stockholm
388 1004 66 31 den
478 1005 40 30 23
542 1005 93 36 april
660 1005 93 31 1925.

557 1109 50 30 På
630 1108 381 37 jordbruksutskottets
1035 1114 150 35 vägnar:

739 1195 37 32 O.
800 1195 203 34 NILSSON.

163 1462 195 24 Närvarande:
377 1470 28 17 se
424 1463 145 25 utlåtande
589 1472 34 17 nr
642 1466 40 23 34.
