2180 2636
761 174 234 42 Lagutskottets
1018 176 164 31 utlåtande
1207 178 46 29 Nr
1276 179 51 28 21.
1766 181 31 28 11

378 248 51 36 De
459 250 154 36 sålunda
649 252 132 36 väckta
813 253 232 36 motionerna
1073 254 111 35 blevo
1215 255 52 35 till
1301 256 88 47 följd
1422 270 44 21 av
1498 257 224 46 riksdagens
1754 272 90 34 upp-

247 299 150 48 lösning
426 300 81 37 icke
536 302 156 36 föremål
725 303 56 35 för
809 305 84 35 dess
922 306 244 46 behandling.

374 351 84 36 Med
504 354 232 47 hänvisning
778 355 53 36 till
873 370 143 22 samma
1058 358 231 46 motivering
1317 358 152 36 väcktes
1505 360 60 35 vid
1594 374 129 22 senare
1753 362 90 34 riks-

243 402 123 48 dagen
408 403 161 37 sistlidet
611 408 40 32 år
685 406 102 35 inom
824 407 95 36 båda
950 409 196 35 kamrarna
1175 412 98 45 ånyo
1304 411 183 35 motioner
1516 411 53 35 uti
1599 412 244 37 förevarande

243 467 147 22 ämnen.

375 505 8 35 I
416 505 64 35 sitt
512 508 188 35 atlåtande
729 509 59 39 (nr
819 509 58 48 14)
908 515 89 30 över
1025 516 125 30 senast
1179 511 159 36 berörda
1368 513 183 36 motioner
1579 515 156 35 anförde
1761 516 80 45 lag-

243 555 198 36 utskottet:

374 658 282 39 »Förevarande
698 664 184 35 motioner
923 664 133 36 beröra
1098 672 51 29 ett
1192 670 120 41 ämne,
1351 679 79 23 som
1459 668 121 35 under
1608 669 72 36 den
1709 682 129 23 senare

242 708 100 36 tiden
372 710 10 34 i
412 710 65 35 allt
517 711 119 48 högre
664 714 94 47 grad
788 715 182 47 tilldragit
998 717 61 47 sig
1085 717 338 49 uppmärksamhet
1450 718 104 37 inom
1581 720 88 36 vida
1697 721 142 36 kretsar

233 774 54 21 av
329 763 69 34 vårt
426 762 99 36 land.
582 764 84 37 Med
694 767 172 36 växande
895 780 65 23 oro
981 768 70 36 och
1072 768 222 49 bekymmer
1313 769 97 36 hava
1430 770 198 48 iakttagits
1648 773 191 48 åtskilliga

240 811 146 48 tecken,
417 826 79 22 som
527 815 124 37 utvisa
679 817 240 49 djupgående
949 819 134 37 brister
1113 821 7 34 i
1150 823 84 33 vårt
1262 820 98 37 folks
1388 822 146 48 sedliga
1553 823 62 35 liv.
1654 823 69 36 Tid
1745 825 95 35 efter

238 876 127 23 annan
407 864 97 36 hava
546 867 158 37 sinnena
737 874 177 44 upprörts
942 884 48 22 av
1018 871 326 48 våldsgärningar,
1374 873 101 36 vilka
1504 873 94 37 både
1627 887 138 35 genom
1793 889 46 23 en

239 914 68 36 allt
334 915 177 37 talrikare
540 917 210 38 förekomst
778 921 71 36 och
876 934 138 35 genom
1046 922 71 36 den
1146 923 108 36 råhet
1274 924 69 35 och
1363 925 374 49 sinnesförvildning,
1758 941 79 23 som

237 966 132 36 därvid
410 972 93 31 trätt
540 969 9 34 i
589 969 135 50 dagen,
768 975 117 34 måste
927 974 129 46 ingiva
1098 974 45 36 de
1185 975 255 48 allvarligaste
1481 976 190 49 farhågor.
1728 977 111 38 Såväl

238 1017 413 40 kriminalstatistikens
679 1023 126 36 siffror
832 1037 78 23 som
942 1024 155 37 allmänt
1127 1025 123 37 kända
1279 1027 260 37 förhållanden
1561 1030 174 35 utmärka
1753 1031 85 36 med

237 1068 195 50 beklaglig
473 1071 201 49 tydlighet,
717 1080 54 30 att
812 1076 208 36 tillståndet
1048 1077 9 35 i
1088 1077 139 49 sedligt
1269 1078 213 37 hänseende
1521 1083 47 45 på
1595 1084 140 45 många
1762 1082 75 36 håll

238 1120 169 38 befinner
447 1123 60 48 sig
544 1124 8 35 i
593 1125 223 49 sjunkande.
874 1128 52 36 På
967 1142 140 22 samma
1152 1132 107 46 gång
1300 1131 167 48 framgår
1509 1145 45 22 av
1595 1132 73 37 den
1710 1135 127 35 starka

238 1172 193 50 ökningen
462 1175 8 34 i
500 1177 142 35 antalet
684 1190 46 23 av
766 1179 46 36 de
849 1179 113 48 brott,
1000 1193 81 24 som
1120 1181 97 36 rikta
1255 1182 60 48 sig
1343 1188 100 31 emot
1471 1189 123 31 staten
1622 1185 96 47 själv
1747 1186 90 36 eller

233 1224 89 36 dess
352 1238 131 36 organ,
513 1233 56 30 att
596 1228 161 37 känslan
786 1231 58 36 för
870 1232 357 37 samhällsmaktens
1255 1233 205 37 auktoritet
1487 1235 11 35 i
1527 1235 197 50 betänklig
1743 1237 94 49 grad

236 1276 179 49 slappats.
462 1277 66 37 Ett
554 1279 245 50 förhållande,
826 1296 79 23 som
925 1284 144 48 jämväl
1090 1297 43 23 ur
1152 1284 101 37 olika
1272 1286 235 48 synpunkter
1525 1286 137 38 kräver
1680 1302 157 35 synner-

234 1326 55 49 lig
328 1330 346 49 uppmärksamhet,
717 1337 41 31 är
794 1339 55 30 att
878 1337 82 33 vårt
987 1336 88 36 land
1104 1336 8 35 i
1144 1336 449 50 befolkningsstatistiskt
1621 1339 215 38 hänseende

236 1379 150 48 intager
413 1393 47 23 en
489 1394 213 37 ogynnsam
732 1385 68 36 och
831 1386 161 48 alltjämt
1018 1387 210 37 försämrad
1257 1388 192 49 ställning.

363 1431 85 36 Men
478 1437 95 33 även
603 1435 119 36 andra
749 1436 215 38 företeelser
983 1443 47 31 än
1050 1439 58 47 de,
1129 1438 58 36 för
1206 1439 104 36 vilka
1329 1441 215 36 statistiken
1563 1442 146 37 lämnar
1727 1444 107 36 redo-

232 1482 167 48 visning,
443 1484 167 50 häntyda
651 1489 48 47 på
740 1489 354 37 missförhållanden
1124 1491 10 35 i
1162 1490 159 38 berörda
1357 1493 224 36 avseenden.
1636 1494 200 51 Yttringar

234 1547 47 22 av
322 1534 117 47 råhet,
479 1537 178 36 övermod
686 1539 68 36 och
785 1541 207 48 självsvåld
1015 1543 123 36 vittna
1167 1556 62 23 om
1258 1543 125 50 dåliga
1410 1544 218 50 inflytelser,
1661 1560 79 23 som
1769 1550 64 46 på-

233 1586 115 36 verka
389 1587 100 37 olika
530 1589 149 37 kretsar
720 1605 47 22 av
803 1595 84 34 vårt
922 1593 91 47 folk,
1047 1594 32 48 ej
1111 1595 116 36 minst
1255 1595 85 37 dess
1368 1597 181 47 ungdom.
1604 1598 52 36 På
1684 1605 149 31 senaste

231 1637 54 36 tid
327 1638 109 47 hava,
481 1643 123 34 såsom
642 1643 278 38 motionärerna
952 1646 152 47 erinrat,
1133 1646 190 37 framträtt
1350 1648 103 36 vissa
1481 1649 255 50 åskådningar
1763 1652 67 35 och

230 1690 170 46 rörelser,
422 1691 100 37 vilka
542 1705 80 24 mer
640 1694 91 36 eller
750 1696 146 36 mindre
916 1697 189 37 medvetet
1123 1698 240 49 undergräva
1377 1699 45 36 de
1439 1700 147 50 sedliga
1602 1701 228 51 begreppen.

231 1739 107 38 Inför
378 1742 128 49 dylika
534 1745 232 47 företeelser,
796 1748 102 36 vilka
926 1750 12 34 i
966 1753 119 33 större
1113 1750 91 37 eller
1232 1750 146 37 mindre
1405 1753 267 49 utsträckning
1700 1754 131 37 beröra

225 1792 80 36 alla
332 1793 352 52 befolkningslager
712 1799 70 36 och
811 1799 81 37 icke
920 1800 129 37 kunna
1077 1807 161 43 antagas
1266 1816 91 22 vara
1376 1816 46 23 av
1440 1803 98 37 blott
1556 1805 167 49 tillfällig
1741 1807 91 36 eller

231 1846 237 46 övergående
500 1855 70 39 art,
600 1852 121 33 måste
750 1850 63 37 det
840 1851 156 37 framstå
1024 1855 124 34 såsom
1177 1867 48 23 en
1253 1855 310 37 statsmakternas
1591 1857 239 50 ovillkorliga

230 1895 96 49 plikt
368 1903 64 41 att,
470 1898 3 35 i
502 1899 72 36 den
617 1903 87 34 mån
748 1902 62 37 det
846 1916 139 35 genom
1014 1904 108 37 deras
1151 1906 236 48 åtgöranden
1415 1907 74 36 kan
1518 1908 76 47 ske,
1624 1909 93 36 söka
1745 1910 84 36 med

229 1947 118 37 allvar
388 1950 70 36 och
499 1950 102 37 kraft
642 1955 198 35 motverka
881 1956 45 36 de
970 1956 109 47 faror,
1111 1958 151 36 varmed
1291 1958 108 36 dessa
1427 1960 286 50 samhällslyten
1741 1962 88 36 hota

230 2001 83 34 vårt
340 2000 89 37 folk.

357 2052 16 36 I
416 2055 220 49 anslutning
674 2057 55 35 till
759 2058 298 38 motionärernas
1086 2060 283 50 framställning
1396 2062 68 36 har
1492 2064 184 37 utskottet
1703 2065 126 37 därför

226 2104 61 34 för
331 2104 58 36 sin
434 2105 58 36 del
536 2107 127 37 funnit
702 2108 73 37 den
815 2109 145 49 viktiga
1004 2111 69 36 och
1115 2112 234 38 omfattande
1390 2114 134 48 frågan
1559 2129 59 22 om
1649 2117 179 49 lämpliga

225 2156 180 47 åtgärder
432 2157 10 35 i
472 2158 135 36 sådant
634 2159 99 49 syfte
761 2174 51 22 nu
840 2162 93 36 böra
961 2176 46 23 av
1034 2163 207 49 riksdagen
1268 2165 249 38 underställas
1539 2167 142 49 Kungl.
1703 2168 125 50 Maj:ts

224 2206 254 50 heprövande.

357 2260 51 36 På
429 2265 75 32 sätt
523 2263 281 37 motionärerna
823 2264 215 49 framhållit,
1056 2273 64 30 äro
1137 2268 202 37 orsakerna
1355 2270 54 35 till
1425 2283 98 23 ovan
1539 2272 164 48 antydda
1722 2274 106 36 miss-

1868 681 179 29 Lagutskottet

1875 722 91 15 senare
1983 715 63 23 riks-

1919 750 84 31 dagen

1894 785 32 22 år
1946 785 73 24 1914.
