1908 2808
104 1634 127 26 Utskottet.

263 161 39 30 40
714 162 274 31 Statsutskottets
1010 160 176 31 utlåtande
1207 160 47 30 Nr
1275 161 49 28 10.

312 249 14 29 I
347 248 162 35 förslaget
529 247 53 30 till
601 247 138 30 riksstat
759 246 56 30 för
836 244 200 37 budgetåret
1060 240 140 34 1941/42
1223 244 63 29 har
1308 243 197 29 inkomsten
1526 251 42 20 av
1590 241 182 30 lotterime-

268 300 56 30 del
351 299 184 30 beräknats
564 298 52 29 till
648 297 192 36 15,000,000
869 297 137 29 kronor.
1037 295 80 30 Med
1144 294 219 36 tillämpning
1392 303 41 20 av
1462 293 42 29 de
1533 302 42 20 av
1607 292 82 29 1938
1717 291 56 30 års

266 349 142 37 riksdag
427 349 186 37 godkända
633 348 147 36 grunder
801 347 55 30 för
877 347 152 29 medlens
1051 345 195 35 fördelning
1266 345 112 29 skulle
1398 341 376 32 lotterimedelsfonden

268 402 111 29 härav
407 400 145 31 tillföras
582 398 172 36 7,150,000
782 399 139 28 kronor.
949 397 50 30 De
1026 397 86 35 skäl,
1142 405 73 21 som
1242 394 204 31 föranledde
1473 402 42 21 en
1544 392 230 37 begränsning

268 461 43 21 av
336 450 236 36 tilldelningen
598 449 51 31 till
672 447 377 32 lotterimedelsfonden
1074 447 58 29 vid
1160 446 81 31 1940
1267 445 57 30 års
1351 444 140 36 lagtima
1516 443 150 35 riksdag,
1692 443 83 35 göra

270 502 60 38 sig,
361 501 202 31 framhåller
592 499 369 37 departementschfen,
991 496 190 32 emellertid
1211 495 150 37 alltjämt
1388 496 67 29 och
1483 494 81 29 med
1594 494 44 29 än
1668 493 108 29 större

270 554 121 37 styrka
418 553 168 36 gällande.
616 551 49 29 De
693 549 173 37 ändamål,
894 549 92 30 vilka
1013 548 196 36 tillgodoses
1238 556 42 21 av
1309 546 112 30 medel
1448 554 41 20 ur
1517 539 257 45 lotterimedels-

270 603 141 37 fonden,
435 604 60 30 äro
518 602 74 30 dels
617 600 138 36 sådana,
781 610 76 20 som
880 599 136 36 betinga
1040 608 43 21 en
1108 597 127 36 årligen
1259 595 288 32 återkommande
1570 588 205 45 bidragstill-

272 655 150 36 delning,
446 654 71 30 dels
542 653 67 30 ock
633 651 164 32 ändamål
820 660 44 21 av
888 659 94 22 mera
1005 648 152 37 tillfällig
1181 650 62 28 art.
1269 648 15 29 I
1310 645 243 32 förstnämnda
1578 644 197 30 hänseende

269 705 72 30 kan
367 703 278 31 medelsbehovet
669 702 102 35 enligt
795 698 398 39 departementschefens
1219 697 140 36 mening
1384 697 79 29 med
1489 694 219 38 tillämpning
1735 703 42 20 av

270 755 202 31 nuvarande
491 753 291 36 bidragsgrunder
802 752 171 30 beräknas
993 751 52 30 till
1065 752 11 29 i
1095 753 81 27 runt
1195 750 46 29 tal
1263 748 174 36 3,000,000
1456 747 140 29 kronor.
1618 745 159 31 Fondens

270 805 198 36 disponibla
494 803 208 36 behållning,
730 801 370 37 avsättningsanslaget
1127 800 53 30 för
1205 798 236 31 innevarande
1467 795 168 37 budgetår
1663 795 113 30 inräk-

271 860 71 34 nat,
367 855 156 38 utgjorde
547 856 59 30 vid
628 854 170 37 ingången
821 863 43 20 av
888 861 133 22 samma
1043 850 167 37 budgetår
1234 851 10 29 i
1265 853 82 26 runt
1370 849 47 29 tal
1440 847 175 36 4,.500,000
1639 847 138 29 kronor.

273 907 68 31 För
373 906 172 36 tillfälliga
576 904 163 32 ändamål
771 904 112 31 skulle
915 902 100 31 alltså
1047 903 121 29 kunna
1199 900 179 31 användas
1411 898 161 36 omkring
1608 896 170 37 1,500,000

272 959 141 30 kronor.
435 958 14 29 I
470 957 228 31 betraktande
719 965 42 21 av
782 954 290 36 bidragsbehovet
1093 953 70 29 kan
1185 952 92 29 detta
1298 951 137 35 belopp,
1459 949 176 30 fortsätter
1658 947 121 36 depar-

271 1007 283 37 tementschefen,
577 1007 188 36 ingalunda
787 1014 100 21 anses
909 1005 90 36 högt.
1023 1002 121 31 Såsom
1166 1000 153 37 framgår
1341 1000 57 30 vid
1419 999 201 38 jämförelse
1640 997 79 30 med
1739 996 40 30 ti-

272 1059 120 37 digare
414 1059 38 31 år
473 1059 201 30 förutsätter
697 1058 193 29 detsamma
914 1056 149 29 tvärtom
1088 1064 42 20 en
1155 1053 93 30 stark
1272 1050 210 36 beskärning
1507 1059 43 20 av
1574 1043 205 46 bidragstill-

274 1111 194 35 delningen.
502 1109 123 30 Ehuru
657 1111 45 27 ett
733 1105 336 37 avsättningsanslag
1102 1104 51 29 till
1184 1100 377 33 lotterimedelsfonden
1595 1099 54 30 för
1681 1099 100 29 nästa

274 1160 169 37 budgetår
468 1171 41 20 av
535 1160 108 30 minst
668 1167 134 22 samma
829 1157 126 30 storlek
981 1165 76 21 som
1084 1155 57 29 det
1167 1154 53 30 för
1246 1152 151 37 löpande
1422 1149 169 37 budgetår
1617 1148 164 31 anvisade

275 1213 156 35 anslaget
450 1212 110 30 skulle
580 1211 79 29 med
679 1210 137 36 hänsyn
836 1209 51 29 till
907 1208 55 29 det
980 1206 109 36 sagda
1106 1213 83 22 vara
1208 1205 10 30 i
1237 1204 66 30 och
1324 1203 55 29 för
1399 1201 49 36 sig
1467 1200 193 35 motiverat,
1680 1207 101 22 anser

275 1263 51 37 sig
352 1259 379 40 departementschefen
756 1258 189 31 emellertid
970 1257 11 30 i
1006 1255 202 32 nuvarande
1233 1255 75 35 läge
1333 1253 77 30 icke
1435 1251 83 37 vilja
1543 1251 163 30 motsätta
1732 1249 49 36 sig

276 1314 196 36 ytterligare
496 1322 41 21 en
564 1312 69 30 viss
658 1309 240 37 begränsning.
925 1308 104 30 Skola
1056 1305 215 37 möjligheter
1299 1304 116 30 finnas
1442 1304 49 29 att
1517 1300 46 38 på
1588 1304 47 27 ett
1660 1299 121 37 någor-

280 1365 110 30 lunda
424 1361 318 33 tillfredsställande
779 1361 68 29 sätt
883 1358 187 31 handhava
1106 1354 267 37 ifrågavarande
1408 1351 372 37 bidragsverksamhet,

277 1424 102 29 synes
405 1411 380 40 departementschefen
812 1411 67 29 den
905 1410 160 29 fortsatta
1092 1405 239 36 avsättningen
1356 1405 52 30 till
1435 1403 131 30 fonden
1592 1401 89 31 dock
1707 1400 76 31 icke

276 1467 123 29 kunna
423 1465 165 30 beskäras
615 1465 10 29 i
649 1462 111 36 någon
787 1462 107 34 högre
919 1459 93 37 grad.
1040 1454 389 40 Departementschefen
1455 1451 156 38 föreslår,
1639 1454 48 27 att
1712 1459 70 21 me-

278 1516 303 36 delsanvisningen
614 1514 54 30 för
700 1513 100 30 nästa
834 1509 165 37 budgetår
1032 1509 207 30 bestämmes
1273 1507 52 30 till
1360 1504 174 36 3,500,000
1568 1504 139 29 kronor.

325 1626 171 30 Utskottet
524 1625 66 29 har
619 1623 82 30 intet
730 1623 50 28 att
809 1620 114 30 erinra
950 1622 73 26 mot
1052 1614 398 40 departementschefens
1479 1612 141 35 förslag,
1650 1613 48 27 att
1726 1620 57 20 av-

279 1676 195 36 sättningen
493 1675 51 30 till
563 1670 376 34 lotterimedelsfonden
957 1669 55 30 för
1031 1668 101 30 nästa
1150 1664 167 37 budgetår
1335 1664 186 36 begränsas
1541 1662 52 31 till
1611 1660 173 38 3,500,000

279 1730 132 29 kronor
432 1728 64 30 och
517 1724 199 32 hemställer
738 1721 112 36 alltså,

636 1827 49 28 att
714 1822 186 36 riksdagen
928 1819 58 31 må
1014 1819 53 30 till
1096 1818 201 35 Avsättning
1328 1816 51 29 till
1409 1811 375 38 lotterimedelsfonden

592 1875 54 30 för
664 1871 202 38 budgetåret
887 1866 140 35 1941/42
1048 1868 121 31 anvisa
1186 1870 46 27 ett
1251 1866 122 36 anslag
1391 1874 42 21 av
1452 1863 176 37 3,500,000
1646 1863 140 30 kronor.

327 2053 90 39 74:o0)
454 2050 314 36 Undersökningar
791 2047 172 32 avseende
986 2044 242 38 utnyttjandet
1251 2052 45 21 av
1318 2041 93 31 vissa
1433 2040 189 31 inhemska
1645 2036 143 32 råvaru-

283 2104 186 39 tillgångar
490 2113 47 21 m.
557 2112 49 22 m.
639 2102 15 30 I
676 2100 153 37 enlighet
852 2098 80 31 med
954 2097 126 36 Kungl.
1104 2094 117 37 Maj:ts
1243 2093 134 35 förslag
1401 2091 125 39 (punkt
1548 2090 54 36 87,
1623 2089 63 31 sid.
1710 2086 74 39 146)

283 2158 66 29 och
376 2156 108 31 under
510 2155 150 34 erinran,
687 2155 48 27 att
760 2151 56 30 för
843 2148 234 32 innevarande
1103 2143 166 38 budgetår
1296 2143 151 31 anvisats
1475 2151 136 21 samma
1638 2141 149 34 anslags-

282 2208 138 35 belopp,
444 2214 73 21 som
539 2214 50 21 nu
612 2204 124 35 äskats,
759 2200 199 32 hemställer
980 2198 176 34 utskottet,

638 2307 49 27 att
709 2302 186 36 riksdagen
918 2299 57 31 må
998 2299 53 30 till
1078 2296 303 35 Undersökningar
1406 2292 168 33 avseende
1601 2291 188 39 utnyttjan-

596 2355 57 30 det
672 2363 40 21 av
734 2354 91 28 vissa
848 2350 181 31 inhemska
1050 2345 310 38 råvarutillgångar
1380 2354 44 21 m.
1446 2354 44 20 m.
1514 2344 55 30 för
1589 2341 202 37 budgetåret

598 2401 139 34 1941/42
766 2402 122 31 anvisa
913 2403 47 28 ett
986 2397 352 35 reservationsanslag
1367 2405 42 21 av
1437 2395 142 35 300,000
1607 2394 137 29 kronor.
