1880 2846
607 166 229 28 Statsutskottets
858 166 149 27 utlåtande
1030 167 48 26 Nr
1101 164 29 30 6.
1582 165 41 31 39

117 240 153 40 skäligen
304 240 67 31 kan
405 240 142 32 avvisas.
592 240 390 42 Departementschefen
1016 241 63 31 har
1111 240 117 32 vidare
1256 241 112 31 anfört
1391 241 104 31 bland
1518 243 105 29 annat

115 290 166 42 följande:

169 341 19 31 I
220 341 197 31 nuvarande
439 342 84 40 läge,
547 342 106 31 innan
676 343 93 30 förut
792 342 224 31 omförmälda
1038 342 224 42 utredningar
1285 354 55 20 om
1364 344 256 31 motorbåtstra-

115 383 111 31 fikens
248 383 102 31 andel
373 384 11 30 i
407 384 375 32 bensinskattemedlen
806 385 64 31 och
893 384 65 32 vad
978 385 141 31 därmed
1135 387 80 39 äger
1231 386 245 41 sammanhang
1491 386 131 32 kunnat

116 426 172 38 slutföras,
306 428 37 29 är
356 426 57 40 jag
429 426 191 32 emellertid
639 427 74 31 icke
733 427 128 31 beredd
881 429 50 29 att
947 429 76 39 taga
1039 427 106 31 sådan
1163 428 119 40 slutlig
1297 428 195 41 principiell
1509 428 113 32 stånd-

116 468 119 41 punkt,
248 479 116 20 varom
380 471 74 39 väg-
471 469 62 31 och
549 469 470 42 vattenbyggnadsstyrelsen
1036 470 208 38 hemställer,
1262 470 53 31 till
1328 471 58 31 det
1399 482 39 20 av
1452 471 169 41 styrelsen

114 510 186 31 framförda
321 510 176 42 yrkandet.
533 511 165 32 Däremot
722 513 107 30 finner
849 512 58 41 jag
929 512 69 41 mig
1020 512 117 31 kunna
1159 513 77 40 giva
1258 513 70 31 min
1353 514 200 40 anslutning
1568 513 53 31 till

117 553 189 41 styrelsens
330 553 137 42 förslag,
491 556 49 29 att
563 556 112 39 någon
700 554 55 31 del
778 566 39 19 av
840 554 443 32 automobilskattemedlen
1309 555 106 32 redan
1438 567 46 20 nu
1508 556 113 41 dispo-

116 606 100 20 neras
250 596 52 31 för
335 596 167 35 ändamål,
527 607 73 20 som
636 597 93 40 tjäna
762 597 66 31 den
862 597 134 31 mindre
1030 597 184 41 sjöfartens
1237 598 181 31 intressen.
1464 598 82 31 Med
1570 609 51 20 av-

116 637 127 32 seende
277 639 18 29 å
330 637 128 32 sådana
491 639 158 30 ändamål
683 650 100 20 anser
814 639 57 41 jag
894 650 41 20 en
960 640 232 41 begränsning
1214 640 84 31 böra
1321 641 59 30 ske
1408 641 52 31 till
1488 640 133 32 mindre

115 680 143 31 hamnar
291 680 64 31 och
389 680 148 41 bryggor
560 683 89 29 samt
671 681 12 31 i
706 681 141 42 lämplig
869 682 238 42 utsträckning
1130 682 52 31 till
1207 684 126 29 smärre
1357 683 153 31 farleder.
1556 683 66 41 Jag

115 723 111 30 finner
248 722 69 41 mig
340 722 62 31 här
424 723 84 31 böra
531 723 112 31 erinra
664 735 54 20 om
736 726 49 29 att
801 724 58 31 det
874 724 127 31 utefter
1015 726 80 29 våra
1110 724 119 31 kuster
1244 725 69 30 ofta
1330 726 37 29 är
1382 725 238 39 fiskehamnar,

117 775 74 21 som
215 764 93 41 tjäna
331 764 53 31 till
407 765 245 41 förläggnings-
676 766 64 31 och
763 766 316 41 angöringsplatser
1102 767 52 30 för
1177 767 66 31 den
1266 767 134 31 mindre
1420 768 202 31 motorbåts-

116 807 153 35 trafiken,
293 806 111 32 vadan
428 808 153 41 anslaget
604 808 64 31 bör
690 809 136 30 komma
848 808 53 31 till
924 808 219 42 användning
1167 810 83 30 även
1274 809 57 31 vid
1353 810 180 41 byggande
1557 810 64 31 och

115 849 206 41 förbättring
344 860 40 20 av
408 849 114 42 dylika
544 850 151 32 hamnar.

169 892 19 30 I
221 891 224 32 betraktande
479 903 39 20 av
546 895 49 29 att
619 893 42 31 de
685 893 73 31 från
782 893 336 31 motorbåtstrafiken
1141 893 209 32 härrörande
1373 894 249 32 bensinskatte-

117 933 136 32 medlen
285 934 185 31 beräknats
503 937 115 39 uppgå
652 935 53 31 till
739 937 49 29 ett
821 935 100 41 årligt
943 936 128 41 belopp
1095 947 40 20 av
1158 936 315 38 800,000—900,000
1495 937 127 31 kronor

117 976 64 31 och
198 976 78 31 med
292 976 135 41 hänsyn
444 979 98 38 tagen
560 977 53 31 till
628 977 67 32 den
711 977 195 41 återbäring
922 989 40 20 av
975 978 111 31 medel
1099 978 53 31 till
1167 978 58 31 det
1240 979 253 41 yrkesmässiga
1508 979 110 38 fisket,

117 1029 74 21 som
222 1018 145 41 alltjämt
391 1019 96 31 torde
511 1019 83 31 böra
618 1020 69 37 ske,
704 1020 62 31 har
786 1020 56 41 jag
864 1022 114 30 ansett
1000 1023 50 28 ett
1072 1021 129 40 belopp
1217 1021 52 30 för
1284 1023 99 29 nästa
1398 1021 168 38 budgetår
1581 1033 41 20 av

116 1061 137 37 300,000
274 1061 128 31 kronor
424 1072 79 20 vara
524 1062 159 41 lämpligt
705 1064 120 39 avvägt
840 1062 53 31 för
908 1063 256 40 ifrågavarande
1181 1063 165 31 ändamål.
1378 1063 19 31 I
1419 1064 108 31 likhet
1543 1064 78 31 med

116 1103 43 31 de
183 1103 119 37 medel,
328 1114 74 20 som
427 1104 106 41 enligt
554 1104 66 31 vad
643 1115 83 30 nyss
750 1106 137 30 nämnts
908 1105 174 31 återbäras
1098 1105 53 31 till
1169 1105 57 31 det
1241 1105 253 42 yrkesmässiga
1508 1106 112 39 fisket,

117 1156 104 30 synes
256 1145 222 32 förevarande
511 1146 128 41 belopp
674 1149 19 29 å
725 1147 136 38 500,000
894 1147 126 32 kronor
1042 1147 86 32 böra
1150 1150 169 38 upptagas
1344 1150 113 29 såsom
1482 1148 139 32 särskilt

116 1187 128 41 anslag,
268 1189 49 29 att
351 1190 81 39 utgå
465 1199 39 20 av
537 1189 442 32 automobilskattemedlen
1002 1189 72 32 före
1097 1190 238 41 fördelningen
1359 1191 124 31 mellan
1507 1191 115 31 städer

117 1229 65 32 och
206 1230 203 41 landsbygd.

170 1271 82 32 Med
286 1272 169 31 avseende
489 1274 19 29 å
540 1274 195 38 grunderna
767 1274 53 32 för
853 1274 263 40 användningen
1151 1286 40 19 av
1225 1274 94 32 detta
1342 1275 118 41 anslag
1483 1276 137 41 synas
1600 1267 24 54 i

116 1314 181 32 huvudsak
320 1315 42 31 de
385 1315 53 31 för
461 1315 210 42 statsbidrag
693 1316 53 31 till
771 1317 325 31 statsunderstödda
1118 1318 230 30 fiskehamnar
1363 1318 11 30 i
1390 1317 229 42 kungörelsen

117 1357 67 30 den
220 1357 38 31 10
290 1357 138 41 augusti
464 1358 79 30 1928
576 1358 52 40 (nr
650 1358 72 41 328)
756 1359 200 31 meddelade
990 1359 124 31 villkor
1136 1360 65 31 och
1223 1360 261 31 bestämmelser
1505 1361 116 30 kunna

116 1399 95 40 tjäna
234 1410 73 20 som
331 1399 156 32 förebild.
534 1400 219 42 Statsbidrag
776 1401 108 31 skulle
909 1401 145 32 sålunda
1076 1402 144 41 beviljas
1244 1413 39 19 av
1299 1402 126 41 Kungl.
1443 1402 97 42 Maj:t
1556 1403 64 31 och

116 1443 82 39 utgå
230 1442 77 30 med
341 1441 103 41 högst
477 1443 40 30 90
542 1445 145 38 procent
710 1454 40 20 av
772 1444 149 40 verkliga
943 1444 382 41 byggnadskostnaden.
1372 1445 125 40 Kungl.
1522 1445 99 40 Maj:t

117 1494 103 30 synes
244 1483 87 31 dock
353 1484 85 31 böra
460 1486 61 38 äga
544 1487 49 28 att
616 1485 11 30 i
644 1485 253 41 undantagsfall
913 1486 126 41 bevilja
1055 1486 105 41 högre
1176 1486 129 41 bidrag.
1340 1487 17 30 I
1373 1487 93 31 vissa
1488 1487 67 37 fall,
1573 1489 49 29 så-

116 1536 75 20 som
214 1525 106 42 ifråga
353 1537 55 19 om
441 1527 237 42 upprensning
712 1527 82 32 eller
825 1528 219 41 utprickning
1074 1540 39 19 av
1137 1528 116 37 farled,
1277 1529 66 31 kan
1367 1528 58 32 det
1448 1529 172 41 nämligen

114 1567 94 32 bliva
241 1568 220 41 nödvändigt,
496 1571 49 29 att
578 1569 78 31 hela
690 1569 192 32 kostnaden
916 1571 50 30 får
988 1570 172 32 bestridas
1184 1582 40 20 av
1247 1571 222 31 förevarande
1492 1571 127 41 anslag.

170 1660 81 32 Som
285 1663 209 40 gottgörelse
528 1663 53 31 till
614 1663 282 42 fiskerinäringen
930 1665 53 31 för
1012 1664 230 41 bensinskatt,
1266 1666 116 41 erlagd
1405 1677 40 20 av
1468 1666 80 32 dess
1572 1669 48 29 ut-

115 1713 111 36 övare,
253 1713 111 30 finnes
388 1713 109 31 under
520 1714 128 31 nionde
671 1715 218 31 huvudtiteln
913 1715 133 31 anvisat
1069 1718 50 28 ett
1142 1716 118 41 anslag
1283 1727 40 20 av
1346 1717 115 38 90,000
1483 1717 136 38 kronor,

115 1764 50 29 att
198 1764 80 40 utgå
301 1774 41 20 av
364 1764 427 33 automobilskattemedel.
837 1766 18 30 TI
877 1766 109 31 likhet
1009 1767 78 30 med
1111 1766 377 42 departementschefen
1511 1770 110 30 måste

114 1813 170 31 utskottet
306 1814 94 31 finna
422 1815 143 37 rättvist,
591 1817 49 29 att
663 1816 71 31 viss
758 1816 54 31 del
836 1828 40 19 av
899 1817 443 32 automobilskattemedlen
1366 1818 182 31 därutöver
1570 1830 51 20 av-

115 1865 108 29 sättes
258 1875 73 20 som
366 1865 190 41 ersättning
587 1866 126 40 jämväl
741 1867 52 31 för
816 1867 100 38 skatt,
941 1867 117 41 erlagd
1080 1867 53 31 för
1155 1868 133 36 bensin,
1313 1880 74 19 som
1412 1869 172 32 användes
1608 1869 11 31 i

114 1913 107 31 andra
243 1914 111 41 fartyg
376 1917 42 28 än
443 1916 191 31 fiskebåtar.

167 1964 120 31 Ehuru
310 1967 74 38 väg-
408 1966 63 30 och
495 1967 467 41 vattenbyggnadsstyrelsen
985 1967 12 31 i
1020 1967 95 32 detta
1138 1968 169 31 avseende
1331 1971 138 29 stannat
1491 1970 57 30 vid
1572 1972 49 29 ett

114 2014 129 42 belopp
270 2026 40 20 av
344 2016 136 34 300,000
513 2017 127 31 kronor
673 2018 62 30 har
769 2018 169 31 utskottet
965 2018 29 40 ej
1019 2019 90 30 velat
1132 2021 163 29 motsätta
1319 2019 52 42 sig
1394 2022 49 28 att
1466 2020 154 41 anslaget

113 2064 208 32 bestämmes
346 2066 52 30 till
422 2067 135 33 500,000
580 2067 137 32 kronor.

166 2115 18 31 I
218 2116 166 31 samband
418 2117 77 31 med
529 2118 113 31 denna
675 2119 314 41 restitutionsfråga
1021 2120 64 31 bör
1111 2122 82 29 utan
1218 2120 102 31 tvivel
1344 2120 141 32 beaktas
1508 2121 112 41 yrkes-

113 2166 167 32 fiskarnas
313 2167 148 31 intresse
494 2179 39 20 av
567 2171 50 28 att
651 2172 120 29 utöver
804 2170 170 40 utgående
1009 2171 192 40 ersättning
1226 2172 52 29 för
1301 2171 66 31 den
1391 2172 228 40 bensinskatt,

113 2217 42 30 de
191 2218 104 40 själva
328 2218 86 30 hava
447 2221 49 28 att
529 2219 123 38 betala,
678 2220 102 31 också
817 2220 128 31 erhålla
981 2222 211 39 gottgörelse
1229 2222 52 30 för
1318 2222 42 31 de
1395 2223 132 37 skador,
1553 2223 66 32 den

113 2267 116 40 övriga
263 2269 334 31 motorbåtstrafiken
636 2270 155 31 åsamkar
825 2271 108 31 fisket.
979 2271 119 41 Enligt
1132 2272 64 30 vad
1230 2272 170 31 utskottet
1433 2274 116 30 erfarit
1584 2276 36 28 är

113 2317 190 31 emellertid
327 2319 220 31 förevarande
570 2320 94 39 fråga
687 2321 140 30 föremål
851 2321 52 30 för
928 2322 80 30 1933
1032 2323 54 29 års
1102 2322 322 41 fiskeriutrednings
1441 2324 179 40 uppmärk-

113 2367 141 31 samhet.
293 2368 52 30 De
370 2368 351 43 hamnanläggningar
744 2371 63 30 och
831 2371 155 37 farleder,
1011 2382 74 20 som
1110 2372 110 31 skulle
1244 2373 130 30 utföras
1398 2373 76 31 med
1498 2374 122 41 bidrag

112 2418 74 30 från
220 2429 45 19 nu
295 2418 254 41 ifrågavarande
573 2420 128 40 anslag,
725 2420 71 31 lära
819 2421 103 31 också
943 2421 12 31 i
978 2423 73 29 stor
1073 2422 238 41 utsträckning
1334 2423 92 31 bliva
1448 2435 40 19 av
1511 2424 106 31 sådan

111 2467 246 39 beskaffenhet,
382 2471 49 28 att
464 2469 41 31 de
539 2470 137 31 komma
708 2471 204 40 yrkesfisket
938 2471 52 31 till
1014 2472 99 40 godo.
1160 2472 92 31 Utan
1276 2475 49 28 att
1348 2485 45 19 nu
1418 2473 114 32 kunna
1556 2475 62 31 till-

1676 1682 132 25 Utskottet.
