2248 2636
432 208 20 30 4
901 203 232 42 Lagutskottets
1163 199 173 35 Utlåtande
1359 200 61 32 N:o
1442 200 30 31 6.

519 284 109 37 Hvad
654 284 12 37 i
694 283 124 38 denna
845 283 21 50 $
894 287 41 32 är
963 280 180 50 stadgadt
1171 281 60 37 för
1258 278 64 38 det
1349 279 66 37 fall
1443 283 56 32 att
1525 283 97 32 tomt
1650 277 87 37 med
1765 281 116 33 annat
1904 289 79 23 om-

390 337 90 37 råde
524 335 306 50 sammanlägges
872 333 97 38 skall
1011 346 71 36 ega
1122 331 266 38 motsvarande
1429 329 255 51 tillämpning,
1727 329 67 37 der
1821 327 163 47 område,

393 403 81 24 som
516 389 33 49 ej
591 388 12 36 i
638 386 295 49 tomtindelning
973 385 120 49 ingår,
1135 384 86 37 med
1262 382 60 38 del
1362 383 41 37 af
1440 387 99 33 tomt
1579 380 306 50 sammanlägges
1925 379 60 38 till

392 455 48 24 en
467 446 108 32 tomt.

1149 506 21 35 8
1200 503 31 51 8.

524 595 142 38 Finnes
706 592 223 50 inteckning
955 593 14 36 i
996 597 108 43 tomt,
1146 591 111 37 deraf
1292 593 127 46 någon
1461 588 63 38 del
1566 587 192 50 afstyckas
1799 586 69 38 och
1900 586 88 37 med

396 653 117 33 annat
541 647 150 38 område
719 646 57 37 till
803 659 47 24 en
876 650 97 32 tomt
1001 643 318 48 sammanlägges,
1349 640 96 38 skall
1474 640 73 37 den
1566 639 222 49 inteckning
1806 638 32 49 ej
1860 638 129 37 vidare

395 701 105 37 häfta
541 699 62 37 vid
643 698 62 37 det
739 696 220 51 afstyckade
994 695 184 45 området;
1207 692 427 50 inteckningsansökan,
1663 705 94 34 som,
1786 691 48 36 då
1861 689 127 50 styck-

396 753 95 49 ning
530 752 169 36 kommer
739 749 59 38 till
838 748 122 48 stånd,
998 752 41 32 är
1078 746 188 38 beroende
1307 748 48 46 på
1395 743 191 54 pröfning,
1627 743 108 47 skall,
1765 742 123 37 såvidt
1916 741 73 37 den

397 805 101 37 afser
539 804 62 36 det
640 801 220 50 afstyckade
902 800 180 47 området,
1124 811 111 24 anses
1277 796 183 39 förfallen.
1516 797 55 35 År
1609 795 105 49 fråga
1755 807 59 24 om
1842 793 145 37 inteck-

397 857 97 48 ning
521 856 59 37 för
607 853 164 48 fordran,
801 852 95 39 skall
923 856 175 33 ansvaret
1124 850 57 38 för
1208 848 243 49 fordringens
1480 847 85 37 hela
1591 846 137 50 belopp
1752 845 103 38 hvila
1874 848 21 34 å
1915 844 74 38 den

398 906 238 40 återstående
663 911 157 32 tomten.

1150 972 21 34 9
1202 969 33 50 8.

462 1062 139 47 Om
641 1060 227 48 ansökning,
910 1072 83 23 som
1022 1058 12 36 i
1062 1057 124 37 denna
1213 1056 67 50 lag
1307 1060 100 45 sägs,
1437 1057 42 34 så
1508 1053 70 38 ock
1606 1067 61 23 om
1694 1057 145 32 rättens
1867 1050 125 38 beslut

399 1115 175 38 deröfver
601 1112 95 38 skall
724 1110 235 48 anteckning
986 1115 114 43 göras
1126 1109 13 36 i
1165 1105 401 52 lagfartsprotokollet.
1624 1104 106 39 Skall
1753 1102 119 51 enligt
1891 1103 100 36 hvad

399 1168 12 36 i
445 1170 18 33 7
496 1166 92 37 eller
615 1167 21 34 8
667 1163 20 50 &
718 1168 88 45 sägs
833 1161 227 49 inteckning
1085 1159 102 51 gälla
1211 1159 143 50 jemväl
1381 1159 12 37 i
1412 1163 119 33 annat
1550 1157 152 37 område
1722 1161 48 32 än
1790 1155 74 48 det,
1885 1154 108 37 hvari

401 1220 74 36 den
515 1217 186 49 beviljats,
736 1215 90 37 eller
857 1214 175 49 upphöra
1059 1217 55 32 att
1140 1211 103 50 gälla
1270 1211 12 37 i
1309 1211 95 37 visst
1432 1210 155 37 område
1615 1208 91 38 eller
1734 1206 168 38 ansökan
1930 1219 62 24 om

402 1269 224 49 inteckning
653 1280 111 25 anses
792 1266 58 37 till
877 1269 128 46 någon
1033 1263 60 38 del
1120 1262 187 49 förfallen,
1335 1268 92 44 göre
1455 1266 125 32 rätten
1608 1259 231 49 anteckning
1861 1258 131 38 derom

401 1323 13 36 i
440 1318 485 52 inteckningsprotokollet.

1145 1438 45 35 10
1220 1435 33 49 8.

534 1527 56 36 Då
634 1531 127 32 rätten
804 1524 135 38 bifallit
979 1522 228 50 ansökning,
1250 1535 81 24 som
1358 1520 12 37 i
1399 1521 125 37 denna
1563 1519 65 50 lag
1668 1518 113 47 afses,
1822 1517 173 49 kungöre

404 1585 125 32 rätten
570 1577 272 50 ofördröjligen
883 1576 165 38 beslutet
1087 1575 59 36 för
1187 1574 73 36 den
1300 1571 240 52 myndighet,
1575 1584 80 24 som
1684 1571 69 36 har
1780 1574 54 32 att
1862 1568 134 50 pröfva

405 1632 128 50 frågor
561 1644 59 24 om
645 1630 204 50 jemkning
875 1628 12 37 i
915 1626 175 52 gällande
1117 1624 304 51 tomtindelning.

1147 1750 43 34 11
1223 1746 33 50 8.

538 1839 92 46 Den,
660 1851 82 23 som
770 1837 34 48 ej
835 1835 107 49 nöjes
971 1838 39 34 åt
1037 1840 146 32 rättens
1211 1833 125 38 beslut
1363 1833 108 37 öfver
1498 1830 225 48 ansökning,
1744 1841 81 24 som
1843 1826 13 37 i
1875 1826 125 37 denna

409 1892 64 49 lag
514 1890 111 48 afses,
667 1902 92 36 eger
799 1887 173 38 deröfver
1012 1887 61 50 sig
1111 1887 162 37 besvära
1299 1885 13 37 i
1339 1884 193 38 hofrätten
1563 1882 103 38 inom
1695 1880 73 38 den
1796 1879 12 36 i
1839 1879 44 36 16
1912 1872 86 59 kap.

413 1946 17 34 1
462 1942 22 50 8
512 1940 366 51 rättegångsbalken
906 1939 182 49 stadgade
1115 1938 66 37 tid.
1238 1928 114 47 Öfver
1379 1936 209 37 hofrättens
1614 1932 130 50 utslag
1771 1933 60 34 må
1858 1929 142 50 klagan

410 2008 138 37 genom
577 1995 135 37 besvär
739 1993 71 37 hos
837 1993 218 48 Konungen
1078 1990 185 49 fullföljas
1291 1989 101 37 inom
1421 1988 74 37 den
1521 1987 55 37 tid
1603 1985 70 38 och
1696 1985 13 36 i
1728 1984 74 37 den
1825 1982 174 48 ordning,

411 2062 82 23 som
521 2047 13 37 i
563 2049 47 36 30
637 2047 86 49 kap.
757 2047 45 35 18
830 2044 21 51 &
878 2044 166 37 nämnda
1070 2042 89 38 balk
1186 2040 254 39 föreskrifves.

1154 2164 44 34 12
1228 2161 33 49 8.

542 2254 111 36 Hvad
680 2253 12 36 i
721 2252 124 37 denna
884 2251 66 48 lag
991 2256 41 31 är
1073 2248 179 49 stadgadt
1294 2248 58 36 för
1385 2246 83 38 stad
1498 2244 95 38 skall
1621 2243 81 48 ock,
1731 2243 12 36 i
1772 2242 45 37 de
1843 2239 67 38 fall
1937 2238 67 37 der

414 2307 220 48 Konungen
676 2304 134 37 sådant
837 2302 208 48 förordnar,
1073 2300 102 50 gälla
1202 2300 60 37 för
1284 2298 145 51 köping
1457 2297 92 38 eller
1576 2309 125 24 annan
1729 2291 153 40 dermed
1906 2292 98 49 jem-

414 2358 116 49 förlig
558 2363 70 42 ort,
656 2357 153 37 hvarest
834 2353 298 49 tomtindelning
1159 2355 127 34 såsom
1313 2351 13 36 i
1354 2350 82 38 stad
1464 2349 129 37 finnes.
