2225 2687
397 225 19 29 4
931 229 215 39 Lagutskoltets
1176 232 151 29 Utlåtande
1350 232 56 29 N:o
1430 234 48 28 49.

497 305 72 37 Det
608 306 60 37 må
705 307 204 48 bemärkas,
950 313 65 43 att,
1045 322 61 24 om
1133 310 70 36 den
1231 311 220 47 tretungade
1478 311 148 49 flaggan
1653 312 12 36 i
1691 313 85 49 krig
1804 314 68 36 och
1900 315 107 46 örlog

396 357 206 38 förvärfvat
641 364 77 32 stor
756 360 251 45 berömmelse,
1048 362 158 37 svenska
1245 364 317 47 segelsällskapets
1601 364 123 47 flagga
1748 365 49 48 på
1823 365 181 37 idrottens

396 409 69 37 fält
504 409 109 38 äfven
653 411 152 37 skördat
845 413 135 36 vackra
1020 413 132 46 lagrar.
1203 414 80 37 Den
1312 421 135 30 största
1474 416 292 48 sjömansbragd,
1794 430 80 23 som
1900 418 11 36 i
1940 417 66 38 vår

396 461 55 36 tid
491 461 134 37 utförts
667 462 41 36 af
743 464 156 36 svenska
938 472 97 39 män,
1061 466 188 46 nämligen
1290 466 121 47 Vegas
1438 466 81 37 färd
1546 467 115 37 rundt
1688 469 125 45 gamla
1840 469 165 45 världen,

396 512 137 38 skedde
572 513 120 37 under
732 516 155 36 svenska
927 517 317 47 segelsällskapets
1284 518 130 47 flagga,
1449 519 70 36 och
1546 518 108 38 äfven
1683 520 117 36 andra
1826 520 180 38 berömda

394 565 322 47 polzepeditioner
755 566 113 38 hafva
906 569 119 46 seglat
1063 568 118 38 under
1215 569 122 37 denna
1363 583 141 24 samma
1530 571 132 46 flagga.
1714 571 49 37 Vi
1790 572 120 37 erinra
1938 578 65 41 att,

394 624 68 29 när
501 615 196 39 ÅAnmtarctic
736 617 92 38 efter
866 619 123 37 ärorik
1027 620 120 47 bragd
1186 621 107 48 sjönk
1331 622 13 36 i
1385 622 127 48 djupet
1551 623 115 36 bland
1693 623 199 48 sydpolens
1919 624 83 47 isar,

394 668 133 48 vajade
555 670 155 36 svenska
737 671 316 47 segelsällskapets
1080 673 100 48 flagg
1205 672 83 38 från
1317 674 79 36 dess
1424 673 122 48 gaffel.

495 720 74 35 För
596 721 44 35 de
666 722 278 46 vetenskapliga
971 724 314 46 expeditionerna,
1313 725 152 36 såframt
1491 739 75 30 nya
1602 725 136 36 sådana
1769 727 59 35 till
1847 728 155 35 svenska

394 775 170 32 namnets
592 771 240 38 berömmelse
858 773 106 36 skola
990 774 72 46 ske,
1090 774 73 37 blir
1181 775 188 37 saknaden
1387 775 41 37 af
1443 777 217 48 sällskapets
1680 777 180 36 särskilda
1878 777 124 48 flagga

396 823 57 36 till
472 823 204 46 olägenhet.
708 823 57 37 Då
792 829 52 32 ett
870 824 126 47 fartyg
1022 825 85 37 med
1134 826 121 37 denna
1281 828 121 46 flagga
1428 828 168 37 kommer
1622 829 60 36 till
1709 842 45 23 en
1770 827 232 39 främmande

395 874 124 42 hamn,
559 881 40 29 är
638 875 148 46 flaggan
812 876 201 47 tillräcklig
1038 876 59 37 för
1123 883 54 31 att
1203 877 118 38 befria
1347 878 162 50 fartyget
1534 879 83 37 från
1644 880 263 37 tullvisitation
1934 881 68 37 och

395 938 45 23 en
467 925 138 49 mängd
633 926 117 37 andra
776 926 253 38 formaliteter.

497 976 127 47 Seglar
649 977 162 47 fartyget
837 979 119 36 under
983 980 71 36 den
1080 982 223 35 tvärskurna
1329 983 159 47 flaggan,
1515 983 188 36 betraktas
1732 982 61 37 det
1811 996 80 24 som
1910 984 92 36 han-

395 1027 206 48 delsfartyg
628 1029 67 37 och
722 1029 203 38 behandlas
953 1030 159 38 därefter
1138 1033 59 35 till
1225 1033 80 37 dess
1332 1033 279 37 vederbörande
1629 1035 144 36 kunnat
1792 1034 211 48 öfvertygas

395 1093 61 22 om
495 1079 180 48 fartygets
714 1082 185 47 karaktär,
933 1083 142 36 hvilket
1101 1083 119 37 vållar
1247 1084 94 37 både
1367 1085 140 46 besvär,
1534 1086 145 45 obehag
1706 1086 67 36 och
1800 1086 204 47 tidspillan.

394 1130 110 38 Hvad
544 1144 79 24 som
663 1139 40 29 är
735 1133 107 46 sagdt
869 1147 60 23 om
957 1135 278 47 vetenskapliga
1262 1136 360 47 expeditionsfartyg
1648 1138 116 46 gäller
1791 1139 212 45 naturligen

395 1182 108 37 äfven
531 1196 61 22 om
620 1185 216 47 sällskapets
864 1184 120 48 öfriga
1009 1185 135 48 fartyg.

496 1232 150 48 Sverige
686 1241 40 30 är
765 1248 134 33 genom
926 1236 56 36 sin
1009 1236 219 47 belägenhet
1254 1237 197 37 hänvisadt
1478 1239 59 35 till
1564 1243 55 31 att
1645 1252 90 23 vara
1762 1244 53 32 ett
1842 1240 161 47 sjöfarts-

393 1284 162 37 idkande
595 1285 98 37 land.
746 1286 17 36 I
803 1286 119 36 andra
947 1288 130 36 länder
1104 1288 40 36 af
1168 1289 178 37 liknande
1372 1290 81 45 läge
1479 1297 106 39 göres
1613 1291 68 35 allt
1706 1290 59 36 för
1792 1295 55 32 att
1873 1292 131 36 under-

394 1335 101 36 hålla
534 1336 119 46 hågen
692 1336 58 37 för
789 1338 279 46 sjömansyrket.
1121 1339 297 47 Engelsmännen
1458 1348 97 41 säga,
1595 1346 55 31 att
1683 1341 172 47 England
1882 1343 121 47 aldrig

393 1387 120 36 skulle
554 1387 80 36 nått
667 1389 55 35 sin
756 1389 98 47 höga
881 1390 229 47 ståndpunkt
1138 1391 119 36 såsom
1284 1390 211 47 sjöfarande
1521 1392 139 45 nation,
1688 1392 122 37 därest
1836 1394 78 36 icke
1942 1395 63 35 all-

393 1438 199 37 mänheten
619 1439 85 37 med
731 1439 39 37 så
798 1445 93 32 stort
916 1441 154 37 intresse
1098 1441 171 37 omfattat
1296 1443 277 48 lustseglingen,
1600 1457 80 23 som
1702 1444 78 47 just
1807 1444 195 38 befordrar

393 1490 124 36 lusten
545 1495 53 31 att
627 1499 94 39 ägna
748 1492 55 46 sig
831 1492 37 36 åt
895 1493 270 49 sjömansyrket
1192 1494 67 36 och
1287 1494 152 37 därmed
1466 1496 367 47 sammanhängande
1859 1497 143 46 näring.

393 1540 284 50 Lustseglingen
717 1543 69 36 har
838 1544 107 36 alltid
997 1544 87 36 stått
1124 1545 90 46 högt
1261 1546 12 36 i
1317 1546 181 36 anseende
1525 1547 12 35 i
1580 1547 183 46 England,
1809 1548 68 36 och
1922 1548 81 37 dess

394 1593 113 34 stolta
545 1593 106 35 flotta
691 1607 107 23 anser
838 1594 61 37 det
938 1595 78 36 helt
1046 1597 191 46 naturligt,
1278 1602 55 31 att
1372 1596 69 37 den
1479 1596 205 38 förnämsta
1717 1598 42 36 af
1784 1599 80 36 dess
1892 1601 110 44 segel-

393 1643 161 36 klubbar
593 1644 121 45 Royal
753 1645 124 36 Yacht
918 1645 198 49 Sqvadron
1142 1646 58 37 för
1227 1648 255 47 örlogsflagga.
1534 1648 57 37 Då
1618 1650 105 44 tyske
1751 1650 165 46 kejsaren
1943 1650 59 37 för

396 1694 147 36 15—20
585 1695 40 36 år
664 1695 113 37 sedan
803 1696 151 47 började
982 1698 63 35 sitt
1072 1698 124 37 arbete
1224 1703 54 32 att
1305 1699 86 46 höja
1417 1699 71 37 den
1515 1701 109 44 tyska
1650 1700 176 47 sjöfarten
1854 1702 68 36 och
1947 1702 54 36 in-

392 1749 130 32 tresset
561 1745 59 37 för
659 1747 178 46 marinen,
876 1748 86 36 med
1002 1749 99 36 hvad
1133 1750 156 36 resultat
1316 1757 40 29 är
1383 1751 156 36 allmänt
1567 1752 146 46 bekant,
1741 1753 159 48 begynte
1927 1753 74 36 han

393 1796 86 36 med
520 1801 54 31 att
605 1798 115 46 skapa
752 1812 45 22 en
824 1799 287 46 lustjaktsflotta,
1140 1801 67 36 och
1234 1801 67 36 har
1327 1801 119 37 under
1474 1801 44 37 de
1546 1802 147 49 gångna
1720 1803 86 37 åren
1834 1804 168 46 nedlagts

393 1847 172 46 miljoner
590 1847 59 37 för
688 1854 55 31 att
768 1849 48 47 på
844 1850 120 37 denna
991 1858 71 41 väg
1088 1850 198 37 framkalla
1312 1853 194 48 tyskarnes
1531 1854 154 37 intresse
1712 1854 59 37 för
1797 1855 90 48 sjön.

495 1897 129 38 Såsom
651 1899 42 36 af
716 1901 150 45 bilagda
893 1903 249 46 promemoria
1167 1902 174 47 framgår,
1368 1904 168 36 bildades
1563 1905 126 46 kungl.
1717 1907 155 35 svenska
1890 1908 111 44 segel-

393 1950 200 47 sällskapet
635 1952 106 35 1832.
794 1951 55 36 Då
888 1952 109 37 fanns
1036 1954 13 35 i
1081 1954 83 36 hela
1190 1954 153 37 världen
1371 1960 105 31 utom
1503 1955 172 47 England
1700 1957 93 36 intet
1820 1957 180 46 segelsäll-

393 2001 101 47 skap.
534 2021 48 4 —
623 2001 156 38 Öafsedt
818 2008 55 31 att
913 2004 198 48 sällskapet
1150 2006 96 36 varit
1284 2005 241 48 föregångare
1564 2006 58 37 för
1648 2009 74 35 alla
1749 2008 116 36 andra
1891 2009 111 46 segel-

392 2052 161 37 klubbar
593 2053 12 36 i
645 2054 153 44 norden,
841 2055 68 36 har
947 2056 198 47 sällskapet
1185 2056 119 37 under
1343 2058 55 35 sin
1441 2058 164 46 74-åriga
1631 2060 150 35 tillvaro
1809 2060 99 46 gjort
1935 2061 68 35 allt

392 2102 60 37 för
491 2109 54 30 att
585 2105 114 36 väcka
738 2106 170 36 intresset
947 2106 58 37 för
1035 2108 279 48 sjömansyrket,
1341 2109 84 36 med
1452 2108 195 48 framgång
1673 2111 96 35 visat
1797 2111 55 35 sin
1879 2111 123 46 flagga

392 2154 13 35 i
445 2155 319 45 grannländernas
805 2157 164 46 hamnar,
1009 2157 135 38 fostrat
1182 2160 177 45 skickliga
1399 2160 355 47 båtkonstruktörer,
1786 2161 216 38 framkallat

393 2205 230 47 anläggande
663 2206 40 37 af
729 2208 113 36 minst
869 2214 52 31 ett
948 2208 127 38 dussin
1102 2209 150 38 båtvarf
1277 2216 95 32 samt
1397 2210 156 38 framför
1579 2213 68 35 allt
1673 2213 227 36 underhållit
1928 2214 69 36 och

392 2257 213 47 uppplifvat
644 2258 173 37 kärleken
858 2259 58 37 för
955 2259 251 39 fosterlandet.
1259 2262 89 36 Dess
1380 2263 235 36 verksamhet
1641 2263 66 47 gaf
1732 2266 95 34 1897
1856 2264 57 36 års
1941 2270 56 30 ut-

393 2309 176 46 ställning
596 2310 11 35 i
635 2308 213 39 Stockhohn
877 2311 201 48 anledning
1104 2318 55 31 att
1184 2313 145 37 tilldela
1356 2314 200 47 sällskapet
1584 2315 56 37 sin
1667 2315 238 48 guldmedalj.
