<?xml version="1.0" encoding="UTF-8"?>
<alto xmlns="http://www.loc.gov/standards/alto/ns-v3#" xmlns:xlink="http://www.w3.org/1999/xlink" xmlns:xsi="http://www.w3.org/2001/XMLSchema-instance" xsi:schemaLocation="http://www.loc.gov/standards/alto/ns-v3# http://www.loc.gov/alto/v3/alto-3-0.xsd">
	<Description>
		<MeasurementUnit>pixel</MeasurementUnit>
		<sourceImageInformation>
			<fileName>/tmp/tess_ezyt71lb_input.PNG</fileName>
		</sourceImageInformation>
		<OCRProcessing ID="OCR_0">
			<ocrProcessingStep>
				<processingSoftware>
					<softwareName>tesseract 5.3.0</softwareName>
				</processingSoftware>
			</ocrProcessingStep>
		</OCRProcessing>
	</Description>
	<Layout>
		<Page WIDTH="1911" HEIGHT="2820" PHYSICAL_IMG_NR="0" ID="page_0">
			<PrintSpace HPOS="0" VPOS="0" WIDTH="1911" HEIGHT="2820">
				<ComposedBlock ID="cblock_0" HPOS="563" VPOS="192" WIDTH="1070" HEIGHT="43">
					<TextBlock ID="block_0" HPOS="563" VPOS="192" WIDTH="1070" HEIGHT="43">
						<TextLine ID="line_0" HPOS="563" VPOS="192" WIDTH="1070" HEIGHT="43">
							<String ID="string_0" HPOS="563" VPOS="192" WIDTH="283" HEIGHT="33" WC="0.89" CONTENT="Bankoutskottets"/><SP WIDTH="17" VPOS="192" HPOS="846"/>
							<String ID="string_1" HPOS="863" VPOS="194" WIDTH="161" HEIGHT="32" WC="0.96" CONTENT="utlåtande"/><SP WIDTH="17" VPOS="194" HPOS="1024"/>
							<String ID="string_2" HPOS="1041" VPOS="205" WIDTH="38" HEIGHT="22" WC="0.96" CONTENT="nr"/><SP WIDTH="16" VPOS="205" HPOS="1079"/>
							<String ID="string_3" HPOS="1095" VPOS="196" WIDTH="43" HEIGHT="32" WC="0.96" CONTENT="39"/><SP WIDTH="18" VPOS="196" HPOS="1138"/>
							<String ID="string_4" HPOS="1156" VPOS="195" WIDTH="36" HEIGHT="33" WC="0.96" CONTENT="år"/><SP WIDTH="17" VPOS="195" HPOS="1192"/>
							<String ID="string_5" HPOS="1209" VPOS="197" WIDTH="88" HEIGHT="32" WC="0.96" CONTENT="1969"/><SP WIDTH="319" VPOS="197" HPOS="1297"/>
							<String ID="string_6" HPOS="1616" VPOS="206" WIDTH="17" HEIGHT="29" WC="0.96" CONTENT="3"/>
						</TextLine>
					</TextBlock>
				</ComposedBlock>
				<ComposedBlock ID="cblock_1" HPOS="812" VPOS="276" WIDTH="163" HEIGHT="31">
					<TextBlock ID="block_1" HPOS="812" VPOS="276" WIDTH="163" HEIGHT="31">
						<TextLine ID="line_1" HPOS="812" VPOS="276" WIDTH="163" HEIGHT="31">
							<String ID="string_7" HPOS="812" VPOS="276" WIDTH="163" HEIGHT="31" WC="0.96" CONTENT="Utskottet"/>
						</TextLine>
					</TextBlock>
				</ComposedBlock>
				<ComposedBlock ID="cblock_2" HPOS="138" VPOS="345" WIDTH="1496" HEIGHT="2231">
					<TextBlock ID="block_2" HPOS="143" VPOS="345" WIDTH="1491" HEIGHT="478">
						<TextLine ID="line_2" HPOS="190" VPOS="345" WIDTH="1443" HEIGHT="48">
							<String ID="string_8" HPOS="190" VPOS="345" WIDTH="16" HEIGHT="30" WC="0.96" CONTENT="I"/><SP WIDTH="19" VPOS="345" HPOS="206"/>
							<String ID="string_9" HPOS="225" VPOS="345" WIDTH="62" HEIGHT="31" WC="0.96" CONTENT="den"/><SP WIDTH="19" VPOS="345" HPOS="287"/>
							<String ID="string_10" HPOS="306" VPOS="345" WIDTH="184" HEIGHT="32" WC="0.93" CONTENT="reviderade"/><SP WIDTH="19" VPOS="345" HPOS="490"/>
							<String ID="string_11" HPOS="509" VPOS="346" WIDTH="183" HEIGHT="42" WC="0.92" CONTENT="finansplan"/><SP WIDTH="19" VPOS="346" HPOS="692"/>
							<String ID="string_12" HPOS="711" VPOS="358" WIDTH="70" HEIGHT="21" WC="0.96" CONTENT="som"/><SP WIDTH="20" VPOS="358" HPOS="781"/>
							<String ID="string_13" HPOS="801" VPOS="349" WIDTH="115" HEIGHT="40" WC="0.96" CONTENT="Kungl."/><SP WIDTH="22" VPOS="349" HPOS="916"/>
							<String ID="string_14" HPOS="938" VPOS="349" WIDTH="96" HEIGHT="40" WC="0.96" CONTENT="Maj:t"/><SP WIDTH="18" VPOS="349" HPOS="1034"/>
							<String ID="string_15" HPOS="1052" VPOS="350" WIDTH="11" HEIGHT="31" WC="0.96" CONTENT="i"/><SP WIDTH="19" VPOS="350" HPOS="1063"/>
							<String ID="string_16" HPOS="1082" VPOS="350" WIDTH="113" HEIGHT="40" WC="0.96" CONTENT="början"/><SP WIDTH="20" VPOS="350" HPOS="1195"/>
							<String ID="string_17" HPOS="1215" VPOS="361" WIDTH="39" HEIGHT="21" WC="0.96" CONTENT="av"/><SP WIDTH="18" VPOS="361" HPOS="1254"/>
							<String ID="string_18" HPOS="1272" VPOS="352" WIDTH="63" HEIGHT="40" WC="0.96" CONTENT="maj"/><SP WIDTH="22" VPOS="352" HPOS="1335"/>
							<String ID="string_19" HPOS="1357" VPOS="352" WIDTH="86" HEIGHT="40" WC="0.96" CONTENT="varje"/><SP WIDTH="21" VPOS="352" HPOS="1443"/>
							<String ID="string_20" HPOS="1464" VPOS="352" WIDTH="34" HEIGHT="32" WC="0.96" CONTENT="år"/><SP WIDTH="20" VPOS="352" HPOS="1498"/>
							<String ID="string_21" HPOS="1518" VPOS="362" WIDTH="115" HEIGHT="31" WC="0.96" CONTENT="genom"/>
						</TextLine>
						<TextLine ID="line_3" HPOS="145" VPOS="399" WIDTH="1489" HEIGHT="47">
							<String ID="string_22" HPOS="145" VPOS="408" WIDTH="39" HEIGHT="21" WC="0.96" CONTENT="en"/><SP WIDTH="22" VPOS="408" HPOS="184"/>
							<String ID="string_23" HPOS="206" VPOS="399" WIDTH="199" HEIGHT="40" WC="0.96" CONTENT="proposition"/><SP WIDTH="21" VPOS="399" HPOS="405"/>
							<String ID="string_24" HPOS="426" VPOS="400" WIDTH="191" HEIGHT="41" WC="0.96" CONTENT="framlägger"/><SP WIDTH="20" VPOS="400" HPOS="617"/>
							<String ID="string_25" HPOS="637" VPOS="402" WIDTH="51" HEIGHT="30" WC="0.96" CONTENT="för"/><SP WIDTH="21" VPOS="402" HPOS="688"/>
							<String ID="string_26" HPOS="709" VPOS="402" WIDTH="168" HEIGHT="40" WC="0.96" CONTENT="riksdagen"/><SP WIDTH="22" VPOS="402" HPOS="877"/>
							<String ID="string_27" HPOS="899" VPOS="404" WIDTH="161" HEIGHT="31" WC="0.96" CONTENT="redovisas"/><SP WIDTH="22" VPOS="404" HPOS="1060"/>
							<String ID="string_28" HPOS="1082" VPOS="414" WIDTH="41" HEIGHT="21" WC="0.96" CONTENT="en"/><SP WIDTH="20" VPOS="414" HPOS="1123"/>
							<String ID="string_29" HPOS="1143" VPOS="405" WIDTH="195" HEIGHT="41" WC="0.96" CONTENT="bedömning"/><SP WIDTH="22" VPOS="405" HPOS="1338"/>
							<String ID="string_30" HPOS="1360" VPOS="416" WIDTH="39" HEIGHT="21" WC="0.96" CONTENT="av"/><SP WIDTH="22" VPOS="416" HPOS="1399"/>
							<String ID="string_31" HPOS="1421" VPOS="407" WIDTH="53" HEIGHT="31" WC="0.95" CONTENT="det"/><SP WIDTH="22" VPOS="407" HPOS="1474"/>
							<String ID="string_32" HPOS="1496" VPOS="407" WIDTH="138" HEIGHT="31" WC="0.96" CONTENT="aktuella"/>
						</TextLine>
						<TextLine ID="line_4" HPOS="143" VPOS="452" WIDTH="1489" HEIGHT="49">
							<String ID="string_33" HPOS="143" VPOS="452" WIDTH="281" HEIGHT="42" WC="0.92" CONTENT="konjunkturläget"/><SP WIDTH="17" VPOS="452" HPOS="424"/>
							<String ID="string_34" HPOS="441" VPOS="455" WIDTH="62" HEIGHT="30" WC="0.96" CONTENT="och"/><SP WIDTH="16" VPOS="455" HPOS="503"/>
							<String ID="string_35" HPOS="519" VPOS="455" WIDTH="176" HEIGHT="32" WC="0.96" CONTENT="diskuteras"/><SP WIDTH="18" VPOS="455" HPOS="695"/>
							<String ID="string_36" HPOS="713" VPOS="456" WIDTH="84" HEIGHT="32" WC="0.93" CONTENT="vilka"/><SP WIDTH="17" VPOS="456" HPOS="797"/>
							<String ID="string_37" HPOS="814" VPOS="457" WIDTH="353" HEIGHT="41" WC="0.91" CONTENT="ekonomisk-politiska"/><SP WIDTH="17" VPOS="457" HPOS="1167"/>
							<String ID="string_38" HPOS="1184" VPOS="459" WIDTH="144" HEIGHT="40" WC="0.96" CONTENT="åtgärder"/><SP WIDTH="18" VPOS="459" HPOS="1328"/>
							<String ID="string_39" HPOS="1346" VPOS="470" WIDTH="69" HEIGHT="22" WC="0.96" CONTENT="som"/><SP WIDTH="17" VPOS="470" HPOS="1415"/>
							<String ID="string_40" HPOS="1432" VPOS="461" WIDTH="11" HEIGHT="30" WC="0.96" CONTENT="i"/><SP WIDTH="17" VPOS="461" HPOS="1443"/>
							<String ID="string_41" HPOS="1460" VPOS="461" WIDTH="86" HEIGHT="31" WC="0.96" CONTENT="detta"/><SP WIDTH="16" VPOS="461" HPOS="1546"/>
							<String ID="string_42" HPOS="1562" VPOS="462" WIDTH="70" HEIGHT="39" WC="0.96" CONTENT="läge"/>
						</TextLine>
						<TextLine ID="line_5" HPOS="144" VPOS="508" WIDTH="1489" HEIGHT="45">
							<String ID="string_43" HPOS="144" VPOS="510" WIDTH="47" HEIGHT="27" WC="0.96" CONTENT="ter"/><SP WIDTH="20" VPOS="510" HPOS="191"/>
							<String ID="string_44" HPOS="211" VPOS="508" WIDTH="46" HEIGHT="39" WC="0.96" CONTENT="sig"/><SP WIDTH="19" VPOS="508" HPOS="257"/>
							<String ID="string_45" HPOS="276" VPOS="508" WIDTH="206" HEIGHT="40" WC="0.95" CONTENT="erforderliga"/><SP WIDTH="20" VPOS="508" HPOS="482"/>
							<String ID="string_46" HPOS="502" VPOS="509" WIDTH="62" HEIGHT="31" WC="0.96" CONTENT="och"/><SP WIDTH="18" VPOS="509" HPOS="564"/>
							<String ID="string_47" HPOS="582" VPOS="510" WIDTH="158" HEIGHT="40" WC="0.95" CONTENT="lämpliga."/><SP WIDTH="22" VPOS="510" HPOS="740"/>
							<String ID="string_48" HPOS="762" VPOS="512" WIDTH="15" HEIGHT="29" WC="0.96" CONTENT="I"/><SP WIDTH="21" VPOS="512" HPOS="777"/>
							<String ID="string_49" HPOS="798" VPOS="512" WIDTH="180" HEIGHT="40" WC="0.96" CONTENT="anslutning"/><SP WIDTH="18" VPOS="512" HPOS="978"/>
							<String ID="string_50" HPOS="996" VPOS="512" WIDTH="105" HEIGHT="31" WC="0.96" CONTENT="härtill"/><SP WIDTH="19" VPOS="512" HPOS="1101"/>
							<String ID="string_51" HPOS="1120" VPOS="513" WIDTH="227" HEIGHT="40" WC="0.96" CONTENT="kompletteras"/><SP WIDTH="19" VPOS="513" HPOS="1347"/>
							<String ID="string_52" HPOS="1366" VPOS="515" WIDTH="53" HEIGHT="30" WC="0.96" CONTENT="det"/><SP WIDTH="19" VPOS="515" HPOS="1419"/>
							<String ID="string_53" HPOS="1438" VPOS="515" WIDTH="54" HEIGHT="31" WC="0.93" CONTENT="vid"/><SP WIDTH="19" VPOS="515" HPOS="1492"/>
							<String ID="string_54" HPOS="1511" VPOS="515" WIDTH="122" HEIGHT="31" WC="0.92" CONTENT="riksda-"/>
						</TextLine>
						<TextLine ID="line_6" HPOS="144" VPOS="562" WIDTH="1488" HEIGHT="45">
							<String ID="string_55" HPOS="144" VPOS="570" WIDTH="76" HEIGHT="31" WC="0.96" CONTENT="gens"/><SP WIDTH="19" VPOS="570" HPOS="220"/>
							<String ID="string_56" HPOS="239" VPOS="562" WIDTH="113" HEIGHT="39" WC="0.96" CONTENT="början"/><SP WIDTH="19" VPOS="562" HPOS="352"/>
							<String ID="string_57" HPOS="371" VPOS="562" WIDTH="176" HEIGHT="41" WC="0.96" CONTENT="framlagda"/><SP WIDTH="19" VPOS="562" HPOS="547"/>
							<String ID="string_58" HPOS="566" VPOS="564" WIDTH="151" HEIGHT="40" WC="0.96" CONTENT="förslaget"/><SP WIDTH="19" VPOS="564" HPOS="717"/>
							<String ID="string_59" HPOS="736" VPOS="565" WIDTH="46" HEIGHT="30" WC="0.93" CONTENT="till"/><SP WIDTH="19" VPOS="565" HPOS="782"/>
							<String ID="string_60" HPOS="801" VPOS="565" WIDTH="127" HEIGHT="31" WC="0.93" CONTENT="riksstat"/><SP WIDTH="19" VPOS="565" HPOS="928"/>
							<String ID="string_61" HPOS="947" VPOS="567" WIDTH="73" HEIGHT="30" WC="0.96" CONTENT="med"/><SP WIDTH="20" VPOS="567" HPOS="1020"/>
							<String ID="string_62" HPOS="1040" VPOS="567" WIDTH="123" HEIGHT="40" WC="0.96" CONTENT="hänsyn"/><SP WIDTH="19" VPOS="567" HPOS="1163"/>
							<String ID="string_63" HPOS="1182" VPOS="567" WIDTH="47" HEIGHT="31" WC="0.96" CONTENT="till"/><SP WIDTH="19" VPOS="567" HPOS="1229"/>
							<String ID="string_64" HPOS="1248" VPOS="578" WIDTH="110" HEIGHT="22" WC="0.96" CONTENT="senare"/><SP WIDTH="20" VPOS="578" HPOS="1358"/>
							<String ID="string_65" HPOS="1378" VPOS="569" WIDTH="169" HEIGHT="31" WC="0.93" CONTENT="inträffade"/><SP WIDTH="20" VPOS="569" HPOS="1547"/>
							<String ID="string_66" HPOS="1567" VPOS="570" WIDTH="65" HEIGHT="30" WC="0.92" CONTENT="för-"/>
						</TextLine>
						<TextLine ID="line_7" HPOS="145" VPOS="615" WIDTH="1487" HEIGHT="48">
							<String ID="string_67" HPOS="145" VPOS="615" WIDTH="176" HEIGHT="40" WC="0.96" CONTENT="ändringar."/><SP WIDTH="21" VPOS="615" HPOS="321"/>
							<String ID="string_68" HPOS="342" VPOS="617" WIDTH="200" HEIGHT="30" WC="0.96" CONTENT="Hemställan"/><SP WIDTH="18" VPOS="617" HPOS="542"/>
							<String ID="string_69" HPOS="560" VPOS="618" WIDTH="10" HEIGHT="29" WC="0.96" CONTENT="i"/><SP WIDTH="17" VPOS="618" HPOS="570"/>
							<String ID="string_70" HPOS="587" VPOS="618" WIDTH="240" HEIGHT="39" WC="0.96" CONTENT="propositionen"/><SP WIDTH="18" VPOS="618" HPOS="827"/>
							<String ID="string_71" HPOS="845" VPOS="620" WIDTH="150" HEIGHT="31" WC="0.96" CONTENT="omfattar"/><SP WIDTH="17" VPOS="620" HPOS="995"/>
							<String ID="string_72" HPOS="1012" VPOS="621" WIDTH="86" HEIGHT="30" WC="0.96" CONTENT="olika"/><SP WIDTH="18" VPOS="621" HPOS="1098"/>
							<String ID="string_73" HPOS="1116" VPOS="621" WIDTH="209" HEIGHT="31" WC="0.96" CONTENT="ekonomiska"/><SP WIDTH="17" VPOS="621" HPOS="1325"/>
							<String ID="string_74" HPOS="1342" VPOS="623" WIDTH="210" HEIGHT="40" WC="0.96" CONTENT="beräkningar"/><SP WIDTH="18" VPOS="623" HPOS="1552"/>
							<String ID="string_75" HPOS="1570" VPOS="624" WIDTH="62" HEIGHT="30" WC="0.96" CONTENT="och"/>
						</TextLine>
						<TextLine ID="line_8" HPOS="144" VPOS="669" WIDTH="1485" HEIGHT="47">
							<String ID="string_76" HPOS="144" VPOS="669" WIDTH="232" HEIGHT="40" WC="0.96" CONTENT="dispositioner,"/><SP WIDTH="27" VPOS="669" HPOS="376"/>
							<String ID="string_77" HPOS="403" VPOS="670" WIDTH="112" HEIGHT="31" WC="0.96" CONTENT="främst"/><SP WIDTH="24" VPOS="670" HPOS="515"/>
							<String ID="string_78" HPOS="539" VPOS="671" WIDTH="103" HEIGHT="31" WC="0.96" CONTENT="beslut"/><SP WIDTH="24" VPOS="671" HPOS="642"/>
							<String ID="string_79" HPOS="666" VPOS="682" WIDTH="54" HEIGHT="21" WC="0.91" CONTENT="om"/><SP WIDTH="25" VPOS="682" HPOS="720"/>
							<String ID="string_80" HPOS="745" VPOS="677" WIDTH="277" HEIGHT="36" WC="0.91" CONTENT="uttagsprocenten"/><SP WIDTH="24" VPOS="677" HPOS="1022"/>
							<String ID="string_81" HPOS="1046" VPOS="674" WIDTH="51" HEIGHT="31" WC="0.96" CONTENT="för"/><SP WIDTH="24" VPOS="674" HPOS="1097"/>
							<String ID="string_82" HPOS="1121" VPOS="675" WIDTH="63" HEIGHT="31" WC="0.96" CONTENT="den"/><SP WIDTH="25" VPOS="675" HPOS="1184"/>
							<String ID="string_83" HPOS="1209" VPOS="676" WIDTH="124" HEIGHT="40" WC="0.96" CONTENT="statliga"/><SP WIDTH="24" VPOS="676" HPOS="1333"/>
							<String ID="string_84" HPOS="1357" VPOS="676" WIDTH="272" HEIGHT="31" WC="0.96" CONTENT="inkomstskatten."/>
						</TextLine>
						<TextLine ID="line_9" HPOS="143" VPOS="723" WIDTH="1489" HEIGHT="42">
							<String ID="string_85" HPOS="143" VPOS="723" WIDTH="245" HEIGHT="40" WC="0.96" CONTENT="Propositionen"/><SP WIDTH="18" VPOS="723" HPOS="388"/>
							<String ID="string_86" HPOS="406" VPOS="724" WIDTH="58" HEIGHT="31" WC="0.96" CONTENT="har"/><SP WIDTH="20" VPOS="724" HPOS="464"/>
							<String ID="string_87" HPOS="484" VPOS="725" WIDTH="42" HEIGHT="40" WC="0.96" CONTENT="på"/><SP WIDTH="20" VPOS="725" HPOS="526"/>
							<String ID="string_88" HPOS="546" VPOS="735" WIDTH="110" HEIGHT="21" WC="0.96" CONTENT="senare"/><SP WIDTH="22" VPOS="735" HPOS="656"/>
							<String ID="string_89" HPOS="678" VPOS="726" WIDTH="34" HEIGHT="31" WC="0.96" CONTENT="år"/><SP WIDTH="19" VPOS="726" HPOS="712"/>
							<String ID="string_90" HPOS="731" VPOS="726" WIDTH="148" HEIGHT="32" WC="0.96" CONTENT="föranlett"/><SP WIDTH="21" VPOS="726" HPOS="879"/>
							<String ID="string_91" HPOS="900" VPOS="728" WIDTH="158" HEIGHT="31" WC="0.96" CONTENT="motioner"/><SP WIDTH="19" VPOS="728" HPOS="1058"/>
							<String ID="string_92" HPOS="1077" VPOS="729" WIDTH="64" HEIGHT="31" WC="0.96" CONTENT="inte"/><SP WIDTH="19" VPOS="729" HPOS="1141"/>
							<String ID="string_93" HPOS="1160" VPOS="729" WIDTH="78" HEIGHT="31" WC="0.96" CONTENT="bara"/><SP WIDTH="19" VPOS="729" HPOS="1238"/>
							<String ID="string_94" HPOS="1257" VPOS="730" WIDTH="137" HEIGHT="31" WC="0.96" CONTENT="rörande"/><SP WIDTH="19" VPOS="730" HPOS="1394"/>
							<String ID="string_95" HPOS="1413" VPOS="731" WIDTH="188" HEIGHT="31" WC="0.96" CONTENT="hemställan"/><SP WIDTH="21" VPOS="731" HPOS="1601"/>
							<String ID="string_96" HPOS="1622" VPOS="732" WIDTH="10" HEIGHT="29" WC="0.96" CONTENT="i"/>
						</TextLine>
						<TextLine ID="line_10" HPOS="143" VPOS="777" WIDTH="1296" HEIGHT="46">
							<String ID="string_97" HPOS="143" VPOS="777" WIDTH="242" HEIGHT="40" WC="0.96" CONTENT="propositionen"/><SP WIDTH="15" VPOS="777" HPOS="385"/>
							<String ID="string_98" HPOS="400" VPOS="782" WIDTH="77" HEIGHT="27" WC="0.96" CONTENT="utan"/><SP WIDTH="16" VPOS="782" HPOS="477"/>
							<String ID="string_99" HPOS="493" VPOS="779" WIDTH="98" HEIGHT="32" WC="0.96" CONTENT="också"/><SP WIDTH="15" VPOS="779" HPOS="591"/>
							<String ID="string_100" HPOS="606" VPOS="780" WIDTH="135" HEIGHT="31" WC="0.96" CONTENT="rörande"/><SP WIDTH="18" VPOS="780" HPOS="741"/>
							<String ID="string_101" HPOS="759" VPOS="781" WIDTH="62" HEIGHT="30" WC="0.96" CONTENT="den"/><SP WIDTH="16" VPOS="781" HPOS="821"/>
							<String ID="string_102" HPOS="837" VPOS="781" WIDTH="209" HEIGHT="32" WC="0.96" CONTENT="ekonomiska"/><SP WIDTH="16" VPOS="781" HPOS="1046"/>
							<String ID="string_103" HPOS="1062" VPOS="782" WIDTH="154" HEIGHT="41" WC="0.96" CONTENT="politiken"/><SP WIDTH="16" VPOS="782" HPOS="1216"/>
							<String ID="string_104" HPOS="1232" VPOS="784" WIDTH="10" HEIGHT="30" WC="0.96" CONTENT="i"/><SP WIDTH="17" VPOS="784" HPOS="1242"/>
							<String ID="string_105" HPOS="1259" VPOS="784" WIDTH="180" HEIGHT="32" WC="0.96" CONTENT="allmänhet."/>
						</TextLine>
					</TextBlock>
					<TextBlock ID="block_3" HPOS="142" VPOS="831" WIDTH="1490" HEIGHT="368">
						<TextLine ID="line_11" HPOS="188" VPOS="831" WIDTH="1444" HEIGHT="47">
							<String ID="string_106" HPOS="188" VPOS="832" WIDTH="15" HEIGHT="29" WC="0.96" CONTENT="I"/><SP WIDTH="26" VPOS="832" HPOS="203"/>
							<String ID="string_107" HPOS="229" VPOS="831" WIDTH="62" HEIGHT="31" WC="0.96" CONTENT="den"/><SP WIDTH="24" VPOS="831" HPOS="291"/>
							<String ID="string_108" HPOS="315" VPOS="831" WIDTH="215" HEIGHT="41" WC="0.96" CONTENT="föreliggande"/><SP WIDTH="24" VPOS="831" HPOS="530"/>
							<String ID="string_109" HPOS="554" VPOS="834" WIDTH="241" HEIGHT="39" WC="0.96" CONTENT="propositionen"/><SP WIDTH="24" VPOS="834" HPOS="795"/>
							<String ID="string_110" HPOS="819" VPOS="835" WIDTH="163" HEIGHT="40" WC="0.96" CONTENT="angående"/><SP WIDTH="24" VPOS="835" HPOS="982"/>
							<String ID="string_111" HPOS="1006" VPOS="836" WIDTH="245" HEIGHT="41" WC="0.96" CONTENT="komplettering"/><SP WIDTH="24" VPOS="836" HPOS="1251"/>
							<String ID="string_112" HPOS="1275" VPOS="847" WIDTH="39" HEIGHT="21" WC="0.92" CONTENT="av"/><SP WIDTH="24" VPOS="847" HPOS="1314"/>
							<String ID="string_113" HPOS="1338" VPOS="837" WIDTH="294" HEIGHT="41" WC="0.92" CONTENT="riksstatsförslaget"/>
						</TextLine>
						<TextLine ID="line_12" HPOS="143" VPOS="884" WIDTH="1487" HEIGHT="46">
							<String ID="string_114" HPOS="143" VPOS="884" WIDTH="52" HEIGHT="31" WC="0.96" CONTENT="för"/><SP WIDTH="21" VPOS="884" HPOS="195"/>
							<String ID="string_115" HPOS="216" VPOS="885" WIDTH="187" HEIGHT="40" WC="0.93" CONTENT="budgetåret"/><SP WIDTH="25" VPOS="885" HPOS="403"/>
							<String ID="string_116" HPOS="428" VPOS="886" WIDTH="163" HEIGHT="38" WC="0.89" CONTENT="1969/70,"/><SP WIDTH="23" VPOS="886" HPOS="591"/>
							<String ID="string_117" HPOS="614" VPOS="897" WIDTH="42" HEIGHT="21" WC="0.92" CONTENT="m."/><SP WIDTH="26" VPOS="897" HPOS="656"/>
							<String ID="string_118" HPOS="682" VPOS="898" WIDTH="52" HEIGHT="27" WC="0.92" CONTENT="m.,"/><SP WIDTH="25" VPOS="898" HPOS="734"/>
							<String ID="string_119" HPOS="759" VPOS="898" WIDTH="53" HEIGHT="30" WC="0.96" CONTENT="ges"/><SP WIDTH="23" VPOS="898" HPOS="812"/>
							<String ID="string_120" HPOS="835" VPOS="898" WIDTH="39" HEIGHT="21" WC="0.96" CONTENT="en"/><SP WIDTH="22" VPOS="898" HPOS="874"/>
							<String ID="string_121" HPOS="896" VPOS="889" WIDTH="124" HEIGHT="31" WC="0.96" CONTENT="relativt"/><SP WIDTH="22" VPOS="889" HPOS="1020"/>
							<String ID="string_122" HPOS="1042" VPOS="890" WIDTH="190" HEIGHT="40" WC="0.96" CONTENT="optimistisk"/><SP WIDTH="23" VPOS="890" HPOS="1232"/>
							<String ID="string_123" HPOS="1255" VPOS="891" WIDTH="66" HEIGHT="31" WC="0.96" CONTENT="bild"/><SP WIDTH="24" VPOS="891" HPOS="1321"/>
							<String ID="string_124" HPOS="1345" VPOS="901" WIDTH="38" HEIGHT="21" WC="0.96" CONTENT="av"/><SP WIDTH="23" VPOS="901" HPOS="1383"/>
							<String ID="string_125" HPOS="1406" VPOS="892" WIDTH="63" HEIGHT="31" WC="0.96" CONTENT="den"/><SP WIDTH="21" VPOS="892" HPOS="1469"/>
							<String ID="string_126" HPOS="1490" VPOS="892" WIDTH="140" HEIGHT="31" WC="0.96" CONTENT="rådande"/>
						</TextLine>
						<TextLine ID="line_13" HPOS="143" VPOS="939" WIDTH="1488" HEIGHT="47">
							<String ID="string_127" HPOS="143" VPOS="939" WIDTH="427" HEIGHT="41" WC="0.91" CONTENT="konjunkturutvecklingen."/><SP WIDTH="22" VPOS="939" HPOS="570"/>
							<String ID="string_128" HPOS="592" VPOS="941" WIDTH="68" HEIGHT="31" WC="0.96" CONTENT="Vår"/><SP WIDTH="21" VPOS="941" HPOS="660"/>
							<String ID="string_129" HPOS="681" VPOS="942" WIDTH="150" HEIGHT="31" WC="0.96" CONTENT="ekonomi"/><SP WIDTH="20" VPOS="942" HPOS="831"/>
							<String ID="string_130" HPOS="851" VPOS="943" WIDTH="143" HEIGHT="31" WC="0.96" CONTENT="befinner"/><SP WIDTH="21" VPOS="943" HPOS="994"/>
							<String ID="string_131" HPOS="1015" VPOS="943" WIDTH="55" HEIGHT="40" WC="0.96" CONTENT="sig,"/><SP WIDTH="22" VPOS="943" HPOS="1070"/>
							<String ID="string_132" HPOS="1092" VPOS="944" WIDTH="143" HEIGHT="40" WC="0.96" CONTENT="påpekas"/><SP WIDTH="20" VPOS="944" HPOS="1235"/>
							<String ID="string_133" HPOS="1255" VPOS="945" WIDTH="62" HEIGHT="37" WC="0.96" CONTENT="det,"/><SP WIDTH="22" VPOS="945" HPOS="1317"/>
							<String ID="string_134" HPOS="1339" VPOS="946" WIDTH="11" HEIGHT="30" WC="0.96" CONTENT="i"/><SP WIDTH="21" VPOS="946" HPOS="1350"/>
							<String ID="string_135" HPOS="1371" VPOS="955" WIDTH="40" HEIGHT="21" WC="0.96" CONTENT="en"/><SP WIDTH="21" VPOS="955" HPOS="1411"/>
							<String ID="string_136" HPOS="1432" VPOS="946" WIDTH="98" HEIGHT="31" WC="0.93" CONTENT="starkt"/><SP WIDTH="20" VPOS="946" HPOS="1530"/>
							<String ID="string_137" HPOS="1550" VPOS="956" WIDTH="81" HEIGHT="30" WC="0.93" CONTENT="upp-"/>
						</TextLine>
						<TextLine ID="line_14" HPOS="145" VPOS="992" WIDTH="1485" HEIGHT="48">
							<String ID="string_138" HPOS="145" VPOS="992" WIDTH="155" HEIGHT="40" WC="0.90" CONTENT="åtgående"/><SP WIDTH="21" VPOS="992" HPOS="300"/>
							<String ID="string_139" HPOS="321" VPOS="994" WIDTH="254" HEIGHT="38" WC="0.91" CONTENT="konjunkturfas."/><SP WIDTH="25" VPOS="994" HPOS="575"/>
							<String ID="string_140" HPOS="600" VPOS="995" WIDTH="64" HEIGHT="30" WC="0.96" CONTENT="Det"/><SP WIDTH="22" VPOS="995" HPOS="664"/>
							<String ID="string_141" HPOS="686" VPOS="996" WIDTH="132" HEIGHT="31" WC="0.96" CONTENT="betonas"/><SP WIDTH="24" VPOS="996" HPOS="818"/>
							<String ID="string_142" HPOS="842" VPOS="1001" WIDTH="45" HEIGHT="26" WC="0.96" CONTENT="att"/><SP WIDTH="22" VPOS="1001" HPOS="887"/>
							<String ID="string_143" HPOS="909" VPOS="997" WIDTH="86" HEIGHT="30" WC="0.96" CONTENT="detta"/><SP WIDTH="21" VPOS="997" HPOS="995"/>
							<String ID="string_144" HPOS="1016" VPOS="997" WIDTH="200" HEIGHT="32" WC="0.96" CONTENT="förhållande"/><SP WIDTH="24" VPOS="997" HPOS="1216"/>
							<String ID="string_145" HPOS="1240" VPOS="999" WIDTH="131" HEIGHT="40" WC="0.96" CONTENT="skärper"/><SP WIDTH="21" VPOS="999" HPOS="1371"/>
							<String ID="string_146" HPOS="1392" VPOS="1000" WIDTH="111" HEIGHT="31" WC="0.96" CONTENT="kravet"/><SP WIDTH="22" VPOS="1000" HPOS="1503"/>
							<String ID="string_147" HPOS="1525" VPOS="1000" WIDTH="43" HEIGHT="40" WC="0.96" CONTENT="på"/><SP WIDTH="23" VPOS="1000" HPOS="1568"/>
							<String ID="string_148" HPOS="1591" VPOS="1010" WIDTH="39" HEIGHT="21" WC="0.96" CONTENT="en"/>
						</TextLine>
						<TextLine ID="line_15" HPOS="142" VPOS="1047" WIDTH="1488" HEIGHT="44">
							<String ID="string_149" HPOS="142" VPOS="1056" WIDTH="165" HEIGHT="31" WC="0.94" CONTENT="noggrann"/><SP WIDTH="23" VPOS="1056" HPOS="307"/>
							<String ID="string_150" HPOS="330" VPOS="1047" WIDTH="180" HEIGHT="41" WC="0.96" CONTENT="bevakning"/><SP WIDTH="24" VPOS="1047" HPOS="510"/>
							<String ID="string_151" HPOS="534" VPOS="1058" WIDTH="39" HEIGHT="21" WC="0.96" CONTENT="av"/><SP WIDTH="25" VPOS="1058" HPOS="573"/>
							<String ID="string_152" HPOS="598" VPOS="1049" WIDTH="166" HEIGHT="31" WC="0.95" CONTENT="tendenser"/><SP WIDTH="23" VPOS="1049" HPOS="764"/>
							<String ID="string_153" HPOS="787" VPOS="1050" WIDTH="47" HEIGHT="30" WC="0.92" CONTENT="till"/><SP WIDTH="24" VPOS="1050" HPOS="834"/>
							<String ID="string_154" HPOS="858" VPOS="1050" WIDTH="305" HEIGHT="41" WC="0.92" CONTENT="balansrubbningar"/><SP WIDTH="23" VPOS="1050" HPOS="1163"/>
							<String ID="string_155" HPOS="1186" VPOS="1053" WIDTH="11" HEIGHT="30" WC="0.93" CONTENT="i"/><SP WIDTH="24" VPOS="1053" HPOS="1197"/>
							<String ID="string_156" HPOS="1221" VPOS="1052" WIDTH="332" HEIGHT="34" WC="0.50" CONTENT="samhällsekonomin."/><SP WIDTH="28" VPOS="1052" HPOS="1553"/>
							<String ID="string_157" HPOS="1581" VPOS="1055" WIDTH="49" HEIGHT="30" WC="0.96" CONTENT="En"/>
						</TextLine>
						<TextLine ID="line_16" HPOS="143" VPOS="1100" WIDTH="1486" HEIGHT="47">
							<String ID="string_158" HPOS="143" VPOS="1100" WIDTH="86" HEIGHT="31" WC="0.96" CONTENT="ökad"/><SP WIDTH="16" VPOS="1100" HPOS="229"/>
							<String ID="string_159" HPOS="245" VPOS="1101" WIDTH="214" HEIGHT="31" WC="0.95" CONTENT="restriktivitet"/><SP WIDTH="15" VPOS="1101" HPOS="459"/>
							<String ID="string_160" HPOS="474" VPOS="1102" WIDTH="59" HEIGHT="31" WC="0.96" CONTENT="har"/><SP WIDTH="17" VPOS="1102" HPOS="533"/>
							<String ID="string_161" HPOS="550" VPOS="1103" WIDTH="154" HEIGHT="31" WC="0.96" CONTENT="alltsedan"/><SP WIDTH="17" VPOS="1103" HPOS="704"/>
							<String ID="string_162" HPOS="721" VPOS="1103" WIDTH="159" HEIGHT="32" WC="0.96" CONTENT="årsskiftet"/><SP WIDTH="16" VPOS="1103" HPOS="880"/>
							<String ID="string_163" HPOS="896" VPOS="1105" WIDTH="123" HEIGHT="39" WC="0.96" CONTENT="präglat"/><SP WIDTH="17" VPOS="1105" HPOS="1019"/>
							<String ID="string_164" HPOS="1036" VPOS="1105" WIDTH="63" HEIGHT="31" WC="0.96" CONTENT="den"/><SP WIDTH="17" VPOS="1105" HPOS="1099"/>
							<String ID="string_165" HPOS="1116" VPOS="1106" WIDTH="210" HEIGHT="32" WC="0.96" CONTENT="ekonomiska"/><SP WIDTH="16" VPOS="1106" HPOS="1326"/>
							<String ID="string_166" HPOS="1342" VPOS="1107" WIDTH="162" HEIGHT="40" WC="0.93" CONTENT="politiken."/><SP WIDTH="20" VPOS="1107" HPOS="1504"/>
							<String ID="string_167" HPOS="1524" VPOS="1108" WIDTH="105" HEIGHT="30" WC="0.92" CONTENT="Ytter-"/>
						</TextLine>
						<TextLine ID="line_17" HPOS="142" VPOS="1154" WIDTH="1044" HEIGHT="45">
							<String ID="string_168" HPOS="142" VPOS="1154" WIDTH="98" HEIGHT="40" WC="0.93" CONTENT="ligare"/><SP WIDTH="15" VPOS="1154" HPOS="240"/>
							<String ID="string_169" HPOS="255" VPOS="1154" WIDTH="214" HEIGHT="32" WC="0.91" CONTENT="åtstramande"/><SP WIDTH="16" VPOS="1154" HPOS="469"/>
							<String ID="string_170" HPOS="485" VPOS="1155" WIDTH="145" HEIGHT="40" WC="0.96" CONTENT="åtgärder"/><SP WIDTH="14" VPOS="1155" HPOS="630"/>
							<String ID="string_171" HPOS="644" VPOS="1157" WIDTH="171" HEIGHT="31" WC="0.96" CONTENT="betecknas"/><SP WIDTH="16" VPOS="1157" HPOS="815"/>
							<String ID="string_172" HPOS="831" VPOS="1167" WIDTH="43" HEIGHT="21" WC="0.96" CONTENT="nu"/><SP WIDTH="16" VPOS="1167" HPOS="874"/>
							<String ID="string_173" HPOS="890" VPOS="1167" WIDTH="70" HEIGHT="22" WC="0.96" CONTENT="som"/><SP WIDTH="15" VPOS="1167" HPOS="960"/>
							<String ID="string_174" HPOS="975" VPOS="1158" WIDTH="211" HEIGHT="41" WC="0.96" CONTENT="nödvändiga."/>
						</TextLine>
					</TextBlock>
					<TextBlock ID="block_4" HPOS="140" VPOS="1209" WIDTH="1490" HEIGHT="731">
						<TextLine ID="line_18" HPOS="188" VPOS="1209" WIDTH="1442" HEIGHT="47">
							<String ID="string_175" HPOS="188" VPOS="1209" WIDTH="72" HEIGHT="30" WC="0.96" CONTENT="Den"/><SP WIDTH="20" VPOS="1209" HPOS="260"/>
							<String ID="string_176" HPOS="280" VPOS="1209" WIDTH="235" HEIGHT="40" WC="0.96" CONTENT="huvuduppgift"/><SP WIDTH="21" VPOS="1209" HPOS="515"/>
							<String ID="string_177" HPOS="536" VPOS="1219" WIDTH="69" HEIGHT="22" WC="0.96" CONTENT="som"/><SP WIDTH="21" VPOS="1219" HPOS="605"/>
							<String ID="string_178" HPOS="626" VPOS="1210" WIDTH="114" HEIGHT="32" WC="0.96" CONTENT="chefen"/><SP WIDTH="19" VPOS="1210" HPOS="740"/>
							<String ID="string_179" HPOS="759" VPOS="1211" WIDTH="51" HEIGHT="31" WC="0.93" CONTENT="för"/><SP WIDTH="20" VPOS="1211" HPOS="810"/>
							<String ID="string_180" HPOS="830" VPOS="1211" WIDTH="356" HEIGHT="41" WC="0.91" CONTENT="finansdepartementet"/><SP WIDTH="19" VPOS="1211" HPOS="1186"/>
							<String ID="string_181" HPOS="1205" VPOS="1214" WIDTH="11" HEIGHT="30" WC="0.96" CONTENT="i"/><SP WIDTH="22" VPOS="1214" HPOS="1216"/>
							<String ID="string_182" HPOS="1238" VPOS="1214" WIDTH="104" HEIGHT="32" WC="0.96" CONTENT="denna"/><SP WIDTH="22" VPOS="1214" HPOS="1342"/>
							<String ID="string_183" HPOS="1364" VPOS="1214" WIDTH="150" HEIGHT="33" WC="0.96" CONTENT="situation"/><SP WIDTH="21" VPOS="1214" HPOS="1514"/>
							<String ID="string_184" HPOS="1535" VPOS="1225" WIDTH="95" HEIGHT="31" WC="0.96" CONTENT="anger"/>
						</TextLine>
						<TextLine ID="line_19" HPOS="142" VPOS="1262" WIDTH="1488" HEIGHT="48">
							<String ID="string_185" HPOS="142" VPOS="1262" WIDTH="51" HEIGHT="31" WC="0.96" CONTENT="för"/><SP WIDTH="17" VPOS="1262" HPOS="193"/>
							<String ID="string_186" HPOS="210" VPOS="1263" WIDTH="63" HEIGHT="30" WC="0.96" CONTENT="den"/><SP WIDTH="15" VPOS="1263" HPOS="273"/>
							<String ID="string_187" HPOS="288" VPOS="1263" WIDTH="210" HEIGHT="31" WC="0.96" CONTENT="ekonomiska"/><SP WIDTH="15" VPOS="1263" HPOS="498"/>
							<String ID="string_188" HPOS="513" VPOS="1264" WIDTH="154" HEIGHT="40" WC="0.96" CONTENT="politiken"/><SP WIDTH="18" VPOS="1264" HPOS="667"/>
							<String ID="string_189" HPOS="685" VPOS="1267" WIDTH="34" HEIGHT="28" WC="0.95" CONTENT="är"/><SP WIDTH="16" VPOS="1267" HPOS="719"/>
							<String ID="string_190" HPOS="735" VPOS="1270" WIDTH="45" HEIGHT="26" WC="0.96" CONTENT="att"/><SP WIDTH="16" VPOS="1270" HPOS="780"/>
							<String ID="string_191" HPOS="796" VPOS="1266" WIDTH="78" HEIGHT="30" WC="0.96" CONTENT="söka"/><SP WIDTH="17" VPOS="1266" HPOS="874"/>
							<String ID="string_192" HPOS="891" VPOS="1266" WIDTH="222" HEIGHT="31" WC="0.96" CONTENT="åstadkomma"/><SP WIDTH="16" VPOS="1266" HPOS="1113"/>
							<String ID="string_193" HPOS="1129" VPOS="1277" WIDTH="39" HEIGHT="21" WC="0.95" CONTENT="en"/><SP WIDTH="17" VPOS="1277" HPOS="1168"/>
							<String ID="string_194" HPOS="1185" VPOS="1268" WIDTH="101" HEIGHT="30" WC="0.96" CONTENT="bättre"/><SP WIDTH="17" VPOS="1268" HPOS="1286"/>
							<String ID="string_195" HPOS="1303" VPOS="1269" WIDTH="141" HEIGHT="39" WC="0.96" CONTENT="regional"/><SP WIDTH="17" VPOS="1269" HPOS="1444"/>
							<String ID="string_196" HPOS="1461" VPOS="1269" WIDTH="110" HEIGHT="32" WC="0.96" CONTENT="balans"/><SP WIDTH="17" VPOS="1269" HPOS="1571"/>
							<String ID="string_197" HPOS="1588" VPOS="1270" WIDTH="42" HEIGHT="40" WC="0.97" CONTENT="på"/>
						</TextLine>
						<TextLine ID="line_20" HPOS="142" VPOS="1317" WIDTH="1488" HEIGHT="43">
							<String ID="string_198" HPOS="142" VPOS="1317" WIDTH="312" HEIGHT="31" WC="0.95" CONTENT="arbetsmarknaden."/><SP WIDTH="23" VPOS="1317" HPOS="454"/>
							<String ID="string_199" HPOS="477" VPOS="1318" WIDTH="165" HEIGHT="40" WC="0.96" CONTENT="Samtidigt"/><SP WIDTH="21" VPOS="1318" HPOS="642"/>
							<String ID="string_200" HPOS="663" VPOS="1329" WIDTH="69" HEIGHT="21" WC="0.96" CONTENT="som"/><SP WIDTH="20" VPOS="1329" HPOS="732"/>
							<String ID="string_201" HPOS="752" VPOS="1319" WIDTH="119" HEIGHT="31" WC="0.96" CONTENT="bristen"/><SP WIDTH="20" VPOS="1319" HPOS="871"/>
							<String ID="string_202" HPOS="891" VPOS="1320" WIDTH="42" HEIGHT="40" WC="0.97" CONTENT="på"/><SP WIDTH="21" VPOS="1320" HPOS="933"/>
							<String ID="string_203" HPOS="954" VPOS="1321" WIDTH="190" HEIGHT="30" WC="0.96" CONTENT="arbetskraft"/><SP WIDTH="19" VPOS="1321" HPOS="1144"/>
							<String ID="string_204" HPOS="1163" VPOS="1321" WIDTH="96" HEIGHT="31" WC="0.96" CONTENT="tilltar"/><SP WIDTH="20" VPOS="1321" HPOS="1259"/>
							<String ID="string_205" HPOS="1279" VPOS="1322" WIDTH="10" HEIGHT="30" WC="0.96" CONTENT="i"/><SP WIDTH="20" VPOS="1322" HPOS="1289"/>
							<String ID="string_206" HPOS="1309" VPOS="1323" WIDTH="122" HEIGHT="31" WC="0.96" CONTENT="landets"/><SP WIDTH="23" VPOS="1323" HPOS="1431"/>
							<String ID="string_207" HPOS="1454" VPOS="1324" WIDTH="95" HEIGHT="30" WC="0.96" CONTENT="södra"/><SP WIDTH="19" VPOS="1324" HPOS="1549"/>
							<String ID="string_208" HPOS="1568" VPOS="1324" WIDTH="62" HEIGHT="30" WC="0.96" CONTENT="och"/>
						</TextLine>
						<TextLine ID="line_21" HPOS="142" VPOS="1371" WIDTH="1485" HEIGHT="41">
							<String ID="string_209" HPOS="142" VPOS="1371" WIDTH="159" HEIGHT="30" WC="0.96" CONTENT="mellersta"/><SP WIDTH="18" VPOS="1371" HPOS="301"/>
							<String ID="string_210" HPOS="319" VPOS="1371" WIDTH="88" HEIGHT="31" WC="0.96" CONTENT="delar"/><SP WIDTH="16" VPOS="1371" HPOS="407"/>
							<String ID="string_211" HPOS="423" VPOS="1371" WIDTH="216" HEIGHT="32" WC="0.96" CONTENT="förekommer"/><SP WIDTH="17" VPOS="1371" HPOS="639"/>
							<String ID="string_212" HPOS="656" VPOS="1373" WIDTH="160" HEIGHT="39" WC="0.95" CONTENT="nämligen"/><SP WIDTH="17" VPOS="1373" HPOS="816"/>
							<String ID="string_213" HPOS="833" VPOS="1384" WIDTH="41" HEIGHT="20" WC="0.95" CONTENT="en"/><SP WIDTH="18" VPOS="1384" HPOS="874"/>
							<String ID="string_214" HPOS="892" VPOS="1375" WIDTH="153" HEIGHT="30" WC="0.96" CONTENT="avsevärd"/><SP WIDTH="19" VPOS="1375" HPOS="1045"/>
							<String ID="string_215" HPOS="1064" VPOS="1375" WIDTH="208" HEIGHT="31" WC="0.96" CONTENT="arbetslöshet"/><SP WIDTH="16" VPOS="1375" HPOS="1272"/>
							<String ID="string_216" HPOS="1288" VPOS="1377" WIDTH="11" HEIGHT="30" WC="0.96" CONTENT="i"/><SP WIDTH="19" VPOS="1377" HPOS="1299"/>
							<String ID="string_217" HPOS="1318" VPOS="1377" WIDTH="39" HEIGHT="30" WC="0.96" CONTENT="de"/><SP WIDTH="18" VPOS="1377" HPOS="1357"/>
							<String ID="string_218" HPOS="1375" VPOS="1386" WIDTH="96" HEIGHT="21" WC="0.96" CONTENT="norra"/><SP WIDTH="18" VPOS="1386" HPOS="1471"/>
							<String ID="string_219" HPOS="1489" VPOS="1378" WIDTH="138" HEIGHT="30" WC="0.95" CONTENT="delarna."/>
						</TextLine>
						<TextLine ID="line_22" HPOS="142" VPOS="1425" WIDTH="1488" HEIGHT="46">
							<String ID="string_220" HPOS="142" VPOS="1425" WIDTH="50" HEIGHT="30" WC="0.96" CONTENT="En"/><SP WIDTH="26" VPOS="1425" HPOS="192"/>
							<String ID="string_221" HPOS="218" VPOS="1425" WIDTH="85" HEIGHT="30" WC="0.93" CONTENT="aktiv"/><SP WIDTH="27" VPOS="1425" HPOS="303"/>
							<String ID="string_222" HPOS="330" VPOS="1425" WIDTH="290" HEIGHT="32" WC="0.92" CONTENT="arbetsmarknads-"/><SP WIDTH="26" VPOS="1425" HPOS="620"/>
							<String ID="string_223" HPOS="646" VPOS="1427" WIDTH="61" HEIGHT="30" WC="0.93" CONTENT="och"/><SP WIDTH="24" VPOS="1427" HPOS="707"/>
							<String ID="string_224" HPOS="731" VPOS="1427" WIDTH="332" HEIGHT="41" WC="0.90" CONTENT="lokaliseringspolitik"/><SP WIDTH="24" VPOS="1427" HPOS="1063"/>
							<String ID="string_225" HPOS="1087" VPOS="1429" WIDTH="60" HEIGHT="30" WC="0.96" CONTENT="bör"/><SP WIDTH="25" VPOS="1429" HPOS="1147"/>
							<String ID="string_226" HPOS="1172" VPOS="1429" WIDTH="109" HEIGHT="31" WC="0.96" CONTENT="därför"/><SP WIDTH="25" VPOS="1429" HPOS="1281"/>
							<String ID="string_227" HPOS="1306" VPOS="1430" WIDTH="43" HEIGHT="40" WC="0.96" CONTENT="på"/><SP WIDTH="25" VPOS="1430" HPOS="1349"/>
							<String ID="string_228" HPOS="1374" VPOS="1440" WIDTH="40" HEIGHT="21" WC="0.96" CONTENT="en"/><SP WIDTH="25" VPOS="1440" HPOS="1414"/>
							<String ID="string_229" HPOS="1439" VPOS="1431" WIDTH="81" HEIGHT="40" WC="0.96" CONTENT="gång"/><SP WIDTH="25" VPOS="1431" HPOS="1520"/>
							<String ID="string_230" HPOS="1545" VPOS="1431" WIDTH="85" HEIGHT="32" WC="0.96" CONTENT="hålla"/>
						</TextLine>
						<TextLine ID="line_23" HPOS="142" VPOS="1478" WIDTH="1487" HEIGHT="44">
							<String ID="string_231" HPOS="142" VPOS="1478" WIDTH="132" HEIGHT="31" WC="0.93" CONTENT="tillbaka"/><SP WIDTH="16" VPOS="1478" HPOS="274"/>
							<String ID="string_232" HPOS="290" VPOS="1479" WIDTH="444" HEIGHT="40" WC="0.91" CONTENT="överhettningstendenserna"/><SP WIDTH="17" VPOS="1479" HPOS="734"/>
							<String ID="string_233" HPOS="751" VPOS="1481" WIDTH="11" HEIGHT="30" WC="0.93" CONTENT="i"/><SP WIDTH="17" VPOS="1481" HPOS="762"/>
							<String ID="string_234" HPOS="779" VPOS="1481" WIDTH="76" HEIGHT="40" WC="0.92" CONTENT="Syd-"/><SP WIDTH="18" VPOS="1481" HPOS="855"/>
							<String ID="string_235" HPOS="873" VPOS="1483" WIDTH="62" HEIGHT="29" WC="0.96" CONTENT="och"/><SP WIDTH="16" VPOS="1483" HPOS="935"/>
							<String ID="string_236" HPOS="951" VPOS="1482" WIDTH="244" HEIGHT="40" WC="0.95" CONTENT="Mellansverige"/><SP WIDTH="18" VPOS="1482" HPOS="1195"/>
							<String ID="string_237" HPOS="1213" VPOS="1484" WIDTH="61" HEIGHT="30" WC="0.96" CONTENT="och"/><SP WIDTH="17" VPOS="1484" HPOS="1274"/>
							<String ID="string_238" HPOS="1291" VPOS="1484" WIDTH="173" HEIGHT="32" WC="0.95" CONTENT="medverka"/><SP WIDTH="16" VPOS="1484" HPOS="1464"/>
							<String ID="string_239" HPOS="1480" VPOS="1485" WIDTH="47" HEIGHT="31" WC="0.95" CONTENT="till"/><SP WIDTH="17" VPOS="1485" HPOS="1527"/>
							<String ID="string_240" HPOS="1544" VPOS="1485" WIDTH="85" HEIGHT="31" WC="0.96" CONTENT="ökad"/>
						</TextLine>
						<TextLine ID="line_24" HPOS="142" VPOS="1533" WIDTH="1486" HEIGHT="45">
							<String ID="string_241" HPOS="142" VPOS="1533" WIDTH="236" HEIGHT="40" WC="0.95" CONTENT="sysselsättning"/><SP WIDTH="23" VPOS="1533" HPOS="378"/>
							<String ID="string_242" HPOS="401" VPOS="1533" WIDTH="11" HEIGHT="30" WC="0.96" CONTENT="i"/><SP WIDTH="24" VPOS="1533" HPOS="412"/>
							<String ID="string_243" HPOS="436" VPOS="1534" WIDTH="198" HEIGHT="39" WC="0.96" CONTENT="skogslänen."/><SP WIDTH="27" VPOS="1534" HPOS="634"/>
							<String ID="string_244" HPOS="661" VPOS="1534" WIDTH="84" HEIGHT="31" WC="0.96" CONTENT="Från"/><SP WIDTH="24" VPOS="1534" HPOS="745"/>
							<String ID="string_245" HPOS="769" VPOS="1535" WIDTH="105" HEIGHT="31" WC="0.96" CONTENT="denna"/><SP WIDTH="24" VPOS="1535" HPOS="874"/>
							<String ID="string_246" HPOS="898" VPOS="1536" WIDTH="235" HEIGHT="40" WC="0.96" CONTENT="utgångspunkt"/><SP WIDTH="23" VPOS="1536" HPOS="1133"/>
							<String ID="string_247" HPOS="1156" VPOS="1542" WIDTH="198" HEIGHT="34" WC="0.96" CONTENT="presenteras"/><SP WIDTH="24" VPOS="1542" HPOS="1354"/>
							<String ID="string_248" HPOS="1378" VPOS="1538" WIDTH="53" HEIGHT="31" WC="0.93" CONTENT="det"/><SP WIDTH="25" VPOS="1538" HPOS="1431"/>
							<String ID="string_249" HPOS="1456" VPOS="1539" WIDTH="172" HEIGHT="39" WC="0.92" CONTENT="sysselsätt-"/>
						</TextLine>
						<TextLine ID="line_25" HPOS="142" VPOS="1586" WIDTH="1486" HEIGHT="46">
							<String ID="string_250" HPOS="142" VPOS="1586" WIDTH="241" HEIGHT="40" WC="0.90" CONTENT="ningspolitiska"/><SP WIDTH="17" VPOS="1586" HPOS="383"/>
							<String ID="string_251" HPOS="400" VPOS="1597" WIDTH="149" HEIGHT="30" WC="0.96" CONTENT="program"/><SP WIDTH="19" VPOS="1597" HPOS="549"/>
							<String ID="string_252" HPOS="568" VPOS="1597" WIDTH="69" HEIGHT="22" WC="0.95" CONTENT="som"/><SP WIDTH="18" VPOS="1597" HPOS="637"/>
							<String ID="string_253" HPOS="655" VPOS="1589" WIDTH="115" HEIGHT="39" WC="0.94" CONTENT="Kungl."/><SP WIDTH="21" VPOS="1589" HPOS="770"/>
							<String ID="string_254" HPOS="791" VPOS="1589" WIDTH="95" HEIGHT="39" WC="0.96" CONTENT="Maj:t"/><SP WIDTH="18" VPOS="1589" HPOS="886"/>
							<String ID="string_255" HPOS="904" VPOS="1598" WIDTH="90" HEIGHT="22" WC="0.96" CONTENT="avser"/><SP WIDTH="18" VPOS="1598" HPOS="994"/>
							<String ID="string_256" HPOS="1012" VPOS="1594" WIDTH="45" HEIGHT="26" WC="0.96" CONTENT="att"/><SP WIDTH="17" VPOS="1594" HPOS="1057"/>
							<String ID="string_257" HPOS="1074" VPOS="1599" WIDTH="116" HEIGHT="31" WC="0.92" CONTENT="genom"/><SP WIDTH="19" VPOS="1599" HPOS="1190"/>
							<String ID="string_258" HPOS="1209" VPOS="1591" WIDTH="419" HEIGHT="41" WC="0.92" CONTENT="arbetsmarknadsmyndig-"/>
						</TextLine>
						<TextLine ID="line_26" HPOS="141" VPOS="1640" WIDTH="1488" HEIGHT="44">
							<String ID="string_259" HPOS="141" VPOS="1640" WIDTH="132" HEIGHT="31" WC="0.96" CONTENT="heterna"/><SP WIDTH="18" VPOS="1640" HPOS="273"/>
							<String ID="string_260" HPOS="291" VPOS="1641" WIDTH="79" HEIGHT="30" WC="0.96" CONTENT="söka"/><SP WIDTH="18" VPOS="1641" HPOS="370"/>
							<String ID="string_261" HPOS="388" VPOS="1641" WIDTH="200" HEIGHT="40" WC="0.96" CONTENT="förverkliga."/><SP WIDTH="21" VPOS="1641" HPOS="588"/>
							<String ID="string_262" HPOS="609" VPOS="1642" WIDTH="103" HEIGHT="31" WC="0.96" CONTENT="Bland"/><SP WIDTH="20" VPOS="1642" HPOS="712"/>
							<String ID="string_263" HPOS="732" VPOS="1642" WIDTH="144" HEIGHT="40" WC="0.96" CONTENT="åtgärder"/><SP WIDTH="20" VPOS="1642" HPOS="876"/>
							<String ID="string_264" HPOS="896" VPOS="1653" WIDTH="69" HEIGHT="21" WC="0.97" CONTENT="som"/><SP WIDTH="19" VPOS="1653" HPOS="965"/>
							<String ID="string_265" HPOS="984" VPOS="1644" WIDTH="111" HEIGHT="31" WC="0.93" CONTENT="härvid"/><SP WIDTH="20" VPOS="1644" HPOS="1095"/>
							<String ID="string_266" HPOS="1115" VPOS="1644" WIDTH="247" HEIGHT="40" WC="0.91" CONTENT="ifrågakommer"/><SP WIDTH="17" VPOS="1644" HPOS="1362"/>
							<String ID="string_267" HPOS="1379" VPOS="1646" WIDTH="107" HEIGHT="32" WC="0.96" CONTENT="märks"/><SP WIDTH="20" VPOS="1646" HPOS="1486"/>
							<String ID="string_268" HPOS="1506" VPOS="1656" WIDTH="41" HEIGHT="21" WC="0.95" CONTENT="en"/><SP WIDTH="19" VPOS="1656" HPOS="1547"/>
							<String ID="string_269" HPOS="1566" VPOS="1647" WIDTH="63" HEIGHT="30" WC="0.96" CONTENT="viss"/>
						</TextLine>
						<TextLine ID="line_27" HPOS="140" VPOS="1694" WIDTH="1488" HEIGHT="45">
							<String ID="string_270" HPOS="140" VPOS="1694" WIDTH="213" HEIGHT="31" WC="0.95" CONTENT="restriktivitet"/><SP WIDTH="21" VPOS="1694" HPOS="353"/>
							<String ID="string_271" HPOS="374" VPOS="1695" WIDTH="10" HEIGHT="30" WC="0.93" CONTENT="i"/><SP WIDTH="20" VPOS="1695" HPOS="384"/>
							<String ID="string_272" HPOS="404" VPOS="1695" WIDTH="323" HEIGHT="40" WC="0.90" CONTENT="tillståndsgivningen"/><SP WIDTH="20" VPOS="1695" HPOS="727"/>
							<String ID="string_273" HPOS="747" VPOS="1696" WIDTH="199" HEIGHT="32" WC="0.93" CONTENT="beträffande"/><SP WIDTH="22" VPOS="1696" HPOS="946"/>
							<String ID="string_274" HPOS="968" VPOS="1697" WIDTH="199" HEIGHT="40" WC="0.91" CONTENT="oprioriterat"/><SP WIDTH="20" VPOS="1697" HPOS="1167"/>
							<String ID="string_275" HPOS="1187" VPOS="1698" WIDTH="175" HEIGHT="40" WC="0.96" CONTENT="byggande,"/><SP WIDTH="21" VPOS="1698" HPOS="1362"/>
							<String ID="string_276" HPOS="1383" VPOS="1700" WIDTH="177" HEIGHT="39" WC="0.93" CONTENT="ytterligare"/><SP WIDTH="22" VPOS="1700" HPOS="1560"/>
							<String ID="string_277" HPOS="1582" VPOS="1701" WIDTH="46" HEIGHT="30" WC="0.93" CONTENT="in-"/>
						</TextLine>
						<TextLine ID="line_28" HPOS="142" VPOS="1748" WIDTH="1485" HEIGHT="46">
							<String ID="string_278" HPOS="142" VPOS="1752" WIDTH="98" HEIGHT="26" WC="0.96" CONTENT="satser"/><SP WIDTH="23" VPOS="1752" HPOS="240"/>
							<String ID="string_279" HPOS="263" VPOS="1748" WIDTH="51" HEIGHT="30" WC="0.96" CONTENT="för"/><SP WIDTH="24" VPOS="1748" HPOS="314"/>
							<String ID="string_280" HPOS="338" VPOS="1752" WIDTH="44" HEIGHT="26" WC="0.96" CONTENT="att"/><SP WIDTH="22" VPOS="1752" HPOS="382"/>
							<String ID="string_281" HPOS="404" VPOS="1749" WIDTH="179" HEIGHT="30" WC="0.96" CONTENT="underlätta"/><SP WIDTH="23" VPOS="1749" HPOS="583"/>
							<String ID="string_282" HPOS="606" VPOS="1750" WIDTH="178" HEIGHT="39" WC="0.96" CONTENT="geografisk"/><SP WIDTH="24" VPOS="1750" HPOS="784"/>
							<String ID="string_283" HPOS="808" VPOS="1751" WIDTH="202" HEIGHT="39" WC="0.96" CONTENT="omflyttning"/><SP WIDTH="24" VPOS="1751" HPOS="1010"/>
							<String ID="string_284" HPOS="1034" VPOS="1761" WIDTH="39" HEIGHT="20" WC="0.95" CONTENT="av"/><SP WIDTH="24" VPOS="1761" HPOS="1073"/>
							<String ID="string_285" HPOS="1097" VPOS="1752" WIDTH="198" HEIGHT="37" WC="0.95" CONTENT="arbetskraft,"/><SP WIDTH="26" VPOS="1752" HPOS="1295"/>
							<String ID="string_286" HPOS="1321" VPOS="1762" WIDTH="40" HEIGHT="21" WC="0.96" CONTENT="en"/><SP WIDTH="23" VPOS="1762" HPOS="1361"/>
							<String ID="string_287" HPOS="1384" VPOS="1753" WIDTH="181" HEIGHT="41" WC="0.96" CONTENT="minskning"/><SP WIDTH="24" VPOS="1753" HPOS="1565"/>
							<String ID="string_288" HPOS="1589" VPOS="1764" WIDTH="38" HEIGHT="21" WC="0.96" CONTENT="av"/>
						</TextLine>
						<TextLine ID="line_29" HPOS="140" VPOS="1801" WIDTH="1488" HEIGHT="44">
							<String ID="string_289" HPOS="140" VPOS="1801" WIDTH="83" HEIGHT="31" WC="0.93" CONTENT="vissa"/><SP WIDTH="20" VPOS="1801" HPOS="223"/>
							<String ID="string_290" HPOS="243" VPOS="1802" WIDTH="427" HEIGHT="41" WC="0.91" CONTENT="arbetsmarknadspolitiska"/><SP WIDTH="19" VPOS="1802" HPOS="670"/>
							<String ID="string_291" HPOS="689" VPOS="1803" WIDTH="184" HEIGHT="38" WC="0.96" CONTENT="aktiviteter,"/><SP WIDTH="22" VPOS="1803" HPOS="873"/>
							<String ID="string_292" HPOS="895" VPOS="1804" WIDTH="106" HEIGHT="31" WC="0.93" CONTENT="såsom"/><SP WIDTH="20" VPOS="1804" HPOS="1001"/>
							<String ID="string_293" HPOS="1021" VPOS="1805" WIDTH="353" HEIGHT="40" WC="0.91" CONTENT="beredskapsarbetena,"/><SP WIDTH="22" VPOS="1805" HPOS="1374"/>
							<String ID="string_294" HPOS="1396" VPOS="1808" WIDTH="62" HEIGHT="30" WC="0.96" CONTENT="och"/><SP WIDTH="19" VPOS="1808" HPOS="1458"/>
							<String ID="string_295" HPOS="1477" VPOS="1807" WIDTH="85" HEIGHT="32" WC="0.93" CONTENT="ökad"/><SP WIDTH="20" VPOS="1807" HPOS="1562"/>
							<String ID="string_296" HPOS="1582" VPOS="1808" WIDTH="46" HEIGHT="30" WC="0.90" CONTENT="in-"/>
						</TextLine>
						<TextLine ID="line_30" HPOS="141" VPOS="1855" WIDTH="1485" HEIGHT="45">
							<String ID="string_297" HPOS="141" VPOS="1855" WIDTH="172" HEIGHT="31" WC="0.96" CONTENT="formation"/><SP WIDTH="23" VPOS="1855" HPOS="313"/>
							<String ID="string_298" HPOS="336" VPOS="1856" WIDTH="46" HEIGHT="30" WC="0.96" CONTENT="till"/><SP WIDTH="23" VPOS="1856" HPOS="382"/>
							<String ID="string_299" HPOS="405" VPOS="1856" WIDTH="136" HEIGHT="31" WC="0.96" CONTENT="kvinnor"/><SP WIDTH="23" VPOS="1856" HPOS="541"/>
							<String ID="string_300" HPOS="564" VPOS="1858" WIDTH="61" HEIGHT="30" WC="0.96" CONTENT="och"/><SP WIDTH="25" VPOS="1858" HPOS="625"/>
							<String ID="string_301" HPOS="650" VPOS="1857" WIDTH="87" HEIGHT="31" WC="0.94" CONTENT="äldre"/><SP WIDTH="22" VPOS="1857" HPOS="737"/>
							<String ID="string_302" HPOS="759" VPOS="1868" WIDTH="150" HEIGHT="30" WC="0.96" CONTENT="personer"/><SP WIDTH="24" VPOS="1868" HPOS="909"/>
							<String ID="string_303" HPOS="933" VPOS="1868" WIDTH="54" HEIGHT="21" WC="0.95" CONTENT="om"/><SP WIDTH="24" VPOS="1868" HPOS="987"/>
							<String ID="string_304" HPOS="1011" VPOS="1859" WIDTH="40" HEIGHT="30" WC="0.93" CONTENT="de"/><SP WIDTH="24" VPOS="1859" HPOS="1051"/>
							<String ID="string_305" HPOS="1075" VPOS="1859" WIDTH="303" HEIGHT="41" WC="0.92" CONTENT="arbetsmöjligheter"/><SP WIDTH="23" VPOS="1859" HPOS="1378"/>
							<String ID="string_306" HPOS="1401" VPOS="1870" WIDTH="70" HEIGHT="22" WC="0.96" CONTENT="som"/><SP WIDTH="24" VPOS="1870" HPOS="1471"/>
							<String ID="string_307" HPOS="1495" VPOS="1862" WIDTH="64" HEIGHT="31" WC="0.96" CONTENT="står"/><SP WIDTH="23" VPOS="1862" HPOS="1559"/>
							<String ID="string_308" HPOS="1582" VPOS="1862" WIDTH="44" HEIGHT="31" WC="0.96" CONTENT="till"/>
						</TextLine>
						<TextLine ID="line_31" HPOS="141" VPOS="1909" WIDTH="91" HEIGHT="31">
							<String ID="string_309" HPOS="141" VPOS="1909" WIDTH="91" HEIGHT="31" WC="0.96" CONTENT="buds."/>
						</TextLine>
					</TextBlock>
					<TextBlock ID="block_5" HPOS="139" VPOS="1963" WIDTH="1489" HEIGHT="488">
						<TextLine ID="line_32" HPOS="187" VPOS="1963" WIDTH="1439" HEIGHT="49">
							<String ID="string_310" HPOS="187" VPOS="1963" WIDTH="359" HEIGHT="40" WC="0.90" CONTENT="Departementschefen"/><SP WIDTH="22" VPOS="1963" HPOS="546"/>
							<String ID="string_311" HPOS="568" VPOS="1965" WIDTH="116" HEIGHT="31" WC="0.96" CONTENT="räknar"/><SP WIDTH="22" VPOS="1965" HPOS="684"/>
							<String ID="string_312" HPOS="706" VPOS="1966" WIDTH="74" HEIGHT="31" WC="0.96" CONTENT="med"/><SP WIDTH="24" VPOS="1966" HPOS="780"/>
							<String ID="string_313" HPOS="804" VPOS="1970" WIDTH="44" HEIGHT="26" WC="0.96" CONTENT="att"/><SP WIDTH="22" VPOS="1970" HPOS="848"/>
							<String ID="string_314" HPOS="870" VPOS="1966" WIDTH="42" HEIGHT="40" WC="0.96" CONTENT="på"/><SP WIDTH="23" VPOS="1966" HPOS="912"/>
							<String ID="string_315" HPOS="935" VPOS="1967" WIDTH="85" HEIGHT="31" WC="0.96" CONTENT="detta"/><SP WIDTH="24" VPOS="1967" HPOS="1020"/>
							<String ID="string_316" HPOS="1044" VPOS="1969" WIDTH="61" HEIGHT="30" WC="0.96" CONTENT="sätt"/><SP WIDTH="23" VPOS="1969" HPOS="1105"/>
							<String ID="string_317" HPOS="1128" VPOS="1969" WIDTH="98" HEIGHT="32" WC="0.96" CONTENT="också"/><SP WIDTH="23" VPOS="1969" HPOS="1226"/>
							<String ID="string_318" HPOS="1249" VPOS="1970" WIDTH="80" HEIGHT="31" WC="0.96" CONTENT="skall"/><SP WIDTH="22" VPOS="1970" HPOS="1329"/>
							<String ID="string_319" HPOS="1351" VPOS="1971" WIDTH="124" HEIGHT="41" WC="0.96" CONTENT="uppnås"/><SP WIDTH="24" VPOS="1971" HPOS="1475"/>
							<String ID="string_320" HPOS="1499" VPOS="1982" WIDTH="40" HEIGHT="21" WC="0.92" CONTENT="en"/><SP WIDTH="23" VPOS="1982" HPOS="1539"/>
							<String ID="string_321" HPOS="1562" VPOS="1972" WIDTH="64" HEIGHT="31" WC="0.92" CONTENT="för-"/>
						</TextLine>
						<TextLine ID="line_33" HPOS="140" VPOS="2020" WIDTH="1487" HEIGHT="43">
							<String ID="string_322" HPOS="140" VPOS="2020" WIDTH="138" HEIGHT="40" WC="0.95" CONTENT="bättring"/><SP WIDTH="25" VPOS="2020" HPOS="278"/>
							<String ID="string_323" HPOS="303" VPOS="2030" WIDTH="39" HEIGHT="21" WC="0.92" CONTENT="av"/><SP WIDTH="25" VPOS="2030" HPOS="342"/>
							<String ID="string_324" HPOS="367" VPOS="2022" WIDTH="335" HEIGHT="40" WC="0.91" CONTENT="sysselsättningsläget"/><SP WIDTH="25" VPOS="2022" HPOS="702"/>
							<String ID="string_325" HPOS="727" VPOS="2023" WIDTH="10" HEIGHT="30" WC="0.96" CONTENT="i"/><SP WIDTH="25" VPOS="2023" HPOS="737"/>
							<String ID="string_326" HPOS="762" VPOS="2023" WIDTH="198" HEIGHT="40" WC="0.93" CONTENT="skogslänen."/><SP WIDTH="28" VPOS="2023" HPOS="960"/>
							<String ID="string_327" HPOS="988" VPOS="2025" WIDTH="69" HEIGHT="30" WC="0.96" CONTENT="Här"/><SP WIDTH="24" VPOS="2025" HPOS="1057"/>
							<String ID="string_328" HPOS="1081" VPOS="2025" WIDTH="159" HEIGHT="32" WC="0.96" CONTENT="erfordras"/><SP WIDTH="26" VPOS="2025" HPOS="1240"/>
							<String ID="string_329" HPOS="1266" VPOS="2027" WIDTH="174" HEIGHT="31" WC="0.94" CONTENT="emellertid"/><SP WIDTH="25" VPOS="2027" HPOS="1440"/>
							<String ID="string_330" HPOS="1465" VPOS="2028" WIDTH="162" HEIGHT="31" WC="0.96" CONTENT="dessutom"/>
						</TextLine>
						<TextLine ID="line_34" HPOS="140" VPOS="2078" WIDTH="1487" HEIGHT="42">
							<String ID="string_331" HPOS="140" VPOS="2078" WIDTH="368" HEIGHT="40" WC="0.91" CONTENT="lokaliseringspolitiska"/><SP WIDTH="19" VPOS="2078" HPOS="508"/>
							<String ID="string_332" HPOS="527" VPOS="2079" WIDTH="153" HEIGHT="39" WC="0.93" CONTENT="åtgärder."/><SP WIDTH="21" VPOS="2079" HPOS="680"/>
							<String ID="string_333" HPOS="701" VPOS="2080" WIDTH="174" HEIGHT="40" WC="0.91" CONTENT="Därvidlag"/><SP WIDTH="17" VPOS="2080" HPOS="875"/>
							<String ID="string_334" HPOS="892" VPOS="2080" WIDTH="119" HEIGHT="32" WC="0.92" CONTENT="erinras"/><SP WIDTH="20" VPOS="2080" HPOS="1011"/>
							<String ID="string_335" HPOS="1031" VPOS="2092" WIDTH="53" HEIGHT="20" WC="0.96" CONTENT="om"/><SP WIDTH="19" VPOS="2092" HPOS="1084"/>
							<String ID="string_336" HPOS="1103" VPOS="2082" WIDTH="53" HEIGHT="31" WC="0.96" CONTENT="det"/><SP WIDTH="20" VPOS="2082" HPOS="1156"/>
							<String ID="string_337" HPOS="1176" VPOS="2084" WIDTH="175" HEIGHT="31" WC="0.96" CONTENT="samarbete"/><SP WIDTH="20" VPOS="2084" HPOS="1351"/>
							<String ID="string_338" HPOS="1371" VPOS="2094" WIDTH="70" HEIGHT="21" WC="0.96" CONTENT="som"/><SP WIDTH="20" VPOS="2094" HPOS="1441"/>
							<String ID="string_339" HPOS="1461" VPOS="2089" WIDTH="101" HEIGHT="27" WC="0.92" CONTENT="staten"/><SP WIDTH="19" VPOS="2089" HPOS="1562"/>
							<String ID="string_340" HPOS="1581" VPOS="2086" WIDTH="46" HEIGHT="29" WC="0.92" CONTENT="in-"/>
						</TextLine>
						<TextLine ID="line_35" HPOS="140" VPOS="2134" WIDTH="1488" HEIGHT="47">
							<String ID="string_341" HPOS="140" VPOS="2134" WIDTH="56" HEIGHT="31" WC="0.96" CONTENT="lett"/><SP WIDTH="13" VPOS="2134" HPOS="196"/>
							<String ID="string_342" HPOS="209" VPOS="2135" WIDTH="73" HEIGHT="30" WC="0.96" CONTENT="med"/><SP WIDTH="16" VPOS="2135" HPOS="282"/>
							<String ID="string_343" HPOS="298" VPOS="2135" WIDTH="142" HEIGHT="39" WC="0.93" CONTENT="Sveriges"/><SP WIDTH="15" VPOS="2135" HPOS="440"/>
							<String ID="string_344" HPOS="455" VPOS="2135" WIDTH="272" HEIGHT="31" WC="0.91" CONTENT="industriförbund"/><SP WIDTH="14" VPOS="2135" HPOS="727"/>
							<String ID="string_345" HPOS="741" VPOS="2136" WIDTH="51" HEIGHT="31" WC="0.96" CONTENT="för"/><SP WIDTH="15" VPOS="2136" HPOS="792"/>
							<String ID="string_346" HPOS="807" VPOS="2141" WIDTH="44" HEIGHT="25" WC="0.96" CONTENT="att"/><SP WIDTH="14" VPOS="2141" HPOS="851"/>
							<String ID="string_347" HPOS="865" VPOS="2137" WIDTH="79" HEIGHT="30" WC="0.96" CONTENT="söka"/><SP WIDTH="12" VPOS="2137" HPOS="944"/>
							<String ID="string_348" HPOS="956" VPOS="2137" WIDTH="116" HEIGHT="40" WC="0.96" CONTENT="främja"/><SP WIDTH="12" VPOS="2137" HPOS="1072"/>
							<String ID="string_349" HPOS="1084" VPOS="2148" WIDTH="40" HEIGHT="21" WC="0.96" CONTENT="en"/><SP WIDTH="14" VPOS="2148" HPOS="1124"/>
							<String ID="string_350" HPOS="1138" VPOS="2139" WIDTH="84" HEIGHT="31" WC="0.96" CONTENT="ökad"/><SP WIDTH="14" VPOS="2139" HPOS="1222"/>
							<String ID="string_351" HPOS="1236" VPOS="2140" WIDTH="203" HEIGHT="41" WC="0.94" CONTENT="lokalisering"/><SP WIDTH="13" VPOS="2140" HPOS="1439"/>
							<String ID="string_352" HPOS="1452" VPOS="2151" WIDTH="40" HEIGHT="21" WC="0.96" CONTENT="av"/><SP WIDTH="13" VPOS="2151" HPOS="1492"/>
							<String ID="string_353" HPOS="1505" VPOS="2142" WIDTH="123" HEIGHT="39" WC="0.96" CONTENT="företag"/>
						</TextLine>
						<TextLine ID="line_36" HPOS="140" VPOS="2191" WIDTH="1487" HEIGHT="48">
							<String ID="string_354" HPOS="140" VPOS="2191" WIDTH="45" HEIGHT="31" WC="0.96" CONTENT="till"/><SP WIDTH="17" VPOS="2191" HPOS="185"/>
							<String ID="string_355" HPOS="202" VPOS="2191" WIDTH="195" HEIGHT="41" WC="0.96" CONTENT="livskraftiga"/><SP WIDTH="17" VPOS="2191" HPOS="397"/>
							<String ID="string_356" HPOS="414" VPOS="2196" WIDTH="85" HEIGHT="27" WC="0.96" CONTENT="orter"/><SP WIDTH="16" VPOS="2196" HPOS="499"/>
							<String ID="string_357" HPOS="515" VPOS="2192" WIDTH="11" HEIGHT="31" WC="0.93" CONTENT="i"/><SP WIDTH="17" VPOS="2192" HPOS="526"/>
							<String ID="string_358" HPOS="543" VPOS="2193" WIDTH="347" HEIGHT="40" WC="0.91" CONTENT="sysselsättningssvaga"/><SP WIDTH="17" VPOS="2193" HPOS="890"/>
							<String ID="string_359" HPOS="907" VPOS="2195" WIDTH="152" HEIGHT="39" WC="0.96" CONTENT="regioner."/><SP WIDTH="20" VPOS="2195" HPOS="1059"/>
							<String ID="string_360" HPOS="1079" VPOS="2195" WIDTH="120" HEIGHT="31" WC="0.96" CONTENT="Vidare"/><SP WIDTH="17" VPOS="2195" HPOS="1199"/>
							<String ID="string_361" HPOS="1216" VPOS="2196" WIDTH="161" HEIGHT="32" WC="0.96" CONTENT="redovisas"/><SP WIDTH="18" VPOS="2196" HPOS="1377"/>
							<String ID="string_362" HPOS="1395" VPOS="2197" WIDTH="111" HEIGHT="40" WC="0.96" CONTENT="planer"/><SP WIDTH="17" VPOS="2197" HPOS="1506"/>
							<String ID="string_363" HPOS="1523" VPOS="2198" WIDTH="42" HEIGHT="41" WC="0.96" CONTENT="på"/><SP WIDTH="18" VPOS="2198" HPOS="1565"/>
							<String ID="string_364" HPOS="1583" VPOS="2203" WIDTH="44" HEIGHT="26" WC="0.96" CONTENT="att"/>
						</TextLine>
						<TextLine ID="line_37" HPOS="139" VPOS="2248" WIDTH="1488" HEIGHT="44">
							<String ID="string_365" HPOS="139" VPOS="2248" WIDTH="10" HEIGHT="30" WC="0.96" CONTENT="i"/><SP WIDTH="21" VPOS="2248" HPOS="149"/>
							<String ID="string_366" HPOS="170" VPOS="2249" WIDTH="86" HEIGHT="30" WC="0.96" CONTENT="ökad"/><SP WIDTH="21" VPOS="2249" HPOS="256"/>
							<String ID="string_367" HPOS="277" VPOS="2249" WIDTH="218" HEIGHT="40" WC="0.96" CONTENT="utsträckning"/><SP WIDTH="19" VPOS="2249" HPOS="495"/>
							<String ID="string_368" HPOS="514" VPOS="2250" WIDTH="112" HEIGHT="39" WC="0.93" CONTENT="medge"/><SP WIDTH="22" VPOS="2250" HPOS="626"/>
							<String ID="string_369" HPOS="648" VPOS="2250" WIDTH="286" HEIGHT="40" WC="0.90" CONTENT="ianspråktagande"/><SP WIDTH="22" VPOS="2250" HPOS="934"/>
							<String ID="string_370" HPOS="956" VPOS="2261" WIDTH="39" HEIGHT="20" WC="0.93" CONTENT="av"/><SP WIDTH="21" VPOS="2261" HPOS="995"/>
							<String ID="string_371" HPOS="1016" VPOS="2252" WIDTH="407" HEIGHT="40" WC="0.92" CONTENT="investeringsfondsmedel"/><SP WIDTH="20" VPOS="2252" HPOS="1423"/>
							<String ID="string_372" HPOS="1443" VPOS="2255" WIDTH="52" HEIGHT="30" WC="0.93" CONTENT="för"/><SP WIDTH="20" VPOS="2255" HPOS="1495"/>
							<String ID="string_373" HPOS="1515" VPOS="2255" WIDTH="112" HEIGHT="31" WC="0.92" CONTENT="lokali-"/>
						</TextLine>
						<TextLine ID="line_38" HPOS="139" VPOS="2305" WIDTH="1487" HEIGHT="46">
							<String ID="string_374" HPOS="139" VPOS="2305" WIDTH="263" HEIGHT="40" WC="0.92" CONTENT="seringspolitiskt"/><SP WIDTH="19" VPOS="2305" HPOS="402"/>
							<String ID="string_375" HPOS="421" VPOS="2306" WIDTH="248" HEIGHT="31" WC="0.96" CONTENT="välmotiverade"/><SP WIDTH="21" VPOS="2306" HPOS="669"/>
							<String ID="string_376" HPOS="690" VPOS="2307" WIDTH="225" HEIGHT="40" WC="0.96" CONTENT="investeringar"/><SP WIDTH="22" VPOS="2307" HPOS="915"/>
							<String ID="string_377" HPOS="937" VPOS="2308" WIDTH="41" HEIGHT="40" WC="0.96" CONTENT="på"/><SP WIDTH="21" VPOS="2308" HPOS="978"/>
							<String ID="string_378" HPOS="999" VPOS="2313" WIDTH="84" HEIGHT="26" WC="0.96" CONTENT="orter"/><SP WIDTH="21" VPOS="2313" HPOS="1083"/>
							<String ID="string_379" HPOS="1104" VPOS="2309" WIDTH="74" HEIGHT="30" WC="0.97" CONTENT="med"/><SP WIDTH="22" VPOS="2309" HPOS="1178"/>
							<String ID="string_380" HPOS="1200" VPOS="2319" WIDTH="75" HEIGHT="30" WC="0.96" CONTENT="svag"/><SP WIDTH="21" VPOS="2319" HPOS="1275"/>
							<String ID="string_381" HPOS="1296" VPOS="2311" WIDTH="244" HEIGHT="40" WC="0.96" CONTENT="sysselsättning."/><SP WIDTH="23" VPOS="2311" HPOS="1540"/>
							<String ID="string_382" HPOS="1563" VPOS="2313" WIDTH="63" HEIGHT="30" WC="0.95" CONTENT="Det"/>
						</TextLine>
						<TextLine ID="line_39" HPOS="139" VPOS="2362" WIDTH="1486" HEIGHT="46">
							<String ID="string_383" HPOS="139" VPOS="2362" WIDTH="166" HEIGHT="40" WC="0.96" CONTENT="pågående"/><SP WIDTH="31" VPOS="2362" HPOS="305"/>
							<String ID="string_384" HPOS="336" VPOS="2363" WIDTH="120" HEIGHT="30" WC="0.96" CONTENT="arbetet"/><SP WIDTH="29" VPOS="2363" HPOS="456"/>
							<String ID="string_385" HPOS="485" VPOS="2363" WIDTH="43" HEIGHT="40" WC="0.96" CONTENT="på"/><SP WIDTH="30" VPOS="2363" HPOS="528"/>
							<String ID="string_386" HPOS="558" VPOS="2367" WIDTH="44" HEIGHT="27" WC="0.96" CONTENT="att"/><SP WIDTH="29" VPOS="2367" HPOS="602"/>
							<String ID="string_387" HPOS="631" VPOS="2363" WIDTH="145" HEIGHT="32" WC="0.96" CONTENT="utarbeta"/><SP WIDTH="29" VPOS="2363" HPOS="776"/>
							<String ID="string_388" HPOS="805" VPOS="2364" WIDTH="155" HEIGHT="31" WC="0.93" CONTENT="konkreta"/><SP WIDTH="30" VPOS="2364" HPOS="960"/>
							<String ID="string_389" HPOS="990" VPOS="2365" WIDTH="291" HEIGHT="40" WC="0.91" CONTENT="regionalpolitiska"/><SP WIDTH="29" VPOS="2365" HPOS="1281"/>
							<String ID="string_390" HPOS="1310" VPOS="2367" WIDTH="315" HEIGHT="41" WC="0.96" CONTENT="handlingsprogram"/>
						</TextLine>
						<TextLine ID="line_40" HPOS="139" VPOS="2419" WIDTH="295" HEIGHT="32">
							<String ID="string_391" HPOS="139" VPOS="2420" WIDTH="169" HEIGHT="30" WC="0.96" CONTENT="omnämns"/><SP WIDTH="20" VPOS="2420" HPOS="308"/>
							<String ID="string_392" HPOS="328" VPOS="2419" WIDTH="106" HEIGHT="32" WC="0.96" CONTENT="också."/>
						</TextLine>
					</TextBlock>
					<TextBlock ID="block_6" HPOS="138" VPOS="2477" WIDTH="1488" HEIGHT="99">
						<TextLine ID="line_41" HPOS="184" VPOS="2477" WIDTH="1442" HEIGHT="42">
							<String ID="string_393" HPOS="184" VPOS="2477" WIDTH="72" HEIGHT="29" WC="0.96" CONTENT="Den"/><SP WIDTH="17" VPOS="2477" HPOS="256"/>
							<String ID="string_394" HPOS="273" VPOS="2477" WIDTH="140" HEIGHT="30" WC="0.90" CONTENT="översikt"/><SP WIDTH="15" VPOS="2477" HPOS="413"/>
							<String ID="string_395" HPOS="428" VPOS="2478" WIDTH="77" HEIGHT="29" WC="0.96" CONTENT="över"/><SP WIDTH="16" VPOS="2478" HPOS="505"/>
							<String ID="string_396" HPOS="521" VPOS="2478" WIDTH="167" HEIGHT="30" WC="0.96" CONTENT="tendenser"/><SP WIDTH="17" VPOS="2478" HPOS="688"/>
							<String ID="string_397" HPOS="705" VPOS="2478" WIDTH="61" HEIGHT="30" WC="0.96" CONTENT="och"/><SP WIDTH="17" VPOS="2478" HPOS="766"/>
							<String ID="string_398" HPOS="783" VPOS="2478" WIDTH="110" HEIGHT="40" WC="0.96" CONTENT="planer"/><SP WIDTH="16" VPOS="2478" HPOS="893"/>
							<String ID="string_399" HPOS="909" VPOS="2478" WIDTH="42" HEIGHT="40" WC="0.93" CONTENT="på"/><SP WIDTH="17" VPOS="2478" HPOS="951"/>
							<String ID="string_400" HPOS="968" VPOS="2479" WIDTH="421" HEIGHT="40" WC="0.91" CONTENT="sysselsättningspolitikens"/><SP WIDTH="18" VPOS="2479" HPOS="1389"/>
							<String ID="string_401" HPOS="1407" VPOS="2481" WIDTH="130" HEIGHT="31" WC="0.96" CONTENT="område"/><SP WIDTH="19" VPOS="2481" HPOS="1537"/>
							<String ID="string_402" HPOS="1556" VPOS="2491" WIDTH="70" HEIGHT="21" WC="0.96" CONTENT="som"/>
						</TextLine>
						<TextLine ID="line_42" HPOS="138" VPOS="2533" WIDTH="1487" HEIGHT="43">
							<String ID="string_403" HPOS="138" VPOS="2533" WIDTH="123" HEIGHT="31" WC="0.95" CONTENT="lämnas"/><SP WIDTH="22" VPOS="2533" HPOS="261"/>
							<String ID="string_404" HPOS="283" VPOS="2533" WIDTH="10" HEIGHT="31" WC="0.95" CONTENT="i"/><SP WIDTH="21" VPOS="2533" HPOS="293"/>
							<String ID="string_405" HPOS="314" VPOS="2534" WIDTH="62" HEIGHT="31" WC="0.96" CONTENT="den"/><SP WIDTH="20" VPOS="2534" HPOS="376"/>
							<String ID="string_406" HPOS="396" VPOS="2534" WIDTH="183" HEIGHT="31" WC="0.93" CONTENT="reviderade"/><SP WIDTH="22" VPOS="2534" HPOS="579"/>
							<String ID="string_407" HPOS="601" VPOS="2535" WIDTH="222" HEIGHT="40" WC="0.91" CONTENT="finansplanen"/><SP WIDTH="22" VPOS="2535" HPOS="823"/>
							<String ID="string_408" HPOS="845" VPOS="2540" WIDTH="168" HEIGHT="35" WC="0.96" CONTENT="utmynnar"/><SP WIDTH="20" VPOS="2540" HPOS="1013"/>
							<String ID="string_409" HPOS="1033" VPOS="2536" WIDTH="64" HEIGHT="31" WC="0.96" CONTENT="inte"/><SP WIDTH="22" VPOS="2536" HPOS="1097"/>
							<String ID="string_410" HPOS="1119" VPOS="2536" WIDTH="11" HEIGHT="31" WC="0.96" CONTENT="i"/><SP WIDTH="19" VPOS="2536" HPOS="1130"/>
							<String ID="string_411" HPOS="1149" VPOS="2536" WIDTH="106" HEIGHT="40" WC="0.96" CONTENT="någon"/><SP WIDTH="20" VPOS="2536" HPOS="1255"/>
							<String ID="string_412" HPOS="1275" VPOS="2537" WIDTH="188" HEIGHT="32" WC="0.95" CONTENT="hemställan"/><SP WIDTH="22" VPOS="2537" HPOS="1463"/>
							<String ID="string_413" HPOS="1485" VPOS="2548" WIDTH="53" HEIGHT="21" WC="0.92" CONTENT="om"/><SP WIDTH="23" VPOS="2548" HPOS="1538"/>
							<String ID="string_414" HPOS="1561" VPOS="2540" WIDTH="64" HEIGHT="29" WC="0.92" CONTENT="sär-"/>
						</TextLine>
					</TextBlock>
				</ComposedBlock>
				<ComposedBlock ID="cblock_3" HPOS="143" VPOS="2605" WIDTH="944" HEIGHT="33">
					<TextBlock ID="block_7" HPOS="143" VPOS="2605" WIDTH="944" HEIGHT="33">
						<TextLine ID="line_43" HPOS="143" VPOS="2605" WIDTH="944" HEIGHT="33">
							<String ID="string_415" HPOS="143" VPOS="2606" WIDTH="30" HEIGHT="25" WC="0.41" CONTENT="1+"/><SP WIDTH="21" VPOS="2606" HPOS="173"/>
							<String ID="string_416" HPOS="194" VPOS="2621" WIDTH="38" HEIGHT="4" WC="0.86" CONTENT="—"/><SP WIDTH="18" VPOS="2621" HPOS="232"/>
							<String ID="string_417" HPOS="250" VPOS="2605" WIDTH="107" HEIGHT="32" WC="0.91" CONTENT="Bihang"/><SP WIDTH="18" VPOS="2605" HPOS="357"/>
							<String ID="string_418" HPOS="375" VPOS="2606" WIDTH="40" HEIGHT="26" WC="0.96" CONTENT="till"/><SP WIDTH="17" VPOS="2606" HPOS="415"/>
							<String ID="string_419" HPOS="432" VPOS="2606" WIDTH="159" HEIGHT="32" WC="0.96" CONTENT="riksdagens"/><SP WIDTH="16" VPOS="2606" HPOS="591"/>
							<String ID="string_420" HPOS="607" VPOS="2607" WIDTH="140" HEIGHT="31" WC="0.96" CONTENT="protokoll"/><SP WIDTH="17" VPOS="2607" HPOS="747"/>
							<String ID="string_421" HPOS="764" VPOS="2608" WIDTH="80" HEIGHT="25" WC="0.96" CONTENT="1969."/><SP WIDTH="19" VPOS="2608" HPOS="844"/>
							<String ID="string_422" HPOS="863" VPOS="2608" WIDTH="16" HEIGHT="25" WC="0.96" CONTENT="8"/><SP WIDTH="17" VPOS="2608" HPOS="879"/>
							<String ID="string_423" HPOS="896" VPOS="2608" WIDTH="79" HEIGHT="26" WC="0.95" CONTENT="saml."/><SP WIDTH="17" VPOS="2608" HPOS="975"/>
							<String ID="string_424" HPOS="992" VPOS="2609" WIDTH="43" HEIGHT="25" WC="0.96" CONTENT="Nr"/><SP WIDTH="16" VPOS="2609" HPOS="1035"/>
							<String ID="string_425" HPOS="1051" VPOS="2609" WIDTH="36" HEIGHT="25" WC="0.96" CONTENT="39"/>
						</TextLine>
					</TextBlock>
				</ComposedBlock>
			</PrintSpace>
		</Page>
	</Layout>
</alto>
