1862 2780
267 192 40 29 22
537 189 404 39 Bevillningsutskottets
965 188 219 30 betänkande
1208 197 41 19 nr
1272 187 41 29 40
1335 186 39 29 år
1398 186 83 29 1956

266 270 65 30 Det
357 271 87 29 hade
470 270 145 39 givetvis
640 270 89 29 varit
754 269 198 33 värdefullt,
979 278 56 19 om
1062 268 10 29 i
1100 267 167 30 samband
1294 266 80 29 med
1400 275 42 20 en
1468 265 130 29 allmän
1625 264 129 29 skatte-

267 324 173 38 sänkning
461 333 42 20 en
524 323 194 39 breddning
740 332 41 20 av
804 321 299 30 skatteskalornas
1125 320 217 30 bottenskikt
1362 319 137 29 kunnat
1521 318 71 29 ske.
1615 317 140 30 Utskot-

266 378 49 27 tet
337 376 115 30 finner
475 376 194 29 emellertid
692 376 11 29 i
725 375 110 29 likhet
858 375 78 29 med
959 372 386 41 departementschefen
1369 381 42 20 en
1435 371 109 30 sådan
1567 370 122 39 åtgärd
1713 378 42 20 av

266 430 247 29 kostnadsskäl
541 439 48 19 nu
617 429 30 39 ej
677 428 121 39 möjlig
825 427 214 40 genomföra.

311 482 48 30 De
387 483 10 29 i
423 482 221 29 motionerna
671 482 27 29 I:
715 482 61 29 535
804 482 65 28 och
896 481 45 29 II:
959 481 60 29 683
1048 480 199 38 föreslagna
1274 478 165 30 skalorna
1464 477 55 30 får
1546 486 41 20 ur
1614 475 141 31 teknisk

268 536 178 39 synpunkt
468 544 102 20 anses
593 535 45 29 ha
658 535 92 29 vissa
772 534 199 30 företräden
994 533 150 29 framför
1166 533 41 29 de
1229 533 11 28 i
1261 531 262 40 propositionen
1545 529 209 39 föreslagna.

267 588 130 30 Genom
428 591 49 27 att
507 588 261 29 motionärerna
798 589 115 27 ansett
944 587 50 39 sig
1023 586 123 29 kunna
1177 587 179 37 acceptera
1386 586 48 27 ett
1466 584 38 29 så
1534 585 88 28 stort
1653 582 102 39 årligt

268 641 257 30 skattebortfall
555 651 75 20 som
661 641 60 29 825
752 640 164 39 miljoner
944 640 131 29 kronor
1104 640 65 28 har
1198 637 245 31 förstnämnda
1473 636 117 30 skalor
1618 636 138 29 kunnat

267 695 201 39 uppbyggas
492 695 38 29 så
553 696 51 28 att
626 694 41 29 de
690 702 57 31 ger
770 703 42 20 en
835 693 160 39 jämnare
1019 693 153 38 stegring
1196 701 41 20 av
1260 691 233 29 skattesatsen
1516 690 58 29 vid
1598 689 157 39 stigande

266 747 165 34 inkomst,
459 747 219 29 underlättar
704 756 42 20 en
773 746 166 30 framtida
966 745 194 39 breddning
1187 754 42 20 av
1254 745 41 29 de
1322 743 174 39 enhetliga
1524 743 140 29 skikten
1691 741 65 30 och

266 800 137 30 medför
428 810 42 20 en
495 800 243 39 förskjutning
764 799 108 40 uppåt
896 800 11 29 i
932 798 281 39 inkomstlägena
1238 807 41 20 av
1304 798 80 28 övre
1410 797 150 38 gränsen
1585 795 54 30 för
1667 804 90 21 sam-

267 853 223 39 beskattning
507 854 108 38 enligt
632 852 393 40 tudelningsprincipen.
1042 852 59 29 Ett
1119 851 195 39 antagande
1332 860 42 20 av
1389 850 102 29 dessa
1509 849 116 30 skalor
1643 847 113 31 skulle

267 906 192 30 emellertid
488 907 76 29 icke
594 907 176 32 innebära,
802 907 50 28 att
882 905 355 38 skattesänkningens
1266 903 224 39 tyngdpunkt
1519 901 154 30 förlades
1703 901 53 29 till

267 959 41 29 de
333 960 136 29 mindre
494 960 314 38 inkomsttagarna.
834 959 48 29 De
908 959 128 28 största
1060 957 145 30 relativa
1230 956 221 30 lättnaderna
1477 955 112 30 skulle
1614 955 143 29 komma

267 1012 87 39 gifta
384 1012 257 39 skattskyldiga
668 1013 11 28 i
707 1011 254 39 mellanlägena
988 1011 53 30 till
1070 1011 99 39 godo.
1200 1009 203 31 Skillnaden
1430 1010 11 28 i
1470 1009 130 29 kronor
1629 1008 128 29 räknat

267 1065 130 30 mellan
425 1066 66 29 den
520 1065 262 33 skattelättnad,
812 1074 75 20 som
915 1065 41 29 de
984 1064 131 29 minsta
1142 1064 304 37 inkomsttagarna
1475 1062 112 29 skulle
1617 1061 45 34 få,
1692 1060 64 30 och

267 1118 77 34 den,
372 1127 73 20 som
471 1118 113 30 skulle
609 1118 197 29 tillkomma
831 1118 41 29 de
899 1118 127 29 största
1051 1117 314 38 inkomsttagarna,
1392 1116 38 28 är
1455 1115 117 29 vidare
1599 1115 158 29 avsevärt

269 1172 110 28 större
408 1172 11 29 i
448 1171 279 30 motionärernas
757 1170 130 40 förslag
917 1171 45 29 än
989 1171 12 28 i
1030 1170 58 29 det
1119 1179 74 20 som
1224 1169 160 30 förordas
1413 1178 42 20 av
1483 1168 275 39 departements-

267 1223 135 30 chefen.
426 1224 125 29 Härtill
573 1224 169 34 kommer,
765 1226 50 27 att
838 1225 174 37 utrymme
1035 1223 55 29 för
1113 1225 48 27 ett
1185 1223 36 29 så
1244 1223 158 28 avsevärt
1424 1220 102 30 totalt
1550 1220 208 30 skattebort-

269 1276 72 34 fall,
370 1286 73 20 som
470 1279 49 27 ett
546 1277 196 38 antagande
769 1286 42 20 av
837 1276 279 30 motionärernas
1145 1275 116 30 skalor
1290 1275 111 29 skulle
1428 1274 170 33 medföra,
1627 1282 132 31 uppen-

267 1330 156 38 barligen
444 1330 30 39 ej
501 1331 37 28 är
561 1330 55 29 för
638 1330 149 29 handen.
811 1330 175 29 Utskottet
1010 1329 181 39 avstyrker
1213 1328 121 29 därför
1355 1327 220 30 motionerna
1597 1327 11 29 i
1631 1336 47 19 nu
1702 1335 56 20 av-

269 1383 106 30 sedda
398 1383 105 29 delar.

312 1440 49 29 De
388 1441 12 28 i
426 1440 180 30 motionen
634 1440 45 29 11:
696 1440 61 30 680
785 1440 132 38 yrkade
944 1439 264 39 justeringarna
1235 1448 42 20 av
1306 1438 164 30 skalorna
1499 1437 122 34 skulle,
1651 1437 107 38 enligt

268 1494 66 28 vad
353 1494 11 28 i
383 1494 178 29 motionen
582 1501 115 31 anges,
717 1493 159 29 medföra
896 1495 48 27 ett
962 1493 103 39 årligt
1086 1491 258 30 skattebortfall
1363 1492 44 39 på
1427 1491 30 39 ej
1481 1491 81 29 fullt
1581 1490 41 30 40
1643 1489 115 40 miljo-

269 1555 61 20 ner
358 1546 140 30 kronor.
528 1547 79 29 Med
636 1545 222 40 tillämpning
888 1555 41 20 av
958 1546 41 29 de
1030 1554 122 21 senare
1181 1545 244 38 beräkningar,
1455 1544 107 39 enligt
1591 1544 95 29 vilka
1715 1552 43 20 en

269 1599 291 39 skattesänkning
594 1600 11 28 i
639 1599 346 29 överensstämmelse
1019 1599 80 29 med
1133 1598 262 40 propositionen
1430 1597 112 30 skulle
1577 1596 182 30 föranleda

268 1654 49 27 ett
343 1652 102 39 årligt
472 1652 258 30 skattebortfall
757 1653 20 29 å
804 1652 62 30 375
894 1652 164 39 miljoner
1086 1652 130 29 kronor
1243 1653 73 27 mot
1344 1651 144 38 tidigare
1517 1650 151 38 angivna
1695 1649 63 30 336

268 1705 164 39 miljoner
458 1706 141 34 kronor,
627 1706 70 29 kan
723 1705 193 30 emellertid
942 1706 67 29 den
1035 1705 111 39 årliga
1172 1704 271 30 merkostnaden
1469 1703 174 29 beräknas
1671 1702 88 39 stiga

268 1759 53 29 till
345 1760 161 38 omkring
530 1759 41 30 43
596 1759 163 39 miljoner
782 1759 141 29 kronor.

313 1812 65 30 Det
401 1813 70 29 kan
495 1812 77 30 icke
596 1812 181 34 bestridas,
803 1814 50 28 att
877 1812 41 29 de
944 1811 198 39 föreslagna
1165 1811 273 39 jämkningarna
1463 1809 112 30 skulle
1600 1809 159 30 medföra

269 1874 43 20 en
338 1875 42 19 ur
405 1866 141 29 teknisk
573 1866 179 39 synpunkt
777 1874 97 21 mera
900 1864 195 30 tilltalande
1122 1864 98 30 skala
1246 1864 79 29 med
1351 1873 43 20 en
1419 1863 161 39 jämnare
1607 1862 152 40 stegring

269 1927 43 20 av
338 1919 275 30 skattesatserna
638 1919 56 29 vid
721 1918 158 39 stigande
904 1918 166 29 inkomst.
1098 1918 195 38 Utrymmet
1319 1917 55 29 för
1399 1926 43 20 en
1468 1916 291 38 skattesänkning

270 1972 38 28 är
336 1971 192 30 emellertid
556 1972 116 29 såsom
700 1971 146 39 tidigare
875 1971 212 30 framhållits
1116 1971 138 38 mycket
1281 1971 196 38 begränsat.
1505 1970 176 29 Utskottet
1709 1978 52 20 er-

270 2024 96 30 inrar
392 2025 217 29 härutinnan
636 2034 56 20 om
719 2026 50 28 att
796 2025 41 29 de
864 2024 170 29 reformer
1061 2033 42 20 av
1131 2024 93 29 olika
1252 2023 82 39 slag,
1363 2033 73 20 som
1464 2024 158 28 närmast
1650 2022 71 30 står
1749 2022 11 29 i

270 2079 57 27 tur
355 2079 50 28 att
431 2077 234 39 genomföras,
692 2078 159 29 kommer
878 2079 50 28 att
955 2077 182 30 föranleda
1165 2079 94 27 stora
1285 2076 144 39 utgifter
1457 2076 54 29 för
1540 2076 219 29 statsverket.

270 2131 59 29 Ett
357 2131 199 39 ytterligare
586 2131 299 29 inkomstbortfall
916 2130 54 30 för
1001 2132 114 28 staten
1144 2140 42 20 av
1214 2130 67 29 den
1310 2129 300 39 storleksordning
1639 2138 121 20 varom

270 2184 65 29 här
363 2185 39 28 är
429 2184 99 39 fråga
556 2184 72 29 kan
657 2184 119 29 därför
804 2184 71 29 inte
905 2183 219 30 frånkännas
1152 2183 185 39 betydelse.
1368 2183 77 29 Med
1474 2182 139 39 hänsyn
1641 2181 119 31 härtill

272 2237 115 30 finner
407 2237 50 39 sig
477 2237 171 30 utskottet
667 2237 30 39 ej
719 2237 122 30 kunna
859 2237 137 30 biträda
1015 2237 41 29 de
1076 2237 12 29 i
1106 2236 179 30 motionen
1305 2235 220 30 framställda
1544 2236 215 39 yrkandena.

316 2291 74 29 Vad
409 2290 108 39 angår
536 2290 69 30 den
624 2289 445 40 progressionsskärpning,
1091 2290 41 29 de
1153 2290 10 29 i
1183 2289 261 40 propositionen
1465 2288 197 39 framlagda
1683 2288 78 30 ska-

270 2342 100 31 lorna
395 2343 147 34 medför,
568 2343 97 30 delar
691 2343 170 30 utskottet
887 2342 404 40 departementschefens
1317 2342 226 39 uppfattning
1570 2344 50 27 att
1646 2341 115 29 denna

271 2396 274 30 förhållandevis
564 2396 160 39 måttliga
743 2396 191 39 skärpning
953 2405 73 20 mer
1046 2397 46 28 än
1110 2396 55 29 väl
1185 2396 174 39 uppväges
1378 2395 107 29 därav
1504 2397 51 28 att
1574 2393 188 40 marginal-

272 2449 139 30 skatten
431 2450 66 29 blir
519 2450 105 29 sänkt
643 2449 11 29 i
675 2449 176 39 praktiskt
871 2450 93 38 taget
985 2448 68 30 alla
1073 2448 268 39 inkomstlägen.
1364 2448 48 29 På
1432 2448 113 39 grund
1567 2448 109 28 härav
1696 2447 65 29 och

271 2502 45 30 då
341 2503 169 29 utskottet
535 2502 133 39 jämväl
693 2503 10 28 i
728 2502 111 39 övrigt
865 2502 116 29 finner
1008 2502 50 39 sig
1083 2502 122 28 kunna
1230 2501 148 39 godtaga
1404 2500 183 30 skalornas
1613 2500 149 29 utform-

271 2555 94 39 ning,
393 2556 161 29 förordar
581 2555 170 30 utskottet
776 2555 103 30 dessa
906 2554 117 30 skalor
1050 2554 52 30 till
1130 2554 205 39 antagande.
