<?xml version="1.0" encoding="UTF-8"?>
<alto xmlns="http://www.loc.gov/standards/alto/ns-v3#" xmlns:xlink="http://www.w3.org/1999/xlink" xmlns:xsi="http://www.w3.org/2001/XMLSchema-instance" xsi:schemaLocation="http://www.loc.gov/standards/alto/ns-v3# http://www.loc.gov/alto/v3/alto-3-0.xsd">
	<Description>
		<MeasurementUnit>pixel</MeasurementUnit>
		<sourceImageInformation>
			<fileName>/tmp/tess_0h7p4agu_input.PNG</fileName>
		</sourceImageInformation>
		<OCRProcessing ID="OCR_0">
			<ocrProcessingStep>
				<processingSoftware>
					<softwareName>tesseract 5.3.0</softwareName>
				</processingSoftware>
			</ocrProcessingStep>
		</OCRProcessing>
	</Description>
	<Layout>
		<Page WIDTH="2139" HEIGHT="2655" PHYSICAL_IMG_NR="0" ID="page_0">
			<PrintSpace HPOS="0" VPOS="0" WIDTH="2139" HEIGHT="2655">
				<ComposedBlock ID="cblock_0" HPOS="617" VPOS="167" WIDTH="1152" HEIGHT="42">
					<TextBlock ID="block_0" HPOS="617" VPOS="167" WIDTH="1152" HEIGHT="42">
						<TextLine ID="line_0" HPOS="617" VPOS="167" WIDTH="1152" HEIGHT="42">
							<String ID="string_0" HPOS="617" VPOS="167" WIDTH="444" HEIGHT="35" WC="0.61" CONTENT="Konstilutions-Utskottets"/><SP WIDTH="29" VPOS="167" HPOS="1061"/>
							<String ID="string_1" HPOS="1090" VPOS="171" WIDTH="173" HEIGHT="34" WC="0.96" CONTENT="Utlåtande"/><SP WIDTH="23" VPOS="171" HPOS="1263"/>
							<String ID="string_2" HPOS="1286" VPOS="174" WIDTH="61" HEIGHT="32" WC="0.95" CONTENT="N:o"/><SP WIDTH="22" VPOS="174" HPOS="1347"/>
							<String ID="string_3" HPOS="1369" VPOS="178" WIDTH="29" HEIGHT="28" WC="0.94" CONTENT="4."/><SP WIDTH="354" VPOS="178" HPOS="1398"/>
							<String ID="string_4" HPOS="1752" VPOS="182" WIDTH="17" HEIGHT="27" WC="0.96" CONTENT="3"/>
						</TextLine>
					</TextBlock>
				</ComposedBlock>
				<ComposedBlock ID="cblock_1" HPOS="193" VPOS="249" WIDTH="1620" HEIGHT="2055">
					<TextBlock ID="block_1" HPOS="202" VPOS="249" WIDTH="1611" HEIGHT="166">
						<TextLine ID="line_1" HPOS="204" VPOS="249" WIDTH="1609" HEIGHT="59">
							<String ID="string_5" HPOS="204" VPOS="253" WIDTH="59" HEIGHT="42" WC="0.95" CONTENT="egt"/><SP WIDTH="40" VPOS="253" HPOS="263"/>
							<String ID="string_6" HPOS="303" VPOS="249" WIDTH="148" HEIGHT="37" WC="0.95" CONTENT="bestånd"/><SP WIDTH="40" VPOS="249" HPOS="451"/>
							<String ID="string_7" HPOS="491" VPOS="253" WIDTH="63" HEIGHT="35" WC="0.95" CONTENT="allt"/><SP WIDTH="40" VPOS="253" HPOS="554"/>
							<String ID="string_8" HPOS="594" VPOS="254" WIDTH="55" HEIGHT="34" WC="0.96" CONTENT="för"/><SP WIDTH="35" VPOS="254" HPOS="649"/>
							<String ID="string_9" HPOS="684" VPOS="255" WIDTH="81" HEIGHT="34" WC="0.96" CONTENT="kort"/><SP WIDTH="26" VPOS="255" HPOS="765"/>
							<String ID="string_10" HPOS="791" VPOS="256" WIDTH="62" HEIGHT="44" WC="0.96" CONTENT="tid,"/><SP WIDTH="33" VPOS="256" HPOS="853"/>
							<String ID="string_11" HPOS="886" VPOS="257" WIDTH="54" HEIGHT="34" WC="0.96" CONTENT="för"/><SP WIDTH="32" VPOS="257" HPOS="940"/>
							<String ID="string_12" HPOS="972" VPOS="260" WIDTH="53" HEIGHT="33" WC="0.96" CONTENT="att"/><SP WIDTH="26" VPOS="260" HPOS="1025"/>
							<String ID="string_13" HPOS="1051" VPOS="256" WIDTH="115" HEIGHT="47" WC="0.96" CONTENT="någon"/><SP WIDTH="27" VPOS="256" HPOS="1166"/>
							<String ID="string_14" HPOS="1193" VPOS="260" WIDTH="206" HEIGHT="48" WC="0.95" CONTENT="fullständig"/><SP WIDTH="28" VPOS="260" HPOS="1399"/>
							<String ID="string_15" HPOS="1427" VPOS="264" WIDTH="201" HEIGHT="37" WC="0.96" CONTENT="erfarenhet"/><SP WIDTH="28" VPOS="264" HPOS="1628"/>
							<String ID="string_16" HPOS="1656" VPOS="277" WIDTH="53" HEIGHT="25" WC="0.96" CONTENT="om"/><SP WIDTH="27" VPOS="277" HPOS="1709"/>
							<String ID="string_17" HPOS="1736" VPOS="268" WIDTH="77" HEIGHT="35" WC="0.95" CONTENT="dess"/>
						</TextLine>
						<TextLine ID="line_2" HPOS="202" VPOS="303" WIDTH="1611" HEIGHT="52">
							<String ID="string_18" HPOS="202" VPOS="303" WIDTH="218" HEIGHT="44" WC="0.96" CONTENT="verkningar"/><SP WIDTH="39" VPOS="303" HPOS="420"/>
							<String ID="string_19" HPOS="459" VPOS="308" WIDTH="94" HEIGHT="31" WC="0.96" CONTENT="ännu"/><SP WIDTH="40" VPOS="308" HPOS="553"/>
							<String ID="string_20" HPOS="593" VPOS="306" WIDTH="112" HEIGHT="35" WC="0.95" CONTENT="skulle"/><SP WIDTH="40" VPOS="306" HPOS="705"/>
							<String ID="string_21" HPOS="745" VPOS="307" WIDTH="135" HEIGHT="36" WC="0.93" CONTENT="kunnat"/><SP WIDTH="39" VPOS="307" HPOS="880"/>
							<String ID="string_22" HPOS="919" VPOS="309" WIDTH="183" HEIGHT="45" WC="0.91" CONTENT="inhemtas,"/><SP WIDTH="43" VPOS="309" HPOS="1102"/>
							<String ID="string_23" HPOS="1145" VPOS="312" WIDTH="84" HEIGHT="34" WC="0.85" CONTENT="eller"/><SP WIDTH="32" VPOS="312" HPOS="1229"/>
							<String ID="string_24" HPOS="1261" VPOS="316" WIDTH="52" HEIGHT="32" WC="0.96" CONTENT="ett"/><SP WIDTH="32" VPOS="316" HPOS="1313"/>
							<String ID="string_25" HPOS="1345" VPOS="316" WIDTH="120" HEIGHT="34" WC="0.96" CONTENT="säkert"/><SP WIDTH="32" VPOS="316" HPOS="1465"/>
							<String ID="string_26" HPOS="1497" VPOS="318" WIDTH="76" HEIGHT="33" WC="0.96" CONTENT="stöd"/><SP WIDTH="33" VPOS="318" HPOS="1573"/>
							<String ID="string_27" HPOS="1606" VPOS="319" WIDTH="125" HEIGHT="35" WC="0.96" CONTENT="vinnas"/><SP WIDTH="27" VPOS="319" HPOS="1731"/>
							<String ID="string_28" HPOS="1758" VPOS="320" WIDTH="55" HEIGHT="35" WC="0.96" CONTENT="för"/>
						</TextLine>
						<TextLine ID="line_3" HPOS="202" VPOS="354" WIDTH="1503" HEIGHT="61">
							<String ID="string_29" HPOS="202" VPOS="354" WIDTH="223" HEIGHT="45" WC="0.96" CONTENT="bedömande,"/><SP WIDTH="31" VPOS="354" HPOS="425"/>
							<String ID="string_30" HPOS="456" VPOS="366" WIDTH="53" HEIGHT="24" WC="0.96" CONTENT="om"/><SP WIDTH="29" VPOS="366" HPOS="509"/>
							<String ID="string_31" HPOS="538" VPOS="357" WIDTH="64" HEIGHT="35" WC="0.95" CONTENT="och"/><SP WIDTH="26" VPOS="357" HPOS="602"/>
							<String ID="string_32" HPOS="628" VPOS="358" WIDTH="12" HEIGHT="34" WC="0.95" CONTENT="i"/><SP WIDTH="26" VPOS="358" HPOS="640"/>
							<String ID="string_33" HPOS="666" VPOS="358" WIDTH="94" HEIGHT="35" WC="0.96" CONTENT="hvad"/><SP WIDTH="26" VPOS="358" HPOS="760"/>
							<String ID="string_34" HPOS="786" VPOS="357" WIDTH="80" HEIGHT="37" WC="0.96" CONTENT="mån"/><SP WIDTH="28" VPOS="357" HPOS="866"/>
							<String ID="string_35" HPOS="894" VPOS="361" WIDTH="198" HEIGHT="36" WC="0.96" CONTENT="densamma"/><SP WIDTH="27" VPOS="361" HPOS="1092"/>
							<String ID="string_36" HPOS="1119" VPOS="363" WIDTH="71" HEIGHT="34" WC="0.96" CONTENT="kan"/><SP WIDTH="27" VPOS="363" HPOS="1190"/>
							<String ID="string_37" HPOS="1217" VPOS="375" WIDTH="101" HEIGHT="25" WC="0.93" CONTENT="anses"/><SP WIDTH="26" VPOS="375" HPOS="1318"/>
							<String ID="string_38" HPOS="1344" VPOS="366" WIDTH="120" HEIGHT="36" WC="0.92" CONTENT="tarfva"/><SP WIDTH="26" VPOS="366" HPOS="1464"/>
							<String ID="string_39" HPOS="1490" VPOS="367" WIDTH="215" HEIGHT="48" WC="0.95" CONTENT="förändring."/>
						</TextLine>
					</TextBlock>
					<TextBlock ID="block_2" HPOS="198" VPOS="405" WIDTH="1613" HEIGHT="345">
						<TextLine ID="line_4" HPOS="334" VPOS="405" WIDTH="1477" HEIGHT="62">
							<String ID="string_40" HPOS="334" VPOS="405" WIDTH="72" HEIGHT="36" WC="0.96" CONTENT="Det"/><SP WIDTH="20" VPOS="405" HPOS="406"/>
							<String ID="string_41" HPOS="426" VPOS="407" WIDTH="94" HEIGHT="34" WC="0.95" CONTENT="lärer"/><SP WIDTH="33" VPOS="407" HPOS="520"/>
							<String ID="string_42" HPOS="553" VPOS="408" WIDTH="30" HEIGHT="44" WC="0.96" CONTENT="ej"/><SP WIDTH="29" VPOS="408" HPOS="583"/>
							<String ID="string_43" HPOS="612" VPOS="409" WIDTH="110" HEIGHT="34" WC="0.95" CONTENT="heller"/><SP WIDTH="27" VPOS="409" HPOS="722"/>
							<String ID="string_44" HPOS="749" VPOS="411" WIDTH="158" HEIGHT="44" WC="0.96" CONTENT="skäligen"/><SP WIDTH="27" VPOS="411" HPOS="907"/>
							<String ID="string_45" HPOS="934" VPOS="413" WIDTH="119" HEIGHT="35" WC="0.95" CONTENT="kunna"/><SP WIDTH="27" VPOS="413" HPOS="1053"/>
							<String ID="string_46" HPOS="1080" VPOS="414" WIDTH="176" HEIGHT="42" WC="0.96" CONTENT="förnekas,"/><SP WIDTH="29" VPOS="414" HPOS="1256"/>
							<String ID="string_47" HPOS="1285" VPOS="419" WIDTH="64" HEIGHT="42" WC="0.95" CONTENT="att,"/><SP WIDTH="28" VPOS="419" HPOS="1349"/>
							<String ID="string_48" HPOS="1377" VPOS="418" WIDTH="122" HEIGHT="35" WC="0.96" CONTENT="förrän"/><SP WIDTH="25" VPOS="418" HPOS="1499"/>
							<String ID="string_49" HPOS="1524" VPOS="431" WIDTH="81" HEIGHT="24" WC="0.93" CONTENT="man"/><SP WIDTH="27" VPOS="431" HPOS="1605"/>
							<String ID="string_50" HPOS="1632" VPOS="421" WIDTH="179" HEIGHT="46" WC="0.90" CONTENT="företager"/>
						</TextLine>
						<TextLine ID="line_5" HPOS="202" VPOS="456" WIDTH="1609" HEIGHT="61">
							<String ID="string_51" HPOS="202" VPOS="456" WIDTH="53" HEIGHT="44" WC="0.96" CONTENT="sig"/><SP WIDTH="33" VPOS="456" HPOS="255"/>
							<String ID="string_52" HPOS="288" VPOS="459" WIDTH="53" HEIGHT="32" WC="0.96" CONTENT="att"/><SP WIDTH="28" VPOS="459" HPOS="341"/>
							<String ID="string_53" HPOS="369" VPOS="458" WIDTH="150" HEIGHT="34" WC="0.96" CONTENT="ombilda"/><SP WIDTH="28" VPOS="458" HPOS="519"/>
							<String ID="string_54" HPOS="547" VPOS="461" WIDTH="51" HEIGHT="32" WC="0.96" CONTENT="ett"/><SP WIDTH="28" VPOS="461" HPOS="598"/>
							<String ID="string_55" HPOS="626" VPOS="460" WIDTH="39" HEIGHT="34" WC="0.96" CONTENT="af"/><SP WIDTH="24" VPOS="460" HPOS="665"/>
							<String ID="string_56" HPOS="689" VPOS="461" WIDTH="41" HEIGHT="33" WC="0.96" CONTENT="de"/><SP WIDTH="27" VPOS="461" HPOS="730"/>
							<String ID="string_57" HPOS="757" VPOS="463" WIDTH="253" HEIGHT="44" WC="0.93" CONTENT="väsentligaste"/><SP WIDTH="28" VPOS="463" HPOS="1010"/>
							<String ID="string_58" HPOS="1038" VPOS="465" WIDTH="239" HEIGHT="44" WC="0.91" CONTENT="stadgandena"/><SP WIDTH="28" VPOS="465" HPOS="1277"/>
							<String ID="string_59" HPOS="1305" VPOS="468" WIDTH="52" HEIGHT="35" WC="0.95" CONTENT="uti"/><SP WIDTH="28" VPOS="468" HPOS="1357"/>
							<String ID="string_60" HPOS="1385" VPOS="479" WIDTH="42" HEIGHT="24" WC="0.95" CONTENT="en"/><SP WIDTH="26" VPOS="479" HPOS="1427"/>
							<String ID="string_61" HPOS="1453" VPOS="472" WIDTH="184" HEIGHT="45" WC="0.95" CONTENT="grundlag,"/><SP WIDTH="29" VPOS="472" HPOS="1637"/>
							<String ID="string_62" HPOS="1666" VPOS="473" WIDTH="145" HEIGHT="36" WC="0.96" CONTENT="hvilken"/>
						</TextLine>
						<TextLine ID="line_6" HPOS="201" VPOS="505" WIDTH="1610" HEIGHT="58">
							<String ID="string_63" HPOS="201" VPOS="505" WIDTH="172" HEIGHT="47" WC="0.96" CONTENT="framgått"/><SP WIDTH="40" VPOS="505" HPOS="373"/>
							<String ID="string_64" HPOS="413" VPOS="506" WIDTH="110" HEIGHT="37" WC="0.96" CONTENT="såsom"/><SP WIDTH="40" VPOS="506" HPOS="523"/>
							<String ID="string_65" HPOS="563" VPOS="512" WIDTH="188" HEIGHT="34" WC="0.95" CONTENT="resultatet"/><SP WIDTH="33" VPOS="512" HPOS="751"/>
							<String ID="string_66" HPOS="784" VPOS="513" WIDTH="38" HEIGHT="34" WC="0.96" CONTENT="af"/><SP WIDTH="25" VPOS="513" HPOS="822"/>
							<String ID="string_67" HPOS="847" VPOS="524" WIDTH="42" HEIGHT="24" WC="0.96" CONTENT="en"/><SP WIDTH="27" VPOS="524" HPOS="889"/>
							<String ID="string_68" HPOS="916" VPOS="525" WIDTH="124" HEIGHT="34" WC="0.92" CONTENT="mogen"/><SP WIDTH="27" VPOS="525" HPOS="1040"/>
							<String ID="string_69" HPOS="1067" VPOS="517" WIDTH="219" HEIGHT="46" WC="0.92" CONTENT="ompröfning"/><SP WIDTH="27" VPOS="517" HPOS="1286"/>
							<String ID="string_70" HPOS="1313" VPOS="520" WIDTH="63" HEIGHT="34" WC="0.96" CONTENT="och"/><SP WIDTH="28" VPOS="520" HPOS="1376"/>
							<String ID="string_71" HPOS="1404" VPOS="523" WIDTH="51" HEIGHT="32" WC="0.96" CONTENT="ett"/><SP WIDTH="26" VPOS="523" HPOS="1455"/>
							<String ID="string_72" HPOS="1481" VPOS="524" WIDTH="237" HEIGHT="35" WC="0.93" CONTENT="uttömmande"/><SP WIDTH="27" VPOS="524" HPOS="1718"/>
							<String ID="string_73" HPOS="1745" VPOS="537" WIDTH="66" HEIGHT="23" WC="0.91" CONTENT="me-"/>
						</TextLine>
						<TextLine ID="line_7" HPOS="201" VPOS="559" WIDTH="1610" HEIGHT="57">
							<String ID="string_74" HPOS="201" VPOS="559" WIDTH="238" HEIGHT="45" WC="0.91" CONTENT="ningsutbyte,"/><SP WIDTH="43" VPOS="559" HPOS="439"/>
							<String ID="string_75" HPOS="482" VPOS="561" WIDTH="58" HEIGHT="34" WC="0.95" CONTENT="det"/><SP WIDTH="39" VPOS="561" HPOS="540"/>
							<String ID="string_76" HPOS="579" VPOS="563" WIDTH="63" HEIGHT="33" WC="0.96" CONTENT="bör"/><SP WIDTH="38" VPOS="563" HPOS="642"/>
							<String ID="string_77" HPOS="680" VPOS="573" WIDTH="89" HEIGHT="25" WC="0.96" CONTENT="vara"/><SP WIDTH="27" VPOS="573" HPOS="769"/>
							<String ID="string_78" HPOS="796" VPOS="564" WIDTH="54" HEIGHT="34" WC="0.96" CONTENT="till"/><SP WIDTH="40" VPOS="564" HPOS="850"/>
							<String ID="string_79" HPOS="890" VPOS="565" WIDTH="85" HEIGHT="35" WC="0.93" CONTENT="fullo"/><SP WIDTH="27" VPOS="565" HPOS="975"/>
							<String ID="string_80" HPOS="1002" VPOS="568" WIDTH="129" HEIGHT="43" WC="0.91" CONTENT="utredt,"/><SP WIDTH="30" VPOS="568" HPOS="1131"/>
							<String ID="string_81" HPOS="1161" VPOS="566" WIDTH="98" HEIGHT="38" WC="0.96" CONTENT="såväl"/><SP WIDTH="27" VPOS="566" HPOS="1259"/>
							<String ID="string_82" HPOS="1286" VPOS="573" WIDTH="54" HEIGHT="32" WC="0.96" CONTENT="att"/><SP WIDTH="28" VPOS="573" HPOS="1340"/>
							<String ID="string_83" HPOS="1368" VPOS="572" WIDTH="68" HEIGHT="44" WC="0.96" CONTENT="det,"/><SP WIDTH="29" VPOS="572" HPOS="1436"/>
							<String ID="string_84" HPOS="1465" VPOS="583" WIDTH="71" HEIGHT="25" WC="0.95" CONTENT="som"/><SP WIDTH="27" VPOS="583" HPOS="1536"/>
							<String ID="string_85" HPOS="1563" VPOS="585" WIDTH="81" HEIGHT="24" WC="0.95" CONTENT="man"/><SP WIDTH="28" VPOS="585" HPOS="1644"/>
							<String ID="string_86" HPOS="1672" VPOS="576" WIDTH="61" HEIGHT="35" WC="0.93" CONTENT="vill"/><SP WIDTH="27" VPOS="576" HPOS="1733"/>
							<String ID="string_87" HPOS="1760" VPOS="579" WIDTH="51" HEIGHT="32" WC="0.93" CONTENT="ut-"/>
						</TextLine>
						<TextLine ID="line_8" HPOS="201" VPOS="609" WIDTH="1610" HEIGHT="56">
							<String ID="string_88" HPOS="201" VPOS="610" WIDTH="111" HEIGHT="43" WC="0.96" CONTENT="döma,"/><SP WIDTH="42" VPOS="610" HPOS="312"/>
							<String ID="string_89" HPOS="354" VPOS="614" WIDTH="40" HEIGHT="31" WC="0.90" CONTENT="är"/><SP WIDTH="40" VPOS="614" HPOS="394"/>
							<String ID="string_90" HPOS="434" VPOS="609" WIDTH="194" HEIGHT="38" WC="0.74" CONTENT="föräldradt"/><SP WIDTH="41" VPOS="609" HPOS="628"/>
							<String ID="string_91" HPOS="669" VPOS="615" WIDTH="63" HEIGHT="33" WC="0.96" CONTENT="och"/><SP WIDTH="41" VPOS="615" HPOS="732"/>
							<String ID="string_92" HPOS="773" VPOS="615" WIDTH="39" HEIGHT="34" WC="0.94" CONTENT="af"/><SP WIDTH="37" VPOS="615" HPOS="812"/>
							<String ID="string_93" HPOS="849" VPOS="613" WIDTH="108" HEIGHT="37" WC="0.96" CONTENT="sådan"/><SP WIDTH="32" VPOS="613" HPOS="957"/>
							<String ID="string_94" HPOS="989" VPOS="618" WIDTH="189" HEIGHT="45" WC="0.96" CONTENT="anledning"/><SP WIDTH="33" VPOS="618" HPOS="1178"/>
							<String ID="string_95" HPOS="1211" VPOS="621" WIDTH="30" HEIGHT="44" WC="0.96" CONTENT="ej"/><SP WIDTH="29" VPOS="621" HPOS="1241"/>
							<String ID="string_96" HPOS="1270" VPOS="624" WIDTH="198" HEIGHT="34" WC="0.96" CONTENT="motsvarar"/><SP WIDTH="27" VPOS="624" HPOS="1468"/>
							<String ID="string_97" HPOS="1495" VPOS="625" WIDTH="66" HEIGHT="34" WC="0.96" CONTENT="den"/><SP WIDTH="26" VPOS="625" HPOS="1561"/>
							<String ID="string_98" HPOS="1587" VPOS="629" WIDTH="224" HEIGHT="34" WC="0.96" CONTENT="närvarande"/>
						</TextLine>
						<TextLine ID="line_9" HPOS="198" VPOS="661" WIDTH="1613" HEIGHT="60">
							<String ID="string_99" HPOS="198" VPOS="661" WIDTH="115" HEIGHT="34" WC="0.93" CONTENT="tidens"/><SP WIDTH="39" VPOS="661" HPOS="313"/>
							<String ID="string_100" HPOS="352" VPOS="661" WIDTH="92" HEIGHT="44" WC="0.89" CONTENT="kraf,"/><SP WIDTH="42" VPOS="661" HPOS="444"/>
							<String ID="string_101" HPOS="486" VPOS="673" WIDTH="71" HEIGHT="24" WC="0.96" CONTENT="som"/><SP WIDTH="40" VPOS="673" HPOS="557"/>
							<String ID="string_102" HPOS="597" VPOS="665" WIDTH="64" HEIGHT="34" WC="0.95" CONTENT="ock"/><SP WIDTH="40" VPOS="665" HPOS="661"/>
							<String ID="string_103" HPOS="701" VPOS="667" WIDTH="54" HEIGHT="32" WC="0.95" CONTENT="att"/><SP WIDTH="40" VPOS="667" HPOS="755"/>
							<String ID="string_104" HPOS="795" VPOS="666" WIDTH="57" HEIGHT="35" WC="0.96" CONTENT="det"/><SP WIDTH="31" VPOS="666" HPOS="852"/>
							<String ID="string_105" HPOS="883" VPOS="678" WIDTH="82" HEIGHT="34" WC="0.95" CONTENT="nya,"/><SP WIDTH="28" VPOS="678" HPOS="965"/>
							<String ID="string_106" HPOS="993" VPOS="679" WIDTH="81" HEIGHT="24" WC="0.96" CONTENT="man"/><SP WIDTH="27" VPOS="679" HPOS="1074"/>
							<String ID="string_107" HPOS="1101" VPOS="671" WIDTH="62" HEIGHT="34" WC="0.96" CONTENT="vill"/><SP WIDTH="27" VPOS="671" HPOS="1163"/>
							<String ID="string_108" HPOS="1190" VPOS="674" WIDTH="94" HEIGHT="33" WC="0.96" CONTENT="sätta"/><SP WIDTH="27" VPOS="674" HPOS="1284"/>
							<String ID="string_109" HPOS="1311" VPOS="673" WIDTH="11" HEIGHT="34" WC="0.96" CONTENT="i"/><SP WIDTH="27" VPOS="673" HPOS="1322"/>
							<String ID="string_110" HPOS="1349" VPOS="675" WIDTH="129" HEIGHT="44" WC="0.96" CONTENT="stället,"/><SP WIDTH="29" VPOS="675" HPOS="1478"/>
							<String ID="string_111" HPOS="1507" VPOS="675" WIDTH="157" HEIGHT="46" WC="0.96" CONTENT="framgår"/><SP WIDTH="26" VPOS="675" HPOS="1664"/>
							<String ID="string_112" HPOS="1690" VPOS="689" WIDTH="42" HEIGHT="24" WC="0.95" CONTENT="ur"/><SP WIDTH="28" VPOS="689" HPOS="1732"/>
							<String ID="string_113" HPOS="1760" VPOS="682" WIDTH="51" HEIGHT="32" WC="0.95" CONTENT="ett"/>
						</TextLine>
						<TextLine ID="line_10" HPOS="201" VPOS="712" WIDTH="421" HEIGHT="38">
							<String ID="string_114" HPOS="201" VPOS="712" WIDTH="145" HEIGHT="34" WC="0.95" CONTENT="allmänt"/><SP WIDTH="26" VPOS="712" HPOS="346"/>
							<String ID="string_115" HPOS="372" VPOS="713" WIDTH="111" HEIGHT="34" WC="0.93" CONTENT="kändt"/><SP WIDTH="26" VPOS="713" HPOS="483"/>
							<String ID="string_116" HPOS="509" VPOS="715" WIDTH="113" HEIGHT="35" WC="0.92" CONTENT="behof."/>
						</TextLine>
					</TextBlock>
					<TextBlock ID="block_3" HPOS="195" VPOS="762" WIDTH="1615" HEIGHT="974">
						<TextLine ID="line_11" HPOS="331" VPOS="762" WIDTH="1479" HEIGHT="62">
							<String ID="string_117" HPOS="331" VPOS="762" WIDTH="135" HEIGHT="36" WC="0.96" CONTENT="Vidare"/><SP WIDTH="27" VPOS="762" HPOS="466"/>
							<String ID="string_118" HPOS="493" VPOS="765" WIDTH="71" HEIGHT="34" WC="0.96" CONTENT="kan"/><SP WIDTH="27" VPOS="765" HPOS="564"/>
							<String ID="string_119" HPOS="591" VPOS="765" WIDTH="188" HEIGHT="37" WC="0.95" CONTENT="Utskottet"/><SP WIDTH="26" VPOS="765" HPOS="779"/>
							<String ID="string_120" HPOS="805" VPOS="768" WIDTH="78" HEIGHT="35" WC="0.96" CONTENT="icke"/><SP WIDTH="26" VPOS="768" HPOS="883"/>
							<String ID="string_121" HPOS="909" VPOS="769" WIDTH="185" HEIGHT="37" WC="0.96" CONTENT="underlåta"/><SP WIDTH="29" VPOS="769" HPOS="1094"/>
							<String ID="string_122" HPOS="1123" VPOS="775" WIDTH="53" HEIGHT="32" WC="0.96" CONTENT="att"/><SP WIDTH="30" VPOS="775" HPOS="1176"/>
							<String ID="string_123" HPOS="1206" VPOS="771" WIDTH="150" HEIGHT="48" WC="0.93" CONTENT="påpeka,"/><SP WIDTH="29" VPOS="771" HPOS="1356"/>
							<String ID="string_124" HPOS="1385" VPOS="776" WIDTH="164" HEIGHT="35" WC="0.91" CONTENT="hurusom"/><SP WIDTH="19" VPOS="776" HPOS="1549"/>
							<String ID="string_125" HPOS="1568" VPOS="777" WIDTH="242" HEIGHT="47" WC="0.96" CONTENT="fördelningen"/>
						</TextLine>
						<TextLine ID="line_12" HPOS="202" VPOS="813" WIDTH="1607" HEIGHT="58">
							<String ID="string_126" HPOS="202" VPOS="813" WIDTH="39" HEIGHT="33" WC="0.96" CONTENT="af"/><SP WIDTH="35" VPOS="813" HPOS="241"/>
							<String ID="string_127" HPOS="276" VPOS="814" WIDTH="41" HEIGHT="33" WC="0.96" CONTENT="de"/><SP WIDTH="33" VPOS="814" HPOS="317"/>
							<String ID="string_128" HPOS="350" VPOS="815" WIDTH="55" HEIGHT="33" WC="0.95" CONTENT="till"/><SP WIDTH="26" VPOS="815" HPOS="405"/>
							<String ID="string_129" HPOS="431" VPOS="814" WIDTH="126" HEIGHT="36" WC="0.96" CONTENT="Andra"/><SP WIDTH="27" VPOS="814" HPOS="557"/>
							<String ID="string_130" HPOS="584" VPOS="816" WIDTH="216" HEIGHT="37" WC="0.93" CONTENT="Kammaren"/><SP WIDTH="28" VPOS="816" HPOS="800"/>
							<String ID="string_131" HPOS="828" VPOS="821" WIDTH="279" HEIGHT="45" WC="0.91" CONTENT="valberättigade"/><SP WIDTH="32" VPOS="821" HPOS="1107"/>
							<String ID="string_132" HPOS="1139" VPOS="824" WIDTH="115" HEIGHT="43" WC="0.91" CONTENT="gifver"/><SP WIDTH="26" VPOS="824" HPOS="1254"/>
							<String ID="string_133" HPOS="1280" VPOS="826" WIDTH="60" HEIGHT="35" WC="0.95" CONTENT="vid"/><SP WIDTH="25" VPOS="826" HPOS="1340"/>
							<String ID="string_134" HPOS="1365" VPOS="827" WIDTH="149" HEIGHT="44" WC="0.94" CONTENT="handen,"/><SP WIDTH="30" VPOS="827" HPOS="1514"/>
							<String ID="string_135" HPOS="1544" VPOS="831" WIDTH="53" HEIGHT="32" WC="0.93" CONTENT="att"/><SP WIDTH="28" VPOS="831" HPOS="1597"/>
							<String ID="string_136" HPOS="1625" VPOS="830" WIDTH="96" HEIGHT="34" WC="0.92" CONTENT="desse"/><SP WIDTH="28" VPOS="830" HPOS="1721"/>
							<String ID="string_137" HPOS="1749" VPOS="835" WIDTH="60" HEIGHT="30" WC="0.96" CONTENT="äro"/>
						</TextLine>
						<TextLine ID="line_13" HPOS="199" VPOS="861" WIDTH="1608" HEIGHT="65">
							<String ID="string_138" HPOS="199" VPOS="861" WIDTH="184" HEIGHT="48" WC="0.91" CONTENT="fåtaligast"/><SP WIDTH="39" VPOS="861" HPOS="383"/>
							<String ID="string_139" HPOS="422" VPOS="866" WIDTH="12" HEIGHT="34" WC="0.95" CONTENT="i"/><SP WIDTH="40" VPOS="866" HPOS="434"/>
							<String ID="string_140" HPOS="474" VPOS="867" WIDTH="41" HEIGHT="34" WC="0.95" CONTENT="de"/><SP WIDTH="40" VPOS="867" HPOS="515"/>
							<String ID="string_141" HPOS="555" VPOS="868" WIDTH="70" HEIGHT="44" WC="0.95" CONTENT="län,"/><SP WIDTH="34" VPOS="868" HPOS="625"/>
							<String ID="string_142" HPOS="659" VPOS="869" WIDTH="61" HEIGHT="34" WC="0.96" CONTENT="der"/><SP WIDTH="27" VPOS="869" HPOS="720"/>
							<String ID="string_143" HPOS="747" VPOS="870" WIDTH="41" HEIGHT="34" WC="0.96" CONTENT="de"/><SP WIDTH="28" VPOS="870" HPOS="788"/>
							<String ID="string_144" HPOS="816" VPOS="873" WIDTH="94" HEIGHT="33" WC="0.92" CONTENT="stora"/><SP WIDTH="28" VPOS="873" HPOS="910"/>
							<String ID="string_145" HPOS="938" VPOS="873" WIDTH="120" HEIGHT="35" WC="0.88" CONTENT="bruks-"/><SP WIDTH="29" VPOS="873" HPOS="1058"/>
							<String ID="string_146" HPOS="1087" VPOS="875" WIDTH="64" HEIGHT="34" WC="0.96" CONTENT="och"/><SP WIDTH="26" VPOS="875" HPOS="1151"/>
							<String ID="string_147" HPOS="1177" VPOS="876" WIDTH="354" HEIGHT="45" WC="0.91" CONTENT="landtegendomarne"/><SP WIDTH="27" VPOS="876" HPOS="1531"/>
							<String ID="string_148" HPOS="1558" VPOS="884" WIDTH="61" HEIGHT="30" WC="0.96" CONTENT="äro"/><SP WIDTH="27" VPOS="884" HPOS="1619"/>
							<String ID="string_149" HPOS="1646" VPOS="882" WIDTH="161" HEIGHT="44" WC="0.96" CONTENT="belägna,"/>
						</TextLine>
						<TextLine ID="line_14" HPOS="198" VPOS="916" WIDTH="1610" HEIGHT="61">
							<String ID="string_150" HPOS="198" VPOS="916" WIDTH="110" HEIGHT="33" WC="0.96" CONTENT="under"/><SP WIDTH="40" VPOS="916" HPOS="308"/>
							<String ID="string_151" HPOS="348" VPOS="917" WIDTH="58" HEIGHT="33" WC="0.96" CONTENT="det"/><SP WIDTH="33" VPOS="917" HPOS="406"/>
							<String ID="string_152" HPOS="439" VPOS="920" WIDTH="53" HEIGHT="31" WC="0.96" CONTENT="att"/><SP WIDTH="33" VPOS="920" HPOS="492"/>
							<String ID="string_153" HPOS="525" VPOS="919" WIDTH="100" HEIGHT="34" WC="0.96" CONTENT="deras"/><SP WIDTH="33" VPOS="919" HPOS="625"/>
							<String ID="string_154" HPOS="658" VPOS="922" WIDTH="97" HEIGHT="33" WC="0.96" CONTENT="antal"/><SP WIDTH="27" VPOS="922" HPOS="755"/>
							<String ID="string_155" HPOS="782" VPOS="925" WIDTH="40" HEIGHT="30" WC="0.96" CONTENT="är"/><SP WIDTH="26" VPOS="925" HPOS="822"/>
							<String ID="string_156" HPOS="848" VPOS="925" WIDTH="88" HEIGHT="32" WC="0.96" CONTENT="mest"/><SP WIDTH="26" VPOS="925" HPOS="936"/>
							<String ID="string_157" HPOS="962" VPOS="925" WIDTH="197" HEIGHT="43" WC="0.96" CONTENT="betydande"/><SP WIDTH="28" VPOS="925" HPOS="1159"/>
							<String ID="string_158" HPOS="1187" VPOS="927" WIDTH="71" HEIGHT="43" WC="0.96" CONTENT="der,"/><SP WIDTH="28" VPOS="927" HPOS="1258"/>
							<String ID="string_159" HPOS="1286" VPOS="928" WIDTH="144" HEIGHT="35" WC="0.96" CONTENT="hvarest"/><SP WIDTH="27" VPOS="928" HPOS="1430"/>
							<String ID="string_160" HPOS="1457" VPOS="932" WIDTH="169" HEIGHT="33" WC="0.96" CONTENT="stammen"/><SP WIDTH="28" VPOS="932" HPOS="1626"/>
							<String ID="string_161" HPOS="1654" VPOS="932" WIDTH="39" HEIGHT="34" WC="0.96" CONTENT="af"/><SP WIDTH="24" VPOS="932" HPOS="1693"/>
							<String ID="string_162" HPOS="1717" VPOS="933" WIDTH="91" HEIGHT="44" WC="0.91" CONTENT="sjelf-"/>
						</TextLine>
						<TextLine ID="line_15" HPOS="199" VPOS="967" WIDTH="1610" HEIGHT="57">
							<String ID="string_163" HPOS="199" VPOS="967" WIDTH="162" HEIGHT="44" WC="0.96" CONTENT="ständiga"/><SP WIDTH="28" VPOS="967" HPOS="361"/>
							<String ID="string_164" HPOS="389" VPOS="968" WIDTH="134" HEIGHT="35" WC="0.93" CONTENT="mindre"/><SP WIDTH="25" VPOS="968" HPOS="523"/>
							<String ID="string_165" HPOS="548" VPOS="969" WIDTH="187" HEIGHT="46" WC="0.92" CONTENT="jordegare"/><SP WIDTH="27" VPOS="969" HPOS="735"/>
							<String ID="string_166" HPOS="762" VPOS="975" WIDTH="41" HEIGHT="31" WC="0.96" CONTENT="är"/><SP WIDTH="27" VPOS="975" HPOS="803"/>
							<String ID="string_167" HPOS="830" VPOS="975" WIDTH="107" HEIGHT="33" WC="0.96" CONTENT="störst"/><SP WIDTH="28" VPOS="975" HPOS="937"/>
							<String ID="string_168" HPOS="965" VPOS="976" WIDTH="63" HEIGHT="33" WC="0.96" CONTENT="och"/><SP WIDTH="28" VPOS="976" HPOS="1028"/>
							<String ID="string_169" HPOS="1056" VPOS="977" WIDTH="61" HEIGHT="34" WC="0.96" CONTENT="der"/><SP WIDTH="27" VPOS="977" HPOS="1117"/>
							<String ID="string_170" HPOS="1144" VPOS="978" WIDTH="41" HEIGHT="33" WC="0.96" CONTENT="de"/><SP WIDTH="28" VPOS="978" HPOS="1185"/>
							<String ID="string_171" HPOS="1213" VPOS="980" WIDTH="95" HEIGHT="33" WC="0.96" CONTENT="stora"/><SP WIDTH="28" VPOS="980" HPOS="1308"/>
							<String ID="string_172" HPOS="1336" VPOS="981" WIDTH="253" HEIGHT="43" WC="0.91" CONTENT="egendomarne"/><SP WIDTH="28" VPOS="981" HPOS="1589"/>
							<String ID="string_173" HPOS="1617" VPOS="986" WIDTH="60" HEIGHT="31" WC="0.96" CONTENT="äro"/><SP WIDTH="27" VPOS="986" HPOS="1677"/>
							<String ID="string_174" HPOS="1704" VPOS="984" WIDTH="105" HEIGHT="35" WC="0.96" CONTENT="minst"/>
						</TextLine>
						<TextLine ID="line_16" HPOS="198" VPOS="1018" WIDTH="1610" HEIGHT="56">
							<String ID="string_175" HPOS="198" VPOS="1018" WIDTH="142" HEIGHT="35" WC="0.91" CONTENT="talrika."/><SP WIDTH="61" VPOS="1018" HPOS="340"/>
							<String ID="string_176" HPOS="401" VPOS="1018" WIDTH="73" HEIGHT="36" WC="0.68" CONTENT="Det"/><SP WIDTH="27" VPOS="1018" HPOS="474"/>
							<String ID="string_177" HPOS="501" VPOS="1031" WIDTH="102" HEIGHT="33" WC="0.96" CONTENT="synes"/><SP WIDTH="28" VPOS="1031" HPOS="603"/>
							<String ID="string_178" HPOS="631" VPOS="1022" WIDTH="39" HEIGHT="34" WC="0.96" CONTENT="af"/><SP WIDTH="23" VPOS="1022" HPOS="670"/>
							<String ID="string_179" HPOS="693" VPOS="1024" WIDTH="152" HEIGHT="34" WC="0.95" CONTENT="nämnda"/><SP WIDTH="27" VPOS="1024" HPOS="845"/>
							<String ID="string_180" HPOS="872" VPOS="1023" WIDTH="219" HEIGHT="39" WC="0.94" CONTENT="förhållande"/><SP WIDTH="27" VPOS="1023" HPOS="1091"/>
							<String ID="string_181" HPOS="1118" VPOS="1031" WIDTH="207" HEIGHT="43" WC="0.95" CONTENT="uppenbart,"/><SP WIDTH="29" VPOS="1031" HPOS="1325"/>
							<String ID="string_182" HPOS="1354" VPOS="1034" WIDTH="54" HEIGHT="32" WC="0.96" CONTENT="att"/><SP WIDTH="27" VPOS="1034" HPOS="1408"/>
							<String ID="string_183" HPOS="1435" VPOS="1034" WIDTH="135" HEIGHT="34" WC="0.96" CONTENT="verkan"/><SP WIDTH="28" VPOS="1034" HPOS="1570"/>
							<String ID="string_184" HPOS="1598" VPOS="1034" WIDTH="39" HEIGHT="34" WC="0.96" CONTENT="af"/><SP WIDTH="24" VPOS="1034" HPOS="1637"/>
							<String ID="string_185" HPOS="1661" VPOS="1045" WIDTH="42" HEIGHT="24" WC="0.93" CONTENT="en"/><SP WIDTH="26" VPOS="1045" HPOS="1703"/>
							<String ID="string_186" HPOS="1729" VPOS="1036" WIDTH="79" HEIGHT="34" WC="0.91" CONTENT="ned-"/>
						</TextLine>
						<TextLine ID="line_17" HPOS="197" VPOS="1069" WIDTH="1610" HEIGHT="60">
							<String ID="string_187" HPOS="197" VPOS="1069" WIDTH="158" HEIGHT="45" WC="0.95" CONTENT="sättning"/><SP WIDTH="38" VPOS="1069" HPOS="355"/>
							<String ID="string_188" HPOS="393" VPOS="1070" WIDTH="12" HEIGHT="34" WC="0.96" CONTENT="i"/><SP WIDTH="40" VPOS="1070" HPOS="405"/>
							<String ID="string_189" HPOS="445" VPOS="1072" WIDTH="84" HEIGHT="34" WC="0.96" CONTENT="eller"/><SP WIDTH="27" VPOS="1072" HPOS="529"/>
							<String ID="string_190" HPOS="556" VPOS="1073" WIDTH="232" HEIGHT="44" WC="0.96" CONTENT="borttagande"/><SP WIDTH="28" VPOS="1073" HPOS="788"/>
							<String ID="string_191" HPOS="816" VPOS="1075" WIDTH="39" HEIGHT="34" WC="0.96" CONTENT="af"/><SP WIDTH="24" VPOS="1075" HPOS="855"/>
							<String ID="string_192" HPOS="879" VPOS="1077" WIDTH="47" HEIGHT="33" WC="0.93" CONTENT="all"/><SP WIDTH="26" VPOS="1077" HPOS="926"/>
							<String ID="string_193" HPOS="952" VPOS="1078" WIDTH="183" HEIGHT="35" WC="0.84" CONTENT="valcensus"/><SP WIDTH="27" VPOS="1078" HPOS="1135"/>
							<String ID="string_194" HPOS="1162" VPOS="1083" WIDTH="88" HEIGHT="32" WC="0.96" CONTENT="mest"/><SP WIDTH="27" VPOS="1083" HPOS="1250"/>
							<String ID="string_195" HPOS="1277" VPOS="1082" WIDTH="110" HEIGHT="35" WC="0.96" CONTENT="skulle"/><SP WIDTH="27" VPOS="1082" HPOS="1387"/>
							<String ID="string_196" HPOS="1414" VPOS="1086" WIDTH="86" HEIGHT="41" WC="0.95" CONTENT="göra"/><SP WIDTH="28" VPOS="1086" HPOS="1500"/>
							<String ID="string_197" HPOS="1528" VPOS="1085" WIDTH="52" HEIGHT="44" WC="0.96" CONTENT="sig"/><SP WIDTH="26" VPOS="1085" HPOS="1580"/>
							<String ID="string_198" HPOS="1606" VPOS="1086" WIDTH="163" HEIGHT="43" WC="0.96" CONTENT="gällande"/><SP WIDTH="27" VPOS="1086" HPOS="1769"/>
							<String ID="string_199" HPOS="1796" VPOS="1088" WIDTH="11" HEIGHT="33" WC="0.96" CONTENT="i"/>
						</TextLine>
						<TextLine ID="line_18" HPOS="198" VPOS="1120" WIDTH="1609" HEIGHT="61">
							<String ID="string_200" HPOS="198" VPOS="1120" WIDTH="41" HEIGHT="34" WC="0.94" CONTENT="de"/><SP WIDTH="39" VPOS="1120" HPOS="239"/>
							<String ID="string_201" HPOS="278" VPOS="1120" WIDTH="212" HEIGHT="46" WC="0.94" CONTENT="landsdelar,"/><SP WIDTH="42" VPOS="1120" HPOS="490"/>
							<String ID="string_202" HPOS="532" VPOS="1123" WIDTH="61" HEIGHT="34" WC="0.96" CONTENT="der"/><SP WIDTH="38" VPOS="1123" HPOS="593"/>
							<String ID="string_203" HPOS="631" VPOS="1124" WIDTH="55" HEIGHT="34" WC="0.95" CONTENT="till"/><SP WIDTH="39" VPOS="1124" HPOS="686"/>
							<String ID="string_204" HPOS="725" VPOS="1125" WIDTH="87" HEIGHT="45" WC="0.96" CONTENT="följd"/><SP WIDTH="39" VPOS="1125" HPOS="812"/>
							<String ID="string_205" HPOS="851" VPOS="1127" WIDTH="40" HEIGHT="34" WC="0.96" CONTENT="af"/><SP WIDTH="28" VPOS="1127" HPOS="891"/>
							<String ID="string_206" HPOS="919" VPOS="1130" WIDTH="203" HEIGHT="34" WC="0.96" CONTENT="nuvarande"/><SP WIDTH="32" VPOS="1130" HPOS="1122"/>
							<String ID="string_207" HPOS="1154" VPOS="1131" WIDTH="260" HEIGHT="37" WC="0.96" CONTENT="bestämmelser"/><SP WIDTH="27" VPOS="1131" HPOS="1414"/>
							<String ID="string_208" HPOS="1441" VPOS="1135" WIDTH="41" HEIGHT="34" WC="0.96" CONTENT="de"/><SP WIDTH="26" VPOS="1135" HPOS="1482"/>
							<String ID="string_209" HPOS="1508" VPOS="1137" WIDTH="299" HEIGHT="44" WC="0.90" CONTENT="valberättigades"/>
						</TextLine>
						<TextLine ID="line_19" HPOS="198" VPOS="1172" WIDTH="1607" HEIGHT="61">
							<String ID="string_210" HPOS="198" VPOS="1172" WIDTH="98" HEIGHT="34" WC="0.96" CONTENT="antal"/><SP WIDTH="26" VPOS="1172" HPOS="296"/>
							<String ID="string_211" HPOS="322" VPOS="1175" WIDTH="41" HEIGHT="31" WC="0.96" CONTENT="är"/><SP WIDTH="25" VPOS="1175" HPOS="363"/>
							<String ID="string_212" HPOS="388" VPOS="1173" WIDTH="116" HEIGHT="44" WC="0.96" CONTENT="minst,"/><SP WIDTH="30" VPOS="1173" HPOS="504"/>
							<String ID="string_213" HPOS="534" VPOS="1175" WIDTH="62" HEIGHT="33" WC="0.96" CONTENT="och"/><SP WIDTH="28" VPOS="1175" HPOS="596"/>
							<String ID="string_214" HPOS="624" VPOS="1173" WIDTH="94" HEIGHT="37" WC="0.96" CONTENT="vålla"/><SP WIDTH="28" VPOS="1173" HPOS="718"/>
							<String ID="string_215" HPOS="746" VPOS="1187" WIDTH="42" HEIGHT="24" WC="0.96" CONTENT="en"/><SP WIDTH="28" VPOS="1187" HPOS="788"/>
							<String ID="string_216" HPOS="816" VPOS="1179" WIDTH="99" HEIGHT="33" WC="0.96" CONTENT="stark"/><SP WIDTH="28" VPOS="1179" HPOS="915"/>
							<String ID="string_217" HPOS="943" VPOS="1180" WIDTH="130" HEIGHT="45" WC="0.96" CONTENT="ökning"/><SP WIDTH="26" VPOS="1180" HPOS="1073"/>
							<String ID="string_218" HPOS="1099" VPOS="1181" WIDTH="12" HEIGHT="34" WC="0.93" CONTENT="i"/><SP WIDTH="27" VPOS="1181" HPOS="1111"/>
							<String ID="string_219" HPOS="1138" VPOS="1183" WIDTH="227" HEIGHT="35" WC="0.92" CONTENT="valmännens"/><SP WIDTH="27" VPOS="1183" HPOS="1365"/>
							<String ID="string_220" HPOS="1392" VPOS="1187" WIDTH="98" HEIGHT="33" WC="0.96" CONTENT="antal"/><SP WIDTH="26" VPOS="1187" HPOS="1490"/>
							<String ID="string_221" HPOS="1516" VPOS="1187" WIDTH="10" HEIGHT="33" WC="0.96" CONTENT="i"/><SP WIDTH="29" VPOS="1187" HPOS="1526"/>
							<String ID="string_222" HPOS="1555" VPOS="1185" WIDTH="130" HEIGHT="37" WC="0.96" CONTENT="sådana"/><SP WIDTH="16" VPOS="1185" HPOS="1685"/>
							<String ID="string_223" HPOS="1701" VPOS="1191" WIDTH="104" HEIGHT="42" WC="0.96" CONTENT="orter,"/>
						</TextLine>
						<TextLine ID="line_20" HPOS="198" VPOS="1222" WIDTH="1609" HEIGHT="53">
							<String ID="string_224" HPOS="198" VPOS="1222" WIDTH="61" HEIGHT="34" WC="0.96" CONTENT="der"/><SP WIDTH="40" VPOS="1222" HPOS="259"/>
							<String ID="string_225" HPOS="299" VPOS="1223" WIDTH="41" HEIGHT="34" WC="0.95" CONTENT="de"/><SP WIDTH="40" VPOS="1223" HPOS="340"/>
							<String ID="string_226" HPOS="380" VPOS="1226" WIDTH="95" HEIGHT="32" WC="0.93" CONTENT="stora"/><SP WIDTH="40" VPOS="1226" HPOS="475"/>
							<String ID="string_227" HPOS="515" VPOS="1227" WIDTH="253" HEIGHT="42" WC="0.90" CONTENT="egendomarne"/><SP WIDTH="32" VPOS="1227" HPOS="768"/>
							<String ID="string_228" HPOS="800" VPOS="1232" WIDTH="61" HEIGHT="31" WC="0.93" CONTENT="äro"/><SP WIDTH="26" VPOS="1232" HPOS="861"/>
							<String ID="string_229" HPOS="887" VPOS="1231" WIDTH="167" HEIGHT="35" WC="0.91" CONTENT="talrikast"/><SP WIDTH="28" VPOS="1231" HPOS="1054"/>
							<String ID="string_230" HPOS="1082" VPOS="1233" WIDTH="62" HEIGHT="34" WC="0.96" CONTENT="och"/><SP WIDTH="28" VPOS="1233" HPOS="1144"/>
							<String ID="string_231" HPOS="1172" VPOS="1234" WIDTH="62" HEIGHT="34" WC="0.96" CONTENT="der"/><SP WIDTH="26" VPOS="1234" HPOS="1234"/>
							<String ID="string_232" HPOS="1260" VPOS="1232" WIDTH="132" HEIGHT="38" WC="0.95" CONTENT="således"/><SP WIDTH="28" VPOS="1232" HPOS="1392"/>
							<String ID="string_233" HPOS="1420" VPOS="1238" WIDTH="134" HEIGHT="34" WC="0.96" CONTENT="antalet"/><SP WIDTH="28" VPOS="1238" HPOS="1554"/>
							<String ID="string_234" HPOS="1582" VPOS="1238" WIDTH="39" HEIGHT="35" WC="0.92" CONTENT="af"/><SP WIDTH="24" VPOS="1238" HPOS="1621"/>
							<String ID="string_235" HPOS="1645" VPOS="1241" WIDTH="162" HEIGHT="34" WC="0.92" CONTENT="arrenda-"/>
						</TextLine>
						<TextLine ID="line_21" HPOS="197" VPOS="1275" WIDTH="1609" HEIGHT="58">
							<String ID="string_236" HPOS="197" VPOS="1276" WIDTH="95" HEIGHT="31" WC="0.92" CONTENT="torer"/><SP WIDTH="27" VPOS="1276" HPOS="292"/>
							<String ID="string_237" HPOS="319" VPOS="1275" WIDTH="81" HEIGHT="33" WC="0.96" CONTENT="utaf"/><SP WIDTH="23" VPOS="1275" HPOS="400"/>
							<String ID="string_238" HPOS="423" VPOS="1276" WIDTH="133" HEIGHT="35" WC="0.93" CONTENT="mindre"/><SP WIDTH="25" VPOS="1276" HPOS="556"/>
							<String ID="string_239" HPOS="581" VPOS="1277" WIDTH="259" HEIGHT="47" WC="0.92" CONTENT="jordegendom,"/><SP WIDTH="29" VPOS="1277" HPOS="840"/>
							<String ID="string_240" HPOS="869" VPOS="1283" WIDTH="140" HEIGHT="42" WC="0.96" CONTENT="torpare"/><SP WIDTH="28" VPOS="1283" HPOS="1009"/>
							<String ID="string_241" HPOS="1037" VPOS="1284" WIDTH="64" HEIGHT="33" WC="0.96" CONTENT="och"/><SP WIDTH="27" VPOS="1284" HPOS="1101"/>
							<String ID="string_242" HPOS="1128" VPOS="1285" WIDTH="189" HEIGHT="44" WC="0.96" CONTENT="daglönare"/><SP WIDTH="27" VPOS="1285" HPOS="1317"/>
							<String ID="string_243" HPOS="1344" VPOS="1291" WIDTH="40" HEIGHT="30" WC="0.96" CONTENT="är"/><SP WIDTH="20" VPOS="1291" HPOS="1384"/>
							<String ID="string_244" HPOS="1404" VPOS="1288" WIDTH="270" HEIGHT="45" WC="0.80" CONTENT="öfvervägande."/><SP WIDTH="42" VPOS="1288" HPOS="1674"/>
							<String ID="string_245" HPOS="1716" VPOS="1290" WIDTH="90" HEIGHT="36" WC="0.91" CONTENT="Här-"/>
						</TextLine>
						<TextLine ID="line_22" HPOS="196" VPOS="1324" WIDTH="1610" HEIGHT="58">
							<String ID="string_246" HPOS="196" VPOS="1324" WIDTH="137" HEIGHT="44" WC="0.96" CONTENT="igenom"/><SP WIDTH="40" VPOS="1324" HPOS="333"/>
							<String ID="string_247" HPOS="373" VPOS="1326" WIDTH="111" HEIGHT="35" WC="0.94" CONTENT="skulle"/><SP WIDTH="41" VPOS="1326" HPOS="484"/>
							<String ID="string_248" HPOS="525" VPOS="1325" WIDTH="209" HEIGHT="39" WC="0.96" CONTENT="åtminstone"/><SP WIDTH="39" VPOS="1325" HPOS="734"/>
							<String ID="string_249" HPOS="773" VPOS="1331" WIDTH="12" HEIGHT="33" WC="0.96" CONTENT="i"/><SP WIDTH="39" VPOS="1331" HPOS="785"/>
							<String ID="string_250" HPOS="824" VPOS="1331" WIDTH="95" HEIGHT="35" WC="0.96" CONTENT="vissa"/><SP WIDTH="32" VPOS="1331" HPOS="919"/>
							<String ID="string_251" HPOS="951" VPOS="1335" WIDTH="95" HEIGHT="32" WC="0.96" CONTENT="orter"/><SP WIDTH="31" VPOS="1335" HPOS="1046"/>
							<String ID="string_252" HPOS="1077" VPOS="1335" WIDTH="351" HEIGHT="47" WC="0.90" CONTENT="valförsamlingarne"/><SP WIDTH="27" VPOS="1335" HPOS="1428"/>
							<String ID="string_253" HPOS="1455" VPOS="1339" WIDTH="111" HEIGHT="36" WC="0.96" CONTENT="blifva"/><SP WIDTH="29" VPOS="1339" HPOS="1566"/>
							<String ID="string_254" HPOS="1595" VPOS="1341" WIDTH="52" HEIGHT="34" WC="0.96" CONTENT="till"/><SP WIDTH="27" VPOS="1341" HPOS="1647"/>
							<String ID="string_255" HPOS="1674" VPOS="1342" WIDTH="51" HEIGHT="34" WC="0.93" CONTENT="sin"/><SP WIDTH="27" VPOS="1342" HPOS="1725"/>
							<String ID="string_256" HPOS="1752" VPOS="1344" WIDTH="54" HEIGHT="33" WC="0.92" CONTENT="be-"/>
						</TextLine>
						<TextLine ID="line_23" HPOS="197" VPOS="1375" WIDTH="1610" HEIGHT="53">
							<String ID="string_257" HPOS="197" VPOS="1375" WIDTH="198" HEIGHT="35" WC="0.92" CONTENT="skaffenhet"/><SP WIDTH="44" VPOS="1375" HPOS="395"/>
							<String ID="string_258" HPOS="439" VPOS="1379" WIDTH="221" HEIGHT="44" WC="0.96" CONTENT="väsentligen"/><SP WIDTH="44" VPOS="1379" HPOS="660"/>
							<String ID="string_259" HPOS="704" VPOS="1380" WIDTH="221" HEIGHT="46" WC="0.96" CONTENT="förändrade,"/><SP WIDTH="41" VPOS="1380" HPOS="925"/>
							<String ID="string_260" HPOS="966" VPOS="1384" WIDTH="136" HEIGHT="36" WC="0.96" CONTENT="hvilket"/><SP WIDTH="40" VPOS="1384" HPOS="1102"/>
							<String ID="string_261" HPOS="1142" VPOS="1386" WIDTH="89" HEIGHT="35" WC="0.95" CONTENT="efter"/><SP WIDTH="40" VPOS="1386" HPOS="1231"/>
							<String ID="string_262" HPOS="1271" VPOS="1389" WIDTH="47" HEIGHT="33" WC="0.95" CONTENT="all"/><SP WIDTH="40" VPOS="1389" HPOS="1318"/>
							<String ID="string_263" HPOS="1358" VPOS="1390" WIDTH="221" HEIGHT="35" WC="0.95" CONTENT="sannolikhet"/><SP WIDTH="40" VPOS="1390" HPOS="1579"/>
							<String ID="string_264" HPOS="1619" VPOS="1392" WIDTH="110" HEIGHT="35" WC="0.95" CONTENT="skulle"/><SP WIDTH="40" VPOS="1392" HPOS="1729"/>
							<String ID="string_265" HPOS="1769" VPOS="1391" WIDTH="38" HEIGHT="37" WC="0.93" CONTENT="åt"/>
						</TextLine>
						<TextLine ID="line_24" HPOS="196" VPOS="1429" WIDTH="1611" HEIGHT="58">
							<String ID="string_266" HPOS="196" VPOS="1429" WIDTH="360" HEIGHT="43" WC="0.96" CONTENT="sammansättningen"/><SP WIDTH="40" VPOS="1429" HPOS="556"/>
							<String ID="string_267" HPOS="596" VPOS="1430" WIDTH="40" HEIGHT="34" WC="0.96" CONTENT="af"/><SP WIDTH="35" VPOS="1430" HPOS="636"/>
							<String ID="string_268" HPOS="671" VPOS="1430" WIDTH="126" HEIGHT="36" WC="0.95" CONTENT="Andra"/><SP WIDTH="38" VPOS="1430" HPOS="797"/>
							<String ID="string_269" HPOS="835" VPOS="1432" WIDTH="217" HEIGHT="38" WC="0.96" CONTENT="Kammaren"/><SP WIDTH="38" VPOS="1432" HPOS="1052"/>
							<String ID="string_270" HPOS="1090" VPOS="1437" WIDTH="99" HEIGHT="44" WC="0.95" CONTENT="gifva"/><SP WIDTH="41" VPOS="1437" HPOS="1189"/>
							<String ID="string_271" HPOS="1230" VPOS="1449" WIDTH="42" HEIGHT="24" WC="0.96" CONTENT="en"/><SP WIDTH="40" VPOS="1449" HPOS="1272"/>
							<String ID="string_272" HPOS="1312" VPOS="1450" WIDTH="115" HEIGHT="24" WC="0.95" CONTENT="annan"/><SP WIDTH="31" VPOS="1450" HPOS="1427"/>
							<String ID="string_273" HPOS="1458" VPOS="1442" WIDTH="182" HEIGHT="45" WC="0.92" CONTENT="karakter,"/><SP WIDTH="29" VPOS="1442" HPOS="1640"/>
							<String ID="string_274" HPOS="1669" VPOS="1447" WIDTH="45" HEIGHT="31" WC="0.96" CONTENT="än"/><SP WIDTH="27" VPOS="1447" HPOS="1714"/>
							<String ID="string_275" HPOS="1741" VPOS="1445" WIDTH="66" HEIGHT="34" WC="0.96" CONTENT="den"/>
						</TextLine>
						<TextLine ID="line_25" HPOS="196" VPOS="1477" WIDTH="1608" HEIGHT="64">
							<String ID="string_276" HPOS="196" VPOS="1477" WIDTH="256" HEIGHT="36" WC="0.91" CONTENT="motionärerne"/><SP WIDTH="41" VPOS="1477" HPOS="452"/>
							<String ID="string_277" HPOS="493" VPOS="1490" WIDTH="104" HEIGHT="34" WC="0.96" CONTENT="synas"/><SP WIDTH="39" VPOS="1490" HPOS="597"/>
							<String ID="string_278" HPOS="636" VPOS="1482" WIDTH="108" HEIGHT="36" WC="0.93" CONTENT="hafva"/><SP WIDTH="41" VPOS="1482" HPOS="744"/>
							<String ID="string_279" HPOS="785" VPOS="1484" WIDTH="116" HEIGHT="35" WC="0.90" CONTENT="afsett."/><SP WIDTH="59" VPOS="1484" HPOS="901"/>
							<String ID="string_280" HPOS="960" VPOS="1485" WIDTH="86" HEIGHT="36" WC="0.95" CONTENT="Men"/><SP WIDTH="32" VPOS="1485" HPOS="1046"/>
							<String ID="string_281" HPOS="1078" VPOS="1499" WIDTH="54" HEIGHT="23" WC="0.95" CONTENT="om"/><SP WIDTH="27" VPOS="1499" HPOS="1132"/>
							<String ID="string_282" HPOS="1159" VPOS="1489" WIDTH="108" HEIGHT="45" WC="0.96" CONTENT="detta,"/><SP WIDTH="28" VPOS="1489" HPOS="1267"/>
							<String ID="string_283" HPOS="1295" VPOS="1491" WIDTH="94" HEIGHT="35" WC="0.96" CONTENT="hvad"/><SP WIDTH="26" VPOS="1491" HPOS="1389"/>
							<String ID="string_284" HPOS="1415" VPOS="1492" WIDTH="240" HEIGHT="46" WC="0.96" CONTENT="landsbygden"/><SP WIDTH="27" VPOS="1492" HPOS="1655"/>
							<String ID="string_285" HPOS="1682" VPOS="1493" WIDTH="122" HEIGHT="48" WC="0.96" CONTENT="angår,"/>
						</TextLine>
						<TextLine ID="line_26" HPOS="195" VPOS="1528" WIDTH="1609" HEIGHT="59">
							<String ID="string_286" HPOS="195" VPOS="1528" WIDTH="115" HEIGHT="35" WC="0.92" CONTENT="blefve"/><SP WIDTH="27" VPOS="1528" HPOS="310"/>
							<String ID="string_287" HPOS="337" VPOS="1529" WIDTH="132" HEIGHT="45" WC="0.96" CONTENT="följden"/><SP WIDTH="28" VPOS="1529" HPOS="469"/>
							<String ID="string_288" HPOS="497" VPOS="1531" WIDTH="39" HEIGHT="34" WC="0.96" CONTENT="af"/><SP WIDTH="24" VPOS="1531" HPOS="536"/>
							<String ID="string_289" HPOS="560" VPOS="1533" WIDTH="65" HEIGHT="33" WC="0.96" CONTENT="den"/><SP WIDTH="27" VPOS="1533" HPOS="625"/>
							<String ID="string_290" HPOS="652" VPOS="1530" WIDTH="160" HEIGHT="47" WC="0.96" CONTENT="åsyftade"/><SP WIDTH="27" VPOS="1530" HPOS="812"/>
							<String ID="string_291" HPOS="839" VPOS="1535" WIDTH="260" HEIGHT="47" WC="0.96" CONTENT="förändringen,"/><SP WIDTH="30" VPOS="1535" HPOS="1099"/>
							<String ID="string_292" HPOS="1129" VPOS="1540" WIDTH="111" HEIGHT="35" WC="0.96" CONTENT="skulle"/><SP WIDTH="27" VPOS="1540" HPOS="1240"/>
							<String ID="string_293" HPOS="1267" VPOS="1543" WIDTH="260" HEIGHT="44" WC="0.91" CONTENT="verkningarne"/><SP WIDTH="24" VPOS="1543" HPOS="1527"/>
							<String ID="string_294" HPOS="1551" VPOS="1545" WIDTH="40" HEIGHT="34" WC="0.96" CONTENT="af"/><SP WIDTH="15" VPOS="1545" HPOS="1591"/>
							<String ID="string_295" HPOS="1606" VPOS="1545" WIDTH="198" HEIGHT="36" WC="0.96" CONTENT="densamma"/>
						</TextLine>
						<TextLine ID="line_27" HPOS="196" VPOS="1579" WIDTH="1609" HEIGHT="53">
							<String ID="string_296" HPOS="196" VPOS="1579" WIDTH="77" HEIGHT="34" WC="0.95" CONTENT="med"/><SP WIDTH="40" VPOS="1579" HPOS="273"/>
							<String ID="string_297" HPOS="313" VPOS="1583" WIDTH="93" HEIGHT="32" WC="0.95" CONTENT="ännu"/><SP WIDTH="36" VPOS="1583" HPOS="406"/>
							<String ID="string_298" HPOS="442" VPOS="1584" WIDTH="112" HEIGHT="32" WC="0.96" CONTENT="större"/><SP WIDTH="28" VPOS="1584" HPOS="554"/>
							<String ID="string_299" HPOS="582" VPOS="1584" WIDTH="124" HEIGHT="42" WC="0.96" CONTENT="styrka"/><SP WIDTH="26" VPOS="1584" HPOS="706"/>
							<String ID="string_300" HPOS="732" VPOS="1585" WIDTH="194" HEIGHT="36" WC="0.96" CONTENT="framträda"/><SP WIDTH="28" VPOS="1585" HPOS="926"/>
							<String ID="string_301" HPOS="954" VPOS="1588" WIDTH="12" HEIGHT="34" WC="0.96" CONTENT="i"/><SP WIDTH="27" VPOS="1588" HPOS="966"/>
							<String ID="string_302" HPOS="993" VPOS="1590" WIDTH="181" HEIGHT="34" WC="0.96" CONTENT="städernas"/><SP WIDTH="27" VPOS="1590" HPOS="1174"/>
							<String ID="string_303" HPOS="1201" VPOS="1592" WIDTH="201" HEIGHT="35" WC="0.96" CONTENT="valkretsar"/><SP WIDTH="27" VPOS="1592" HPOS="1402"/>
							<String ID="string_304" HPOS="1429" VPOS="1595" WIDTH="63" HEIGHT="33" WC="0.96" CONTENT="och"/><SP WIDTH="27" VPOS="1595" HPOS="1492"/>
							<String ID="string_305" HPOS="1519" VPOS="1595" WIDTH="248" HEIGHT="37" WC="0.96" CONTENT="företrädesvis"/><SP WIDTH="27" VPOS="1595" HPOS="1767"/>
							<String ID="string_306" HPOS="1794" VPOS="1598" WIDTH="11" HEIGHT="34" WC="0.96" CONTENT="i"/>
						</TextLine>
						<TextLine ID="line_28" HPOS="197" VPOS="1629" WIDTH="1608" HEIGHT="59">
							<String ID="string_307" HPOS="197" VPOS="1629" WIDTH="41" HEIGHT="35" WC="0.96" CONTENT="de"/><SP WIDTH="29" VPOS="1629" HPOS="238"/>
							<String ID="string_308" HPOS="267" VPOS="1632" WIDTH="112" HEIGHT="33" WC="0.96" CONTENT="större"/><SP WIDTH="28" VPOS="1632" HPOS="379"/>
							<String ID="string_309" HPOS="407" VPOS="1633" WIDTH="175" HEIGHT="44" WC="0.95" CONTENT="städerna,"/><SP WIDTH="30" VPOS="1633" HPOS="582"/>
							<String ID="string_310" HPOS="612" VPOS="1637" WIDTH="89" HEIGHT="32" WC="0.96" CONTENT="samt"/><SP WIDTH="27" VPOS="1637" HPOS="701"/>
							<String ID="string_311" HPOS="728" VPOS="1633" WIDTH="132" HEIGHT="38" WC="0.96" CONTENT="således"/><SP WIDTH="27" VPOS="1633" HPOS="860"/>
							<String ID="string_312" HPOS="887" VPOS="1639" WIDTH="111" HEIGHT="34" WC="0.97" CONTENT="rubba"/><SP WIDTH="28" VPOS="1639" HPOS="998"/>
							<String ID="string_313" HPOS="1026" VPOS="1640" WIDTH="65" HEIGHT="34" WC="0.96" CONTENT="den"/><SP WIDTH="27" VPOS="1640" HPOS="1091"/>
							<String ID="string_314" HPOS="1118" VPOS="1643" WIDTH="184" HEIGHT="44" WC="0.96" CONTENT="grundval,"/><SP WIDTH="29" VPOS="1643" HPOS="1302"/>
							<String ID="string_315" HPOS="1331" VPOS="1644" WIDTH="225" HEIGHT="44" WC="0.96" CONTENT="lagstiftaren"/><SP WIDTH="27" VPOS="1644" HPOS="1556"/>
							<String ID="string_316" HPOS="1583" VPOS="1650" WIDTH="116" HEIGHT="32" WC="0.95" CONTENT="ansett"/><SP WIDTH="18" VPOS="1650" HPOS="1699"/>
							<String ID="string_317" HPOS="1717" VPOS="1659" WIDTH="88" HEIGHT="25" WC="0.95" CONTENT="vara"/>
						</TextLine>
						<TextLine ID="line_29" HPOS="196" VPOS="1681" WIDTH="1250" HEIGHT="55">
							<String ID="string_318" HPOS="196" VPOS="1682" WIDTH="51" HEIGHT="32" WC="0.96" CONTENT="ett"/><SP WIDTH="26" VPOS="1682" HPOS="247"/>
							<String ID="string_319" HPOS="273" VPOS="1681" WIDTH="116" HEIGHT="35" WC="0.96" CONTENT="vilkor"/><SP WIDTH="26" VPOS="1681" HPOS="389"/>
							<String ID="string_320" HPOS="415" VPOS="1682" WIDTH="55" HEIGHT="34" WC="0.95" CONTENT="för"/><SP WIDTH="27" VPOS="1682" HPOS="470"/>
							<String ID="string_321" HPOS="497" VPOS="1694" WIDTH="42" HEIGHT="24" WC="0.96" CONTENT="en"/><SP WIDTH="26" VPOS="1694" HPOS="539"/>
							<String ID="string_322" HPOS="565" VPOS="1685" WIDTH="85" HEIGHT="44" WC="0.96" CONTENT="lugn"/><SP WIDTH="28" VPOS="1685" HPOS="650"/>
							<String ID="string_323" HPOS="678" VPOS="1687" WIDTH="63" HEIGHT="33" WC="0.96" CONTENT="och"/><SP WIDTH="27" VPOS="1687" HPOS="741"/>
							<String ID="string_324" HPOS="768" VPOS="1688" WIDTH="164" HEIGHT="45" WC="0.96" CONTENT="tidsenlig"/><SP WIDTH="26" VPOS="1688" HPOS="932"/>
							<String ID="string_325" HPOS="958" VPOS="1692" WIDTH="206" HEIGHT="44" WC="0.96" CONTENT="utveckling"/><SP WIDTH="26" VPOS="1692" HPOS="1164"/>
							<String ID="string_326" HPOS="1190" VPOS="1693" WIDTH="37" HEIGHT="34" WC="0.96" CONTENT="af"/><SP WIDTH="26" VPOS="1693" HPOS="1227"/>
							<String ID="string_327" HPOS="1253" VPOS="1695" WIDTH="193" HEIGHT="36" WC="0.96" CONTENT="samhället."/>
						</TextLine>
					</TextBlock>
					<TextBlock ID="block_4" HPOS="193" VPOS="1731" WIDTH="1613" HEIGHT="454">
						<TextLine ID="line_30" HPOS="330" VPOS="1731" WIDTH="1475" HEIGHT="62">
							<String ID="string_328" HPOS="330" VPOS="1731" WIDTH="73" HEIGHT="36" WC="0.95" CONTENT="Det"/><SP WIDTH="42" VPOS="1731" HPOS="403"/>
							<String ID="string_329" HPOS="445" VPOS="1735" WIDTH="60" HEIGHT="33" WC="0.94" CONTENT="bör"/><SP WIDTH="40" VPOS="1735" HPOS="505"/>
							<String ID="string_330" HPOS="545" VPOS="1735" WIDTH="30" HEIGHT="44" WC="0.96" CONTENT="ej"/><SP WIDTH="38" VPOS="1735" HPOS="575"/>
							<String ID="string_331" HPOS="613" VPOS="1736" WIDTH="110" HEIGHT="35" WC="0.93" CONTENT="heller"/><SP WIDTH="26" VPOS="1736" HPOS="723"/>
							<String ID="string_332" HPOS="749" VPOS="1738" WIDTH="156" HEIGHT="46" WC="0.92" CONTENT="förbises,"/><SP WIDTH="31" VPOS="1738" HPOS="905"/>
							<String ID="string_333" HPOS="936" VPOS="1744" WIDTH="54" HEIGHT="31" WC="0.96" CONTENT="att"/><SP WIDTH="26" VPOS="1744" HPOS="990"/>
							<String ID="string_334" HPOS="1016" VPOS="1753" WIDTH="47" HEIGHT="23" WC="0.96" CONTENT="nu"/><SP WIDTH="27" VPOS="1753" HPOS="1063"/>
							<String ID="string_335" HPOS="1090" VPOS="1744" WIDTH="161" HEIGHT="43" WC="0.93" CONTENT="gällande"/><SP WIDTH="27" VPOS="1744" HPOS="1251"/>
							<String ID="string_336" HPOS="1278" VPOS="1746" WIDTH="183" HEIGHT="35" WC="0.90" CONTENT="valcensus"/><SP WIDTH="26" VPOS="1746" HPOS="1461"/>
							<String ID="string_337" HPOS="1487" VPOS="1748" WIDTH="12" HEIGHT="34" WC="0.96" CONTENT="i"/><SP WIDTH="27" VPOS="1748" HPOS="1499"/>
							<String ID="string_338" HPOS="1526" VPOS="1748" WIDTH="126" HEIGHT="45" WC="0.96" CONTENT="sjelfva"/><SP WIDTH="27" VPOS="1748" HPOS="1652"/>
							<String ID="string_339" HPOS="1679" VPOS="1751" WIDTH="126" HEIGHT="34" WC="0.96" CONTENT="verket"/>
						</TextLine>
						<TextLine ID="line_31" HPOS="195" VPOS="1782" WIDTH="1610" HEIGHT="54">
							<String ID="string_340" HPOS="195" VPOS="1785" WIDTH="40" HEIGHT="30" WC="0.96" CONTENT="är"/><SP WIDTH="39" VPOS="1785" HPOS="235"/>
							<String ID="string_341" HPOS="274" VPOS="1785" WIDTH="72" HEIGHT="32" WC="0.96" CONTENT="satt"/><SP WIDTH="40" VPOS="1785" HPOS="346"/>
							<String ID="string_342" HPOS="386" VPOS="1782" WIDTH="38" HEIGHT="36" WC="0.95" CONTENT="så"/><SP WIDTH="26" VPOS="1782" HPOS="424"/>
							<String ID="string_343" HPOS="450" VPOS="1782" WIDTH="69" HEIGHT="47" WC="0.96" CONTENT="låg,"/><SP WIDTH="30" VPOS="1782" HPOS="519"/>
							<String ID="string_344" HPOS="549" VPOS="1789" WIDTH="54" HEIGHT="31" WC="0.96" CONTENT="att"/><SP WIDTH="27" VPOS="1789" HPOS="603"/>
							<String ID="string_345" HPOS="630" VPOS="1788" WIDTH="77" HEIGHT="34" WC="0.93" CONTENT="dess"/><SP WIDTH="26" VPOS="1788" HPOS="707"/>
							<String ID="string_346" HPOS="733" VPOS="1788" WIDTH="205" HEIGHT="45" WC="0.87" CONTENT="uppnående"/><SP WIDTH="28" VPOS="1788" HPOS="938"/>
							<String ID="string_347" HPOS="966" VPOS="1792" WIDTH="30" HEIGHT="44" WC="0.96" CONTENT="ej"/><SP WIDTH="31" VPOS="1792" HPOS="996"/>
							<String ID="string_348" HPOS="1027" VPOS="1794" WIDTH="70" HEIGHT="34" WC="0.96" CONTENT="kan"/><SP WIDTH="29" VPOS="1794" HPOS="1097"/>
							<String ID="string_349" HPOS="1126" VPOS="1805" WIDTH="100" HEIGHT="24" WC="0.96" CONTENT="anses"/><SP WIDTH="27" VPOS="1805" HPOS="1226"/>
							<String ID="string_350" HPOS="1253" VPOS="1806" WIDTH="88" HEIGHT="25" WC="0.93" CONTENT="vara"/><SP WIDTH="27" VPOS="1806" HPOS="1341"/>
							<String ID="string_351" HPOS="1368" VPOS="1797" WIDTH="162" HEIGHT="36" WC="0.91" CONTENT="förenadt"/><SP WIDTH="26" VPOS="1797" HPOS="1530"/>
							<String ID="string_352" HPOS="1556" VPOS="1800" WIDTH="77" HEIGHT="34" WC="0.95" CONTENT="med"/><SP WIDTH="28" VPOS="1800" HPOS="1633"/>
							<String ID="string_353" HPOS="1661" VPOS="1802" WIDTH="63" HEIGHT="33" WC="0.94" CONTENT="allt"/><SP WIDTH="26" VPOS="1802" HPOS="1724"/>
							<String ID="string_354" HPOS="1750" VPOS="1801" WIDTH="55" HEIGHT="35" WC="0.96" CONTENT="för"/>
						</TextLine>
						<TextLine ID="line_32" HPOS="195" VPOS="1832" WIDTH="1609" HEIGHT="61">
							<String ID="string_355" HPOS="195" VPOS="1835" WIDTH="94" HEIGHT="32" WC="0.95" CONTENT="stora"/><SP WIDTH="41" VPOS="1835" HPOS="289"/>
							<String ID="string_356" HPOS="330" VPOS="1832" WIDTH="220" HEIGHT="47" WC="0.95" CONTENT="svårigheter"/><SP WIDTH="32" VPOS="1832" HPOS="550"/>
							<String ID="string_357" HPOS="582" VPOS="1837" WIDTH="54" HEIGHT="35" WC="0.96" CONTENT="för"/><SP WIDTH="31" VPOS="1837" HPOS="636"/>
							<String ID="string_358" HPOS="667" VPOS="1839" WIDTH="76" HEIGHT="34" WC="0.96" CONTENT="dem"/><SP WIDTH="27" VPOS="1839" HPOS="743"/>
							<String ID="string_359" HPOS="770" VPOS="1841" WIDTH="105" HEIGHT="34" WC="0.95" CONTENT="bland"/><SP WIDTH="27" VPOS="1841" HPOS="875"/>
							<String ID="string_360" HPOS="902" VPOS="1843" WIDTH="41" HEIGHT="33" WC="0.96" CONTENT="de"/><SP WIDTH="27" VPOS="1843" HPOS="943"/>
							<String ID="string_361" HPOS="970" VPOS="1854" WIDTH="47" HEIGHT="23" WC="0.96" CONTENT="nu"/><SP WIDTH="27" VPOS="1854" HPOS="1017"/>
							<String ID="string_362" HPOS="1044" VPOS="1842" WIDTH="78" HEIGHT="36" WC="0.93" CONTENT="från"/><SP WIDTH="27" VPOS="1842" HPOS="1122"/>
							<String ID="string_363" HPOS="1149" VPOS="1846" WIDTH="133" HEIGHT="35" WC="0.92" CONTENT="valrätt"/><SP WIDTH="27" VPOS="1846" HPOS="1282"/>
							<String ID="string_364" HPOS="1309" VPOS="1849" WIDTH="186" HEIGHT="44" WC="0.92" CONTENT="uteslutne,"/><SP WIDTH="29" VPOS="1849" HPOS="1495"/>
							<String ID="string_365" HPOS="1524" VPOS="1850" WIDTH="61" HEIGHT="35" WC="0.96" CONTENT="hos"/><SP WIDTH="27" VPOS="1850" HPOS="1585"/>
							<String ID="string_366" HPOS="1612" VPOS="1851" WIDTH="120" HEIGHT="35" WC="0.96" CONTENT="hvilka"/><SP WIDTH="29" VPOS="1851" HPOS="1732"/>
							<String ID="string_367" HPOS="1761" VPOS="1863" WIDTH="43" HEIGHT="24" WC="0.96" CONTENT="en"/>
						</TextLine>
						<TextLine ID="line_33" HPOS="195" VPOS="1884" WIDTH="1608" HEIGHT="64">
							<String ID="string_368" HPOS="195" VPOS="1884" WIDTH="165" HEIGHT="45" WC="0.87" CONTENT="allvarlig"/><SP WIDTH="39" VPOS="1884" HPOS="360"/>
							<String ID="string_369" HPOS="399" VPOS="1886" WIDTH="161" HEIGHT="36" WC="0.87" CONTENT="sträfvan"/><SP WIDTH="39" VPOS="1886" HPOS="560"/>
							<String ID="string_370" HPOS="599" VPOS="1888" WIDTH="54" HEIGHT="35" WC="0.96" CONTENT="för"/><SP WIDTH="40" VPOS="1888" HPOS="653"/>
							<String ID="string_371" HPOS="693" VPOS="1890" WIDTH="208" HEIGHT="45" WC="0.96" CONTENT="deltagande"/><SP WIDTH="40" VPOS="1890" HPOS="901"/>
							<String ID="string_372" HPOS="941" VPOS="1894" WIDTH="12" HEIGHT="33" WC="0.96" CONTENT="i"/><SP WIDTH="39" VPOS="1894" HPOS="953"/>
							<String ID="string_373" HPOS="992" VPOS="1895" WIDTH="59" HEIGHT="34" WC="0.96" CONTENT="det"/><SP WIDTH="26" VPOS="1895" HPOS="1051"/>
							<String ID="string_374" HPOS="1077" VPOS="1896" WIDTH="164" HEIGHT="43" WC="0.96" CONTENT="politiska"/><SP WIDTH="27" VPOS="1896" HPOS="1241"/>
							<String ID="string_375" HPOS="1268" VPOS="1898" WIDTH="102" HEIGHT="36" WC="0.95" CONTENT="lifvet"/><SP WIDTH="26" VPOS="1898" HPOS="1370"/>
							<String ID="string_376" HPOS="1396" VPOS="1901" WIDTH="183" HEIGHT="44" WC="0.93" CONTENT="verkligen"/><SP WIDTH="27" VPOS="1901" HPOS="1579"/>
							<String ID="string_377" HPOS="1606" VPOS="1902" WIDTH="197" HEIGHT="46" WC="0.91" CONTENT="förefinnes,"/>
						</TextLine>
						<TextLine ID="line_34" HPOS="193" VPOS="1935" WIDTH="1612" HEIGHT="54">
							<String ID="string_378" HPOS="193" VPOS="1935" WIDTH="91" HEIGHT="34" WC="0.92" CONTENT="helst"/><SP WIDTH="44" VPOS="1935" HPOS="284"/>
							<String ID="string_379" HPOS="328" VPOS="1937" WIDTH="220" HEIGHT="35" WC="0.75" CONTENT="arbetslönen"/><SP WIDTH="41" VPOS="1937" HPOS="548"/>
							<String ID="string_380" HPOS="589" VPOS="1941" WIDTH="63" HEIGHT="33" WC="0.95" CONTENT="och"/><SP WIDTH="41" VPOS="1941" HPOS="652"/>
							<String ID="string_381" HPOS="693" VPOS="1943" WIDTH="320" HEIGHT="46" WC="0.91" CONTENT="egendomsvärdet,"/><SP WIDTH="43" VPOS="1943" HPOS="1013"/>
							<String ID="string_382" HPOS="1056" VPOS="1947" WIDTH="105" HEIGHT="35" WC="0.94" CONTENT="sedan"/><SP WIDTH="42" VPOS="1947" HPOS="1161"/>
							<String ID="string_383" HPOS="1203" VPOS="1949" WIDTH="259" HEIGHT="36" WC="0.94" CONTENT="bestämmelser"/><SP WIDTH="32" VPOS="1949" HPOS="1462"/>
							<String ID="string_384" HPOS="1494" VPOS="1962" WIDTH="53" HEIGHT="24" WC="0.91" CONTENT="om"/><SP WIDTH="38" VPOS="1962" HPOS="1547"/>
							<String ID="string_385" HPOS="1585" VPOS="1954" WIDTH="134" HEIGHT="34" WC="0.91" CONTENT="valrätt"/><SP WIDTH="32" VPOS="1954" HPOS="1719"/>
							<String ID="string_386" HPOS="1751" VPOS="1955" WIDTH="54" HEIGHT="34" WC="0.96" CONTENT="till"/>
						</TextLine>
						<TextLine ID="line_35" HPOS="195" VPOS="1984" WIDTH="1609" HEIGHT="61">
							<String ID="string_387" HPOS="195" VPOS="1984" WIDTH="126" HEIGHT="36" WC="0.96" CONTENT="Andra"/><SP WIDTH="40" VPOS="1984" HPOS="321"/>
							<String ID="string_388" HPOS="361" VPOS="1986" WIDTH="216" HEIGHT="38" WC="0.92" CONTENT="Kammaren"/><SP WIDTH="40" VPOS="1986" HPOS="577"/>
							<String ID="string_389" HPOS="617" VPOS="1991" WIDTH="202" HEIGHT="46" WC="0.92" CONTENT="tillkommo,"/><SP WIDTH="41" VPOS="1991" HPOS="819"/>
							<String ID="string_390" HPOS="860" VPOS="1995" WIDTH="12" HEIGHT="33" WC="0.96" CONTENT="i"/><SP WIDTH="40" VPOS="1995" HPOS="872"/>
							<String ID="string_391" HPOS="912" VPOS="1996" WIDTH="190" HEIGHT="35" WC="0.96" CONTENT="allmänhet"/><SP WIDTH="31" VPOS="1996" HPOS="1102"/>
							<String ID="string_392" HPOS="1133" VPOS="1996" WIDTH="37" HEIGHT="37" WC="0.96" CONTENT="så"/><SP WIDTH="28" VPOS="1996" HPOS="1170"/>
							<String ID="string_393" HPOS="1198" VPOS="2000" WIDTH="98" HEIGHT="44" WC="0.96" CONTENT="stigit"/><SP WIDTH="28" VPOS="2000" HPOS="1296"/>
							<String ID="string_394" HPOS="1324" VPOS="2002" WIDTH="93" HEIGHT="43" WC="0.96" CONTENT="eller,"/><SP WIDTH="29" VPOS="2002" HPOS="1417"/>
							<String ID="string_395" HPOS="1446" VPOS="2002" WIDTH="93" HEIGHT="35" WC="0.96" CONTENT="hvad"/><SP WIDTH="28" VPOS="2002" HPOS="1539"/>
							<String ID="string_396" HPOS="1567" VPOS="2014" WIDTH="70" HEIGHT="24" WC="0.96" CONTENT="som"/><SP WIDTH="28" VPOS="2014" HPOS="1637"/>
							<String ID="string_397" HPOS="1665" VPOS="2005" WIDTH="139" HEIGHT="35" WC="0.96" CONTENT="dermed"/>
						</TextLine>
						<TextLine ID="line_36" HPOS="195" VPOS="2037" WIDTH="1611" HEIGHT="60">
							<String ID="string_398" HPOS="195" VPOS="2040" WIDTH="40" HEIGHT="30" WC="0.96" CONTENT="är"/><SP WIDTH="38" VPOS="2040" HPOS="235"/>
							<String ID="string_399" HPOS="273" VPOS="2037" WIDTH="180" HEIGHT="46" WC="0.93" CONTENT="liktydigt,"/><SP WIDTH="41" VPOS="2037" HPOS="453"/>
							<String ID="string_400" HPOS="494" VPOS="2042" WIDTH="301" HEIGHT="44" WC="0.92" CONTENT="penningevärdet"/><SP WIDTH="40" VPOS="2042" HPOS="795"/>
							<String ID="string_401" HPOS="835" VPOS="2043" WIDTH="37" HEIGHT="36" WC="0.94" CONTENT="så"/><SP WIDTH="40" VPOS="2043" HPOS="872"/>
							<String ID="string_402" HPOS="912" VPOS="2046" WIDTH="102" HEIGHT="45" WC="0.94" CONTENT="fallit,"/><SP WIDTH="35" VPOS="2046" HPOS="1014"/>
							<String ID="string_403" HPOS="1049" VPOS="2051" WIDTH="53" HEIGHT="31" WC="0.96" CONTENT="att"/><SP WIDTH="27" VPOS="2051" HPOS="1102"/>
							<String ID="string_404" HPOS="1129" VPOS="2050" WIDTH="66" HEIGHT="33" WC="0.96" CONTENT="den"/><SP WIDTH="25" VPOS="2050" HPOS="1195"/>
							<String ID="string_405" HPOS="1220" VPOS="2052" WIDTH="207" HEIGHT="44" WC="0.96" CONTENT="uppdragna"/><SP WIDTH="27" VPOS="2052" HPOS="1427"/>
							<String ID="string_406" HPOS="1454" VPOS="2057" WIDTH="150" HEIGHT="40" WC="0.95" CONTENT="gränsen"/><SP WIDTH="26" VPOS="2057" HPOS="1604"/>
							<String ID="string_407" HPOS="1630" VPOS="2056" WIDTH="109" HEIGHT="34" WC="0.96" CONTENT="redan"/><SP WIDTH="28" VPOS="2056" HPOS="1739"/>
							<String ID="string_408" HPOS="1767" VPOS="2057" WIDTH="39" HEIGHT="34" WC="0.96" CONTENT="af"/>
						</TextLine>
						<TextLine ID="line_37" HPOS="195" VPOS="2087" WIDTH="1607" HEIGHT="63">
							<String ID="string_409" HPOS="195" VPOS="2087" WIDTH="53" HEIGHT="44" WC="0.96" CONTENT="sig"/><SP WIDTH="27" VPOS="2087" HPOS="248"/>
							<String ID="string_410" HPOS="275" VPOS="2088" WIDTH="82" HEIGHT="44" WC="0.96" CONTENT="sjelf"/><SP WIDTH="25" VPOS="2088" HPOS="357"/>
							<String ID="string_411" HPOS="382" VPOS="2089" WIDTH="29" HEIGHT="44" WC="0.92" CONTENT="ej"/><SP WIDTH="31" VPOS="2089" HPOS="411"/>
							<String ID="string_412" HPOS="442" VPOS="2093" WIDTH="241" HEIGHT="43" WC="0.91" CONTENT="oväsentligen"/><SP WIDTH="26" VPOS="2093" HPOS="683"/>
							<String ID="string_413" HPOS="709" VPOS="2092" WIDTH="147" HEIGHT="46" WC="0.91" CONTENT="nedgått"/><SP WIDTH="27" VPOS="2092" HPOS="856"/>
							<String ID="string_414" HPOS="883" VPOS="2098" WIDTH="63" HEIGHT="33" WC="0.96" CONTENT="och"/><SP WIDTH="28" VPOS="2098" HPOS="946"/>
							<String ID="string_415" HPOS="974" VPOS="2098" WIDTH="89" HEIGHT="35" WC="0.96" CONTENT="efter"/><SP WIDTH="28" VPOS="2098" HPOS="1063"/>
							<String ID="string_416" HPOS="1091" VPOS="2101" WIDTH="46" HEIGHT="33" WC="0.96" CONTENT="all"/><SP WIDTH="28" VPOS="2101" HPOS="1137"/>
							<String ID="string_417" HPOS="1165" VPOS="2102" WIDTH="222" HEIGHT="35" WC="0.96" CONTENT="sannolikhet"/><SP WIDTH="26" VPOS="2102" HPOS="1387"/>
							<String ID="string_418" HPOS="1413" VPOS="2107" WIDTH="45" HEIGHT="31" WC="0.96" CONTENT="än"/><SP WIDTH="26" VPOS="2107" HPOS="1458"/>
							<String ID="string_419" HPOS="1484" VPOS="2106" WIDTH="208" HEIGHT="44" WC="0.93" CONTENT="ytterligare"/><SP WIDTH="18" VPOS="2106" HPOS="1692"/>
							<String ID="string_420" HPOS="1710" VPOS="2107" WIDTH="92" HEIGHT="34" WC="0.93" CONTENT="kom-"/>
						</TextLine>
						<TextLine ID="line_38" HPOS="193" VPOS="2139" WIDTH="303" HEIGHT="46">
							<String ID="string_421" HPOS="193" VPOS="2148" WIDTH="74" HEIGHT="24" WC="0.96" CONTENT="mer"/><SP WIDTH="27" VPOS="2148" HPOS="267"/>
							<String ID="string_422" HPOS="294" VPOS="2141" WIDTH="53" HEIGHT="32" WC="0.93" CONTENT="att"/><SP WIDTH="26" VPOS="2141" HPOS="347"/>
							<String ID="string_423" HPOS="373" VPOS="2139" WIDTH="123" HEIGHT="46" WC="0.92" CONTENT="nedgå."/>
						</TextLine>
					</TextBlock>
					<TextBlock ID="block_5" HPOS="193" VPOS="2189" WIDTH="1610" HEIGHT="115">
						<TextLine ID="line_39" HPOS="329" VPOS="2189" WIDTH="1473" HEIGHT="56">
							<String ID="string_424" HPOS="329" VPOS="2189" WIDTH="55" HEIGHT="36" WC="0.94" CONTENT="De"/><SP WIDTH="41" VPOS="2189" HPOS="384"/>
							<String ID="string_425" HPOS="425" VPOS="2192" WIDTH="86" HEIGHT="44" WC="0.94" CONTENT="skäl,"/><SP WIDTH="42" VPOS="2192" HPOS="511"/>
							<String ID="string_426" HPOS="553" VPOS="2194" WIDTH="121" HEIGHT="35" WC="0.96" CONTENT="hvilka"/><SP WIDTH="32" VPOS="2194" HPOS="674"/>
							<String ID="string_427" HPOS="706" VPOS="2206" WIDTH="47" HEIGHT="23" WC="0.95" CONTENT="nu"/><SP WIDTH="27" VPOS="2206" HPOS="753"/>
							<String ID="string_428" HPOS="780" VPOS="2196" WIDTH="12" HEIGHT="34" WC="0.95" CONTENT="i"/><SP WIDTH="26" VPOS="2196" HPOS="792"/>
							<String ID="string_429" HPOS="818" VPOS="2197" WIDTH="143" HEIGHT="36" WC="0.92" CONTENT="korthet"/><SP WIDTH="27" VPOS="2197" HPOS="961"/>
							<String ID="string_430" HPOS="988" VPOS="2200" WIDTH="180" HEIGHT="45" WC="0.92" CONTENT="angifvits,"/><SP WIDTH="28" VPOS="2200" HPOS="1168"/>
							<String ID="string_431" HPOS="1196" VPOS="2202" WIDTH="109" HEIGHT="37" WC="0.96" CONTENT="hafva"/><SP WIDTH="29" VPOS="2202" HPOS="1305"/>
							<String ID="string_432" HPOS="1334" VPOS="2205" WIDTH="94" HEIGHT="34" WC="0.96" CONTENT="varit"/><SP WIDTH="27" VPOS="2205" HPOS="1428"/>
							<String ID="string_433" HPOS="1455" VPOS="2205" WIDTH="54" HEIGHT="35" WC="0.96" CONTENT="för"/><SP WIDTH="27" VPOS="2205" HPOS="1509"/>
							<String ID="string_434" HPOS="1536" VPOS="2206" WIDTH="186" HEIGHT="37" WC="0.91" CONTENT="Utskottet"/><SP WIDTH="27" VPOS="2206" HPOS="1722"/>
							<String ID="string_435" HPOS="1749" VPOS="2209" WIDTH="53" HEIGHT="34" WC="0.91" CONTENT="be-"/>
						</TextLine>
						<TextLine ID="line_40" HPOS="193" VPOS="2241" WIDTH="1610" HEIGHT="63">
							<String ID="string_436" HPOS="193" VPOS="2241" WIDTH="217" HEIGHT="35" WC="0.45" CONTENT="stämmande"/><SP WIDTH="32" VPOS="2241" HPOS="410"/>
							<String ID="string_437" HPOS="442" VPOS="2245" WIDTH="55" HEIGHT="32" WC="0.94" CONTENT="att"/><SP WIDTH="25" VPOS="2245" HPOS="497"/>
							<String ID="string_438" HPOS="522" VPOS="2244" WIDTH="78" HEIGHT="35" WC="0.95" CONTENT="icke"/><SP WIDTH="27" VPOS="2244" HPOS="600"/>
							<String ID="string_439" HPOS="627" VPOS="2246" WIDTH="180" HEIGHT="44" WC="0.95" CONTENT="tillstyrka"/><SP WIDTH="29" VPOS="2246" HPOS="807"/>
							<String ID="string_440" HPOS="836" VPOS="2258" WIDTH="43" HEIGHT="24" WC="0.96" CONTENT="en"/><SP WIDTH="27" VPOS="2258" HPOS="879"/>
							<String ID="string_441" HPOS="906" VPOS="2249" WIDTH="215" HEIGHT="51" WC="0.96" CONTENT="förändring,"/><SP WIDTH="28" VPOS="2249" HPOS="1121"/>
							<String ID="string_442" HPOS="1149" VPOS="2253" WIDTH="108" HEIGHT="35" WC="0.96" CONTENT="hvars"/><SP WIDTH="27" VPOS="2253" HPOS="1257"/>
							<String ID="string_443" HPOS="1284" VPOS="2256" WIDTH="218" HEIGHT="44" WC="0.96" CONTENT="verkningar"/><SP WIDTH="27" VPOS="2256" HPOS="1502"/>
							<String ID="string_444" HPOS="1529" VPOS="2256" WIDTH="176" HEIGHT="48" WC="0.67" CONTENT="svårligen"/><SP WIDTH="25" VPOS="2256" HPOS="1705"/>
							<String ID="string_445" HPOS="1730" VPOS="2257" WIDTH="73" HEIGHT="40" WC="0.96" CONTENT="låta"/>
						</TextLine>
					</TextBlock>
				</ComposedBlock>
			</PrintSpace>
		</Page>
	</Layout>
</alto>
