1908 2824
274 141 39 29 22
354 137 20 50 —
384 146 235 30 Sammansatt
641 145 261 31 konstitutions-
918 146 65 30 och
1005 146 108 30 andra
1138 146 203 37 lagutskotts
1367 146 176 31 utlåtande
1567 147 48 29 Nr
1639 148 29 30 3.

324 230 13 29 I
362 229 218 31 motionerna
604 229 27 30 1:
649 230 61 30 155
737 230 65 30 och
829 230 44 29 II:
888 230 63 30 205
977 230 64 30 har
1066 230 202 37 hemställts,
1294 233 47 28 att
1366 231 266 30 bestämmelsen
1656 231 11 29 i
1696 232 40 29 10
1763 233 20 36 $

279 280 20 29 2
320 288 104 22 mom.
447 280 83 30 sista
550 280 142 38 stycket,
714 289 76 21 som
811 279 189 31 innefattar
1023 280 125 30 förbud
1169 280 56 31 för
1245 280 339 37 befattningshavare
1606 281 57 30 vid
1687 281 94 36 sjuk-

279 330 65 30 hus
369 333 49 27 att
444 339 84 22 vara
554 331 150 30 ledamot
731 340 42 21 av
800 330 199 37 sjukhusets
1027 331 170 30 direktion
1223 331 80 30 eller
1330 332 184 36 suppleant
1540 331 55 30 för
1620 332 161 35 ledamot,

279 379 105 31 måtte
413 379 92 37 utgå.
556 381 270 30 Bestämmelsen
855 382 38 29 är
921 382 186 36 ordagrant
1134 382 145 30 hämtad
1308 391 41 20 ur
1377 382 160 36 gällande
1566 381 215 37 sjukhuslag.

279 430 65 31 Vid
366 431 84 30 1939
471 430 56 32 års
545 431 141 36 lagtima
705 431 140 37 riksdag
865 432 139 30 väcktes
1025 434 49 28 tre
1094 432 170 30 motioner
1288 432 5 29 i
1314 441 134 21 samma
1469 431 89 37 syfte
1577 441 75 21 som
1672 432 42 30 de
1735 441 48 20 nu

278 480 245 37 föreliggande.
568 481 115 31 Andra
706 482 221 36 lagutskottet
949 481 165 32 framhöll
1136 482 11 30 i
1172 482 58 31 sitt
1252 492 42 20 av
1316 482 184 36 riksdagen
1523 482 186 36 godkända
1731 485 51 27 ut-

279 530 138 31 låtande
442 531 55 38 (nr
516 530 51 40 34)
593 532 9 30 i
623 533 126 35 ämnet,
769 536 48 26 att
837 533 56 30 det
912 532 199 37 visserligen
1129 542 82 21 vore
1229 533 11 30 i
1259 533 67 36 hög
1347 533 83 36 grad
1449 533 174 35 önskvärt,
1645 535 49 28 att
1715 535 66 34 sty-

279 582 109 30 relsen
411 582 82 30 eller
513 582 216 31 direktionen
749 582 56 31 för
826 586 46 27 ett
894 583 146 30 allmänt
1059 582 134 38 företag
1214 583 57 30 vid
1291 583 111 30 behov
1424 583 118 30 kunde
1564 581 131 32 erhålla
1717 583 64 29 till-

279 631 88 37 gång
393 632 52 30 till
473 633 68 30 den
566 633 170 31 särskilda
764 633 206 36 erfarenhet,
1001 643 73 20 som
1101 634 206 35 personalen
1335 634 110 29 under
1474 633 53 30 sin
1554 633 229 36 tjänstgöring

279 682 185 31 förvärvat.
511 682 121 31 Denna
654 683 196 31 erfarenhet
873 684 117 30 kunde
1012 684 87 30 dock
1123 684 105 36 enligt
1249 685 109 31 andra
1380 685 239 35 lagutskottets
1643 685 141 37 mening

278 732 10 30 i
310 733 190 30 allmänhet
521 734 76 30 icke
617 734 9 30 i
647 734 176 30 önskvärd
844 734 210 37 omfattning
1074 735 98 36 göras
1195 735 189 37 tillgänglig
1405 735 145 30 allenast
1571 735 210 36 därigenom,

278 786 49 27 att
345 793 42 20 en
405 783 343 37 befattningshavare
766 784 159 31 inträdde
945 794 75 21 som
1039 785 150 30 ledamot
1208 795 42 21 av
1271 786 164 35 styrelsen
1456 785 82 30 eller
1555 785 226 30 direktionen.

279 833 13 30 I
317 834 91 30 detta
431 834 197 31 hänseende
652 838 117 33 syntes
793 836 106 30 större
922 834 154 31 fördelar
1099 844 83 22 vara
1204 838 49 28 att
1277 835 105 31 vinna
1405 844 125 28 genom
1554 834 230 38 rådplägning

278 884 78 30 med
377 888 274 32 representanter
673 884 57 31 för
751 885 71 36 just
844 886 42 30 de
907 886 321 36 personalgrupper,
1252 895 74 21 som
1348 886 117 30 kunde
1488 886 123 30 besitta
1634 886 148 30 särskild

279 935 225 37 sakkunskap
524 935 11 30 i
557 945 43 21 en
620 936 69 30 viss
710 936 51 30 till
782 936 212 37 behandling
1016 935 235 37 föreliggande
1271 935 107 37 fråga.
1424 936 117 30 Andra
1562 936 221 36 lagutskottet

277 984 165 31 framhöll
462 985 204 37 ytterligare,
686 989 50 26 att
754 995 92 27 man,
865 985 109 31 innan
993 985 113 36 slutlig
1124 986 163 36 ställning
1308 988 92 34 toges
1420 986 50 29 till
1491 986 56 30 det
1574 986 3 29 i
1596 986 185 30 motioner-

276 1044 46 22 na
343 1036 148 30 berörda
513 1034 213 38 spörsmålet,
749 1036 107 30 borde
876 1036 159 35 avvakta,
1056 1036 173 30 huruvida
1250 1035 44 31 då
1316 1036 235 36 föreliggande
1571 1036 211 37 sakkunnig-

278 1086 127 36 förslag
429 1086 51 30 till
503 1086 55 37 lag
583 1096 57 20 om
664 1086 312 37 förhandlingsrätt
1000 1087 54 30 för
1080 1087 226 30 kommunala
1331 1086 211 37 tjänstemän
1567 1087 141 30 komme
1734 1089 49 28 att

278 1137 114 36 läggas
413 1137 51 30 till
481 1137 111 36 grund
612 1137 55 30 för
685 1137 214 36 lagstiftning
917 1137 10 30 i
946 1138 117 29 ämnet
1081 1138 65 29 och
1165 1137 10 30 i
1196 1136 38 31 så
1252 1137 61 30 fall
1333 1137 92 30 vilka
1444 1137 244 36 erfarenheter,
1708 1146 75 21 som

278 1188 115 29 kunde
424 1188 124 30 vinnas
580 1197 41 21 av
651 1188 375 36 förhandlingsrättens
1058 1188 281 37 genomförande.
1384 1188 143 37 Förslag
1555 1188 51 30 till
1638 1189 54 35 lag
1724 1197 58 21 om

275 1237 311 37 förhandlingsrätt
612 1238 55 30 för
693 1239 238 36 nyssnämnda
958 1238 342 36 befattningshavare
1326 1239 64 30 har
1416 1247 125 28 genom
1566 1238 215 37 proposition

283 1288 53 38 (nr
356 1288 30 39 4)
417 1289 179 36 framlagts
619 1288 55 31 för
697 1289 68 30 den
787 1298 47 21 nu
858 1289 154 30 samlade
1035 1289 193 35 riksdagen.
1264 1289 174 36 Förslaget
1461 1289 66 30 har
1548 1289 10 30 i
1582 1289 199 30 huvudsak-

276 1339 67 36 liga
367 1340 97 30 delar
488 1340 180 36 tillstyrkts
692 1349 43 21 av
761 1340 109 30 andra
895 1339 229 36 lagutskottet,
1151 1348 79 21 vars
1255 1338 178 32 utlåtande
1465 1339 55 38 (nr
1544 1338 51 40 25)
1627 1340 11 29 i
1665 1340 116 29 ämnet

276 1399 42 21 av
339 1390 186 36 riksdagen
547 1390 180 36 godkänts.
765 1389 96 31 Efter
883 1390 209 35 antagandet
1114 1399 42 21 av
1180 1390 114 30 denna
1317 1390 55 37 lag
1395 1390 65 30 har
1484 1389 35 31 åt
1542 1390 158 36 samtliga
1724 1390 57 30 vid

277 1440 192 36 sjukhusen
499 1441 170 31 anställda
697 1441 127 29 beretts
853 1441 67 29 rätt
949 1440 51 30 till
1029 1440 224 37 förhandling
1280 1441 164 29 rörandes
1475 1440 99 30 deras
1603 1441 179 29 allmänna

276 1492 252 35 anställnings-,
555 1491 126 31 arbets-
710 1491 65 30 och
802 1491 307 35 avlöningsvillkor
1133 1491 165 30 ävensom
1323 1491 266 35 tillämpningen
1614 1500 42 21 av
1683 1491 99 29 dessa

276 1543 133 29 villkor.
442 1542 171 30 Utskottet
633 1541 110 30 håller
763 1541 84 36 före,
869 1544 49 27 att
939 1541 43 30 de
1004 1541 223 36 synpunkter,
1251 1550 74 21 som
1346 1541 89 36 ligga
1456 1541 52 30 till
1529 1541 112 36 grund
1662 1540 57 31 för
1740 1541 42 30 de

276 1603 48 20 nu
345 1592 266 37 ifrågavarande
635 1592 227 35 motionerna,
890 1592 98 30 skola
1011 1592 92 30 bliva
1126 1591 11 30 i
1162 1592 61 30 allt
1248 1591 180 36 väsentligt
1452 1592 251 35 tillgodosedda
1728 1600 53 28 ge-

276 1653 82 21 nom
381 1643 216 31 sistnämnda
620 1642 225 37 lagstiftning.
880 1642 119 30 Skulle
1021 1641 240 31 erfarenheten
1285 1641 81 36 visa,
1392 1644 49 28 att
1466 1640 38 32 så
1528 1642 30 36 ej
1584 1642 67 29 blir
1673 1641 107 36 fallet,

277 1696 96 30 torde
396 1695 56 31 det
480 1704 42 21 av
546 1694 256 31 motionärerna
828 1693 124 30 väckta
978 1692 203 37 spörsmålet
1207 1692 38 31 få
1270 1696 93 33 tagas
1386 1693 114 30 under
1522 1693 138 36 förnyat
1686 1694 94 29 över-

276 1745 165 36 vägande.

321 1796 14 30 I
360 1796 182 35 förslagets
570 1796 39 29 716
636 1795 19 37 $
682 1794 147 36 stadgas,
857 1797 49 27 att
933 1793 58 30 vid
1019 1794 138 29 lasarett
1183 1794 82 29 eller
1291 1793 214 30 sanatorium
1532 1792 56 31 må
1615 1793 165 30 anställas

277 1847 107 36 jämte
415 1847 171 29 lasaretts-
619 1845 82 30 eller
731 1844 294 31 sanatorieläkare
1056 1844 86 29 även
1173 1843 239 30 underläkare.
1471 1843 54 37 Ny
1556 1843 224 30 underläkar-

276 1897 108 36 tjänst
399 1896 59 31 må
475 1896 88 31 dock
578 1895 32 37 ej
628 1896 145 30 inrättas
788 1898 83 27 utan
888 1894 227 36 medgivande
1130 1904 42 20 av
1189 1894 123 36 Kungl.
1329 1894 100 38 Maj:t
1445 1894 91 35 eller,
1553 1894 87 30 efter
1656 1894 123 36 Kungl.

278 1947 117 37 Maj:ts
424 1947 245 35 förordnande,
700 1956 43 20 av
772 1945 361 37 medicinalstyrelsen.
1187 1944 115 36 Enligt
1331 1945 182 30 utskottets
1542 1944 139 36 mening
1710 1944 71 30 tala

278 1998 116 31 starka
412 1998 76 30 skäl
507 1998 56 29 för
579 2007 43 20 en
639 1996 110 31 sådan
766 1996 203 36 utvidgning
988 2005 41 21 av
1046 1995 147 30 berörda
1210 1995 241 30 bestämmelse
1470 1997 58 33 att,
1549 1994 43 31 då
1609 1994 172 31 särskilda

276 2048 293 37 omständigheter
595 2046 114 31 därtill
735 2046 190 36 föranleda,
951 2044 320 38 underläkartjänst
1295 2044 57 32 må
1377 2046 120 29 kunna
1523 2044 142 32 inrättas
1692 2046 88 29 även

277 2100 58 30 vid
360 2099 190 39 sjukstuga,
577 2099 57 29 vid
658 2098 115 30 vilken
800 2097 78 30 med
904 2096 228 36 vederbörligt
1156 2095 156 32 tillstånd
1337 2096 191 30 anordnats
1554 2105 74 21 mer
1653 2096 46 30 än
1725 2095 56 31 det

275 2150 158 30 normala
458 2148 274 31 maximiantalet
753 2165 44 4 —
818 2148 41 30 30
882 2164 45 4 —
950 2145 223 37 vårdplatser.
1224 2146 169 30 Utskottet
1416 2144 145 32 föreslår
1584 2146 11 29 i
1620 2145 90 37 syfte
1732 2148 49 28 att

277 2200 204 37 möjliggöra
502 2200 91 30 detta
615 2209 42 20 en
677 2198 147 36 ändring
848 2207 42 21 av
913 2198 39 30 16
974 2198 18 37 8
1015 2197 107 30 första
1144 2197 143 36 stycket.

321 2252 14 29 I
359 2250 100 38 fråga
483 2260 57 21 om
566 2252 279 35 styresmannens
870 2249 65 30 och
960 2248 281 37 sysslomannens
1267 2247 159 30 inbördes
1453 2247 242 37 befogenheter
1721 2247 59 30 ha-

277 2312 42 21 va
338 2302 40 30 de
397 2301 219 36 sakkunniga
633 2300 177 36 föreslagit
829 2309 42 21 en
890 2299 226 36 omreglering
1132 2308 45 21 av
1196 2298 158 37 gällande
1372 2297 218 30 föreskrifter
1608 2297 173 31 såtillvida

277 2355 50 28 att
348 2353 263 36 sysslomannen
632 2352 77 29 icke
730 2351 97 35 blott,
851 2349 115 32 såsom
989 2360 48 20 nu
1059 2350 72 29 ofta
1155 2350 39 29 är
1216 2349 105 34 fallet,
1345 2348 9 30 i
1377 2348 185 36 praktiken
1585 2351 84 26 utan
1693 2348 88 29 även

277 2403 152 30 formellt
457 2403 111 30 skulle
595 2402 92 30 bliva
716 2402 66 29 den
810 2401 93 30 inför
931 2400 366 36 sjukhusdirektionen
1325 2399 65 30 och
1418 2398 273 31 huvudmannen
1722 2407 58 21 an-

277 2453 131 36 svarige
431 2453 139 30 ledaren
594 2453 55 30 för
671 2452 199 39 sjukhusets
894 2451 227 30 ekonomiska
1144 2450 84 30 drift
1251 2450 80 30 med
1355 2449 195 37 skyldighet
1572 2448 55 30 för
1649 2448 132 31 honom
