1916 2828
231 160 233 33 Sammansatt
484 162 261 31 konstitutions-
767 164 63 30 och
850 164 110 31 andra
981 165 205 37 lagutskotts
1209 166 176 31 utlåtande
1406 166 49 31 Nr
1476 168 30 30 3.
1598 169 37 31 19

369 244 404 41 Medicinalstyrelsens
797 246 189 32 allmänna
1008 247 384 41 tillsynsmyndighet.

172 330 18 29 5
215 329 18 37 8
260 328 248 39 sjukhuslagen
535 331 140 37 stadgar
698 331 56 31 för
775 332 228 37 närvarande,
1030 336 48 28 att
1102 333 124 37 högsta
1249 334 161 40 tillsynen
1434 336 82 30 över
1537 335 94 37 sjuk-

126 379 65 31 hus
222 380 121 30 utövas
373 390 42 21 av
446 381 362 39 medicinalstyrelsen,
839 383 115 31 vilken
984 384 139 31 särskilt
1150 385 66 30 har
1245 388 49 27 att
1323 386 89 36 ägna
1442 387 188 36 uppmärk-

125 430 136 31 samhet
283 429 33 32 åt
338 429 211 38 sjukvården
571 433 65 30 och
658 431 409 39 sjukvårdspersonalens
1089 434 372 32 arbetsförhållanden.
1508 436 124 32 Vidare

126 480 193 31 innehåller
338 482 41 30 26
398 482 18 37 8
439 483 14 29 1
474 492 104 22 mom.
598 483 260 37 epidemilagen,
877 484 107 31 bland
1003 488 116 33 annat,
1139 485 57 31 det
1216 486 214 37 stadgandet,
1450 490 49 28 att
1518 487 111 37 epide-

125 531 199 37 misjukhus
344 532 71 31 står
434 534 112 30 under
567 534 243 31 överinseende
832 544 42 22 av
897 535 354 38 medicinalstyrelsen
1272 537 10 30 i
1305 537 60 31 allt
1388 539 66 30 vad
1478 547 74 22 som
1573 540 58 29 rör

125 582 212 36 sjukvården
360 584 65 30 och
447 584 66 30 den
537 584 57 31 vid
615 584 183 37 sjukhuset
819 586 172 31 anställda
1012 585 410 39 sjukvårdspersonalens
1445 589 185 31 arbetsför-

124 633 198 30 hållanden.

170 684 50 30 De
237 684 219 37 sakkunniga
472 686 45 30 ha
534 686 10 29 i
561 686 56 30 sitt
635 686 130 37 förslag
781 687 116 31 funnit
914 688 175 36 önskvärt,
1108 692 49 27 att
1174 690 18 29 5
1213 689 18 37 8
1250 689 248 38 sjukhuslagen
1516 691 109 31 erhål-

125 734 49 30 ler
194 744 43 21 en
261 734 108 31 sådan
391 735 204 37 avfattning,
621 739 49 28 att
691 737 371 37 medicinalstyrelsens
1088 740 178 31 allmänna
1287 741 339 37 tillsynsmyndighet

123 786 82 29 över
223 784 111 37 själva
353 785 212 37 sjukvården
583 788 139 30 komme
740 788 50 30 till
809 792 45 27 ett
872 789 137 30 klarare
1029 791 148 35 uttryck.
1215 791 77 30 Med
1311 792 187 37 anledning
1517 793 108 31 härav

124 836 47 30 ha
193 837 42 29 de
260 837 220 36 sakkunniga
502 837 166 38 förordat,
693 842 49 27 att
766 839 223 31 föreskriften
1020 841 4 30 i
1048 842 154 30 nämnda
1227 842 165 36 paragraf
1416 844 132 36 därom,
1576 846 50 29 att

123 886 355 37 medicinalstyrelsen
506 889 137 30 särskilt
672 890 65 30 har
764 893 48 27 att
842 891 89 36 ägna
958 892 313 35 uppmärksamhet
1299 892 34 31 åt
1361 893 262 38 sjukvårdsper-

123 938 161 30 sonalens
312 938 370 38 arbetsförhållanden,
709 940 109 37 utgår.
875 941 126 31 Vidare
1028 943 46 30 ha
1102 943 42 30 de
1172 944 228 36 sakkunniga,
1431 954 75 21 som
1535 945 88 30 före-

122 989 101 35 slagit
249 992 50 27 att
323 989 90 31 vissa
439 990 96 30 delar
561 999 42 21 av
630 991 259 37 sjukhuslagen,
918 993 107 30 bland
1050 996 107 28 annat
1183 994 307 32 bestämmelserna
1516 996 11 29 i
1553 997 18 29 5
1598 996 29 37 8,

122 1039 111 30 skulle
258 1040 100 35 göras
384 1039 206 38 tillämpliga
615 1041 131 36 jämväl
773 1041 21 31 å
819 1043 355 37 epidemisjukhusen,
1201 1044 157 31 förordat
1384 1048 49 28 att
1460 1046 80 30 med
1566 1056 60 20 an-

121 1089 141 36 ledning
282 1090 105 31 därav
406 1100 90 22 ovan
516 1092 233 31 omförmälda
768 1093 189 36 stadgande
976 1094 10 30 i
1006 1095 41 29 26
1068 1095 17 37 8
1108 1096 14 28 1
1145 1104 104 22 mom.
1268 1096 252 37 epidemilagen
1539 1097 86 30 även

122 1140 112 31 skulle
254 1140 90 37 utgå.

170 1191 209 31 Yttrandena
400 1191 12 30 1
432 1193 114 30 denna
568 1194 55 30 del
642 1194 174 31 redovisas
837 1194 20 31 å
876 1195 62 30 sid.
960 1196 41 29 82
1024 1196 10 29 i
1054 1196 269 36 propositionen.

162 1241 267 37 Föredragande
449 1243 379 39 departementschefen
848 1246 64 30 har
934 1246 123 30 härom
1079 1247 117 30 anfört
1219 1247 167 38 följande:

166 1292 131 31 Genom
322 1294 65 30 den
410 1294 197 37 föreslagna
630 1296 190 36 ändringen
844 1297 10 29 i
879 1297 18 29 5
923 1297 17 37 3
966 1296 251 38 sjukhuslagen
1240 1299 74 30 lära
1337 1300 41 29 de
1403 1300 219 36 sakkunniga

119 1335 77 30 icke
217 1336 47 30 ha
284 1335 128 37 åsyftat
431 1336 115 37 någon
566 1338 173 36 rubbning
760 1339 10 29 i
793 1339 371 36 medicinalstyrelsens
1187 1341 176 31 allmänna
1387 1342 235 36 tillsynsmyn-

120 1377 117 37 dighet
254 1379 81 29 över
354 1379 93 31 olika
465 1380 80 30 med
563 1380 212 36 sjukvården
794 1383 346 35 sammanhängande
1159 1383 254 31 förhållanden.
1454 1380 167 41 Ändring-

120 1429 41 21 en
184 1421 66 30 har
270 1421 200 31 motiverats
492 1432 43 20 av
557 1422 223 37 önskemålet,
804 1426 48 28 att
875 1424 184 35 styrelsens
1083 1425 178 31 allmänna
1283 1426 339 37 tillsynsmyndighet

120 1463 82 29 över
219 1462 110 36 själva
349 1463 211 36 sjukvården
582 1465 110 30 skulle
710 1466 142 30 komma
872 1466 51 30 till
942 1469 46 27 ett
1007 1467 137 30 klarare
1161 1468 148 35 uttryck.
1348 1468 53 31 Då
1421 1470 201 29 nuvarande

120 1505 191 36 stadgande
329 1515 100 26 synes
448 1514 40 28 ge
505 1510 46 27 ett
569 1507 117 36 riktigt
703 1508 138 35 uttryck
861 1508 57 29 för
935 1509 67 29 vad
1021 1508 143 31 därmed
1183 1519 107 26 avses,
1310 1510 116 30 finner
1443 1510 59 37 jag
1520 1512 100 29 emel-

118 1547 101 30 lertid
238 1547 188 37 anledning
446 1548 77 30 icke
542 1548 165 37 föreligga
729 1552 49 28 att
799 1550 214 30 härutinnan
1033 1550 128 31 föreslå
1183 1551 114 37 någon
1318 1552 157 37 ändring.
1520 1553 13 30 I
1554 1554 68 29 för-

119 1590 107 36 slaget
245 1590 52 30 till
316 1591 65 29 den
397 1600 70 27 nya
484 1591 250 38 sjukhuslagen
751 1593 65 29 har
832 1593 205 36 stadgandet
1054 1593 132 31 influtit
1203 1594 11 30 i
1242 1595 9 28 6
1271 1594 28 37 $.
1335 1594 53 31 Då
1404 1594 59 37 jag
1480 1594 46 37 på
1544 1596 76 34 sätt,

118 1633 115 30 vartill
251 1632 58 37 jag
329 1633 10 29 i
358 1634 56 29 det
433 1633 156 36 följande
608 1633 241 37 återkommer,
869 1635 11 30 i
900 1635 109 30 likhet
1031 1636 79 30 med
1129 1636 42 30 de
1191 1637 218 36 sakkunniga
1429 1640 121 34 ansett,
1572 1640 48 28 att

117 1675 149 31 berörda
284 1676 189 36 stadgande
488 1676 65 30 bör
569 1677 99 35 göras
685 1677 112 30 direkt
815 1677 198 36 tillämpligt
1030 1679 87 29 även
1135 1679 79 29 med
1233 1680 167 29 avseende
1419 1679 20 31 å
1456 1680 163 36 epidemi-

118 1717 203 36 sjukhusen,
340 1719 97 30 torde
455 1719 10 29 i
485 1719 148 36 enlighet
654 1720 79 29 med
752 1719 363 37 sakkunnigförslaget
1132 1730 43 20 ur
1192 1721 42 30 26
1253 1722 20 36 $
1295 1722 14 29 1
1332 1731 104 21 mom.
1457 1722 162 37 epidemi-

119 1760 99 36 lagen
237 1761 119 30 kunna
376 1760 82 37 utgå
478 1762 66 29 vad
566 1762 63 29 där
649 1762 137 36 stadgas
807 1771 56 21 om
884 1762 372 37 medicinalstyrelsens
1277 1764 243 31 överinseende
1540 1766 81 29 över

118 1802 310 36 epidemisjukhus.

273 1932 295 42 Sjukhuslagens
592 1935 67 32 och
685 1934 338 42 sjukhusstadgans
1045 1936 426 41 tillimpningsområde.

161 2011 50 31 De
236 2012 220 37 sakkunniga
480 2013 46 30 ha
549 2013 10 29 i
582 2013 229 30 förevarande
834 2014 169 30 avseende
1026 2015 179 35 upprättat
1232 2017 45 28 ett
1303 2015 130 36 förslag
1456 2016 51 30 till
1530 2016 86 30 kun-

115 2062 141 36 görelse,
283 2063 74 29 däri
382 2063 138 36 stadgas
545 2066 49 28 att
619 2064 91 30 vissa
734 2063 222 31 beträffande
984 2063 200 38 sjukstugor
1210 2065 10 30 i
1274 2065 343 38 sjukhuslagen

115 2113 203 30 meddelade
335 2114 260 30 bestämmelser
613 2115 97 30 skola
729 2115 10 29 i
757 2114 206 37 tillämpliga
982 2115 96 30 delar
1096 2116 90 35 gälla
1207 2117 86 29 även
1312 2117 78 30 med
1410 2117 168 30 avseende
1597 2116 21 31 å

115 2173 42 20 av
176 2164 174 35 landsting
369 2164 82 30 eller
467 2165 169 29 kommun
654 2165 122 30 drivna
793 2165 94 30 såväl
905 2165 311 36 epidemisjukhus,
1237 2166 145 31 frånsett
1402 2167 131 31 sådana
1551 2168 64 29 till-

114 2213 119 36 fälliga
257 2214 328 36 sjukvårdslokaler,
610 2215 92 30 vilka
726 2225 96 20 avses
847 2216 9 29 i
882 2216 40 30 20
946 2216 18 36 8
989 2216 260 38 epidemilagen,
1276 2226 73 20 som
1373 2217 167 30 vårdhem
1565 2217 56 30 för

115 2264 160 30 kroniskt
301 2264 102 35 sjuka
427 2266 67 28 och
518 2265 56 29 för
596 2266 291 29 konvalescenter.
936 2266 125 30 Vidare
1086 2267 138 35 stadgas
1250 2267 10 29 i
1286 2267 173 35 förslaget,
1488 2271 48 26 att
1561 2268 56 29 för

115 2314 99 30 dessa
232 2314 165 30 anstalter
414 2315 175 29 dessutom
608 2316 88 29 skall
717 2315 10 29 i
748 2315 205 36 tillämpliga
972 2316 94 29 delar
1084 2317 105 29 lända
1207 2317 51 29 till
1276 2317 225 30 efterrättelse
1520 2318 65 29 vad
1605 2318 10 28 i

114 2364 441 36 sjukhusstadgan
581 2365 207 30 föreskrives
814 2375 57 20 om
900 2365 182 36 sjukstuga
1108 2367 79 29 med
1213 2367 135 30 mindre
1376 2368 44 29 än
1449 2368 41 29 30
1518 2367 96 30 vård-

114 2415 138 35 platser,
269 2415 88 29 dock
373 2415 79 29 med
468 2415 178 36 undantag
662 2416 55 29 för
732 2416 307 30 bestämmelserna
1056 2426 57 20 om
1132 2417 41 29 de
1191 2417 216 36 handlingar,
1425 2427 75 20 som
1517 2418 98 30 skola

114 2465 181 30 avlämnas
316 2465 55 29 vid
392 2465 188 36 intagning,
602 2466 65 29 och
691 2475 57 20 om
772 2467 65 29 den
859 2466 157 36 ordning,
1039 2467 72 29 vari
1133 2467 109 30 sådan
1265 2468 85 29 skall
1375 2468 69 30 ske.
1490 2468 47 30 De
1558 2468 55 30 be-
