2205 2646
431 94 38 31 16
869 91 99 33 Stats-
978 90 162 34 Utskottets
1170 90 170 33 Utlåtande
1365 93 63 31 N:o
1451 92 50 31 12.

386 175 57 36 det
470 174 77 36 icke
574 187 82 24 vore
685 173 186 48 sannolikt,
901 177 50 32 att
977 174 212 49 byggnaden
1217 173 115 37 skulle
1359 174 58 36 vid
1447 176 47 35 80
1522 174 66 36 fots
1616 173 83 49 höjd
1727 174 97 37 öfver
1844 174 144 37 marken

385 229 121 36 kunna
538 228 87 36 bära
653 227 155 50 tyngden
838 226 37 36 af
900 239 43 23 en
971 228 11 35 i
1010 228 114 35 denna
1152 227 132 47 våning
1312 227 176 49 uppställd
1519 226 194 37 bokmassa.
1768 227 103 36 Hvad
1901 227 87 36 först

386 281 165 37 behofvet
579 281 39 36 af
641 279 270 39 sollennitetssal
938 280 176 47 beträffar,
1143 280 97 36 torde
1281 280 107 48 något
1429 279 84 37 eller
1541 280 111 48 några
1684 280 38 36 af
1746 280 42 37 de
1815 280 11 36 i
1855 279 133 50 Upsala

385 335 82 36 slott
496 334 179 49 befintliga
703 347 76 23 rum
809 336 22 32 t.
860 345 53 24 ex.
943 334 66 36 den
1038 334 38 36 så
1104 333 140 36 kallade
1284 333 172 37 rikssalen
1500 333 121 36 kunna
1655 332 113 38 dertill
1798 333 189 49 lämpligen

385 388 190 46 användas,
603 387 53 37 för
684 387 114 36 såvidt
830 386 76 35 icke
941 386 163 36 behofvet
1132 386 10 35 i
1170 386 93 36 detta
1304 386 160 36 afseende
1507 387 123 35 varder
1671 386 149 49 afhjelpt
1861 398 125 35 genom

385 441 66 35 den
480 440 178 48 byggnad,
687 452 73 24 som
778 438 135 49 Upsala
942 439 246 48 studentkorps
1216 442 39 32 är
1284 438 123 36 sinnad
1435 442 50 32 att
1512 439 157 47 uppföra,
1690 439 64 36 och
1774 439 50 36 för
1844 438 141 37 hvilken

383 493 113 36 medel
526 493 51 35 till
605 493 29 48 ej
666 491 193 49 obetydligt
887 491 124 49 belopp
1039 492 107 35 redan
1175 495 59 31 äro
1263 491 163 36 samlade.
1481 490 102 37 Hvad
1615 491 109 48 angår
1752 491 235 36 motionärens

384 546 160 47 farhåga,
574 549 50 32 att
664 544 419 48 biblioteksbyggnadens
1123 542 240 37 beskaffenhet
1404 544 113 35 skulle
1559 548 84 42 göra
1684 544 241 48 uppställning
1954 544 39 36 af

383 598 130 37 böcker
541 598 11 35 i
580 598 108 47 tredje
729 597 176 47 våningen
948 596 222 49 äfventyrlig,
1198 596 75 35 lära
1313 596 41 36 de
1396 596 218 49 hjelpmedel,
1654 597 335 48 byggnadskonsten

383 651 64 36 har
480 651 50 35 till
562 651 57 35 sitt
647 650 217 47 förfogande,
892 649 65 36 lätt
984 650 121 35 kunna
1132 649 219 48 undanrödja
1379 650 41 35 de
1454 649 233 46 olägenheter,
1730 662 72 23 som
1846 650 140 35 dermed

384 703 163 47 möjligen
578 707 59 31 äro
665 702 173 36 förenade.
893 701 180 36 Utskottet
1114 705 39 31 är
1194 700 135 37 derföre
1372 701 38 35 af
1447 701 67 35 den
1556 701 99 47 åsigt,
1698 705 51 31 att
1776 701 211 48 utvidgning

383 755 39 36 af
446 755 134 49 Upsala
606 754 354 49 biblioteksbyggnad
989 754 77 36 icke
1094 754 62 35 bör
1184 753 254 48 ifrågakomma
1466 753 80 48 förr,
1588 757 44 32 än
1667 754 187 47 utredning
1883 754 104 45 skett,

382 809 10 35 i
421 807 91 37 hvad
542 809 80 34 mån
650 809 78 35 dess
756 807 271 37 sollennitetssal
1056 807 69 35 kan
1154 807 175 35 anordnas
1356 806 52 36 till
1436 806 167 36 läsesalar
1632 806 63 36 och
1723 806 159 36 bokrum.

513 860 220 36 Beträffande
762 861 73 36 åter
863 859 162 36 behofvet
1060 859 37 36 af
1133 858 307 37 bibliotekshusets
1481 859 258 48 uppvärmning
1768 863 39 31 är
1834 859 50 35 uti
1912 872 74 23 mo-

383 914 118 35 tionen
530 914 105 35 bland
666 917 108 32 annat
802 913 149 46 anfördt,
993 916 50 31 att
1085 912 57 35 det
1182 916 124 31 nästan
1340 924 83 23 vore
1462 912 159 47 omöjligt
1655 916 51 31 att
1734 912 11 35 i
1772 912 211 36 läsrummen

382 966 241 36 åstadkomma
655 978 42 24 en
739 966 138 47 dräglig
906 968 225 45 temperatur,
1166 964 123 35 medan
1322 964 208 36 boksalarne
1572 976 82 24 vore
1696 964 142 36 alldeles
1879 964 106 47 kalla,

382 1019 75 47 och,
487 1031 73 24 som
588 1019 128 35 böcker
743 1031 82 23 vore
855 1017 283 46 utomordentligt
1165 1017 293 47 köldbevarande,
1488 1017 106 36 rådde
1623 1017 91 36 ända
1734 1017 34 35 in
1787 1022 91 31 emot
1898 1018 87 35 mid-

382 1084 197 24 sommaren
609 1071 10 35 1
648 1072 41 35 de
718 1076 93 31 stora
840 1071 137 35 salarne
1006 1083 43 22 en
1079 1069 198 48 fullkomlig
1303 1070 337 47 vinlertemperatur,
1661 1070 143 35 hvilken
1824 1070 161 35 stundom

382 1124 102 48 sjönk
513 1125 91 35 ända
634 1123 51 36 till
713 1122 128 37 —109.
896 1123 105 35 Huru
1043 1122 147 47 menligt
1232 1122 96 36 detta
1368 1122 220 36 förhållande
1629 1123 109 35 måste
1772 1122 146 36 mverka
1947 1123 39 35 så

383 1177 55 34 väl
467 1176 45 47 på
539 1175 412 48 bibliotekspersonalens
992 1186 72 23 som
1092 1174 45 47 på
1166 1174 40 34 de
1237 1174 216 35 besökandes
1493 1174 99 35 helsa
1620 1186 82 23 vore
1730 1174 64 35 lätt
1822 1177 49 31 att
1898 1175 85 45 inse,

383 1229 44 34 då
454 1240 82 23 man
565 1227 198 48 besinnade,
806 1230 50 32 att
896 1226 71 36 ofta
1008 1226 219 35 erfordrades
1268 1226 157 36 timmars
1467 1225 242 36 eftersökande
1738 1226 9 34 i
1776 1238 43 23 en
1852 1227 130 47 mängd

381 1281 93 35 band
503 1281 54 35 för
585 1283 51 32 att
663 1280 95 35 finna
786 1292 42 23 en
856 1279 91 36 enda
975 1279 78 35 sökt
1093 1278 148 48 uppgift.
1297 1277 46 37 Så
1383 1278 104 48 länge
1528 1278 205 36 biblioteket
1774 1277 121 37 endast
1922 1291 63 24 var

381 1336 50 33 ett
458 1332 275 47 förvaringsrum
763 1332 50 35 för
840 1331 140 46 böcker,
1010 1330 120 36 hvilka
1158 1330 111 35 sällan
1297 1331 192 47 utlånades,
1518 1334 45 31 än
1591 1343 96 23 mera
1714 1330 111 36 sällan
1853 1331 130 47 begag-

382 1385 107 36 nades
518 1385 44 47 på
595 1384 126 47 stället,
765 1384 115 35 kunde
915 1384 95 35 detta
1042 1395 151 36 passera,
1237 1394 77 24 men
1355 1382 107 37 sedan
1505 1395 42 23 en
1589 1382 296 48 genomgripande
1914 1383 70 36 för-

382 1438 151 46 ändring
560 1437 11 35 i
599 1437 176 35 studierna
803 1436 93 47 gjort
914 1436 147 35 böckers
1089 1435 63 36 och
1181 1435 256 36 handskrifters
1477 1436 231 35 användande
1742 1435 45 49 på
1814 1439 48 31 ett
1889 1448 96 23 mera

382 1489 215 50 omedelbart
627 1493 68 32 sätt
723 1489 225 47 nödvändigt,
977 1488 158 36 hvarken
1165 1487 116 36 kunde
1310 1488 84 36 eller
1424 1488 104 36 borde
1557 1488 58 36 det
1634 1488 120 36 vidare
1775 1487 34 36 få
1828 1487 156 37 fortfara.

382 1542 175 36 Öfverallt
585 1542 159 35 fordrade
771 1554 80 22 man
880 1541 135 35 derföre
1043 1552 155 34 numera,
1227 1543 51 32 att
1305 1541 43 35 de
1384 1544 93 32 stora
1518 1540 212 38 biblioteken
1759 1540 113 35 skulle
1899 1553 86 23 vara

381 1594 218 48 uppvärmda
629 1594 64 35 och
722 1593 82 48 plan
833 1606 81 23 vore
942 1593 104 35 äfven
1076 1591 172 50 uppgjord
1290 1592 53 35 till
1385 1606 43 22 en
1470 1596 269 45 värmeapparat
1767 1590 54 37 för
1848 1591 136 49 Upsala

381 1646 178 36 bibliotek.

509 1699 60 35 Ett
596 1699 206 46 skyndsamt
831 1697 225 48 afhjelpande
1085 1696 39 35 af
1148 1696 162 36 behofvet
1338 1697 10 35 i
1376 1697 94 35 detta
1511 1696 163 37 afseende
1716 1697 64 35 har
1809 1696 176 36 Utskottet

381 1751 114 36 funnit
523 1751 222 47 synnerligen
774 1750 199 47 angeläget,
1001 1748 92 37 helst
1134 1748 218 36 bibliotekets
1393 1748 163 36 ändamål
1596 1750 110 35 måste
1748 1761 99 24 anses
1875 1749 11 34 i
1914 1749 70 36 viss

381 1804 81 34 mån
491 1802 172 47 förfeladt,
693 1802 38 35 så
770 1802 105 46 länge
917 1801 134 35 arbetet
1091 1801 92 34 inom
1226 1801 190 35 detsamma
1457 1805 37 31 är
1535 1801 160 36 förenadt
1723 1802 77 34 med
1829 1801 76 36 fara
1933 1800 52 36 för

380 1854 413 48 bibliotekspersonalens
835 1854 64 35 och
943 1854 41 35 de
1025 1853 218 35 besökandes
1284 1853 107 36 helsu.
1445 1853 55 35 Då
1541 1853 194 36 emellertid
1776 1853 128 48 planen
1933 1852 53 36 för

381 1910 313 44 värmeapparaten
725 1906 114 35 blifvit
867 1906 170 47 uppgjord
1068 1905 11 35 i
1107 1905 254 47 sammanhang
1389 1905 75 35 med
1495 1906 67 35 den
1590 1905 198 48 föreslagna
1816 1905 168 48 tillbygg-

381 1960 113 35 naden
523 1959 64 35 och
616 1958 262 48 anläggningen
908 1958 39 35 af
970 1970 43 23 en
1042 1955 110 38 sådan
1181 1957 410 48 uppvärmningsanstalt
1619 1970 118 23 ensam
1766 1958 77 35 icke
1870 1957 116 36 blifvit

381 2011 39 35 af
443 2011 217 35 motionären
689 2011 192 47 ifrågasatt,
910 2009 190 36 föranlåtes
1127 2009 189 45 Utskottet,
1345 2010 44 47 på
1417 2010 112 46 grund
1560 2009 34 36 af
1621 2010 90 35 hvad
1741 2010 104 35 ofvan
1872 2009 114 35 blifvit

380 2063 149 45 anfördt,
558 2063 195 46 hemställa,

779 2118 50 32 att
857 2114 93 35 Herr
979 2114 201 47 Bergstedts
1222 2114 228 36 förevarande
1494 2115 128 35 motion
1650 2114 75 36 icke
1756 2114 55 35 må
1839 2114 54 35 till
1922 2113 61 36 nå-

778 2180 68 34 gon
876 2165 223 48 Riksdagens
1126 2167 122 47 åtgärd
1277 2166 188 37 föranleda.
