2246 2650
447 101 40 31 38
884 105 100 32 Stats-
994 105 162 33 Utskottets
1187 107 169 33 Utlåtande
1379 110 65 32 N:o
1468 111 49 32 12.

1107 396 111 41 Litt.
1250 397 47 40 B.

586 534 118 39 Tabell
735 535 95 38 öfver
858 541 116 34 extra
1002 538 215 57 ordinarie
1244 539 163 51 anslagen
1437 541 110 38 under
1576 541 234 40 Riks-statens

1002 597 146 40 Åttonde
1176 599 227 40 MHufvudtitel.

1734 736 2 6 |
1749 752 231 28 Stats-Utskottets

1815 791 108 31 förslag
1913 787 13 39 :

951 832 73 33 För
1048 834 41 31 år
1111 833 96 34 1873.
1734 837 135 49 [Rån
1906 845 86 41 [ö.

427 906 2 13 |
779 920 570 44 Ecklesiastik-Departementet.
1734 971 1 5 |
1942 927 3 48 |

451 1006 112 42 Kongl.
589 1007 219 34 Bibliotheket:
1733 999 2 10 |
1942 1027 3 28 |

493 1068 61 31 Till
577 1068 187 42 uppförande
788 1071 32 31 af
841 1081 35 22 en
902 1072 141 42 byggnad
1066 1073 46 32 för
1135 1073 111 41 Kongl.
1270 1074 208 33 Bibliotheket
1518 1102 194 8 .......
1802 1059 187 84 145,000—

454 1148 219 32 Universiteten
682 1163 9 17 :
1941 1171 2 12 |

492 1208 114 42 Bidrag
635 1209 48 31 till
713 1210 186 41 uppförande
931 1211 34 32 af
986 1222 35 22 en
1046 1214 318 41 gymnastikbyggnad
1389 1215 51 32 vid
1466 1216 213 32 universitetet
1701 1217 10 31 i

535 1253 67 31 ÅUNd
659 1279 36 7 oo
722 1249 162 55 seeeere
911 1283 66 5 rer
1003 1249 171 55 reeeesr
1211 1283 115 7 rer
1352 1284 129 8 rss
1545 1286 164 7 oss
1817 1231 170 104 24,000/—

426 1326 87 37 För
530 1333 353 44 folkundervisningen:
1732 1346 2 31 '
1940 1367 3 20 i

491 1393 172 33 Understöd
695 1394 31 33 åt
755 1395 112 33 sådana
897 1397 222 41 församlingar,
1149 1407 64 23 som
1237 1398 66 32 icke
1327 1398 97 33 förmå
1447 1400 48 32 till
1519 1401 192 43 erforderligt

534 1438 109 42 belopp
668 1439 125 33 bekosta
816 1441 134 42 aflöning
973 1440 31 32 åt
1026 1441 67 31 sina
1116 1442 245 32 folkskolelärare
1393 1469 5 6 .
1424 1469 5 6 .
1455 1470 5 5 .
1485 1469 7 6 .
1516 1446 128 38 20,000:
1677 1466 32 4 —
1993 1451 3 52 |

425 1481 124 32 För
579 1483 221 43 undervisning
829 1485 11 31 i
870 1484 273 43 trädgårdsskötsel
1173 1487 56 30 och
1253 1487 242 43 trädplantering
1939 1522 2 13 i

534 1527 51 31 vid
609 1527 467 34 folkskolelärareseminarierna.
1114 1554 8 7 .
1147 1555 344 9 ............
1538 1534 103 38 6,000:
1668 1554 41 4 —
1939 1535 55 40 |

489 1570 61 31 Till
573 1571 186 41 uppförande
784 1573 32 31 af
835 1573 142 42 byggnad
997 1574 97 40 jemte
1117 1574 92 31 uthus
1233 1575 46 30 för
1301 1575 193 33 folkskolelä-
1939 1599 2 28 |

533 1616 259 31 rare-seminariet
816 1617 8 31 i
849 1617 179 32 Hernösand
1054 1644 5 6 .
1085 1643 406 10 ..............
1510 1622 132 49 29,500:
1677 1642 32 29 —
1818 1632 175 55 55,500/—]

422 1701 3 15 |
457 1697 312 52 Sundhets-kollegium
782 1717 17 18 :
1990 1695 4 64 |

488 1762 268 43 Löneförbättring
784 1765 46 31 för
859 1766 68 32 dess
952 1767 131 31 embets-
1108 1768 54 31 och
1188 1769 184 40 tjenstemän
1397 1770 81 31 samt
1501 1771 207 40 vaktbetjente
1729 1794 2 15 |
1819 1772 162 37 10,850
1956 1768 27 48 —

452 1841 398 44 Vetenskaps-akademien:

486 1903 59 31 För
569 1904 194 47 anskaffande
786 1905 33 31 af
839 1906 302 43 originalmålningar
1164 1908 33 31 af
1217 1909 106 31 växter
1345 1919 36 21 ur
1401 1909 142 42 Sveriges
1559 1910 75 32 flora
1651 1911 55 32 och

576 1949 180 39 utgifvande
780 1950 32 30 af
832 1950 178 42 teckningar
1033 1952 68 31 utaf
1121 1952 171 41 zoologiska
1314 1952 142 33 föremål.
1483 1980 5 6 .
1538 1956 102 31 1.200:
1667 1975 37 5 —

510 2018 13 10 »
565 1992 185 32 bekostande
774 1993 33 31 af
826 1994 145 40 plancher
995 1995 47 31 till
1065 1996 229 41 vetenskapliga
1317 1997 176 32 afhandlin-
1989 2038 3 8 |

577 2045 62 32 gar,
665 2037 127 31 afsedda
814 2039 46 30 att
883 2038 111 32 införas
1018 2039 10 31 i
1051 2040 195 31 akademiens
1269 2041 122 31 skrifter
1420 2067 6 6 .
1451 2067 5 5 .
1482 2068 4 4 «
1513 2039 125 57 10,500:
1665 2062 39 30 =
1818 2052 165 37 11,700
1957 2041 30 52 —

449 2122 187 40 Vitterhets-,
659 2124 158 33 Historie-
841 2126 54 31 och
919 2128 404 42 Antiqvitets-akademien:
1936 2137 2 30 |

484 2184 62 31 Till
579 2185 227 43 undersökning
842 2187 56 31 och
934 2187 188 43 beskrifning
1149 2189 33 31 af
1212 2189 261 33 fäderneslandets
1506 2191 200 32 fornlemnin-

583 2239 54 31 (2:
669 2230 4 50 4
682 2239 4 21 +
697 2256 2 5 9
735 2230 13 50 43
803 2256 661 11 Vr
1533 2237 104 35 53,000:
1665 2257 38 3 —
1726 2218 3 61 |
1854 2254 83 32 od

1267 2281 232 47 Transport
1507 2277 7 55 =
1515 2283 120 44 3,000:
1647 2283 54 30 —
1793 2285 186 44 247,050/—
