2206 2648
206 1382 130 29 Angående

171 1417 205 30 loneförbåttring
459 1425 34 15 anför

173 1453 49 30 for
240 1453 127 22 Sundhets-
395 1421 146 36 anförda

170 1488 98 30 kollegii
282 1488 94 23 embets-

866 125 99 32 Stats-
975 123 163 34 Utskottets
1166 121 171 35 Ullåtande
1360 121 65 32 N:o
1448 122 51 30 12.

382 209 215 50 uppförande
626 209 38 36 af
687 222 43 23 en
760 207 161 49 byggnad
949 207 77 36 med
1053 204 210 39 tillhörande
1294 204 101 36 uthus
1416 203 52 36 för
1487 198 499 55 follsskolelärareseminariet

381 262 17 36 i
423 261 222 37 Hernösand.

511 315 63 36 Uti
616 315 142 48 afgifvet
800 314 160 48 yttrande
1000 313 147 36 rörande
1188 324 42 23 en
1264 310 57 36 vid
1351 311 159 36 sednaste
1538 309 145 48 lagtima
1711 307 144 48 riksdag
1885 306 105 36 väckt

385 369 127 37 motion
543 381 53 24 om
627 367 309 50 byggnadsanslag
965 367 52 36 för
1043 365 153 37 nämnda
1224 364 225 36 seminarium
1476 362 157 36 uttalade
1660 359 198 38 dåvarande
1879 358 109 37 Stats-

385 422 143 37 Utskott
555 421 68 36 den
650 421 102 47 åsigt,
781 424 60 40 att,
869 420 108 35 innan
1005 419 119 48 dylika
1152 417 123 47 anslag
1303 416 201 48 beviljades,
1523 428 44 23 en
1585 413 188 48 utredning
1792 412 107 37 borde
1918 413 71 46 ske,

385 474 174 37 huruvida
599 474 76 36 icke
704 474 133 35 antalet
878 473 38 35 af
952 471 204 37 seminarier
1184 482 82 24 vore
1295 473 108 32 större
1431 473 45 31 än
1503 467 162 37 behofvet
1692 466 121 36 kräfde
1842 464 65 37 och
1935 477 56 23 om

383 529 77 35 icke
488 527 216 36 folkskolans
731 526 108 36 behof
864 526 37 35 af
924 525 113 36 lärare
1066 524 116 36 kunde
1211 522 198 48 tillgodoses
1436 521 79 36 med
1543 524 48 32 ett
1618 519 134 37 mindre
1781 518 95 37 antal
1900 517 92 36 läro-

387 581 102 46 verk;
517 579 247 48 medgifvande
792 578 190 46 Utskottet,
1010 577 93 36 hvad
1130 575 180 37 Norrland
1339 574 174 47 beträffar,
1541 577 50 32 att
1618 572 42 36 de
1688 576 94 32 stora
1810 571 182 36 afstånden

385 633 178 37 derstädes
604 632 120 48 gjorde
766 632 57 36 det
865 630 225 47 nödvändigt,
1133 633 50 31 att
1223 632 49 32 ett
1300 627 224 37 seminarium
1553 637 81 25 vore
1661 623 153 49 förlagdt
1841 623 11 36 i
1880 623 114 36 denna

385 686 55 35 del

738 684 123 35 Ehuru
902 683 204 35 nuvarande
1147 680 258 37 Stats-Utskott
1446 683 38 31 är
1518 679 38 35 af
1580 689 133 24 samma
1741 677 142 45 mening
1911 675 83 36 eller

386 743 50 32 att
463 737 268 48 ifrågavarande
760 735 243 36 läroanstalter
1031 735 76 35 icke
1134 734 85 35 böra
1248 745 83 23 vara
1357 731 85 36 flera
1470 735 43 31 än
1544 729 118 48 nödigt
1690 732 48 43 är,
1764 728 65 36 har
1850 727 144 36 Utskot-

387 796 58 42 tet,
489 791 44 35 då
573 790 142 48 upplyst
755 788 126 47 blifvit,
924 792 51 31 att
1016 786 199 37 seminariet
1255 786 10 35 i
1293 784 211 37 Hernösand
1533 776 133 66 genom.
1678 782 93 41 brist
1798 780 45 49 på
1870 780 126 47 tjenlig

386 843 95 37 lokal
508 843 148 47 nödgats
684 841 193 37 inskränka
917 840 54 36 sin
1001 837 222 38 verksamhet
1251 837 64 36 och
1344 841 49 32 att
1421 838 57 35 det
1507 835 108 36 under
1643 834 130 36 sådana
1800 832 195 37 förhållan-

387 897 66 36 den
495 895 113 36 skulle
650 894 53 36 för
744 893 187 37 framtiden
971 892 111 37 blifva
1109 890 160 48 omöjligt
1296 894 50 32 att
1375 890 90 36 förse
1492 886 239 38 folkskolorna
1759 885 93 37 inom
1881 885 116 36 denna

390 948 211 37 vidsträckta
645 948 55 35 del
741 947 39 35 af
816 947 119 35 landet
977 946 74 35 med
1090 943 206 47 tillräckligt
1324 943 96 35 antal
1448 941 171 47 skicklige
1647 940 122 44 lärare,
1798 941 115 33 ansett
1940 937 58 36 det

388 1015 84 23 vara
513 1000 37 37 af
587 1004 71 32 stor
699 1001 85 46 vigt,
826 1003 50 32 att
917 998 51 36 för
1009 996 268 48 ifrågavarande
1310 994 206 37 läroanstalt
1544 996 97 33 snart
1670 991 139 37 beredes
1837 1003 44 24 en
1909 1002 88 36 egen

388 1055 80 36 fullt
509 1053 276 46 ändamålsenlig
826 1051 107 47 lokal,
962 1050 142 36 hvartill
1132 1049 139 36 stadens
1299 1047 219 47 fullmäktige
1545 1046 103 36 äfven
1676 1044 149 49 upplåtit
1852 1056 42 23 en
1922 1043 75 36 väl-

390 1108 150 46 belägen
568 1106 65 36 och
661 1104 279 47 ändamålsenlig
970 1107 94 32 tomt.
1120 1101 182 38 Utskottet
1329 1100 193 48 tillstyrker
1551 1098 144 47 derföre,

787 1161 51 31 att
865 1157 53 34 till
948 1155 217 47 uppförande
1194 1153 39 35 af
1258 1154 167 46 byggnad
1452 1153 107 45 jemte
1588 1150 105 36 uthus
1722 1148 54 35 för
1807 1147 191 36 folkskole-

788 1206 318 38 lärareseminariet
1145 1206 11 34 i
1197 1204 210 36 Hernösand
1448 1203 108 35 måtte
1585 1202 52 36 för
1665 1201 39 35 år
1738 1201 91 35 1873
1859 1198 141 37 anvisas

789 1264 49 33 ett
865 1263 101 33 extra
994 1258 122 48 anslag
1144 1258 37 35 af
1207 1259 135 46 29,500
1371 1257 95 35 R:dr.

525 1370 88 34 30:0.
666 1366 63 36 Uti
770 1365 236 45 underdånigt
1035 1363 178 36 memorial
1241 1361 89 36 hade
1359 1358 337 47 Sundhets-kollegii
1724 1355 205 38 ordförande
1957 1356 45 47 på

582 1419 76 36 skäl
700 1418 50 47 (se
787 1415 377 49 statsrådsprotokollet
1191 1415 58 35 bil.
1290 1413 67 36 N:o
1399 1416 18 33 7
1449 1413 62 35 sid.
1542 1411 166 46 32-36)
1736 1408 187 47 hemställt,
1953 1411 51 32 att

395 1472 156 48 Kollegii
579 1471 243 47 aflöningsstat
849 1470 105 35 måtte
982 1469 208 35 bestämmas
1218 1467 55 35 till
1302 1466 152 47 följande
1482 1464 142 48 belopp:

174 1524 44 58 och
215 1522 161 59 tjenstemån
399 1529 15 32 |
443 1513 235 73 ordförande.
710 1551 78 7 ...
820 1550 45 7 se
897 1550 114 7 secs
1046 1549 39 7 se
1116 1548 115 7 rer
1262 1548 42 6 rr
1351 1547 63 6 rr
1446 1546 41 6 rt
1518 1544 117 8 Rs
1664 1514 82 35 R:dr
1805 1514 120 45 8,000:
1954 1533 49 5 —

217 1589 105 41 betjente.
398 1580 19 33 2
447 1576 248 39 medicinalrad
726 1576 20 34 å
775 1578 109 42 2,000
914 1573 86 36 R:dl
1041 1579 45 28 oc
1115 1600 42 7 os
1189 1599 42 7 ss
1265 1599 111 7 cr.
1412 1598 77 7 sco
1556 1596 81 8 tr
1693 1595 19 19 ”
1783 1562 141 54 10,000:
1962 1585 34 3 —

397 1633 19 33 2
728 1628 20 34 å
777 1629 110 45 Hhö00
942 1655 18 13 hy
1043 1654 79 6 rr
1184 1653 48 7 rr
1296 1651 120 7 rer
1481 1651 46 6 rr
1559 1649 77 6 ts
1692 1648 19 17 »
1806 1619 119 45 —9,000:
1955 1637 48 6 —

399 1686 12 32 1
442 1675 227 54 sekreterare
715 1707 186 8 oss
933 1701 704 12 rr
1502 1675 68 54 RK
1593 1675 48 54 ts
1694 1701 18 18 -
1807 1671 119 46 3,900:
1957 1689 47 5 —

398 1739 10 31 1
448 1727 227 54 kamererare
701 1727 203 54 -.soses
967 1758 157 8 reser
1190 1755 155 8 tr
1487 1754 43 7 RK
1571 1753 69 7 ts
1697 1752 18 18 -
1808 1724 119 45 3,0500:
1956 1741 47 5 —

401 1791 7 31 I
445 1786 229 36 ombudsman
703 1784 64 35 och
795 1783 101 35 fiskal
932 1811 6 6 .
969 1809 42 8 ..
1043 1805 593 12 sosse
1443 1778 57 56 se
1520 1778 50 56 se
1590 1778 50 56 cs
1693 1804 18 19 »
1806 1776 120 45 —-3,000:
1957 1795 46 3 —

400 1843 7 32 I
444 1838 161 36 aktuarie
633 1836 65 36 och
726 1836 205 47 registrator
966 1863 6 6 .
1003 1862 40 7 ..
1076 1857 561 12 ss...
1374 1829 56 58 sr
1447 1829 55 58 rr
1519 1829 56 58 rr
1592 1829 48 58 rs
1694 1857 19 18 »
1768 1822 22 57 —
1806 1828 121 45 2,500:
1958 1847 46 4 —

398 1896 11 31 |
443 1882 140 57 NOtarle€
611 1918 70 7 ooo
750 1916 42 8 sr
825 1916 39 7 rr
896 1915 42 7 rr
970 1914 115 8 rr
1263 1911 117 9 RK
1411 1911 42 7 RR
1484 1911 43 7 RK
1573 1910 65 7 Ks
1694 1909 18 18 »
1764 1875 26 57 —
1807 1881 110 45 2,200:
1959 1899 46 5 —

395 1946 19 34 3
445 1942 188 37 kanslister
661 1942 20 34 å
715 1942 105 45 1,000
850 1940 85 35 R:dr
968 1934 40 57 oc.
1042 1934 162 57 cocscs
1224 1964 155 7 ce
1516 1963 46 7 rr
1594 1962 42 7 rs
1692 1961 18 18 )
1807 1933 121 43 3,000:
1956 1951 49 5 —

399 1999 11 32 |
443 1970 245 71 vaktmästare
710 2021 7 6 .
748 2013 888 14 ......sscsrssr
1260 1970 94 71 rer
1371 1970 94 71 ser
1482 1970 89 71 ses
1588 1970 50 71 ss
1691 2013 19 18 »
1844 1984 84 35 550:
1958 2002 48 5 —

396 2051 15 32 1
474 2041 137 53 odto
653 2041 101 53 ooo
785 2066 849 13 ss
1458 2041 71 53 RK
1548 2041 90 53 KRt
1690 2065 18 18 -
1843 2037 84 34 450:
1957 2054 49 6 —

398 2104 15 32 1
447 2098 273 45 kammardräng
743 2123 156 9 ..ocs
930 2123 116 8 see
1078 2121 83 8 rek
1191 2120 187 8 errrr
1463 2118 174 9 RR
1694 2117 18 18 »
1845 2089 84 34 450:
1967 2107 40 5 —

401 2156 11 31 I
446 2151 127 35 arvode
602 2149 52 35 för
683 2148 220 47 granskning
930 2147 38 35 af
992 2144 450 46 medikamentsräkningar
1485 2171 39 6 ..
1559 2170 78 7 ...
1694 2170 18 17 »
1809 2141 118 45 1,200:
1959 2160 44 3 —

396 2204 53 35 till
477 2200 280 51 gratifikationer
785 2200 35 36 åt
847 2212 27 23 e.
904 2212 28 22 o.
962 2199 209 47 tjenstemän
1199 2196 64 36 och
1292 2195 238 48 vaktbetjente
1558 2223 5 6 .
1592 2223 6 6 .
1629 2222 7 7 .
1693 2222 18 17 »
1848 2193 80 34 150:
1957 2210 50 7 —

1498 2264 142 36 Summa
1668 2262 86 35 HK:dr
1781 2262 146 46 47,500:
1959 2281 45 4 —
