2224 2648
437 167 115 30 Första
576 166 216 29 kammarens
817 161 120 33 andra
962 163 170 38 tillfälliga
1158 162 140 29 utskotts
1321 160 174 30 utlåtande
1521 159 50 30 Nr
1596 161 30 28 2.
1815 158 15 29 1

974 670 59 40 Nr
1059 671 37 40 2,

803 843 110 23 Ankom
932 841 46 24 till
997 841 172 30 Riksdagens
1189 839 92 25 kansli
1300 840 53 23 den
1375 837 35 25 20
1432 838 121 25 februari
1573 835 69 27 1913
1662 838 37 23 kl.
1720 836 16 26 3
1757 844 21 16 e.
1802 844 35 17 ra.

449 988 124 34 Första
614 988 218 34 kammarens
876 987 131 34 andra
1050 984 179 45 tillfälliga
1270 985 141 34 utskotts
1444 983 180 35 utlåtande
1672 993 44 23 nr
1746 982 44 41 2,
1825 982 13 32 1

660 1060 186 43 anledning
875 1071 43 22 av
947 1059 78 34 herr
1058 1057 133 35 Lindhs
1219 1057 137 42 motion,
1386 1067 44 23 nr
1451 1056 58 42 96,
1532 1066 53 23 om
1602 1054 234 43 åvägabring-

658 1132 89 35 ande
775 1144 44 22 av
858 1131 182 42 utredning
1083 1129 58 35 och
1177 1127 140 44 förslag
1344 1128 14 33 i
1386 1126 90 45 syfte
1504 1130 50 31 att
1575 1125 257 46 partihandeln

660 1205 76 34 med
757 1204 189 45 petroleum
974 1203 57 35 må
1060 1203 128 34 ordnas
1213 1201 47 43 på
1291 1204 44 31 ett
1355 1199 64 43 för
1447 1200 289 34 konsumenterna
1765 1197 67 35 tul-

655 1276 278 43 fredsställande
961 1278 78 31 sätt.

340 1439 18 35 I
387 1450 46 23 en
461 1438 100 35 inom
595 1438 125 33 Första
760 1436 215 35 kammaren
1018 1434 111 35 väckt
1172 1433 149 43 motion,
1352 1445 58 22 n:r
1440 1433 60 42 96,
1532 1443 77 23 som
1638 1429 196 36 hänvisats

232 1493 57 35 till
318 1491 229 46 behandling
577 1503 45 23 av
650 1490 235 35 kammarens
930 1490 115 34 andra
1085 1487 187 46 tillfälliga
1313 1486 154 43 utskott,
1498 1485 68 35 har
1593 1485 86 34 herr
1707 1483 127 36 Lindh

234 1546 199 44 hemställt,
465 1548 53 32 att
546 1544 218 46 Riksdagen
807 1546 113 32 måtte
961 1542 145 35 besluta
1135 1544 54 33 att
1216 1541 13 34 i
1258 1540 179 35 skrivelse
1465 1538 57 36 till
1550 1538 140 46 Kungl.
1722 1537 112 48 Maj:t

234 1600 158 43 anhålla,
424 1600 63 34 det
514 1598 145 35 täcktes
688 1597 139 46 Kungl.
859 1596 119 48 Maj:t,
1009 1596 93 35 efter
1130 1594 233 46 vederbörlig
1387 1592 212 46 utredning,
1621 1591 211 46 framlägga

232 1654 137 46 förslag
398 1653 58 35 till
485 1652 133 35 sådant
645 1651 189 36 ordnande
870 1663 44 22 av
950 1649 262 47 partitandeln
1247 1648 84 34 med
1363 1647 215 46 petroleum,
1610 1649 54 31 att
1692 1644 140 36 konsu-

233 1711 211 32 menternas
472 1706 159 35 intresse
661 1708 47 43 på
736 1705 104 35 bästa
871 1706 72 33 sätt
971 1703 76 35 kan
1075 1703 227 46 tillgodoses.

342 1760 236 36 Beträffande
609 1760 72 34 den
709 1764 169 30 närmare
908 1756 270 47 motiveringen
1210 1756 56 35 för
1293 1755 162 35 nämnda
1485 1752 273 46 framställning
1781 1751 57 35 får

233 1815 184 36 utskottet
445 1814 155 35 bänvisa
629 1813 57 35 till
717 1813 199 35 motionen.

343 1923 190 35 Utskottet
561 1922 66 35 har
660 1922 193 42 inhämtat,
886 1923 53 32 att
972 1920 44 34 de
1049 1919 99 35 inom
1178 1918 418 45 finansdepartementet
1624 1914 211 36 tillkallade

235 1976 237 47 sakkunnige
514 1976 56 35 för
606 1975 202 46 utredning
838 1987 44 22 av
911 1973 250 36 förekomsten
1188 1972 14 35 i
1232 1971 151 46 Sverige
1413 1982 46 24 av
1486 1972 138 33 truster
1653 1969 69 35 och
1751 1967 85 36 kar-

234 2031 106 36 teller
371 2043 46 23 m.
449 2043 46 23 m.
527 2029 86 49 (den
638 2032 39 33 så
705 2029 149 35 kallade
883 2026 330 48 trustkommittén)
1241 2025 56 36 för
1325 2024 231 36 närvarande
1585 2023 68 35 har
1682 2023 73 34 den
1789 2034 48 23 av

236 2085 228 35 motionären
506 2084 156 35 berörda
704 2083 131 46 frågan
876 2082 120 35 under
1038 2079 244 48 omprövning
1311 2082 95 32 samt
1434 2081 54 32 att
1516 2078 45 35 de
1591 2076 245 46 sakkunnige

234 2139 190 46 igångsatt
453 2150 45 23 en
529 2137 148 47 allsidig
705 2136 203 45 utredning
936 2148 45 23 av
1011 2147 138 23 samma
1177 2134 114 46 fråga.
1337 2133 132 34 Denna
1497 2131 203 45 utredning
1720 2135 118 29 ämna

238 2194 44 34 de
307 2192 236 46 sakkunnige
572 2196 147 31 snarast
746 2190 145 47 möjligt
918 2189 219 46 framlägga.

327 2256 133 38 Bihang
485 2254 51 31 till
559 2254 212 38 Riksdagens
791 2252 163 39 protokoll
982 2252 92 29 1913.
1124 2253 42 27 12
1190 2251 94 29 saml.
1332 2251 20 27 2
1377 2250 69 29 avd.
1491 2250 20 27 2
1535 2249 82 37 häft.
1660 2247 63 38 (Nr
1751 2247 44 37 2)

1892 1432 149 26 Motionen.

1865 1916 143 27 Utsekattets
2019 1916 54 32 ytt-

1918 1951 95 26 rande.
