2202 2628
678 212 258 33 Statsutskottets
969 210 175 34 Utlåtande
1172 211 65 31 N:o
1268 212 51 29 70.
1697 206 40 32 11

200 296 318 38 kammararkivet
559 295 83 37 från
680 293 192 50 kollegiet,
903 293 70 37 och
1002 292 104 37 detta
1135 290 121 38 skulle
1284 289 98 38 dock
1410 289 114 37 hafva
1553 302 92 35 qvar
1673 287 120 37 under

202 349 59 38 sin
301 349 93 36 vård
438 351 42 34 så
506 348 94 49 godt
628 359 84 24 som
740 346 71 37 alla
845 345 47 37 de
920 344 239 49 handlingar,
1190 356 78 23 som
1297 341 115 38 rörde
1442 341 85 37 dess
1557 354 100 35 egen
1684 339 109 38 verk-

203 401 144 38 samhet
387 400 123 38 under
551 400 46 36 de
639 401 65 35 två
733 403 128 32 senast
889 400 153 46 gångna
1071 394 307 39 århundradena!
1434 393 59 37 En
1521 393 178 48 samling,
1729 404 64 24 en-

202 458 96 33 samt
326 453 73 37 den
428 466 81 24 mer
536 457 48 32 än
612 450 224 50 tillräckligt
863 449 245 49 betungande
1137 449 60 36 för
1225 453 54 31 ett
1306 445 296 39 administrativt
1631 445 162 37 embets-

202 506 93 37 verk
321 510 57 33 att
407 505 117 37 ordna
553 504 71 37 och
653 502 134 38 vårda!

304 558 51 36 Af
387 556 65 38 det
481 571 29 23 s.
539 556 36 36 k.
605 554 338 38 kammararkivets
972 553 115 37 serier
1116 551 177 38 daterade
1323 550 60 49 sig
1413 553 79 33 åter
1519 548 163 38 flertalet
1709 548 82 36 från

200 611 104 36 tiden
343 609 61 37 för
446 622 80 24 mer
565 613 48 31 än
657 608 74 36 200
772 610 39 34 år
852 606 168 47 tillbaka,
1050 605 85 36 från
1165 617 47 23 en
1239 603 67 48 tid,
1336 602 47 37 då
1412 605 41 34 så
1480 601 94 50 godt
1602 614 80 24 som
1709 599 85 38 hela

202 661 412 49 finansförvaltningen
659 659 113 50 lydde
812 658 121 37 under
974 658 73 36 den
1087 656 128 50 gamla
1255 654 394 38 »räknekammaren».
1718 652 76 37 Der

202 716 148 46 funnes,
380 714 68 37 allt
475 713 96 37 ifrån
600 712 108 49 kung
737 711 140 37 Göstas
906 708 326 50 nydaningsverk,
1261 705 315 52 representerade
1605 706 47 36 de
1672 705 120 36 första

201 766 305 50 begynnelserna
533 764 56 37 till
618 778 48 23 en
694 763 139 49 mängd
853 762 410 48 förvaltningsgrenar,
1283 759 132 37 hvilka
1435 758 115 37 sedan
1571 758 222 36 anförtrotts

201 822 37 34 åt
265 819 79 36 helt
371 818 119 37 andra
518 815 241 39 embetsverk
787 820 49 31 än
864 815 65 36 det
956 813 217 37 nuvarande
1203 810 364 49 kammarkollegiet.
1606 809 77 37 Der
1711 808 83 37 fun-

201 884 68 23 nes
310 871 46 36 de
386 870 123 37 äldsta
537 867 277 38 materialierna
844 866 60 37 för
933 866 183 37 historien
1145 878 60 23 om
1235 864 74 36 den
1338 868 145 32 statens
1511 862 182 37 inkomst-
1723 860 71 37 och

201 921 390 51 utgiftsförvaltning,
634 933 80 24 som
755 920 12 36 i
808 922 91 34 våra
941 919 117 48 dagar
1092 916 222 38 handhades
1342 915 43 37 af
1411 915 290 42 statskontoret;
1732 926 59 23 om

201 973 464 51 räkenskapskontrollen,
695 985 81 24 som
803 985 52 23 nu
884 970 177 37 tillhörde
1090 970 316 42 kammarrätten;
1437 980 59 23 om
1524 964 269 46 tullväsendet;

203 1041 59 23 om
290 1026 308 50 myntväsendet;
630 1038 60 23 om
719 1024 73 37 den
819 1022 149 49 vigtiga
995 1022 145 37 vården
1168 1034 59 23 om
1256 1019 274 49 bergslagerna
1559 1018 71 37 och
1659 1031 60 23 om
1745 1016 50 37 ri-

201 1080 88 37 kets
320 1079 136 50 sjöfart
485 1078 69 37 och
582 1076 140 38 handel
749 1090 48 23 m.
827 1090 62 32 m.,
918 1075 60 37 för
1004 1073 149 38 hvilket
1181 1072 66 38 allt
1276 1072 98 37 efter
1402 1071 100 37 hand
1531 1070 156 50 skapats
1718 1073 77 32 sär-

204 1132 122 37 skilda
368 1129 436 48 embetsförvaltningar.
861 1126 136 38 Dertill
1038 1126 153 37 komme
1233 1125 112 37 också
1387 1123 199 46 särskilda,
1616 1126 49 32 än
1692 1134 102 24 mera

203 1183 205 38 fristående
438 1182 218 49 samlingar,
686 1190 119 27 såsom
834 1185 24 31 t.
890 1194 57 23 ex.
978 1179 63 37 det
1070 1178 205 49 vigtigaste
1303 1177 41 36 af
1361 1176 46 37 de
1426 1176 108 36 forna
1553 1173 239 38 reduktions-

202 1236 339 48 myndigheternas
574 1233 118 46 arkiv,
723 1233 100 36 vissa
853 1231 153 50 spillror
1034 1230 40 37 af
1101 1229 174 37 enskilda
1303 1240 202 38 personers
1533 1226 106 37 arkiv
1670 1239 44 22 m.
1745 1239 47 22 m.

204 1288 79 37 Allt
311 1288 107 36 detta
446 1287 96 36 hade
570 1285 87 37 med
684 1283 327 49 kammarkollegii
1039 1281 218 37 nuvarande
1277 1279 242 38 verksamhet
1539 1281 41 33 så
1597 1278 96 48 godt
1712 1290 83 23 som

201 1341 96 36 intet
335 1344 55 32 att
428 1339 129 37 skaffa.
612 1336 166 37 Hvarför
815 1335 121 38 skulle
974 1335 46 36 då
1049 1334 88 37 dess
1166 1333 91 37 vård
1294 1331 161 49 alltjemt
1481 1331 169 47 betunga
1679 1329 116 37 kolle-

204 1392 106 49 giet?
366 1391 81 37 Och
477 1390 98 37 hvad
604 1403 80 23 som
713 1388 12 37 i
752 1391 89 34 våra
871 1388 116 48 dagar
1015 1386 67 37 allt
1109 1386 78 36 fort
1214 1384 157 38 tillflutit
1399 1382 318 38 kammararkivet
1743 1404 3 3 -

203 1459 61 22 om
296 1444 117 36 också
441 1443 60 37 för
527 1441 234 38 närvarande
789 1440 176 49 tilloppet
993 1442 48 46 på
1068 1437 125 49 grund
1218 1437 41 37 af
1274 1436 193 38 bristande
1487 1440 186 44 utrymme
1693 1438 101 45 spär-

202 1502 76 31 rats
320 1518 46 3 —
411 1495 194 48 nemligen
647 1494 46 35 de
728 1492 220 37 reviderade
977 1489 446 49 kronoräkenskaperna,
1453 1487 62 37 det
1544 1487 150 36 komme
1722 1487 73 35 icke

202 1549 84 36 från
314 1548 373 47 kammarkollegium,
716 1550 87 31 utan
833 1545 85 36 från
946 1544 285 36 kammarrätten
1259 1542 69 35 och
1356 1540 220 37 förvarades
1597 1538 60 37 för
1677 1537 119 49 öfrigt

203 1600 120 38 delvis
353 1600 32 49 ej
418 1613 69 23 ens
513 1599 12 36 i
558 1597 330 46 kammararkivet,
918 1600 91 33 utan
1039 1607 89 25 vore
1158 1595 41 35 af
1223 1592 208 50 kollegium
1460 1590 233 51 deponeradt
1716 1590 80 49 just

205 1653 69 36 hos
302 1651 240 38 riksarkivet.

306 1749 128 42 Äfven
463 1754 58 36 för
548 1767 49 22 nu
626 1751 196 51 pågående
851 1750 301 50 detaljordnande
1179 1750 46 49 af
1249 1748 299 37 kammararkivet
1567 1745 119 37 skulle
1705 1750 90 31 utan

204 1807 134 36 tvifvel
380 1820 48 23 en
472 1810 170 32 närmare
685 1803 177 48 förening
891 1802 139 37 mellan
1057 1801 99 37 riks-
1185 1800 69 37 och
1282 1798 329 38 kammararkiven
1640 1810 89 23 vara
1757 1797 42 36 af

205 1859 152 49 mycket
399 1871 116 37 gagn.
570 1857 75 36 Det
687 1869 87 24 vore
802 1856 98 36 först
929 1854 70 37 och
1028 1853 136 37 främst
1191 1852 197 49 naturligt,
1418 1856 54 31 att
1500 1851 74 36 den
1602 1849 82 37 rika
1712 1849 84 37 sak-

204 1912 175 49 kunskap
424 1911 72 35 och
537 1910 71 36 den
644 1908 221 49 mångåriga
894 1906 217 37 erfarenhet
1139 1905 64 36 vid
1232 1904 129 49 dylika
1389 1903 168 46 arbeten,
1587 1915 82 24 som
1697 1901 98 37 före-

204 1965 135 35 funnes
383 1963 11 35 i
437 1961 238 45 riksarkivet,
719 1959 219 49 derigenom
982 1957 119 38 skulle
1130 1960 48 46 på
1207 1962 54 31 ett
1288 1956 80 36 helt
1396 1961 115 30 annat
1539 1958 80 32 sätt
1646 1954 149 35 komma

206 2015 102 36 detta
349 2014 131 37 arbete
518 2013 55 36 till
601 2012 101 48 godo
731 2016 47 31 än
807 2010 120 37 under
954 2009 219 37 nuvarande
1202 2007 273 46 förhållanden,
1505 2006 46 36 då
1578 2008 128 45 någon
1735 2007 57 33 så-

205 2067 75 36 dan
321 2065 227 37 samverkan
589 2064 83 36 icke
707 2063 233 36 förefunnes.
996 2060 231 49 Betydelsen
1257 2059 105 37 häraf
1394 2057 229 37 framträdde
1651 2055 144 50 ytterli-

205 2131 104 34 gare,
352 2117 58 46 då,
441 2116 120 47 enligt
589 2120 55 31 ett
672 2115 42 36 af
737 2112 355 51 tjenstförrättande
1123 2110 385 38 kammararkivarien
1536 2109 72 36 den
1641 2110 43 34 19
1714 2121 79 35 sep-

206 2169 146 37 tember
374 2169 99 35 1900
494 2167 127 36 aflåtet
642 2165 190 37 memorial
853 2164 224 49 (refereradt
1096 2163 12 35 i
1129 2159 522 51 statsverkspropositionen),
1671 2159 123 36 »kam-

206 2219 249 38 mararkivets
497 2232 95 34 egen
637 2217 155 48 fåtaliga
833 2215 175 50 personal
1051 2220 150 42 strängt
1241 2221 109 41 tages
1384 2213 12 36 i
1424 2212 163 49 anspråk
1616 2211 40 36 af
1680 2210 116 37 andra

206 2271 377 49 tjensteåligganden
612 2269 69 37 och
709 2274 139 43 ytterst
876 2267 120 37 sällan
1025 2267 74 36 kan
1129 2279 97 36 egna
1253 2272 129 41 någon
1411 2264 53 36 tid
1493 2267 37 32 åt
1558 2262 121 50 dylikt
1707 2262 84 37 ord-

206 2324 276 50 ningsarbete»:
525 2320 225 51 tillräckliga
790 2319 192 51 garantier
1024 2323 132 45 syntes
1199 2317 154 38 sålunda
1386 2316 83 37 icke
1502 2316 122 37 finnas
1654 2315 57 37 för
1740 2318 55 33 att
