1883 2835
435 120 387 33 Jordbruksutskottets
844 125 177 31 utlåtande
1041 135 43 20 nr
1103 127 21 30 8
1143 127 40 30 år
1204 128 84 31 1967
1591 135 13 29 1

809 369 103 36 Nr
886 365 29 50 8

341 468 184 32 Utlåtande
554 471 12 29 i
591 472 188 41 anledning
805 483 42 21 av
874 475 126 40 Kungl.
1027 477 125 39 Maj:ts
1180 479 216 39 proposition
1424 481 179 40 angående

560 525 200 40 utbyggnad
795 537 41 20 av
870 530 167 37 systemet
1061 531 81 30 med
1167 532 434 43 växtförädlingsavgifter,

557 587 45 22 m.
622 588 56 28 m.,
697 580 109 39 jämte
826 581 11 30 i
854 582 119 30 ämnet
992 583 121 31 väckta
1133 585 181 32 motioner.

160 682 12 29 I
193 682 91 31 årets
307 685 410 42 statsverksproposition
737 689 64 30 har
823 690 124 40 Kungl.
969 692 106 40 Maj:t
1096 694 111 29 under
1229 694 126 31 nionde
1378 696 222 32 huvudtiteln

120 736 48 40 (p.
187 737 26 29 F
235 738 55 34 13)
314 739 179 40 föreslagit
511 741 187 40 riksdagen
718 745 50 28 att
786 744 53 29 till
857 745 128 40 Bidrag
1003 746 53 29 till
1075 747 70 30 viss
1165 748 175 39 praktiskt
1361 752 239 40 vetenskaplig

112 791 261 41 växtförädling
388 793 54 30 för
457 794 204 40 budgetåret
680 796 146 40 1967/68
843 799 121 29 anvisa
980 801 47 28 ett
1043 800 273 42 förslagsanslag
1332 813 42 20 av
1391 804 63 31 610
1467 805 62 30 000
1546 806 52 30 kr.

159 844 202 32 Sedermera
378 847 65 30 har
460 848 125 40 Kungl.
603 850 106 39 Maj:t
726 851 11 29 i
756 860 41 20 en
816 852 67 29 den
904 853 37 29 17
961 853 155 31 februari
1137 855 81 31 1967
1239 857 217 39 dagtecknad
1474 868 124 32 propo-

113 898 114 35 sition,
249 909 42 20 nr
313 899 50 36 37,
386 901 178 40 angående
586 903 200 41 utbyggnad
808 915 42 20 av
872 908 165 38 systemet
1059 909 79 30 med
1161 910 435 43 växtförädlingsavgifter,

112 961 45 20 m.
172 962 55 25 m.,
246 954 116 29 vilken
380 955 180 31 hänvisats
579 957 52 29 till
649 958 373 39 jordbruksutskottet,
1043 963 111 29 under
1174 963 218 41 åberopande
1413 976 42 20 av
1469 965 128 47 Ppropo-

113 1006 148 30 sitionen
288 1007 107 41 bilagt
423 1009 126 40 utdrag
577 1020 42 20 av
648 1013 380 40 statsrådsprotokollet
1058 1016 79 30 över
1165 1017 346 39 jordbruksärenden
1541 1021 55 31 för

113 1069 134 22 samma
266 1061 75 40 dag,
362 1062 179 41 föreslagit
560 1064 187 41 riksdagen
767 1068 50 28 att

155 1114 73 30 dels
246 1117 82 28 anta
346 1116 122 30 därvid
486 1117 124 40 fogade
628 1118 130 41 förslag
775 1120 53 30 till

156 1168 34 34 1)
219 1168 207 42 förordning
452 1180 57 20 om
535 1172 226 40 obligatorisk
789 1175 305 42 statsplombering
1121 1187 42 21 av
1190 1180 227 31 utsädesvara
1444 1182 65 30 och
1537 1192 56 21 om

108 1222 399 42 växtförädlingsavgift,

153 1276 36 33 2)
219 1276 206 41 förordning
445 1279 178 39 angående
645 1281 133 30 ändrad
799 1282 129 39 lydelse
950 1293 42 20 av
1013 1284 17 30 3
1055 1284 15 37 $
1094 1286 250 41 förordningen
1367 1289 66 29 den
1459 1290 37 30 12
1519 1291 70 40 maj

110 1329 80 30 1961
218 1330 59 34 (nr
299 1331 77 34 145)
401 1340 57 21 om
477 1333 397 42 växtförädlingsavgift,

152 1383 73 29 dels
243 1384 64 29 ock
325 1384 122 30 bifalla
465 1386 56 29 det
541 1386 130 41 förslag
689 1388 11 29 i
719 1389 110 39 övrigt
848 1398 56 21 om
923 1400 79 21 vars
1022 1392 183 31 avlåtande
1224 1394 52 30 till
1296 1395 187 41 riksdagen
1503 1398 89 31 före-

107 1437 175 39 dragande
305 1438 385 40 departementschefen
712 1442 188 31 hemställt.

150 1545 49 29 De
215 1545 53 30 till
284 1547 262 39 propositionen
563 1557 42 21 nr
623 1548 39 30 37
682 1549 122 40 fogade
824 1550 406 45 författningsförslagen
1249 1557 37 29 är
1306 1566 42 21 av
1366 1557 156 42 följande
1541 1560 49 40 ly-

106 1599 109 29 delse:

771 1725 145 44 Förslag

823 1793 53 30 till

733 1859 219 45 Förordning

99 1936 61 20 om
175 1924 230 44 obligatorisk
421 1928 308 45 statsplombering
745 1943 45 21 av
805 1932 229 34 utsädesvara
1046 1934 68 33 och
1126 1947 60 21 om
1197 1937 391 46 växtförädlingsavgift

143 2028 211 40 Härigenom
379 2030 184 32 förordnas
588 2042 74 20 som
686 2033 113 41 följer.

817 2107 61 37 18.

142 2153 129 30 Utsäde
295 2164 42 20 av
358 2157 138 38 potatis,
522 2158 145 35 stråsäd,
691 2160 170 35 trindsäd,
885 2162 226 40 vallbaljväxt
1135 2165 82 29 eller
1239 2167 150 39 vallgräs
1412 2168 55 30 för
1489 2169 95 39 jord-

98 2198 286 37 bruksändamål,
407 2201 88 35 beta,
517 2202 124 36 kålrot,
664 2213 92 26 rova,
780 2201 269 49 fodermärgkål,
1073 2209 279 42 grönfoderraps,
1375 2222 91 30 raps,
1489 2210 92 48 rybs,

98 2242 158 41 vitsenap
275 2244 82 30 eller
376 2246 181 39 oljedådra
576 2248 54 30 får
649 2249 76 30 icke
744 2250 180 31 avlämnas
942 2252 53 29 till
1014 2253 139 40 köpare,
1176 2264 74 21 som
1269 2256 70 30 kan
1359 2260 144 38 antagas
1523 2269 59 20 an-

97 2288 114 29 vända
232 2288 57 30 det
310 2289 52 30 till
385 2291 133 35 utsäde,
541 2293 82 29 eller
645 2293 95 31 föras
761 2296 39 28 ut
821 2305 42 19 ur
884 2296 118 30 landet
1024 2300 107 28 annat
1154 2300 44 29 än
1220 2300 11 30 i
1253 2301 232 42 förpackning
1507 2314 75 20 som

96 2332 37 29 är
155 2333 171 30 tillsluten
349 2335 66 29 och
437 2335 143 32 försedd
602 2338 80 30 med
704 2339 333 41 plomberingsbevis
1060 2344 106 39 enligt
1189 2345 310 33 bestämmelserna
1522 2359 57 20 om

98 2376 307 43 statsplombering
430 2390 42 21 av
497 2382 236 31 utsädesvara.
760 2384 76 31 Vad
862 2394 76 22 som
964 2388 94 38 sagts
1084 2397 48 20 nu
1159 2389 106 39 gäller
1291 2391 29 40 ej
1350 2392 58 29 vid
1434 2395 148 29 enstaka

98 2420 211 42 försäljning
327 2425 86 29 utan
431 2425 177 41 offentligt
627 2428 121 35 utbud,
767 2438 58 21 om
843 2430 154 40 säljaren
1015 2432 94 30 odlat
1128 2435 138 30 utsädet
1285 2436 66 29 och
1369 2437 76 30 icke
1462 2439 119 39 yrkes-

96 2466 145 40 mässigt
261 2468 115 30 driver
395 2469 128 31 handel
544 2473 79 29 med
643 2473 255 32 utsädesvaror.

128 2532 16 24 1
182 2530 112 31 Bihang
307 2532 46 23 till
364 2532 171 32 riksdagens
545 2535 148 30 protokoll
704 2536 77 25 1967.
793 2537 32 24 10
837 2538 82 24 saml.
930 2539 41 24 Nr
989 2544 13 20 8
