1898 2833
452 181 402 40 Bevillningsutskottets
874 184 217 31 betänkande
1110 196 41 19 nr
1171 187 39 29 15
1227 187 38 30 år
1284 188 84 30 1969
1632 191 18 29 3

212 259 240 41 Länsstyrelse
473 262 81 39 äger
573 263 106 39 enligt
700 263 18 30 2
741 264 16 37 8
779 265 112 30 andra
911 266 133 39 stycket
1066 267 251 41 förordningen
1337 270 66 30 den
1425 271 18 30 2
1464 272 79 39 juni
1566 273 83 29 1922

173 313 57 33 (nr
251 313 81 35 260)
356 323 57 21 om
433 317 287 30 automobilskatt
741 319 120 39 medge
881 320 160 30 befrielse
1062 321 80 30 från
1161 323 206 40 skatteplikt
1388 325 54 30 för
1462 326 93 30 vissa
1576 327 73 40 slag

167 376 42 20 av
231 368 243 30 motorfordon
497 370 110 30 under
631 371 253 42 förutsättning
906 376 51 28 att
979 375 266 39 ifrågavarande
1269 378 126 30 fordon
1419 380 59 39 ägs
1503 390 41 20 av
1567 381 81 39 hög-

167 421 137 40 gradigt
323 422 247 31 invalidiserad
591 433 136 31 person,
751 436 74 20 som
846 428 147 30 innehar
1015 429 144 31 körkort
1180 431 55 29 för
1256 431 146 35 förande
1425 443 42 20 av
1489 434 159 30 fordonet

167 476 64 28 och
255 485 74 20 som
352 476 54 30 för
430 478 54 29 sin
506 478 257 42 huvudsakliga
785 481 382 33 förvärvsverksamhet
1191 486 81 29 eller
1295 486 54 30 för
1373 487 55 30 sin
1450 488 198 40 utbildning

168 529 37 29 är
228 530 173 40 varaktigt
425 531 171 31 beroende
621 542 41 20 av
686 534 159 31 fordonet
871 536 115 30 såsom
1011 537 396 41 fortskaffningsmedel.
1432 541 77 30 Kan
1534 542 114 30 fordo-

168 585 75 28 nets
267 585 101 38 ägare
391 585 53 30 till
468 586 88 39 följd
580 597 42 19 av
645 588 53 29 sin
722 589 193 32 invaliditet
937 591 76 30 icke
1037 592 131 30 erhålla
1191 594 144 30 körkort
1359 595 54 29 för
1437 596 145 30 förande
1607 607 40 19 av

166 636 170 36 fordonet,
359 639 58 29 må
437 639 250 40 länsstyrelsen
709 642 86 29 efter
819 644 140 29 samråd
980 645 79 29 med
1081 646 480 42 arbetsmarknadsstyrelsen
1583 651 64 28 lik-

166 691 54 28 väl
242 691 121 40 medge
383 692 170 36 befrielse,
576 703 55 21 om
654 696 126 39 ägaren
801 697 45 39 på
866 699 114 38 grund
1001 708 42 20 av
1065 700 53 29 sin
1139 700 193 32 invaliditet
1355 703 37 29 är
1413 704 170 30 beroende
1606 714 41 20 av

166 744 160 30 fordonet
354 746 53 29 för
433 749 177 38 transport
637 749 52 29 till
716 751 64 28 och
807 751 80 30 från
914 753 253 39 arbetsplatsen
1194 755 80 29 eller
1302 757 343 40 utbildningsstället.

165 798 167 30 Närmare
352 800 219 30 föreskrifter
590 804 10 28 i
620 802 98 40 fråga
736 813 56 20 om
810 805 267 40 tillämpningen
1096 808 176 31 meddelas
1291 819 42 20 av
1350 810 195 41 Konungen
1564 812 81 29 eller

165 851 66 30 den
254 853 204 40 myndighet
481 864 74 21 som
578 856 195 41 Konungen
795 859 220 31 bestämmer.
1038 861 125 40 Kungl.
1187 863 105 39 Maj:t
1314 864 64 29 har
1401 865 185 40 uppdragit
1611 867 34 29 ål

164 906 416 41 riksförsäkringsverket
605 912 60 33 att,
692 911 87 30 efter
806 913 139 30 samråd
971 915 79 29 med
1075 916 481 42 arbetsmarknadsstyrelsen
1582 921 64 28 och

165 960 367 41 medicinalstyrelsen,
554 964 159 31 meddela
734 966 131 31 sådana
885 968 229 31 föreskrifter.

208 1014 117 40 Enligt
342 1015 18 29 6
379 1016 15 36 8
412 1016 250 41 förordningen
679 1019 66 29 den
763 1020 39 29 23
820 1022 186 30 november
1026 1023 81 30 1956
1130 1024 57 33 (nr
1205 1025 79 35 545)
1307 1027 177 39 angående
1502 1030 143 29 omsätt-

166 1068 197 39 ningsskatt
379 1070 44 38 på
439 1071 240 31 motorfordon
695 1074 11 29 i
722 1074 92 29 vissa
831 1075 61 29 fall
909 1077 37 28 är
963 1076 134 36 fordon,
1115 1078 105 30 vilket
1238 1080 105 39 enligt
1359 1081 44 29 bl.
1417 1091 29 20 a.
1464 1082 17 29 2
1501 1082 14 36 8
1535 1083 109 29 första

165 1122 133 38 stycket
324 1124 34 33 c)
388 1123 416 43 bilskatteförordningen
831 1128 136 32 funnits
993 1140 82 21 vara
1102 1132 155 31 frikallat
1284 1134 80 29 från
1389 1135 255 41 bilskatteplikt

164 1175 81 29 eller
277 1176 106 30 vilket
415 1178 105 40 enligt
553 1180 49 36 283
636 1181 110 30 andra
778 1183 133 39 stycket
944 1194 134 21 samma
1109 1186 206 41 förordning
1346 1198 42 20 av
1419 1190 224 39 länsstyrelse

162 1229 145 30 befriats
330 1230 82 30 från
431 1232 265 40 bilskatteplikt,
721 1236 85 29 även
828 1237 126 30 befriat
977 1238 80 30 från
1079 1240 330 40 omsättningsskatt
1432 1243 118 30 såvida
1573 1245 71 28 inte

163 1283 249 39 länsstyrelsen
437 1286 11 28 i
475 1288 169 29 samband
670 1289 79 29 med
774 1290 148 32 beslutet
948 1301 57 20 om
1032 1293 275 31 skattebefrielse
1332 1314 44 3 —
1401 1296 44 30 då
1471 1298 173 30 särskilda

164 1337 74 29 skäl
265 1338 117 30 därtill
409 1340 36 28 är
469 1358 45 3 —
539 1341 181 31 förordnat
746 1346 49 27 att
822 1344 197 42 återbäring
1045 1356 41 20 av
1111 1348 117 39 erlagd
1254 1351 329 39 omsättningsskatt
1610 1353 30 38 ej

164 1391 87 29 skall
272 1392 63 39 äga
352 1402 89 20 rum.

206 1445 74 29 Den
307 1455 74 20 som
406 1447 141 39 jämlikt
574 1451 239 37 nyssnämnda
839 1452 261 32 bestämmelser
1126 1456 10 29 i
1162 1456 415 42 bilskatteförordningen
1606 1461 36 28 är

163 1498 165 30 frikallad
357 1500 80 30 från
466 1502 204 40 skatteplikt
699 1505 36 29 är
765 1506 105 39 enligt
900 1507 248 41 förordningen
1178 1510 66 29 den
1274 1511 39 29 25
1344 1513 184 29 november
1560 1514 82 29 1960

168 1553 57 28 (nr
245 1553 80 34 603)
349 1563 56 21 om
423 1555 121 41 bidrag
562 1557 52 29 till
633 1558 146 30 vanföra
799 1560 100 39 ägare
919 1571 41 19 av
979 1563 238 30 motorfordon
1237 1565 194 40 berättigad
1450 1568 52 28 till
1521 1568 122 40 bidrag

162 1615 42 19 av
226 1607 178 30 allmänna
427 1610 121 29 medel.
573 1611 101 29 Detta
698 1613 72 29 s.k.
793 1613 363 45 bensinskattebidrag
1180 1619 36 28 är
1240 1619 54 29 för
1317 1620 71 30 helt
1412 1621 38 29 år
1472 1622 169 30 beräknat

161 1660 50 28 till
235 1660 134 40 belopp,
394 1671 74 21 som
491 1666 194 28 motsvarar
708 1667 138 29 skatten
869 1668 54 30 för
945 1669 70 30 viss
1038 1672 10 29 i
1072 1671 249 40 förordningen
1344 1674 147 39 angiven
1514 1676 128 39 mängd

162 1714 123 30 bensin
303 1716 81 29 eller
402 1717 186 40 brännolja
605 1737 44 3 —
666 1720 63 30 480
747 1730 89 30 resp.
856 1722 61 31 340
936 1723 87 30 liter.

206 1768 221 31 Gemensamt
461 1771 54 29 för
548 1772 41 29 de
622 1773 177 39 återgivna
831 1775 310 33 bestämmelserna
1173 1789 55 20 om
1265 1781 287 31 skattelättnader
1588 1785 54 28 för

160 1821 270 41 handikappade
454 1825 37 29 är
515 1827 50 28 att
590 1835 75 21 som
687 1828 125 30 villkor
835 1829 120 30 härför
980 1833 186 37 uppställts
1191 1836 49 27 att
1265 1834 160 32 fordonet
1448 1837 110 30 måste
1583 1848 58 19 an-

161 1876 132 30 vändas
323 1877 53 29 för
405 1878 382 34 förvärvsverksamhet
816 1883 81 30 eller
926 1885 207 40 utbildning.
1164 1888 12 28 I
1206 1888 131 31 sådana
1366 1890 61 30 fall
1456 1891 70 29 kan
1556 1893 84 28 även

162 1929 480 42 arbetsmarknadsstyrelsen
662 1935 118 30 lämna
799 1936 121 41 bidrag
940 1939 52 29 till
1012 1940 234 31 anskaffande
1267 1951 41 20 av
1327 1943 230 32 invalidbilar.

205 1983 116 40 Enligt
339 1985 18 29 3
378 1985 15 36 $
412 1986 232 39 kungörelsen
663 1997 56 21 om
738 1990 210 41 statsbidrag
965 1993 52 28 till
1035 1994 92 29 vissa
1145 1994 212 40 hjälpmedel
1376 1997 54 30 för
1448 1998 193 41 handikap-

161 2036 88 39 pade
271 2038 91 34 (SFS
381 2039 98 31 1965:
495 2040 80 34 544)
597 2042 101 39 utgår
716 2044 210 40 statsbidrag
943 2047 87 28 även
1046 2048 64 29 när
1126 2048 65 29 den
1211 2058 73 21 som
1302 2051 195 31 ordinerats
1515 2056 126 26 motor-

161 2090 121 30 driven
297 2091 222 42 invalidvagn
536 2094 11 29 i
564 2095 113 30 stället
695 2096 54 30 för
767 2097 110 31 sådan
891 2107 91 31 vagn
997 2100 138 31 erhållit
1151 2102 274 42 kontantbelopp
1443 2106 54 29 för
1514 2107 68 39 köp
1600 2117 42 20 av

159 2144 191 30 invalidbil.
371 2146 103 30 Detta
493 2148 105 38 gäller
620 2150 110 29 under
751 2150 252 43 förutsättning
1024 2156 49 27 att
1094 2155 69 29 han
1185 2156 87 29 efter
1292 2158 243 31 ordinationen
1557 2161 83 39 köpt

159 2198 109 30 sådan
287 2200 59 34 bil,
368 2210 75 21 som
462 2202 70 29 han
553 2203 65 30 har
637 2205 69 29 rätt
727 2206 49 28 att
797 2205 77 31 föra
895 2207 99 39 själv,
1016 2210 65 28 och
1102 2209 75 30 icke
1199 2212 137 30 erhållit
1359 2215 210 41 statsbidrag
1588 2217 52 28 till

160 2251 115 30 denna
289 2252 12 29 i
315 2262 118 21 annan
447 2254 158 41 ordning.
623 2256 214 42 Statsbidrag
853 2260 100 39 utgår
970 2262 121 29 endast
1108 2263 53 29 för
1177 2264 222 41 invalidvagn
1415 2276 74 20 som
1505 2269 135 29 ordine-

160 2307 72 27 rats
251 2315 41 20 av
308 2306 94 31 vissa
417 2308 11 29 i
445 2308 233 40 kungörelsen
696 2312 149 39 angivna
861 2314 261 38 tjänsteläkare.
1143 2317 12 29 I
1174 2318 97 39 fråga
1289 2328 56 21 om
1362 2320 108 40 inköp
1488 2331 42 20 av
1547 2323 93 29 inva-

157 2359 98 31 lidbil
279 2361 102 40 utgår
405 2363 210 42 statsbidrag
638 2366 79 30 med
739 2367 125 40 belopp
888 2377 75 22 som
988 2372 194 29 motsvarar
1206 2373 309 43 kontantbeloppet
1540 2378 12 29 i
1575 2379 65 29 den

159 2412 82 30 mån
265 2413 94 31 detta
383 2415 75 30 icke
483 2417 187 40 överstiger
694 2419 111 41 skälig
827 2420 151 32 kostnad
1002 2423 54 31 för
1080 2425 235 32 anskaffande
1339 2437 42 21 av
1405 2431 233 30 motordriven

160 2466 232 41 invalidvagn.
409 2469 122 31 Denna
547 2471 151 31 kostnad
715 2475 208 38 uppskattas
941 2477 23 29 f.
983 2486 32 21 n.
1032 2478 53 29 till
1115 2478 6 30 2
1136 2479 130 31 000—2
1279 2481 63 31 300
1359 2483 52 29 kr.

203 2520 137 41 Frågan
357 2531 58 21 om
430 2533 42 20 en
490 2525 147 40 översyn
654 2536 42 20 av
712 2527 41 30 de
769 2528 289 41 handikappades
1075 2532 245 33 förhållanden
1337 2537 10 29 i
1364 2538 65 29 vad
1447 2548 97 20 avser
1561 2541 78 38 väg-

159 2584 37 28 1+
210 2602 44 3 -—
266 2585 136 41 Bihang
419 2586 51 31 till
486 2587 205 42 riksdagens
708 2591 175 39 protokoll
901 2593 93 31 1969.
1014 2594 18 30 7
1048 2595 99 30 saml.
1166 2597 48 29 Nr
1233 2598 40 29 15
