<?xml version="1.0" encoding="UTF-8"?>
<alto xmlns="http://www.loc.gov/standards/alto/ns-v3#" xmlns:xlink="http://www.w3.org/1999/xlink" xmlns:xsi="http://www.w3.org/2001/XMLSchema-instance" xsi:schemaLocation="http://www.loc.gov/standards/alto/ns-v3# http://www.loc.gov/alto/v3/alto-3-0.xsd">
	<Description>
		<MeasurementUnit>pixel</MeasurementUnit>
		<sourceImageInformation>
			<fileName>/tmp/tess_ktw9k9t7_input.PNG</fileName>
		</sourceImageInformation>
		<OCRProcessing ID="OCR_0">
			<ocrProcessingStep>
				<processingSoftware>
					<softwareName>tesseract 5.3.0</softwareName>
				</processingSoftware>
			</ocrProcessingStep>
		</OCRProcessing>
	</Description>
	<Layout>
		<Page WIDTH="1899" HEIGHT="2831" PHYSICAL_IMG_NR="0" ID="page_0">
			<PrintSpace HPOS="0" VPOS="0" WIDTH="1899" HEIGHT="2831">
				<ComposedBlock ID="cblock_0" HPOS="439" VPOS="166" WIDTH="1197" HEIGHT="46">
					<TextBlock ID="block_0" HPOS="439" VPOS="166" WIDTH="1197" HEIGHT="46">
						<TextLine ID="line_0" HPOS="439" VPOS="166" WIDTH="1197" HEIGHT="46">
							<String ID="string_0" HPOS="439" VPOS="172" WIDTH="402" HEIGHT="40" WC="0.89" CONTENT="Bevillningsutskottets"/><SP WIDTH="20" VPOS="172" HPOS="841"/>
							<String ID="string_1" HPOS="861" VPOS="169" WIDTH="217" HEIGHT="32" WC="0.96" CONTENT="betänkande"/><SP WIDTH="19" VPOS="169" HPOS="1078"/>
							<String ID="string_2" HPOS="1097" VPOS="179" WIDTH="42" HEIGHT="20" WC="0.96" CONTENT="nr"/><SP WIDTH="18" VPOS="179" HPOS="1139"/>
							<String ID="string_3" HPOS="1157" VPOS="170" WIDTH="40" HEIGHT="29" WC="0.85" CONTENT="15"/><SP WIDTH="17" VPOS="170" HPOS="1197"/>
							<String ID="string_4" HPOS="1214" VPOS="169" WIDTH="38" HEIGHT="30" WC="0.96" CONTENT="år"/><SP WIDTH="20" VPOS="169" HPOS="1252"/>
							<String ID="string_5" HPOS="1272" VPOS="169" WIDTH="82" HEIGHT="29" WC="0.96" CONTENT="1969"/><SP WIDTH="266" VPOS="169" HPOS="1354"/>
							<String ID="string_6" HPOS="1620" VPOS="166" WIDTH="16" HEIGHT="29" WC="0.94" CONTENT="7"/>
						</TextLine>
					</TextBlock>
				</ComposedBlock>
				<ComposedBlock ID="cblock_1" HPOS="156" VPOS="248" WIDTH="1483" HEIGHT="794">
					<TextBlock ID="block_1" HPOS="156" VPOS="248" WIDTH="1483" HEIGHT="794">
						<TextLine ID="line_1" HPOS="157" VPOS="248" WIDTH="1478" HEIGHT="47">
							<String ID="string_7" HPOS="157" VPOS="267" WIDTH="42" HEIGHT="19" WC="0.96" CONTENT="en"/><SP WIDTH="31" VPOS="267" HPOS="199"/>
							<String ID="string_8" HPOS="230" VPOS="257" WIDTH="54" HEIGHT="29" WC="0.96" CONTENT="del"/><SP WIDTH="31" VPOS="257" HPOS="284"/>
							<String ID="string_9" HPOS="315" VPOS="266" WIDTH="42" HEIGHT="19" WC="0.96" CONTENT="av"/><SP WIDTH="31" VPOS="266" HPOS="357"/>
							<String ID="string_10" HPOS="388" VPOS="255" WIDTH="211" HEIGHT="40" WC="0.96" CONTENT="sjukdomen"/><SP WIDTH="29" VPOS="255" HPOS="599"/>
							<String ID="string_11" HPOS="628" VPOS="253" WIDTH="182" HEIGHT="39" WC="0.96" CONTENT="betingade"/><SP WIDTH="31" VPOS="253" HPOS="810"/>
							<String ID="string_12" HPOS="841" VPOS="252" WIDTH="188" HEIGHT="29" WC="0.96" CONTENT="kostnader"/><SP WIDTH="31" VPOS="252" HPOS="1029"/>
							<String ID="string_13" HPOS="1060" VPOS="252" WIDTH="54" HEIGHT="29" WC="0.93" CONTENT="för"/><SP WIDTH="30" VPOS="252" HPOS="1114"/>
							<String ID="string_14" HPOS="1144" VPOS="251" WIDTH="219" HEIGHT="28" WC="0.91" CONTENT="inkomstens"/><SP WIDTH="32" VPOS="251" HPOS="1363"/>
							<String ID="string_15" HPOS="1395" VPOS="248" WIDTH="240" HEIGHT="30" WC="0.92" CONTENT="förvärvande."/>
						</TextLine>
						<TextLine ID="line_2" HPOS="157" VPOS="302" WIDTH="1479" HEIGHT="48">
							<String ID="string_16" HPOS="157" VPOS="310" WIDTH="172" HEIGHT="40" WC="0.92" CONTENT="Avdraget"/><SP WIDTH="22" VPOS="310" HPOS="329"/>
							<String ID="string_17" HPOS="351" VPOS="310" WIDTH="66" HEIGHT="30" WC="0.96" CONTENT="blir"/><SP WIDTH="22" VPOS="310" HPOS="417"/>
							<String ID="string_18" HPOS="439" VPOS="309" WIDTH="12" HEIGHT="29" WC="0.96" CONTENT="i"/><SP WIDTH="21" VPOS="309" HPOS="451"/>
							<String ID="string_19" HPOS="472" VPOS="309" WIDTH="90" HEIGHT="39" WC="0.96" CONTENT="regel"/><SP WIDTH="23" VPOS="309" HPOS="562"/>
							<String ID="string_20" HPOS="585" VPOS="308" WIDTH="70" HEIGHT="39" WC="0.93" CONTENT="lågt"/><SP WIDTH="21" VPOS="308" HPOS="655"/>
							<String ID="string_21" HPOS="676" VPOS="325" WIDTH="45" HEIGHT="3" WC="0.65" CONTENT="—"/><SP WIDTH="19" VPOS="325" HPOS="721"/>
							<String ID="string_22" HPOS="740" VPOS="306" WIDTH="160" HEIGHT="39" WC="0.95" CONTENT="vanligen"/><SP WIDTH="23" VPOS="306" HPOS="900"/>
							<String ID="string_23" HPOS="923" VPOS="305" WIDTH="62" HEIGHT="31" WC="0.95" CONTENT="400"/><SP WIDTH="23" VPOS="305" HPOS="985"/>
							<String ID="string_24" HPOS="1008" VPOS="305" WIDTH="53" HEIGHT="29" WC="0.96" CONTENT="till"/><SP WIDTH="22" VPOS="305" HPOS="1061"/>
							<String ID="string_25" HPOS="1083" VPOS="304" WIDTH="62" HEIGHT="30" WC="0.96" CONTENT="800"/><SP WIDTH="24" VPOS="304" HPOS="1145"/>
							<String ID="string_26" HPOS="1169" VPOS="305" WIDTH="51" HEIGHT="28" WC="0.93" CONTENT="kr."/><SP WIDTH="22" VPOS="305" HPOS="1220"/>
							<String ID="string_27" HPOS="1242" VPOS="322" WIDTH="44" HEIGHT="2" WC="0.92" CONTENT="—"/><SP WIDTH="21" VPOS="322" HPOS="1286"/>
							<String ID="string_28" HPOS="1307" VPOS="304" WIDTH="11" HEIGHT="28" WC="0.96" CONTENT="i"/><SP WIDTH="24" VPOS="304" HPOS="1318"/>
							<String ID="string_29" HPOS="1342" VPOS="302" WIDTH="219" HEIGHT="31" WC="0.95" CONTENT="förhållande"/><SP WIDTH="22" VPOS="302" HPOS="1561"/>
							<String ID="string_30" HPOS="1583" VPOS="302" WIDTH="53" HEIGHT="29" WC="0.94" CONTENT="till"/>
						</TextLine>
						<TextLine ID="line_3" HPOS="156" VPOS="356" WIDTH="1482" HEIGHT="47">
							<String ID="string_31" HPOS="156" VPOS="365" WIDTH="41" HEIGHT="30" WC="0.96" CONTENT="de"/><SP WIDTH="23" VPOS="365" HPOS="197"/>
							<String ID="string_32" HPOS="220" VPOS="364" WIDTH="154" HEIGHT="39" WC="0.95" CONTENT="verkliga"/><SP WIDTH="23" VPOS="364" HPOS="374"/>
							<String ID="string_33" HPOS="397" VPOS="362" WIDTH="245" HEIGHT="30" WC="0.96" CONTENT="kostnaderna."/><SP WIDTH="24" VPOS="362" HPOS="642"/>
							<String ID="string_34" HPOS="666" VPOS="361" WIDTH="125" HEIGHT="29" WC="0.96" CONTENT="Därtill"/><SP WIDTH="24" VPOS="361" HPOS="791"/>
							<String ID="string_35" HPOS="815" VPOS="360" WIDTH="78" HEIGHT="30" WC="0.96" CONTENT="sker"/><SP WIDTH="23" VPOS="360" HPOS="893"/>
							<String ID="string_36" HPOS="916" VPOS="360" WIDTH="58" HEIGHT="29" WC="0.96" CONTENT="vid"/><SP WIDTH="23" VPOS="360" HPOS="974"/>
							<String ID="string_37" HPOS="997" VPOS="359" WIDTH="105" HEIGHT="39" WC="0.96" CONTENT="högre"/><SP WIDTH="22" VPOS="359" HPOS="1102"/>
							<String ID="string_38" HPOS="1124" VPOS="358" WIDTH="193" HEIGHT="29" WC="0.93" CONTENT="inkomster"/><SP WIDTH="24" VPOS="358" HPOS="1317"/>
							<String ID="string_39" HPOS="1341" VPOS="356" WIDTH="231" HEIGHT="40" WC="0.92" CONTENT="avtrappning"/><SP WIDTH="24" VPOS="356" HPOS="1572"/>
							<String ID="string_40" HPOS="1596" VPOS="365" WIDTH="42" HEIGHT="19" WC="0.96" CONTENT="av"/>
						</TextLine>
						<TextLine ID="line_4" HPOS="157" VPOS="410" WIDTH="1480" HEIGHT="48">
							<String ID="string_41" HPOS="157" VPOS="419" WIDTH="173" HEIGHT="39" WC="0.92" CONTENT="avdraget."/><SP WIDTH="26" VPOS="419" HPOS="330"/>
							<String ID="string_42" HPOS="356" VPOS="416" WIDTH="481" HEIGHT="40" WC="0.91" CONTENT="Taxeringsmyndigheterna"/><SP WIDTH="24" VPOS="416" HPOS="837"/>
							<String ID="string_43" HPOS="861" VPOS="414" WIDTH="63" HEIGHT="29" WC="0.96" CONTENT="har"/><SP WIDTH="25" VPOS="414" HPOS="924"/>
							<String ID="string_44" HPOS="949" VPOS="414" WIDTH="94" HEIGHT="29" WC="0.96" CONTENT="olika"/><SP WIDTH="24" VPOS="414" HPOS="1043"/>
							<String ID="string_45" HPOS="1067" VPOS="412" WIDTH="160" HEIGHT="30" WC="0.96" CONTENT="kriterier"/><SP WIDTH="25" VPOS="412" HPOS="1227"/>
							<String ID="string_46" HPOS="1252" VPOS="412" WIDTH="57" HEIGHT="29" WC="0.96" CONTENT="vid"/><SP WIDTH="25" VPOS="412" HPOS="1309"/>
							<String ID="string_47" HPOS="1334" VPOS="411" WIDTH="170" HEIGHT="39" WC="0.96" CONTENT="prövning"/><SP WIDTH="25" VPOS="411" HPOS="1504"/>
							<String ID="string_48" HPOS="1529" VPOS="420" WIDTH="42" HEIGHT="20" WC="0.96" CONTENT="av"/><SP WIDTH="24" VPOS="420" HPOS="1571"/>
							<String ID="string_49" HPOS="1595" VPOS="410" WIDTH="42" HEIGHT="28" WC="0.96" CONTENT="de"/>
						</TextLine>
						<TextLine ID="line_5" HPOS="157" VPOS="464" WIDTH="1480" HEIGHT="44">
							<String ID="string_50" HPOS="157" VPOS="472" WIDTH="159" HEIGHT="30" WC="0.96" CONTENT="enskilda"/><SP WIDTH="28" VPOS="472" HPOS="316"/>
							<String ID="string_51" HPOS="344" VPOS="471" WIDTH="105" HEIGHT="30" WC="0.95" CONTENT="fallen"/><SP WIDTH="28" VPOS="471" HPOS="449"/>
							<String ID="string_52" HPOS="477" VPOS="471" WIDTH="64" HEIGHT="29" WC="0.96" CONTENT="och"/><SP WIDTH="28" VPOS="471" HPOS="541"/>
							<String ID="string_53" HPOS="569" VPOS="469" WIDTH="132" HEIGHT="31" WC="0.95" CONTENT="således"/><SP WIDTH="27" VPOS="469" HPOS="701"/>
							<String ID="string_54" HPOS="728" VPOS="468" WIDTH="182" HEIGHT="40" WC="0.93" CONTENT="föreligger"/><SP WIDTH="27" VPOS="468" HPOS="910"/>
							<String ID="string_55" HPOS="937" VPOS="467" WIDTH="173" HEIGHT="40" WC="0.90" CONTENT="oenhetlig"/><SP WIDTH="26" VPOS="467" HPOS="1110"/>
							<String ID="string_56" HPOS="1136" VPOS="466" WIDTH="127" HEIGHT="40" WC="0.95" CONTENT="praxis."/><SP WIDTH="28" VPOS="466" HPOS="1263"/>
							<String ID="string_57" HPOS="1291" VPOS="466" WIDTH="49" HEIGHT="29" WC="0.96" CONTENT="De"/><SP WIDTH="27" VPOS="466" HPOS="1340"/>
							<String ID="string_58" HPOS="1367" VPOS="464" WIDTH="270" HEIGHT="40" WC="0.96" CONTENT="handikappade"/>
						</TextLine>
						<TextLine ID="line_6" HPOS="157" VPOS="518" WIDTH="1480" HEIGHT="44">
							<String ID="string_59" HPOS="157" VPOS="527" WIDTH="147" HEIGHT="29" WC="0.96" CONTENT="erhåller"/><SP WIDTH="34" VPOS="527" HPOS="304"/>
							<String ID="string_60" HPOS="338" VPOS="525" WIDTH="123" HEIGHT="30" WC="0.96" CONTENT="endast"/><SP WIDTH="34" VPOS="525" HPOS="461"/>
							<String ID="string_61" HPOS="495" VPOS="523" WIDTH="251" HEIGHT="39" WC="0.95" CONTENT="undantagsvis"/><SP WIDTH="35" VPOS="523" HPOS="746"/>
							<String ID="string_62" HPOS="781" VPOS="522" WIDTH="126" HEIGHT="39" WC="0.96" CONTENT="avdrag"/><SP WIDTH="35" VPOS="522" HPOS="907"/>
							<String ID="string_63" HPOS="942" VPOS="522" WIDTH="54" HEIGHT="29" WC="0.96" CONTENT="för"/><SP WIDTH="35" VPOS="522" HPOS="996"/>
							<String ID="string_64" HPOS="1031" VPOS="521" WIDTH="137" HEIGHT="29" WC="0.93" CONTENT="nedsatt"/><SP WIDTH="36" VPOS="521" HPOS="1168"/>
							<String ID="string_65" HPOS="1204" VPOS="519" WIDTH="283" HEIGHT="38" WC="0.90" CONTENT="skatteförmåga."/><SP WIDTH="35" VPOS="519" HPOS="1487"/>
							<String ID="string_66" HPOS="1522" VPOS="518" WIDTH="115" HEIGHT="38" WC="0.96" CONTENT="Tungt"/>
						</TextLine>
						<TextLine ID="line_7" HPOS="158" VPOS="573" WIDTH="1480" HEIGHT="47">
							<String ID="string_67" HPOS="158" VPOS="580" WIDTH="154" HEIGHT="40" WC="0.96" CONTENT="vägande"/><SP WIDTH="27" VPOS="580" HPOS="312"/>
							<String ID="string_68" HPOS="339" VPOS="579" WIDTH="227" HEIGHT="30" WC="0.96" CONTENT="individuella"/><SP WIDTH="28" VPOS="579" HPOS="566"/>
							<String ID="string_69" HPOS="594" VPOS="578" WIDTH="75" HEIGHT="30" WC="0.96" CONTENT="skäl"/><SP WIDTH="28" VPOS="578" HPOS="669"/>
							<String ID="string_70" HPOS="697" VPOS="577" WIDTH="110" HEIGHT="30" WC="0.96" CONTENT="måste"/><SP WIDTH="28" VPOS="577" HPOS="807"/>
							<String ID="string_71" HPOS="835" VPOS="576" WIDTH="166" HEIGHT="39" WC="0.95" CONTENT="föreligga"/><SP WIDTH="26" VPOS="576" HPOS="1001"/>
							<String ID="string_72" HPOS="1027" VPOS="585" WIDTH="59" HEIGHT="20" WC="0.96" CONTENT="om"/><SP WIDTH="27" VPOS="585" HPOS="1086"/>
							<String ID="string_73" HPOS="1113" VPOS="574" WIDTH="127" HEIGHT="40" WC="0.95" CONTENT="avdrag"/><SP WIDTH="29" VPOS="574" HPOS="1240"/>
							<String ID="string_74" HPOS="1269" VPOS="574" WIDTH="89" HEIGHT="30" WC="0.96" CONTENT="skall"/><SP WIDTH="28" VPOS="574" HPOS="1358"/>
							<String ID="string_75" HPOS="1386" VPOS="573" WIDTH="149" HEIGHT="39" WC="0.95" CONTENT="medges."/><SP WIDTH="28" VPOS="573" HPOS="1535"/>
							<String ID="string_76" HPOS="1563" VPOS="573" WIDTH="75" HEIGHT="28" WC="0.96" CONTENT="Den"/>
						</TextLine>
						<TextLine ID="line_8" HPOS="159" VPOS="626" WIDTH="1479" HEIGHT="44">
							<String ID="string_77" HPOS="159" VPOS="635" WIDTH="117" HEIGHT="29" WC="0.96" CONTENT="starka"/><SP WIDTH="21" VPOS="635" HPOS="276"/>
							<String ID="string_78" HPOS="297" VPOS="633" WIDTH="242" HEIGHT="30" WC="0.96" CONTENT="restriktivitet"/><SP WIDTH="23" VPOS="633" HPOS="539"/>
							<String ID="string_79" HPOS="562" VPOS="641" WIDTH="74" HEIGHT="20" WC="0.96" CONTENT="som"/><SP WIDTH="22" VPOS="641" HPOS="636"/>
							<String ID="string_80" HPOS="658" VPOS="631" WIDTH="138" HEIGHT="39" WC="0.96" CONTENT="präglar"/><SP WIDTH="21" VPOS="631" HPOS="796"/>
							<String ID="string_81" HPOS="817" VPOS="630" WIDTH="215" HEIGHT="39" WC="0.96" CONTENT="prövningen"/><SP WIDTH="22" VPOS="630" HPOS="1032"/>
							<String ID="string_82" HPOS="1054" VPOS="639" WIDTH="41" HEIGHT="20" WC="0.93" CONTENT="av"/><SP WIDTH="22" VPOS="639" HPOS="1095"/>
							<String ID="string_83" HPOS="1117" VPOS="627" WIDTH="352" HEIGHT="40" WC="0.92" CONTENT="avdragsyrkandena"/><SP WIDTH="21" VPOS="627" HPOS="1469"/>
							<String ID="string_84" HPOS="1490" VPOS="627" WIDTH="37" HEIGHT="29" WC="0.92" CONTENT="är"/><SP WIDTH="23" VPOS="627" HPOS="1527"/>
							<String ID="string_85" HPOS="1550" VPOS="626" WIDTH="88" HEIGHT="29" WC="0.92" CONTENT="otill-"/>
						</TextLine>
						<TextLine ID="line_9" HPOS="158" VPOS="680" WIDTH="1480" HEIGHT="46">
							<String ID="string_86" HPOS="158" VPOS="687" WIDTH="279" HEIGHT="31" WC="0.90" CONTENT="fredsställande."/><SP WIDTH="21" VPOS="687" HPOS="437"/>
							<String ID="string_87" HPOS="458" VPOS="687" WIDTH="53" HEIGHT="29" WC="0.96" CONTENT="En"/><SP WIDTH="21" VPOS="687" HPOS="511"/>
							<String ID="string_88" HPOS="532" VPOS="686" WIDTH="148" HEIGHT="40" WC="0.96" CONTENT="ändring"/><SP WIDTH="20" VPOS="686" HPOS="680"/>
							<String ID="string_89" HPOS="700" VPOS="686" WIDTH="62" HEIGHT="29" WC="0.96" CONTENT="bör"/><SP WIDTH="21" VPOS="686" HPOS="762"/>
							<String ID="string_90" HPOS="783" VPOS="684" WIDTH="119" HEIGHT="30" WC="0.96" CONTENT="därför"/><SP WIDTH="21" VPOS="684" HPOS="902"/>
							<String ID="string_91" HPOS="923" VPOS="684" WIDTH="142" HEIGHT="28" WC="0.96" CONTENT="komma"/><SP WIDTH="19" VPOS="684" HPOS="1065"/>
							<String ID="string_92" HPOS="1084" VPOS="683" WIDTH="53" HEIGHT="29" WC="0.96" CONTENT="till"/><SP WIDTH="22" VPOS="683" HPOS="1137"/>
							<String ID="string_93" HPOS="1159" VPOS="682" WIDTH="112" HEIGHT="30" WC="0.96" CONTENT="stånd."/><SP WIDTH="21" VPOS="682" HPOS="1271"/>
							<String ID="string_94" HPOS="1292" VPOS="681" WIDTH="316" HEIGHT="30" WC="0.96" CONTENT="Bestämmelserna"/><SP WIDTH="19" VPOS="681" HPOS="1608"/>
							<String ID="string_95" HPOS="1627" VPOS="680" WIDTH="11" HEIGHT="28" WC="0.96" CONTENT="i"/>
						</TextLine>
						<TextLine ID="line_10" HPOS="158" VPOS="734" WIDTH="1480" HEIGHT="45">
							<String ID="string_96" HPOS="158" VPOS="743" WIDTH="41" HEIGHT="29" WC="0.96" CONTENT="50"/><SP WIDTH="23" VPOS="743" HPOS="199"/>
							<String ID="string_97" HPOS="222" VPOS="742" WIDTH="15" HEIGHT="37" WC="0.93" CONTENT="8"/><SP WIDTH="24" VPOS="742" HPOS="237"/>
							<String ID="string_98" HPOS="261" VPOS="742" WIDTH="18" HEIGHT="29" WC="0.93" CONTENT="2"/><SP WIDTH="21" VPOS="742" HPOS="279"/>
							<String ID="string_99" HPOS="300" VPOS="751" WIDTH="105" HEIGHT="20" WC="0.95" CONTENT="mom."/><SP WIDTH="21" VPOS="751" HPOS="405"/>
							<String ID="string_100" HPOS="426" VPOS="750" WIDTH="56" HEIGHT="20" WC="0.95" CONTENT="om"/><SP WIDTH="21" VPOS="750" HPOS="482"/>
							<String ID="string_101" HPOS="503" VPOS="741" WIDTH="41" HEIGHT="29" WC="0.96" CONTENT="de"/><SP WIDTH="22" VPOS="741" HPOS="544"/>
							<String ID="string_102" HPOS="566" VPOS="740" WIDTH="178" HEIGHT="29" WC="0.93" CONTENT="allmänna"/><SP WIDTH="20" VPOS="740" HPOS="744"/>
							<String ID="string_103" HPOS="764" VPOS="738" WIDTH="339" HEIGHT="38" WC="0.91" CONTENT="förutsättningarna"/><SP WIDTH="21" VPOS="738" HPOS="1103"/>
							<String ID="string_104" HPOS="1124" VPOS="737" WIDTH="54" HEIGHT="29" WC="0.96" CONTENT="för"/><SP WIDTH="21" VPOS="737" HPOS="1178"/>
							<String ID="string_105" HPOS="1199" VPOS="737" WIDTH="69" HEIGHT="28" WC="0.96" CONTENT="rätt"/><SP WIDTH="20" VPOS="737" HPOS="1268"/>
							<String ID="string_106" HPOS="1288" VPOS="736" WIDTH="52" HEIGHT="29" WC="0.96" CONTENT="till"/><SP WIDTH="21" VPOS="736" HPOS="1340"/>
							<String ID="string_107" HPOS="1361" VPOS="737" WIDTH="97" HEIGHT="27" WC="0.96" CONTENT="extra"/><SP WIDTH="21" VPOS="737" HPOS="1458"/>
							<String ID="string_108" HPOS="1479" VPOS="735" WIDTH="127" HEIGHT="38" WC="0.96" CONTENT="avdrag"/><SP WIDTH="21" VPOS="735" HPOS="1606"/>
							<String ID="string_109" HPOS="1627" VPOS="734" WIDTH="11" HEIGHT="29" WC="0.96" CONTENT="i"/>
						</TextLine>
						<TextLine ID="line_11" HPOS="158" VPOS="788" WIDTH="1481" HEIGHT="46">
							<String ID="string_110" HPOS="158" VPOS="795" WIDTH="425" HEIGHT="39" WC="0.90" CONTENT="kommunalskattelagen"/><SP WIDTH="17" VPOS="795" HPOS="583"/>
							<String ID="string_111" HPOS="600" VPOS="794" WIDTH="61" HEIGHT="29" WC="0.96" CONTENT="bör"/><SP WIDTH="20" VPOS="794" HPOS="661"/>
							<String ID="string_112" HPOS="681" VPOS="793" WIDTH="136" HEIGHT="30" WC="0.96" CONTENT="ändras."/><SP WIDTH="19" VPOS="793" HPOS="817"/>
							<String ID="string_113" HPOS="836" VPOS="792" WIDTH="92" HEIGHT="29" WC="0.92" CONTENT="även"/><SP WIDTH="18" VPOS="792" HPOS="928"/>
							<String ID="string_114" HPOS="946" VPOS="791" WIDTH="274" HEIGHT="40" WC="0.91" CONTENT="oegentligheten"/><SP WIDTH="17" VPOS="791" HPOS="1220"/>
							<String ID="string_115" HPOS="1237" VPOS="791" WIDTH="11" HEIGHT="28" WC="0.95" CONTENT="i"/><SP WIDTH="17" VPOS="791" HPOS="1248"/>
							<String ID="string_116" HPOS="1265" VPOS="789" WIDTH="117" HEIGHT="40" WC="0.96" CONTENT="praxis"/><SP WIDTH="18" VPOS="789" HPOS="1382"/>
							<String ID="string_117" HPOS="1400" VPOS="789" WIDTH="129" HEIGHT="30" WC="0.96" CONTENT="mellan"/><SP WIDTH="16" VPOS="789" HPOS="1529"/>
							<String ID="string_118" HPOS="1545" VPOS="788" WIDTH="94" HEIGHT="29" WC="0.96" CONTENT="olika"/>
						</TextLine>
						<TextLine ID="line_12" HPOS="161" VPOS="843" WIDTH="1477" HEIGHT="45">
							<String ID="string_119" HPOS="161" VPOS="851" WIDTH="114" HEIGHT="29" WC="0.93" CONTENT="lokala"/><SP WIDTH="26" VPOS="851" HPOS="275"/>
							<String ID="string_120" HPOS="301" VPOS="848" WIDTH="420" HEIGHT="40" WC="0.91" CONTENT="taxeringsmyndigheter"/><SP WIDTH="30" VPOS="848" HPOS="721"/>
							<String ID="string_121" HPOS="751" VPOS="848" WIDTH="36" HEIGHT="29" WC="0.96" CONTENT="är"/><SP WIDTH="28" VPOS="848" HPOS="787"/>
							<String ID="string_122" HPOS="815" VPOS="846" WIDTH="217" HEIGHT="39" WC="0.94" CONTENT="oacceptabel"/><SP WIDTH="28" VPOS="846" HPOS="1032"/>
							<String ID="string_123" HPOS="1060" VPOS="846" WIDTH="65" HEIGHT="28" WC="0.96" CONTENT="och"/><SP WIDTH="26" VPOS="846" HPOS="1125"/>
							<String ID="string_124" HPOS="1151" VPOS="844" WIDTH="93" HEIGHT="30" WC="0.96" CONTENT="leder"/><SP WIDTH="28" VPOS="844" HPOS="1244"/>
							<String ID="string_125" HPOS="1272" VPOS="844" WIDTH="107" HEIGHT="30" WC="0.96" CONTENT="oftast"/><SP WIDTH="27" VPOS="844" HPOS="1379"/>
							<String ID="string_126" HPOS="1406" VPOS="844" WIDTH="52" HEIGHT="29" WC="0.90" CONTENT="till"/><SP WIDTH="29" VPOS="844" HPOS="1458"/>
							<String ID="string_127" HPOS="1487" VPOS="843" WIDTH="151" HEIGHT="39" WC="0.90" CONTENT="flagrant"/>
						</TextLine>
						<TextLine ID="line_13" HPOS="159" VPOS="896" WIDTH="1480" HEIGHT="37">
							<String ID="string_128" HPOS="159" VPOS="904" WIDTH="177" HEIGHT="29" WC="0.96" CONTENT="orättvisa."/><SP WIDTH="15" VPOS="904" HPOS="336"/>
							<String ID="string_129" HPOS="351" VPOS="904" WIDTH="64" HEIGHT="28" WC="0.96" CONTENT="Det"/><SP WIDTH="14" VPOS="904" HPOS="415"/>
							<String ID="string_130" HPOS="429" VPOS="912" WIDTH="80" HEIGHT="20" WC="0.96" CONTENT="vore"/><SP WIDTH="16" VPOS="912" HPOS="509"/>
							<String ID="string_131" HPOS="525" VPOS="902" WIDTH="132" HEIGHT="30" WC="0.96" CONTENT="således"/><SP WIDTH="16" VPOS="902" HPOS="657"/>
							<String ID="string_132" HPOS="673" VPOS="911" WIDTH="41" HEIGHT="20" WC="0.96" CONTENT="av"/><SP WIDTH="15" VPOS="911" HPOS="714"/>
							<String ID="string_133" HPOS="729" VPOS="902" WIDTH="127" HEIGHT="28" WC="0.96" CONTENT="största"/><SP WIDTH="13" VPOS="902" HPOS="856"/>
							<String ID="string_134" HPOS="869" VPOS="900" WIDTH="105" HEIGHT="29" WC="0.96" CONTENT="värde"/><SP WIDTH="15" VPOS="900" HPOS="974"/>
							<String ID="string_135" HPOS="989" VPOS="909" WIDTH="56" HEIGHT="20" WC="0.96" CONTENT="om"/><SP WIDTH="15" VPOS="909" HPOS="1045"/>
							<String ID="string_136" HPOS="1060" VPOS="899" WIDTH="172" HEIGHT="29" WC="0.96" CONTENT="konkreta"/><SP WIDTH="13" VPOS="899" HPOS="1232"/>
							<String ID="string_137" HPOS="1245" VPOS="897" WIDTH="261" HEIGHT="30" WC="0.96" CONTENT="bestämmelser"/><SP WIDTH="16" VPOS="897" HPOS="1506"/>
							<String ID="string_138" HPOS="1522" VPOS="896" WIDTH="117" HEIGHT="30" WC="0.96" CONTENT="kunde"/>
						</TextLine>
						<TextLine ID="line_14" HPOS="162" VPOS="951" WIDTH="1477" HEIGHT="45">
							<String ID="string_139" HPOS="162" VPOS="958" WIDTH="157" HEIGHT="29" WC="0.96" CONTENT="utfärdas"/><SP WIDTH="17" VPOS="958" HPOS="319"/>
							<String ID="string_140" HPOS="336" VPOS="957" WIDTH="199" HEIGHT="39" WC="0.96" CONTENT="varigenom"/><SP WIDTH="18" VPOS="957" HPOS="535"/>
							<String ID="string_141" HPOS="553" VPOS="956" WIDTH="93" HEIGHT="29" WC="0.93" CONTENT="olika"/><SP WIDTH="18" VPOS="956" HPOS="646"/>
							<String ID="string_142" HPOS="664" VPOS="953" WIDTH="436" HEIGHT="41" WC="0.91" CONTENT="taxeringsmyndigheters"/><SP WIDTH="17" VPOS="953" HPOS="1100"/>
							<String ID="string_143" HPOS="1117" VPOS="951" WIDTH="382" HEIGHT="39" WC="0.91" CONTENT="bedömningsgrunder"/><SP WIDTH="17" VPOS="951" HPOS="1499"/>
							<String ID="string_144" HPOS="1516" VPOS="951" WIDTH="12" HEIGHT="29" WC="0.96" CONTENT="i"/><SP WIDTH="17" VPOS="951" HPOS="1528"/>
							<String ID="string_145" HPOS="1545" VPOS="951" WIDTH="94" HEIGHT="29" WC="0.96" CONTENT="detta"/>
						</TextLine>
						<TextLine ID="line_15" HPOS="161" VPOS="1008" WIDTH="644" HEIGHT="34">
							<String ID="string_146" HPOS="161" VPOS="1011" WIDTH="168" HEIGHT="31" WC="0.96" CONTENT="avseende"/><SP WIDTH="17" VPOS="1011" HPOS="329"/>
							<String ID="string_147" HPOS="346" VPOS="1011" WIDTH="66" HEIGHT="29" WC="0.96" CONTENT="blir"/><SP WIDTH="18" VPOS="1011" HPOS="412"/>
							<String ID="string_148" HPOS="430" VPOS="1008" WIDTH="375" HEIGHT="32" WC="0.96" CONTENT="överensstämmande."/>
						</TextLine>
					</TextBlock>
				</ComposedBlock>
				<ComposedBlock ID="cblock_2" HPOS="159" VPOS="1108" WIDTH="1485" HEIGHT="964">
					<TextBlock ID="block_2" HPOS="159" VPOS="1108" WIDTH="336" HEIGHT="31">
						<TextLine ID="line_16" HPOS="159" VPOS="1108" WIDTH="336" HEIGHT="31">
							<String ID="string_149" HPOS="159" VPOS="1110" WIDTH="31" HEIGHT="29" WC="0.88" CONTENT="1:"/><SP WIDTH="15" VPOS="1110" HPOS="190"/>
							<String ID="string_150" HPOS="205" VPOS="1110" WIDTH="61" HEIGHT="29" WC="0.88" CONTENT="687"/><SP WIDTH="21" VPOS="1110" HPOS="266"/>
							<String ID="string_151" HPOS="287" VPOS="1109" WIDTH="64" HEIGHT="29" WC="0.95" CONTENT="och"/><SP WIDTH="18" VPOS="1109" HPOS="351"/>
							<String ID="string_152" HPOS="369" VPOS="1109" WIDTH="48" HEIGHT="29" WC="0.96" CONTENT="II:"/><SP WIDTH="14" VPOS="1109" HPOS="417"/>
							<String ID="string_153" HPOS="431" VPOS="1108" WIDTH="64" HEIGHT="30" WC="0.96" CONTENT="804"/>
						</TextLine>
					</TextBlock>
					<TextBlock ID="block_3" HPOS="160" VPOS="1165" WIDTH="1481" HEIGHT="369">
						<TextLine ID="line_17" HPOS="202" VPOS="1165" WIDTH="1438" HEIGHT="44">
							<String ID="string_154" HPOS="202" VPOS="1172" WIDTH="50" HEIGHT="29" WC="0.96" CONTENT="De"/><SP WIDTH="22" VPOS="1172" HPOS="252"/>
							<String ID="string_155" HPOS="274" VPOS="1170" WIDTH="288" HEIGHT="39" WC="0.96" CONTENT="handikappades"/><SP WIDTH="25" VPOS="1170" HPOS="562"/>
							<String ID="string_156" HPOS="587" VPOS="1169" WIDTH="244" HEIGHT="30" WC="0.96" CONTENT="förhållanden"/><SP WIDTH="26" VPOS="1169" HPOS="831"/>
							<String ID="string_157" HPOS="857" VPOS="1169" WIDTH="37" HEIGHT="29" WC="0.96" CONTENT="är"/><SP WIDTH="25" VPOS="1169" HPOS="894"/>
							<String ID="string_158" HPOS="919" VPOS="1167" WIDTH="146" HEIGHT="30" WC="0.96" CONTENT="föremål"/><SP WIDTH="26" VPOS="1167" HPOS="1065"/>
							<String ID="string_159" HPOS="1091" VPOS="1167" WIDTH="53" HEIGHT="29" WC="0.96" CONTENT="för"/><SP WIDTH="25" VPOS="1167" HPOS="1144"/>
							<String ID="string_160" HPOS="1169" VPOS="1166" WIDTH="323" HEIGHT="39" WC="0.96" CONTENT="utredningsarbete"/><SP WIDTH="24" VPOS="1166" HPOS="1492"/>
							<String ID="string_161" HPOS="1516" VPOS="1166" WIDTH="12" HEIGHT="29" WC="0.82" CONTENT="i"/><SP WIDTH="24" VPOS="1166" HPOS="1528"/>
							<String ID="string_162" HPOS="1552" VPOS="1165" WIDTH="88" HEIGHT="29" WC="0.96" CONTENT="flera"/>
						</TextLine>
						<TextLine ID="line_18" HPOS="160" VPOS="1219" WIDTH="1479" HEIGHT="43">
							<String ID="string_163" HPOS="160" VPOS="1225" WIDTH="205" HEIGHT="30" WC="0.93" CONTENT="avseenden."/><SP WIDTH="17" VPOS="1225" HPOS="365"/>
							<String ID="string_164" HPOS="382" VPOS="1223" WIDTH="444" HEIGHT="39" WC="0.91" CONTENT="Handikapputredningen"/><SP WIDTH="16" VPOS="1223" HPOS="826"/>
							<String ID="string_165" HPOS="842" VPOS="1223" WIDTH="64" HEIGHT="28" WC="0.96" CONTENT="har"/><SP WIDTH="16" VPOS="1223" HPOS="906"/>
							<String ID="string_166" HPOS="922" VPOS="1222" WIDTH="214" HEIGHT="29" WC="0.96" CONTENT="vidsträckta"/><SP WIDTH="17" VPOS="1222" HPOS="1136"/>
							<String ID="string_167" HPOS="1153" VPOS="1220" WIDTH="150" HEIGHT="29" WC="0.96" CONTENT="direktiv"/><SP WIDTH="15" VPOS="1220" HPOS="1303"/>
							<String ID="string_168" HPOS="1318" VPOS="1220" WIDTH="44" HEIGHT="39" WC="0.96" CONTENT="på"/><SP WIDTH="15" VPOS="1220" HPOS="1362"/>
							<String ID="string_169" HPOS="1377" VPOS="1220" WIDTH="95" HEIGHT="29" WC="0.96" CONTENT="detta"/><SP WIDTH="16" VPOS="1220" HPOS="1472"/>
							<String ID="string_170" HPOS="1488" VPOS="1219" WIDTH="151" HEIGHT="33" WC="0.96" CONTENT="område,"/>
						</TextLine>
						<TextLine ID="line_19" HPOS="161" VPOS="1272" WIDTH="1479" HEIGHT="43">
							<String ID="string_171" HPOS="161" VPOS="1288" WIDTH="74" HEIGHT="20" WC="0.93" CONTENT="som"/><SP WIDTH="27" VPOS="1288" HPOS="235"/>
							<String ID="string_172" HPOS="262" VPOS="1281" WIDTH="23" HEIGHT="26" WC="0.90" CONTENT="t."/><SP WIDTH="15" VPOS="1281" HPOS="285"/>
							<String ID="string_173" HPOS="300" VPOS="1288" WIDTH="50" HEIGHT="20" WC="0.94" CONTENT="ex."/><SP WIDTH="28" VPOS="1288" HPOS="350"/>
							<String ID="string_174" HPOS="378" VPOS="1278" WIDTH="166" HEIGHT="29" WC="0.93" CONTENT="omfattar"/><SP WIDTH="28" VPOS="1278" HPOS="544"/>
							<String ID="string_175" HPOS="572" VPOS="1276" WIDTH="273" HEIGHT="39" WC="0.91" CONTENT="fordonsfrågor."/><SP WIDTH="29" VPOS="1276" HPOS="845"/>
							<String ID="string_176" HPOS="874" VPOS="1273" WIDTH="600" HEIGHT="40" WC="0.90" CONTENT="Pensionsförsäkringskommittén"/><SP WIDTH="29" VPOS="1273" HPOS="1474"/>
							<String ID="string_177" HPOS="1503" VPOS="1272" WIDTH="137" HEIGHT="29" WC="0.95" CONTENT="utreder"/>
						</TextLine>
						<TextLine ID="line_20" HPOS="160" VPOS="1326" WIDTH="1481" HEIGHT="44">
							<String ID="string_178" HPOS="160" VPOS="1333" WIDTH="57" HEIGHT="30" WC="0.96" CONTENT="det"/><SP WIDTH="24" VPOS="1333" HPOS="217"/>
							<String ID="string_179" HPOS="241" VPOS="1332" WIDTH="229" HEIGHT="30" WC="0.96" CONTENT="ekonomiska"/><SP WIDTH="24" VPOS="1332" HPOS="470"/>
							<String ID="string_180" HPOS="494" VPOS="1331" WIDTH="112" HEIGHT="30" WC="0.96" CONTENT="stödet"/><SP WIDTH="24" VPOS="1331" HPOS="606"/>
							<String ID="string_181" HPOS="630" VPOS="1332" WIDTH="52" HEIGHT="28" WC="0.96" CONTENT="till"/><SP WIDTH="29" VPOS="1332" HPOS="682"/>
							<String ID="string_182" HPOS="711" VPOS="1332" WIDTH="5" HEIGHT="28" WC="0.96" CONTENT="i"/><SP WIDTH="26" VPOS="1332" HPOS="716"/>
							<String ID="string_183" HPOS="742" VPOS="1330" WIDTH="187" HEIGHT="40" WC="0.96" CONTENT="synnerhet"/><SP WIDTH="24" VPOS="1330" HPOS="929"/>
							<String ID="string_184" HPOS="953" VPOS="1337" WIDTH="107" HEIGHT="32" WC="0.92" CONTENT="yngre"/><SP WIDTH="24" VPOS="1337" HPOS="1060"/>
							<String ID="string_185" HPOS="1084" VPOS="1327" WIDTH="276" HEIGHT="31" WC="0.91" CONTENT="invalidiserade."/><SP WIDTH="27" VPOS="1327" HPOS="1360"/>
							<String ID="string_186" HPOS="1387" VPOS="1326" WIDTH="177" HEIGHT="31" WC="0.92" CONTENT="Särskilda"/><SP WIDTH="24" VPOS="1326" HPOS="1564"/>
							<String ID="string_187" HPOS="1588" VPOS="1328" WIDTH="53" HEIGHT="27" WC="0.92" CONTENT="ut-"/>
						</TextLine>
						<TextLine ID="line_21" HPOS="162" VPOS="1380" WIDTH="1479" HEIGHT="46">
							<String ID="string_188" HPOS="162" VPOS="1388" WIDTH="185" HEIGHT="38" WC="0.91" CONTENT="redningar"/><SP WIDTH="22" VPOS="1388" HPOS="347"/>
							<String ID="string_189" HPOS="369" VPOS="1386" WIDTH="193" HEIGHT="30" WC="0.96" CONTENT="behandlar"/><SP WIDTH="23" VPOS="1386" HPOS="562"/>
							<String ID="string_190" HPOS="585" VPOS="1384" WIDTH="266" HEIGHT="31" WC="0.96" CONTENT="förhållandena"/><SP WIDTH="23" VPOS="1384" HPOS="851"/>
							<String ID="string_191" HPOS="874" VPOS="1384" WIDTH="95" HEIGHT="29" WC="0.96" CONTENT="inom"/><SP WIDTH="23" VPOS="1384" HPOS="969"/>
							<String ID="string_192" HPOS="992" VPOS="1384" WIDTH="67" HEIGHT="29" WC="0.96" CONTENT="den"/><SP WIDTH="24" VPOS="1384" HPOS="1059"/>
							<String ID="string_193" HPOS="1083" VPOS="1382" WIDTH="177" HEIGHT="40" WC="0.96" CONTENT="skyddade"/><SP WIDTH="23" VPOS="1382" HPOS="1260"/>
							<String ID="string_194" HPOS="1283" VPOS="1381" WIDTH="277" HEIGHT="30" WC="0.96" CONTENT="verksamheten."/><SP WIDTH="24" VPOS="1381" HPOS="1560"/>
							<String ID="string_195" HPOS="1584" VPOS="1380" WIDTH="57" HEIGHT="29" WC="0.96" CONTENT="Ett"/>
						</TextLine>
						<TextLine ID="line_22" HPOS="161" VPOS="1435" WIDTH="1480" HEIGHT="45">
							<String ID="string_196" HPOS="161" VPOS="1441" WIDTH="157" HEIGHT="39" WC="0.95" CONTENT="problem"/><SP WIDTH="25" VPOS="1441" HPOS="318"/>
							<String ID="string_197" HPOS="343" VPOS="1449" WIDTH="75" HEIGHT="21" WC="0.96" CONTENT="som"/><SP WIDTH="24" VPOS="1449" HPOS="418"/>
							<String ID="string_198" HPOS="442" VPOS="1440" WIDTH="156" HEIGHT="29" WC="0.96" CONTENT="däremot"/><SP WIDTH="26" VPOS="1440" HPOS="598"/>
							<String ID="string_199" HPOS="624" VPOS="1440" WIDTH="70" HEIGHT="28" WC="0.96" CONTENT="inte"/><SP WIDTH="24" VPOS="1440" HPOS="694"/>
							<String ID="string_200" HPOS="718" VPOS="1439" WIDTH="10" HEIGHT="29" WC="0.96" CONTENT="i"/><SP WIDTH="27" VPOS="1439" HPOS="728"/>
							<String ID="string_201" HPOS="755" VPOS="1439" WIDTH="52" HEIGHT="29" WC="0.96" CONTENT="sin"/><SP WIDTH="25" VPOS="1439" HPOS="807"/>
							<String ID="string_202" HPOS="832" VPOS="1438" WIDTH="116" HEIGHT="29" WC="0.95" CONTENT="helhet"/><SP WIDTH="24" VPOS="1438" HPOS="948"/>
							<String ID="string_203" HPOS="972" VPOS="1437" WIDTH="192" HEIGHT="30" WC="0.96" CONTENT="behandlas"/><SP WIDTH="25" VPOS="1437" HPOS="1164"/>
							<String ID="string_204" HPOS="1189" VPOS="1446" WIDTH="41" HEIGHT="20" WC="0.96" CONTENT="av"/><SP WIDTH="24" VPOS="1446" HPOS="1230"/>
							<String ID="string_205" HPOS="1254" VPOS="1436" WIDTH="114" HEIGHT="39" WC="0.95" CONTENT="någon"/><SP WIDTH="24" VPOS="1436" HPOS="1368"/>
							<String ID="string_206" HPOS="1392" VPOS="1435" WIDTH="187" HEIGHT="39" WC="0.95" CONTENT="utredning"/><SP WIDTH="25" VPOS="1435" HPOS="1579"/>
							<String ID="string_207" HPOS="1604" VPOS="1435" WIDTH="37" HEIGHT="28" WC="0.96" CONTENT="är"/>
						</TextLine>
						<TextLine ID="line_23" HPOS="162" VPOS="1491" WIDTH="1051" HEIGHT="43">
							<String ID="string_208" HPOS="162" VPOS="1495" WIDTH="116" HEIGHT="39" WC="0.96" CONTENT="frågor"/><SP WIDTH="21" VPOS="1495" HPOS="278"/>
							<String ID="string_209" HPOS="299" VPOS="1494" WIDTH="149" HEIGHT="30" WC="0.96" CONTENT="rörande"/><SP WIDTH="22" VPOS="1494" HPOS="448"/>
							<String ID="string_210" HPOS="470" VPOS="1494" WIDTH="41" HEIGHT="29" WC="0.96" CONTENT="de"/><SP WIDTH="22" VPOS="1494" HPOS="511"/>
							<String ID="string_211" HPOS="533" VPOS="1492" WIDTH="287" HEIGHT="40" WC="0.93" CONTENT="handikappades"/><SP WIDTH="24" VPOS="1492" HPOS="820"/>
							<String ID="string_212" HPOS="844" VPOS="1491" WIDTH="369" HEIGHT="30" WC="0.91" CONTENT="skatteförhållanden."/>
						</TextLine>
					</TextBlock>
					<TextBlock ID="block_4" HPOS="162" VPOS="1543" WIDTH="1482" HEIGHT="529">
						<TextLine ID="line_24" HPOS="206" VPOS="1543" WIDTH="1435" HEIGHT="45">
							<String ID="string_213" HPOS="206" VPOS="1548" WIDTH="445" HEIGHT="40" WC="0.92" CONTENT="Handikapputredningen"/><SP WIDTH="18" VPOS="1548" HPOS="651"/>
							<String ID="string_214" HPOS="669" VPOS="1548" WIDTH="61" HEIGHT="28" WC="0.96" CONTENT="bör"/><SP WIDTH="20" VPOS="1548" HPOS="730"/>
							<String ID="string_215" HPOS="750" VPOS="1547" WIDTH="35" HEIGHT="29" WC="0.96" CONTENT="få"/><SP WIDTH="18" VPOS="1547" HPOS="785"/>
							<String ID="string_216" HPOS="803" VPOS="1547" WIDTH="11" HEIGHT="29" WC="0.96" CONTENT="i"/><SP WIDTH="18" VPOS="1547" HPOS="814"/>
							<String ID="string_217" HPOS="832" VPOS="1546" WIDTH="159" HEIGHT="39" WC="0.96" CONTENT="uppdrag"/><SP WIDTH="19" VPOS="1546" HPOS="991"/>
							<String ID="string_218" HPOS="1010" VPOS="1547" WIDTH="49" HEIGHT="28" WC="0.96" CONTENT="att"/><SP WIDTH="19" VPOS="1547" HPOS="1059"/>
							<String ID="string_219" HPOS="1078" VPOS="1545" WIDTH="199" HEIGHT="29" WC="0.96" CONTENT="undersöka"/><SP WIDTH="18" VPOS="1545" HPOS="1277"/>
							<String ID="string_220" HPOS="1295" VPOS="1544" WIDTH="41" HEIGHT="29" WC="0.96" CONTENT="de"/><SP WIDTH="18" VPOS="1544" HPOS="1336"/>
							<String ID="string_221" HPOS="1354" VPOS="1543" WIDTH="287" HEIGHT="39" WC="0.95" CONTENT="handikappades"/>
						</TextLine>
						<TextLine ID="line_25" HPOS="163" VPOS="1596" WIDTH="1478" HEIGHT="46">
							<String ID="string_222" HPOS="163" VPOS="1603" WIDTH="281" HEIGHT="39" WC="0.91" CONTENT="skatteproblem."/><SP WIDTH="25" VPOS="1603" HPOS="444"/>
							<String ID="string_223" HPOS="469" VPOS="1602" WIDTH="126" HEIGHT="30" WC="0.96" CONTENT="Skälen"/><SP WIDTH="21" VPOS="1602" HPOS="595"/>
							<String ID="string_224" HPOS="616" VPOS="1601" WIDTH="52" HEIGHT="29" WC="0.96" CONTENT="till"/><SP WIDTH="24" VPOS="1601" HPOS="668"/>
							<String ID="string_225" HPOS="692" VPOS="1601" WIDTH="92" HEIGHT="29" WC="0.96" CONTENT="detta"/><SP WIDTH="24" VPOS="1601" HPOS="784"/>
							<String ID="string_226" HPOS="808" VPOS="1601" WIDTH="37" HEIGHT="28" WC="0.96" CONTENT="är"/><SP WIDTH="23" VPOS="1601" HPOS="845"/>
							<String ID="string_227" HPOS="868" VPOS="1600" WIDTH="97" HEIGHT="29" WC="0.95" CONTENT="flera."/><SP WIDTH="22" VPOS="1600" HPOS="965"/>
							<String ID="string_228" HPOS="987" VPOS="1599" WIDTH="93" HEIGHT="30" WC="0.93" CONTENT="Från"/><SP WIDTH="24" VPOS="1599" HPOS="1080"/>
							<String ID="string_229" HPOS="1104" VPOS="1597" WIDTH="397" HEIGHT="40" WC="0.91" CONTENT="fördelningssynpunkt"/><SP WIDTH="24" VPOS="1597" HPOS="1501"/>
							<String ID="string_230" HPOS="1525" VPOS="1597" WIDTH="37" HEIGHT="29" WC="0.96" CONTENT="är"/><SP WIDTH="24" VPOS="1597" HPOS="1562"/>
							<String ID="string_231" HPOS="1586" VPOS="1596" WIDTH="55" HEIGHT="29" WC="0.97" CONTENT="det"/>
						</TextLine>
						<TextLine ID="line_26" HPOS="162" VPOS="1650" WIDTH="1479" HEIGHT="43">
							<String ID="string_232" HPOS="162" VPOS="1655" WIDTH="346" HEIGHT="31" WC="0.91" CONTENT="otillfredsställande"/><SP WIDTH="26" VPOS="1655" HPOS="508"/>
							<String ID="string_233" HPOS="534" VPOS="1657" WIDTH="49" HEIGHT="28" WC="0.96" CONTENT="att"/><SP WIDTH="26" VPOS="1657" HPOS="583"/>
							<String ID="string_234" HPOS="609" VPOS="1664" WIDTH="42" HEIGHT="20" WC="0.96" CONTENT="en"/><SP WIDTH="26" VPOS="1664" HPOS="651"/>
							<String ID="string_235" HPOS="677" VPOS="1654" WIDTH="248" HEIGHT="39" WC="0.95" CONTENT="handikappad"/><SP WIDTH="27" VPOS="1654" HPOS="925"/>
							<String ID="string_236" HPOS="952" VPOS="1653" WIDTH="78" HEIGHT="29" WC="0.96" CONTENT="med"/><SP WIDTH="27" VPOS="1653" HPOS="1030"/>
							<String ID="string_237" HPOS="1057" VPOS="1662" WIDTH="134" HEIGHT="21" WC="0.96" CONTENT="samma"/><SP WIDTH="26" VPOS="1662" HPOS="1191"/>
							<String ID="string_238" HPOS="1217" VPOS="1652" WIDTH="154" HEIGHT="29" WC="0.96" CONTENT="inkomst"/><SP WIDTH="27" VPOS="1652" HPOS="1371"/>
							<String ID="string_239" HPOS="1398" VPOS="1660" WIDTH="75" HEIGHT="21" WC="0.96" CONTENT="som"/><SP WIDTH="25" VPOS="1660" HPOS="1473"/>
							<String ID="string_240" HPOS="1498" VPOS="1660" WIDTH="43" HEIGHT="20" WC="0.96" CONTENT="en"/><SP WIDTH="25" VPOS="1660" HPOS="1541"/>
							<String ID="string_241" HPOS="1566" VPOS="1650" WIDTH="75" HEIGHT="29" WC="0.96" CONTENT="icke"/>
						</TextLine>
						<TextLine ID="line_27" HPOS="164" VPOS="1704" WIDTH="1478" HEIGHT="45">
							<String ID="string_242" HPOS="164" VPOS="1710" WIDTH="249" HEIGHT="39" WC="0.95" CONTENT="handikappad"/><SP WIDTH="22" VPOS="1710" HPOS="413"/>
							<String ID="string_243" HPOS="435" VPOS="1709" WIDTH="91" HEIGHT="30" WC="0.95" CONTENT="ändå"/><SP WIDTH="22" VPOS="1709" HPOS="526"/>
							<String ID="string_244" HPOS="548" VPOS="1710" WIDTH="90" HEIGHT="28" WC="0.96" CONTENT="lever"/><SP WIDTH="24" VPOS="1710" HPOS="638"/>
							<String ID="string_245" HPOS="662" VPOS="1709" WIDTH="45" HEIGHT="39" WC="0.96" CONTENT="på"/><SP WIDTH="22" VPOS="1709" HPOS="707"/>
							<String ID="string_246" HPOS="729" VPOS="1718" WIDTH="42" HEIGHT="20" WC="0.96" CONTENT="en"/><SP WIDTH="23" VPOS="1718" HPOS="771"/>
							<String ID="string_247" HPOS="794" VPOS="1709" WIDTH="92" HEIGHT="38" WC="0.96" CONTENT="lägre"/><SP WIDTH="25" VPOS="1709" HPOS="886"/>
							<String ID="string_248" HPOS="911" VPOS="1707" WIDTH="167" HEIGHT="30" WC="0.96" CONTENT="standard"/><SP WIDTH="23" VPOS="1707" HPOS="1078"/>
							<String ID="string_249" HPOS="1101" VPOS="1707" WIDTH="65" HEIGHT="29" WC="0.96" CONTENT="och"/><SP WIDTH="22" VPOS="1707" HPOS="1166"/>
							<String ID="string_250" HPOS="1188" VPOS="1707" WIDTH="63" HEIGHT="28" WC="0.96" CONTENT="har"/><SP WIDTH="25" VPOS="1707" HPOS="1251"/>
							<String ID="string_251" HPOS="1276" VPOS="1707" WIDTH="112" HEIGHT="28" WC="0.96" CONTENT="sämre"/><SP WIDTH="23" VPOS="1707" HPOS="1388"/>
							<String ID="string_252" HPOS="1411" VPOS="1705" WIDTH="163" HEIGHT="29" WC="0.96" CONTENT="valfrihet"/><SP WIDTH="24" VPOS="1705" HPOS="1574"/>
							<String ID="string_253" HPOS="1598" VPOS="1704" WIDTH="44" HEIGHT="39" WC="0.96" CONTENT="på"/>
						</TextLine>
						<TextLine ID="line_28" HPOS="164" VPOS="1758" WIDTH="1479" HEIGHT="45">
							<String ID="string_254" HPOS="164" VPOS="1764" WIDTH="112" HEIGHT="39" WC="0.96" CONTENT="grund"/><SP WIDTH="17" VPOS="1764" HPOS="276"/>
							<String ID="string_255" HPOS="293" VPOS="1773" WIDTH="41" HEIGHT="20" WC="0.96" CONTENT="av"/><SP WIDTH="16" VPOS="1773" HPOS="334"/>
							<String ID="string_256" HPOS="350" VPOS="1763" WIDTH="41" HEIGHT="30" WC="0.96" CONTENT="de"/><SP WIDTH="16" VPOS="1763" HPOS="391"/>
							<String ID="string_257" HPOS="407" VPOS="1765" WIDTH="96" HEIGHT="27" WC="0.93" CONTENT="extra"/><SP WIDTH="15" VPOS="1765" HPOS="503"/>
							<String ID="string_258" HPOS="518" VPOS="1762" WIDTH="390" HEIGHT="30" WC="0.91" CONTENT="levnadskostnaderna."/><SP WIDTH="16" VPOS="1762" HPOS="908"/>
							<String ID="string_259" HPOS="924" VPOS="1761" WIDTH="65" HEIGHT="29" WC="0.95" CONTENT="Det"/><SP WIDTH="17" VPOS="1761" HPOS="989"/>
							<String ID="string_260" HPOS="1006" VPOS="1762" WIDTH="37" HEIGHT="28" WC="0.95" CONTENT="är"/><SP WIDTH="14" VPOS="1762" HPOS="1043"/>
							<String ID="string_261" HPOS="1057" VPOS="1762" WIDTH="125" HEIGHT="37" WC="0.96" CONTENT="ytterst"/><SP WIDTH="16" VPOS="1762" HPOS="1182"/>
							<String ID="string_262" HPOS="1198" VPOS="1759" WIDTH="183" HEIGHT="39" WC="0.96" CONTENT="väsentligt"/><SP WIDTH="17" VPOS="1759" HPOS="1381"/>
							<String ID="string_263" HPOS="1398" VPOS="1761" WIDTH="49" HEIGHT="27" WC="0.96" CONTENT="att"/><SP WIDTH="17" VPOS="1761" HPOS="1447"/>
							<String ID="string_264" HPOS="1464" VPOS="1758" WIDTH="41" HEIGHT="29" WC="0.93" CONTENT="de"/><SP WIDTH="15" VPOS="1758" HPOS="1505"/>
							<String ID="string_265" HPOS="1520" VPOS="1758" WIDTH="123" HEIGHT="29" WC="0.92" CONTENT="handi-"/>
						</TextLine>
						<TextLine ID="line_29" HPOS="163" VPOS="1811" WIDTH="1480" HEIGHT="46">
							<String ID="string_266" HPOS="163" VPOS="1817" WIDTH="178" HEIGHT="40" WC="0.91" CONTENT="kappades"/><SP WIDTH="20" VPOS="1817" HPOS="341"/>
							<String ID="string_267" HPOS="361" VPOS="1816" WIDTH="383" HEIGHT="30" WC="0.91" CONTENT="förvärvsverksamhet"/><SP WIDTH="19" VPOS="1816" HPOS="744"/>
							<String ID="string_268" HPOS="763" VPOS="1814" WIDTH="217" HEIGHT="31" WC="0.93" CONTENT="underlättas"/><SP WIDTH="29" VPOS="1814" HPOS="980"/>
							<String ID="string_269" HPOS="1009" VPOS="1807" WIDTH="25" HEIGHT="54" WC="0.92" CONTENT="—"/><SP WIDTH="28" VPOS="1807" HPOS="1034"/>
							<String ID="string_270" HPOS="1062" VPOS="1814" WIDTH="40" HEIGHT="29" WC="0.96" CONTENT="de"/><SP WIDTH="21" VPOS="1814" HPOS="1102"/>
							<String ID="string_271" HPOS="1123" VPOS="1813" WIDTH="136" HEIGHT="30" WC="0.96" CONTENT="direkta"/><SP WIDTH="18" VPOS="1813" HPOS="1259"/>
							<String ID="string_272" HPOS="1277" VPOS="1812" WIDTH="122" HEIGHT="40" WC="0.96" CONTENT="bidrag"/><SP WIDTH="20" VPOS="1812" HPOS="1399"/>
							<String ID="string_273" HPOS="1419" VPOS="1821" WIDTH="74" HEIGHT="20" WC="0.96" CONTENT="som"/><SP WIDTH="21" VPOS="1821" HPOS="1493"/>
							<String ID="string_274" HPOS="1514" VPOS="1819" WIDTH="57" HEIGHT="32" WC="0.95" CONTENT="ges"/><SP WIDTH="19" VPOS="1819" HPOS="1571"/>
							<String ID="string_275" HPOS="1590" VPOS="1811" WIDTH="53" HEIGHT="29" WC="0.95" CONTENT="till"/>
						</TextLine>
						<TextLine ID="line_30" HPOS="165" VPOS="1866" WIDTH="1479" HEIGHT="43">
							<String ID="string_276" HPOS="165" VPOS="1870" WIDTH="347" HEIGHT="31" WC="0.92" CONTENT="förvärvsarbetande"/><SP WIDTH="20" VPOS="1870" HPOS="512"/>
							<String ID="string_277" HPOS="532" VPOS="1869" WIDTH="269" HEIGHT="40" WC="0.96" CONTENT="handikappade"/><SP WIDTH="21" VPOS="1869" HPOS="801"/>
							<String ID="string_278" HPOS="822" VPOS="1869" WIDTH="117" HEIGHT="29" WC="0.96" CONTENT="täcker"/><SP WIDTH="21" VPOS="1869" HPOS="939"/>
							<String ID="string_279" HPOS="960" VPOS="1869" WIDTH="12" HEIGHT="28" WC="0.96" CONTENT="i"/><SP WIDTH="21" VPOS="1869" HPOS="972"/>
							<String ID="string_280" HPOS="993" VPOS="1868" WIDTH="126" HEIGHT="39" WC="0.96" CONTENT="många"/><SP WIDTH="21" VPOS="1868" HPOS="1119"/>
							<String ID="string_281" HPOS="1140" VPOS="1867" WIDTH="61" HEIGHT="30" WC="0.96" CONTENT="fall"/><SP WIDTH="21" VPOS="1867" HPOS="1201"/>
							<String ID="string_282" HPOS="1222" VPOS="1868" WIDTH="71" HEIGHT="28" WC="0.96" CONTENT="inte"/><SP WIDTH="21" VPOS="1868" HPOS="1293"/>
							<String ID="string_283" HPOS="1314" VPOS="1866" WIDTH="41" HEIGHT="30" WC="0.96" CONTENT="de"/><SP WIDTH="21" VPOS="1866" HPOS="1355"/>
							<String ID="string_284" HPOS="1376" VPOS="1866" WIDTH="155" HEIGHT="39" WC="0.93" CONTENT="verkliga"/><SP WIDTH="19" VPOS="1866" HPOS="1531"/>
							<String ID="string_285" HPOS="1550" VPOS="1866" WIDTH="94" HEIGHT="28" WC="0.92" CONTENT="kost-"/>
						</TextLine>
						<TextLine ID="line_31" HPOS="165" VPOS="1919" WIDTH="1478" HEIGHT="42">
							<String ID="string_286" HPOS="165" VPOS="1925" WIDTH="155" HEIGHT="29" WC="0.92" CONTENT="naderna"/><SP WIDTH="20" VPOS="1925" HPOS="320"/>
							<String ID="string_287" HPOS="340" VPOS="1925" WIDTH="55" HEIGHT="29" WC="0.90" CONTENT="för"/><SP WIDTH="18" VPOS="1925" HPOS="395"/>
							<String ID="string_288" HPOS="413" VPOS="1926" WIDTH="24" HEIGHT="27" WC="0.90" CONTENT="t."/><SP WIDTH="15" VPOS="1926" HPOS="437"/>
							<String ID="string_289" HPOS="452" VPOS="1933" WIDTH="50" HEIGHT="20" WC="0.96" CONTENT="ex."/><SP WIDTH="21" VPOS="1933" HPOS="502"/>
							<String ID="string_290" HPOS="523" VPOS="1925" WIDTH="96" HEIGHT="28" WC="0.93" CONTENT="extra"/><SP WIDTH="21" VPOS="1925" HPOS="619"/>
							<String ID="string_291" HPOS="640" VPOS="1923" WIDTH="215" HEIGHT="38" WC="0.90" CONTENT="klädslitage."/><SP WIDTH="21" VPOS="1923" HPOS="855"/>
							<String ID="string_292" HPOS="876" VPOS="1923" WIDTH="58" HEIGHT="28" WC="0.96" CONTENT="Ett"/><SP WIDTH="21" VPOS="1923" HPOS="934"/>
							<String ID="string_293" HPOS="955" VPOS="1925" WIDTH="106" HEIGHT="27" WC="0.96" CONTENT="annat"/><SP WIDTH="21" VPOS="1925" HPOS="1061"/>
							<String ID="string_294" HPOS="1082" VPOS="1921" WIDTH="123" HEIGHT="38" WC="0.96" CONTENT="viktigt"/><SP WIDTH="22" VPOS="1921" HPOS="1205"/>
							<String ID="string_295" HPOS="1227" VPOS="1920" WIDTH="75" HEIGHT="29" WC="0.96" CONTENT="skäl"/><SP WIDTH="22" VPOS="1920" HPOS="1302"/>
							<String ID="string_296" HPOS="1324" VPOS="1920" WIDTH="54" HEIGHT="29" WC="0.96" CONTENT="för"/><SP WIDTH="20" VPOS="1920" HPOS="1378"/>
							<String ID="string_297" HPOS="1398" VPOS="1919" WIDTH="187" HEIGHT="39" WC="0.96" CONTENT="utredning"/><SP WIDTH="21" VPOS="1919" HPOS="1585"/>
							<String ID="string_298" HPOS="1606" VPOS="1919" WIDTH="37" HEIGHT="28" WC="0.96" CONTENT="är"/>
						</TextLine>
						<TextLine ID="line_32" HPOS="164" VPOS="1973" WIDTH="1480" HEIGHT="44">
							<String ID="string_299" HPOS="164" VPOS="1979" WIDTH="119" HEIGHT="29" WC="0.96" CONTENT="risken"/><SP WIDTH="22" VPOS="1979" HPOS="283"/>
							<String ID="string_300" HPOS="305" VPOS="1978" WIDTH="54" HEIGHT="30" WC="0.96" CONTENT="för"/><SP WIDTH="22" VPOS="1978" HPOS="359"/>
							<String ID="string_301" HPOS="381" VPOS="1980" WIDTH="50" HEIGHT="27" WC="0.96" CONTENT="att"/><SP WIDTH="21" VPOS="1980" HPOS="431"/>
							<String ID="string_302" HPOS="452" VPOS="1977" WIDTH="222" HEIGHT="40" WC="0.96" CONTENT="principerna"/><SP WIDTH="22" VPOS="1977" HPOS="674"/>
							<String ID="string_303" HPOS="696" VPOS="1977" WIDTH="54" HEIGHT="29" WC="0.96" CONTENT="för"/><SP WIDTH="23" VPOS="1977" HPOS="750"/>
							<String ID="string_304" HPOS="773" VPOS="1976" WIDTH="243" HEIGHT="40" WC="0.96" CONTENT="skatteavdrag"/><SP WIDTH="22" VPOS="1976" HPOS="1016"/>
							<String ID="string_305" HPOS="1038" VPOS="1975" WIDTH="53" HEIGHT="30" WC="0.96" CONTENT="för"/><SP WIDTH="23" VPOS="1975" HPOS="1091"/>
							<String ID="string_306" HPOS="1114" VPOS="1975" WIDTH="41" HEIGHT="29" WC="0.96" CONTENT="de"/><SP WIDTH="22" VPOS="1975" HPOS="1155"/>
							<String ID="string_307" HPOS="1177" VPOS="1973" WIDTH="269" HEIGHT="40" WC="0.96" CONTENT="handikappade"/><SP WIDTH="20" VPOS="1973" HPOS="1446"/>
							<String ID="string_308" HPOS="1466" VPOS="1973" WIDTH="178" HEIGHT="39" WC="0.96" CONTENT="tillämpas"/>
						</TextLine>
						<TextLine ID="line_33" HPOS="164" VPOS="2030" WIDTH="941" HEIGHT="42">
							<String ID="string_309" HPOS="164" VPOS="2033" WIDTH="189" HEIGHT="39" WC="0.91" CONTENT="oenhetligt"/><SP WIDTH="21" VPOS="2033" HPOS="353"/>
							<String ID="string_310" HPOS="374" VPOS="2041" WIDTH="42" HEIGHT="20" WC="0.96" CONTENT="av"/><SP WIDTH="18" VPOS="2041" HPOS="416"/>
							<String ID="string_311" HPOS="434" VPOS="2032" WIDTH="41" HEIGHT="29" WC="0.96" CONTENT="de"/><SP WIDTH="20" VPOS="2032" HPOS="475"/>
							<String ID="string_312" HPOS="495" VPOS="2031" WIDTH="116" HEIGHT="30" WC="0.93" CONTENT="lokala"/><SP WIDTH="18" VPOS="2031" HPOS="611"/>
							<String ID="string_313" HPOS="629" VPOS="2030" WIDTH="476" HEIGHT="40" WC="0.91" CONTENT="taxeringsmyndigheterna."/>
						</TextLine>
					</TextBlock>
				</ComposedBlock>
				<GraphicalElement ID="cblock_3" HPOS="998" VPOS="1832" WIDTH="45" HEIGHT="3"></GraphicalElement >
				<ComposedBlock ID="cblock_4" HPOS="820" VPOS="2171" WIDTH="168" HEIGHT="32">
					<TextBlock ID="block_5" HPOS="820" VPOS="2171" WIDTH="168" HEIGHT="32">
						<TextLine ID="line_34" HPOS="820" VPOS="2171" WIDTH="168" HEIGHT="32">
							<String ID="string_314" HPOS="820" VPOS="2171" WIDTH="168" HEIGHT="32" WC="0.96" CONTENT="Utskottet"/>
						</TextLine>
					</TextBlock>
				</ComposedBlock>
				<ComposedBlock ID="cblock_5" HPOS="163" VPOS="2243" WIDTH="1483" HEIGHT="306">
					<TextBlock ID="block_6" HPOS="163" VPOS="2243" WIDTH="1483" HEIGHT="306">
						<TextLine ID="line_35" HPOS="207" VPOS="2243" WIDTH="1438" HEIGHT="43">
							<String ID="string_315" HPOS="207" VPOS="2247" WIDTH="116" HEIGHT="39" WC="0.96" CONTENT="Enligt"/><SP WIDTH="23" VPOS="2247" HPOS="323"/>
							<String ID="string_316" HPOS="346" VPOS="2247" WIDTH="40" HEIGHT="29" WC="0.92" CONTENT="50"/><SP WIDTH="25" VPOS="2247" HPOS="386"/>
							<String ID="string_317" HPOS="411" VPOS="2247" WIDTH="14" HEIGHT="37" WC="0.90" CONTENT="$"/><SP WIDTH="25" VPOS="2247" HPOS="425"/>
							<String ID="string_318" HPOS="450" VPOS="2247" WIDTH="18" HEIGHT="29" WC="0.96" CONTENT="2"/><SP WIDTH="23" VPOS="2247" HPOS="468"/>
							<String ID="string_319" HPOS="491" VPOS="2255" WIDTH="104" HEIGHT="20" WC="0.96" CONTENT="mom."/><SP WIDTH="23" VPOS="2255" HPOS="595"/>
							<String ID="string_320" HPOS="618" VPOS="2246" WIDTH="109" HEIGHT="30" WC="0.96" CONTENT="andra"/><SP WIDTH="23" VPOS="2246" HPOS="727"/>
							<String ID="string_321" HPOS="750" VPOS="2245" WIDTH="133" HEIGHT="39" WC="0.93" CONTENT="stycket"/><SP WIDTH="23" VPOS="2245" HPOS="883"/>
							<String ID="string_322" HPOS="906" VPOS="2244" WIDTH="424" HEIGHT="38" WC="0.61" CONTENT="kommunalskaltelagen"/><SP WIDTH="23" VPOS="2244" HPOS="1330"/>
							<String ID="string_323" HPOS="1353" VPOS="2244" WIDTH="79" HEIGHT="38" WC="0.93" CONTENT="äger"/><SP WIDTH="25" VPOS="2244" HPOS="1432"/>
							<String ID="string_324" HPOS="1457" VPOS="2243" WIDTH="188" HEIGHT="39" WC="0.89" CONTENT="taxerings-"/>
						</TextLine>
						<TextLine ID="line_36" HPOS="163" VPOS="2297" WIDTH="1482" HEIGHT="42">
							<String ID="string_325" HPOS="163" VPOS="2302" WIDTH="131" HEIGHT="28" WC="0.95" CONTENT="nämnd"/><SP WIDTH="20" VPOS="2302" HPOS="294"/>
							<String ID="string_326" HPOS="314" VPOS="2300" WIDTH="65" HEIGHT="30" WC="0.93" CONTENT="och"/><SP WIDTH="18" VPOS="2300" HPOS="379"/>
							<String ID="string_327" HPOS="397" VPOS="2300" WIDTH="323" HEIGHT="39" WC="0.92" CONTENT="prövningsnämnd"/><SP WIDTH="19" VPOS="2300" HPOS="720"/>
							<String ID="string_328" HPOS="739" VPOS="2300" WIDTH="120" HEIGHT="38" WC="0.96" CONTENT="medge"/><SP WIDTH="19" VPOS="2300" HPOS="859"/>
							<String ID="string_329" HPOS="878" VPOS="2301" WIDTH="96" HEIGHT="26" WC="0.93" CONTENT="extra"/><SP WIDTH="19" VPOS="2301" HPOS="974"/>
							<String ID="string_330" HPOS="993" VPOS="2298" WIDTH="129" HEIGHT="38" WC="0.96" CONTENT="avdrag"/><SP WIDTH="18" VPOS="2298" HPOS="1122"/>
							<String ID="string_331" HPOS="1140" VPOS="2298" WIDTH="54" HEIGHT="29" WC="0.96" CONTENT="för"/><SP WIDTH="21" VPOS="2298" HPOS="1194"/>
							<String ID="string_332" HPOS="1215" VPOS="2297" WIDTH="136" HEIGHT="30" WC="0.93" CONTENT="nedsatt"/><SP WIDTH="21" VPOS="2297" HPOS="1351"/>
							<String ID="string_333" HPOS="1372" VPOS="2297" WIDTH="273" HEIGHT="38" WC="0.92" CONTENT="skatteförmåga"/>
						</TextLine>
						<TextLine ID="line_37" HPOS="167" VPOS="2350" WIDTH="1477" HEIGHT="43">
							<String ID="string_334" HPOS="167" VPOS="2354" WIDTH="78" HEIGHT="29" WC="0.93" CONTENT="med"/><SP WIDTH="20" VPOS="2354" HPOS="245"/>
							<String ID="string_335" HPOS="265" VPOS="2354" WIDTH="23" HEIGHT="29" WC="0.88" CONTENT="f."/><SP WIDTH="20" VPOS="2354" HPOS="288"/>
							<String ID="string_336" HPOS="308" VPOS="2364" WIDTH="33" HEIGHT="19" WC="0.88" CONTENT="n."/><SP WIDTH="20" VPOS="2364" HPOS="341"/>
							<String ID="string_337" HPOS="361" VPOS="2354" WIDTH="101" HEIGHT="39" WC="0.96" CONTENT="högst"/><SP WIDTH="19" VPOS="2354" HPOS="462"/>
							<String ID="string_338" HPOS="481" VPOS="2353" WIDTH="95" HEIGHT="30" WC="0.88" CONTENT="4500"/><SP WIDTH="21" VPOS="2353" HPOS="576"/>
							<String ID="string_339" HPOS="597" VPOS="2353" WIDTH="51" HEIGHT="29" WC="0.92" CONTENT="kr."/><SP WIDTH="18" VPOS="2353" HPOS="648"/>
							<String ID="string_340" HPOS="666" VPOS="2371" WIDTH="44" HEIGHT="2" WC="0.91" CONTENT="—"/><SP WIDTH="19" VPOS="2371" HPOS="710"/>
							<String ID="string_341" HPOS="729" VPOS="2353" WIDTH="41" HEIGHT="29" WC="0.93" CONTENT="fr."/><SP WIDTH="20" VPOS="2353" HPOS="770"/>
							<String ID="string_342" HPOS="790" VPOS="2362" WIDTH="29" HEIGHT="20" WC="0.89" CONTENT="o."/><SP WIDTH="20" VPOS="2362" HPOS="819"/>
							<String ID="string_343" HPOS="839" VPOS="2362" WIDTH="45" HEIGHT="20" WC="0.89" CONTENT="m."/><SP WIDTH="22" VPOS="2362" HPOS="884"/>
							<String ID="string_344" HPOS="906" VPOS="2352" WIDTH="82" HEIGHT="30" WC="0.96" CONTENT="1970"/><SP WIDTH="21" VPOS="2352" HPOS="988"/>
							<String ID="string_345" HPOS="1009" VPOS="2352" WIDTH="56" HEIGHT="29" WC="0.96" CONTENT="års"/><SP WIDTH="19" VPOS="2352" HPOS="1065"/>
							<String ID="string_346" HPOS="1084" VPOS="2351" WIDTH="158" HEIGHT="39" WC="0.96" CONTENT="taxering"/><SP WIDTH="18" VPOS="2351" HPOS="1242"/>
							<String ID="string_347" HPOS="1260" VPOS="2350" WIDTH="79" HEIGHT="29" WC="0.96" CONTENT="med"/><SP WIDTH="18" VPOS="2350" HPOS="1339"/>
							<String ID="string_348" HPOS="1357" VPOS="2350" WIDTH="101" HEIGHT="39" WC="0.96" CONTENT="högst"/><SP WIDTH="19" VPOS="2350" HPOS="1458"/>
							<String ID="string_349" HPOS="1477" VPOS="2350" WIDTH="18" HEIGHT="29" WC="0.96" CONTENT="6"/><SP WIDTH="16" VPOS="2350" HPOS="1495"/>
							<String ID="string_350" HPOS="1511" VPOS="2350" WIDTH="62" HEIGHT="29" WC="0.96" CONTENT="000"/><SP WIDTH="20" VPOS="2350" HPOS="1573"/>
							<String ID="string_351" HPOS="1593" VPOS="2350" WIDTH="51" HEIGHT="28" WC="0.96" CONTENT="kr."/>
						</TextLine>
						<TextLine ID="line_38" HPOS="166" VPOS="2403" WIDTH="1480" HEIGHT="43">
							<String ID="string_352" HPOS="166" VPOS="2426" WIDTH="42" HEIGHT="2" WC="0.84" CONTENT="—"/><SP WIDTH="20" VPOS="2426" HPOS="208"/>
							<String ID="string_353" HPOS="228" VPOS="2416" WIDTH="60" HEIGHT="30" WC="0.84" CONTENT="per"/><SP WIDTH="22" VPOS="2416" HPOS="288"/>
							<String ID="string_354" HPOS="310" VPOS="2408" WIDTH="37" HEIGHT="29" WC="0.96" CONTENT="år"/><SP WIDTH="21" VPOS="2408" HPOS="347"/>
							<String ID="string_355" HPOS="368" VPOS="2407" WIDTH="12" HEIGHT="29" WC="0.96" CONTENT="i"/><SP WIDTH="20" VPOS="2407" HPOS="380"/>
							<String ID="string_356" HPOS="400" VPOS="2407" WIDTH="100" HEIGHT="39" WC="0.96" CONTENT="fråga"/><SP WIDTH="20" VPOS="2407" HPOS="500"/>
							<String ID="string_357" HPOS="520" VPOS="2415" WIDTH="57" HEIGHT="21" WC="0.96" CONTENT="om"/><SP WIDTH="22" VPOS="2415" HPOS="577"/>
							<String ID="string_358" HPOS="599" VPOS="2406" WIDTH="241" HEIGHT="39" WC="0.96" CONTENT="skattskyldig,"/><SP WIDTH="22" VPOS="2406" HPOS="840"/>
							<String ID="string_359" HPOS="862" VPOS="2415" WIDTH="80" HEIGHT="20" WC="0.93" CONTENT="vars"/><SP WIDTH="22" VPOS="2415" HPOS="942"/>
							<String ID="string_360" HPOS="964" VPOS="2405" WIDTH="274" HEIGHT="38" WC="0.92" CONTENT="skatteförmåga"/><SP WIDTH="20" VPOS="2405" HPOS="1238"/>
							<String ID="string_361" HPOS="1258" VPOS="2404" WIDTH="111" HEIGHT="29" WC="0.93" CONTENT="under"/><SP WIDTH="21" VPOS="2404" HPOS="1369"/>
							<String ID="string_362" HPOS="1390" VPOS="2403" WIDTH="256" HEIGHT="39" WC="0.91" CONTENT="beskattnings-"/>
						</TextLine>
						<TextLine ID="line_39" HPOS="164" VPOS="2458" WIDTH="1482" HEIGHT="41">
							<String ID="string_363" HPOS="164" VPOS="2462" WIDTH="73" HEIGHT="29" WC="0.96" CONTENT="året"/><SP WIDTH="25" VPOS="2462" HPOS="237"/>
							<String ID="string_364" HPOS="262" VPOS="2462" WIDTH="88" HEIGHT="28" WC="0.96" CONTENT="varit"/><SP WIDTH="25" VPOS="2462" HPOS="350"/>
							<String ID="string_365" HPOS="375" VPOS="2460" WIDTH="215" HEIGHT="39" WC="0.96" CONTENT="väsentligen"/><SP WIDTH="24" VPOS="2460" HPOS="590"/>
							<String ID="string_366" HPOS="614" VPOS="2460" WIDTH="138" HEIGHT="29" WC="0.96" CONTENT="nedsatt"/><SP WIDTH="24" VPOS="2460" HPOS="752"/>
							<String ID="string_367" HPOS="776" VPOS="2461" WIDTH="52" HEIGHT="28" WC="0.96" CONTENT="till"/><SP WIDTH="25" VPOS="2461" HPOS="828"/>
							<String ID="string_368" HPOS="853" VPOS="2459" WIDTH="90" HEIGHT="39" WC="0.96" CONTENT="följd"/><SP WIDTH="25" VPOS="2459" HPOS="943"/>
							<String ID="string_369" HPOS="968" VPOS="2469" WIDTH="43" HEIGHT="19" WC="0.96" CONTENT="av"/><SP WIDTH="22" VPOS="2469" HPOS="1011"/>
							<String ID="string_370" HPOS="1033" VPOS="2459" WIDTH="179" HEIGHT="38" WC="0.96" CONTENT="långvarig"/><SP WIDTH="25" VPOS="2459" HPOS="1212"/>
							<String ID="string_371" HPOS="1237" VPOS="2458" WIDTH="176" HEIGHT="39" WC="0.93" CONTENT="sjukdom,"/><SP WIDTH="25" VPOS="2458" HPOS="1413"/>
							<String ID="string_372" HPOS="1438" VPOS="2458" WIDTH="208" HEIGHT="39" WC="0.91" CONTENT="olyckshän-"/>
						</TextLine>
						<TextLine ID="line_40" HPOS="166" VPOS="2510" WIDTH="1479" HEIGHT="39">
							<String ID="string_373" HPOS="166" VPOS="2515" WIDTH="102" HEIGHT="34" WC="0.96" CONTENT="delse,"/><SP WIDTH="31" VPOS="2515" HPOS="268"/>
							<String ID="string_374" HPOS="299" VPOS="2513" WIDTH="188" HEIGHT="36" WC="0.96" CONTENT="ålderdom,"/><SP WIDTH="29" VPOS="2513" HPOS="487"/>
							<String ID="string_375" HPOS="516" VPOS="2513" WIDTH="185" HEIGHT="30" WC="0.95" CONTENT="underhåll"/><SP WIDTH="29" VPOS="2513" HPOS="701"/>
							<String ID="string_376" HPOS="730" VPOS="2522" WIDTH="43" HEIGHT="21" WC="0.96" CONTENT="av"/><SP WIDTH="27" VPOS="2522" HPOS="773"/>
							<String ID="string_377" HPOS="800" VPOS="2512" WIDTH="110" HEIGHT="31" WC="0.96" CONTENT="andra"/><SP WIDTH="27" VPOS="2512" HPOS="910"/>
							<String ID="string_378" HPOS="937" VPOS="2511" WIDTH="209" HEIGHT="32" WC="0.96" CONTENT="närstående"/><SP WIDTH="29" VPOS="2511" HPOS="1146"/>
							<String ID="string_379" HPOS="1175" VPOS="2512" WIDTH="46" HEIGHT="29" WC="0.96" CONTENT="än"/><SP WIDTH="26" VPOS="2512" HPOS="1221"/>
							<String ID="string_380" HPOS="1247" VPOS="2511" WIDTH="97" HEIGHT="35" WC="0.96" CONTENT="barn,"/><SP WIDTH="30" VPOS="2511" HPOS="1344"/>
							<String ID="string_381" HPOS="1374" VPOS="2511" WIDTH="54" HEIGHT="30" WC="0.96" CONTENT="för"/><SP WIDTH="29" VPOS="2511" HPOS="1428"/>
							<String ID="string_382" HPOS="1457" VPOS="2510" WIDTH="92" HEIGHT="31" WC="0.96" CONTENT="vilka"/><SP WIDTH="30" VPOS="2510" HPOS="1549"/>
							<String ID="string_383" HPOS="1579" VPOS="2510" WIDTH="66" HEIGHT="29" WC="0.96" CONTENT="den"/>
						</TextLine>
					</TextBlock>
				</ComposedBlock>
			</PrintSpace>
		</Page>
	</Layout>
</alto>
