1900 2838
254 212 19 29 4
535 203 402 41 Bevillningsutskottets
957 198 217 33 betänkande
1193 206 41 21 nr
1254 196 39 30 15
1310 196 39 29 år
1369 194 82 30 1969

251 289 380 39 trafikbeskattningen
654 286 99 40 ingår
777 285 12 30 i
814 283 202 41 uppdragen
1041 281 55 30 för
1119 278 59 32 två
1202 277 110 31 under
1339 275 81 31 1965
1446 274 147 31 tillsatta
1617 270 116 32 utred-

252 348 132 38 ningar,
415 344 176 39 nämligen
619 338 400 39 bilskatteutredningen
1047 335 64 30 och
1140 329 447 42 handikapputredningen.
1617 325 116 39 Enligt

253 401 136 40 uppgift
414 399 80 30 från
517 398 42 30 de
583 395 155 31 nämnda
761 392 275 39 utredningarna
1059 390 63 29 har
1148 384 336 34 överenskommelse
1508 382 144 30 träffats
1676 389 57 20 om

253 458 49 28 att
320 451 437 42 handikapputredningen
776 449 11 29 i
805 448 112 29 första
934 445 95 30 hand
1048 443 88 31 skall
1155 441 173 31 behandla
1346 440 41 29 de
1405 436 328 41 vägtrafikbeskatt-

252 509 221 41 ningsfrågor
498 516 74 22 som
595 506 57 29 rör
676 501 278 41 handikappade.
978 499 117 39 Enligt
1118 496 194 31 direktiven
1336 494 54 30 för
1413 489 321 41 handikapputred-

252 565 128 39 ningen
403 563 88 30 skall
513 561 114 30 denna
649 559 116 29 vidare
786 557 107 40 pröva
913 555 88 30 bl.a.
1023 552 174 31 huruvida
1219 560 47 20 nu
1287 547 171 41 utgående
1481 544 253 32 skatterestitu-

253 620 111 29 tioner
382 617 189 40 lämpligen
588 615 62 30 bör
668 613 177 39 omläggas
862 611 52 29 till
933 611 47 28 ett
1000 608 77 30 stöd
1094 607 11 29 i
1125 607 90 29 form
1235 614 42 20 av
1295 603 136 30 direkta
1447 601 131 38 bidrag.

293 727 102 29 Flera
419 723 266 41 betydelsefulla
710 720 169 30 reformer
905 718 45 39 på
975 712 362 42 handikappområdet
1363 709 124 31 trädde
1511 709 12 29 i
1547 706 96 31 kraft
1670 705 67 30 den

254 782 15 29 1
289 780 68 41 juli
376 779 93 31 1968.
488 774 388 42 Handikappinstitutet
894 770 192 32 inråttades
1107 778 74 21 som
1201 769 48 28 ett
1268 765 147 31 centralt
1434 771 107 32 organ
1560 761 45 40 på
1622 760 114 39 hjälp-

251 833 289 32 medelsområdet
574 832 33 29 åt
642 828 277 40 socialstyrelsen
952 826 64 29 och
1050 819 475 44 sjukvårdshuvudmännen.
1560 815 176 30 Institutet

253 889 62 28 bar
334 887 132 38 viktiga
485 885 177 39 uppgifter
681 884 44 28 bl.
741 892 28 19 a.
791 882 63 28 när
875 881 56 27 det
952 879 106 38 gäller
1078 876 218 37 forsknings-
1316 874 65 28 och
1401 869 336 38 utvecklingsarbete

252 942 54 30 för
325 939 297 39 ändamålsenliga
639 936 165 31 tekniska
822 932 212 42 hjälpmedel
1055 931 33 30 åt
1107 926 279 41 handikappade.
1405 925 74 29 Den
1497 922 241 39 handikappa-

252 997 59 29 des
341 995 221 40 möjligheter
591 994 49 27 att
670 988 247 32 kostnadsfritt
947 986 37 30 få
1013 985 130 30 sådana
1173 980 188 42 hjälmedel
1391 980 63 29 har
1484 978 100 30 ökats
1615 984 123 32 genom

251 1050 157 39 utvidgat
433 1048 77 30 stöd
531 1047 53 29 till
609 1046 27 39 sj
646 1040 448 35 ukvårdshuvudmännens
1116 1031 467 45 hjälpmedelsverksamhet.
1608 1030 131 30 Genom

253 1106 47 29 ett
317 1104 119 39 tillägg
452 1102 52 30 till
523 1098 328 41 socialhjälpslagen
867 1096 63 29 har
947 1094 118 30 vidare
1083 1090 193 40 fastslagits
1294 1090 276 28 kommunernas
1588 1083 151 40 skyldig-

253 1159 58 29 het
330 1159 48 28 att
396 1155 142 32 bedriva
554 1164 42 19 en
614 1153 105 33 aktiv,
739 1149 227 42 uppsökande
985 1146 191 31 socialvård
1195 1145 64 29 och
1276 1143 91 30 tillse
1386 1143 48 28 att
1454 1141 67 29 den
1539 1148 75 21 som
1630 1137 108 30 vistas

253 1213 11 29 i
286 1213 216 28 kommunen
525 1209 55 29 får
603 1208 66 29 den
692 1204 215 32 omvårdnad
932 1212 74 20 som
1030 1201 78 29 med
1131 1200 138 38 hänsyn
1290 1197 53 29 till
1367 1196 88 28 hans
1478 1194 109 29 behov
1611 1192 38 29 är
1672 1186 67 49 till-

254 1263 279 33 fredsställande.
551 1262 67 29 För
636 1259 162 41 psykiskt
816 1254 338 40 utvecklingsstörda
1172 1253 105 38 gäller
1295 1260 43 20 en
1356 1259 47 30 ny
1419 1247 223 39 omsorgslag.
1661 1244 79 30 Med

253 1318 254 39 beteckningen
530 1322 138 32 omsorg
691 1314 64 29 har
780 1321 82 21 man
886 1311 90 29 velat
1000 1308 162 30 markera
1186 1316 42 20 en
1252 1303 194 39 breddning
1470 1311 43 21 av
1537 1299 202 31 samhällets

253 1374 150 28 insatser
424 1371 120 29 utöver
566 1367 249 38 undervisning
836 1365 65 29 och
921 1363 95 33 vård,
1038 1361 79 29 med
1137 1361 44 28 bl.
1197 1369 28 19 a.
1248 1358 105 30 social
1375 1356 137 33 service,
1533 1353 207 39 rådgivning

254 1427 64 29 och
341 1422 351 33 fritidsverksamhet.
715 1420 67 29 För
806 1417 225 40 skolpliktiga
1053 1410 339 41 utvecklingsstörda
1414 1410 70 29 kan
1506 1408 148 29 nämnas
1677 1405 64 30 föl-

254 1480 106 40 jande
379 1488 69 30 nya
465 1478 81 29 eller
566 1474 185 40 utvidgade
769 1470 300 39 omsorgsformer,
1090 1467 175 38 nämligen
1285 1464 165 33 förskola,
1470 1456 269 49 träningsskola,

259 1533 150 31 särskild
425 1530 260 38 undervisning,
702 1525 246 42 yrkesträning
965 1524 65 29 och
1046 1521 125 40 vidgad
1187 1518 214 42 yrkesskola,
1421 1517 148 39 daghem
1585 1515 65 29 och
1668 1522 71 30 sys-

257 1586 215 39 selsättning.
489 1585 68 29 För
574 1584 87 29 barn
680 1581 79 30 med
778 1580 101 30 svåra
896 1578 135 40 fysiska
1048 1575 203 38 handikapp
1270 1573 63 29 har
1352 1580 42 21 en
1412 1571 84 39 plan
1514 1570 53 29 för
1586 1567 155 31 elevhem

256 1641 196 31 fastställts.
475 1636 283 40 Socialstyrelsen
777 1635 64 28 har
862 1632 173 30 meddelat
1057 1628 224 39 anvisningar
1303 1626 55 30 för
1378 1622 363 40 handikappförebyg-

256 1695 110 40 gande
389 1691 254 32 hälsokontroll
667 1699 42 20 av
731 1688 186 38 4-åringar.
940 1685 67 29 För
1031 1681 270 40 handikappade
1323 1680 11 29 i
1359 1677 201 41 glesbygder
1584 1677 63 28 har
1671 1675 70 30 viss

257 1745 364 33 försöksverksamhet
642 1744 152 29 startats.

299 1798 447 42 Handikapputredningen
773 1793 191 32 behandlar
994 1792 71 29 f.n.
1095 1790 116 39 frågor
1241 1798 57 20 om
1327 1785 259 38 undervisning,
1616 1782 126 31 utbild-

256 1857 93 39 ning,
371 1852 257 33 vårdarservice
651 1851 64 29 och
738 1848 143 30 därmed
905 1842 346 40 sammanhängande
1273 1839 171 42 spörsmål
1467 1839 54 30 för
1544 1839 41 28 de
1609 1836 133 31 svårast

256 1907 280 40 handikappade.
555 1907 74 29 Den
646 1906 53 27 tar
717 1905 86 28 även
820 1911 71 30 upp
909 1900 116 38 frågor
1044 1908 56 20 om
1117 1895 206 31 kommunal
1342 1893 191 39 färdtjänst
1551 1892 65 29 och
1634 1890 108 30 andra

260 1963 159 40 åtgärder
443 1962 54 29 för
519 1963 49 27 att
591 1960 100 37 bryta
713 1954 287 40 handikappades
1023 1952 173 38 isolering.
1221 1946 369 40 Samordningsfrågor
1613 1945 63 29 har
1700 1952 41 20 en

258 2017 131 31 central
409 2016 92 39 plats
517 2015 13 28 i
549 2012 249 38 utredningens
819 2009 125 29 arbete.

301 2072 48 29 De
375 2066 270 41 handikappade
672 2064 168 30 omfattar
865 2061 127 39 många
1017 2060 94 29 olika
1138 2066 150 32 grupper
1315 2055 79 30 med
1422 2054 113 30 skilda
1562 2052 181 30 förutsält-

258 2127 123 38 ningar
404 2124 66 29 och
490 2122 120 30 behov.
634 2118 207 31 Samhällets
865 2114 160 41 åtgärder
1047 2113 45 39 på
1114 2112 95 29 detta
1230 2109 142 30 område
1394 2109 66 29 blir
1483 2107 119 30 därför
1625 2106 118 38 mång-

261 2178 186 32 skiftande.
467 2177 50 29 De
536 2184 97 21 avser
654 2170 312 40 förtidspensioner
986 2168 65 29 och
1069 2162 449 39 invaliditetsersättningar
1538 2161 95 29 inom
1653 2159 88 30 folk-

257 2227 300 51 pensioneringen,
594 2224 311 40 förtidspensioner
937 2222 96 29 inom
1067 2220 96 33 ATP,
1198 2215 315 35 institutionsvård,
1548 2213 196 31 rehabilite-

260 2288 87 39 ring,
370 2280 360 42 samhällsplanering,
751 2277 171 34 bostäder,
945 2273 210 34 arbetsvård,
1177 2270 190 40 hemhjälp,
1390 2268 259 38 undervisning,
1670 2266 72 30 tek-

260 2341 102 30 niska
382 2336 214 42 hjälpmedel
617 2344 45 20 m.
676 2343 45 20 m.

302 2393 50 31 De
378 2393 121 38 anslag
524 2399 74 21 som
626 2396 98 21 avser
750 2383 212 42 hjälpmedel
990 2382 54 30 för
1071 2378 279 40 handikappade,
1377 2377 93 29 vissa
1496 2374 247 33 institutioner,

260 2448 185 33 särskolor,
466 2437 473 42 invaliditetsförebyggande
961 2435 159 40 åtgärder
1141 2434 65 29 och
1226 2432 123 39 bidrag
1368 2431 53 30 till
1443 2430 42 30 de
1505 2429 240 39 handikappa-

260 2504 59 28 des
337 2498 275 42 organisationer
629 2492 173 33 beräknas
818 2492 12 29 i
849 2491 91 29 årets
959 2485 409 42 statsverksproposition
1386 2485 55 29 för
1458 2484 103 29 nästa
1575 2482 169 40 budgetår

260 2556 52 31 till
334 2564 39 20 ca
396 2553 60 30 160
479 2551 88 39 milj.
589 2551 62 32 kr.,
674 2549 31 28 d.
720 2557 29 19 v.
765 2554 25 21 s.
812 2546 86 28 nära
919 2544 39 29 35
982 2542 88 39 milj.
1091 2542 53 28 kr.
1166 2549 73 20 mer
1262 2540 45 28 än
1328 2538 54 30 för
1403 2536 235 31 innevarande
1660 2535 86 30 bud-
