1900 2839
253 177 18 30 6
534 178 403 40 Bevillningsutskottets
956 181 217 30 betänkande
1192 191 42 20 nr
1253 182 39 29 15
1310 182 38 30 år
1367 183 83 29 1969

247 258 370 31 riksskattenämnden
643 261 10 28 i
681 260 224 40 anvisningar
933 262 146 30 rörande
1106 262 128 41 avdrag
1260 263 55 30 för
1341 264 188 29 kostnader
1557 264 54 30 för
1637 274 96 20 resor

248 306 79 37 med
343 313 47 31 bil
409 314 128 30 mellan
552 314 125 30 bostad
694 316 65 28 och
777 316 208 39 arbetsplats
1002 317 125 29 uttalat
1146 319 48 27 att
1214 317 131 31 sådana
1364 319 274 39 skatteskyldiga
1658 328 74 21 som

249 368 45 39 på
316 369 114 39 grund
453 378 42 20 av
518 369 103 35 ålder,
636 367 187 42 sjukdom,
848 371 69 39 lyte
940 371 81 31 eller
1045 371 165 30 liknande
1235 372 188 40 anledning
1445 382 60 20 var
1529 373 201 30 nödsakade

251 424 49 27 att
318 423 160 29 använda
493 423 47 30 bil
557 424 54 29 för
628 424 79 29 färd
722 425 52 29 till
791 425 65 29 och
872 425 80 29 från
969 426 130 29 arbetet
1114 444 45 2 —
1174 428 132 28 oavsett
1323 427 147 29 avstånd
1486 427 65 29 och
1567 427 162 30 tidsvinst

248 494 43 3 —
305 476 108 31 borde
427 476 133 31 erhålla
575 478 128 40 avdrag
721 478 53 30 för
791 478 101 31 dessa
909 488 94 21 resor
1020 480 79 29 med
1115 480 123 40 belopp
1256 481 244 30 motsvarande
1517 481 42 30 de
1576 481 156 31 faktiska

246 530 296 32 bilkostnaderna.
566 532 14 29 I
600 533 118 39 praxis
741 533 87 30 hade
851 543 80 20 man
954 534 67 29 f.ö.
1044 534 71 30 inte
1138 535 94 29 ställt
1256 535 51 40 sig
1329 535 221 31 främmande
1572 536 54 30 för
1649 538 49 28 att
1721 536 10 29 i

245 584 277 45 inkomstkällan
546 586 111 39 tjänst
683 587 122 39 medge
830 587 249 40 handikappad
1105 588 129 41 avdrag
1260 589 54 30 för
1340 590 188 30 kostnader
1555 590 54 30 för
1634 600 97 20 resor

246 640 77 29 med
349 640 81 29 taxi.
457 640 140 30 Främst
622 641 188 30 beaktades
836 642 191 30 emellertid
1055 643 41 29 de
1123 643 289 40 handikappades
1438 644 173 30 särskilda
1637 645 94 29 kost-

246 694 108 29 nader
370 694 10 29 i
396 694 92 30 form
505 704 41 20 av
563 695 129 40 avdrag
707 696 55 29 för
778 696 214 40 väsentligen
1010 697 136 30 nedsatt
1165 698 283 40 skatteförmåga.
1466 699 175 30 Utskottet
1658 699 72 30 vid-

246 748 71 30 höll
334 749 53 29 sin
402 749 147 39 tidigare
564 749 196 30 framförda
776 750 91 30 åsikt
884 752 49 28 att
950 751 65 29 den
1033 752 271 39 skattskyldiges
1320 753 230 30 ekonomiska
1565 753 165 40 ställning

247 802 106 30 borde
378 812 82 20 vara
487 804 194 39 avgörande
707 804 54 30 för
787 814 56 20 om
870 807 95 27 extra
991 806 128 39 avdrag
1146 807 111 29 skulle
1284 807 148 39 medges.
1458 807 68 29 För
1552 817 42 20 en
1621 808 107 29 skatt-

245 857 138 38 skyldig
415 858 79 27 med
526 866 97 21 mera
654 859 195 37 betydande
882 859 155 29 inkomst
1071 860 118 29 kunde
1223 860 298 39 skatteförmågan
1555 862 174 38 knappast

245 918 101 21 anses
367 918 83 21 vara
471 910 215 40 väsentligen
709 911 137 29 nedsatt
869 912 77 29 med
970 912 135 29 mindre
1129 912 110 30 denne
1263 913 65 29 fått
1351 913 196 30 vidkännas
1570 923 42 20 en
1636 924 93 20 avse-

243 963 85 30 värd
352 964 207 29 ekonomisk
583 964 114 40 utgift.
722 965 260 40 Bedömningen
1007 976 42 19 av
1072 966 262 40 avdragsrätten
1360 968 177 29 varierade
1562 969 167 39 naturligt

244 1025 68 31 nog
335 1017 11 29 i
371 1018 119 38 praxis
514 1018 79 29 med
618 1018 137 40 hänsyn
780 1019 52 29 till
859 1020 344 39 omständigheterna
1227 1021 8 29 i
1265 1021 41 29 de
1331 1021 160 30 enskilda
1516 1022 107 30 fallen
1649 1032 81 20 men

244 1071 97 29 torde
358 1071 106 39 enligt
480 1072 188 29 utskottets
685 1073 141 39 mening
841 1073 173 39 knappast
1032 1074 119 30 kunna
1171 1075 98 39 sägas
1286 1084 83 20 vara
1384 1075 188 30 restriktiv.
1590 1077 139 29 Utskot-

247 1126 47 28 tet
315 1125 131 30 vidhöll
467 1126 272 39 avslutningsvis
762 1127 53 30 sin
836 1127 145 39 tidigare
1002 1128 154 30 uttalade
1179 1129 225 40 uppfattning
1426 1132 49 27 att
1498 1130 111 29 stödet
1631 1130 34 29 åt
1687 1130 41 29 de

243 1179 270 40 handikappade
538 1180 10 28 i
576 1180 135 40 princip
738 1181 105 30 borde
870 1182 136 30 lämnas
1032 1182 10 29 i
1069 1182 91 29 form
1189 1192 41 20 av
1257 1183 136 30 direkta
1418 1184 121 39 bidrag
1566 1185 65 28 och
1657 1185 71 29 inte

243 1240 123 31 genom
386 1234 128 39 avdrag
531 1234 57 29 vid
606 1235 202 39 taxeringen
828 1236 82 28 eler
929 1243 121 31 genom
1071 1236 109 30 andra
1200 1237 302 30 skatteförmåner.

885 1369 208 31 Motionerna

242 1439 31 28 I:
286 1439 64 29 275
368 1440 64 29 och
451 1440 48 29 II:
514 1440 62 29 307

271 1506 2 3 '
289 1502 360 30 Förvärvsarbetande
668 1503 268 40 handikappade
954 1505 145 39 beviljas
1117 1505 122 30 endast
1258 1506 251 39 undantagsvis
1527 1507 128 39 avdrag
1673 1507 53 29 för

241 1555 132 30 sådana
399 1556 143 39 utgifter
570 1556 54 30 för
650 1557 219 31 inkomstens
897 1558 231 30 förvärvande
1155 1568 74 20 som
1258 1560 38 28 är
1322 1560 198 40 hänförliga
1547 1561 52 29 till
1627 1561 100 29 deras

241 1609 213 40 handikapp.
478 1611 107 29 Extra
608 1610 129 40 avdrag
759 1611 140 39 medges
920 1612 84 29 bara
1026 1622 57 19 om
1105 1613 258 30 vederbörande
1386 1614 64 29 har
1472 1624 44 20 en
1539 1615 37 29 så
1599 1615 55 39 låg
1676 1615 52 29 in-

242 1663 115 30 komst
377 1665 49 28 att
447 1673 25 20 s.
487 1664 32 29 k.
540 1664 137 30 nedsatt
698 1665 274 40 skatteförmåga
993 1675 102 21 anses
1114 1666 176 40 föreligga.

286 1718 202 29 Emellertid
511 1719 64 28 har
599 1719 269 40 handikappade
892 1729 165 30 personer
1081 1721 80 30 med
1185 1721 132 30 sådana
1341 1721 203 37 inkomster,
1571 1725 49 27 att
1646 1723 81 30 ned-

244 1772 68 28 satt
336 1771 274 40 skatteförmåga
633 1772 106 39 enligt
763 1782 47 20 nu
833 1773 154 30 rådande
1011 1774 200 30 restriktiva
1234 1775 117 38 praxis
1375 1775 71 30 inte
1470 1775 143 31 bedöms
1637 1776 89 29 före-

240 1825 99 40 ligga,
365 1828 96 28 extra
485 1826 145 40 utgifter
653 1828 45 38 på
721 1828 114 38 grund
859 1837 42 20 av
925 1828 54 30 sin
1003 1828 193 30 invaliditet
1221 1829 82 29 eller
1329 1830 175 39 sjukdom.
1530 1831 65 29 Det
1620 1831 106 39 gäller

241 1879 87 29 bl.a.
351 1879 78 29 dem
453 1888 74 21 som
550 1880 136 39 tvingas
709 1881 161 30 använda
891 1882 137 30 rullstol
1051 1882 10 29 i
1085 1883 169 29 samband
1278 1883 79 29 med
1380 1883 78 30 färd
1481 1884 52 29 till
1557 1884 64 29 och
1644 1884 80 29 från

242 1933 140 29 arbetet.
405 1934 209 39 Därigenom
635 1935 128 30 utsätts
784 1935 100 30 deras
905 1935 299 40 klädespersedlar
1226 1937 54 29 för
1301 1937 173 30 onormalt
1496 1939 86 28 stort
1604 1938 120 39 slitage

242 1994 122 32 genom
384 1988 146 39 nötning
549 1988 65 29 och
632 1988 278 40 nedsmutsning.
931 1990 92 29 Även
1042 1999 175 30 personer,
1239 2000 74 20 som
1332 1993 87 28 trots
1439 1991 194 30 invaliditet
1652 1992 71 29 inte

242 2041 37 29 är
302 2041 170 30 beroende
495 2051 43 20 av
558 2042 137 30 rullstol
719 2052 80 20 men
822 2043 110 30 måste
956 2044 159 30 använda
1138 2047 116 36 protes
1278 2045 81 29 eller
1383 2045 235 39 stödbandage
1641 2046 81 29 eller

241 2095 111 30 måste
368 2096 81 29 röra
468 2096 50 39 sig
534 2080 201 60 onaturligt,
755 2097 54 30 får
828 2105 124 31 genom
971 2099 172 29 onormalt
1163 2101 86 27 stort
1269 2099 120 39 slitage
1408 2099 108 40 dryga
1534 2100 188 29 kostnader

241 2149 46 39 på
300 2149 218 30 klädkontot.

285 2203 114 29 Också
426 2204 11 28 i
465 2203 109 30 andra
601 2204 223 30 hänseenden
852 2205 136 29 medför
1015 2206 203 39 handikapp
1247 2208 96 28 extra
1370 2207 152 39 utgifter,
1551 2209 88 27 t.ex.
1668 2207 53 29 för

240 2257 249 29 diabetikerna.
509 2258 53 30 En
581 2259 207 38 sockersjuk
807 2259 63 29 har
890 2261 93 28 stora
1002 2260 241 39 extrautgifter
1263 2261 54 28 för
1337 2260 197 30 kosthållet.
1554 2262 76 28 Den
1649 2270 73 30 spe-

240 2311 100 30 ciella
355 2311 69 29 diet
442 2311 211 39 sjukdomen
669 2313 123 29 kräver
809 2313 145 29 innebär
971 2323 42 19 en
1030 2313 237 40 40-procentig
1282 2314 182 41 fördyring
1479 2314 147 39 jämfört
1643 2315 79 29 med

240 2365 151 29 normalt
412 2365 162 30 kosthåll.
596 2366 13 28 I
629 2365 41 30 de
690 2366 61 29 fall
772 2375 42 20 en
835 2366 191 30 diabetiker
1047 2368 37 28 är
1104 2367 171 30 hänvisad
1294 2368 52 29 till
1368 2370 49 27 att
1439 2368 56 30 äta
1514 2370 68 33 ute,
1603 2377 118 20 accen-

239 2420 119 28 tueras
374 2418 226 41 fördyringen
618 2427 123 32 genom
759 2422 49 27 att
826 2421 70 29 hon
913 2421 81 29 eller
1012 2421 70 29 han
1099 2421 73 29 ofta
1190 2421 110 30 måste
1319 2422 202 29 särbeställa
1539 2423 181 28 maträtter

240 2472 53 29 för
313 2474 50 28 att
381 2473 157 29 undvika
555 2473 238 40 hälsovådliga
812 2474 171 29 måltider.

283 2526 69 29 När
372 2526 55 29 det
447 2526 106 39 gäller
572 2526 192 31 diabetiker
783 2527 235 30 förekommer
1038 2528 118 30 ibland
1176 2530 49 28 att
1245 2531 96 27 extra
1360 2528 128 40 avdrag
1504 2529 142 39 medges
1666 2529 54 29 för
