1884 2842
263 135 37 31 10
668 143 378 34 Jordbruksutskottets
1071 146 178 33 utlåtande
1272 148 50 31 Nr
1347 150 50 30 49.

264 224 170 30 ställande
461 224 105 31 måtte
593 227 193 30 utsträckas
814 228 52 30 till
894 229 67 30 den
991 230 14 29 1
1035 229 65 37 juli
1131 231 83 30 1940
1242 232 82 30 eller
1352 233 68 29 den
1448 242 119 22 senare
1596 234 171 36 tidpunkt,

264 283 73 21 som
360 275 72 30 kan
453 275 161 32 befinnas
636 277 150 37 lämplig.

308 324 50 31 De
389 326 81 29 över
501 326 234 37 föreliggande
764 329 171 31 motioner
967 331 110 31 hörda
1109 332 287 37 myndigheterna
1426 334 46 31 ha
1503 335 123 36 intagit
1658 336 111 30 skilda

264 374 261 38 ståndpunkter.
578 377 148 37 Enighet
754 388 101 28 synes
883 381 89 30 dock
1000 381 85 32 råda
1114 383 121 30 därom
1264 386 49 28 att
1341 384 267 37 ifrågavarande
1637 387 131 30 strand-

262 426 111 36 ägare,
399 425 101 32 såvitt
524 428 145 37 möjligt,
693 429 84 32 böra
800 429 112 32 hållas
937 432 199 32 skadeslösa
1160 433 11 30 i
1195 433 229 33 förevarande
1448 436 207 31 hänseende.
1704 437 65 30 Till

262 477 113 30 denna
400 477 225 39 uppfattning
651 480 150 31 ansluter
827 482 52 36 sig
903 483 174 30 utskottet.
1128 484 50 30 De
1202 484 200 38 skiljaktiga
1426 487 228 36 meningarna
1681 489 88 35 gälla

261 527 277 38 huvudsakligen
565 530 57 30 det
649 531 74 35 sätt,
751 530 45 37 på
823 532 106 31 vilket
955 533 213 37 berättigade
1194 536 360 37 ersättningsanspråk
1582 538 187 37 lämpligen

263 578 119 30 kunna
412 578 206 37 tillgodoses.
673 581 49 31 De
752 583 217 35 synpunkter
997 583 46 37 på
1074 585 93 31 detta
1198 586 180 37 spörsmål,
1411 597 74 21 som
1515 588 182 31 framförts
1726 599 42 21 av

262 628 329 38 kammarkollegiet,
626 641 101 27 synas
757 633 166 31 utskottet
951 635 288 32 beaktansvärda.
1292 638 143 30 Liksom
1466 639 160 36 kollegiet
1654 639 115 31 finner

261 679 166 31 utskottet
444 680 56 31 det
517 681 76 30 icke
613 682 165 37 lämpligt,
798 687 49 27 att
866 685 68 30 den
952 685 174 32 försuttna
1146 686 214 33 fatalietiden
1379 689 110 31 skulle
1507 691 164 35 generellt
1689 692 80 29 över

260 729 79 31 hela
366 730 117 31 landet
511 732 64 30 och
602 741 124 27 genom
752 734 216 38 lagstiftning
995 735 194 33 återställas
1217 739 65 29 och
1311 739 152 31 därefter
1490 741 277 36 ersättningsfrå-

262 786 106 29 gorna
388 781 213 37 handläggas
622 783 10 30 i
654 784 147 36 enlighet
820 786 81 30 med
919 787 116 36 lagens
1056 788 269 32 bestämmelser.
1351 777 26 51 I
1406 791 110 30 stället
1535 791 57 31 för
1613 795 49 27 att
1682 791 85 31 åter-

261 829 144 32 insättas
426 831 11 30 i
460 832 64 30 den
545 833 156 37 rättsliga
720 834 225 38 möjligheten
963 840 48 28 att
1030 837 79 32 utfå
1129 839 190 38 ersättning
1340 842 97 29 torde
1457 841 311 38 fastighetsägarna

260 881 188 37 lämpligen
467 900 43 4 —
529 884 66 29 och
616 894 74 21 mer
708 886 10 29 i
738 887 343 32 överensstämmelse
1101 891 80 29 med
1201 891 67 30 vad
1288 891 145 36 tidigare
1454 893 128 30 skedde
1601 893 11 30 i
1633 894 133 30 liknan-

260 931 41 30 de
324 931 101 37 fråga
445 950 44 4 —
511 934 87 30 efter
620 945 43 20 en
685 936 357 41 skälighetsprövning
1065 940 12 30 i
1101 941 254 31 administrativ
1379 943 147 37 ordning
1548 944 86 31 böra
1656 943 111 31 hållas

260 982 199 32 skadeslösa
480 984 55 31 för
557 985 77 31 sina
655 987 257 32 rättsförluster.
958 990 266 38 Undersökning
1246 992 11 30 i
1280 993 57 30 det
1360 994 170 31 särskilda
1552 994 98 31 fallet
1671 996 96 29 torde

259 1031 148 33 sålunda
431 1034 84 31 böra
540 1036 60 30 ske
625 1046 43 21 av
692 1038 202 36 myndighet
917 1040 11 30 i
953 1042 208 30 samverkan
1186 1043 78 30 med
1289 1044 258 31 vederbörande
1572 1044 193 37 fastighets-

259 1083 102 36 ägare
385 1084 52 30 till
461 1087 195 30 utrönande
680 1098 41 20 av
746 1089 175 31 huruvida
946 1092 64 29 och
1034 1092 52 30 till
1110 1093 67 30 vad
1203 1094 104 30 värde
1332 1094 159 32 fiskerätt
1516 1095 72 37 gått
1612 1096 154 31 förlorad

258 1134 64 29 och
344 1134 155 37 skäligen
518 1136 64 31 bör
603 1139 152 30 ersättas.
799 1140 57 31 Att
875 1142 160 31 närmare
1053 1143 155 31 utforma
1229 1144 83 31 visst
1332 1145 318 38 tillvägagångssätt
1671 1148 95 30 torde

258 1183 36 31 få
315 1184 83 31 bero
420 1195 42 21 av
483 1187 117 31 vidare
621 1190 183 37 utredning
824 1199 126 28 genom
971 1192 124 37 Kungl.
1119 1194 117 36 Maj:ts
1258 1194 146 38 försorg.

303 1235 117 30 Under
439 1235 221 39 åberopande
680 1250 41 20 av
742 1241 55 30 det
817 1242 150 31 anförda
986 1243 55 31 får
1062 1245 165 30 utskottet
1246 1242 193 45 hemställa,

612 1344 50 27 att
689 1342 185 36 riksdagen
902 1343 10 30 i
941 1344 187 38 anledning
1156 1355 43 21 av
1226 1346 42 30 de
1296 1347 223 37 likalydande
1547 1349 218 31 motionerna

568 1391 28 30 I:
615 1392 59 29 177
704 1392 64 30 och
796 1392 46 30 II:
858 1393 63 30 250
947 1393 57 31 må
1028 1394 11 30 i
1067 1395 164 31 skrivelse
1255 1396 52 31 till
1335 1397 124 37 Kungl.
1486 1398 102 37 Maj:t
1615 1399 149 37 anhålla,

567 1445 50 27 att
639 1442 122 37 Kungl.
783 1443 102 36 Maj:t
906 1444 78 31 ville
1004 1444 208 33 föranstalta
1232 1457 57 20 om
1309 1449 185 37 utredning
1516 1450 65 30 och
1603 1449 57 31 för
1680 1450 85 31 riks-

567 1493 113 36 dagen
708 1493 193 37 framlägga
931 1495 56 31 det
1015 1495 140 38 förslag,
1186 1498 113 30 vartill
1329 1500 229 36 utredningen
1589 1501 71 30 kan
1688 1501 77 37 giva

566 1544 196 36 anledning,
789 1544 179 37 angående
992 1547 190 38 ersättning
1208 1558 42 21 av
1275 1551 198 29 statsmedel
1498 1551 11 29 i
1534 1550 133 32 sådana
1693 1552 70 35 fall,

566 1593 45 31 då
648 1593 45 37 på
727 1596 113 35 grund
876 1605 43 21 av
955 1598 488 34 preklusionsbestämmelsen
1467 1601 11 30 i
1504 1602 100 36 lagen
1630 1603 67 30 den
1725 1603 37 30 17

565 1644 78 36 juni
675 1646 81 30 1932
791 1645 54 39 (nr
874 1646 75 40 240)
984 1647 180 37 angående
1191 1650 196 36 ytterligare
1416 1653 169 30 utsträckt
1615 1653 148 37 tillämp-

565 1695 85 37 ning
673 1705 42 21 av
738 1697 99 35 lagen
862 1698 67 30 den
953 1699 39 29 22
1016 1699 77 36 juni
1121 1700 84 30 1928
1235 1700 53 38 (nr
1313 1700 74 40 184)
1418 1712 56 20 om
1499 1704 190 37 ersättning
1713 1704 50 31 till

564 1747 223 35 strandägare
807 1747 57 31 för
885 1748 126 31 mistad
1032 1749 161 32 fiskerätt
1213 1750 249 33 förutvarande
1483 1753 281 37 fiskerättsägare

564 1796 220 37 tillskyndats
809 1799 220 37 rättsförlust,
1057 1800 57 31 för
1141 1801 115 31 vilken
1282 1802 72 31 han
1381 1804 155 37 skäligen
1563 1805 64 30 bör
1652 1804 110 32 hållas

564 1847 187 31 skadeslös.

297 1947 202 31 Stockholm
524 1948 68 30 den
618 1949 42 29 20
687 1949 86 36 april
804 1950 93 30 1939.

701 2049 48 31 På
766 2049 375 37 jordbruksutskottets
1161 2054 141 36 vägnar:

810 2150 34 31 C.
870 2151 30 31 J.
926 2152 272 32 JOHANSSON.

286 2340 197 27 Närvarande:
504 2349 28 17 se
552 2342 151 25 memorial
723 2350 33 17 nr
778 2343 41 25 46.
