2180 2692
570 219 214 40 Bevillnings-
792 217 167 32 Utskottets
988 215 202 32 Betänkande
1212 212 62 32 N:o
1298 212 49 31 10.
1737 209 17 29 5

201 313 145 36 landets
390 311 248 37 underbalans
679 308 10 35 i
731 306 181 47 väsentlig
954 308 82 32 mån
1077 302 125 37 blifvit
1241 301 150 37 betäckt
1431 310 134 36 genom
1607 297 45 36 de
1681 295 117 38 under

202 378 137 23 sama
380 364 53 35 tid
477 368 190 43 upptagna
707 358 196 36 utländska
943 358 71 40 lån,
1048 359 39 32 så
1114 354 107 47 följer
1249 352 92 36 dock
1369 349 203 50 ingalunda
1601 347 115 43 deraf,
1746 353 52 29 att

202 415 146 36 landets
378 413 241 37 ekonomiska
648 410 175 47 ställning
851 410 88 34 eller
967 403 471 48 nationalförmögenheten
1467 400 80 36 icke
1564 400 119 35 under
1698 398 98 36 tiden

202 469 105 44 långt
349 479 101 23 mera
484 462 212 45 förkofrats,
725 467 88 29 utan
843 462 79 45 gått
950 459 165 35 tilibaka.
1168 456 72 36 För
1269 461 54 30 att
1351 454 157 35 bedöma
1536 452 120 35 denna
1683 449 115 47 fråga,

204 522 116 32 måste
362 530 81 22 man
485 523 89 41 göra
616 515 55 47 sig
712 513 108 41 klart,
862 523 57 22 om
949 509 297 36 underbalansen
1275 506 87 35 eller
1390 503 323 45 skuldsättningen
1742 500 58 35 för

204 575 51 30 ett
297 568 167 36 deremot
492 565 184 37 svarande
706 563 136 48 kapital
871 562 118 46 tjenat
1017 561 54 34 till
1100 572 42 23 en
1169 557 188 48 jemförlig
1386 556 87 34 eller
1501 554 113 47 högre
1643 551 158 49 kapital-

203 620 176 46 bildning
422 619 98 35 inom
549 616 127 36 landet
704 614 68 36 och
801 611 156 37 sålunda
986 612 67 35 här
1079 612 117 34 finnes
1224 621 90 35 qvar
1343 606 119 36 under
1491 618 43 23 en
1564 605 88 35 eller
1681 615 120 23 annan

204 668 369 49 inkomstbringande
602 667 110 42 form,
740 666 11 34 i
781 664 141 36 hvilket
950 662 61 36 fall
1042 663 97 34 blott
1166 663 157 33 återstår
1350 658 141 46 frågan,
1519 669 59 22 om
1609 655 68 35 den
1700 651 106 38 deraf

208 721 232 50 härflytande
469 719 118 36 fördel
618 724 206 29 motsvarar
851 721 129 29 räntan
1010 720 19 28 å
1057 714 70 34 den
1152 710 197 37 utländska
1365 707 334 47 skuldsättningen,
1716 705 87 35 eller

205 787 70 31 om,
317 774 10 33 i
370 777 153 30 motsatt
557 770 74 43 fall,
662 768 44 35 de
736 767 182 47 indragna
947 765 200 35 utländska
1174 762 184 48 kapitalen
1388 758 123 37 blifvit
1539 757 264 36 ändamålslöst

204 824 212 37 förslösade.

338 875 73 35 Det
452 881 38 28 är
520 875 43 44 på
591 871 107 35 dessa
725 869 134 46 frågor,
888 867 226 35 motionären
1145 865 67 35 och
1241 864 45 35 de
1315 862 82 35 med
1427 861 138 35 honom
1594 859 100 36 olika
1721 864 81 29 tän-

206 925 131 44 kande,
368 925 123 36 hvilka
520 924 73 34 han
621 922 203 35 benämner
850 919 233 47 »opinionens
1112 916 152 41 ledare»,
1292 915 121 34 lemna
1435 915 39 32 så
1488 911 80 36 vidt
1589 910 216 47 skiljaktiga

206 990 94 24 svar.
355 976 73 35 Till
472 975 70 35 den
584 971 228 48 detaljerade
854 969 215 46 utredning,
1111 980 79 23 som
1231 965 255 36 förekommer
1518 962 78 35 dels
1627 962 9 34 i
1668 961 69 35 den
1765 963 39 32 så

207 1027 145 37 kallade
394 1024 328 38 Finanskomiténs
763 1020 234 37 betänkande
1034 1019 38 35 af
1097 1019 70 35 den
1198 1019 18 32 9
1247 1016 179 36 Februari
1458 1015 106 41 1863,
1595 1012 79 36 dels
1701 1013 12 33 i
1743 1010 63 36 det

206 1079 61 36 vid
314 1080 94 33 1867
440 1081 57 31 års
526 1074 154 46 riksdag
708 1073 153 36 tillsatta
890 1070 190 37 Särskilda
1110 1068 210 37 Utskottets
1348 1064 236 39 betänkande
1614 1062 192 46 angående

202 1129 244 49 jordbrukets
475 1126 206 36 finansiella
710 1122 319 48 angelägenheter,
1059 1121 78 35 dels
1166 1120 67 35 ock
1262 1118 173 48 slutligen
1465 1116 53 35 uti
1548 1115 68 35 den
1641 1115 10 34 i
1667 1113 139 36 Förbe-

208 1180 164 37 redande
402 1175 530 50 Skattejemkningskomiténs
960 1171 236 37 betänkande
1224 1171 153 43 intagna
1405 1167 275 46 framställning
1697 1167 110 43 angå-

209 1231 93 36 ende
336 1230 175 47 Sveriges
540 1226 236 38 ekonomiska
805 1224 215 48 utveckling
1048 1223 113 35 sedan
1191 1225 39 32 år
1260 1222 107 42 1860,
1397 1222 59 33 må
1485 1218 62 36 det
1577 1218 138 35 tillåtas
1745 1214 63 36 Ut-

208 1283 141 35 skottet
377 1287 54 30 att
461 1280 162 36 hänvisa.

345 1332 122 47 Några
502 1329 158 37 faktiska
688 1326 254 37 förhållanden
972 1325 105 36 torde
1105 1324 96 35 dock
1230 1324 91 34 böra
1350 1320 36 37 af
1413 1320 194 37 Utskottet
1635 1317 175 37 särskildt

207 1384 218 36 framhållas
468 1383 69 35 och
580 1380 128 35 vidare
751 1379 125 47 längre
917 1377 94 36 fram
1053 1377 10 34 i
1105 1375 104 35 detta
1249 1372 237 37 betänkande
1525 1370 83 36 med
1637 1368 174 37 officiella

211 1434 296 48 sifferuppgifter
536 1431 204 48 bestyrkas.

345 1485 57 35 En
438 1484 214 48 jemförelse
694 1482 160 35 emellan
895 1480 82 34 hela
1018 1481 65 33 vår
1124 1477 197 36 utländska
1359 1473 278 46 skuldsättning
1667 1472 69 35 och
1766 1470 44 36 de

212 1537 103 36 inom
356 1536 126 35 landet
509 1533 151 37 utförda
684 1529 396 52 jernvägsbyggnader
1108 1528 107 36 torde
1243 1527 114 36 redan
1387 1527 10 34 i
1427 1524 66 36 och
1522 1523 57 37 för
1608 1525 56 45 sig
1693 1524 120 34 lemna

212 1588 166 47 nöjaktig
420 1587 195 44 anvisning
657 1597 58 22 om
760 1583 44 35 de
838 1582 200 35 utländska
1066 1580 207 47 kapitalens
1301 1578 199 48 placering,
1529 1582 88 28 utan
1646 1579 55 30 att
1731 1586 80 22 man

211 1637 176 37 behöfver
429 1641 45 43 gå
515 1637 57 34 till
615 1636 71 34 den
727 1634 86 35 vida
847 1636 148 32 svårare
1038 1631 314 48 uppskattningen
1396 1627 37 35 af
1471 1627 44 35 de
1550 1626 153 47 kapital,
1736 1636 77 23 som

212 1688 127 37 blifvit
381 1687 186 44 nedlagda
609 1690 46 44 på
697 1685 174 46 odlingar
912 1684 70 34 och
1021 1681 369 49 jordförbättringar,
1420 1681 47 44 på
1494 1676 222 50 byggnader
1745 1674 68 36 och

216 1740 228 35 inventarier
473 1738 60 36 vid
558 1736 227 48 jordbruket
813 1740 96 30 samt
937 1737 44 44 på
1009 1733 233 35 industriella
1270 1731 85 35 verk
1387 1730 66 34 och
1483 1728 270 47 anläggningar
1781 1724 38 37 af

216 1789 231 48 mångfaldig
477 1795 56 29 art
563 1788 68 35 och
661 1785 229 37 omfattande
920 1784 202 49 betydelse.

351 1840 134 36 Kastar
527 1852 84 23 man
650 1838 127 35 vidare
819 1849 45 23 en
900 1836 100 35 blick
1028 1838 44 45 på
1101 1835 44 34 de
1174 1834 109 47 högst
1312 1831 192 50 betydliga
1533 1842 176 31 summor,
1738 1840 78 24 som

215 1894 121 34 finnas
378 1892 139 35 insatta
545 1891 68 34 hos
642 1888 290 49 sparbankerna,
960 1887 10 34 i
1000 1886 156 47 kapital-
1186 1885 65 34 och
1280 1879 537 48 lifränte-försäkringsanstal-

215 1951 118 34 terna,
375 1949 95 29 samt
511 1944 47 46 på
599 1939 212 48 deposition
847 1939 67 34 hos
944 1936 406 46 bankinrättningarne,
1380 1937 39 32 så
1446 1933 118 34 finner
1593 1944 82 22 man
1705 1928 112 37 otvif-

218 1994 186 48 velaktiga
431 1994 103 34 bevis
564 2005 58 22 om
652 2003 44 23 en
725 1988 219 48 fortgående
973 1988 100 36 stark
1103 1985 326 49 kapitalbildning,
1450 1984 148 35 hvilken
1615 1980 204 47 ingalunda

219 2058 110 35 synes
358 2045 187 45 berättiga
574 2043 57 35 till
659 2042 257 35 motionärens
945 2040 174 35 tröstlösa
1149 2036 254 50 uppfattning,
1433 2040 53 31 att
1515 2037 99 33 »vårt
1642 2028 176 56 samhälle

221 2097 225 48 depenserar
474 2096 104 45 långt
606 2106 101 23 mera
735 2100 45 28 än
810 2091 84 36 dess
923 2092 200 45 tillgångar
1153 2087 216 49 medgifva.»

359 2146 205 44 Huruvida,
594 2148 120 33 såsom
744 2143 236 35 motionären
1009 2141 195 41 förmenar,
1232 2136 277 51 näringslifvets
1524 2135 217 47 utveckling
1758 2146 63 23 un-

220 2199 66 35 der
328 2198 63 36 det
419 2196 221 49 tillämpade
671 2195 106 35 friare
808 2193 332 48 handelssystemet
1169 2191 192 41 hämmats,
1390 2189 87 35 eller
1506 2200 59 22 om
1593 2187 80 35 icke
1703 2186 119 34 denna

222 2249 220 48 utveckling
472 2248 73 36 fast
574 2260 100 22 mera
702 2245 158 48 fortgått
888 2244 85 36 med
1003 2244 107 35 raska
1137 2248 91 40 steg,
1258 2241 60 35 vill
1349 2239 191 36 Utskottet
1568 2251 48 22 nu
1647 2236 81 36 med
1757 2239 65 32 nå-

227 2314 66 35 gra
321 2300 172 48 exempel
522 2299 89 35 söka
639 2297 243 48 ådagalägga.
