2188 2634
696 205 248 33 Statsutskottets
973 206 167 34 Utlåtande
1162 207 62 34 N:o
1252 208 73 31 160.
1732 208 42 31 29

218 286 90 35 bart
339 285 111 36 söder
478 298 62 23 om
568 285 198 48 köpingen
792 287 163 47 belägna
984 288 167 46 område,
1180 288 152 35 hvilket
1355 287 65 36 vid
1438 287 169 35 nämnda
1626 287 192 36 utmarks-

221 337 159 48 delning
420 338 190 47 upplåtits
652 340 41 33 åt
733 339 135 36 Resmo
911 339 72 36 och
1020 340 254 47 Mörbylånga
1302 339 165 36 socknar
1494 342 125 33 såsom
1645 339 171 47 fiskläge,

221 390 118 35 borde
383 389 132 36 kunna
554 389 61 36 för
643 390 219 37 ändamålet
889 391 223 37 förvärfvas.
1167 393 117 34 Detta
1314 391 156 36 område
1497 391 99 36 hade
1625 391 195 47 nämligen

219 441 126 46 aldrig
373 441 130 36 blifvit
531 442 172 35 användt
731 445 122 33 såsom
881 443 160 47 fiskläge
1070 444 72 35 och
1169 456 91 23 vore
1288 443 60 35 för
1375 444 241 35 närvarande
1644 446 175 33 utarren-

222 493 139 35 deradt
403 494 61 35 till
503 493 150 36 enskild
689 506 139 34 person
864 495 105 35 inom
996 494 209 48 köpingen.
1261 495 134 46 Enligt
1422 495 103 35 hvad
1552 495 267 47 ansökningen

220 545 183 46 bifogade
430 545 235 47 handlingar
688 546 174 36 utvisade
881 546 99 36 hade
998 547 143 35 mellan
1158 547 198 47 köpingen
1376 546 73 36 och
1467 548 169 34 nämnda
1655 547 164 36 socknar

220 596 154 36 träffats
415 597 396 46 öfverenskommelse,
850 599 251 46 hvarigenom
1138 599 216 36 socknarna
1381 598 62 36 till
1469 598 200 47 köpingen
1697 598 122 36 öfver-

220 648 92 36 låtit
345 649 57 35 sin
436 652 81 32 rätt
545 649 62 35 till
635 650 208 50 området.
876 651 52 34 På
956 651 179 47 uppdrag
1160 651 100 35 hade
1288 651 220 46 löjtnanten
1535 650 66 36 vid
1627 656 92 42 väg-
1747 650 73 36 och

223 701 460 46 vattenbyggnadskåren
712 702 41 36 0.
782 702 210 36 Hallström
1021 702 106 36 öfver
1155 704 176 35 området
1358 704 206 46 upprättat
1590 703 115 35 karta
1732 703 88 34 med

225 753 93 35 därå
359 752 291 47 åskådliggjord
693 754 92 46 plan
825 753 60 36 för
918 755 252 46 bebyggande
1199 755 42 35 af
1266 755 224 45 detsamma,
1520 754 158 36 hvilken
1705 755 114 35 karta

219 804 123 46 jämte
388 804 242 47 beskrifning
675 805 62 36 till
783 806 73 35 den
897 806 218 47 uppgjorda
1155 806 343 47 byggnadsplanen
1538 806 168 47 bifogats
1746 806 74 36 den

219 856 263 46 underdåniga
511 856 277 48 ansökningen.

348 908 53 34 På
441 909 128 46 grund
606 908 42 35 af
670 908 103 36 hvad
801 909 160 35 sålunda
990 909 147 36 anförts
1165 910 115 35 hafva
1311 910 45 34 de
1384 910 162 35 utsedda
1576 910 193 35 ombuden
1798 913 22 32 å

219 959 214 46 köpingens
473 965 158 41 vägnar,
661 961 126 35 såvidt
814 973 52 23 nu
903 966 43 29 är
979 961 13 35 i
1020 961 121 47 fråga,
1170 962 14 35 i
1212 961 311 46 underdånighet
1551 961 175 46 anhållit,
1757 965 61 32 att

217 1011 139 46 Kungl.
399 1011 110 46 Maj:t
549 1012 153 35 täcktes
729 1013 13 35 i
770 1013 118 34 nåder
923 1013 143 46 bevilja
1106 1014 199 46 köpingen
1345 1016 81 33 rätt
1461 1015 61 33 att
1549 1016 83 33 mot
1660 1014 73 35 den
1761 1026 58 23 er-

219 1063 174 46 sättning
433 1063 61 36 till
534 1064 163 45 kronan,
740 1076 81 24 som
861 1065 129 35 kunde
1031 1065 122 36 finnas
1193 1066 138 46 skälig,
1374 1065 86 35 med
1488 1065 71 35 full
1587 1066 233 46 äganderätt

221 1114 195 36 förvärfva
443 1115 270 47 ifrågakomna
736 1116 259 46 jordområde.

354 1167 75 35 Vid
461 1167 74 35 den
563 1168 265 46 underdåniga
857 1168 267 46 ansökningen
1151 1168 115 36 hafva
1295 1168 127 47 fogats
1450 1169 143 46 utdrag
1622 1168 42 36 af
1686 1172 132 43 proto-

225 1219 93 44 koll,
360 1218 131 36 hållna
531 1219 65 35 vid
637 1219 413 37 kommunalstämmor
1077 1220 80 35 dels
1184 1222 87 34 med
1300 1221 135 35 Resmo
1465 1220 73 35 och
1564 1220 255 46 Mörbylånga

222 1270 164 35 socknar
414 1271 73 35 den
518 1273 45 33 19
594 1271 155 46 augusti
780 1274 95 33 1906
906 1272 71 35 och
1005 1272 81 35 dels
1113 1273 87 34 med
1226 1272 254 46 Mörbylånga
1507 1272 151 46 köping
1677 1273 72 34 den
1771 1275 45 31 22

222 1322 165 35 oktober
418 1322 96 35 1906
544 1325 100 33 samt
671 1323 212 45 utvisande,
914 1326 59 33 att
1001 1323 117 35 sedan
1147 1324 233 35 socknarnas
1407 1323 413 36 kommunalstämmor

223 1374 96 34 hvar
347 1372 59 36 för
435 1374 56 45 sig
517 1374 161 35 beslutit
707 1377 59 33 att
793 1374 62 36 till
882 1375 198 47 köpingen
1108 1374 99 36 afstå
1234 1375 337 47 nyttjanderätten
1594 1375 62 35 till
1679 1375 139 47 ifråga-

221 1425 167 35 varande
412 1425 249 46 jordområde
689 1429 82 33 mot
799 1438 46 23 en
874 1427 218 46 ersättning
1119 1426 43 36 af
1187 1429 111 44 3,000
1327 1427 146 35 kronor
1501 1427 61 35 till
1586 1427 233 35 socknarnas

221 1477 448 36 hemmansinnehafvare
710 1481 247 43 gemensamt,
1001 1479 216 46 köpingens
1245 1479 394 36 kommunalstämma
1667 1479 153 46 antagit

220 1529 109 35 detta
357 1529 139 35 anbud.

355 1581 274 46 Kronofogden
657 1581 71 36 har
755 1582 13 34 i
795 1582 69 35 sitt
891 1582 267 47 underdåniga
1185 1583 183 45 yttrande
1396 1583 202 45 vitsordat,
1629 1583 103 35 såväl
1761 1585 60 33 att

222 1632 74 35 den
326 1632 13 35 i
367 1632 228 47 utveckling
635 1634 137 34 stadda
813 1634 197 46 köpingen
1038 1646 91 23 vore
1157 1634 14 34 i
1198 1637 143 32 största
1368 1633 121 36 behof
1512 1634 43 35 af
1579 1634 103 35 ökad
1709 1635 111 34 mark

222 1683 61 35 till
323 1684 348 46 byggnadsplatser
712 1697 80 23 som
834 1685 73 35 ock
944 1688 60 32 att
1031 1684 295 47 ifrågavarande
1354 1686 61 35 till
1442 1685 160 47 fiskläge
1631 1686 189 46 upplåtna

225 1735 156 34 område
410 1735 126 46 aldrig
563 1736 129 35 blifvit
720 1736 60 35 för
808 1737 107 34 detta
944 1737 180 35 ändamål
1143 1738 182 44 användt,
1348 1739 99 33 samt
1465 1737 129 35 tillika
1614 1737 205 45 meddelat,

225 1789 59 32 att
327 1787 175 35 området
542 1788 214 46 begagnats
798 1788 161 35 allenast
997 1788 61 35 till
1084 1789 223 34 betesmark
1336 1788 73 36 och
1436 1790 50 45 på
1514 1800 133 23 senare
1676 1789 58 35 tid
1761 1789 60 35 för

223 1838 138 35 sådant
398 1839 178 35 ändamål
616 1851 139 34 genom
797 1839 162 36 auktion
988 1840 288 36 utarrenderats
1305 1840 61 35 till
1394 1840 150 35 enskild
1571 1852 139 35 person
1738 1844 83 32 mot

224 1889 124 45 afgift,
392 1902 80 23 som
512 1890 186 36 fördelats
739 1891 141 35 mellan
903 1891 238 47 jordägarna
1168 1892 106 35 inom
1302 1893 135 34 Resmo
1467 1892 72 35 och
1567 1892 254 47 Mörbylånga

224 1941 175 36 socknar.

356 1993 133 35 Förste
531 1993 288 36 landtmätaren
859 1995 81 44 har,
984 1994 98 35 efter
1118 1994 220 47 jämförelse
1373 1995 141 35 mellan
1543 1996 144 35 kartan
1715 1996 106 35 öfver

225 2044 385 47 ntmarksdelningen
638 2045 106 35 inom
772 2040 140 41 Ölands
940 2046 114 35 södra
1081 2049 82 32 mot
1192 2047 72 34 och
1288 2046 229 35 Hallströms
1536 2047 13 34 i
1567 2046 252 36 förevarande

225 2096 140 34 ärende
406 2096 212 45 företedda,
661 2098 43 32 år
748 2099 96 32 1906
886 2098 236 45 upprättade
1149 2098 127 44 karta,
1306 2098 168 45 upplyst,
1504 2100 61 32 att
1592 2098 67 34 det
1687 2101 21 31 å
1736 2099 84 34 sist-

224 2147 168 35 nämnda
431 2148 116 35 karta
587 2147 161 46 utlagda
790 2148 167 44 område,
986 2148 162 35 hvarom
1175 2161 52 22 nu
1256 2154 43 29 är
1326 2149 13 34 i
1367 2148 109 46 fråga
1504 2149 73 35 och
1605 2161 81 23 som
1714 2149 107 35 inne-

224 2197 124 35 håller
376 2210 46 23 en
451 2199 104 36 areal
584 2198 41 36 af
651 2201 133 42 6,1242
816 2199 152 45 hektar,
997 2202 157 43 utgöres
1182 2200 42 34 af
1247 2200 73 34 den
1348 2200 65 35 vid
1436 2200 385 46 utmarksdelningen

225 2248 57 35 till
327 2249 158 47 fiskläge
515 2251 111 34 söder
654 2262 62 23 om
744 2250 196 47 köpingen
969 2251 143 35 afsatta
1139 2251 91 46 plan
1260 2263 61 23 om
1351 2253 21 33 8
1402 2251 191 36 tunnland
1622 2254 47 32 20
1699 2251 122 47 kapp-
