1908 2850
335 150 17 29 6
708 151 293 32 Statsutskottets
1025 150 186 31 utlåtande
1233 151 53 30 Nr
1311 151 71 30 129.

294 227 244 37 fraktningen.
581 229 17 30 I
620 228 175 35 köparens
817 227 150 32 intresse
990 227 80 37 låge
1092 229 21 30 å
1134 228 114 31 andra
1271 228 102 31 sidan
1394 230 54 29 att
1471 227 113 37 draga
1607 230 39 29 ut
1669 228 124 36 skepp-

293 270 180 36 ningarna
498 271 56 31 för
576 273 53 29 att
652 271 142 31 minska
817 270 103 32 deras
943 279 92 28 egna
1059 271 296 31 räntekostnader
1378 272 65 30 och
1467 271 112 31 vinna
1603 271 112 32 ökade
1740 274 53 28 ut-

294 323 162 26 rymmen
461 310 21 45 i
509 314 79 32 sina
609 314 284 36 virkesmagasin
912 315 57 30 för
989 315 42 30 de
1050 325 71 25 nya
1142 324 163 21 varorna.

331 357 285 32 Vidkommande
642 358 536 36 pappersmasseproduktionen
1204 358 66 30 har
1296 357 236 31 Norrbottens
1559 358 64 30 och
1650 358 144 31 Väster-

291 400 138 31 bottens
452 401 79 30 läns
554 401 331 30 handelskammare
909 400 213 36 framhållit,
1145 402 54 30 att
1222 401 102 30 såväl
1345 400 157 36 tidigare
1527 400 268 36 vårskeppning

292 453 73 22 som
386 444 12 30 i
419 444 194 36 synnerhet
635 444 169 35 förlängd
826 443 281 37 höstskeppning
1129 445 122 35 syntes
1273 453 89 21 vara
1384 454 45 20 av
1451 444 190 35 betydelse.
1665 443 129 31 Förde-

292 487 103 30 larna
416 487 153 31 växlade
591 487 199 31 emellertid
809 487 55 30 för
885 486 96 31 olika
1003 486 159 31 fabriker
1186 487 12 30 i
1220 487 67 30 den
1308 487 83 29 mån
1412 486 160 36 lastning
1594 486 119 31 kunde
1735 486 60 31 ske

292 530 62 31 vid
370 530 60 36 kaj
448 530 87 30 eller
552 529 194 36 utforsling
764 530 12 30 i
793 530 145 36 pråmar
956 539 83 21 vore
1055 529 217 36 nödvändig,
1289 529 45 31 då
1350 529 13 30 i
1379 529 225 31 sistnämnda
1621 529 67 30 fall
1704 538 91 22 sam-

291 582 57 22 ma
366 573 226 36 svårigheter
611 573 166 31 inträdde
796 583 74 20 som
887 572 62 31 vid
968 572 294 36 avskeppningen
1281 583 44 20 av
1344 574 167 29 trävaror
1531 572 84 30 från
1634 572 160 31 flertalet

293 615 284 36 lastageplatser.
621 616 18 30 I
683 616 95 35 syfte
822 616 54 31 att
901 615 257 36 siffermässigt
1184 616 123 35 belysa
1332 615 323 36 Statsisbrytarens
1679 615 114 32 insats

293 659 113 31 under
431 659 99 31 vissa
556 659 252 31 förhållanden
833 659 105 30 anför
966 659 210 30 kammaren
1201 659 108 30 bland
1335 661 122 33 annat,
1484 660 54 29 att
1564 658 124 31 hösten
1715 659 78 30 1927

293 701 401 31 Västerbottenskusten
719 712 84 20 norr
828 712 55 20 om
907 701 175 31 Kvarken
1106 704 38 29 så
1169 701 109 37 tidigt
1301 711 74 21 som
1399 702 113 30 under
1539 701 161 36 dagarna
1726 702 67 30 den

293 744 116 32 14—23
430 745 191 31 november
643 745 79 31 blev
744 745 222 31 isblockerad
988 753 126 28 genom
1135 754 258 27 ogynnsamma
1417 745 129 31 vindar
1568 745 64 30 och
1654 746 54 30 att
1731 755 61 20 un-

293 787 61 31 der
375 788 116 31 denna
511 788 191 36 isblockad,
724 798 74 21 som
820 797 124 22 senare
966 790 46 34 på
1033 788 115 36 grund
1168 799 46 20 av
1236 788 135 36 omslag
1394 788 11 30 i
1428 787 364 32 vindförhållandena

292 830 142 37 hävdes,
461 831 305 36 Statsisbrytaren
792 831 96 30 inom
915 831 194 31 Skellefteå
1134 831 216 31 tulldistrikt
1376 831 74 31 fick
1476 831 94 31 bistå
1595 831 37 30 13
1658 832 135 35 ångare

291 874 79 31 med
390 884 43 21 en
455 875 248 35 sammanlagd
723 875 69 30 last
814 885 44 20 av
879 875 89 35 7,174
988 874 223 31 kubikmeter
1232 877 166 28 trävaror
1420 874 64 31 och
1507 874 176 36 10,463,698
1705 873 87 32 kilo-

293 924 101 27 gram
419 918 178 30 trämassa
620 918 64 30 och
709 917 186 37 samtidigt
921 918 75 31 dels
1020 917 168 32 assistera
1224 918 73 31 dels
1321 918 98 30 hålla
1443 918 148 30 isränna
1616 919 114 34 öppen
1756 918 36 30 åt

293 960 18 31 7
335 970 45 21 av
406 960 254 36 Sveabolagets
684 961 145 36 ångare,
855 970 74 21 som
956 961 13 30 i
995 960 283 32 Skelleftehamn
1302 961 136 31 lossade
1465 961 128 31 inalles
1618 961 88 36 1,680
1732 963 61 30 ton

293 1003 221 36 styckegods.

331 1047 322 31 Västernorrlands
675 1047 65 30 och
763 1047 206 31 Jämtlands
991 1047 78 31 läns
1091 1047 333 31 handelskammare
1444 1047 66 31 har
1533 1047 12 30 i
1568 1047 117 31 direkt
1708 1049 87 29 mot-

290 1092 72 28 sats
388 1090 57 31 till
473 1091 69 30 vad
569 1090 207 31 kammaren
801 1090 121 31 anfört
949 1090 230 31 beträffande
1206 1090 356 31 trävaruindustrien
1590 1090 203 31 framhållit

290 1133 67 31 den
379 1135 97 29 stora
498 1133 206 36 betydelsen
726 1144 46 20 av
794 1133 324 36 Statsisbrytarens
1141 1133 226 31 verksamhet
1390 1133 56 31 för
1468 1133 326 36 pappersmassefa-

290 1176 238 30 brikationen.
549 1177 74 30 När
642 1185 299 27 pappersmassan
961 1176 150 36 utginge
1131 1176 84 30 från
1235 1176 220 35 fabrikerna,
1476 1186 82 20 vore
1581 1176 67 31 den
1669 1178 125 33 genast

291 1219 120 36 färdig
429 1219 56 31 för
500 1221 135 34 export,
650 1220 65 29 och
732 1219 159 31 fabriker
910 1219 56 31 för
984 1219 101 36 dylik
1101 1219 236 35 tillverkning
1354 1219 130 30 funnes
1501 1219 103 35 längs
1620 1219 81 30 hela
1713 1219 80 30 kus-

289 1264 61 29 ten
369 1263 83 30 från
473 1263 110 30 Gävle
603 1272 70 26 upp
694 1262 58 31 till
771 1262 120 31 Kalix.
912 1260 109 33 Ännu
1040 1263 113 30 större
1173 1262 101 31 bleve
1294 1261 323 36 Statsisbrytarens
1637 1261 156 37 betydel-

290 1315 45 26 se,
355 1308 66 27 när
442 1305 194 36 planerade
657 1305 261 35 utvidgningar
940 1306 65 29 och
1025 1305 260 36 nybyggnader
1306 1314 44 20 av
1370 1304 339 31 trämassefabriker
1730 1305 64 30 bli-

290 1349 53 30 vit
361 1349 191 30 slutförda.
572 1348 56 30 Av
647 1349 132 29 största
799 1348 77 30 vikt
897 1347 56 31 för
974 1347 483 36 pappersmassefabrikerna
1477 1357 92 26 vore,
1589 1349 53 29 att
1660 1347 42 31 de
1722 1348 13 30 i
1755 1349 39 29 så

292 1392 72 30 stor
385 1391 252 35 utsträckning
659 1400 75 21 som
755 1389 143 37 möjligt
920 1390 261 36 kontinuerligt
1202 1390 131 31 månad
1355 1390 55 30 lör
1431 1391 132 30 månad
1583 1390 118 32 kunde
1723 1391 69 30 för-

292 1443 34 21 se
344 1434 78 31 sina
439 1434 139 31 kunder
596 1434 11 30 i
624 1433 163 31 utlandet
804 1434 79 30 med
901 1433 80 31 sina
998 1433 204 36 produkter.
1241 1433 51 31 De
1309 1433 193 31 utländska
1519 1434 161 35 köparna
1698 1433 94 37 gjor-

292 1477 42 31 de
355 1487 74 21 mer
453 1477 65 31 och
539 1486 74 21 mer
636 1477 157 35 anspråk
815 1476 113 36 härpå
951 1477 66 30 och
1040 1476 166 31 lämnade
1230 1476 179 31 företräde
1433 1477 55 30 till
1512 1477 135 31 sådana
1670 1487 122 26 expor-

291 1521 104 35 törer,
417 1530 75 22 som
514 1521 12 30 i
548 1520 96 31 detta
666 1520 174 31 avseende
862 1520 78 31 bäst
962 1519 119 32 kunde
1102 1520 264 31 tillfredsställa
1388 1520 88 30 dem.
1517 1520 67 31 Det
1609 1531 81 20 vore
1713 1521 79 31 där-

292 1562 54 31 för
370 1562 278 37 betydelsefullt,
671 1573 56 20 om
753 1563 41 31 de
818 1563 153 31 svenska
994 1563 491 36 pappersmassefabrikerna,
1509 1564 217 31 åtminstone
1751 1564 41 31 de

291 1605 100 32 söder
410 1616 56 21 om
486 1606 172 31 Kvarken
677 1606 162 36 belägna,
858 1606 119 31 kunde
997 1606 158 36 fullgöra
1174 1606 78 31 sina
1272 1607 202 30 leveranser
1494 1609 90 28 även
1603 1607 113 31 under
1737 1606 54 32 de-

292 1649 146 36 cember,
463 1649 146 36 januari
633 1649 63 31 och
720 1649 160 31 februari
904 1649 181 36 månader,
1108 1651 38 29 så
1170 1651 54 29 att
1247 1649 42 31 de
1313 1650 193 31 utländska
1530 1650 161 35 köparna
1714 1650 78 31 icke

291 1691 180 36 nödgades
495 1693 99 35 ligga
616 1692 79 31 med
718 1692 56 30 för
797 1694 95 29 stora
916 1692 110 36 lager.
1069 1692 224 31 Fabrikerna
1316 1692 100 31 söder
1441 1703 56 20 om
1519 1693 172 31 Kvarken
1714 1704 78 26 pro-

292 1734 175 32 ducerade
511 1735 138 36 årligen
691 1745 75 21 mer
789 1738 46 28 än
858 1736 128 35 100,000
1008 1737 62 29 ton
1092 1745 271 26 pappersmassa
1385 1746 62 26 per
1469 1737 142 35 månad,
1634 1737 159 31 förutom

291 1778 189 35 slipmassa
505 1779 64 30 och
594 1788 143 26 papper.
784 1777 64 32 Om
873 1778 177 36 sjöfarten
1075 1779 117 31 kunde
1218 1779 184 36 förlängas
1426 1780 81 30 med
1532 1783 54 28 tre
1610 1780 181 36 månader,

292 1821 82 32 från
393 1821 129 32 mitten
542 1833 45 20 av
607 1822 190 30 november
816 1822 56 31 till
890 1822 130 31 mitten
1039 1833 46 20 av
1105 1822 170 35 februari,
1295 1823 171 31 innebure
1488 1824 107 35 detta,
1617 1825 53 30 att
1690 1824 101 31 dessa

291 1864 180 32 fabrikers
516 1864 216 36 produktion
779 1865 112 31 under
939 1865 117 31 denna
1082 1865 52 31 tid
1161 1866 77 31 icke
1266 1866 157 31 behövde
1450 1867 196 35 upplagras
1673 1868 119 35 någon

290 1907 125 36 längre
433 1908 54 31 tid
504 1910 89 29 utan
610 1908 118 31 kunde
747 1908 193 35 utskeppas
960 1909 39 30 så
1017 1910 76 34 gott
1111 1919 74 21 som
1204 1911 134 34 genast.
1377 1910 17 30 I
1413 1910 98 31 detta
1531 1910 259 37 sammanhang

291 1949 106 32 borde
440 1951 106 31 också
587 1950 223 37 framhållas,
832 1953 53 29 att
907 1961 44 21 en
974 1952 146 31 tendens
1143 1952 57 31 till
1222 1952 246 36 förskjulning
1492 1955 73 29 mot
1585 1953 206 37 höstskepp-

290 1992 130 37 ningar
462 1994 139 31 kunnat
644 1994 192 35 iakttagas.
878 1995 56 30 En
956 1994 278 38 undersökning,
1257 2006 73 21 som
1352 1996 359 32 handelskammaren
1735 1998 56 30 för

290 2039 110 29 annat
427 2037 170 31 ändamål
623 2037 180 36 företagit,
828 2037 166 32 utvisade
1018 2038 161 36 sålunda,
1205 2041 53 29 att
1283 2039 244 36 skeppningen
1552 2050 46 21 av
1623 2050 167 27 pappers-

289 2088 117 23 massa
432 2081 97 30 inom
555 2078 333 38 Ångermanälvens
924 2081 304 32 industridistrikt
1264 2082 111 31 under
1401 2082 389 38 fyramånadersperio-

290 2121 66 33 den
382 2123 425 37 september—december
834 2124 77 31 1927
938 2124 167 36 utgjorde
1130 2125 38 30 52
1194 2127 146 34 procent
1365 2136 45 20 av
1437 2126 82 31 hela
1544 2127 247 36 skeppningen

288 2167 112 31 under
417 2167 68 31 den
503 2167 50 31 tio
569 2167 170 31 månader
756 2167 108 36 långa
881 2167 405 37 skeppningssäsongen.
1304 2168 180 37 Slutligen
1500 2170 65 30 har
1582 2170 210 31 kammaren

288 2209 214 37 framhållit,
536 2210 108 31 bland
677 2212 122 34 annat,
832 2212 53 29 att
919 2210 324 37 Statsisbrytarens
1275 2212 269 36 nödvändighet
1579 2213 122 32 visade
1735 2214 55 36 sig

290 2252 145 32 särskilt
457 2253 113 31 under
591 2254 164 35 fjolårets
774 2254 113 31 hårda
908 2254 64 30 och
992 2254 216 36 långvariga
1229 2254 191 37 isblockad,
1440 2256 129 31 medan
1591 2258 135 30 statens
1746 2257 43 31 is-

289 2293 419 39 brytningsverksamhet
729 2296 130 37 pågick
880 2297 55 31 för
956 2299 53 29 att
1031 2298 97 30 hålla
1149 2298 209 31 farvattnen
1378 2299 90 31 först
1490 2299 11 30 i
1523 2299 181 31 Norrland
1725 2301 65 30 och

290 2337 107 33 sedan
424 2339 143 31 söderut
594 2339 152 31 framför
774 2340 65 31 allt
864 2340 13 30 i
904 2337 161 34 Öresund
1091 2343 126 33 öppna.
1265 2340 486 38 Pappersmasseexportörer
1777 2343 12 30 i

289 2380 216 33 Härnösand
524 2383 65 31 och
607 2382 100 32 söder
728 2383 123 31 därom
871 2383 201 37 tvingades,
1092 2384 44 31 då
1155 2384 227 32 isblocekaden
1402 2386 144 31 söderut
1565 2386 80 31 blev
1664 2386 125 31 alltför

290 2423 91 37 svår,
404 2427 55 29 att
481 2425 112 32 sända
616 2426 78 31 sina
716 2426 193 36 produkter
931 2427 81 30 med
1034 2427 154 36 järnväg
1212 2427 56 31 till
1293 2428 174 36 Göteborg
1491 2429 24 30 f.
1538 2439 32 21 v.
1593 2429 30 30 b.
1646 2429 58 31 till
1726 2429 64 31 im-
