2220 2636
200 917 141 25 Utskottets

203 954 130 29 yttrande.

442 160 19 31 2
909 161 239 43 Lagutskottets
1179 161 169 34 Utlåtande
1371 163 62 32 N:o
1456 164 51 33 60.

398 237 198 39 äfvensom
626 240 84 37 med
740 240 149 49 hänsyn
920 240 58 36 till
1006 240 135 37 sådant
1169 241 134 37 hinder
1331 247 104 31 emot
1461 247 154 44 patents
1646 241 259 50 meddelande,
1926 255 81 25 som

397 290 12 36 i
447 292 13 34 3
490 290 20 50 8
540 292 255 47 omförmäles,
837 291 195 37 betraktas
1075 295 52 44 så,
1171 306 82 23 som
1295 305 91 24 vore
1429 293 73 37 den
1543 294 113 49 gjord
1692 294 202 50 samtidigt
1923 294 85 38 med

398 342 266 50 ansökningen
692 343 11 36 i
734 343 71 37 den
834 344 239 36 främmande
1103 349 141 40 staten;

529 394 35 49 2)
608 400 66 42 att,
717 408 62 24 om
821 395 202 37 undersåte
1051 396 12 36 i
1093 396 72 37 den
1207 396 238 38 främmande
1482 402 124 32 staten
1639 398 87 36 eller
1755 399 141 46 någon,
1926 411 80 24 som

397 446 68 36 där
493 451 41 31 är
559 447 128 37 bosatt
714 448 91 36 eller
833 452 93 44 äger
954 452 54 32 ett
1035 448 171 48 verkligt
1233 448 71 36 och
1333 448 83 37 icke
1435 462 69 35 pro
1524 449 122 36 forma
1667 449 139 37 drifvet
1825 449 181 37 industri-

397 498 90 37 eller
529 498 459 48 handelsetablissement,
1031 500 167 49 åtnjuter
1240 500 123 49 skydd
1406 500 59 37 för
1506 501 230 49 uppfinning
1764 501 107 37 såväl
1899 500 108 37 här
1986 494 24 60 i

396 549 99 37 riket
524 563 81 24 som
633 552 13 35 i
675 551 72 37 den
776 551 237 37 främmande
1042 557 136 42 staten,
1208 551 298 50 uppfinningens
1535 553 182 48 utöfning
1745 553 11 36 i
1777 552 73 37 den
1876 566 131 24 senare

396 602 107 48 skall,
546 606 41 34 så
627 602 82 37 vidt
751 606 121 47 angår
913 603 144 50 påföljd
1100 603 60 36 för
1196 604 293 37 underlåtenhet
1517 610 55 31 att
1600 605 69 36 här
1696 605 133 36 utöfva
1858 605 148 50 uppfin-

396 656 155 48 ningen,
582 657 41 34 så
652 668 121 35 anses,
805 669 82 23 som
916 655 98 36 hade
1042 655 229 49 utöfningen
1300 661 68 43 ägt
1396 669 82 24 rum
1507 657 69 36 här
1605 657 11 36 i
1644 657 106 37 riket.

525 916 74 36 Till
640 915 126 47 grund
806 914 62 37 för
908 915 296 49 ifrågavarande
1245 917 211 47 lagförslag
1496 916 127 48 ligger
1663 919 58 34 ett
1750 916 43 36 af
1817 916 189 37 särskilda

395 968 304 36 kommitterade
726 967 61 36 för
814 968 168 36 revision
1012 968 42 36 af
1074 969 179 46 gällande
1272 968 249 48 lagstiftning
1540 969 165 35 rörande
1725 971 140 45 patent
1884 981 49 24 m.
1954 980 49 24 m.

395 1020 63 36 till
492 1020 140 47 Kungl.
662 1019 112 47 Maj:t
803 1019 163 47 afgifvet
993 1021 264 47 underdånigt
1285 1021 249 36 betänkande
1562 1021 86 35 med
1676 1020 146 48 förslag
1851 1021 61 35 till
1940 1021 65 46 lag

396 1084 63 25 om
488 1072 147 37 ändrad
664 1071 143 47 lydelse
837 1071 42 36 af
904 1074 46 34 25
980 1072 18 47 $
1026 1073 14 35 i
1067 1073 180 47 gällande
1276 1073 230 46 förordning
1535 1073 197 46 angående
1762 1075 150 45 patent.

526 1125 17 35 I
569 1123 271 37 betänkandet
869 1123 151 38 anföres
1048 1124 120 37 bland
1197 1128 122 33 annat
1346 1125 186 47 följande:

524 1176 73 36 Till
624 1175 278 37 förhindrande
930 1176 121 46 däraf,
1082 1180 60 33 att
1160 1177 266 46 patentskydd
1446 1176 170 47 åtnjötes
1633 1176 61 36 för
1712 1176 292 48 uppfinningar,

392 1241 82 23 som
503 1227 31 47 ej
569 1228 155 35 komme
752 1228 64 35 till
844 1240 47 23 en
924 1228 60 36 för
1011 1228 207 37 samhället
1245 1229 132 47 nyttig
1405 1228 193 47 utöfning,
1628 1229 72 35 och
1729 1229 188 36 särskildt
1945 1232 60 33 att

390 1280 62 35 för
488 1281 74 35 den
596 1279 204 36 inhemska
828 1279 219 37 industrien
1076 1280 318 48 omöjliggjordes
1422 1283 60 33 att
1510 1281 178 46 begagna
1716 1281 58 46 sig
1803 1281 43 35 af
1868 1283 136 45 paten-

391 1332 134 36 terade
566 1331 290 48 uppfinningar,
900 1333 124 35 under
1057 1333 66 36 det
1152 1336 60 33 att
1239 1333 197 36 desamma
1463 1332 322 47 tillgodogjordes
1813 1333 106 35 inom
1947 1333 57 35 in-

393 1384 174 36 dustrien
608 1384 13 35 i
648 1383 242 36 främmande
917 1384 104 47 land,
1049 1384 240 37 förekomme
1318 1385 12 35 i
1360 1385 46 36 de
1434 1384 109 36 flesta
1571 1384 435 48 patentlagstiftningar

393 1436 244 47 stadganden
666 1447 63 24 om
772 1435 227 48 skyldighet
1037 1436 62 36 för
1133 1437 290 36 vederbörande
1451 1436 299 47 patenthafvare
1780 1439 62 34 att
1870 1436 135 37 utöfva

392 1487 59 36 sin
479 1487 255 48 patenterade
762 1487 234 48 uppfinning
1023 1488 108 36 inom
1157 1489 105 35 riket
1291 1489 94 35 eller
1413 1501 26 24 s.
1469 1488 39 36 k.
1538 1488 335 48 utöfningstvång.

522 1539 17 35 I
567 1539 74 35 den
668 1538 61 36 för
757 1539 126 46 Tyska
910 1540 106 35 riket
1042 1540 181 47 gällande
1247 1541 206 46 patentlag
1469 1540 138 36 funnes
1625 1541 13 34 i
1659 1541 108 35 detta
1786 1541 217 36 hänseende

391 1590 260 46 föreskrifvet,
694 1593 60 33 att
789 1593 59 33 ett
876 1595 139 43 patent
1043 1591 99 36 efter
1169 1591 198 48 förloppet
1395 1592 42 35 af
1461 1595 60 32 tre
1551 1594 43 33 år
1620 1592 85 35 från
1734 1593 75 35 den
1838 1593 87 47 dag,
1955 1593 49 35 då

391 1642 256 48 kungörande
675 1642 106 36 skett
801 1654 63 24 om
883 1646 199 43 patentets
1100 1644 264 46 meddelande,
1385 1644 130 35 kunde
1536 1646 208 45 återtagas,
1766 1656 63 24 om
1849 1648 154 44 patent-

391 1694 187 37 hafvaren
616 1694 203 36 underläte
849 1697 60 34 att
936 1695 14 35 i
977 1695 193 48 tillbörlig
1199 1695 238 48 omfattning
1465 1696 139 47 bringa
1631 1696 282 47 uppfinningen
1941 1697 63 36 till

391 1746 184 47 utöfning
615 1746 106 36 inom
762 1746 135 37 landet
938 1747 94 36 eller
1060 1748 237 36 åtminstone
1326 1752 96 43 göra
1451 1748 81 46 allt,
1562 1759 82 25 som
1672 1747 244 37 erfordrades
1943 1748 61 36 för

392 1801 61 33 att
479 1799 192 46 betrygga
699 1810 47 24 en
774 1799 121 36 sådan
922 1799 194 47 utöfning.

520 1850 202 36 Liknande
764 1851 242 47 stadganden
1048 1851 222 36 återfunnes
1312 1851 114 37 äfven
1462 1852 13 35 i
1515 1852 169 36 flertalet
1724 1853 123 35 andra
1888 1851 115 36 främ-

390 1902 140 35 mande
571 1905 133 42 stater,
748 1905 129 33 såsom
905 1898 209 50 Österrike,
1144 1903 178 47 Schweiz,
1353 1903 229 47 Frankrike,
1611 1904 160 47 Belgien
1800 1904 73 36 och
1901 1904 101 36 Dan-

390 1954 112 35 mark
530 1957 101 33 samt
659 1954 12 35 i
699 1953 76 37 viss
802 1958 92 33 mån
923 1955 111 37 äfven
1062 1956 139 47 Norge.

520 2006 17 35 I
577 2006 191 47 England,
810 2006 72 36 där
923 2008 100 35 ända
1064 2007 64 36 till
1169 2010 42 33 år
1255 2010 97 33 1902
1387 2007 324 48 utöfningstvång
1737 2008 90 36 med
1855 2007 81 36 risk
1965 2007 42 37 af

389 2060 199 44 patentets
615 2057 142 37 förlust
783 2058 88 36 icke
900 2059 244 46 förefunnits,
1164 2059 100 36 hade
1284 2060 124 35 under
1428 2060 45 35 de
1494 2072 133 23 senare
1648 2062 91 33 åren
1758 2059 244 48 väsentligen

389 2109 163 47 skärpta
592 2109 357 47 lagbestämmelser
989 2112 13 35 i
1039 2111 253 37 förevarande
1322 2111 176 37 afseende
1526 2111 251 47 genomförts.
1834 2111 168 37 Sålunda

388 2160 236 37 föreskrefve
653 2162 73 35 den
754 2174 76 35 nya
859 2163 184 47 engelska
1070 2163 255 47 patentlagen
1354 2164 43 36 af
1420 2164 74 35 den
1517 2166 46 33 28
1586 2164 153 47 augusti
1761 2166 99 34 1907
1882 2164 119 36 bland

389 2216 122 33 annat
551 2213 185 47 följande:
780 2214 123 37 Sedan
944 2215 86 48 fyra
1072 2218 44 32 år
1153 2215 41 35 af
1217 2216 249 46 patenttiden
1493 2215 179 47 förflutit,
1702 2216 98 47 ägde
1829 2228 48 24 en
1905 2216 96 36 hvar

388 2264 70 37 hos
499 2265 136 36 chefen
670 2265 62 36 för
758 2266 421 48 patentmyndigheten
1206 2268 100 45 yrka
1333 2271 199 44 patentets
1560 2268 282 47 återkallande,
1872 2268 129 36 därest
