2264 2628
404 193 120 32 Första
547 192 217 31 Kammarens
789 189 186 42 Tillfälliga
1003 188 145 33 Utskotts
1169 188 77 41 (N:o
1270 189 30 34 1)
1330 186 174 34 Utlåtande
1527 187 62 31 N:o
1611 189 30 28 3.
1781 189 18 27 5

229 282 144 38 roende
416 280 41 38 af
496 278 174 38 utlandet
711 278 58 36 för
807 276 201 38 drifvande
1037 276 43 36 af
1103 278 67 34 vår
1197 274 176 47 industri,
1404 277 88 33 våra
1520 272 198 50 ångbåtar,
1747 275 91 33 våra

226 334 227 48 järnvägar;
495 330 71 37 och
601 328 145 50 jämväl
779 328 11 36 i
818 328 147 37 nödens
996 326 115 37 stund
1140 326 123 37 skulle
1292 338 88 24 man
1409 325 82 37 icke
1520 325 128 35 kunna
1676 319 162 55 förlama

229 388 84 33 vårt
355 383 208 49 sjöförsvar
603 394 139 35 genom
786 384 55 32 att
873 379 98 36 neka
1006 391 63 23 oss
1098 377 84 37 sina
1210 376 161 37 stenkol.
1418 376 73 36 Det
1519 388 115 36 synes
1664 374 90 49 mig,
1784 379 55 31 att

231 436 126 37 denna
398 434 111 48 fråga
550 438 40 31 är
631 434 41 34 så
705 436 92 39 stor,
827 435 55 31 att
909 429 74 37 den
1012 441 131 24 ensam
1174 427 117 37 borde
1320 427 114 37 räcka
1461 425 58 38 till
1547 426 59 36 för
1635 430 54 32 att
1717 425 122 36 väcka

232 499 63 24 oss
338 499 77 36 upp
457 498 43 22 ur
541 486 65 33 vår
646 481 248 49 likgiltighet.
947 479 151 37 Endast
1124 480 10 35 i
1163 479 256 36 Norrbottens
1449 477 61 37 län
1538 477 122 36 finnes
1688 476 151 36 oöfver-

233 537 164 47 träffligt
424 534 77 50 god
530 534 71 36 och
620 532 236 48 fullkomligt
876 530 225 37 humifierad
1118 529 79 37 torf
1213 529 60 36 för
1289 528 85 37 hela
1390 528 182 49 Sveriges
1588 526 119 37 behof
1719 526 120 36 under

233 589 74 36 200
336 590 50 34 år.
441 586 15 36 I
477 586 146 36 samma
646 583 62 36 län
738 583 70 36 och
836 587 73 32 tätt
936 581 96 36 intill
1061 580 107 49 ligga
1196 583 91 33 våra
1316 579 224 48 malmberg,
1570 576 193 38 sannolikt
1791 576 48 37 de

235 643 141 32 största
404 637 10 36 i
449 635 168 37 världen.
672 634 138 36 Månne
852 633 64 36 det
957 637 41 31 är
1038 645 47 23 en
1127 631 126 48 slump
1287 630 93 37 eller
1408 629 97 37 blott
1532 643 47 23 en
1608 628 61 36 lek
1699 628 42 36 af
1766 627 76 37 för-

235 702 134 37 synen,
399 693 56 31 att
482 686 113 37 dessa
623 684 183 49 omätliga
834 683 209 49 tillgångar
1070 686 49 45 på
1137 682 88 48 järn
1254 682 70 35 och
1352 681 151 36 bränsle
1523 685 131 44 parats
1675 678 83 37 sida
1778 678 62 36 vid

234 740 94 47 sida,
358 739 71 37 och
457 740 136 34 månne
620 736 36 36 vi
685 735 116 36 hafva
829 733 210 49 anledning
1067 738 55 31 att
1149 732 116 49 klaga
1293 732 107 36 öfver
1429 730 216 50 fattigdom,
1666 733 41 33 så
1726 729 115 49 länge

235 791 37 36 vi
312 789 199 38 underlåta
552 792 55 31 att
644 789 48 46 på
720 791 55 31 ett
802 784 233 49 förståndigt
1063 788 77 32 sätt
1166 782 260 52 tillgodogöra
1450 795 62 23 oss
1543 781 99 37 hvad
1672 794 47 23 en
1749 779 90 36 mild

237 842 132 49 försyn
403 838 160 39 sålunda
591 837 67 37 har
686 836 141 37 skänkt
854 836 88 36 oss?

366 891 74 36 Det
468 895 41 31 är
539 887 232 49 berättigadt
799 891 56 32 att
882 886 113 37 ställa
1023 885 125 36 denna
1176 884 113 49 fråga
1316 883 56 37 till
1401 883 47 37 de
1477 881 192 51 styrande.

368 941 78 49 Jag
485 940 96 37 läste
622 939 158 49 nyligen
813 937 11 36 i
853 950 46 24 en
929 936 174 49 offentlig
1130 935 114 37 skrift
1273 948 60 23 om
1362 947 63 24 oss
1454 933 187 37 svenskar
1669 931 169 48 följande

233 992 234 38 nedslående
509 990 190 37 omdöme:
757 990 81 34 »De
880 987 187 37 oerhörda
1108 986 220 49 tillgångar,
1363 998 82 23 som
1485 983 179 49 Sveriges
1698 982 143 49 skogar

236 1048 280 45 representera,
557 1040 184 37 förslösas
774 1052 139 36 genom
948 1037 178 49 dåraktig
1153 1035 356 49 misshushållning,
1538 1034 71 37 och
1637 1033 122 49 enligt
1787 1036 55 33 åt-

237 1094 156 49 skilliga
433 1092 205 37 utländska
678 1090 200 37 fackmäns
907 1089 176 37 omdöme
1113 1093 63 32 äro
1205 1091 90 33 våra
1324 1087 142 48 skogar
1490 1086 47 36 de
1566 1090 120 32 sämst
1714 1084 129 37 skötta

235 1146 11 36 i
274 1144 87 38 hela
386 1143 192 37 världen.»

370 1195 74 36 Det
472 1199 40 31 är
540 1199 55 31 ett
623 1192 111 37 hårdt
769 1191 176 37 omdöme
975 1190 117 45 detta,
1121 1202 86 23 men
1236 1193 131 44 tyvärr
1395 1192 40 32 är
1463 1187 65 36 det
1555 1186 83 37 icke
1667 1190 55 32 att
1750 1198 92 24 anse

235 1259 82 24 som
360 1244 187 46 orättvist,
589 1243 70 36 och
692 1242 65 36 det
791 1247 41 31 är
865 1240 61 37 väl
961 1240 33 48 ej
1024 1240 120 35 heller
1176 1239 120 36 första
1330 1241 155 46 gången
1513 1250 81 23 som
1624 1237 64 35 det
1715 1236 128 37 blifvit

237 1295 175 38 uttaladt.
465 1295 74 36 Det
567 1306 112 24 anses
706 1292 196 49 nämligen
930 1296 101 32 ännu
1058 1290 86 37 icke
1171 1289 11 36 i
1212 1288 160 49 Sverige
1401 1289 58 35 för
1487 1300 47 24 en
1562 1286 167 49 skamlig
1749 1286 93 37 affär

238 1352 55 32 att
320 1352 92 31 utan
439 1345 116 37 tanke
582 1347 49 46 på
658 1344 66 36 det
752 1342 193 37 allmänna
972 1341 111 37 bästa
1112 1340 152 36 ruinera
1293 1339 85 37 hela
1405 1337 233 38 landsändar
1665 1341 50 45 på
1742 1337 99 48 skog

237 1398 72 36 och
350 1397 126 36 lämna
517 1394 182 38 ödemark
740 1393 97 37 efter
879 1393 71 48 sig,
984 1392 67 36 där
1080 1404 88 23 man
1197 1390 89 36 farit
1313 1390 112 45 fram;
1455 1389 34 48 ej
1517 1387 120 37 heller
1664 1388 70 36 har
1762 1387 81 48 lag-

237 1447 230 49 stiftningen
496 1452 76 31 satt
599 1459 47 23 en
673 1450 118 44 gräns
820 1444 59 36 för
907 1443 118 37 sådan
1054 1441 188 46 framfart,
1271 1440 160 37 oaktadt
1449 1445 56 31 att
1524 1438 188 49 följderna
1732 1437 113 37 däraf

239 1504 64 31 äro
332 1498 10 36 i
371 1503 151 44 ögonen
551 1496 167 37 fallande
746 1494 154 49 vådliga
929 1494 60 36 för
1017 1496 83 33 vårt
1123 1492 90 36 land
1233 1491 98 37 både
1350 1491 11 36 i
1382 1490 210 37 klimatiskt
1610 1490 71 36 och
1702 1489 140 36 ekono-

238 1549 117 36 miskt
383 1548 193 37 afseende.
631 1547 86 35 Man
747 1549 61 33 må
836 1544 213 37 emellertid
1077 1543 160 49 hoppas,
1267 1547 54 32 att
1350 1540 164 50 ändring
1540 1540 56 36 till
1626 1540 64 36 det
1717 1540 125 36 bättre

238 1599 10 36 i
277 1599 106 37 detta
411 1597 238 38 förhållande
678 1602 107 30 snart
813 1598 117 33 måtte
959 1595 154 36 komma
1141 1598 55 32 att
1225 1593 79 36 ske.

372 1648 111 38 Hvad
523 1662 80 22 som
645 1647 68 36 här
753 1646 116 36 ofvan
911 1645 124 37 blifvit
1063 1644 114 48 sagdt
1204 1643 119 36 borde
1351 1642 118 37 redan
1502 1654 91 23 vara
1620 1640 226 49 tillräckligt

239 1701 57 36 för
325 1706 55 30 att
407 1699 93 45 visa,
529 1704 55 30 att
613 1697 159 48 Sverige
800 1696 83 36 icke
911 1696 141 35 saknar
1081 1693 334 48 naturtillgångar,
1435 1692 97 36 blott
1560 1705 87 22 man
1667 1691 65 35 vill
1752 1696 92 42 taga

239 1751 86 36 dem
355 1750 167 42 tillvara;
552 1761 84 23 men
662 1748 70 47 jag
759 1746 65 36 vill
852 1746 84 36 icke
965 1744 199 37 underlåta
1193 1749 55 31 att
1267 1743 150 48 påpeka
1436 1748 99 31 ännu
1557 1754 46 24 en
1623 1740 220 49 betydande

238 1800 219 46 kraftkälla,
486 1812 94 32 som,
610 1801 112 33 äfven
752 1797 87 46 den,
860 1795 134 37 hittills
1014 1794 127 37 blifvit
1160 1794 11 36 i
1187 1793 214 49 beklagligt
1422 1793 76 47 hög
1517 1792 95 48 grad
1634 1791 209 46 förbisedd,

239 1850 195 49 nämligen
474 1853 90 33 våra
605 1846 213 39 vattenfall.
872 1847 56 36 De
970 1851 65 31 äro
1077 1845 98 37 dock
1217 1844 93 37 eller
1345 1844 129 35 kunna
1501 1856 92 23 vara
1621 1855 46 23 en
1696 1841 150 49 mäktig

239 1902 183 48 häfstång
452 1901 56 36 för
536 1898 215 38 industriell
780 1897 223 48 utveckling
1032 1896 70 36 och
1130 1896 59 36 för
1217 1894 202 37 drifvande
1448 1894 41 36 af
1510 1893 209 48 järnvägar
1736 1906 34 22 m
1788 1905 54 32 m;

239 1952 98 36 blott
376 1951 84 37 icke
501 1950 135 36 hinder
675 1949 138 48 lägges
842 1947 11 36 i
883 1953 123 44 vägen
1035 1947 129 36 därför
1194 1946 41 36 af
1259 1950 137 42 staten,
1426 1944 145 36 hvilket
1597 1943 136 36 hittills
1760 1942 84 36 icke

237 2001 99 38 varit
363 2001 182 49 ovanligt.
589 2000 132 37 Såsom
751 1998 175 49 exempel
955 1998 72 36 kan
1059 1997 165 46 anföras,
1254 2001 55 32 att
1337 1994 174 50 ingeniör
1530 1994 56 36 De
1608 1992 116 38 Laval
1746 1996 98 33 måst

241 2053 108 47 flytta
378 2053 56 35 sin
464 2051 245 36 verksamhet
737 2050 109 35 öfver
874 2048 55 36 till
958 2048 142 47 Norge.

373 2102 17 35 I
418 2101 46 36 de
498 2101 110 36 flesta
642 2100 67 36 fall
743 2098 110 37 rinna
880 2101 91 33 våra
1000 2096 198 37 vattenfall
1229 2096 85 36 bort
1342 2094 266 49 obegagnade,
1637 2094 69 36 och
1737 2093 106 35 detta

239 2153 69 36 hör
349 2151 243 48 sannerligen
634 2150 83 35 icke
755 2148 56 37 till
839 2148 47 36 de
916 2148 115 35 minst
1058 2146 154 37 talande
1242 2145 154 37 bevisen
1427 2148 48 45 på
1500 2142 343 49 misshushållning

241 2203 85 36 med
357 2202 149 36 landets
536 2200 237 37 kraftkällor.

372 2253 14 35 I
421 2251 181 38 afseende
643 2253 48 46 på
730 2248 184 48 sjöfarten,
956 2262 80 22 som
1079 2248 58 36 för
1178 2246 181 49 Sveriges
1400 2245 235 49 kringflutna
1670 2244 87 36 land
1787 2243 59 36 väl
