1942 2856
660 193 230 29 Statsutskottets
912 194 148 27 utlåtande
1081 194 49 27 Nr
1154 195 27 28 5.
1651 192 19 31 3

213 266 63 42 5:o)
320 267 142 33 Allmän
495 268 597 40 levnadskostnadsundersökning.
1136 268 126 41 Kungl.
1286 268 99 41 Maj:t
1408 268 62 31 har
1492 268 178 41 föreslagit

159 317 183 41 riksdagen
366 317 121 42 (punkt
509 318 28 36 5,
563 317 63 32 sid.
652 319 39 30 12
714 318 63 31 och
803 317 49 42 13)
875 320 50 29 att
947 318 53 31 till
1023 319 125 30 allmän
1171 319 499 31 levnadskostnadsundersök-

160 367 83 41 ning
268 367 53 31 för
346 367 205 42 budgetåret
578 368 180 38 1933/1934
784 368 118 32 anvisa
929 371 48 29 ett
1000 371 94 29 extra
1117 369 352 42 reservationsanslag
1492 381 39 19 av
1552 369 115 39 20,000

161 418 134 31 kronor.

214 468 68 31 För
304 469 230 31 innevarande
557 469 168 41 budgetår
747 470 61 31 har
830 470 53 31 för
898 470 255 41 ifrågavarande
1169 470 157 32 ändamål
1342 470 152 33 anvisats
1512 472 48 30 ett
1577 472 94 30 extra

161 520 353 41 reservationsanslag
537 522 19 29 å
580 520 114 39 15,000
716 520 134 32 kronor.
895 521 53 31 Av
970 521 150 31 nämnda
1142 521 120 42 anslag
1284 521 64 32 och
1372 521 59 31 det
1446 533 46 19 nu
1508 521 161 42 begärda,

162 569 146 42 tillhopa
340 571 115 37 35,000
488 571 135 38 kronor,
655 571 62 31 har
738 571 185 32 beräknats
946 574 50 29 att
1019 572 153 32 utbetala
1195 572 156 41 omkring
1373 572 115 38 30,000
1511 572 127 32 kronor
1660 572 12 31 i

160 621 141 31 utlovad
324 621 191 42 ersättning
537 622 53 31 till
613 622 179 32 bokförare
816 622 64 31 och
904 624 50 30 att
976 622 156 32 använda
1154 623 198 31 återstoden
1368 623 54 31 till
1438 623 227 41 bearbetning

161 671 93 31 inom
279 672 278 41 socialstyrelsen
581 683 40 21 av
643 673 243 31 inkommande
909 674 163 31 material.

214 774 83 31 Med
329 775 241 42 tillstyrkande
604 786 41 20 av
677 775 97 31 bifall
807 775 53 31 till
891 776 126 41 Kungl.
1041 776 117 41 Maj:ts
1181 775 222 32 förevarande
1425 776 128 40 förslag
1576 776 96 31 hem-

161 825 117 31 ställer
300 825 180 39 utskottet,

485 905 50 29 att
556 903 184 42 riksdagen
772 905 55 29 må
849 903 53 31 till
925 904 122 31 allmän
1069 903 526 41 levnadskostnadsundersökning
1617 903 53 32 för

431 954 205 41 budgetåret
671 955 180 40 1933/1934
884 954 118 32 anvisa
1035 956 49 30 ett
1116 956 96 30 extra
1240 954 353 41 reservationsanslag
1632 965 40 20 av

434 1005 115 38 20,000
571 1005 136 31 kronor.

214 1123 64 42 6:0)
300 1125 309 40 Förlikningsmän
642 1125 54 31 för
728 1125 157 40 medling
907 1126 12 31 i
942 1125 248 32 arbetstvister
1211 1134 45 23 m.
1279 1135 45 22 m.
1368 1124 19 31 I
1411 1124 152 42 enlighet
1585 1124 79 32 med

163 1174 127 42 Kungl.
314 1175 117 41 Maj:ts
454 1175 128 41 förslag
604 1175 123 41 (punkt
742 1176 28 37 6,
795 1175 63 31 sid.
885 1176 38 31 13
940 1175 64 32 och
1022 1175 48 42 14)
1087 1175 65 31 och
1168 1175 109 31 under
1289 1175 147 39 erinran,
1454 1177 49 29 att
1515 1175 156 42 anslaget

162 1225 54 31 för
237 1224 231 32 innevarande
492 1225 168 42 budgetår
682 1227 97 39 utgår
802 1225 79 31 med
904 1225 114 38 85,000
1040 1226 136 37 kronor,
1200 1225 200 32 hemställer
1423 1226 178 38 utskottet,

487 1304 49 29 att
558 1302 184 41 riksdagen
765 1305 55 29 må
843 1302 53 31 till
904 1302 282 41 förlikningsmän
1193 1302 59 41 för
1267 1303 140 40 medling
1422 1302 14 32 i
1452 1302 218 32 arbetstvister

434 1364 39 20 m.
497 1364 39 20 m.
560 1353 53 31 för
635 1352 203 42 budgetåret
870 1353 180 34 1933/1934
1072 1353 118 31 anvisa
1214 1354 48 30 ett
1285 1355 95 29 extra
1402 1353 268 42 förslagsanslag

434 1415 40 19 av
498 1403 114 39 75,000
634 1403 137 32 kronor.

218 1521 60 41 7:o)
302 1522 336 33 Arbetsdomstolen.
683 1522 82 31 Med
800 1522 239 41 tillstyrkande
1063 1533 40 20 av
1126 1522 96 31 bifall
1244 1522 53 31 till
1319 1522 128 41 Kungl.
1471 1522 116 41 Maj:ts
1610 1522 64 32 för-

163 1572 73 41 slag
266 1571 121 42 (punkt
411 1573 26 37 7,
474 1572 62 32 sid.
574 1572 134 42 14—18)
741 1573 65 31 och
840 1572 111 32 under
984 1573 136 31 erinran
1143 1584 55 20 om
1221 1573 65 31 vad
1308 1572 171 32 utskottet
1501 1572 12 31 i
1536 1572 62 32 sitt
1620 1575 54 29 ut-

163 1623 138 31 låtande
334 1634 41 20 nr
410 1624 38 30 18
482 1623 113 31 anfört
627 1624 175 41 angående
835 1623 222 41 redovisning
1090 1635 19 19 å
1142 1623 185 31 riksstaten
1362 1634 40 20 av
1425 1623 163 41 anslagen
1614 1623 59 31 till

164 1684 167 30 expenser
355 1674 63 31 och
441 1674 398 41 tryckningskostnader,
863 1674 52 31 får
936 1674 170 31 utskottet
1128 1673 189 39 hemställa,

486 1752 50 30 att
557 1751 183 41 riksdagen
763 1752 55 29 må
834 1750 53 32 till
903 1751 279 31 arbetsdomstolen
1197 1750 52 32 för
1264 1750 205 41 budgetåret
1486 1750 181 40 1933/1934

432 1801 118 31 anvisa
573 1803 49 29 ett
646 1803 94 29 extra
761 1801 269 41 förslagsanslag
1052 1812 41 20 av
1117 1801 113 38 70,000
1252 1801 139 31 kronor.

216 1911 62 41 8:o)
302 1911 189 40 Offentliga
513 1911 376 40 arbetsförmedlingen
912 1911 12 31 i
947 1911 96 31 riket
1064 1921 45 22 m.
1125 1920 42 22 m.
1213 1911 249 41 Bekämpande
1479 1921 44 23 av
1538 1913 135 32 arbets-

162 1962 167 31 lösheten.
375 1960 219 32 Beträffande
628 1961 125 40 Kungl.
788 1960 116 41 Maj:ts
928 1961 127 40 förslag
1077 1961 174 41 angående
1275 1961 119 41 anslag
1417 1961 52 31 till
1493 1962 176 41 offentliga

163 2012 368 40 arbetsförmedlingen
564 2011 11 31 i
609 2011 89 31 riket
731 2022 41 20 m.
798 2022 41 20 m.
865 2011 64 31 och
963 2011 52 31 till
1047 2011 236 41 bekämpande
1317 2023 41 19 av
1391 2012 278 32 arbetslösheten

164 2062 204 41 (punkterna
391 2063 18 30 8
434 2062 63 31 och
520 2063 28 37 9,
573 2061 63 32 sid.
661 2061 134 41 20—22)
819 2061 135 41 avgiver
977 2062 168 30 utskottet
1168 2061 182 32 framdeles
1363 2062 109 31 under
1488 2062 183 41 riksdagen

163 2113 215 37 utlåtanden;
402 2113 105 31 vilket
530 2112 141 31 härmed

763 2180 162 31 anmäles.

215 2290 62 40 9:0)
299 2291 373 39 Yrkesinspektionen.
716 2290 379 40 Yrkesinspektionens
1127 2291 236 31 verksamhet.
1411 2290 48 30 På
1492 2290 111 40 grund
1630 2302 42 18 av

164 2341 63 30 vad
250 2340 127 39 Kungl.
401 2340 98 40 Maj:t
521 2339 177 39 föreslagit
720 2339 180 40 riksdagen
927 2339 203 40 (punkterna
1156 2341 38 28 10
1217 2340 63 29 och
1306 2341 47 35 11,
1372 2339 62 31 sid.
1453 2339 134 41 22—925)
1608 2334 63 36 och

164 2391 108 30 under
305 2390 134 30 erinran
476 2401 53 18 om
564 2390 65 29 vad
667 2389 168 30 utskottet
868 2389 8 30 i
915 2389 60 30 sitt
998 2389 176 30 utlåtande
1198 2400 40 19 nr
1263 2391 36 28 18
1324 2389 116 31 anfört
1462 2390 11 29 i
1496 2390 93 40 fråga
1616 2401 54 19 om

162 2440 265 39 redovisningen
462 2442 15 28 å
514 2440 183 30 riksstaten
723 2450 39 19 av
786 2439 162 40 anslagen
973 2439 51 30 till
1048 2450 167 29 expenser
1239 2439 63 30 och
1326 2439 305 41 tryckningskostn
1642 2451 29 19 a-

162 2491 68 37 der,
255 2492 50 29 får
328 2491 168 30 utskottet
519 2490 189 36 hemstiälla,
