1888 2792
245 153 19 30 4
640 153 388 30 Jordbruksutskottets
1047 152 180 31 utlåtande
1245 162 43 20 nr
1307 152 50 31 17.

342 288 359 43 Sammanfattning
724 299 49 23 av
797 289 87 33 1945
908 287 67 35 års
999 288 378 43 fiskeriutrednings
1402 288 254 34 betänkande

643 350 74 33 och
743 350 173 33 däröver
938 350 170 43 avgivna
1130 350 227 43 yttranden.

293 442 96 30 Efter
409 452 42 20 en
470 443 154 29 översikt
644 444 80 28 över
744 443 107 29 fisket
872 443 64 29 har
958 443 233 38 utredningen
1211 442 116 30 berört
1347 442 305 40 yrkesfiskarenas
1673 442 80 30 eko-

248 493 95 29 nomi
369 493 64 29 och
459 493 123 30 därvid
608 494 78 29 med
710 494 142 38 ledning
876 503 41 20 av
941 493 286 30 erfarenheterna
1252 493 81 30 från
1357 492 396 41 mellankrigsperioden

247 543 65 30 och
332 543 213 30 verkställda
569 544 303 39 undersökningar
893 544 126 29 uttalat
1041 544 166 38 farhågor
1227 544 55 29 för
1303 545 50 29 att
1373 544 57 29 det
1453 544 230 29 ekonomiska
1705 543 48 30 lä-

248 596 54 37 get
325 594 54 30 för
400 594 180 30 fiskarena
601 595 11 29 i
636 594 190 30 framtiden
848 595 70 29 kan
940 595 143 29 komma
1105 596 50 28 att
1178 594 173 39 allvarligt
1374 594 203 30 försämras.

614 696 427 35 Organisationsväsendet
1067 696 104 29 bland
1197 696 187 29 fiskarena.

294 772 236 39 Utredningen
551 781 74 20 som
644 772 116 29 berört
777 772 366 39 handelsregleringen
1162 772 55 29 för
1237 771 207 39 strömming
1465 771 65 30 och
1551 771 11 29 i
1584 770 169 30 samband

248 823 145 29 därmed
423 823 205 39 uppkomna
658 822 459 39 organisationsbildningar
1144 822 65 30 har
1237 824 115 28 ansett
1381 822 50 39 sig
1460 822 124 29 kunna
1612 822 142 29 konsta-

249 875 84 32 tera,
363 875 49 28 att
438 873 67 29 den
533 882 25 21 s.
586 873 33 30 k.
647 873 301 30 auktorisationen
974 883 42 20 av
1042 872 398 40 producentföreningar
1467 872 90 30 varit
1585 872 53 29 till
1665 879 89 31 gagn

249 923 55 30 för
328 924 93 29 såväl
446 924 182 30 fiskarena
653 933 74 21 som
752 924 42 29 de
819 924 134 39 privata
978 924 281 29 fiskhandlarna.
1284 923 77 29 Med
1384 923 138 39 hänsyn
1546 922 120 30 härtill
1689 922 65 30 har

249 971 232 42 utredningen
502 976 115 28 ansett
639 975 50 38 sig
709 974 83 30 böra
813 975 151 33 förorda,
986 976 51 28 att
1060 974 126 39 Kungl.
1209 974 106 39 Maj:t
1336 981 123 31 genom
1483 982 43 21 en
1547 972 207 39 förordning

248 1025 149 29 erhåller
423 1025 184 39 möjlighet
633 1027 49 28 att
709 1025 142 39 utvidga
879 1025 302 30 auktorisationen
1207 1034 43 20 av
1275 1024 397 40 producentföreningar
1701 1023 52 29 till

250 1077 50 28 att
328 1075 89 39 gälla
442 1076 108 29 vilket
578 1076 73 38 slag
676 1085 42 20 av
743 1076 72 29 fisk
843 1076 82 29 eller
955 1075 162 39 skaldjur
1145 1075 64 30 och
1237 1075 117 30 vilken
1380 1075 54 29 del
1462 1084 43 20 av
1533 1074 119 30 landet
1679 1082 75 21 som

249 1125 99 30 helst.
371 1126 238 39 Utredningen
631 1126 63 30 har
714 1127 123 29 härvid
857 1126 189 39 föreslagit,
1068 1128 50 28 att
1139 1126 216 39 regleringen
1376 1135 41 20 av
1441 1124 314 39 strömmingshan-

249 1176 80 29 deln
351 1176 176 39 förlänges
548 1177 97 29 inom
668 1186 121 20 ramen
812 1186 43 20 av
875 1177 114 29 denna
1012 1176 221 39 författning.

294 1228 13 28 I
326 1227 337 39 remissyttrandena
682 1228 64 29 har
764 1227 165 39 förslaget
947 1236 57 20 om
1022 1226 257 30 auktorisation
1297 1235 43 21 av
1356 1225 399 40 producentföreningar

249 1279 123 38 ägnats
398 1280 71 27 stor
494 1278 325 39 uppmärksamhet,
846 1287 80 20 men
949 1277 257 38 bedömningen
1230 1277 109 29 härav
1365 1277 63 29 har
1453 1276 133 29 utfallit
1613 1284 142 31 synner-

250 1329 91 38 ligen
370 1329 103 29 olika.
504 1329 211 29 Fiskarenas
742 1328 277 39 organisationer
1048 1328 46 29 ha
1124 1327 139 39 överlag
1290 1327 145 29 instämt
1463 1327 12 29 i
1503 1326 251 39 utredningens

249 1379 205 30 uttalanden
475 1379 65 30 och
561 1379 146 39 kraftigt
726 1378 243 30 understrukit
988 1377 305 39 nödvändigheten
1313 1387 42 20 av
1375 1379 49 28 att
1443 1377 167 39 förslaget
1631 1376 124 30 snabbt

250 1430 229 38 genomföres.
501 1430 205 29 Detsamma
730 1429 107 39 gäller
861 1431 47 28 ett
932 1429 117 29 flertal
1074 1428 244 39 länsstyrelser
1340 1428 65 30 och
1426 1426 329 40 hushållningssäll-

251 1481 105 39 skaps
385 1480 381 39 förvaltningsutskott.
798 1480 178 38 Förslaget
1005 1479 65 30 har
1103 1480 157 29 däremot
1289 1480 129 28 utsatts
1448 1479 55 29 för
1533 1478 110 30 kritik
1674 1477 81 30 från

249 1531 109 39 några
381 1540 42 21 av
444 1531 41 29 de
510 1531 155 30 centrala
689 1530 275 34 ämbetsverken,
989 1532 132 28 statens
1144 1529 432 30 livsmedelskommission
1600 1529 64 30 och
1688 1531 68 28 sta-

250 1583 77 28 tens
351 1582 364 39 priskontrollnämnd
742 1583 90 28 samt
858 1581 108 39 några
993 1580 254 40 länsstyrelser.
1273 1580 179 30 Handelns
1478 1580 277 39 organisationer

250 1632 45 30 ha
320 1632 163 39 slutligen
507 1632 96 30 ställt
628 1632 50 39 sig
701 1632 93 29 klart
816 1632 187 29 avvisande
1028 1631 45 40 på
1094 1631 230 30 förevarande
1346 1631 124 40 punkt.

294 1682 375 40 Lantbruksstyrelsen
696 1683 64 29 har
785 1682 12 30 i
822 1682 136 40 princip
985 1682 77 30 icke
1088 1682 131 30 erinrat
1244 1683 73 28 mot
1345 1681 303 30 auktorisationen
1674 1689 82 21 men
1788 1704 3 3 .

252 1734 112 29 starkt
386 1734 151 33 betonat,
562 1735 50 28 att
635 1734 66 29 den
723 1733 112 30 måste
858 1742 83 21 vara
965 1742 42 21 av
1029 1733 155 38 tillfällig
1206 1733 178 29 karaktär.
1407 1731 260 31 Statskontoret
1691 1731 65 30 har

252 1786 113 27 ansett
408 1784 302 30 auktorisationen
740 1784 85 30 böra
859 1786 137 27 snarast
1027 1783 193 30 avvecklas.
1262 1782 493 30 Livsmedelskommissionen

251 1835 64 29 har
340 1835 136 34 uttalat,
502 1837 51 27 att
578 1835 108 39 några
712 1835 142 29 sakskäl
879 1835 75 29 icke
979 1834 45 30 ha
1048 1834 136 30 anförts
1207 1834 55 29 för
1286 1834 185 29 införande
1496 1842 42 21 av
1561 1833 195 30 auktorisa-

250 1885 74 29 tion
348 1887 86 28 även
460 1885 222 30 beträffande
706 1894 118 21 annan
847 1885 71 29 fisk
942 1886 44 28 än
1013 1884 217 39 strömming.
1255 1883 413 30 Priskontrollnämnden
1691 1883 65 30 har

250 1936 243 30 understrukit
512 1936 42 30 de
573 1936 218 39 principiella
809 1935 325 39 betänkligheterna
1152 1937 73 28 mot
1246 1934 312 34 auktorisationen,
1578 1934 45 30 då
1642 1934 114 29 denna

250 1986 113 30 skulle
383 1987 201 38 ytterligare
606 1987 117 29 stärka
744 1986 550 40 monopoliseringstendenserna
1315 1985 96 30 inom
1431 1984 238 40 näringslivet,
1691 1984 65 30 och

252 2039 114 28 ansett
398 2037 257 30 auktorisation
686 2037 84 29 böra
803 2037 220 29 förekomma
1055 2037 87 29 blott
1174 2037 11 29 i
1217 2035 263 40 undantagsfall
1512 2037 91 28 samt
1634 2035 122 29 kunna

250 2087 177 39 medgivas
446 2088 133 39 jämväl
599 2088 135 39 privata
753 2087 273 40 partihandlare.

768 2214 288 36 Prisregleringar
1085 2214 43 35 på
1158 2213 81 30 fisk.

300 2307 236 39 Utredningen
558 2307 65 29 har
643 2307 130 30 erinrat
795 2316 57 20 om
874 2309 49 27 att
944 2307 107 39 enligt
1073 2316 48 19 nu
1143 2306 159 39 gällande
1323 2306 263 29 bestämmelser
1607 2305 148 40 prisreg-

254 2358 155 39 leringen
433 2357 45 40 på
501 2358 93 29 väst-
620 2358 64 29 och
710 2358 234 38 sydkusterna
969 2357 11 29 i
1005 2357 137 40 princip
1169 2358 38 28 är
1233 2356 185 40 uppbyggd
1444 2356 46 40 på
1516 2355 170 40 grundval
1714 2364 42 20 av

254 2410 48 28 ett
333 2408 212 39 minimipris
576 2408 45 39 på
651 2408 66 30 den
747 2408 53 29 till
831 2408 330 29 färskkonsumtion
1192 2407 65 29 och
1288 2407 190 39 beredning
1510 2406 97 30 sålda
1638 2406 117 29 fisken

254 2459 64 29 och
339 2460 47 28 ett
406 2458 212 40 garantipris
637 2459 45 39 på
701 2459 324 33 överskottsfisken,
1047 2459 127 29 medan
1194 2457 291 40 prisregleringen
1506 2457 45 40 på
1572 2457 183 29 ostkusten
