1882 2792
249 169 40 30 18
649 169 390 30 Jordbruksutskottéts
1057 168 181 31 utlåtande
1255 178 43 20 nr
1317 168 51 31 17.

296 253 13 30 I
328 253 264 40 propositionen
611 253 65 30 har
697 253 163 39 slutligen
880 253 12 29 i
911 253 230 30 förevarande
1161 253 200 29 hänseende
1382 252 199 40 tillstyrkts,
1604 255 50 28 att
1677 253 82 30 från

254 303 58 30 det
327 304 96 29 förut
439 303 148 30 berörda
606 303 158 39 anslaget
780 303 52 30 till
849 303 58 30 lån
923 303 53 30 till
993 303 201 39 främjande
1212 313 43 20 av
1271 302 192 41 beredning
1479 304 65 29 och
1562 303 200 39 avsättning

253 363 43 21 av
318 354 73 30 fisk
414 363 46 21 m.
485 364 45 20 m.
557 354 90 30 skall
672 354 124 30 kunna
820 354 178 39 medgivas
1023 354 58 29 lån
1106 354 53 29 till
1185 353 266 40 rörelsekapital
1477 354 56 29 för
1558 364 42 20 av
1625 353 134 31 fiskare

253 404 117 30 bildad
388 404 162 39 förening
567 404 55 30 för
639 404 192 31 kollektiva
848 404 108 39 inköp
976 413 42 21 av
1035 404 225 39 fiskredskap
1280 404 65 30 och
1363 403 318 32 motordrivmedel.
1701 404 60 30 Ut-

255 455 129 29 skottet
412 455 158 29 ansluter
596 455 51 39 sig
671 455 54 29 till
750 455 95 29 detta
869 454 133 40 förslag
1027 455 65 29 och
1116 455 72 29 kan
1214 454 223 39 följaktligen
1463 454 76 30 icke
1564 454 128 31 beakta
1718 455 42 30 de

255 505 219 39 synpunkter
497 514 74 21 som
591 505 187 30 framförts
798 505 12 29 i
830 505 180 29 motionen
1031 504 46 30 II:
1100 504 75 30 402.

299 555 116 30 Under
434 555 219 40 åberopande
674 565 44 21 av
735 556 67 29 vad
822 555 147 30 sålunda
989 555 136 30 anförts
1143 555 204 29 hemställer
1367 554 181 36 utskottet,

612 639 34 34 1)
677 641 51 29 att
748 640 188 38 riksdagen
955 639 59 30 må

611 689 74 30 dels
711 691 127 37 antaga
863 689 95 30 förut
985 689 234 30 omförmälda
1244 689 207 40 förordning
1477 699 57 20 om
1559 690 70 30 viss
1657 690 107 38 regle-

565 740 79 39 ring
662 750 42 20 av
725 740 153 30 handeln
896 740 80 29 med
993 739 83 35 fisk,
1094 749 46 21 m.
1159 749 58 25 m.,

610 790 74 30 dels
705 791 169 38 medgiva,
897 792 50 28 att
972 791 55 29 för
1047 790 96 30 tiden
1164 790 54 30 till
1240 791 64 29 och
1325 791 80 29 med
1426 791 68 29 den
1515 790 41 30 30
1577 790 79 39 juni
1681 790 84 29 1949

567 841 59 30 må
651 841 12 29 i
690 841 236 39 huvudsaklig
953 840 347 30 överensstämmelse
1327 841 80 29 med
1434 841 12 30 i
1472 840 57 30 det
1556 840 209 38 föregående

567 892 188 29 förordade
783 891 151 40 grunder
961 891 175 30 anordnas
1162 891 173 39 reglering
1360 900 43 21 av
1427 891 160 39 priserna
1613 891 45 39 på
1685 890 82 30 salt-

566 941 223 36 vattensfisk,

612 992 74 29 dels
716 992 196 39 godkänna,
938 994 50 28 att
1013 992 11 29 i
1048 992 112 39 övrigt
1186 992 161 38 åtgärder
1372 992 53 29 till
1451 991 316 39 fiskerinäringens

569 1042 186 40 stödjande
774 1043 59 29 må
852 1043 158 38 vidtagas
1029 1043 12 28 i
1060 1042 237 39 huvudsaklig
1318 1042 347 30 överensstämmelse
1686 1042 80 30 med

569 1093 66 30 vad
658 1093 12 29 i
694 1093 58 29 det
775 1093 208 38 föregående
1009 1092 159 39 angivits,

613 1143 74 29 dels
703 1143 66 29 ock
784 1143 12 29 i
812 1143 189 39 anledning
1017 1153 42 20 av
1075 1143 126 38 Kungl.
1219 1143 125 38 Maj:ts
1360 1142 133 40 förslag
1511 1145 90 27 samt
1621 1143 81 29 med
1718 1142 50 29 bi-

569 1194 63 29 fall
654 1194 54 29 till
730 1194 220 29 motionerna
971 1193 30 29 I:
1026 1193 73 34 259,
1123 1193 29 29 I:
1177 1193 64 29 260
1263 1193 65 29 och
1349 1193 46 29 II:
1419 1192 62 30 401
1507 1195 90 28 samt
1621 1193 46 29 II:
1692 1192 74 34 403,

569 1244 68 29 den
663 1244 220 29 sistnämnda
907 1244 12 28 i
942 1243 67 30 vad
1038 1251 99 22 avser
1162 1242 313 40 anslagsbeloppet,
1502 1243 20 30 å
1545 1243 224 39 kapitalbud-

570 1296 100 37 geten
694 1294 56 29 för
774 1293 203 39 budgetåret
1004 1292 147 32 1948/49
1175 1293 113 29 under
1310 1292 145 30 Fonden
1479 1293 57 39 för
1561 1293 208 29 låneunder-

569 1344 80 29 stöd
669 1344 54 29 till
744 1343 75 30 Lån
842 1343 52 29 till
913 1342 201 40 främjande
1136 1352 43 20 av
1203 1343 189 39 beredning
1415 1343 64 30 och
1503 1344 201 39 avsättning
1726 1352 43 22 av

568 1394 73 39 fisk
658 1403 47 20 m.
722 1403 47 20 m.
786 1394 120 30 anvisa
923 1396 49 27 ett
992 1394 357 39 investeringsanslag
1366 1403 42 21 av
1426 1393 19 30 3
1460 1394 63 30 000
1538 1393 62 31 000
1619 1394 147 34 kronor;

614 1444 37 35 2)
682 1446 51 28 att
756 1444 220 30 motionerna
999 1444 28 29 I:
1052 1443 62 31 263
1137 1444 65 30 och
1225 1444 46 29 II:
1295 1444 74 34 400,
1392 1444 30 29 I:
1447 1444 60 30 261
1533 1444 65 30 och
1621 1444 46 30 II:
1692 1444 75 33 399,

570 1495 46 30 II:
632 1495 75 34 403,
732 1495 11 29 i
767 1495 66 30 vad
857 1495 67 29 den
948 1494 30 39 ej
1008 1494 207 30 behandlats
1240 1494 111 29 under
1378 1494 34 34 1)
1444 1503 99 26 ovan,
1569 1495 29 29 I:
1615 1494 62 31 262
1703 1494 65 29 och

569 1546 46 29 II:
636 1545 75 34 416,
732 1545 29 29 I:
783 1545 73 34 203,
876 1545 45 29 II:
945 1545 72 34 150,
1037 1545 28 29 I:
1089 1544 60 30 133
1169 1545 66 29 och
1254 1544 45 30 II:
1322 1544 74 34 223,
1416 1544 29 30 I:
1464 1545 61 29 100
1545 1545 64 30 och
1632 1545 46 29 II:
1703 1545 61 29 166

571 1598 90 28 samt
687 1596 46 30 II:
756 1595 64 31 402
842 1596 76 29 icke
939 1596 59 29 må
1018 1595 183 31 föranleda
1223 1595 115 38 någon
1360 1594 207 39 riksdagens
1589 1595 133 39 åtgärd.

305 1697 202 30 Stockholm
529 1697 67 29 den
619 1697 38 29 15
683 1696 89 40 april
797 1696 93 30 1948.

700 1797 50 30 På
769 1796 382 40 jordbruksutskottets
1171 1796 146 38 vägnar:

851 1897 36 29 L.
916 1895 267 31 TJÄLLGREN.

547 2105 64 30 Vid
636 2105 95 30 detta
755 2105 146 29 ärendes
925 2103 285 40 slutbehandling
1233 2103 45 30 ha
1302 2103 172 30 närvarit:

306 2173 79 30 från
414 2173 162 30 första
603 2174 218 29 kammaren:
841 2173 120 29 herrar
980 2172 185 37 Tjällgren,
1185 2171 121 30 Alfred
1325 2172 209 33 Andersson,
1555 2171 209 37 Anderberg,

260 2216 75 30 Nils
362 2216 137 34 Olsson,
524 2215 161 39 Hjalmar
708 2215 150 34 Nilsson,
885 2214 180 39 Svedberg,
1093 2214 165 30 Isaksson
1283 2214 64 29 och
1373 2213 144 40 Björck;
1545 2215 90 28 samt

304 2275 80 30 från
409 2275 154 29 andra
587 2275 224 29 kammaren:
838 2273 121 29 herrar
984 2273 201 29 Andersson
1212 2272 11 29 i
1249 2272 261 34 Surahammar,
1539 2271 191 31 Gustafson
1756 2272 11 29 i

259 2316 163 39 Dädesjö,
445 2316 173 30 Jacobson
639 2316 12 29 i
671 2315 223 34 Vilhelmina,
915 2315 141 29 Nilsson
1077 2314 12 29 i
1111 2314 272 39 Göingegården,
1404 2314 58 29 fru
1486 2314 180 34 Eriksson,
1689 2314 77 29 her-

259 2367 58 21 rar
338 2358 173 30 Svensson
528 2359 11 28 i
557 2358 59 34 Vä,
636 2357 201 30 Johansson
853 2357 12 29 i
884 2357 92 39 Torp
995 2356 65 30 och
1078 2356 131 30 Utbult.
