1900 2818
297 122 18 29 8
727 126 290 35 Statsutskottets
1042 129 186 31 utlåtande
1252 131 53 31 Nr
1331 131 29 30 2.

830 214 35 27 C.
910 207 279 45 Övergångsstat.

254 277 224 36 Avlöningar
502 288 45 21 m.
573 289 56 26 m.,
653 280 279 38 förslagsanslag
950 305 15 4 ..
1044 306 142 4 reseterennna
1370 309 4 4 .
1414 287 141 48 kronor
1653 290 95 46 3,000

244 337 12 13 .

950 351 146 32 Summa
1120 353 274 39 förslagsanslag
1418 356 132 32 kronor
1575 359 185 35 3,766,000;

295 443 73 30 dels
390 443 67 31 ock
481 443 140 31 minska
645 444 57 31 det
723 445 12 30 i
752 445 190 32 riksstaten
966 447 173 36 uppförda
1162 449 176 32 ordinarie
1361 451 315 42 förslagsanslaget
1698 455 59 30 till

252 493 218 36 fångvården
495 495 80 31 från
599 495 76 32 dess
699 497 207 32 nuvarande
929 499 136 36 belopp,
1089 500 173 37 3,772,100
1279 502 126 32 kronor
1421 504 78 31 med
1517 505 96 35 6,100
1628 506 130 31 kronor

251 545 57 30 till
333 545 172 37 3,766,000
530 547 137 32 kronor.

294 597 224 32 Beträffande
552 600 237 37 utredningen
814 602 12 29 i
849 604 119 29 ämnet
1004 603 54 30 får
1091 603 170 33 utskottet
1285 606 148 31 hänvisa
1457 608 59 31 till
1540 609 64 31 sid.
1629 610 128 31 64—70

251 648 12 30 i
287 649 392 37 statsrådsprotokollet.

294 760 182 33 Ordinarie
509 763 304 38 förslagsanslaget
837 766 54 30 till
915 767 216 36 fångvården
1155 771 39 28 är
1217 770 13 29 i
1254 779 48 21 nu
1325 770 161 36 gällande
1510 773 141 31 riksstat
1674 770 82 45 upp-

251 815 93 34 taget
366 814 77 30 med
469 814 171 37 3,772,100
664 816 128 31 kronor
815 820 89 29 samt
927 818 198 36 disponeras
1147 821 111 36 enligt
1282 821 150 36 följande
1456 825 120 30 stater:

827 924 37 27 A.
909 925 264 35 Avlöningsstat.

774 1000 457 39 Fångvårdsstyrelsen.

250 1048 219 37 Avlöningar
494 1050 55 30 till
574 1051 173 31 ordinarie
771 1052 220 37 tjänstemän,
1016 1050 269 89 förslagsanslag
1418 1058 128 31 kronor
1575 1054 12 46 =
1603 1060 139 36 138,200

250 1100 424 39 Vikariatsersättningar,
698 1104 269 38 förslagsanslag
1007 1131 275 6 .....nmcoco0o0o0m...
1474 1121 13 17 »
1647 1114 94 35 5,000

249 1153 162 31 Arvoden
434 1155 21 29 å
480 1155 62 30 500
566 1156 127 30 kronor
715 1156 56 31 till
795 1158 60 30 två
878 1132 242 63 fullmäktige
1168 1186 48 4 a
1322 1186 66 5 ena
1480 1178 8 5 >
1646 1166 95 35 1,000

249 1205 219 37 Avlöningar
492 1207 56 31 till
572 1208 262 32 icke-ordinarie
857 1210 343 38 befattningshavare
1223 1224 45 20 m.
1293 1224 44 20 m.
1474 1228 13 16 »
1624 1218 116 35 16,000

811 1280 386 37 Fångvårdsstaten.

248 1327 218 37 Avlöningar
489 1329 57 30 till
570 1330 174 32 ordinarie
767 1332 220 37 tjänstemän,
1011 1334 269 38 förslagsanslag
1311 1361 78 5 .......
1569 1340 170 36 2,013,000

247 1379 424 40 Vikariatsersättningar,
695 1384 270 38 förslagsanslag
988 1375 17 51 —
1017 1411 231 7 ......w..mc.....
1480 1407 6 11 >
1602 1393 138 35 150,000

247 1432 220 37 Avlöningar
500 1434 56 30 till
590 1435 261 32 icke-ordinarie
882 1437 343 38 befattningshavare
1258 1451 45 21 m.
1335 1452 56 26 m.,

290 1484 269 39 förslagsanslag
624 1512 34 4 .......
732 1512 26 5 oc...
1004 1515 48 5 besdås
1083 1516 45 4 ENE
1149 1516 35 4 sn
1246 1518 36 4 SE
1354 1520 34 2 kkbran-
1600 1497 138 35 247,500

799 1570 36 26 B.
882 1569 307 30 Omkostnadsstat.

245 1620 127 39 Övriga
395 1625 184 31 kostnader
603 1627 54 30 för
680 1628 75 36 fång
769 1629 94 36 vård,
886 1630 269 38 förslagsanslag
1177 1656 14 4 ..
1361 1658 25 4 vu
1568 1637 170 35 1,190,400

820 1708 35 29 C.
901 1703 277 44 Övergångsstat.

244 1763 219 37 Avlöningar
486 1776 45 20 m.
556 1777 57 26 m.,
637 1768 303 38 förslagsanslag
915 1759 30 51 ..
1070 1796 144 5 rrrrrreeee
1231 1767 20 44 a
1278 1798 2 4 a
1363 1799 4 3 :
1471 1791 12 12 »
1620 1778 117 35 11,000

955 1831 144 32 Summa
1123 1793 267 82 förslagsanslag
1413 1837 128 30 kronor
1565 1837 182 37 3,772,100.

285 1920 18 30 I
337 1921 97 37 fråga
458 1932 55 21 om
536 1924 269 38 användningen
828 1937 45 20 av
897 1927 55 31 det
975 1928 109 31 under
1108 1929 357 39 fångvårdsstyrelsen
1490 1935 176 34 upptagna
1689 1945 58 20 an-

242 1973 109 36 slaget
384 1974 56 31 till
475 1975 207 38 avlöningar
716 1978 55 30 till
795 1979 263 33 icke-ordinarie
1081 1981 337 38 befattningshavare
1442 1995 45 20 m.
1514 1995 45 21 m.
1584 1988 162 29 ävensom

242 2025 304 39 förslagsanslaget
584 2029 56 30 till
679 2030 206 38 avlöningar
923 2033 56 30 till
1014 2034 261 32 icke-ordinarie
1310 2035 342 37 befattningshavare
1686 2038 60 32 vid

241 2077 83 37 fång
334 2073 219 52 vårdsstaten
578 2091 45 20 m.
647 2091 45 21 m.
728 2082 64 31 har
823 2083 131 37 Kungl.
993 2085 101 36 Maj:t
1126 2086 65 31 den
1215 2088 41 30 18
1279 2088 77 36 juni
1380 2088 84 31 1927
1489 2089 166 32 fastställt
1677 2093 69 28 sär-

242 2129 112 31 skilda
376 2132 105 30 stater
505 2134 50 29 att
578 2133 178 37 tillämpas
778 2135 109 31 under
910 2137 235 32 innevarande
1168 2139 177 37 budgetår.
1384 2140 192 37 Samtidigt
1590 2142 62 31 har
1667 2143 79 36 god-

242 2182 100 30 känts
375 2184 48 30 ett
457 2194 45 20 av
537 2185 357 38 fångvårdsstyrelsen
918 2189 208 32 underställt
1148 2191 129 37 förslag
1302 2192 55 31 till
1379 2194 291 31 omkostnadsstat
1692 2195 53 31 för

240 2235 150 30 nämnda
425 2236 59 30 tid.
532 2236 338 35 Omkostnadsstaten
905 2241 110 31 slutar
1049 2244 21 29 å
1103 2244 48 29 ett
1184 2243 122 37 belopp
1338 2255 44 20 av
1412 2246 173 36 1,581,870
1608 2247 136 36 kronor,

241 2296 107 21 varav
383 2287 96 36 6,470
514 2289 125 31 kronor
673 2290 169 33 beräknas
875 2293 124 37 inflyta
1034 2296 110 29 såsom
1175 2295 122 38 bidrag
1328 2297 77 31 från
1428 2299 95 30 vissa
1546 2299 113 31 städer
1680 2300 64 31 och

240 2339 211 37 kommuner,
482 2341 139 36 165,000
645 2342 128 32 kronor
795 2345 110 31 såsom
929 2346 254 36 hyresinkomst
1206 2351 91 29 samt
1320 2350 138 36 220,000
1484 2351 126 31 kronor
1632 2353 111 30 såsom

240 2391 150 32 inkomst
412 2398 21 25 å
456 2393 158 32 arbetens
637 2395 211 32 bedrivande
870 2398 61 30 och
954 2399 193 31 återstoden
1169 2401 172 36 1,190,400
1356 2402 128 31 kronor
1500 2404 102 35 utgör
1616 2405 128 29 statens

239 2443 146 32 tillskott
409 2446 50 29 att
484 2447 82 34 utgå
589 2457 45 20 av
657 2448 156 36 anslaget
837 2449 54 30 till
914 2451 122 35 övriga
1060 2451 183 32 kostnader
1267 2453 54 30 för
1344 2454 79 36 fång
1436 2454 88 31 vård.
