<?xml version="1.0" encoding="UTF-8"?>
<alto xmlns="http://www.loc.gov/standards/alto/ns-v3#" xmlns:xlink="http://www.w3.org/1999/xlink" xmlns:xsi="http://www.w3.org/2001/XMLSchema-instance" xsi:schemaLocation="http://www.loc.gov/standards/alto/ns-v3# http://www.loc.gov/alto/v3/alto-3-0.xsd">
	<Description>
		<MeasurementUnit>pixel</MeasurementUnit>
		<sourceImageInformation>
			<fileName>/tmp/tess_u0as508e_input.PNG</fileName>
		</sourceImageInformation>
		<OCRProcessing ID="OCR_0">
			<ocrProcessingStep>
				<processingSoftware>
					<softwareName>tesseract 5.3.0</softwareName>
				</processingSoftware>
			</ocrProcessingStep>
		</OCRProcessing>
	</Description>
	<Layout>
		<Page WIDTH="2230" HEIGHT="2612" PHYSICAL_IMG_NR="0" ID="page_0">
			<PrintSpace HPOS="0" VPOS="0" WIDTH="2230" HEIGHT="2612">
				<ComposedBlock ID="cblock_0" HPOS="431" VPOS="197" WIDTH="1081" HEIGHT="33">
					<TextBlock ID="block_0" HPOS="431" VPOS="197" WIDTH="1081" HEIGHT="33">
						<TextLine ID="line_0" HPOS="431" VPOS="197" WIDTH="1081" HEIGHT="33">
							<String ID="string_0" HPOS="431" VPOS="198" WIDTH="41" HEIGHT="31" WC="0.96" CONTENT="20"/><SP WIDTH="471" VPOS="198" HPOS="472"/>
							<String ID="string_1" HPOS="943" VPOS="197" WIDTH="254" HEIGHT="33" WC="0.90" CONTENT="Statsutskottets"/><SP WIDTH="21" VPOS="197" HPOS="1197"/>
							<String ID="string_2" HPOS="1218" VPOS="198" WIDTH="170" HEIGHT="31" WC="0.96" CONTENT="utlåtande"/><SP WIDTH="22" VPOS="198" HPOS="1388"/>
							<String ID="string_3" HPOS="1410" VPOS="199" WIDTH="53" HEIGHT="30" WC="0.93" CONTENT="Nr"/><SP WIDTH="22" VPOS="199" HPOS="1463"/>
							<String ID="string_4" HPOS="1485" VPOS="201" WIDTH="27" HEIGHT="29" WC="0.93" CONTENT="6."/>
						</TextLine>
					</TextBlock>
				</ComposedBlock>
				<ComposedBlock ID="cblock_1" HPOS="420" VPOS="281" WIDTH="1604" HEIGHT="1334">
					<TextBlock ID="block_1" HPOS="425" VPOS="281" WIDTH="1599" HEIGHT="204">
						<TextLine ID="line_1" HPOS="425" VPOS="281" WIDTH="1599" HEIGHT="53">
							<String ID="string_5" HPOS="425" VPOS="281" WIDTH="218" HEIGHT="50" WC="0.95" CONTENT="jämställda"/><SP WIDTH="29" VPOS="281" HPOS="643"/>
							<String ID="string_6" HPOS="672" VPOS="282" WIDTH="85" HEIGHT="37" WC="0.96" CONTENT="med"/><SP WIDTH="27" VPOS="282" HPOS="757"/>
							<String ID="string_7" HPOS="784" VPOS="281" WIDTH="190" HEIGHT="38" WC="0.96" CONTENT="allmänna"/><SP WIDTH="28" VPOS="281" HPOS="974"/>
							<String ID="string_8" HPOS="1002" VPOS="286" WIDTH="130" HEIGHT="45" WC="0.96" CONTENT="vägar,"/><SP WIDTH="28" VPOS="286" HPOS="1132"/>
							<String ID="string_9" HPOS="1160" VPOS="295" WIDTH="111" HEIGHT="25" WC="0.95" CONTENT="anses"/><SP WIDTH="28" VPOS="295" HPOS="1271"/>
							<String ID="string_10" HPOS="1299" VPOS="296" WIDTH="51" HEIGHT="23" WC="0.96" CONTENT="nu"/><SP WIDTH="28" VPOS="296" HPOS="1350"/>
							<String ID="string_11" HPOS="1378" VPOS="282" WIDTH="294" HEIGHT="49" WC="0.93" CONTENT="ifrågavarande"/><SP WIDTH="28" VPOS="282" HPOS="1672"/>
							<String ID="string_12" HPOS="1700" VPOS="284" WIDTH="261" HEIGHT="50" WC="0.91" CONTENT="utfartsvägar"/><SP WIDTH="19" VPOS="284" HPOS="1961"/>
							<String ID="string_13" HPOS="1980" VPOS="300" WIDTH="44" HEIGHT="23" WC="0.96" CONTENT="ur"/>
						</TextLine>
						<TextLine ID="line_2" HPOS="431" VPOS="334" WIDTH="1592" HEIGHT="50">
							<String ID="string_14" HPOS="431" VPOS="334" WIDTH="418" HEIGHT="50" WC="0.91" CONTENT="samfärdselsynpunkt"/><SP WIDTH="32" VPOS="334" HPOS="849"/>
							<String ID="string_15" HPOS="881" VPOS="334" WIDTH="82" HEIGHT="37" WC="0.96" CONTENT="icke"/><SP WIDTH="28" VPOS="334" HPOS="963"/>
							<String ID="string_16" HPOS="991" VPOS="347" WIDTH="91" HEIGHT="24" WC="0.96" CONTENT="vara"/><SP WIDTH="29" VPOS="347" HPOS="1082"/>
							<String ID="string_17" HPOS="1111" VPOS="348" WIDTH="45" HEIGHT="23" WC="0.96" CONTENT="av"/><SP WIDTH="29" VPOS="348" HPOS="1156"/>
							<String ID="string_18" HPOS="1185" VPOS="334" WIDTH="117" HEIGHT="37" WC="0.96" CONTENT="sådan"/><SP WIDTH="28" VPOS="334" HPOS="1302"/>
							<String ID="string_19" HPOS="1330" VPOS="334" WIDTH="262" HEIGHT="38" WC="0.96" CONTENT="beskaffenhet"/><SP WIDTH="28" VPOS="334" HPOS="1592"/>
							<String ID="string_20" HPOS="1620" VPOS="341" WIDTH="54" HEIGHT="31" WC="0.96" CONTENT="att"/><SP WIDTH="28" VPOS="341" HPOS="1674"/>
							<String ID="string_21" HPOS="1702" VPOS="335" WIDTH="240" HEIGHT="38" WC="0.91" CONTENT="kommunala"/><SP WIDTH="27" VPOS="335" HPOS="1942"/>
							<String ID="string_22" HPOS="1969" VPOS="338" WIDTH="54" HEIGHT="37" WC="0.91" CONTENT="bi-"/>
						</TextLine>
						<TextLine ID="line_3" HPOS="431" VPOS="385" WIDTH="1591" HEIGHT="52">
							<String ID="string_23" HPOS="431" VPOS="385" WIDTH="94" HEIGHT="48" WC="0.96" CONTENT="drag"/><SP WIDTH="40" VPOS="385" HPOS="525"/>
							<String ID="string_24" HPOS="565" VPOS="386" WIDTH="56" HEIGHT="37" WC="0.96" CONTENT="till"/><SP WIDTH="40" VPOS="386" HPOS="621"/>
							<String ID="string_25" HPOS="661" VPOS="387" WIDTH="111" HEIGHT="36" WC="0.96" CONTENT="deras"/><SP WIDTH="41" VPOS="387" HPOS="772"/>
							<String ID="string_26" HPOS="813" VPOS="385" WIDTH="241" HEIGHT="50" WC="0.94" CONTENT="anläggande"/><SP WIDTH="43" VPOS="385" HPOS="1054"/>
							<String ID="string_27" HPOS="1097" VPOS="385" WIDTH="93" HEIGHT="38" WC="0.94" CONTENT="eller"/><SP WIDTH="36" VPOS="385" HPOS="1190"/>
							<String ID="string_28" HPOS="1226" VPOS="386" WIDTH="199" HEIGHT="38" WC="0.93" CONTENT="underhåll"/><SP WIDTH="30" VPOS="386" HPOS="1425"/>
							<String ID="string_29" HPOS="1455" VPOS="388" WIDTH="180" HEIGHT="49" WC="0.61" CONTENT="tvångsvis"/><SP WIDTH="26" VPOS="388" HPOS="1635"/>
							<String ID="string_30" HPOS="1661" VPOS="388" WIDTH="128" HEIGHT="37" WC="0.96" CONTENT="kunna"/><SP WIDTH="28" VPOS="388" HPOS="1789"/>
							<String ID="string_31" HPOS="1817" VPOS="402" WIDTH="48" HEIGHT="24" WC="0.93" CONTENT="av"/><SP WIDTH="26" VPOS="402" HPOS="1865"/>
							<String ID="string_32" HPOS="1891" VPOS="389" WIDTH="131" HEIGHT="38" WC="0.92" CONTENT="veder-"/>
						</TextLine>
						<TextLine ID="line_4" HPOS="429" VPOS="437" WIDTH="609" HEIGHT="48">
							<String ID="string_33" HPOS="429" VPOS="437" WIDTH="167" HEIGHT="38" WC="0.92" CONTENT="börande"/><SP WIDTH="28" VPOS="437" HPOS="596"/>
							<String ID="string_34" HPOS="624" VPOS="439" WIDTH="223" HEIGHT="36" WC="0.91" CONTENT="kommuner"/><SP WIDTH="27" VPOS="439" HPOS="847"/>
							<String ID="string_35" HPOS="874" VPOS="443" WIDTH="164" HEIGHT="42" WC="0.92" CONTENT="uttagas."/>
						</TextLine>
					</TextBlock>
					<TextBlock ID="block_2" HPOS="427" VPOS="489" WIDTH="1596" HEIGHT="349">
						<TextLine ID="line_5" HPOS="533" VPOS="489" WIDTH="1489" HEIGHT="52">
							<String ID="string_36" HPOS="533" VPOS="490" WIDTH="133" HEIGHT="49" WC="0.96" CONTENT="Enligt"/><SP WIDTH="27" VPOS="490" HPOS="666"/>
							<String ID="string_37" HPOS="693" VPOS="489" WIDTH="230" HEIGHT="49" WC="0.96" CONTENT="kungörelse"/><SP WIDTH="27" VPOS="489" HPOS="923"/>
							<String ID="string_38" HPOS="950" VPOS="490" WIDTH="13" HEIGHT="37" WC="0.96" CONTENT="i"/><SP WIDTH="28" VPOS="490" HPOS="963"/>
							<String ID="string_39" HPOS="991" VPOS="494" WIDTH="128" HEIGHT="33" WC="0.96" CONTENT="ämnet"/><SP WIDTH="27" VPOS="494" HPOS="1119"/>
							<String ID="string_40" HPOS="1146" VPOS="489" WIDTH="74" HEIGHT="37" WC="0.96" CONTENT="den"/><SP WIDTH="29" VPOS="489" HPOS="1220"/>
							<String ID="string_41" HPOS="1249" VPOS="492" WIDTH="45" HEIGHT="34" WC="0.96" CONTENT="11"/><SP WIDTH="32" VPOS="492" HPOS="1294"/>
							<String ID="string_42" HPOS="1326" VPOS="490" WIDTH="160" HEIGHT="38" WC="0.96" CONTENT="oktober"/><SP WIDTH="30" VPOS="490" HPOS="1486"/>
							<String ID="string_43" HPOS="1516" VPOS="492" WIDTH="97" HEIGHT="36" WC="0.96" CONTENT="1918"/><SP WIDTH="20" VPOS="492" HPOS="1613"/>
							<String ID="string_44" HPOS="1633" VPOS="505" WIDTH="44" HEIGHT="23" WC="0.96" CONTENT="nr"/><SP WIDTH="20" VPOS="505" HPOS="1677"/>
							<String ID="string_45" HPOS="1697" VPOS="493" WIDTH="73" HEIGHT="35" WC="0.96" CONTENT="886"/><SP WIDTH="22" VPOS="493" HPOS="1770"/>
							<String ID="string_46" HPOS="1792" VPOS="492" WIDTH="147" HEIGHT="49" WC="0.96" CONTENT="åligger"/><SP WIDTH="19" VPOS="492" HPOS="1939"/>
							<String ID="string_47" HPOS="1958" VPOS="493" WIDTH="64" HEIGHT="37" WC="0.96" CONTENT="det"/>
						</TextLine>
						<TextLine ID="line_6" HPOS="429" VPOS="540" WIDTH="1593" HEIGHT="54">
							<String ID="string_48" HPOS="429" VPOS="541" WIDTH="285" HEIGHT="38" WC="0.95" CONTENT="vederbörande"/><SP WIDTH="40" VPOS="541" HPOS="714"/>
							<String ID="string_49" HPOS="754" VPOS="540" WIDTH="248" HEIGHT="51" WC="0.93" CONTENT="länsstyrelse"/><SP WIDTH="38" VPOS="540" HPOS="1002"/>
							<String ID="string_50" HPOS="1040" VPOS="546" WIDTH="56" HEIGHT="32" WC="0.96" CONTENT="att"/><SP WIDTH="26" VPOS="546" HPOS="1096"/>
							<String ID="string_51" HPOS="1122" VPOS="541" WIDTH="218" HEIGHT="50" WC="0.96" CONTENT="handlägga"/><SP WIDTH="28" VPOS="541" HPOS="1340"/>
							<String ID="string_52" HPOS="1368" VPOS="542" WIDTH="130" HEIGHT="50" WC="0.96" CONTENT="frågor"/><SP WIDTH="27" VPOS="542" HPOS="1498"/>
							<String ID="string_53" HPOS="1525" VPOS="556" WIDTH="60" HEIGHT="23" WC="0.96" CONTENT="om"/><SP WIDTH="28" VPOS="556" HPOS="1585"/>
							<String ID="string_54" HPOS="1613" VPOS="542" WIDTH="135" HEIGHT="50" WC="0.96" CONTENT="bidrag"/><SP WIDTH="27" VPOS="542" HPOS="1748"/>
							<String ID="string_55" HPOS="1775" VPOS="544" WIDTH="60" HEIGHT="37" WC="0.93" CONTENT="för"/><SP WIDTH="30" VPOS="544" HPOS="1835"/>
							<String ID="string_56" HPOS="1865" VPOS="545" WIDTH="157" HEIGHT="49" WC="0.91" CONTENT="anlägg-"/>
						</TextLine>
						<TextLine ID="line_7" HPOS="428" VPOS="593" WIDTH="1595" HEIGHT="54">
							<String ID="string_57" HPOS="428" VPOS="593" WIDTH="96" HEIGHT="49" WC="0.96" CONTENT="ning"/><SP WIDTH="39" VPOS="593" HPOS="524"/>
							<String ID="string_58" HPOS="563" VPOS="606" WIDTH="45" HEIGHT="23" WC="0.93" CONTENT="av"/><SP WIDTH="41" VPOS="606" HPOS="608"/>
							<String ID="string_59" HPOS="649" VPOS="593" WIDTH="270" HEIGHT="49" WC="0.91" CONTENT="utfartsvägar."/><SP WIDTH="54" VPOS="593" HPOS="919"/>
							<String ID="string_60" HPOS="973" VPOS="593" WIDTH="291" HEIGHT="49" WC="0.92" CONTENT="Förutsättning"/><SP WIDTH="27" VPOS="593" HPOS="1264"/>
							<String ID="string_61" HPOS="1291" VPOS="594" WIDTH="61" HEIGHT="37" WC="0.96" CONTENT="för"/><SP WIDTH="29" VPOS="594" HPOS="1352"/>
							<String ID="string_62" HPOS="1381" VPOS="599" WIDTH="56" HEIGHT="33" WC="0.96" CONTENT="att"/><SP WIDTH="28" VPOS="599" HPOS="1437"/>
							<String ID="string_63" HPOS="1465" VPOS="600" WIDTH="93" HEIGHT="32" WC="0.96" CONTENT="över"/><SP WIDTH="28" VPOS="600" HPOS="1558"/>
							<String ID="string_64" HPOS="1586" VPOS="595" WIDTH="126" HEIGHT="37" WC="0.96" CONTENT="huvud"/><SP WIDTH="28" VPOS="595" HPOS="1712"/>
							<String ID="string_65" HPOS="1740" VPOS="598" WIDTH="119" HEIGHT="47" WC="0.96" CONTENT="några"/><SP WIDTH="27" VPOS="598" HPOS="1859"/>
							<String ID="string_66" HPOS="1886" VPOS="596" WIDTH="137" HEIGHT="51" WC="0.96" CONTENT="bidrag"/>
						</TextLine>
						<TextLine ID="line_8" HPOS="429" VPOS="644" WIDTH="1593" HEIGHT="54">
							<String ID="string_67" HPOS="429" VPOS="644" WIDTH="39" HEIGHT="38" WC="0.96" CONTENT="få"/><SP WIDTH="29" VPOS="644" HPOS="468"/>
							<String ID="string_68" HPOS="497" VPOS="645" WIDTH="158" HEIGHT="48" WC="0.96" CONTENT="beviljas"/><SP WIDTH="29" VPOS="645" HPOS="655"/>
							<String ID="string_69" HPOS="684" VPOS="645" WIDTH="83" HEIGHT="36" WC="0.96" CONTENT="från"/><SP WIDTH="28" VPOS="645" HPOS="767"/>
							<String ID="string_70" HPOS="795" VPOS="645" WIDTH="293" HEIGHT="49" WC="0.96" CONTENT="ifrågavarande"/><SP WIDTH="29" VPOS="645" HPOS="1088"/>
							<String ID="string_71" HPOS="1117" VPOS="646" WIDTH="143" HEIGHT="49" WC="0.96" CONTENT="anslag,"/><SP WIDTH="30" VPOS="646" HPOS="1260"/>
							<String ID="string_72" HPOS="1290" VPOS="659" WIDTH="84" HEIGHT="24" WC="0.96" CONTENT="som"/><SP WIDTH="30" VPOS="659" HPOS="1374"/>
							<String ID="string_73" HPOS="1404" VPOS="660" WIDTH="46" HEIGHT="23" WC="0.96" CONTENT="av"/><SP WIDTH="27" VPOS="660" HPOS="1450"/>
							<String ID="string_74" HPOS="1477" VPOS="647" WIDTH="141" HEIGHT="48" WC="0.94" CONTENT="Kungl."/><SP WIDTH="20" VPOS="647" HPOS="1618"/>
							<String ID="string_75" HPOS="1638" VPOS="647" WIDTH="108" HEIGHT="49" WC="0.96" CONTENT="Maj:t"/><SP WIDTH="28" VPOS="647" HPOS="1746"/>
							<String ID="string_76" HPOS="1774" VPOS="647" WIDTH="168" HEIGHT="39" WC="0.96" CONTENT="fördelas"/><SP WIDTH="33" VPOS="647" HPOS="1942"/>
							<String ID="string_77" HPOS="1975" VPOS="652" WIDTH="47" HEIGHT="46" WC="0.97" CONTENT="på"/>
						</TextLine>
						<TextLine ID="line_9" HPOS="428" VPOS="696" WIDTH="1594" HEIGHT="52">
							<String ID="string_78" HPOS="428" VPOS="697" WIDTH="47" HEIGHT="38" WC="0.96" CONTENT="de"/><SP WIDTH="28" VPOS="697" HPOS="475"/>
							<String ID="string_79" HPOS="503" VPOS="696" WIDTH="100" HEIGHT="37" WC="0.93" CONTENT="olika"/><SP WIDTH="27" VPOS="696" HPOS="603"/>
							<String ID="string_80" HPOS="630" VPOS="697" WIDTH="350" HEIGHT="49" WC="0.92" CONTENT="ifrågakommande"/><SP WIDTH="27" VPOS="697" HPOS="980"/>
							<String ID="string_81" HPOS="1007" VPOS="697" WIDTH="333" HEIGHT="50" WC="0.96" CONTENT="länsstyrelserna,"/><SP WIDTH="29" VPOS="697" HPOS="1340"/>
							<String ID="string_82" HPOS="1369" VPOS="703" WIDTH="42" HEIGHT="32" WC="0.96" CONTENT="är"/><SP WIDTH="27" VPOS="703" HPOS="1411"/>
							<String ID="string_83" HPOS="1438" VPOS="704" WIDTH="56" HEIGHT="32" WC="0.96" CONTENT="att"/><SP WIDTH="27" VPOS="704" HPOS="1494"/>
							<String ID="string_84" HPOS="1521" VPOS="699" WIDTH="286" HEIGHT="38" WC="0.96" CONTENT="vederbörande"/><SP WIDTH="19" VPOS="699" HPOS="1807"/>
							<String ID="string_85" HPOS="1826" VPOS="700" WIDTH="196" HEIGHT="48" WC="0.96" CONTENT="landsting"/>
						</TextLine>
						<TextLine ID="line_10" HPOS="427" VPOS="748" WIDTH="1594" HEIGHT="53">
							<String ID="string_86" HPOS="427" VPOS="748" WIDTH="148" HEIGHT="37" WC="0.96" CONTENT="anvisat"/><SP WIDTH="41" VPOS="748" HPOS="575"/>
							<String ID="string_87" HPOS="616" VPOS="748" WIDTH="134" HEIGHT="47" WC="0.96" CONTENT="medel,"/><SP WIDTH="42" VPOS="748" HPOS="750"/>
							<String ID="string_88" HPOS="792" VPOS="749" WIDTH="230" HEIGHT="50" WC="0.96" CONTENT="uppgående"/><SP WIDTH="27" VPOS="749" HPOS="1022"/>
							<String ID="string_89" HPOS="1049" VPOS="750" WIDTH="58" HEIGHT="36" WC="0.96" CONTENT="till"/><SP WIDTH="28" VPOS="750" HPOS="1107"/>
							<String ID="string_90" HPOS="1135" VPOS="750" WIDTH="112" HEIGHT="36" WC="0.96" CONTENT="minst"/><SP WIDTH="31" VPOS="750" HPOS="1247"/>
							<String ID="string_91" HPOS="1278" VPOS="752" WIDTH="45" HEIGHT="35" WC="0.89" CONTENT="15"/><SP WIDTH="23" VPOS="752" HPOS="1323"/>
							<String ID="string_92" HPOS="1346" VPOS="750" WIDTH="29" HEIGHT="37" WC="0.84" CONTENT="Z"/><SP WIDTH="31" VPOS="750" HPOS="1375"/>
							<String ID="string_93" HPOS="1406" VPOS="764" WIDTH="47" HEIGHT="24" WC="0.96" CONTENT="av"/><SP WIDTH="29" VPOS="764" HPOS="1453"/>
							<String ID="string_94" HPOS="1482" VPOS="750" WIDTH="64" HEIGHT="38" WC="0.96" CONTENT="det"/><SP WIDTH="27" VPOS="750" HPOS="1546"/>
							<String ID="string_95" HPOS="1573" VPOS="751" WIDTH="150" HEIGHT="50" WC="0.96" CONTENT="belopp,"/><SP WIDTH="30" VPOS="751" HPOS="1723"/>
							<String ID="string_96" HPOS="1753" VPOS="765" WIDTH="81" HEIGHT="24" WC="0.96" CONTENT="som"/><SP WIDTH="30" VPOS="765" HPOS="1834"/>
							<String ID="string_97" HPOS="1864" VPOS="752" WIDTH="157" HEIGHT="38" WC="0.96" CONTENT="sålunda"/>
						</TextLine>
						<TextLine ID="line_11" HPOS="428" VPOS="800" WIDTH="759" HEIGHT="38">
							<String ID="string_98" HPOS="428" VPOS="800" WIDTH="108" HEIGHT="37" WC="0.94" CONTENT="blivit"/><SP WIDTH="27" VPOS="800" HPOS="536"/>
							<String ID="string_99" HPOS="563" VPOS="800" WIDTH="102" HEIGHT="36" WC="0.96" CONTENT="länet"/><SP WIDTH="28" VPOS="800" HPOS="665"/>
							<String ID="string_100" HPOS="693" VPOS="801" WIDTH="160" HEIGHT="37" WC="0.95" CONTENT="tilldelat"/><SP WIDTH="28" VPOS="801" HPOS="853"/>
							<String ID="string_101" HPOS="881" VPOS="814" WIDTH="43" HEIGHT="23" WC="0.92" CONTENT="av"/><SP WIDTH="31" VPOS="814" HPOS="924"/>
							<String ID="string_102" HPOS="955" VPOS="801" WIDTH="232" HEIGHT="37" WC="0.89" CONTENT="statsmedel."/>
						</TextLine>
					</TextBlock>
					<TextBlock ID="block_3" HPOS="427" VPOS="851" WIDTH="1592" HEIGHT="103">
						<TextLine ID="line_12" HPOS="530" VPOS="851" WIDTH="1489" HEIGHT="52">
							<String ID="string_103" HPOS="530" VPOS="851" WIDTH="240" HEIGHT="50" WC="0.92" CONTENT="Statsbidrag"/><SP WIDTH="28" VPOS="851" HPOS="770"/>
							<String ID="string_104" HPOS="798" VPOS="853" WIDTH="70" HEIGHT="37" WC="0.96" CONTENT="bör"/><SP WIDTH="27" VPOS="853" HPOS="868"/>
							<String ID="string_105" HPOS="895" VPOS="853" WIDTH="11" HEIGHT="36" WC="0.96" CONTENT="i"/><SP WIDTH="28" VPOS="853" HPOS="906"/>
							<String ID="string_106" HPOS="934" VPOS="854" WIDTH="106" HEIGHT="48" WC="0.96" CONTENT="regel"/><SP WIDTH="28" VPOS="854" HPOS="1040"/>
							<String ID="string_107" HPOS="1068" VPOS="856" WIDTH="92" HEIGHT="46" WC="0.96" CONTENT="utgå"/><SP WIDTH="26" VPOS="856" HPOS="1160"/>
							<String ID="string_108" HPOS="1186" VPOS="854" WIDTH="86" HEIGHT="37" WC="0.96" CONTENT="med"/><SP WIDTH="28" VPOS="854" HPOS="1272"/>
							<String ID="string_109" HPOS="1300" VPOS="854" WIDTH="119" HEIGHT="49" WC="0.93" CONTENT="högst"/><SP WIDTH="30" VPOS="854" HPOS="1419"/>
							<String ID="string_110" HPOS="1449" VPOS="854" WIDTH="147" HEIGHT="40" WC="0.0" CONTENT="&#39;/1+—&#39;/s"/><SP WIDTH="30" VPOS="854" HPOS="1596"/>
							<String ID="string_111" HPOS="1626" VPOS="868" WIDTH="47" HEIGHT="24" WC="0.96" CONTENT="av"/><SP WIDTH="28" VPOS="868" HPOS="1673"/>
							<String ID="string_112" HPOS="1701" VPOS="855" WIDTH="74" HEIGHT="37" WC="0.96" CONTENT="den"/><SP WIDTH="28" VPOS="855" HPOS="1775"/>
							<String ID="string_113" HPOS="1803" VPOS="856" WIDTH="216" HEIGHT="38" WC="0.96" CONTENT="beräknade"/>
						</TextLine>
						<TextLine ID="line_13" HPOS="427" VPOS="903" WIDTH="627" HEIGHT="51">
							<String ID="string_114" HPOS="427" VPOS="903" WIDTH="213" HEIGHT="38" WC="0.96" CONTENT="kostnaden"/><SP WIDTH="28" VPOS="903" HPOS="640"/>
							<String ID="string_115" HPOS="668" VPOS="904" WIDTH="58" HEIGHT="40" WC="0.96" CONTENT="för"/><SP WIDTH="27" VPOS="904" HPOS="726"/>
							<String ID="string_116" HPOS="753" VPOS="904" WIDTH="301" HEIGHT="50" WC="0.96" CONTENT="anläggningen."/>
						</TextLine>
					</TextBlock>
					<TextBlock ID="block_4" HPOS="423" VPOS="955" WIDTH="1596" HEIGHT="155">
						<TextLine ID="line_14" HPOS="529" VPOS="955" WIDTH="1489" HEIGHT="55">
							<String ID="string_117" HPOS="529" VPOS="955" WIDTH="192" HEIGHT="38" WC="0.96" CONTENT="Kontrakt"/><SP WIDTH="39" VPOS="955" HPOS="721"/>
							<String ID="string_118" HPOS="760" VPOS="957" WIDTH="112" HEIGHT="48" WC="0.96" CONTENT="ingås"/><SP WIDTH="43" VPOS="957" HPOS="872"/>
							<String ID="string_119" HPOS="915" VPOS="957" WIDTH="136" HEIGHT="37" WC="0.95" CONTENT="mellan"/><SP WIDTH="42" VPOS="957" HPOS="1051"/>
							<String ID="string_120" HPOS="1093" VPOS="956" WIDTH="272" HEIGHT="49" WC="0.96" CONTENT="länsstyrelsen"/><SP WIDTH="30" VPOS="956" HPOS="1365"/>
							<String ID="string_121" HPOS="1395" VPOS="958" WIDTH="71" HEIGHT="37" WC="0.96" CONTENT="och"/><SP WIDTH="27" VPOS="958" HPOS="1466"/>
							<String ID="string_122" HPOS="1493" VPOS="957" WIDTH="300" HEIGHT="39" WC="0.95" CONTENT="intressenterna"/><SP WIDTH="27" VPOS="957" HPOS="1793"/>
							<String ID="string_123" HPOS="1820" VPOS="959" WIDTH="13" HEIGHT="37" WC="0.92" CONTENT="i"/><SP WIDTH="27" VPOS="959" HPOS="1833"/>
							<String ID="string_124" HPOS="1860" VPOS="960" WIDTH="158" HEIGHT="50" WC="0.91" CONTENT="anlägg-"/>
						</TextLine>
						<TextLine ID="line_15" HPOS="424" VPOS="1006" WIDTH="1595" HEIGHT="54">
							<String ID="string_125" HPOS="424" VPOS="1006" WIDTH="156" HEIGHT="50" WC="0.95" CONTENT="ningen."/><SP WIDTH="57" VPOS="1006" HPOS="580"/>
							<String ID="string_126" HPOS="637" VPOS="1007" WIDTH="112" HEIGHT="39" WC="0.96" CONTENT="Detta"/><SP WIDTH="28" VPOS="1007" HPOS="749"/>
							<String ID="string_127" HPOS="777" VPOS="1008" WIDTH="183" HEIGHT="38" WC="0.96" CONTENT="kontrakt"/><SP WIDTH="28" VPOS="1008" HPOS="960"/>
							<String ID="string_128" HPOS="988" VPOS="1008" WIDTH="96" HEIGHT="37" WC="0.96" CONTENT="skall"/><SP WIDTH="29" VPOS="1008" HPOS="1084"/>
							<String ID="string_129" HPOS="1113" VPOS="1008" WIDTH="113" HEIGHT="38" WC="0.96" CONTENT="bland"/><SP WIDTH="31" VPOS="1008" HPOS="1226"/>
							<String ID="string_130" HPOS="1257" VPOS="1015" WIDTH="118" HEIGHT="31" WC="0.96" CONTENT="annat"/><SP WIDTH="35" VPOS="1015" HPOS="1375"/>
							<String ID="string_131" HPOS="1410" VPOS="1010" WIDTH="185" HEIGHT="37" WC="0.96" CONTENT="innefatta"/><SP WIDTH="32" VPOS="1010" HPOS="1595"/>
							<String ID="string_132" HPOS="1627" VPOS="1011" WIDTH="221" HEIGHT="49" WC="0.96" CONTENT="skyldighet"/><SP WIDTH="32" VPOS="1011" HPOS="1848"/>
							<String ID="string_133" HPOS="1880" VPOS="1013" WIDTH="57" HEIGHT="36" WC="0.93" CONTENT="för"/><SP WIDTH="27" VPOS="1013" HPOS="1937"/>
							<String ID="string_134" HPOS="1964" VPOS="1013" WIDTH="55" HEIGHT="36" WC="0.93" CONTENT="in-"/>
						</TextLine>
						<TextLine ID="line_16" HPOS="423" VPOS="1060" WIDTH="977" HEIGHT="50">
							<String ID="string_135" HPOS="423" VPOS="1064" WIDTH="259" HEIGHT="33" WC="0.91" CONTENT="tressenterna"/><SP WIDTH="27" VPOS="1064" HPOS="682"/>
							<String ID="string_136" HPOS="709" VPOS="1066" WIDTH="55" HEIGHT="31" WC="0.93" CONTENT="att"/><SP WIDTH="19" VPOS="1066" HPOS="764"/>
							<String ID="string_137" HPOS="783" VPOS="1060" WIDTH="203" HEIGHT="38" WC="0.90" CONTENT="framdeles"/><SP WIDTH="27" VPOS="1060" HPOS="986"/>
							<String ID="string_138" HPOS="1013" VPOS="1060" WIDTH="221" HEIGHT="38" WC="0.94" CONTENT="underhålla"/><SP WIDTH="29" VPOS="1060" HPOS="1234"/>
							<String ID="string_139" HPOS="1263" VPOS="1067" WIDTH="137" HEIGHT="43" WC="0.96" CONTENT="vägen."/>
						</TextLine>
					</TextBlock>
					<TextBlock ID="block_5" HPOS="423" VPOS="1111" WIDTH="1595" HEIGHT="206">
						<TextLine ID="line_17" HPOS="527" VPOS="1111" WIDTH="1491" HEIGHT="52">
							<String ID="string_140" HPOS="527" VPOS="1111" WIDTH="216" HEIGHT="49" WC="0.96" CONTENT="Riksdagen"/><SP WIDTH="29" VPOS="1111" HPOS="743"/>
							<String ID="string_141" HPOS="772" VPOS="1113" WIDTH="69" HEIGHT="36" WC="0.96" CONTENT="har"/><SP WIDTH="27" VPOS="1113" HPOS="841"/>
							<String ID="string_142" HPOS="868" VPOS="1113" WIDTH="59" HEIGHT="36" WC="0.96" CONTENT="för"/><SP WIDTH="19" VPOS="1113" HPOS="927"/>
							<String ID="string_143" HPOS="946" VPOS="1113" WIDTH="240" HEIGHT="48" WC="0.96" CONTENT="anläggning"/><SP WIDTH="19" VPOS="1113" HPOS="1186"/>
							<String ID="string_144" HPOS="1205" VPOS="1126" WIDTH="47" HEIGHT="23" WC="0.93" CONTENT="av"/><SP WIDTH="20" VPOS="1126" HPOS="1252"/>
							<String ID="string_145" HPOS="1272" VPOS="1115" WIDTH="258" HEIGHT="48" WC="0.93" CONTENT="utfartsvägar"/><SP WIDTH="19" VPOS="1115" HPOS="1530"/>
							<String ID="string_146" HPOS="1549" VPOS="1114" WIDTH="12" HEIGHT="36" WC="0.96" CONTENT="i"/><SP WIDTH="18" VPOS="1114" HPOS="1561"/>
							<String ID="string_147" HPOS="1579" VPOS="1114" WIDTH="266" HEIGHT="49" WC="0.93" CONTENT="Norrbottens,"/><SP WIDTH="20" VPOS="1114" HPOS="1845"/>
							<String ID="string_148" HPOS="1865" VPOS="1115" WIDTH="153" HEIGHT="38" WC="0.91" CONTENT="Väster-"/>
						</TextLine>
						<TextLine ID="line_18" HPOS="423" VPOS="1162" WIDTH="1594" HEIGHT="49">
							<String ID="string_149" HPOS="423" VPOS="1162" WIDTH="165" HEIGHT="49" WC="0.92" CONTENT="bottens,"/><SP WIDTH="28" VPOS="1162" HPOS="588"/>
							<String ID="string_150" HPOS="616" VPOS="1163" WIDTH="215" HEIGHT="39" WC="0.96" CONTENT="Jämtlands"/><SP WIDTH="29" VPOS="1163" HPOS="831"/>
							<String ID="string_151" HPOS="860" VPOS="1165" WIDTH="71" HEIGHT="36" WC="0.96" CONTENT="och"/><SP WIDTH="28" VPOS="1165" HPOS="931"/>
							<String ID="string_152" HPOS="959" VPOS="1164" WIDTH="336" HEIGHT="38" WC="0.95" CONTENT="Västernorrlands"/><SP WIDTH="28" VPOS="1164" HPOS="1295"/>
							<String ID="string_153" HPOS="1323" VPOS="1166" WIDTH="64" HEIGHT="36" WC="0.96" CONTENT="län"/><SP WIDTH="29" VPOS="1166" HPOS="1387"/>
							<String ID="string_154" HPOS="1416" VPOS="1166" WIDTH="147" HEIGHT="37" WC="0.96" CONTENT="anvisat"/><SP WIDTH="29" VPOS="1166" HPOS="1563"/>
							<String ID="string_155" HPOS="1592" VPOS="1166" WIDTH="58" HEIGHT="37" WC="0.96" CONTENT="för"/><SP WIDTH="28" VPOS="1166" HPOS="1650"/>
							<String ID="string_156" HPOS="1678" VPOS="1172" WIDTH="83" HEIGHT="31" WC="0.96" CONTENT="vart"/><SP WIDTH="29" VPOS="1172" HPOS="1761"/>
							<String ID="string_157" HPOS="1790" VPOS="1168" WIDTH="71" HEIGHT="36" WC="0.96" CONTENT="och"/><SP WIDTH="29" VPOS="1168" HPOS="1861"/>
							<String ID="string_158" HPOS="1890" VPOS="1173" WIDTH="54" HEIGHT="31" WC="0.96" CONTENT="ett"/><SP WIDTH="27" VPOS="1173" HPOS="1944"/>
							<String ID="string_159" HPOS="1971" VPOS="1182" WIDTH="46" HEIGHT="23" WC="0.95" CONTENT="av"/>
						</TextLine>
						<TextLine ID="line_19" HPOS="424" VPOS="1216" WIDTH="1593" HEIGHT="48">
							<String ID="string_160" HPOS="424" VPOS="1217" WIDTH="89" HEIGHT="34" WC="0.93" CONTENT="åren"/><SP WIDTH="31" VPOS="1217" HPOS="513"/>
							<String ID="string_161" HPOS="544" VPOS="1217" WIDTH="251" HEIGHT="36" WC="0.90" CONTENT="1919—1922"/><SP WIDTH="33" VPOS="1217" HPOS="795"/>
							<String ID="string_162" HPOS="828" VPOS="1218" WIDTH="162" HEIGHT="46" WC="0.90" CONTENT="100,000"/><SP WIDTH="29" VPOS="1218" HPOS="990"/>
							<String ID="string_163" HPOS="1019" VPOS="1216" WIDTH="141" HEIGHT="37" WC="0.96" CONTENT="kronor"/><SP WIDTH="27" VPOS="1216" HPOS="1160"/>
							<String ID="string_164" HPOS="1187" VPOS="1217" WIDTH="71" HEIGHT="37" WC="0.96" CONTENT="och"/><SP WIDTH="27" VPOS="1217" HPOS="1258"/>
							<String ID="string_165" HPOS="1285" VPOS="1218" WIDTH="61" HEIGHT="37" WC="0.96" CONTENT="för"/><SP WIDTH="27" VPOS="1218" HPOS="1346"/>
							<String ID="string_166" HPOS="1373" VPOS="1219" WIDTH="122" HEIGHT="36" WC="0.96" CONTENT="första"/><SP WIDTH="27" VPOS="1219" HPOS="1495"/>
							<String ID="string_167" HPOS="1522" VPOS="1218" WIDTH="171" HEIGHT="37" WC="0.96" CONTENT="halvåret"/><SP WIDTH="30" VPOS="1218" HPOS="1693"/>
							<String ID="string_168" HPOS="1723" VPOS="1221" WIDTH="99" HEIGHT="35" WC="0.93" CONTENT="1923"/><SP WIDTH="30" VPOS="1221" HPOS="1822"/>
							<String ID="string_169" HPOS="1852" VPOS="1226" WIDTH="165" HEIGHT="32" WC="0.92" CONTENT="motsva-"/>
						</TextLine>
						<TextLine ID="line_20" HPOS="424" VPOS="1266" WIDTH="750" HEIGHT="51">
							<String ID="string_170" HPOS="424" VPOS="1266" WIDTH="118" HEIGHT="37" WC="0.96" CONTENT="rande"/><SP WIDTH="27" VPOS="1266" HPOS="542"/>
							<String ID="string_171" HPOS="569" VPOS="1267" WIDTH="139" HEIGHT="50" WC="0.96" CONTENT="belopp"/><SP WIDTH="29" VPOS="1267" HPOS="708"/>
							<String ID="string_172" HPOS="737" VPOS="1267" WIDTH="93" HEIGHT="38" WC="0.93" CONTENT="eller"/><SP WIDTH="29" VPOS="1267" HPOS="830"/>
							<String ID="string_173" HPOS="859" VPOS="1270" WIDTH="137" HEIGHT="45" WC="0.91" CONTENT="50,000"/><SP WIDTH="29" VPOS="1270" HPOS="996"/>
							<String ID="string_174" HPOS="1025" VPOS="1268" WIDTH="149" HEIGHT="37" WC="0.96" CONTENT="kronor."/>
						</TextLine>
					</TextBlock>
					<TextBlock ID="block_6" HPOS="420" VPOS="1319" WIDTH="1596" HEIGHT="296">
						<TextLine ID="line_21" HPOS="525" VPOS="1319" WIDTH="1491" HEIGHT="55">
							<String ID="string_175" HPOS="525" VPOS="1319" WIDTH="332" HEIGHT="50" WC="0.92" CONTENT="Anslagsbehovet"/><SP WIDTH="28" VPOS="1319" HPOS="857"/>
							<String ID="string_176" HPOS="885" VPOS="1321" WIDTH="59" HEIGHT="36" WC="0.96" CONTENT="för"/><SP WIDTH="28" VPOS="1321" HPOS="944"/>
							<String ID="string_177" HPOS="972" VPOS="1320" WIDTH="227" HEIGHT="49" WC="0.93" CONTENT="budgetåret"/><SP WIDTH="31" VPOS="1320" HPOS="1199"/>
							<String ID="string_178" HPOS="1230" VPOS="1322" WIDTH="255" HEIGHT="36" WC="0.91" CONTENT="1923—1924"/><SP WIDTH="27" VPOS="1322" HPOS="1485"/>
							<String ID="string_179" HPOS="1512" VPOS="1325" WIDTH="159" HEIGHT="46" WC="0.96" CONTENT="uppgår,"/><SP WIDTH="22" VPOS="1325" HPOS="1671"/>
							<String ID="string_180" HPOS="1693" VPOS="1323" WIDTH="121" HEIGHT="49" WC="0.96" CONTENT="enligt"/><SP WIDTH="19" VPOS="1323" HPOS="1814"/>
							<String ID="string_181" HPOS="1833" VPOS="1324" WIDTH="74" HEIGHT="37" WC="0.93" CONTENT="vad"/><SP WIDTH="18" VPOS="1324" HPOS="1907"/>
							<String ID="string_182" HPOS="1925" VPOS="1329" WIDTH="91" HEIGHT="45" WC="0.92" CONTENT="väg-"/>
						</TextLine>
						<TextLine ID="line_22" HPOS="422" VPOS="1369" WIDTH="1593" HEIGHT="55">
							<String ID="string_183" HPOS="422" VPOS="1369" WIDTH="69" HEIGHT="37" WC="0.88" CONTENT="och"/><SP WIDTH="42" VPOS="1369" HPOS="491"/>
							<String ID="string_184" HPOS="533" VPOS="1372" WIDTH="529" HEIGHT="50" WC="0.88" CONTENT="vattenbyggnadsstyrelsen"/><SP WIDTH="41" VPOS="1372" HPOS="1062"/>
							<String ID="string_185" HPOS="1103" VPOS="1372" WIDTH="202" HEIGHT="49" WC="0.96" CONTENT="meddelar,"/><SP WIDTH="30" VPOS="1372" HPOS="1305"/>
							<String ID="string_186" HPOS="1335" VPOS="1373" WIDTH="59" HEIGHT="36" WC="0.96" CONTENT="till"/><SP WIDTH="41" VPOS="1373" HPOS="1394"/>
							<String ID="string_187" HPOS="1435" VPOS="1387" WIDTH="141" HEIGHT="23" WC="0.94" CONTENT="samma"/><SP WIDTH="42" VPOS="1387" HPOS="1576"/>
							<String ID="string_188" HPOS="1618" VPOS="1374" WIDTH="136" HEIGHT="50" WC="0.95" CONTENT="belopp"/><SP WIDTH="42" VPOS="1374" HPOS="1754"/>
							<String ID="string_189" HPOS="1796" VPOS="1389" WIDTH="81" HEIGHT="23" WC="0.89" CONTENT="som"/><SP WIDTH="42" VPOS="1389" HPOS="1877"/>
							<String ID="string_190" HPOS="1919" VPOS="1376" WIDTH="96" HEIGHT="38" WC="0.69" CONTENT="före-"/>
						</TextLine>
						<TextLine ID="line_23" HPOS="420" VPOS="1422" WIDTH="1595" HEIGHT="51">
							<String ID="string_191" HPOS="420" VPOS="1422" WIDTH="149" HEIGHT="47" WC="0.96" CONTENT="gående"/><SP WIDTH="29" VPOS="1422" HPOS="569"/>
							<String ID="string_192" HPOS="598" VPOS="1426" WIDTH="49" HEIGHT="33" WC="0.96" CONTENT="år."/><SP WIDTH="57" VPOS="1426" HPOS="647"/>
							<String ID="string_193" HPOS="704" VPOS="1423" WIDTH="196" HEIGHT="50" WC="0.71" CONTENT="Styrelsen"/><SP WIDTH="28" VPOS="1423" HPOS="900"/>
							<String ID="string_194" HPOS="928" VPOS="1423" WIDTH="218" HEIGHT="39" WC="0.93" CONTENT="hemställer"/><SP WIDTH="27" VPOS="1423" HPOS="1146"/>
							<String ID="string_195" HPOS="1173" VPOS="1424" WIDTH="237" HEIGHT="38" WC="0.91" CONTENT="fördenskull"/><SP WIDTH="29" VPOS="1424" HPOS="1410"/>
							<String ID="string_196" HPOS="1439" VPOS="1439" WIDTH="58" HEIGHT="23" WC="0.93" CONTENT="om"/><SP WIDTH="30" VPOS="1439" HPOS="1497"/>
							<String ID="string_197" HPOS="1527" VPOS="1426" WIDTH="205" HEIGHT="37" WC="0.91" CONTENT="anvisande"/><SP WIDTH="30" VPOS="1426" HPOS="1732"/>
							<String ID="string_198" HPOS="1762" VPOS="1430" WIDTH="21" HEIGHT="33" WC="0.89" CONTENT="å"/><SP WIDTH="28" VPOS="1430" HPOS="1783"/>
							<String ID="string_199" HPOS="1811" VPOS="1427" WIDTH="204" HEIGHT="38" WC="0.92" CONTENT="riksstaten"/>
						</TextLine>
						<TextLine ID="line_24" HPOS="420" VPOS="1474" WIDTH="1596" HEIGHT="52">
							<String ID="string_200" HPOS="420" VPOS="1474" WIDTH="61" HEIGHT="36" WC="0.96" CONTENT="för"/><SP WIDTH="41" VPOS="1474" HPOS="481"/>
							<String ID="string_201" HPOS="522" VPOS="1474" WIDTH="120" HEIGHT="50" WC="0.96" CONTENT="sagda"/><SP WIDTH="40" VPOS="1474" HPOS="642"/>
							<String ID="string_202" HPOS="682" VPOS="1475" WIDTH="54" HEIGHT="36" WC="0.96" CONTENT="tid"/><SP WIDTH="43" VPOS="1475" HPOS="736"/>
							<String ID="string_203" HPOS="779" VPOS="1489" WIDTH="46" HEIGHT="22" WC="0.96" CONTENT="av"/><SP WIDTH="38" VPOS="1489" HPOS="825"/>
							<String ID="string_204" HPOS="863" VPOS="1480" WIDTH="54" HEIGHT="32" WC="0.96" CONTENT="ett"/><SP WIDTH="36" VPOS="1480" HPOS="917"/>
							<String ID="string_205" HPOS="953" VPOS="1476" WIDTH="135" HEIGHT="49" WC="0.95" CONTENT="anslag"/><SP WIDTH="27" VPOS="1476" HPOS="1088"/>
							<String ID="string_206" HPOS="1115" VPOS="1477" WIDTH="61" HEIGHT="36" WC="0.96" CONTENT="för"/><SP WIDTH="27" VPOS="1477" HPOS="1176"/>
							<String ID="string_207" HPOS="1203" VPOS="1477" WIDTH="216" HEIGHT="36" WC="0.96" CONTENT="ändamålet"/><SP WIDTH="28" VPOS="1477" HPOS="1419"/>
							<String ID="string_208" HPOS="1447" VPOS="1490" WIDTH="46" HEIGHT="23" WC="0.93" CONTENT="av"/><SP WIDTH="31" VPOS="1490" HPOS="1493"/>
							<String ID="string_209" HPOS="1524" VPOS="1479" WIDTH="161" HEIGHT="47" WC="0.92" CONTENT="100,000"/><SP WIDTH="28" VPOS="1479" HPOS="1685"/>
							<String ID="string_210" HPOS="1713" VPOS="1479" WIDTH="152" HEIGHT="37" WC="0.93" CONTENT="kronor."/><SP WIDTH="57" VPOS="1479" HPOS="1865"/>
							<String ID="string_211" HPOS="1922" VPOS="1480" WIDTH="94" HEIGHT="38" WC="0.0" CONTENT="Sist-"/>
						</TextLine>
						<TextLine ID="line_25" HPOS="420" VPOS="1526" WIDTH="1595" HEIGHT="53">
							<String ID="string_212" HPOS="420" VPOS="1526" WIDTH="163" HEIGHT="37" WC="0.96" CONTENT="nämnda"/><SP WIDTH="29" VPOS="1526" HPOS="583"/>
							<String ID="string_213" HPOS="612" VPOS="1527" WIDTH="135" HEIGHT="50" WC="0.95" CONTENT="belopp"/><SP WIDTH="30" VPOS="1527" HPOS="747"/>
							<String ID="string_214" HPOS="777" VPOS="1527" WIDTH="68" HEIGHT="37" WC="0.92" CONTENT="har"/><SP WIDTH="29" VPOS="1527" HPOS="845"/>
							<String ID="string_215" HPOS="874" VPOS="1528" WIDTH="417" HEIGHT="48" WC="0.92" CONTENT="departementschefen"/><SP WIDTH="30" VPOS="1528" HPOS="1291"/>
							<String ID="string_216" HPOS="1321" VPOS="1534" WIDTH="126" HEIGHT="32" WC="0.96" CONTENT="ansett"/><SP WIDTH="27" VPOS="1534" HPOS="1447"/>
							<String ID="string_217" HPOS="1474" VPOS="1529" WIDTH="92" HEIGHT="38" WC="0.93" CONTENT="böra"/><SP WIDTH="20" VPOS="1529" HPOS="1566"/>
							<String ID="string_218" HPOS="1586" VPOS="1531" WIDTH="194" HEIGHT="37" WC="0.92" CONTENT="nedsättas"/><SP WIDTH="20" VPOS="1531" HPOS="1780"/>
							<String ID="string_219" HPOS="1800" VPOS="1531" WIDTH="55" HEIGHT="37" WC="0.93" CONTENT="till"/><SP WIDTH="24" VPOS="1531" HPOS="1855"/>
							<String ID="string_220" HPOS="1879" VPOS="1534" WIDTH="136" HEIGHT="45" WC="0.90" CONTENT="50,000"/>
						</TextLine>
						<TextLine ID="line_26" HPOS="420" VPOS="1577" WIDTH="151" HEIGHT="38">
							<String ID="string_221" HPOS="420" VPOS="1577" WIDTH="151" HEIGHT="38" WC="0.96" CONTENT="kronor."/>
						</TextLine>
					</TextBlock>
				</ComposedBlock>
				<ComposedBlock ID="cblock_2" HPOS="419" VPOS="1680" WIDTH="1595" HEIGHT="103">
					<TextBlock ID="block_7" HPOS="419" VPOS="1680" WIDTH="1595" HEIGHT="103">
						<TextLine ID="line_27" HPOS="522" VPOS="1680" WIDTH="1492" HEIGHT="57">
							<String ID="string_222" HPOS="522" VPOS="1680" WIDTH="129" HEIGHT="38" WC="0.96" CONTENT="Under"/><SP WIDTH="40" VPOS="1680" HPOS="651"/>
							<String ID="string_223" HPOS="691" VPOS="1681" WIDTH="234" HEIGHT="51" WC="0.96" CONTENT="hänvisning"/><SP WIDTH="41" VPOS="1681" HPOS="925"/>
							<String ID="string_224" HPOS="966" VPOS="1681" WIDTH="56" HEIGHT="38" WC="0.95" CONTENT="till"/><SP WIDTH="42" VPOS="1681" HPOS="1022"/>
							<String ID="string_225" HPOS="1064" VPOS="1683" WIDTH="74" HEIGHT="36" WC="0.95" CONTENT="vad"/><SP WIDTH="42" VPOS="1683" HPOS="1138"/>
							<String ID="string_226" HPOS="1180" VPOS="1683" WIDTH="185" HEIGHT="37" WC="0.95" CONTENT="utskottet"/><SP WIDTH="32" VPOS="1683" HPOS="1365"/>
							<String ID="string_227" HPOS="1397" VPOS="1684" WIDTH="121" HEIGHT="37" WC="0.93" CONTENT="under"/><SP WIDTH="27" VPOS="1684" HPOS="1518"/>
							<String ID="string_228" HPOS="1545" VPOS="1685" WIDTH="320" HEIGHT="50" WC="0.93" CONTENT="nästföregående"/><SP WIDTH="29" VPOS="1685" HPOS="1865"/>
							<String ID="string_229" HPOS="1894" VPOS="1688" WIDTH="120" HEIGHT="49" WC="0.96" CONTENT="punkt"/>
						</TextLine>
						<TextLine ID="line_28" HPOS="419" VPOS="1732" WIDTH="1142" HEIGHT="51">
							<String ID="string_230" HPOS="419" VPOS="1732" WIDTH="136" HEIGHT="49" WC="0.96" CONTENT="anfört,"/><SP WIDTH="29" VPOS="1732" HPOS="555"/>
							<String ID="string_231" HPOS="584" VPOS="1734" WIDTH="57" HEIGHT="36" WC="0.96" CONTENT="får"/><SP WIDTH="27" VPOS="1734" HPOS="641"/>
							<String ID="string_232" HPOS="668" VPOS="1733" WIDTH="188" HEIGHT="37" WC="0.93" CONTENT="utskottet"/><SP WIDTH="27" VPOS="1733" HPOS="856"/>
							<String ID="string_233" HPOS="883" VPOS="1734" WIDTH="212" HEIGHT="49" WC="0.91" CONTENT="hemställa,"/><SP WIDTH="464" VPOS="1734" HPOS="1095"/>
							<String ID="string_234" HPOS="1559" VPOS="1750" WIDTH="2" HEIGHT="2" WC="0.93" CONTENT="|"/>
						</TextLine>
					</TextBlock>
				</ComposedBlock>
				<ComposedBlock ID="cblock_3" HPOS="812" VPOS="1838" WIDTH="1200" HEIGHT="462">
					<TextBlock ID="block_8" HPOS="812" VPOS="1838" WIDTH="1200" HEIGHT="462">
						<TextLine ID="line_29" HPOS="919" VPOS="1838" WIDTH="1092" HEIGHT="54">
							<String ID="string_235" HPOS="919" VPOS="1842" WIDTH="55" HEIGHT="32" WC="0.96" CONTENT="att"/><SP WIDTH="40" VPOS="1842" HPOS="974"/>
							<String ID="string_236" HPOS="1014" VPOS="1838" WIDTH="206" HEIGHT="49" WC="0.96" CONTENT="riksdagen"/><SP WIDTH="42" VPOS="1838" HPOS="1220"/>
							<String ID="string_237" HPOS="1262" VPOS="1842" WIDTH="71" HEIGHT="45" WC="0.95" CONTENT="må,"/><SP WIDTH="43" VPOS="1842" HPOS="1333"/>
							<String ID="string_238" HPOS="1376" VPOS="1840" WIDTH="85" HEIGHT="36" WC="0.96" CONTENT="med"/><SP WIDTH="33" VPOS="1840" HPOS="1461"/>
							<String ID="string_239" HPOS="1494" VPOS="1839" WIDTH="106" HEIGHT="37" WC="0.96" CONTENT="bifall"/><SP WIDTH="28" VPOS="1839" HPOS="1600"/>
							<String ID="string_240" HPOS="1628" VPOS="1840" WIDTH="57" HEIGHT="37" WC="0.96" CONTENT="till"/><SP WIDTH="28" VPOS="1840" HPOS="1685"/>
							<String ID="string_241" HPOS="1713" VPOS="1841" WIDTH="141" HEIGHT="50" WC="0.95" CONTENT="Kungl."/><SP WIDTH="31" VPOS="1841" HPOS="1854"/>
							<String ID="string_242" HPOS="1885" VPOS="1843" WIDTH="126" HEIGHT="49" WC="0.96" CONTENT="Maj:ts"/>
						</TextLine>
						<TextLine ID="line_30" HPOS="817" VPOS="1888" WIDTH="1194" HEIGHT="54">
							<String ID="string_243" HPOS="817" VPOS="1888" WIDTH="146" HEIGHT="50" WC="0.96" CONTENT="förslag"/><SP WIDTH="42" VPOS="1888" HPOS="963"/>
							<String ID="string_244" HPOS="1005" VPOS="1892" WIDTH="71" HEIGHT="34" WC="0.96" CONTENT="och"/><SP WIDTH="29" VPOS="1892" HPOS="1076"/>
							<String ID="string_245" HPOS="1105" VPOS="1890" WIDTH="85" HEIGHT="37" WC="0.96" CONTENT="med"/><SP WIDTH="29" VPOS="1890" HPOS="1190"/>
							<String ID="string_246" HPOS="1219" VPOS="1891" WIDTH="134" HEIGHT="48" WC="0.93" CONTENT="avslag"/><SP WIDTH="28" VPOS="1891" HPOS="1353"/>
							<String ID="string_247" HPOS="1381" VPOS="1894" WIDTH="20" HEIGHT="33" WC="0.91" CONTENT="å"/><SP WIDTH="28" VPOS="1894" HPOS="1401"/>
							<String ID="string_248" HPOS="1429" VPOS="1891" WIDTH="88" HEIGHT="37" WC="0.93" CONTENT="herr"/><SP WIDTH="27" VPOS="1891" HPOS="1517"/>
							<String ID="string_249" HPOS="1544" VPOS="1892" WIDTH="224" HEIGHT="50" WC="0.92" CONTENT="Bergqvists"/><SP WIDTH="29" VPOS="1892" HPOS="1768"/>
							<String ID="string_250" HPOS="1797" VPOS="1907" WIDTH="48" HEIGHT="23" WC="0.92" CONTENT="m."/><SP WIDTH="30" VPOS="1907" HPOS="1845"/>
							<String ID="string_251" HPOS="1875" VPOS="1895" WIDTH="35" HEIGHT="36" WC="0.95" CONTENT="fl."/><SP WIDTH="31" VPOS="1895" HPOS="1910"/>
							<String ID="string_252" HPOS="1941" VPOS="1896" WIDTH="70" HEIGHT="36" WC="0.96" CONTENT="och"/>
						</TextLine>
						<TextLine ID="line_31" HPOS="816" VPOS="1941" WIDTH="1193" HEIGHT="50">
							<String ID="string_253" HPOS="816" VPOS="1941" WIDTH="88" HEIGHT="37" WC="0.96" CONTENT="herr"/><SP WIDTH="40" VPOS="1941" HPOS="904"/>
							<String ID="string_254" HPOS="944" VPOS="1941" WIDTH="176" HEIGHT="37" WC="0.96" CONTENT="Nilssons"/><SP WIDTH="40" VPOS="1941" HPOS="1120"/>
							<String ID="string_255" HPOS="1160" VPOS="1942" WIDTH="12" HEIGHT="36" WC="0.96" CONTENT="i"/><SP WIDTH="32" VPOS="1942" HPOS="1172"/>
							<String ID="string_256" HPOS="1204" VPOS="1942" WIDTH="147" HEIGHT="37" WC="0.92" CONTENT="Antnäs"/><SP WIDTH="30" VPOS="1942" HPOS="1351"/>
							<String ID="string_257" HPOS="1381" VPOS="1957" WIDTH="47" HEIGHT="22" WC="0.92" CONTENT="m."/><SP WIDTH="30" VPOS="1957" HPOS="1428"/>
							<String ID="string_258" HPOS="1458" VPOS="1943" WIDTH="35" HEIGHT="36" WC="0.93" CONTENT="fl."/><SP WIDTH="32" VPOS="1943" HPOS="1493"/>
							<String ID="string_259" HPOS="1525" VPOS="1945" WIDTH="260" HEIGHT="37" WC="0.91" CONTENT="ovanberörda"/><SP WIDTH="28" VPOS="1945" HPOS="1785"/>
							<String ID="string_260" HPOS="1813" VPOS="1947" WIDTH="196" HEIGHT="44" WC="0.91" CONTENT="motioner,"/>
						</TextLine>
						<TextLine ID="line_32" HPOS="815" VPOS="1992" WIDTH="1195" HEIGHT="56">
							<String ID="string_261" HPOS="815" VPOS="1992" WIDTH="11" HEIGHT="36" WC="0.96" CONTENT="i"/><SP WIDTH="41" VPOS="1992" HPOS="826"/>
							<String ID="string_262" HPOS="867" VPOS="1992" WIDTH="73" HEIGHT="37" WC="0.96" CONTENT="vad"/><SP WIDTH="42" VPOS="1992" HPOS="940"/>
							<String ID="string_263" HPOS="982" VPOS="1993" WIDTH="193" HEIGHT="37" WC="0.96" CONTENT="desamma"/><SP WIDTH="42" VPOS="1993" HPOS="1175"/>
							<String ID="string_264" HPOS="1217" VPOS="2007" WIDTH="87" HEIGHT="24" WC="0.96" CONTENT="avse"/><SP WIDTH="43" VPOS="2007" HPOS="1304"/>
							<String ID="string_265" HPOS="1347" VPOS="1996" WIDTH="136" HEIGHT="48" WC="0.96" CONTENT="anslag"/><SP WIDTH="40" VPOS="1996" HPOS="1483"/>
							<String ID="string_266" HPOS="1523" VPOS="1996" WIDTH="59" HEIGHT="37" WC="0.93" CONTENT="för"/><SP WIDTH="32" VPOS="1996" HPOS="1582"/>
							<String ID="string_267" HPOS="1614" VPOS="1998" WIDTH="260" HEIGHT="50" WC="0.92" CONTENT="utfartsvägar"/><SP WIDTH="27" VPOS="1998" HPOS="1874"/>
							<String ID="string_268" HPOS="1901" VPOS="2000" WIDTH="109" HEIGHT="36" WC="0.96" CONTENT="och"/><SP WIDTH="-23" VPOS="2000" HPOS="2010"/>
							<String ID="string_269" HPOS="1987" VPOS="1988" WIDTH="24" HEIGHT="64" WC="0.96" CONTENT="i"/>
						</TextLine>
						<TextLine ID="line_33" HPOS="816" VPOS="2044" WIDTH="1196" HEIGHT="56">
							<String ID="string_270" HPOS="816" VPOS="2044" WIDTH="135" HEIGHT="37" WC="0.96" CONTENT="sådant"/><SP WIDTH="27" VPOS="2044" HPOS="951"/>
							<String ID="string_271" HPOS="978" VPOS="2045" WIDTH="215" HEIGHT="37" WC="0.95" CONTENT="hänseende"/><SP WIDTH="29" VPOS="2045" HPOS="1193"/>
							<String ID="string_272" HPOS="1222" VPOS="2046" WIDTH="113" HEIGHT="48" WC="0.96" CONTENT="skilja"/><SP WIDTH="30" VPOS="2046" HPOS="1335"/>
							<String ID="string_273" HPOS="1365" VPOS="2047" WIDTH="60" HEIGHT="48" WC="0.96" CONTENT="sig"/><SP WIDTH="27" VPOS="2047" HPOS="1425"/>
							<String ID="string_274" HPOS="1452" VPOS="2048" WIDTH="82" HEIGHT="36" WC="0.96" CONTENT="från"/><SP WIDTH="31" VPOS="2048" HPOS="1534"/>
							<String ID="string_275" HPOS="1565" VPOS="2048" WIDTH="139" HEIGHT="50" WC="0.96" CONTENT="Kungl."/><SP WIDTH="17" VPOS="2048" HPOS="1704"/>
							<String ID="string_276" HPOS="1721" VPOS="2049" WIDTH="128" HEIGHT="48" WC="0.96" CONTENT="Maj:ts"/><SP WIDTH="19" VPOS="2049" HPOS="1849"/>
							<String ID="string_277" HPOS="1868" VPOS="2051" WIDTH="144" HEIGHT="49" WC="0.96" CONTENT="förslag"/>
						</TextLine>
						<TextLine ID="line_34" HPOS="814" VPOS="2096" WIDTH="1195" HEIGHT="53">
							<String ID="string_278" HPOS="814" VPOS="2096" WIDTH="60" HEIGHT="37" WC="0.96" CONTENT="för"/><SP WIDTH="33" VPOS="2096" HPOS="874"/>
							<String ID="string_279" HPOS="907" VPOS="2096" WIDTH="238" HEIGHT="50" WC="0.96" CONTENT="anläggning"/><SP WIDTH="28" VPOS="2096" HPOS="1145"/>
							<String ID="string_280" HPOS="1173" VPOS="2111" WIDTH="47" HEIGHT="23" WC="0.93" CONTENT="av"/><SP WIDTH="27" VPOS="2111" HPOS="1220"/>
							<String ID="string_281" HPOS="1247" VPOS="2100" WIDTH="249" HEIGHT="49" WC="0.91" CONTENT="utfartsvägar"/><SP WIDTH="26" VPOS="2100" HPOS="1496"/>
							<String ID="string_282" HPOS="1522" VPOS="2099" WIDTH="13" HEIGHT="37" WC="0.96" CONTENT="i"/><SP WIDTH="26" VPOS="2099" HPOS="1535"/>
							<String ID="string_283" HPOS="1561" VPOS="2100" WIDTH="265" HEIGHT="49" WC="0.93" CONTENT="Norrbottens,"/><SP WIDTH="29" VPOS="2100" HPOS="1826"/>
							<String ID="string_284" HPOS="1855" VPOS="2103" WIDTH="154" HEIGHT="37" WC="0.92" CONTENT="Väster-"/>
						</TextLine>
						<TextLine ID="line_35" HPOS="814" VPOS="2147" WIDTH="1195" HEIGHT="56">
							<String ID="string_285" HPOS="814" VPOS="2147" WIDTH="164" HEIGHT="46" WC="0.92" CONTENT="bottens,"/><SP WIDTH="25" VPOS="2147" HPOS="978"/>
							<String ID="string_286" HPOS="1003" VPOS="2149" WIDTH="216" HEIGHT="37" WC="0.96" CONTENT="Jämtlands"/><SP WIDTH="19" VPOS="2149" HPOS="1219"/>
							<String ID="string_287" HPOS="1238" VPOS="2151" WIDTH="70" HEIGHT="36" WC="0.96" CONTENT="och"/><SP WIDTH="20" VPOS="2151" HPOS="1308"/>
							<String ID="string_288" HPOS="1328" VPOS="2150" WIDTH="341" HEIGHT="39" WC="0.96" CONTENT="Västernorrlands"/><SP WIDTH="20" VPOS="2150" HPOS="1669"/>
							<String ID="string_289" HPOS="1689" VPOS="2153" WIDTH="64" HEIGHT="37" WC="0.96" CONTENT="län"/><SP WIDTH="19" VPOS="2153" HPOS="1753"/>
							<String ID="string_290" HPOS="1772" VPOS="2154" WIDTH="60" HEIGHT="37" WC="0.93" CONTENT="för"/><SP WIDTH="19" VPOS="2154" HPOS="1832"/>
							<String ID="string_291" HPOS="1851" VPOS="2154" WIDTH="158" HEIGHT="49" WC="0.91" CONTENT="budget-"/>
						</TextLine>
						<TextLine ID="line_36" HPOS="814" VPOS="2202" WIDTH="1196" HEIGHT="54">
							<String ID="string_292" HPOS="814" VPOS="2202" WIDTH="80" HEIGHT="34" WC="0.91" CONTENT="året"/><SP WIDTH="45" VPOS="2202" HPOS="894"/>
							<String ID="string_293" HPOS="939" VPOS="2202" WIDTH="252" HEIGHT="36" WC="0.89" CONTENT="1923—1924"/><SP WIDTH="41" VPOS="2202" HPOS="1191"/>
							<String ID="string_294" HPOS="1232" VPOS="2203" WIDTH="132" HEIGHT="37" WC="0.96" CONTENT="anvisa"/><SP WIDTH="37" VPOS="2203" HPOS="1364"/>
							<String ID="string_295" HPOS="1401" VPOS="2209" WIDTH="54" HEIGHT="32" WC="0.96" CONTENT="ett"/><SP WIDTH="28" VPOS="2209" HPOS="1455"/>
							<String ID="string_296" HPOS="1483" VPOS="2209" WIDTH="107" HEIGHT="33" WC="0.93" CONTENT="extra"/><SP WIDTH="27" VPOS="2209" HPOS="1590"/>
							<String ID="string_297" HPOS="1617" VPOS="2206" WIDTH="393" HEIGHT="50" WC="0.90" CONTENT="reservationsanslag"/>
						</TextLine>
						<TextLine ID="line_37" HPOS="812" VPOS="2253" WIDTH="393" HEIGHT="47">
							<String ID="string_298" HPOS="812" VPOS="2264" WIDTH="48" HEIGHT="25" WC="0.93" CONTENT="av"/><SP WIDTH="29" VPOS="2264" HPOS="860"/>
							<String ID="string_299" HPOS="889" VPOS="2253" WIDTH="138" HEIGHT="47" WC="0.90" CONTENT="50,000"/><SP WIDTH="28" VPOS="2253" HPOS="1027"/>
							<String ID="string_300" HPOS="1055" VPOS="2253" WIDTH="150" HEIGHT="38" WC="0.96" CONTENT="kronor,"/>
						</TextLine>
					</TextBlock>
				</ComposedBlock>
			</PrintSpace>
		</Page>
	</Layout>
</alto>
