2208 2586
730 189 267 32 Statsutskottets
1027 190 178 32 Utlåtande
1228 191 65 31 N:o
1319 194 19 29 6
1361 202 19 21 a
1823 197 16 29 1

961 904 90 40 N:o
1080 906 31 38 6
1142 917 41 27 a.

813 1059 78 28 Ank.
917 1059 49 28 till
991 1059 103 29 Riksd.
1119 1060 99 28 kansli
1241 1061 56 27 den
1323 1062 37 26 21
1383 1061 67 37 juni
1477 1063 91 33 1887,
1592 1062 42 28 kl.
1660 1065 15 25 1
1702 1073 24 18 e.
1751 1073 37 18 m.

467 1203 196 36 Utlåtande
704 1205 79 34 med
827 1205 197 48 anledning
1061 1205 45 47 af
1143 1206 131 48 Kongl.
1305 1207 129 45 Maj:ts
1454 1206 329 50 framställningar
1811 1222 65 22 an-

660 1256 140 47 gående
847 1257 249 47 anslagstiteln
1142 1258 268 47 »Bergsstaten»
1455 1259 61 35 och
1559 1259 164 48 anslaget
1762 1260 113 37 »Sala

662 1308 190 48 bergslag».

1533 1361 74 48 (2:a
1636 1361 44 37 U.
1710 1362 58 46 AA.)

365 1513 71 33 1:o.
492 1510 16 36 I
538 1511 75 36 den
641 1511 58 36 till
726 1511 224 49 Riksdagen
980 1513 74 35 den
1085 1515 46 34 29
1162 1513 95 49 april
1290 1516 96 34 1887
1419 1515 139 35 aflåtna
1578 1516 295 47 propositionen
1920 1522 153 42 Angående

257 1562 199 49 angående
501 1563 258 35 statsverkets
802 1563 173 37 tillstånd
1005 1565 71 35 och
1105 1564 121 37 behof
1251 1565 69 36 har
1348 1566 143 47 Kongl.
1522 1566 108 48 Maj:t
1658 1567 122 36 under
1809 1581 64 23 an-
1914 1554 170 75 kartritning

256 1613 220 48 slagstiteln
522 1614 409 48 kommerskollegium
973 1616 238 36 beträffande
1266 1617 248 47 bergsstaten
1559 1619 215 47 föreslagit,
1818 1625 56 30 att
1891 1626 211 33 vidgrufkarte-

255 1666 222 46 Riksdagen
520 1668 118 34 måtte
667 1666 86 36 från
783 1667 69 35 och
885 1667 88 36 med
1003 1670 39 33 år
1073 1669 97 35 1888
1201 1671 20 33 å
1250 1668 192 37 ordinarie
1473 1669 177 48 anslaget
1678 1670 59 36 till
1765 1671 107 36 kom-
1928 1660 132 83 "BT

256 1717 311 47 merskollegium
598 1717 122 36 under
740 1718 272 48 anslagstiteln
1032 1719 295 48 »Bergsstaten»
1348 1720 177 48 uppföra,
1546 1721 57 35 till
1623 1721 248 37 bestridande
2009 1725 6 7 |

255 1769 41 35 af
322 1769 210 35 kostnader
561 1768 60 36 för
649 1769 236 48 kartritning
912 1770 66 36 vid
1005 1771 399 48 grufkartekontoret,
1435 1777 54 31 ett
1519 1772 141 49 belopp
1691 1773 43 36 af
1756 1776 114 45 2,500

254 1821 156 35 kronor.

359 1871 73 36 Till
467 1871 433 49 statsrådsprotokollet
935 1873 110 37 öfver
1074 1873 260 37 civilärenden
1364 1874 75 36 den
1469 1876 47 35 25
1548 1875 96 49 april
1675 1878 97 35 1887
1803 1877 69 36 har

254 1923 86 48 (sid.
369 1925 116 50 4--6)
515 1923 240 36 beträffande
785 1924 107 36 detta
921 1925 282 48 anslagsbehof
1227 1926 149 36 anförts
1407 1926 182 48 följande.

358 1977 34 33 ÅA
434 1975 74 35 den
549 1975 123 36 under
715 1975 192 37 ordinarie
951 1976 176 49 anslaget
1155 1977 56 36 till
1240 1978 408 48 kommerskollegium
1677 1980 194 48 uppförda

252 2026 271 47 anslagstiteln
552 2027 297 47 »Bergsstaten»
879 2033 65 31 äro
975 2029 42 35 af
1037 2029 223 48 Riksdagen
1281 2029 182 36 anvisade
1486 2030 108 36 löner
1609 2031 57 36 till
1683 2032 64 48 sju
1763 2032 107 47 gruf-

252 2078 221 48 ingeniörer
501 2078 89 36 med
621 2080 113 41 1,500
764 2079 145 36 kronor
937 2083 38 33 åt
1004 2080 86 36 dem
1118 2081 105 36 hvar.
1280 2081 134 48 Enligt
1442 2081 132 48 kongl.
1617 2083 153 36 brefvet
1796 2084 73 36 den

256 2133 45 33 13
344 2129 210 36 november
585 2132 100 34 1874
715 2131 200 48 angående
944 2132 198 47 reglering
1170 2133 43 35 af
1236 2132 477 48 bergmästaredistrikten
1741 2149 48 22 m.
1819 2150 48 22 m.

251 2181 124 37 skulle
419 2194 47 23 en
495 2181 43 36 af
562 2181 115 37 desse
707 2182 316 49 grufingeniörer
1050 2196 91 23 vara
1170 2184 266 36 föreståndare
1467 2184 61 37 för
1556 2185 313 51 bergsöfversty-

251 2233 149 36 relsens
435 2233 348 47 grufkartekontor
820 2235 87 35 med
936 2235 205 49 åliggande
1171 2236 324 47 hufvudsakligen
1526 2242 55 32 att
1609 2239 117 36 vårda
1755 2239 74 36 den
1857 2239 12 35 i

250 2298 147 23 samma
425 2285 141 36 kontor
594 2285 202 49 befintliga
827 2286 166 49 samling
1021 2287 42 36 af
1087 2287 131 36 kartor
1248 2287 73 36 och
1349 2288 118 36 andra
1497 2288 242 50 handlingar,
1769 2290 99 37 hålla

335 2346 64 27 PBih.
424 2346 47 27 till
491 2346 98 28 Riksd.
612 2347 78 27 Prot.
715 2345 93 29 1887.
854 2349 41 25 B.
940 2346 20 29 4
983 2347 85 28 Saml.
1117 2347 16 27 1
1156 2348 72 37 Afd.
1274 2346 19 29 4
1316 2349 85 36 Häöft.
1808 2352 15 26 1
