2206 2632
422 216 40 30 10
914 216 232 30 Statsutskottets
1176 216 153 30 Utlåtande
1353 217 57 29 N:o
1440 218 47 29 91.

845 295 116 36 kallet
998 296 92 36 eller
1130 295 72 36 den
1245 296 176 35 kontanta
1463 296 107 35 lönen
1610 296 60 36 till
1713 295 121 37 soldat
1861 296 150 48 upplåta

845 349 155 36 allenast
1027 355 84 41 torp
1139 349 85 35 med
1251 347 175 50 kåltäppa
1455 349 91 36 eller
1574 349 320 49 planteringsland
1923 350 86 35 eller

845 402 68 36 ock
945 403 62 35 till
1039 402 118 37 soldat
1190 401 144 49 utgifva
1362 402 157 36 allenast
1547 403 158 36 kontant
1732 404 83 48 lega
1842 402 69 37 och
1940 403 60 50 lön

527 475 212 36 Stockholm
767 474 70 36 den
867 475 21 36 3
918 474 75 48 maj
1027 475 111 36 1898.

941 579 52 37 På
1021 580 287 37 statsutskottets
1336 586 157 43 vägnar:

991 686 108 38 CHR.
1129 685 311 38 LUNDEBERG.

1062 843 313 42 Reservation:

525 936 39 37 af
603 938 127 35 herrar
772 937 80 37 Chr.
895 938 214 45 Lundeberg,
1152 935 155 37 friherre
1350 938 43 34 F.
1447 937 54 36 W.
1531 950 64 23 von
1629 937 107 44 Otter,
1765 939 34 34 J.
1839 939 103 45 Wijk,
1971 940 42 35 É.

417 993 198 41 Bohnstedt,
643 991 155 35 friherre
825 992 33 35 J.
897 992 33 34 T
957 992 223 46 Gripenstedt,
1210 988 126 51 grefve
1365 991 38 34 P.
1438 990 199 48 Klingspor,
1667 992 47 35 F.
1737 993 42 34 E.
1814 992 201 43 Pettersson,

417 1047 45 34 E.
493 1045 180 43 Fränckel,
709 1047 40 34 T.
779 1046 179 46 Nyström,
988 1045 36 35 C.
1058 1045 40 35 G.
1131 1044 36 35 S.
1196 1045 215 45 Ehrenborg,
1440 1045 32 34 J.
1502 1045 123 36 Berlin
1645 1044 69 36 och
1734 1046 41 35 L.
1801 1046 214 47 Grundberg,

417 1098 128 37 hvilka
573 1103 129 40 ansett,
721 1103 56 31 att
805 1098 194 36 utskottets
1017 1096 173 50 yttrande
1206 1097 67 35 och
1293 1095 138 50 förslag
1450 1097 83 36 bort
1554 1096 109 37 hafva
1682 1097 161 49 följande
1861 1098 156 50 lydelse:

525 1205 148 45 »Sedan,
716 1205 48 49 på
804 1210 70 31 sätt
912 1205 177 35 utskottet
1127 1205 14 35 i
1184 1203 189 37 utlåtande
1406 1217 58 23 n:o
1495 1206 48 35 90
1571 1205 104 43 visat,
1706 1204 130 36 hinder
1863 1217 150 24 numers

416 1260 81 36 icke
538 1259 96 36 lärer
675 1264 101 31 möta
817 1264 78 31 mot
935 1261 55 33 att
1030 1258 204 64 soldattorp
1276 1256 40 37 af
1354 1263 92 30 rote-
1475 1258 90 35 eller
1592 1257 222 37 rusthållare
1842 1257 173 50 försäljes,

417 1313 69 36 och
528 1318 78 30 mot
648 1307 155 70 lagfarts
845 1311 211 37 erhållande
1084 1311 21 35 å
1133 1310 129 37 sådant
1290 1312 81 47 köp,
1400 1311 104 36 torde
1533 1311 98 48 hvad
1659 1312 63 35 till
1752 1312 79 36 stöd
1859 1312 58 35 för
1944 1311 67 37 för-

417 1367 118 48 slaget
573 1364 139 38 anförts
754 1366 11 34 i
793 1364 106 49 fråga
927 1378 61 23 om
1017 1364 185 49 svårighet
1225 1363 57 37 för
1306 1364 166 36 soldaten
1501 1370 54 30 att
1568 1361 205 40 förvärfva
1801 1365 213 50 eganderätt

416 1420 61 37 till
514 1425 120 43 torpet
674 1419 79 36 icke
782 1417 156 50 förtjena
967 1418 179 45 afseende,
1175 1424 90 30 utan
1293 1430 106 37 synes
1426 1417 156 37 fastmer
1613 1419 240 48 möjligheten
1882 1419 60 35 till
1970 1432 45 23 en

417 1472 112 39 sådan
556 1472 230 37 transaktion
813 1479 87 42 göra
928 1472 70 36 den
1027 1470 40 38 af
1092 1472 226 36 motionären
1342 1470 209 50 föreslagna
1571 1471 267 50 förändringen
1857 1473 12 35 i
1889 1471 126 37 ofvan-

417 1526 160 36 nämnda
605 1526 219 48 kungörelse
853 1532 44 29 än
927 1539 80 23 mer
1035 1525 193 49 obehöflig.
1283 1524 18 36 TI
1329 1525 69 35 allt
1425 1524 70 37 fall
1524 1538 116 36 synes,
1668 1526 120 48 enligt
1806 1526 97 36 hvad
1923 1532 92 30 näst-

417 1580 92 36 lidet
548 1579 58 37 års
646 1580 233 35 statsutskott
912 1579 62 36 vid
1007 1579 226 48 behandling
1261 1580 38 34 af
1326 1578 68 36 den
1424 1578 45 36 då
1498 1579 129 36 väckta
1658 1580 187 36 motionen
1874 1580 12 34 i
1916 1579 99 36 detta

417 1640 108 29 ämne
561 1631 162 46 anförde,
760 1632 120 50 någon
920 1638 112 30 större
1060 1631 208 37 erfarenhet
1294 1631 187 49 angående
1511 1632 277 48 verkningarna
1816 1632 41 36 af
1883 1632 45 37 de
1956 1646 58 35 ge-

417 1700 87 22 nom
549 1686 153 37 berörda
736 1686 216 49 kungörelse
980 1686 174 49 stadgade
1183 1685 258 49 förändringar
1472 1686 54 36 uti
1554 1684 285 51 ifrågavarande
1881 1685 134 37 förhål-

417 1740 135 36 landen
564 1734 12 59 -
581 1740 90 36 böra
700 1738 177 45 afvaktas,
905 1740 110 35 innan
1044 1740 216 49 ytterligare
1289 1739 196 49 ändringar
1512 1740 121 35 deruti
1650 1740 175 44 beslutas;
1854 1740 68 36 och
1955 1752 61 23 an-

417 1806 58 24 ser
503 1794 54 48 sig
585 1794 180 35 utskottet
792 1792 232 50 följaktligen
1054 1793 80 35 icke
1164 1793 88 35 böra
1280 1793 189 48 tillstyrka
1498 1792 208 49 Riksdagen
1725 1798 55 31 att
1800 1794 64 35 hos
1881 1793 133 49 Kongl.

418 1847 102 48 Maj:t
548 1854 86 42 göra
663 1849 119 46 någon
809 1845 273 50 framställning
1110 1847 12 34 i
1151 1852 134 38 ämnet,
1314 1852 89 29 utan
1432 1847 223 44 hemställer,

951 1959 55 30 att
1033 1953 84 35 herr
1145 1952 79 50 Sjös
1251 1952 243 37 förevarande
1522 1954 140 35 motion
1690 1954 80 35 icke
1800 1953 58 36 må
1876 1954 61 35 till
1957 1953 58 36 nå-

844 2020 71 36 gon
945 2006 226 49 Riksdagens
1198 2006 129 49 åtgärd
1354 2007 218 36 föranleda.»

525 2166 95 37 Herr
665 2168 38 35 G.
748 2169 45 34 D.
827 2169 44 34 RB.
905 2169 234 45 Tornerhjelm
1168 2167 68 35 har
1264 2168 128 47 begärt
1420 2166 37 36 få
1485 2167 236 45 antecknadt,
1751 2173 55 30 att
1833 2167 72 35 han
1934 2167 80 36 icke

418 2221 156 49 deltagit
601 2222 11 34 i
641 2219 227 38 förestående
895 2221 151 36 ärendes
1075 2220 301 49 slutbehandling
1403 2221 101 35 inom
1534 2221 187 36 utskottet.
