1878 2824
304 149 43 32 36
755 147 280 33 Statsutskettets
1055 150 177 31 utlåtande
1249 151 51 31 Nr
1318 155 25 27 8.

668 228 28 42 c)
719 230 51 33 till
792 231 146 41 Uppsala
960 232 209 33 universitet:
1193 233 95 33 Vissa
1312 234 223 42 ersättningar
1558 247 39 21 m.
1621 247 40 21 m.
1680 239 46 29 ett
1742 247 56 22 an-

625 283 73 42 slag
720 293 42 24 av
788 285 119 38 14,300
931 285 134 33 kronor.

348 387 87 42 68:0)
470 388 173 41 Uppsala
674 391 249 33 universitet:
952 392 400 42 Inredningsarbeten
1375 402 48 24 m.
1447 403 48 24 m.
1519 394 63 33 för
1604 395 192 34 universi-

302 441 324 35 tetsbiblioteket.
672 444 174 41 Uppsala
877 445 250 33 universitet:
1160 446 260 42 Fullföljande
1451 457 49 23 av
1523 449 273 33 universitets-

302 495 253 33 bibliotekets
579 505 78 24 om-
682 497 73 33 och
777 498 249 42 tillbyggnad
1049 508 49 24 m.
1122 508 49 24 m.
1217 500 16 32 I
1256 501 150 42 enlighet
1429 501 78 33 med
1531 502 128 42 Kungl.
1681 503 115 42 Maj:ts

301 549 129 42 förslag
452 548 121 44 (punkt
596 552 53 38 68,
675 552 60 32 sid.
763 550 187 44 192—195)
972 553 196 33 hemställer
1191 555 172 38 utskottet,

667 608 49 29 att
738 606 182 42 riksdagen
944 608 56 31 må
1022 608 55 31 för
1100 607 201 42 budgetåret
1327 606 188 37 1937/1938
1540 610 120 32 anvisa

667 657 31 42 a)
729 659 51 32 till
811 660 146 41 Uppsala
989 661 208 33 universitet:
1231 662 330 41 Inredningsarbeten
1593 675 40 21 m.
1667 675 40 21 m.
1736 664 61 42 för

621 712 387 34 universitetsbiblioteket
1031 717 47 29 ett
1100 715 329 42 reservationsanslag
1453 727 43 22 av
1517 717 122 39 30,000
1656 717 137 40 kronor;

666 763 32 43 b)
731 765 51 33 till
812 767 146 41 Uppsala
981 768 208 33 universitet:
1212 769 225 41 Fullföljande
1459 781 41 21 av
1522 771 273 33 universitetsbib-

621 819 143 33 liotekets
794 831 59 22 om-
886 821 54 32 och
973 822 201 41 tillbyggnad
1197 834 40 20 m.
1262 834 40 21 m.
1328 825 47 31 ett
1397 824 330 42 reservationsanslag
1751 836 43 21 av

624 874 141 38 150,000
789 874 134 32 kronor.

345 984 87 44 69:0)
456 987 173 40 Uppsala
652 988 248 34 universitet:
924 989 264 43 Anskaffning
1211 1000 49 23 av
1274 992 275 41 vetenskaplig
1563 994 231 40 utrustning

299 1048 49 24 m.
383 1049 49 23 m.
466 1040 62 33 för
562 1041 109 33 vissa
705 1042 269 34 institutioner
1035 1044 16 32 I
1086 1044 150 42 enlighet
1270 1045 79 33 med
1374 1046 126 41 Kungl.
1526 1046 116 42 Maj:ts
1666 1047 128 42 förslag

298 1090 125 44 (punkt
453 1095 52 38 69,
529 1094 62 32 sid.
619 1093 186 43 195—198)
828 1096 54 32 får
904 1097 174 39 utskottet,
1103 1108 73 22 som
1200 1098 11 32 i
1234 1098 108 33 likhet
1365 1099 78 32 med
1468 1099 326 42 departementsche-

298 1147 60 31 fen
393 1158 99 22 anser
514 1148 224 43 erforderligt,
763 1152 48 30 att
834 1149 42 33 de
899 1151 54 32 för
975 1151 261 41 ifrågavarande
1259 1152 161 32 ändamål
1443 1152 193 34 beräknade
1660 1154 133 33 kostna-

298 1199 106 34 derna
427 1201 216 42 nedbringas,
668 1203 63 32 och
754 1205 101 40 utgår
877 1204 76 32 från
978 1207 48 29 att
1050 1215 42 22 en
1117 1205 54 32 del
1194 1216 42 22 av
1260 1205 78 33 dem
1362 1206 117 32 kunna
1503 1206 165 34 bestridas
1692 1219 42 21 av
1752 1208 41 33 de

297 1253 52 32 till
373 1254 252 34 vederbörande
648 1256 231 33 institutioner
902 1257 162 33 anvisade
1087 1257 147 42 löpande
1258 1259 326 42 materielanslagen,
1602 1260 191 41 hemställa,

663 1312 49 29 att
743 1309 182 43 riksdagen
954 1312 56 31 må
1033 1311 51 32 till
1107 1312 145 41 Uppsala
1275 1313 207 32 universitet:
1506 1314 223 42 Anskaffning
1752 1327 41 20 av

618 1363 217 41 vetenskaplig
859 1364 189 42 utrustning
1070 1376 41 21 m.
1136 1376 40 21 m.
1194 1365 59 41 för
1276 1366 88 32 vissa
1390 1366 224 34 institutioner
1636 1369 54 31 för
1711 1369 81 32 bud-

617 1418 128 39 getåret
779 1416 188 41 1937/1938
1001 1418 119 32 anvisa
1152 1421 47 30 ett
1233 1419 328 43 reservationsanslag
1594 1432 43 21 av
1670 1422 122 39 50,000

617 1470 134 32 kronor.

343 1574 85 43 70:0)
453 1576 172 41 Uppsala
648 1576 249 34 universitet:
925 1577 269 41 Upprättande
1218 1588 49 23 av
1291 1580 311 41 byggnadsplan.
1649 1582 16 31 I
1689 1582 102 41 enlig-

295 1631 58 32 het
386 1630 78 33 med
492 1630 129 41 Kungl.
647 1630 116 41 Maj:ts
787 1630 128 43 förslag
938 1628 122 45 (punkt
1085 1633 52 38 70,
1162 1632 61 33 sid.
1251 1634 62 31 198
1338 1633 63 33 och
1426 1632 74 43 199)
1524 1634 196 34 hemställer
1742 1639 49 29 ut-

294 1684 136 39 skottet,

661 1731 49 30 att
743 1729 181 42 riksdagen
948 1731 57 30 må
1028 1729 51 33 till
1102 1730 145 42 Uppsala
1270 1731 206 33 universitet:
1499 1732 228 42 Upprättande
1750 1745 41 21 av

616 1783 244 41 byggnadsplan
891 1784 55 32 för
977 1783 201 42 budgetåret
1212 1785 188 35 1937/1938
1433 1786 120 32 anvisa
1581 1789 47 30 ett
1651 1798 139 22 reserva-

616 1836 199 41 tionsanslag
839 1847 42 22 av
909 1837 118 38 11,000
1051 1837 134 32 kronor.

340 1940 87 42 71:0)
462 1942 172 40 Uppsala
663 1942 249 34 universitet:
936 1940 365 44 Ändringsarbeten
1325 1945 14 32 i
1362 1946 247 32 anatomiska
1634 1947 154 33 institu-

293 1995 157 33 tionens
478 1995 219 33 likkällare.
743 1997 16 32 I
783 1996 150 42 enlighet
955 1997 79 33 med
1057 1998 129 41 Kungl.
1212 1998 115 42 Maj:ts
1350 1999 128 42 förslag
1501 1997 123 45 (punkt
1649 2001 52 38 71,
1725 2001 62 32 sid.

296 2050 62 32 199
384 2049 63 33 och
472 2047 75 43 200)
570 2050 197 32 hemställer
789 2051 175 39 utskottet,

659 2106 49 29 att
730 2104 182 41 riksdagen
937 2106 56 30 må
1016 2104 51 32 till
1095 2105 146 41 Uppsala
1264 2106 206 33 universitet:
1486 2100 303 49 Ändringsarbeten

614 2157 14 32 t
660 2158 204 32 anatomiska
895 2158 247 33 institutionens
1173 2159 173 33 likkällare
1376 2161 54 31 för
1462 2160 201 43 budgetåret
1689 2160 99 42 1937/

616 2211 85 31 1938
725 2211 119 32 anvisa
867 2214 47 29 ett
936 2212 329 40 reservationsanslag
1289 2224 43 22 av
1356 2214 120 39 31,000
1500 2215 134 33 kronor.

339 2314 85 43 72:o)
460 2316 133 33 Lunds
630 2317 249 33 universitet:
914 2317 257 42 Avlöningar.
1217 2318 127 42 Kungl.
1382 2319 96 41 Maj:t
1502 2320 62 32 har
1587 2318 123 44 (punkt
1735 2323 51 38 72,

292 2370 62 32 sid.
380 2369 188 42 200—221)
593 2371 174 42 föreslagit
790 2372 180 42 riksdagen
995 2375 49 29 att

337 2424 72 32 dels
442 2425 10 31 i
485 2424 418 43 personalförteckningen
927 2426 54 32 för
1004 2426 90 33 vissa
1118 2426 207 41 tjänstemän
1349 2427 58 33 vid
1431 2427 117 32 Lunds
1572 2428 216 33 universitets

294 2477 187 42 samlingar
505 2478 62 32 och
592 2479 227 41 inrättningar
842 2490 45 21 m.
912 2491 44 21 m.
975 2480 108 32 under
1099 2480 161 33 rubriken
1276 2481 266 41 Vetenskapliga
1557 2482 232 33 institutioner
