1878 2846
267 172 18 29 8
652 177 121 30 Första
798 177 237 35 lagutskottets
1062 177 176 30 utlåtande
1263 177 49 30 Nr
1336 177 49 30 33.

318 258 190 31 Yttranden
529 260 81 29 över
630 258 260 31 betänkandet
875 254 21 47 i
910 259 76 30 dess
1007 259 115 30 helhet
1143 259 45 30 ha
1209 259 85 30 efter
1314 259 121 31 remiss
1456 259 143 37 avgivits
1620 269 43 20 av
1684 261 95 28 över-

274 310 342 37 ståthållarämbetet,
648 311 285 38 länsstyrelserna
964 311 11 29 i
1009 310 229 36 Stockholms,
1275 310 302 36 Södermanlands,
1611 311 166 31 Kristian-

274 361 105 34 stads,
406 358 185 38 Göteborgs
617 360 66 29 och
709 359 126 36 Bohus,
863 355 130 35 Örebro
1019 363 89 27 samt
1135 359 256 31 Västerbottens
1418 361 67 35 län,
1513 360 265 37 försäkringsin-

274 410 214 38 spektionen,
513 409 472 37 riksförsäkringsanstalten,
1011 409 324 37 försäkringsrådet,
1361 411 78 35 väg-
1465 412 66 29 och
1557 411 221 35 vattenbygg-

274 460 264 36 nadsstyrelsen,
563 458 341 38 järnvägsstyrelsen,
929 460 204 36 föreningen
1157 461 54 30 för
1236 464 211 32 gemensamt
1472 462 161 36 lagenligt
1656 460 122 31 trafik-

274 510 352 36 försäkringsansvar,
646 510 554 37 trafikförsäkringsanstalternas
1224 512 141 35 nämnd,
1391 510 387 37 försäkringsjuridiska

274 561 212 36 föreningen,
511 561 148 30 svenska
683 561 334 37 försäkringsbolags
1042 561 237 36 riksförbund,
1305 562 42 30 de
1371 561 206 36 ömsesidiga
1602 561 175 31 socialför-

273 612 323 37 säkringsbolagens
618 612 168 37 förening,
809 614 116 35 kungl.
948 613 356 36 automobilklubben,
1327 614 285 29 motormännens
1634 613 142 30 riksför-

273 662 107 35 bund,
400 662 274 30 motorförarnas
693 662 423 36 helnykterhetsförbund,
1138 662 152 36 Sveriges
1310 662 278 36 trafikbilägares
1608 662 170 36 riksorga-

274 712 161 36 nisation,
463 713 146 29 svenska
637 712 310 37 motorförbundet,
976 712 359 38 nationalföreningen
1364 713 55 30 för
1446 712 332 31 trafiksäkerhetens

273 761 209 37 främjande,
525 762 149 31 svenska
715 762 532 36 transportarbetareförbundet,
1280 763 147 30 svenska
1460 763 318 30 handelsarbetare-

273 813 187 31 förbundet
479 814 64 30 och
558 813 323 36 cykelfrämjandet,
901 813 225 37 cyklisternas
1145 813 242 37 riksförening.
1431 814 182 30 Dessutom
1633 815 46 29 ha
1699 814 79 29 över

275 864 89 30 vissa
384 864 95 30 delar
498 873 42 21 av
560 863 233 31 betänkandet
813 863 143 36 avgivits
976 865 185 35 yttranden
1182 874 42 21 av
1243 864 362 37 medicinalstyrelsen,
1628 864 151 37 general-

274 914 254 37 poststyrelsen,
547 914 322 37 telegrafstyrelsen,
890 914 375 37 vattenfallsstyrelsen,
1287 915 255 35 statskontoret,
1564 914 214 38 generaltull-

275 964 176 38 styrelsen,
485 964 306 37 domänstyrelsen,
824 964 363 36 arméförvaltningen,
1220 964 382 37 marinförvaltningen,
1636 964 142 37 flygför-

273 1015 209 36 valtningen,
509 1015 217 37 fullmäktige
751 1016 9 29 i
786 1015 221 36 riksbanken,
1034 1015 381 36 statstjänarkartellen,
1443 1015 335 31 försvarsväsendets

273 1065 389 36 underbefälsförbund,
702 1064 263 37 statstjänarnas
1003 1066 377 36 centralorganisation,
1408 1067 146 29 svenska
1581 1065 198 30 landskom-

275 1126 188 21 munernas
509 1117 164 36 förbund,
720 1118 145 29 svenska
900 1117 294 36 stadsförbundet,
1230 1118 42 29 de
1306 1118 147 30 svenska
1487 1117 291 36 vägstyrelsernas

274 1166 154 31 förbund
443 1167 65 30 och
524 1167 149 30 svenska
688 1167 561 30 kommunalarbetareförbundet.

318 1218 13 29 I
351 1217 206 37 yttrandena
575 1217 45 30 ha
639 1215 78 32 från
736 1227 41 20 en
796 1218 53 29 del
867 1216 71 31 håll
956 1217 255 36 invändningar
1229 1216 106 37 gjorts
1355 1220 71 27 mot
1446 1217 179 36 förslagets
1646 1216 133 31 huvud-

275 1267 182 37 principer.
495 1267 152 31 Sålunda
672 1268 65 30 har
760 1268 78 31 från
863 1268 452 36 motororganisationernas
1340 1268 75 30 sida
1440 1269 163 34 förslaget
1628 1277 57 21 om
1711 1268 67 29 för-

274 1319 202 36 säkringens
500 1318 240 36 utsträckning
763 1319 50 30 till
837 1321 49 27 att
910 1318 145 30 omfatta
1081 1319 304 36 olyckshändelser
1410 1320 86 29 mött
1521 1319 148 29 bestämt
1693 1321 85 27 mot-

275 1368 111 31 stånd.
418 1369 134 30 Jämväl
572 1369 80 30 med
671 1370 168 29 avseende
857 1368 20 31 å
896 1368 176 31 formerna
1091 1369 56 30 för
1166 1369 259 36 försäkringens
1445 1369 179 30 ordnande
1643 1369 47 30 ha
1709 1378 68 20 me-

275 1420 171 36 ningarna
464 1419 10 30 i
492 1420 208 38 yttrandena
719 1418 70 37 gått
807 1419 78 30 isär.
917 1419 13 30 I
950 1420 92 30 detta
1060 1420 197 29 hänseende
1275 1418 57 31 må
1351 1419 121 30 endast
1492 1420 157 35 nämnas,
1670 1422 49 27 att
1737 1429 42 20 av

275 1470 459 36 försäkringsinspektionen
755 1469 174 37 upptagits
951 1468 122 37 frågan
1096 1479 57 20 om
1175 1470 195 30 inrättande
1392 1479 42 21 av
1456 1479 41 20 en
1521 1470 257 29 centralanstalt

274 1522 55 29 för
349 1519 317 37 trafikförsäkring,
689 1519 114 31 vilken
823 1517 98 38 fråga
942 1519 30 37 ej
995 1520 132 29 berörts
1150 1520 10 29 i
1181 1519 243 30 betänkandet.
1470 1519 77 31 Med
1570 1520 137 35 hänsyn
1728 1518 51 31 till

274 1572 41 30 de
334 1571 201 30 invecklade
554 1571 65 30 och
639 1569 166 31 svårlösta
826 1569 169 37 spörsmål
1015 1580 75 20 som
1110 1571 64 29 här
1189 1570 216 35 uppkomma
1426 1570 63 30 har
1510 1571 268 35 departements-

273 1622 124 30 chefen
416 1622 114 29 funnit
548 1620 124 37 frågan
690 1630 57 21 om
764 1630 41 21 en
824 1619 202 38 fullständig
1044 1620 149 30 revision
1212 1629 42 20 av
1272 1619 260 37 lagstiftningen
1551 1620 158 30 erfordra
1728 1622 49 34 yt-

272 1673 158 35 terligare
450 1671 183 37 utredning
654 1672 65 29 och
739 1670 118 30 därför
876 1671 31 36 ej
928 1680 48 21 nu
996 1671 120 30 kunna
1137 1670 191 37 föreläggas
1350 1670 194 37 riksdagen.

319 1723 389 36 Departementschefen
726 1723 64 29 har
803 1722 189 30 emellertid
1008 1722 172 35 därjämte
1195 1721 202 36 framhållit,
1417 1724 48 27 att
1483 1722 41 29 de
1542 1721 235 36 sakkunnigas

275 1773 128 35 förslag
425 1771 44 38 på
488 1775 45 27 ett
554 1781 63 27 par
638 1771 128 36 viktiga
786 1771 149 36 punkter
955 1772 10 29 i
986 1771 134 37 princip
1142 1771 121 30 vunnit
1285 1771 144 30 allmänt
1446 1771 148 36 gillande
1616 1771 11 30 i
1648 1773 129 35 yttran-

274 1824 98 34 dena,
395 1822 171 37 nämligen
587 1823 9 29 i
616 1821 98 36 fråga
734 1832 57 20 om
810 1822 368 36 passagerarskyddets
1200 1822 248 37 utsträckning,
1469 1822 309 37 försäkringssum-

274 1884 140 20 mornas
432 1874 145 37 höjning
593 1876 90 27 samt
701 1873 169 30 lättnader
888 1873 10 29 i
915 1872 469 36 skadeståndsskyldigheten
1403 1872 55 37 för
1476 1873 114 36 förare
1610 1882 42 20 av
1667 1875 111 27 staten

274 1925 174 35 tillhöriga
473 1923 251 37 motorfordon.
774 1922 113 37 Enligt
914 1922 379 37 departementschefen
1320 1924 38 28 är
1384 1923 147 29 behovet
1558 1931 41 21 av
1627 1931 69 28 nya
1722 1923 55 28 be-

275 1973 214 31 stämmelser
512 1973 44 36 på
579 1973 99 30 dessa
702 1972 148 36 punkter
873 1972 37 30 så
931 1972 201 36 trängande,
1156 1974 49 28 att
1229 1973 54 29 det
1307 1972 63 30 bör
1389 1973 186 35 övervägas
1599 1974 50 28 att
1671 1971 107 30 redan

274 2035 46 20 nu
340 2023 224 38 provisoriskt
584 2022 166 37 avhjälpa
767 2023 169 30 bristerna
954 2023 10 30 i
984 2023 158 37 gällande
1160 2022 146 37 ordning
1325 2024 9 28 i
1354 2023 99 30 dessa
1473 2023 104 30 delar.
1620 2023 13 29 I
1654 2030 123 28 propo-

274 2075 147 30 sitionen
443 2074 60 30 har
525 2073 122 42 därför
669 2074 157 36 samtliga
848 2073 98 30 dessa
969 2072 170 37 spörsmål
1156 2073 174 37 upptagits
1352 2073 52 30 till
1425 2072 221 37 behandling.

318 2126 13 29 I
356 2125 93 29 detta
473 2125 253 36 sammanhang
749 2124 62 30 har
835 2124 9 29 i
869 2122 258 38 propositionen
1152 2124 85 29 även
1261 2123 175 36 upptagits
1460 2122 123 36 frågan
1608 2132 57 20 om
1689 2121 88 31 infö-

273 2176 107 30 rande
399 2185 42 20 av
460 2174 303 36 försäkringsplikt
782 2175 53 29 för
854 2173 399 36 lättviktsmotorcyklar.
1297 2173 141 37 Förslag
1457 2173 148 30 rörande
1625 2172 153 31 ändrade

274 2225 257 31 bestämmelser
549 2226 9 29 i
576 2225 110 36 övrigt
699 2234 57 21 om
773 2224 130 31 sådana
921 2224 125 30 fordon
1064 2225 73 34 har,
1157 2224 85 30 efter
1259 2223 244 37 föredragning
1521 2233 42 20 av
1582 2223 123 30 chefen
1724 2223 54 30 för

273 2275 605 36 kommunikationsdepartementet,
896 2283 121 29 genom
1033 2284 41 20 en
1092 2275 66 29 den
1175 2275 19 29 3
1211 2284 91 20 mars
1323 2274 82 30 1939
1422 2274 215 36 dagtecknad
1654 2282 124 28 propo-

274 2326 112 35 sition,
406 2336 41 20 nr
466 2327 72 35 225,
557 2326 163 36 förelagts
738 2325 183 36 riksdagen
941 2325 54 30 för
1013 2325 170 36 yttrande.
1226 2324 159 30 Nämnda
1405 2323 214 37 proposition
1639 2325 65 29 har
1723 2325 54 29 be-

274 2376 162 31 handlats
464 2385 42 22 av
534 2378 228 28 sammansatt
789 2374 218 36 bevillnings-
1036 2376 66 29 och
1126 2374 110 31 andra
1265 2374 196 35 lagutskott,
1492 2383 74 20 som
1594 2383 145 21 numera
1768 2373 10 29 i

274 2427 134 36 avgivet
427 2428 187 35 utlåtande,
634 2438 42 19 nr
694 2428 29 34 4,
742 2427 10 29 i
770 2428 40 29 de
829 2427 97 30 delar
941 2436 73 21 som
1033 2428 60 28 äro
1111 2436 42 20 av
1171 2425 173 39 betydelse
1362 2424 56 30 för
1435 2424 229 31 förevarande
1681 2426 96 28 ären-

274 2478 41 30 de
335 2478 132 30 lämnat
489 2478 173 35 förslagen
683 2481 83 27 utan
786 2478 147 29 erinran.
