1906 2812
311 164 19 30 2
615 158 419 37 Bevillningsutskottets
1053 154 224 33 betänkande
1295 154 52 31 NT
1372 154 51 29 55.

311 240 34 39 d)
368 240 54 32 för
456 248 116 23 annan
594 236 198 37 automobil,
815 235 78 32 med
917 235 119 36 ringar
1059 243 44 21 av
1125 233 108 30 annat
1256 233 100 29 ämne
1379 232 45 29 än
1447 229 100 37 mjuk
1570 227 204 36 kautschuk,

269 294 75 32 med
378 293 118 32 femtio
530 292 126 31 kronor
690 290 55 31 för
772 289 96 37 varje
891 287 157 38 påbörjat
1070 286 50 31 tal
1143 295 45 22 av
1211 283 184 33 etthundra
1419 283 172 36 kilogram
1614 291 45 22 av
1681 282 94 30 auto-

269 347 167 31 mobilens
459 344 212 38 tjänstevikt.

313 492 119 31 Denna
452 489 202 36 förordning
677 487 115 32 träder
813 487 13 31 i
849 486 93 31 kraft
965 485 65 32 den
1055 486 18 30 1
1097 484 139 38 januari
1260 483 95 31 1928.

312 543 160 32 Inträder
505 543 72 30 före
608 540 151 32 nämnda
781 539 66 36 dag
871 538 200 36 skatteplikt
1094 537 53 31 för
1170 535 219 37 motorcykel,
1413 545 72 21 som
1507 534 108 37 enligt
1637 533 139 32 hittills-

271 595 150 32 varande
454 593 255 32 bestämmelser
743 592 74 30 icke
849 590 113 31 skolat
995 590 208 36 registreras,
1237 588 89 31 skall
1359 588 53 30 för
1439 587 105 31 sådan
1567 585 208 37 motorcykel

270 648 93 31 skatt
384 646 156 36 erläggas
562 645 109 36 enligt
695 643 65 31 den
783 643 12 30 i
819 642 111 31 denna
953 641 204 35 förordning
1179 639 155 36 angivna
1357 638 122 37 grund.

314 700 72 31 Där
419 696 214 33 beträffande
667 694 220 38 motorcykel,
921 703 73 21 som
1028 692 60 32 vid
1123 692 112 31 denna
1259 690 219 37 förordnings
1501 688 276 33 ikraftträdande

271 755 39 29 är
332 750 217 39 registrerad,
573 748 139 38 uppgift
734 757 57 22 om
813 745 254 38 motorcykelns
1089 744 205 38 tjänstevikt
1315 743 75 32 icke
1405 743 184 36 föreligger
1605 741 59 32 vid
1680 741 96 32 tiden

271 806 54 31 för
348 805 108 31 skatts
479 802 196 38 påförande,
698 800 90 32 skall
813 800 91 31 skatt
927 799 83 36 utgå
1032 798 109 36 enligt
1164 805 48 23 ru
1236 793 162 40 gällande
1419 795 158 37 grunder.

908 1100 234 50 Förslag

1001 1169 55 31 till

275 1235 219 39 förordning
529 1242 60 22 om
625 1232 140 31 ändrad
799 1231 139 40 lydelse
972 1239 44 21 av
1045 1230 17 29 1
1088 1230 18 39 $
1129 1228 11 30 i
1164 1226 267 41 förordningen
1455 1226 72 30 den
1549 1226 19 29 2
1592 1225 77 39 juni
1694 1225 85 31 1922

475 1287 62 40 (nr
559 1286 81 39 261)
664 1293 60 22 om
748 1283 158 31 särskild
929 1284 99 29 skatt
1055 1281 11 31 å
1081 1279 498 41 automobilgummiringar.!

318 1383 211 36 Härigenom
552 1380 189 35 förordnas,
764 1381 51 29 att
838 1380 18 30 1
881 1379 17 37 $
922 1378 12 31 i
958 1377 244 36 förordningen
1225 1375 66 32 den
1315 1376 18 30 2
1357 1374 78 37 juni
1459 1374 83 31 1922
1559 1383 56 21 om
1631 1373 148 31 särskild

275 1436 92 31 skatt
393 1436 21 29 å
437 1431 446 37 automobilgummiringar
905 1430 89 31 skall
1011 1430 13 29 i
1039 1429 111 31 nedan
1174 1428 149 36 angiven
1347 1426 55 31 del
1418 1426 91 31 hava
1525 1425 152 37 följande
1700 1424 80 31 änd-

277 1488 79 31 rade
378 1486 138 38 lydelse:

992 1535 20 29 1
1035 1534 28 38 $.

320 1610 67 30 För
420 1607 150 37 följande
593 1606 138 31 arbeten
755 1615 45 21 av
824 1605 98 36 mjuk
946 1603 202 35 kautschuk,
1172 1612 72 21 som
1269 1601 55 31 till
1348 1601 89 30 riket
1460 1600 140 35 införas,
1624 1601 84 29 utan
1730 1600 51 30 att

276 1661 173 32 tullfrihet
472 1660 108 35 enligt
603 1658 168 31 särskilda
793 1656 252 32 bestämmelser
1068 1655 117 31 därför
1207 1654 160 36 åtnjutes,
1390 1653 83 31 eller
1494 1662 71 21 som
1581 1652 94 30 inom
1692 1651 90 31 riket

277 1713 188 35 tillverkas,
500 1711 176 36 nämligen
710 1710 150 31 massiva
887 1708 197 38 hjulringar
1108 1709 100 36 (även
1231 1707 13 30 i
1267 1705 154 38 längder)
1445 1706 90 30 samt
1556 1704 225 37 yttergummi

276 1766 81 31 eller
380 1765 93 32 delar
496 1763 119 32 därtill
639 1763 53 31 för
715 1763 119 35 ringar
856 1762 56 31 till
935 1760 225 32 automobiler
1183 1760 101 36 (även
1306 1757 254 38 motorcyklar),
1584 1756 87 31 skall
1688 1756 12 31 i
1716 1755 66 32 den

278 1818 145 35 ordning
445 1816 111 31 nedan
590 1815 137 36 stadgas
761 1814 155 36 erläggas
939 1814 91 30 skatt
1052 1823 44 20 av
1120 1822 42 21 en
1185 1812 108 30 krona
1316 1810 41 31 75
1381 1811 56 29 öre
1460 1819 59 26 per
1542 1809 179 36 kilogram.

321 1869 18 31 I
362 1869 107 31 första
493 1885 39 4 —
558 1885 41 3 —
625 1884 39 4 —
690 1866 202 36 förordning
915 1863 456 37 automobilgummiringar.

322 1922 50 30 På
394 1920 132 36 Kungl.
551 1919 117 37 Majts
693 1937 39 3 —
759 1936 38 3 —
822 1935 41 4 —
887 1917 89 31 skall
999 1916 166 36 erläggas.

323 2060 120 31 Denna
467 2058 200 36 förordning
692 2057 112 32 träder
829 2057 11 31 i
864 2056 94 32 kraft
980 2055 65 31 den
1069 2056 18 29 1
1111 2054 67 36 juli
1203 2054 94 31 1927.

327 2490 8 14 1
357 2493 111 24 Senaste
488 2491 113 32 lydelse,
621 2498 28 16 se
671 2490 73 24 1923:
757 2490 39 23 73.
