1880 2816
260 159 37 29 12
639 158 394 38 Bevillningsutskottets
1052 160 217 32 betänkande
1289 170 41 22 nr
1359 164 49 30 38.

263 247 154 35 vägande
436 246 301 30 konsekvenserna
756 255 42 21 av
819 248 46 28 ett
884 245 240 36 avskaffande,
1144 246 71 31 helt
1234 247 81 30 eller
1335 247 118 36 delvis,
1474 257 42 21 av
1537 248 67 30 den
1626 248 142 37 skärpta

263 296 364 36 omsättningsskatten
645 295 21 31 å
684 296 90 31 vissa
794 296 72 37 slag
884 305 43 22 av
947 297 142 30 skodon.
1111 297 182 30 Nämnden
1313 298 91 30 hade
1421 298 58 30 vid
1498 297 75 32 sina
1592 299 174 37 överlägg-

262 346 122 37 ningar
408 347 213 30 härutinnan
646 346 144 32 samrått
815 347 80 30 med
919 350 275 33 representanter
1219 348 57 30 för
1299 351 128 28 statens
1452 348 314 32 industrikommis-

264 397 73 31 sion
361 398 66 29 och
452 397 151 37 Sveriges
625 397 380 31 skohandlarförbund.

305 446 226 32 Beträffande
546 448 177 30 resultatet
740 457 43 21 av
798 448 194 32 nämndens
1012 449 261 35 överväganden
1291 449 65 30 har
1374 450 177 31 nämnden
1567 450 118 31 anfört
1703 450 63 32 föl-

260 496 117 37 jande:

308 548 68 32 >Av
402 549 67 30 den
492 558 42 21 av
557 549 318 36 kontrollstyrelsen
898 550 208 30 verkställda
1130 550 228 36 utredningen
1381 550 174 32 inhämtas
1581 551 45 30 bl.
1651 560 41 27 a.,
1718 554 49 29 att

262 598 65 31 den
348 599 143 36 skärpta
512 599 366 37 omsättningsskatten
898 599 21 31 å
942 601 133 29 skodon
1094 601 10 29 i
1125 601 80 30 hela
1224 601 87 31 riket
1333 602 100 30 torde
1452 603 119 30 kunna
1594 603 173 31 beräknas

261 648 88 32 hava
370 649 174 36 inbringat
564 649 56 31 för
640 649 39 31 år
705 651 81 29 1942
808 650 161 38 omkring
989 651 64 30 650
1065 651 64 30 000
1151 652 129 30 kronor
1298 669 46 4 -—
1364 654 245 30 motsvarande
1627 653 97 32 cirka
1747 655 19 29 6

260 703 143 32 procent
427 709 44 21 av
495 700 67 30 den
585 701 107 30 totala
716 701 197 30 inkomsten
938 711 43 21 av
1008 702 65 30 den
1102 703 141 35 skärpta
1268 703 367 37 omsättningsskatten
1663 705 104 37 enligt

264 750 82 29 1943
364 749 56 31 års
440 750 163 37 taxering,
625 751 87 35 10,76
732 751 162 36 miljoner
913 753 129 30 kronor
1060 770 44 3 —
1123 754 64 29 och
1209 753 56 31 för
1281 753 40 31 år
1342 755 84 29 1943
1446 754 160 37 omkring
1625 756 64 30 600
1702 755 65 31 000

261 800 136 31 kronor.
422 800 208 37 Nedgången
650 802 98 31 torde
771 803 274 36 sammanhänga
1067 806 79 29 med
1168 805 43 30 de
1231 805 56 30 för
1310 806 217 32 skohandeln
1548 805 220 32 föreskrivna

260 850 402 37 regleringsåtgärderna.
689 853 50 30 Av
762 853 78 30 hela
861 853 252 38 försäljningen
1135 864 43 21 av
1202 856 142 38 skodon,
1368 856 257 31 underkastade
1648 857 120 36 skärpt

263 901 327 37 omsättningsskatt,
614 903 99 30 torde
735 902 251 38 försäljningen
1011 915 42 20 av
1075 906 262 30 mockaskodon
1359 909 234 34 representera
1616 908 41 29 80
1682 908 20 28 å
1724 907 44 30 90

260 954 151 32 procent.
443 952 229 31 Lackskodon
699 954 174 30 tillverkas
901 955 77 29 icke
1002 954 56 31 för
1084 957 226 37 närvarande,
1341 958 129 30 medan
1495 958 271 31 brokadskodon

261 1001 64 30 och
345 1002 111 30 andra
477 1002 116 36 dylika
617 1004 135 30 skodon
772 1004 163 37 försäljas
955 1005 11 30 i
988 1006 144 30 allenast
1152 1007 173 37 obetydlig
1345 1008 139 36 mängd.

305 1051 203 31 Införandet
536 1063 42 20 av
606 1054 67 31 den
703 1055 141 36 skärpta
870 1057 366 35 omsättningsskatten
1265 1058 10 30 i
1301 1057 99 37 fråga
1430 1068 57 21 om
1514 1059 90 30 vissa
1633 1060 133 30 skodon

259 1101 64 31 har
345 1102 11 29 i
383 1105 47 29 ett
454 1102 114 32 flertal
589 1104 222 31 hänseenden
835 1105 106 31 vållat
964 1107 394 38 tolkningssvårigheter.
1387 1109 98 31 Efter
1510 1109 257 37 framställning

260 1160 42 21 av
320 1153 177 30 nämnden
514 1154 90 30 hava
622 1154 92 32 vissa
732 1155 172 32 lättnader
922 1156 169 37 vidtagits,
1110 1158 46 32 bl.
1177 1168 29 21 a.
1227 1176 44 3 —
1287 1167 127 28 genom
1432 1159 249 38 förordningen
1700 1161 67 30 den

260 1202 42 30 30
321 1202 182 31 december
525 1205 81 29 1941
628 1204 177 37 angående
826 1207 236 36 beräkningen
1081 1218 43 21 av
1146 1209 131 30 allmän
1297 1210 322 36 omsättningsskatt
1642 1212 10 29 i
1676 1211 90 31 vissa

259 1252 62 31 fall
342 1270 45 4 —
406 1254 222 32 beträffande
648 1256 234 31 barnskodon.
905 1257 107 30 Dessa
1033 1258 172 32 lättnader
1227 1260 90 31 hava
1339 1260 100 35 dock,
1461 1260 126 31 liksom
1609 1261 97 31 fallet
1728 1263 39 29 är

259 1304 79 29 med
367 1305 238 32 ovanberörda
632 1306 205 37 förordning
863 1308 68 29 den
960 1309 38 28 17
1027 1309 181 31 december
1236 1311 92 36 1943,
1357 1314 110 27 avsett
1494 1311 121 31 endast
1645 1312 119 36 detalj-

260 1353 180 36 spörsmål.
471 1355 159 31 Rörande
656 1356 119 37 övriga
801 1358 210 31 hithörande
1036 1359 170 36 spörsmål
1235 1361 38 30 är
1296 1360 126 32 främst
1451 1364 48 28 att
1525 1363 172 30 anteckna
1725 1364 42 29 de

259 1403 71 37 fall,
347 1403 45 32 då
409 1406 136 30 skodon
561 1410 244 28 sammansatts
824 1418 42 22 av
883 1409 93 30 olika
993 1409 221 32 skinnsorter.
1231 1428 45 3 —
1289 1428 45 4 —
1351 1411 14 30 I
1385 1412 93 31 detta
1495 1413 170 30 avseende
1680 1413 84 30 hän-

260 1454 75 30 föra
354 1455 52 37 sig
423 1465 43 20 av
484 1456 177 36 praktiska
679 1458 77 30 skäl
772 1459 44 30 de
831 1462 88 27 mest
936 1460 195 36 betydande
1148 1461 258 37 svårigheterna
1424 1463 50 29 till
1493 1464 270 30 mockaskodon.

301 1503 65 31 Vid
384 1504 233 32 bedömandet
637 1515 44 21 av
701 1506 123 37 frågan
845 1518 57 21 om
925 1510 255 36 verkningarna
1202 1520 43 21 av
1267 1512 67 29 den
1358 1512 141 37 skärpta
1521 1509 242 45 omsättnings-

260 1554 135 30 skatten
417 1554 21 31 å
460 1555 91 31 vissa
577 1557 73 37 slag
672 1566 44 21 av
737 1558 134 30 skodon
895 1569 101 27 synes
1020 1569 81 21 man
1125 1562 80 30 med
1229 1562 135 37 hänsyn
1388 1563 52 29 till
1462 1563 59 30 det
1544 1573 46 20 nu
1615 1564 149 30 anförda

258 1605 88 30 hava
364 1608 51 27 att
432 1605 12 30 i
463 1606 108 30 första
590 1607 96 30 hand
705 1611 79 34 taga
804 1609 11 30 i
835 1610 239 36 övervägande
1092 1611 264 37 beskattningen
1379 1621 44 21 av
1443 1614 273 30 mockaskodon.
1750 1614 14 30 I

261 1654 123 31 sådant
406 1656 197 32 hänseende
623 1658 61 30 vill
705 1659 177 30 nämnden
903 1659 197 38 framhålla,
1123 1664 50 27 att
1195 1662 55 30 det
1272 1663 97 30 torde
1391 1663 120 31 kunna
1532 1663 231 37 ifrågasättas,

258 1706 174 31 huruvida
458 1707 133 30 skodon
615 1718 45 20 av
684 1710 127 29 mocka
839 1711 61 29 äro
927 1713 49 28 att
1002 1711 150 31 hänföra
1177 1712 51 30 till
1254 1711 134 32 sådana
1415 1723 110 26 varor,
1555 1714 95 31 vilka
1679 1715 85 30 böra

257 1755 124 31 träffas
401 1765 45 21 av
465 1758 288 37 lyxbeskattning.
787 1759 114 38 Enligt
919 1761 193 31 nämndens
1134 1762 141 38 mening
1293 1764 99 30 torde
1410 1764 10 30 i
1441 1764 60 30 allt
1520 1764 62 30 fall
1602 1765 160 30 damsko-

257 1806 67 30 don
342 1816 44 21 av
404 1806 124 32 sådant
544 1809 157 30 material
718 1819 145 22 numera
880 1811 57 30 för
955 1811 57 31 det
1031 1812 178 31 allmänna
1229 1813 358 38 föreställningssättet
1606 1817 157 29 närmast

257 1856 145 32 framstå
428 1857 114 31 såsom
567 1859 136 31 skodon
729 1860 56 30 för
812 1861 248 37 vardagsbruk.
1098 1862 120 32 Redan
1243 1873 43 21 av
1313 1864 114 31 denna
1453 1865 185 36 anledning
1665 1866 99 30 torde

256 1907 218 37 följaktligen
491 1909 119 30 kunna
624 1909 232 38 ifrågasättas,
874 1912 172 31 huruvida
1066 1913 76 31 icke
1158 1916 47 28 ett
1223 1914 233 31 avskaffande
1472 1924 42 21 av
1532 1915 68 30 den
1620 1916 143 36 skärpta

257 1959 364 36 omsättningsskatten
644 1959 21 32 å
688 1961 262 31 mockaskodon
973 1972 80 21 vore
1073 1966 49 28 att
1143 1973 84 21 anse
1247 1963 115 31 såsom
1380 1965 193 31 motiverat.
1597 1966 66 30 Till
1687 1967 76 30 stöd

256 2008 55 30 för
327 2012 48 27 ett
395 2009 232 31 avskaffande
646 2020 43 21 av
708 2012 67 30 den
799 2012 142 37 skärpta
962 2014 364 37 omsättningsskatten
1347 2014 45 38 på
1413 2015 134 31 skodon
1568 2025 45 21 av
1637 2017 125 29 mocka

256 2059 97 30 torde
373 2060 66 30 ock
461 2060 120 30 kunna
599 2059 180 40 åberopas,
804 2064 50 28 att
873 2063 121 36 dylika
1015 2064 132 31 skodon
1170 2074 153 27 numera,
1346 2065 106 37 enligt
1474 2066 66 30 vad
1561 2066 57 31 för
1639 2068 122 29 nämn-

257 2108 64 31 den
348 2111 168 36 upplysts,
541 2111 176 31 tillverkas
747 2113 237 36 övervägande
1013 2123 41 21 av
1082 2116 125 29 svensk
1235 2114 134 32 råvara.
1411 2116 117 30 Under
1552 2116 211 37 hänvisning

256 2159 115 31 härtill
392 2161 67 30 och
480 2160 44 32 då
547 2161 233 32 kostnaderna
801 2163 55 30 för
874 2172 44 22 en
938 2163 144 31 effektiv
1103 2165 160 36 kontroll,
1284 2166 81 30 med
1385 2167 137 36 hänsyn
1544 2167 51 29 till
1616 2167 145 36 tidigare

258 2211 146 30 berörda
440 2212 469 38 avgränsningssvårigheter,
945 2216 99 29 torde
1075 2215 116 37 uppgå
1225 2216 50 29 till
1310 2216 137 38 belopp,
1481 2226 76 22 som
1591 2218 11 29 i
1635 2217 126 38 jämfö-

255 2260 86 30 relse
363 2261 82 30 med
469 2262 308 31 skatteintäkterna
802 2262 109 32 måste
937 2265 184 30 betecknas
1145 2264 114 32 såsom
1282 2266 206 37 betydande,
1514 2275 101 22 anser
1638 2268 122 30 nämn-

256 2310 74 36 den,
350 2313 51 28 att
419 2311 68 31 den
507 2313 141 36 skärpta
668 2313 365 37 omsättningsskatten
1065 2314 8 31 å
1093 2316 261 31 mockaskodon
1378 2317 65 30 bör
1462 2317 190 32 avskaffas.

299 2360 74 31 Vad
395 2360 75 31 åter
490 2361 107 38 angår
617 2363 119 37 övriga
759 2364 73 38 slag
850 2373 44 21 av
920 2365 119 36 skärpt
1061 2366 321 37 omsättningsskatt
1404 2367 256 32 underkastade
1684 2369 75 29 sko-

255 2411 69 31 don
343 2430 47 5 —
410 2411 111 32 vilkas
542 2413 168 31 karaktär
729 2422 43 22 av
796 2414 194 37 lyxskodon
1014 2415 198 38 visserligen
1234 2417 75 30 icke
1332 2417 82 30 med
1436 2417 59 37 fog
1517 2418 96 30 torde
1640 2419 119 29 kunna

256 2461 219 38 ifrågasättas
494 2480 44 4 —
557 2463 53 31 får
631 2464 175 30 nämnden
827 2464 133 36 anföra,
981 2468 57 34 att,
1059 2467 114 30 därest
1193 2468 65 29 den
1278 2468 144 37 skärpta
1441 2469 318 37 omsättningsskat-
