2149 2643
715 122 270 31 Stats-Utskottets
1015 125 167 31 Utlåtande
1209 127 55 29 N:o
1288 129 46 27 14.
1750 132 34 29 13

233 207 194 43 väsendet,
456 213 96 31 samt
580 210 266 47 uppgörandet
875 210 40 36 af
938 210 139 50 förslag
1105 212 8 35 i
1145 212 198 38 alfabetisk
1373 216 161 48 ordning
1554 217 104 36 öfver
1679 217 45 37 de
1745 218 83 36 huf-

233 258 223 49 vudsakliga
497 258 461 52 förrådsbehållningarne
1000 263 62 36 vid
1104 265 245 46 stationerna,
1391 266 110 37 hafva
1542 275 285 31 reservanterue

232 308 171 51 afstyrkt,
434 319 89 27 enär
551 311 131 49 frågan
711 325 60 23 om
800 313 311 37 båtsmanshållet
1139 317 117 48 enligt
1284 318 57 35 sin
1370 324 111 30 natur
1501 320 178 37 tillhörde
1695 322 133 35 statio-

232 374 125 32 nerna,
401 362 67 36 der
510 363 71 35 den
623 364 164 47 speciela
822 365 215 37 kontrollen
1066 366 104 36 öfver
1198 369 221 48 manskapet
1448 370 133 45 hålles;
1610 370 127 50 frågor
1767 386 60 22 om

230 413 361 46 pensionsväsendet
621 414 121 47 aldrig
771 415 123 36 kunde
925 417 150 35 komma
1104 423 54 29 att
1186 419 153 35 tillhöra
1372 434 120 22 annan
1529 423 224 47 myndighet
1781 431 47 27 än

230 461 238 38 direktionen
491 463 105 37 öfver
615 462 626 52 Amiralitets-krigsmanskassan;
1262 476 96 30 samt
1374 470 331 51 förteckningarne
1722 472 105 37 öfver

228 512 465 51 förrådsbehållningarna
736 517 229 48 uppgjordes
1007 519 61 35 vid
1104 520 234 37 stationerna
1371 523 68 35 och
1468 523 81 36 icke
1578 524 125 36 kunde
1733 538 94 36 upp-

239 570 107 31 rättas
376 567 7 33 I
410 566 364 49 räkenskapsbyrån,
809 582 80 21 som
924 582 58 22 om
1019 570 83 36 dem
1137 571 81 36 icke
1253 572 94 36 hade
1382 587 122 23 annan
1539 575 212 36 kännedom
1781 584 44 28 än

231 615 78 36 från
339 618 233 35 stationerna
599 617 127 36 kunde
755 619 141 36 vinnas.

369 666 59 36 En
469 668 287 36 konutedledamot
796 670 67 35 har
904 671 80 36 icke
1024 672 102 36 delat
1160 674 264 47 pluralitetens
1459 677 108 46 åsigt,
1597 682 53 31 att
1679 677 63 36 det
1770 677 57 36 för

230 719 233 35 närvarande
494 732 89 24 vore
612 720 173 48 lämpligt
814 727 54 30 att
889 722 157 49 indraga
1066 723 295 51 Förvaltningen
1382 726 39 37 af
1435 728 277 47 sjö-ärendena,
1733 729 92 35 eller

229 775 54 30 att
314 776 122 41 någon
466 769 119 37 fördel
616 771 120 35 skulle
766 773 131 36 vinnas
925 787 137 34 genom
1092 781 53 29 att
1176 777 133 49 utbyta
1344 777 104 37 detta
1481 780 238 37 embetsverk
1748 787 80 29 mot

228 821 136 47 byråer
405 821 122 36 under
569 821 141 37 Chefen
751 822 57 36 för
848 822 550 52 Sjöförsvars-departementet
1432 835 96 30 samt
1556 830 168 49 förflytta
1753 831 72 35 den

229 872 296 47 afgöranderätt,
554 886 79 22 som
664 874 9 34 i
703 874 173 37 tekniska
906 876 67 35 och
1004 877 245 37 ekonomiska
1276 879 126 48 frågor
1422 894 50 22 nu
1492 882 232 35 tillkommer
1739 882 87 36 För-

229 924 231 47 valtningen,
490 923 79 37 dels
597 925 59 35 till
685 924 134 49 Kongl.
849 926 104 48 Maj:t
981 928 68 35 och
1071 928 79 36 dels
1166 930 57 35 till
1239 931 586 49 stationsbefälhafvarne,
1715 919 111 65 jemte

230 974 63 35 det
324 975 203 35 lotsverket
556 976 120 35 skulle
705 984 108 39 göras
842 978 58 34 till
929 984 54 29 ett
1010 979 254 50 sjelfständigt
1285 983 246 36 embetsverk.
1581 983 245 48 Sjöförsvars-

229 1025 303 48 departementet
572 1026 212 37 förestodes
819 1041 48 22 nu
905 1028 39 36 af
973 1043 45 22 en
1054 1043 148 35 person,
1231 1045 80 23 som
1341 1034 80 35 icke
1450 1034 101 36 förut
1583 1036 144 35 tillhört
1754 1036 72 47 sjö-

228 1083 139 41 vapnet
409 1077 68 35 och
521 1076 147 37 derföre
710 1078 125 37 kunde
870 1078 219 39 förutsättas
1119 1095 88 23 vara
1234 1083 234 38 främmande
1497 1084 57 37 för
1582 1099 45 23 en
1657 1092 79 30 stor
1765 1087 60 35 del

228 1127 39 35 af
291 1128 217 47 sjövapnets
543 1128 171 47 detaljer,
749 1129 145 37 hvilket
927 1130 235 38 förhållande
1198 1135 187 35 måhända
1412 1136 11 34 i
1452 1143 101 29 ännu
1589 1137 113 47 högre
1732 1138 92 46 grad

227 1178 120 35 skulle
389 1179 151 35 komma
582 1185 55 29 att
680 1192 69 36 ega
791 1194 82 22 rum
915 1181 213 47 framdeles,
1165 1185 9 34 i
1209 1184 76 45 fall,
1314 1186 57 35 till
1400 1185 92 49 följd
1522 1187 40 36 af
1587 1189 238 35 materielens

227 1228 289 50 förminskning,
558 1230 125 36 landt-
725 1231 69 35 och
836 1232 242 47 sjöförsvaret
1112 1235 148 37 komme
1290 1242 54 30 att
1372 1239 127 35 ställas
1529 1239 122 36 under
1679 1253 45 22 en
1754 1240 68 35 och

226 1293 142 24 samma
402 1280 380 49 departementschef,
818 1283 165 45 hvilken,
1011 1298 137 34 genom
1176 1287 56 35 sin
1262 1287 142 37 dubbla
1431 1288 224 50 befattning,
1681 1291 142 36 erhölle

227 1331 146 37 mindre
414 1333 56 34 tid
513 1337 54 31 att
607 1338 98 30 sätta
746 1334 58 48 sig
844 1335 34 35 in
914 1336 10 34 i
959 1336 216 49 sjövapnets
1209 1341 135 45 många
1372 1340 209 37 olikartade
1612 1342 68 35 och
1710 1355 114 35 egen-

228 1382 167 49 domliga
424 1382 170 49 detaljer.
649 1383 80 36 Den
760 1386 215 36 nuvarande
1004 1389 468 47 representationsformen
1495 1392 82 35 med
1598 1393 117 48 årliga
1731 1393 93 36 riks-

227 1433 116 49 dagar
373 1434 124 36 kunde
523 1435 140 47 jemväl
692 1436 178 49 möjligen
898 1438 150 36 komma
1076 1444 55 31 att
1159 1441 113 36 alstra
1301 1454 101 24 mera
1430 1443 183 48 rörlighet
1641 1444 10 35 i
1673 1445 149 47 åsigter,

229 1485 83 36 med
342 1484 205 49 åtföljande
577 1491 78 32 täta
684 1487 355 51 ministerombyten
1069 1490 69 36 och
1168 1491 84 36 med
1282 1493 152 48 ombyte
1470 1493 39 37 af
1533 1495 170 36 minister
1732 1496 91 47 möj-

226 1537 99 47 ligen
356 1536 108 36 äfven
495 1538 154 48 ombyte
679 1538 40 36 af
734 1539 335 48 expeditionschef.
1110 1541 131 38 Under
1260 1543 139 37 sådana
1414 1544 261 38 förhållar.den
1693 1552 130 43 syntes

226 1586 64 36 det
332 1588 213 48 betänkligt
588 1594 54 30 att
683 1594 87 42 taga
811 1590 86 36 bort
930 1604 45 22 en
1004 1593 173 48 ansvarig
1205 1594 218 37 ekonomisk
1453 1598 170 46 styrelse,
1651 1611 80 22 som
1760 1597 62 36 vid

225 1638 283 48 behandlingen
551 1638 39 37 af
627 1643 38 32 så
699 1641 60 35 väl
792 1641 173 37 tekniska
993 1656 79 22 som
1102 1644 245 37 ekonomiska
1374 1645 129 49 frågor
1529 1648 128 36 kunde
1685 1649 139 36 bevara

227 1702 45 22 en
303 1690 58 35 väl
390 1690 166 48 behöflig
584 1691 234 37 kontinuitet
847 1693 67 35 och
945 1693 109 37 hvars
1085 1695 205 50 utredning
1318 1696 40 37 af
1385 1698 139 36 sådana
1544 1699 179 44 ärenden,
1743 1714 79 22 som

226 1740 105 35 skola
372 1741 10 34 i
426 1739 243 39 Stats-Rådet
710 1743 217 45 behandlas,
961 1744 246 38 tvifvelsutan
1236 1761 90 22 vore
1356 1748 39 36 af
1419 1755 108 43 nytta
1554 1750 81 36 icke
1665 1752 159 35 allenast

226 1789 57 36 för
325 1791 71 35 den
438 1790 288 50 föredragande,
768 1800 89 29 utan
900 1794 107 37 äfven
1048 1796 58 36 för
1145 1796 263 39 Stats-Rådets
1450 1800 118 48 öfriga
1600 1801 221 37 ledamöter.

227 1840 84 36 Med
356 1841 315 49 Förvaltningens
714 1845 134 48 utbyte
891 1852 77 29 mot
1010 1847 137 47 byråer
1181 1848 123 49 afsåge
1333 1863 86 22 man
1449 1856 54 30 att
1531 1848 293 56 tillvägabringa

225 1897 120 30 större
388 1892 271 49 skyndsamhet
693 1895 10 34 i
738 1895 206 37 ärendenas
979 1896 216 50 afgörande,
1229 1913 136 34 genom
1400 1901 251 48 borttagande
1686 1902 40 37 af
1749 1903 73 37 den

226 1943 298 44 mellaninstans,
555 1945 152 36 hvilken
740 1946 290 49 Förvaltningen
1058 1962 50 22 nu
1138 1955 127 43 utgör;
1296 1956 55 30 att
1380 1952 235 48 undanrödja
1644 1954 45 36 de
1710 1955 113 43 band,

225 2006 82 22 som
350 1994 7 34 i
401 1995 99 35 vissa
540 1995 65 36 fall
647 2010 106 22 anses
789 1997 57 36 för
878 2000 234 36 närvarande
1143 2007 90 30 utan
1262 2003 167 47 egentlig
1457 2003 284 50 nödvändighet
1769 2007 54 34 in-

225 2044 162 37 skränka
428 2046 464 38 stationsbefälhafvarnes
926 2050 232 49 myndighet,
1193 2058 97 30 samt
1318 2058 54 31 att
1402 2054 260 38 åstadkomma
1690 2057 132 47 bespa-

227 2095 82 48 ring
337 2097 11 34 1
377 2096 313 49 statsutgifterna.
745 2098 257 38 Reservanten
1030 2100 218 39 föreställde
1278 2104 57 48 sig
1364 2104 106 45 dock,
1492 2111 54 31 att
1567 2106 64 37 det
1651 2107 170 49 åsyftade

226 2146 216 37 ändamålet
476 2148 121 37 skulle
632 2150 122 36 bättre
789 2151 131 36 vinnas
955 2152 230 49 derigenom,
1220 2161 54 30 att
1307 2156 72 36 alla
1407 2156 140 37 sådana
1574 2157 139 49 frågor,
1741 2172 79 23 som

227 2197 78 36 icke
347 2198 127 37 kunde
517 2199 40 36 af
592 2200 292 49 Förvaltningen
927 2202 159 49 afgöras,
1120 2206 67 35 och
1222 2220 80 22 som
1333 2208 118 47 enligt
1478 2210 344 36 stationsbefälhaf-
