2147 2655
379 164 38 29 30
816 162 95 30 Stats-
927 156 174 44 Utskottets
1115 161 167 30 Utlåtande
1307 162 59 29 N:o
1392 163 43 28 14.

469 248 133 50 Kongl.
644 249 105 49 Maj:t
789 250 68 36 har
884 263 51 23 nu
963 249 196 48 föreslagit
1200 255 55 30 att
1288 250 352 49 anslagsbeloppen,
1670 251 208 49 penningar
1907 254 19 33 7

333 302 90 37 R:dr
454 303 41 36 61
528 309 62 29 öre
620 308 96 30 samt
745 302 144 37 oindelt
921 302 169 49 spanmål
1124 303 43 35 39
1197 300 82 37 kbft
1309 304 19 34 8
1357 302 56 36 k:r
1441 302 85 36 med
1554 301 114 37 värde
1699 301 40 38 af
1764 304 44 35 83
1837 302 91 37 R:dr

332 358 45 34 58
407 362 76 37 öre,
511 354 129 37 hvilka
668 356 281 47 anslagsposter
977 360 136 42 utgöra
1141 354 210 49 ersättning
1379 354 57 37 för
1465 353 179 38 afskrifna
1666 362 262 41 qvarnräntor,

334 411 115 32 måtte
481 419 43 23 ur
552 406 232 37 Riks-staten
816 409 89 46 utgå
934 405 67 37 och
1032 406 63 36 det
1124 404 155 38 dermed
1296 406 155 36 afsedda
1473 405 111 38 behof
1602 406 170 37 betäckas
1802 406 39 36 af
1856 407 73 37 för-

331 459 287 48 slagsanslaget:
659 459 164 36 tillskott
850 459 10 34 i
891 457 45 38 de
965 458 57 36 till
1056 458 438 49 båtsmansindelningen
1523 458 11 36 i
1562 458 182 49 Blekinge
1773 459 61 36 län
1864 473 62 23 an-

330 511 130 47 slagna
489 515 146 39 räntor;
666 510 177 43 varande,
872 510 120 45 enligt
1021 509 98 36 hvad
1148 509 432 49 statsråds-protokollet
1609 507 85 46 (Bil.
1727 511 19 33 4
1763 523 82 35 pag.
1866 509 61 48 24)

330 539 122 72 gifver
479 560 62 38 vid
572 561 161 45 handen,
764 561 103 37 detta
895 540 139 69 förslag
1061 559 188 38 föranledt
1277 561 115 45 deraf,
1423 567 54 30 att
1493 574 73 32 om,
1594 562 10 36 i
1634 559 292 40 öfverensstäm-

333 615 115 35 melse
480 613 85 36 med
593 613 135 48 Kongl.
756 613 122 47 Maj:ts
908 614 68 34 här
1005 594 109 55 ofvan
1145 590 247 59 omförrhälda
1422 613 134 49 nådiga
1575 614 289 47 framställning,
1881 616 46 34 all

332 665 98 47 öfrig
474 664 144 36 oindelt
659 665 169 47 spanmål
873 664 121 36 under
1026 663 267 37 Hufvudtiteln
1324 665 149 35 komme
1503 643 54 57 att
1585 666 9 34 i
1623 664 73 36 fast
1723 666 207 48 penninge-

334 696 132 68 anslag
494 714 229 47 förvandlas,
767 716 79 35 skäl
875 716 31 48 ej
937 728 89 23 vore
1055 714 57 37 för
1141 715 148 36 handen
1322 721 54 30 att
1404 715 188 37 bibehålla
1624 716 64 36 det
1716 716 119 36 under
1863 717 67 35 här

334 766 290 50 ifrågavarande
654 768 234 47 anslagstitel
918 765 200 50 uppförda,
1144 766 275 48 jemförelsevis
1437 767 217 50 obetydliga
1673 768 257 48 spanmålsbe-

332 820 104 48 lopp,
479 818 208 48 hvarjemte
729 818 136 37 värdet
907 817 36 37 af
972 817 122 37 denna
1124 819 169 48 spanmål
1323 825 96 30 samt
1448 818 65 37 det
1539 819 183 36 kontanta
1751 820 180 48 anslaget,

335 871 163 47 tillbhopa
540 870 215 49 utgörande
800 872 40 35 91
886 869 92 37 RKR:dr
1021 870 43 35 19
1107 876 76 38 öre,
1224 883 90 24 vore
1344 869 126 37 alltför
1497 870 105 49 ringa
1633 876 54 30 att
1715 871 217 36 särskildt
1911 865 23 58 i

332 923 235 36 Riks-staten
597 927 197 43 upptagas.

466 972 208 45 Utskottet,
716 987 79 22 som
839 972 112 37 ofvan
980 972 184 51 tillstyrkt
1192 972 105 37 bifall
1327 977 19 32 å
1374 972 135 49 Kongl.
1540 973 123 48 Maj:ts
1693 974 137 49 nådiga
1858 973 73 37 för-

337 1025 83 48 slag
450 1038 57 23 om
538 1024 243 49 förvandling
808 1025 59 36 till
895 1025 323 48 penningeanslag
1247 1023 39 37 af
1309 1024 117 49 öfriga
1457 1027 19 33 å
1504 1025 128 36 Femte
1661 1024 269 38 Hufvudtiteln

340 1090 49 22 nu
421 1075 189 51 uppförda
639 1077 345 49 spanmålsbelopp,
1012 1077 121 35 finner
1161 1077 221 47 visserligen
1413 1076 65 36 det
1505 1076 285 48 ifrågavarande
1820 1091 112 35 span-

334 1128 273 48 målsanslaget
636 1141 75 34 nog
740 1128 217 48 obetydligt
986 1134 55 31 att
1070 1133 146 31 ensamt
1245 1131 19 32 å
1292 1127 269 37 Hufvudtiteln
1591 1128 222 45 bibehållas,
1846 1143 84 23 men

336 1179 174 36 deremot
553 1179 68 35 har
664 1178 64 36 det
769 1184 104 44 synts
916 1178 198 36 Utskottet
1143 1179 31 47 ej
1205 1178 85 35 fullt
1318 1179 186 48 lämpligt,
1533 1184 54 30 avt
1615 1179 56 35 för
1698 1179 168 49 fyllande
1898 1180 39 36 af

335 1231 64 35 det
440 1229 126 45 behof,
609 1230 151 36 hvartill
806 1229 44 37 de
882 1229 247 37 omförmälda
1164 1230 330 48 anslagsposternva
1524 1237 64 29 äro
1619 1229 164 46 afsedda,
1812 1231 120 36 skulle

338 1281 191 37 användas
560 1281 45 36 de
636 1281 137 44 medel,
803 1295 80 23 som
911 1283 121 34 finnas
1068 1281 176 36 anvisade
1286 1285 120 32 såsom
1437 1282 163 35 tillskott
1627 1282 11 35 i
1668 1281 45 36 de
1743 1282 57 36 till
1831 1282 102 36 båts-

335 1333 355 47 mansindelningen
721 1333 10 35 i
760 1333 182 48 Blekinge
973 1334 58 34 län
1064 1333 175 47 anslagna
1269 1338 141 30 räntor.
1465 1332 117 37 Dessa
1610 1333 124 36 medel
1750 1340 64 29 äro
1831 1348 102 22 nem-

333 1385 99 46 ligen
463 1384 190 49 uppförda
679 1384 56 35 till
765 1384 234 36 betäckande
1031 1383 40 37 af
1095 1383 71 37 den
1196 1383 105 44 brist,
1330 1397 78 23 som
1438 1384 58 36 till
1524 1383 90 49 följd
1646 1383 40 37 af
1696 1384 129 37 Rikets
1842 1389 86 32 åren

337 1437 247 35 1856—1858
625 1435 227 36 församlade
895 1434 182 37 Ständers
1111 1434 282 48 medzgifvande,
1422 1441 56 30 att
1506 1434 243 37 öfverskotts-
1778 1436 67 36 och
1875 1451 59 22 re-

337 1493 268 30 servräntorna
637 1487 101 35 inom
768 1486 161 36 nämnda
960 1487 59 34 län
1050 1485 48 45 få,
1128 1491 89 30 utan
1248 1485 253 49 förvandling,
1531 1487 171 47 erläggas
1723 1487 83 36 med
1826 1487 108 37 deras

339 1538 337 48 penningebelopp
720 1538 117 46 enligt
865 1537 219 43 kronvärdi,
1115 1540 171 45 uppstått
1320 1537 63 35 vid
1412 1537 261 48 liqviderande
1704 1537 40 36 af
1768 1538 45 35 de
1843 1552 26 22 s.
1900 1540 33 34 k.

336 1589 382 44 tillskottsräntorna,
760 1566 124 58 hvilka
929 1566 264 71 räntetagarne
1235 1595 65 29 äro
1342 1588 237 48 berättigade
1622 1594 55 31 att
1718 1588 95 37 efter
1841 1591 95 47 årlig

338 1641 234 47 markegång
602 1640 190 48 uppbära;
821 1640 199 36 hvaremot
1049 1618 51 57 de
1124 1652 50 22 nu
1203 1640 57 35 till
1291 1638 191 37 afförande
1513 1638 213 59 föreslagna
1744 1619 190 70 beloppen

336 1697 138 42 utgöra
504 1692 216 46 ersättning
747 1690 57 36 för
834 1690 178 36 afskrifna
1042 1696 131 30 räntor
1201 1689 318 49 hufvudsakligen
1550 1691 102 35 inom
1686 1690 148 37 Calmar
1863 1693 72 35 län.

344 1718 221 77 Emellertid
596 1754 111 38 synes
736 1741 217 37 ändamålet
981 1744 47 46 på
1057 1747 53 31 ett
1139 1746 112 31 annat
1277 1746 73 31 sätt
1378 1741 123 37 kunna
1533 1747 90 30 utan
1642 1742 200 48 olägenhet
1857 1743 79 35 vin-

336 1806 78 23 nas.
470 1792 123 38 Sedan
625 1793 187 48 nemligen
843 1806 158 24 numera
1028 1793 251 35 Riks-statens
1306 1793 155 35 kolumn
1490 1792 57 37 för
1575 1793 121 35 indelt
1724 1799 106 30 ränta
1847 1794 89 48 jem-

337 1845 59 35 väl
442 1844 220 50 inbegriper
702 1843 217 49 förslagsvis
960 1844 192 37 beräknad
1196 1844 210 48 ersättning
1438 1843 57 37 för
1529 1844 56 45 de,
1622 1845 151 48 jemlikt
1800 1844 135 48 Kongl.

335 1895 287 49 Förordningen
668 1895 73 36 den
771 1898 45 34 23
845 1895 79 37 Juli
955 1897 108 43 1869,
1092 1895 185 49 indragna
1305 1902 142 39 räntor,
1474 1895 109 37 torde
1608 1896 143 57 jemväl
1780 1896 71 36 den
1881 1910 55 22 er-

341 1948 168 46 sättning
538 1945 59 38 för
627 1946 190 59 afskrifna,
846 1947 144 37 indelta
1019 1952 260 43 qvarnräntor,
1308 1924 150 59 hvilken
1488 1960 48 23 nu
1568 1954 40 29 är
1635 1947 11 35 i
1673 1945 118 48 fråva,
1820 1948 115 48 lämp-

336 1998 100 48 ligen
480 1999 142 43 kunna,
667 1998 228 37 åtminstone
926 1999 78 36 tills
1033 1998 128 37 vidare
1205 1998 67 36 och
1303 1998 186 36 intilldess
1519 1998 129 36 utredt
1680 1976 126 58 blifvit
1839 1999 96 35 buru

337 2055 84 30 stor
464 2049 59 36 del
556 2048 40 38 af
620 2054 131 31 räntan
783 2050 68 36 bör
879 2051 11 34 i
919 2055 122 31 staten
1070 2049 209 36 bibebållas
1309 2049 68 36 och
1406 2049 97 36 huru
1533 2055 78 30 stor
1640 2049 60 36 del
1729 2050 83 35 med
1843 2063 93 35 pen-

339 2101 250 48 ningeanslag
636 2105 175 41 ersättas,
857 2101 176 47 tilläggas
1081 2100 64 37 det
1191 2101 289 48 anslagsbelopp
1521 2099 57 37 för
1619 2100 318 37 båtsmansindel-

340 2152 154 48 ningen,
537 2152 145 35 hvilket
723 2153 55 34 uti
821 2153 223 35 kolumnen:
1088 2151 148 36 "”Indelt
1276 2157 107 31 ränta
1425 2151 68 36 och
1536 2152 210 47 ersättning
1786 2151 57 36 för
1883 2152 54 35 in-

342 2202 144 48 dragna
527 2201 154 37 räntor”
725 2216 49 23 nu
817 2204 119 35 finnes
965 2204 11 35 i
1004 2202 234 37 Riks-staten
1274 2201 198 49 uppfördt;
1515 2202 67 36 och
1612 2181 196 58 Utskottet
1835 2202 103 36 hem-

337 2254 129 36 ställer
495 2254 120 44 alltså,
