2147 2642
714 156 269 31 Stats-Utskottets
1012 157 166 32 Utlåtande
1201 160 56 29 N:o
1281 160 46 30 14.
1747 165 37 29 33

225 239 120 47 slaget
385 241 58 35 till
485 241 353 48 aflöningsstaterna
878 244 62 35 vid
982 244 260 49 sjöförsvarets
1286 248 200 45 stationer;
1521 250 68 35 och
1619 250 59 45 då,
1707 252 119 49 enligt

226 290 98 36 hvad
365 291 39 36 af
441 292 434 49 statsråds-protokollet
916 296 198 45 inhemtas,
1150 296 139 50 förslag
1318 299 57 36 till
1404 301 190 48 reglering
1624 301 39 36 af
1688 303 136 37 lärare-

226 343 222 46 personalen
478 344 61 35 vid
571 345 162 36 närnnda
753 347 107 35 skola
880 354 64 28 äro
966 347 119 36 under
1107 350 256 47 utarbetning,
1380 351 218 37 hemställer
1614 351 209 48 Utskottet,

625 402 55 30 att
707 396 217 49 Riksdagen
952 402 116 32 måtte
1097 399 133 49 Kongl.
1261 401 124 47 Maj:ts
1414 401 246 39 förevarande
1686 406 138 47 nådiga

623 446 278 51 framställning
941 455 47 42 på
1030 449 65 37 det
1135 456 74 30 sätt
1250 450 141 46 bifalla,
1426 458 65 39 att,
1527 453 125 38 derest
1686 450 134 58 Kongl.

622 497 107 49 Maj:t
769 499 122 36 skulle
932 502 103 34 finna
1074 502 57 47 sig
1171 501 211 37 föranlåten
1423 503 169 51 företaga
1632 502 190 53 reglering

623 548 40 37 af
686 551 348 47 lärarepersonalen
1064 552 62 35 vid
1147 553 382 49 skeppsgosseskolan
1552 558 11 33 i
1583 555 237 48 Carlskrona,

624 600 45 36 de
711 601 274 49 behållningar,
1026 603 128 36 hvilka
1195 605 126 35 kunna
1360 619 137 35 genom
1536 607 138 49 afgång
1707 609 111 36 bland

620 665 142 24 sarama
803 655 174 47 personal
1019 655 243 48 uppkomma,
1305 660 59 32 må
1405 656 40 37 af
1481 657 133 50 Kongl.
1648 659 103 49 Maj:t
1783 660 37 37 få

622 704 190 36 användas
852 706 59 34 till
945 705 340 50 undervisningens
1320 709 279 47 uppehållande
1633 712 185 36 intilldess

621 768 50 36 ny
699 761 75 30 stat
802 755 70 36 kan
902 756 118 36 varda
1047 758 10 34 i
1087 757 159 49 behörig
1274 759 161 49 ordning
1467 759 199 39 fastställd.

781 917 471 35 Durchmarschkostnader.

360 1015 91 33 17:0.
505 1013 16 35 I
562 1013 176 37 afseende
772 1018 20 31 å
826 1015 105 37 detta
965 1018 129 47 anslag
1128 1017 67 36 har
1229 1017 133 48 Kongl.
1392 1018 104 48 Maj:t
1524 1019 208 48 föreslagit,
1761 1027 55 30 att

218 1062 64 37 det
311 1066 117 33 måtte
456 1062 82 37 från
568 1066 270 35 reservations-
865 1067 58 35 till
951 1066 290 50 förslagsanslag
1268 1067 207 38 förändras.

1873 1031 127 29 Angående

1835 1064 37 21 det
1894 1064 38 22 till
1947 1065 87 22 durch-

1852 1098 160 23 marschkost-

360 1113 131 37 Under
520 1116 168 46 punkten
719 1118 46 34 20
795 1117 193 37 bärnedan
1016 1114 68 40 har
1111 1118 195 37 Utskottet
1335 1119 161 50 afstyrkt
1516 1121 105 37 bifall
1642 1125 20 33 å
1681 1122 133 49 Kongl.
1857 1133 78 21 made
1953 1141 59 21 upp

217 1164 122 49 Mej:ts
380 1165 138 48 nådiga
558 1165 280 50 framställning
879 1182 57 22 om
980 1170 306 48 bemyndigande
1320 1177 55 29 att
1408 1173 57 34 till
1500 1179 113 30 annat
1641 1165 216 45 ändamål”

216 1215 36 36 få
293 1216 204 49 disponera
538 1217 72 36 den
652 1218 62 35 vid
757 1218 103 37 detta
902 1223 59 33 års
1002 1222 77 35 slut
1112 1224 21 33 å
1159 1220 248 38 förevarande
1437 1224 131 48 anslag
1596 1225 218 48 uppkomna

216 1268 235 36 reservation
481 1269 69 35 och
580 1269 57 44 då,
667 1270 10 34 i
708 1270 177 36 händelse
916 1272 123 36 denna
1068 1272 213 37 Utskottets
1303 1274 223 36 hemställan
1547 1275 39 36 af
1602 1275 211 49 Riksdagen

214 1318 234 47 godkännes,
491 1323 115 44 något
647 1321 79 34 skäl
768 1322 57 34 till
866 1321 222 50 förändring
1129 1323 40 36 af
1206 1325 188 47 anslagets
1429 1335 111 26 natur
1574 1328 81 35 icke
1684 1327 130 36 vidare

215 1369 110 37 torde
355 1369 213 46 förefinnas,
597 1372 209 49 tillstyrker
832 1371 209 48 Utskottet,

615 1428 65 39 att,
711 1423 84 36 med
825 1423 118 50 afslag
959 1429 20 32 å
995 1425 134 49 Kongl.
1146 1426 123 49 Maj:ts
1285 1426 247 38 förevarande
1550 1429 136 48 nådiga
1700 1429 115 37 fram-

616 1475 191 47 ställning,
837 1477 170 47 anslaget
1035 1478 58 35 till
1129 1478 475 37 durchmarschkostnader
1639 1484 59 32 må
1723 1481 91 36 fort-

617 1524 155 38 farande
801 1529 122 34 såsom
952 1530 386 47 reservationsanslag
1367 1530 189 48 uppföras.

579 1673 265 42 Sjömätningar
867 1676 67 32 och
956 1676 494 41 Lifräddningsanstalterna.

351 1779 93 34 18:o.
497 1777 99 37 Enär
637 1777 75 50 fyr-
754 1780 69 35 och
864 1780 227 38 båkmedlen
1131 1782 141 36 lemnat
1307 1796 45 23 en
1387 1785 143 47 årligen
1559 1785 171 36 växande
1758 1787 54 35 in-

216 1827 136 44 korast,
381 1841 79 22 som
490 1828 56 36 för
565 1831 95 34 1870
676 1830 124 37 kunde
830 1838 154 42 antagas
1012 1836 128 45 uppgå
1167 1833 57 35 till
1255 1835 173 49 omkring
1449 1837 158 43 800,000
1622 1836 103 45 R:äår,
1743 1837 68 36 och

215 1877 64 36 det
319 1886 128 41 syntes
489 1880 283 49 otvifvelaktigt
813 1889 66 37 att,
908 1883 109 36 äfven
1053 1897 60 23 om
1156 1888 123 44 någon
1313 1886 245 49 nedsättning
1587 1888 8 35 i
1626 1889 100 35 vissa
1754 1889 59 35 till

215 1928 76 49 fyr-
321 1930 67 34 och
419 1931 349 49 båk-inrättningen
812 1947 50 21 nu
902 1934 185 48 ingående
1117 1935 150 48 afgifter
1294 1937 122 36 skulle
1446 1951 68 32 ega
1543 1952 93 31 rum,
1665 1939 147 36 inkom-

214 1987 128 29 sterna
382 1981 122 36 skulle
546 1981 114 37 förslå
693 1984 58 35 till
780 1983 168 50 fyllande
978 1986 39 35 af
1041 1986 45 36 de
1117 1986 85 36 med
1232 1987 190 38 desamma
1453 1989 155 37 afsedda
1636 1990 174 36 ändamål

214 2031 68 35 och
314 2031 220 38 derutölfver
575 2034 122 36 lemna
739 2041 54 29 ett
834 2037 112 45 årligt
987 2036 221 44 öfverskott,
1237 2039 220 50 tillräckligt
1485 2040 58 37 för
1571 2046 54 31 att
1654 2041 156 37 dermed

213 2082 204 48 tillgodose
447 2084 384 47 sjökarte-kontorets
860 2087 119 36 behof
1004 2089 69 35 och
1103 2089 447 49 lifräddningsväsendet,
1580 2093 67 35 har
1674 2093 136 48 Kongl.

214 2133 116 48 Maj:t,
362 2135 84 36 med
470 2134 175 38 afseende
675 2137 90 35 härå
793 2138 69 36 och
892 2139 47 36 då
964 2140 234 36 sistnämnda
1218 2141 252 50 inrättningar
1493 2143 316 49 hufvudsakligen

215 2185 125 47 afsåge
383 2186 359 49 handelssjöfartens
785 2190 117 45 bästa,
929 2190 206 49 föreslagit,
1165 2197 55 31 att
1248 2193 31 47 ej
1310 2194 146 36 mindre
1486 2194 63 37 det
1576 2194 58 37 för
1661 2195 150 47 sjömät-

296 2243 73 31 Bih,
393 2245 48 29 till
464 2245 109 30 Riksd.
601 2246 81 29 Prot.
706 2246 87 31 1871.
836 2249 19 26 4
882 2248 93 31 Saml.
1018 2251 17 26 1
1059 2250 71 35 Afd.
1174 2251 19 27 7
1216 2251 87 37 Häft.
1751 2252 18 31 öd

1858 1166 53 22 irda
1931 1167 100 30 anslags

1860 1199 151 32 förändring

1842 1234 38 22 till
1899 1234 123 31 förslags-

1886 1270 94 28 anslag.

1869 1792 127 30 Angående

1840 1826 114 30 anslagen
1976 1827 38 23 till

1839 1859 177 33 sjumätningar

1830 1898 60 17 samt
1920 1895 37 22 till
1987 1896 43 29 Lf-

1858 1929 133 30 räddnings

1839 1963 153 23 anstalterna
2007 1965 12 21 å

1839 1996 71 23 rikets
1929 1998 87 23 kuster.
