2227 2680
425 141 40 32 d2
802 139 360 43 DBevillningsutskottets
1186 138 208 33 Betänkande
1415 139 49 31 Nr
1487 140 52 31 23.

383 223 147 48 ökning
558 222 41 36 af
624 221 187 50 importen
839 220 128 37 kunna
996 220 70 37 ock
1095 219 116 37 andra
1240 219 339 49 omständigheter,
1605 221 123 35 såsom
1749 218 233 50 exempelvis

381 274 282 39 förhållandena
692 276 49 48 på
769 272 370 49 arbetsmarknaden,
1168 273 134 36 tänkas
1331 272 214 48 medverka,
1571 274 39 35 så
1630 276 54 32 att
1704 270 278 51 bryggerierna

382 329 112 37 äfven
536 327 85 37 med
649 327 148 49 hänsyn
827 326 124 37 därtill
980 326 184 49 möjligen
1192 326 126 36 kunde
1346 325 201 49 föredraga
1576 329 55 33 att
1657 325 205 50 importera
1890 325 92 36 malt

384 381 157 38 framför
583 385 56 32 att
680 380 137 50 själfva
859 380 124 36 mälta.
1045 379 52 36 På
1125 379 126 49 grund
1281 378 40 37 af
1346 378 99 37 hvad
1475 378 157 36 sålunda
1661 378 144 36 anförts
1834 378 71 36 och
1933 377 48 37 då

381 433 363 39 råämnesförlusten
773 432 62 37 vid
865 432 189 48 mältning
1083 431 40 37 af
1147 432 96 36 korn
1271 431 127 37 ställer
1427 431 62 49 sig
1516 430 162 50 ungefär
1705 429 76 38 lika
1809 430 86 37 med
1922 432 59 35 rå-

382 486 319 39 ämnesförlusten
738 485 63 37 vid
843 485 232 48 förmalning
1116 484 40 37 af
1193 484 111 37 hvete
1346 484 57 37 till
1432 484 86 49 sikt,
1548 497 110 23 anser
1681 483 82 50 jag,
1793 488 55 32 att
1874 484 106 36 kom-

383 540 134 37 mittén
556 539 85 37 bort
669 539 137 36 föreslå
833 538 151 49 förhöjd
1012 537 69 37 tull
1108 540 48 47 på
1185 538 90 36 malt
1303 537 59 36 till
1389 536 137 51 belopp
1556 537 41 36 af
1623 537 20 35 6
1669 537 140 36 kronor
1838 537 48 36 30
1916 541 64 32 öre

384 607 68 37 per
484 594 70 35 100
583 591 224 50 kilogram.»

512 645 56 37 De
596 645 93 48 skäl,
725 658 81 23 som
834 644 156 37 sålunda
1019 643 144 38 anförts
1191 642 59 37 till
1278 643 148 37 förmån
1453 643 60 37 för
1541 656 47 24 en
1616 641 161 51 höjning
1805 641 41 37 af
1870 641 110 37 malt-

384 699 131 46 tullen,
557 698 121 35 finner
718 698 186 35 utskottet
943 701 115 43 tungt
1098 695 175 49 vägande
1316 696 71 36 och
1416 709 111 23 anser
1555 695 59 48 sig
1643 698 49 46 på
1720 694 126 50 grund
1874 694 112 36 häraf

383 751 93 37 böra
505 749 150 37 förorda
683 748 289 49 ifrågavarande
1000 748 154 36 motion.

513 855 18 36 I
558 855 108 48 fråga
695 867 60 24 om
783 854 185 50 yrkandet
995 856 48 47 på
1071 853 252 49 borttagande
1352 853 40 36 af
1417 853 117 36 tullen
1555 857 20 32 å
1594 852 96 49 majs
1718 852 66 36 vill
1798 852 185 36 utskottet

386 909 122 37 erinra
549 921 61 23 om
651 907 99 36 hvad
791 906 275 48 föredragande
1109 905 416 51 departementschefen
1554 905 118 49 enligt
1701 905 113 37 ofvan
1843 903 138 38 omför-

385 961 125 38 mälda
539 959 371 50 statsrådsprotokoll
939 959 123 36 anfört
1089 958 234 37 beträffande
1352 964 53 31 ett
1433 958 145 49 förslag
1605 957 13 36 i
1647 958 122 36 denna
1795 957 185 47 riktning.

385 1012 430 52 Departementschefen
844 1017 134 44 yttrar,
1008 1011 115 37 sedan
1151 1011 75 36 han
1255 1011 162 49 angifvit
1446 1024 81 23 som
1556 1011 59 36 sin
1634 1009 235 50 principiella
1887 1023 94 35 upp-

386 1066 180 48 fattning,
588 1071 53 30 att
661 1065 45 36 de
727 1065 195 49 egentliga
931 1064 370 49 jordbrukstullarna
1316 1064 85 48 låge
1416 1069 104 31 utom
1537 1063 72 37 den
1625 1062 246 37 förevarande
1885 1062 98 36 revi-

386 1120 143 46 sionen,
552 1122 54 32 att
624 1117 12 36 i
656 1117 108 49 fråga
784 1130 60 23 om
860 1117 116 36 tullen
992 1120 20 33 å
1028 1117 94 49 majs
1136 1116 207 37 tillkomme
1359 1116 111 36 äfven
1485 1129 46 23 en
1547 1129 124 22 annan
1687 1114 294 48 omständighet,

387 1185 81 23 som
497 1173 118 34 måste
635 1170 166 36 beaktas.
836 1169 238 47 »Riksdagen
1094 1169 67 36 har
1180 1169 224 47 nämligen»,
1421 1169 193 36 fortsätter
1629 1170 40 34 så
1685 1168 298 48 departements-

386 1223 145 47 chefen,
577 1222 119 36 »efter
738 1226 54 31 att
829 1221 215 49 upprepade
1073 1223 146 46 gånger
1246 1221 113 35 hafva
1388 1220 152 48 afslagit
1569 1219 324 47 framställningar
1922 1232 60 22 om

385 1274 250 47 borttagande
669 1274 40 36 af
734 1274 71 36 den
834 1277 40 33 år
904 1274 97 35 1895
1030 1274 56 35 till
1114 1279 53 30 ett
1195 1273 137 49 belopp
1362 1272 41 37 af
1428 1275 20 33 3
1478 1273 139 36 kronor
1647 1273 46 35 70
1722 1276 63 32 öre
1813 1284 67 36 per
1911 1272 71 35 100

385 1328 188 48 kilogram
602 1325 211 38 fastställda
842 1326 114 36 tullen
986 1328 20 33 å
1033 1325 106 49 majs,
1172 1328 40 33 så
1240 1325 156 49 nyligen
1426 1338 80 23 som
1535 1327 40 34 år
1606 1325 96 35 1907
1732 1324 163 36 bestämt
1923 1323 60 49 sig

386 1381 59 35 för
473 1380 155 48 frågans
656 1378 153 37 lösande
838 1391 139 36 genom
1007 1383 52 31 att
1088 1378 54 36 slå
1169 1378 39 35 in
1235 1380 48 46 på
1311 1391 47 23 en
1386 1377 212 49 medelväg,
1619 1377 58 47 då,
1698 1382 89 30 utan
1806 1376 177 48 votering

387 1433 13 36 i
439 1431 219 49 någondera
698 1431 231 47 kammaren,
973 1430 116 36 tullen
1130 1429 191 37 nedsattes
1364 1429 56 37 till
1451 1431 17 34 1
1498 1430 119 36 krona
1646 1431 47 35 50
1723 1433 62 32 öre
1812 1441 67 36 per
1910 1429 72 35 100

387 1484 201 49 kilogram,
631 1483 70 37 och
743 1483 62 36 det
847 1495 113 37 synes
993 1482 46 37 då
1066 1496 90 22 vara
1183 1482 188 48 riktigast,
1402 1487 54 31 att
1483 1481 283 49 verkningarna
1795 1480 39 36 af
1859 1480 124 36 denna

388 1536 319 48 tullnedsättning
735 1536 37 35 få
800 1541 94 43 göra
922 1536 60 47 sig
1009 1534 173 49 gällande
1210 1534 120 37 under
1359 1548 46 23 en
1433 1537 118 46 något
1578 1534 130 48 längre
1737 1533 54 36 tid
1821 1533 70 36 och
1918 1532 64 36 be-

388 1589 173 49 tydelsen
604 1588 39 36 af
680 1588 218 36 densamma
938 1588 144 35 klarare
1111 1586 215 49 framträda,
1356 1592 47 31 än
1431 1601 50 21 nu
1511 1591 40 31 är
1580 1586 115 46 fallet,
1724 1586 117 36 innan
1869 1585 114 49 majs-

388 1641 206 48 tullfrågan
621 1646 188 44 upptages
838 1640 56 36 till
922 1639 160 50 förnyad
1109 1639 266 48 behandling.»

517 1692 74 37 Till
618 1692 98 37 hvad
746 1692 154 36 sålunda
928 1692 126 36 blifvit
1082 1691 151 37 anfördt
1260 1691 67 36 har
1355 1691 185 37 utskottet
1569 1691 131 36 endast
1730 1695 53 31 att
1811 1690 170 48 tillägga,

389 1751 64 42 att,
482 1748 49 47 på
558 1749 75 33 sätt
661 1744 42 37 af
727 1744 279 37 nedanstående
1034 1744 114 36 tabell
1177 1743 106 37 öfver
1311 1743 182 37 införseln
1522 1743 41 36 af
1587 1744 95 49 majs
1710 1742 119 37 under
1852 1741 133 37 tioårs-

387 1798 183 49 perioden
614 1798 263 46 1900—1909,
920 1797 180 47 framgår,
1141 1796 317 49 importsiffrorna
1485 1796 82 36 icke
1596 1796 106 49 gifva
1729 1795 64 36 vid
1821 1794 160 46 handen,

389 1856 53 30 att
475 1849 72 37 den
580 1852 39 33 år
650 1850 94 35 1907
775 1848 200 49 företagna
1003 1847 363 50 tullnedsättningen
1395 1848 213 36 framkallat
1636 1850 129 46 någon
1795 1846 96 37 ökad
1920 1859 63 23 an-

387 1902 197 49 vändning
611 1902 102 35 inom
740 1901 128 37 landet
897 1901 39 36 af
960 1901 104 48 majs.

1449 1951 125 27 Införsel.

816 1989 48 24 Ar.
1432 1986 152 27 Kvantitet.

1505 2031 43 17 on.

791 2060 165 35 1900.mms
1046 2090 167 4 ses
1260 2089 140 5 senan
1446 2060 138 47 15974

791 2113 108 35 1901.
976 2142 108 4 oms
1198 2142 97 4 ns
1326 2142 75 5 un
1447 2112 135 46 14.879

792 2165 96 35 1902.
918 2194 248 5 ne
1209 2194 202 5 enn
1469 2164 113 46 4,876

791 2217 411 35 1908.
1245 2247 167 5 un
1469 2216 113 47 4,810
