2202 2684
423 149 42 33 24
829 154 360 45 Bevillningsutskottets
1213 158 207 34 Betönkande
1443 160 52 33 Nr
1517 162 52 31 23.

906 236 32 50 c)
966 242 55 32 att
1049 238 11 37 i
1089 239 124 37 stället
1252 241 57 37 för
1345 241 223 38 rubrikerna
1604 257 45 23 nr
1687 246 72 36 684
1793 245 70 37 och
1893 247 72 36 685

771 289 121 49 Jämte
930 291 252 52 anmärkning
1219 296 59 34 må
1313 294 11 36 i
1357 299 113 33 taxan
1508 301 186 45 upptagas
1732 301 39 34 så
1805 299 162 50 lydande

774 342 299 39 bestämmelser:

876 395 125 50 Balk-,
1019 397 112 39 hörn-
1152 399 69 38 och
1237 406 114 32 annat
1366 403 187 37 varmval-

929 450 86 37 sadt
1025 451 99 50 järn,
1142 453 33 49 ej
1189 453 179 38 särskildt
1379 456 173 37 nämndt:

979 506 173 48 vägande
1182 508 46 36 60
1258 507 186 51 kilogram
1465 509 89 38 eller

1031 557 174 39 däröfver
1269 574 66 36 per
1394 562 160 50 löpande

1030 617 119 33 INCL
1173 645 377 7 ooeseeeeessessresessessis
1465 611 87 51 sierran
1826 620 94 43 fria.

978 665 176 48 vägande
1174 666 146 38 mindre
1340 672 47 32 än
1405 670 46 35 60
1468 682 86 24 men

1030 717 32 48 ej
1080 718 147 36 mindre
1244 724 46 31 än
1308 722 48 34 20
1367 720 186 49 kilogram

1029 782 67 37 per
1122 770 160 50 löpande
1311 777 119 32 meter
1451 804 97 5 .........
1574 775 71 36 100
1657 774 64 51 kg.
1743 777 18 35 1
1775 775 53 37 kr.
1843 777 47 36 50
1903 780 63 33 öre

979 822 41 37 af
1045 823 147 37 mindre
1214 823 82 38 vikt
1311 838 67 36 per
1393 825 161 50 löpande

1030 880 130 44 meter,
1177 888 27 24 s.
1221 876 35 37 k.
1282 877 168 37 valstråd
1466 878 85 37 här-

1029 928 120 37 under
1176 928 223 51 inbegripen
1429 963 121 5 ........
1577 934 71 36 100
1659 934 64 48 kg.
1742 936 21 34 2
1775 934 55 36 kr.
1845 935 47 36 50
1904 939 62 32 öre

900 988 87 31 Anm.
1026 983 45 37 Är
1086 991 49 29 till
1152 991 99 30 denna
1267 991 106 31 rubrik
1386 993 170 40 hänförligt

941 1034 70 39 järn
1042 1034 197 41 öfverdraget
1268 1036 72 30 med
1369 1039 84 33 tenn,
1483 1039 72 29 zink

945 1079 75 30 eller
1052 1079 53 40 bly
1136 1081 76 30 eller
1233 1082 71 29 med
1327 1082 175 40 legeringar
1525 1084 31 29 af

945 1124 90 30 dessa
1050 1125 149 36 metaller,
1215 1125 135 40 förhöjes
1370 1127 99 31 tullen
1484 1128 71 30 med

947 1171 37 27 15
1009 1172 142 36 procent;

900 1229 37 50 d)
967 1235 55 31 att
1050 1230 197 38 tullsatsen
1278 1233 58 36 för
1363 1232 178 39 rubriken
1570 1248 45 23 nr
1646 1237 69 34 711
1746 1236 12 36 i
1784 1236 184 49 förslaget

771 1284 61 34 må
874 1281 228 39 bestämmas
1138 1284 56 37 till
1222 1286 24 35 4
1274 1285 140 37 kronor
1441 1300 65 35 per
1538 1288 70 36 100
1636 1287 203 50 kilogram;
1870 1295 97 30 samt

901 1334 32 50 e)
964 1341 54 31 att
1046 1336 199 38 tullsatsen
1274 1337 59 37 för
1361 1338 181 38 rubriken
1569 1354 46 22 nr
1645 1342 72 34 712
1746 1340 12 37 i
1783 1340 183 50 förslaget

773 1389 60 36 må
861 1386 228 39 bestämmas
1117 1389 57 37 till
1213 1392 10 34 5
1253 1390 140 37 kronor
1420 1404 67 37 per
1519 1393 70 36 100
1614 1393 199 49 kilogram.

1122 1477 96 38 50:0.

213 1540 86 57 Kulor.
507 1544 186 39 Särskildt
725 1547 265 37 inkommande
1031 1548 150 48 blanka,
1222 1549 164 37 härdade
1422 1550 108 37 kulor
1558 1551 40 35 af
1617 1551 87 49 järn
1732 1551 115 37 hafva
1874 1566 92 36 upp-

198 1587 36 27 Nr
253 1587 63 27 676.
376 1596 117 50 tagits
534 1598 12 36 i
586 1599 178 37 rubriken
799 1613 45 23 nr
873 1601 71 35 676
973 1600 12 36 i
1013 1599 142 51 Kungl.
1186 1600 126 50 Maj:ts
1341 1601 145 51 förslag
1513 1602 85 36 med
1626 1615 47 24 en
1700 1604 150 37 tullsats
1879 1605 40 35 af
1946 1606 18 34 1

375 1649 119 37 krona
534 1664 68 36 per
642 1651 198 50 kilogram.
896 1653 85 36 Den
1022 1653 217 37 nuvarande
1280 1654 117 37 tullen
1439 1657 20 34 å
1487 1654 109 37 dessa
1637 1656 153 36 artiklar
1817 1657 150 49 utgår
1947 1645 25 65 i

376 1701 204 38 allmänhet
620 1704 84 36 med
746 1705 48 36 50
831 1710 63 32 öre
921 1717 69 37 per
1016 1705 198 49 kilogram.
1270 1706 133 50 Enligt
1430 1707 99 36 hvad
1558 1707 184 38 utskottet
1769 1708 196 48 inhämtat,

374 1755 96 36 lärer
511 1755 71 39 den
623 1755 221 51 ifrågasatta
885 1757 119 49 högre
1042 1757 114 38 tullen
1185 1763 189 33 motsvara
1403 1760 151 36 27—50
1582 1766 158 44 procent
1768 1761 41 36 af
1833 1774 133 24 varans

373 1807 125 37 värde.
552 1808 138 49 Någon
723 1810 173 37 inhemsk
929 1810 248 50 tillverkning
1206 1811 41 36 af
1271 1811 160 37 artikeln
1451 1812 12 36 i
1484 1812 108 49 fråga
1606 1813 252 37 förekommer
1872 1814 91 37 icke.

373 1859 179 38 Däremot
580 1861 121 37 finner
729 1862 215 37 densamma
964 1867 79 33 stor
1062 1863 244 50 användning
1324 1864 62 36 vid
1402 1865 300 37 framställandet
1719 1866 101 37 inom
1840 1866 126 37 landet

375 1912 40 36 af
452 1912 101 37 vissa
594 1914 150 50 mycket
784 1915 147 50 viktiga
971 1915 175 49 fabrikat,
1188 1916 177 37 särskildt
1392 1917 183 49 kullager,
1605 1917 128 37 hvilka
1760 1921 49 47 på
1836 1932 129 24 senare

373 1964 105 38 tiden
517 1965 125 38 blifvit
683 1967 157 37 föremål
881 1968 59 37 för
981 1981 45 24 en
1068 1968 256 37 blomstrande
1361 1969 174 37 inhemsk
1570 1970 254 50 tillverkning.
1880 1971 85 37 Med

373 2017 150 49 hänsyn
563 2019 57 36 till
660 2019 98 37 hvad
801 2021 156 36 sålunda
996 2020 127 38 blifvit
1163 2021 167 50 upplyst,
1372 2022 68 36 har
1473 2022 186 37 utskottet
1689 2029 122 31 ansett
1839 2026 126 46 någon

374 2069 162 51 höjning
578 2071 40 37 af
655 2072 218 38 nuvarande
914 2073 147 37 tullsats
1102 2072 82 38 icke
1212 2073 92 38 böra
1331 2073 290 51 ifrågakomma;
1653 2075 70 37 och
1752 2075 214 38 hemställer

373 2122 101 51 förty
501 2123 200 49 utskottet,

901 2237 55 31 att
984 2231 197 37 tullsatsen
1210 2231 58 36 för
1295 2231 179 37 rubriken
1493 2245 46 23 nr
1559 2233 72 36 676
1652 2233 13 36 i
1680 2232 140 50 Kungl.
1838 2233 128 49 Maj:ts

772 2283 143 52 förslag
943 2287 60 37 må
1030 2283 226 40 bestämmas
1285 2283 55 38 till
1372 2284 46 37 50
1447 2289 63 32 öre
1537 2297 68 38 per
1633 2284 197 51 kilogram.
