2213 2679
164 734 201 34 Liljekonvalje-

217 769 94 27 rötter.

209 806 36 27 Nr
265 805 56 27 126.

180 1562 174 27 Maniokarot.

209 1598 37 26 Nr
266 1597 46 26 127

426 149 40 31 42
808 144 366 43 Bevillningsutskottets
1199 141 208 33 Betänkande
1428 140 48 32 Nr
1500 140 51 31 25.

513 228 85 38 Med
627 227 86 38 stöd
741 226 42 37 af
807 226 100 37 hvad
936 225 156 37 sålunda
1123 223 157 47 anförts,
1310 220 219 38 hemställer
1558 219 196 46 utskottet,

910 336 54 31 att
1005 329 223 48 Riksdagen
1264 326 99 48 ville,
1397 326 86 36 med
1510 324 107 38 bifall
1645 324 57 36 till
1730 322 248 38 förevarande

782 385 142 37 motion
963 383 35 37 II
1017 384 111 45 :239,
1170 379 157 48 besluta,
1370 384 54 32 att
1465 378 198 37 tullsatsen
1704 376 58 37 för
1790 375 45 37 de
1863 375 13 36 i
1903 375 76 37 för-

783 439 144 47 slagets
968 434 133 38 rubrik
1142 447 45 23 nr
1230 434 71 35 108
1344 437 193 44 upptagna
1566 430 203 37 artiklarna
1797 428 96 37 skall
1920 433 59 31 ut-

784 496 92 44 göra
909 490 44 36 15
983 493 63 32 öre
1073 500 67 37 per
1168 485 198 50 kilogram.

1123 622 95 35 17:0.

510 729 397 51 Liljekonvaljerötter
948 727 113 35 hafva
1102 725 198 48 upptagits
1340 723 12 34 i
1392 722 180 35 rubriken
1614 734 45 21 nr
1697 721 70 34 126
1797 719 12 34 i
1835 718 142 48 Kungl.

386 784 126 50 Maj:ts
541 783 146 49 förslag
713 781 87 37 med
829 794 47 23 en
903 778 150 38 tullsats
1083 776 41 38 af
1151 778 45 35 10
1226 781 63 31 öre
1316 788 67 36 per
1410 774 200 48 kilogram.

515 834 294 51 Ifrågavarande
852 832 134 37 artikel
1026 836 41 31 är
1106 844 52 22 nu
1199 828 136 45 tullfri;
1365 827 71 37 och
1464 827 47 36 då
1544 826 72 36 den
1647 825 220 47 föreslagna
1894 823 86 36 tull-

386 895 128 31 satsen
556 888 121 37 skulle
719 887 127 36 kunna
886 884 113 37 lända
1041 881 179 39 särskildt
1266 881 45 36 de
1352 879 157 46 mindre,
1538 877 199 37 inhemska
1765 875 214 49 trädgårds-

386 943 156 37 odlarna
583 941 57 37 till
682 939 162 49 förfång,
887 937 68 37 har
982 936 187 37 utskottet
1197 938 124 32 ansett
1350 932 159 36 artikeln
1538 930 126 50 ifråga
1692 929 102 48 böra,
1823 928 12 37 i
1863 928 118 37 likhet

384 995 87 37 med
513 994 123 49 öfriga
664 992 121 37 under
812 990 181 37 rubriken
1021 1002 45 23 nr
1098 989 70 35 128
1198 990 199 45 upptagna
1424 984 81 36 icke
1535 983 132 36 ätbara
1692 986 129 43 rötter,
1851 981 32 48 ej
1906 984 75 32 sär-

385 1047 116 37 skildt
541 1045 176 44 nämnda,
760 1042 231 38 fortfarande
1034 1040 146 49 åtnjuta
1221 1038 197 46 tullfrihet,
1461 1035 161 37 hvarvid
1664 1037 129 47 någon
1821 1032 160 38 särskild

384 1099 264 38 bestämmelse
677 1098 58 36 för
761 1095 375 50 liljekonvaljerötter
1163 1092 82 36 icke
1274 1090 120 37 skulle
1423 1088 197 38 erfordras.

513 1151 196 38 Utskottet
739 1148 214 38 hemställer
981 1146 122 47 alltså,

914 1256 55 31 att
995 1249 180 38 rubriken
1203 1262 45 21 nr
1279 1248 70 35 126
1375 1246 85 37 med
1480 1245 228 37 tillhörande
1729 1242 253 48 anmärkning

785 1319 59 22 må
873 1318 44 22 ur
945 1302 183 49 förslaget
1156 1303 103 46 utgå.

1133 1433 94 36 18:0.

515 1543 192 37 Rubriken
735 1556 44 21 nr
810 1544 69 33 127
910 1542 11 34 i
951 1539 140 48 Kungl.
1121 1537 127 49 Maj:ts
1277 1537 146 47 förslag
1450 1535 68 36 har
1546 1534 168 49 följande
1742 1533 156 49 lydelse:

389 1599 83 35 127.
528 1594 204 47 Manioka-,
774 1593 183 49 tapioka-,
991 1592 177 36 kassava-
1204 1589 89 36 eller
1321 1593 191 41 arrowrot,
1543 1586 111 37 äfven

578 1646 259 51 pulveriserad
867 1645 88 37 eller
982 1646 49 47 på
1060 1647 113 33 annat
1202 1646 74 32 sätt
1305 1639 247 38 sönderdelad
1587 1671 63 4 .....
1684 1640 18 34 1
1734 1637 64 49 kg.
1831 1638 46 35 10
1907 1641 72 32 öre.

515 1753 17 36 I
560 1752 195 36 motionen
782 1750 37 36 II
836 1751 97 34 :235
964 1749 41 36 af
1028 1748 88 36 herr
1144 1748 167 45 Neiglick
1338 1743 226 38 framställes
1594 1742 62 37 det
1683 1740 199 51 yrkandet,

518 1809 80 32 »att
637 1803 233 47 Riksdagen,
913 1801 87 36 med
1042 1800 122 48 afslag
1198 1799 41 36 af
1264 1798 210 47 föreslagen
1503 1795 150 36 tullsats
1682 1793 41 37 af
1750 1794 45 35 10
1825 1797 63 32 öre
1914 1804 68 36 per

388 1858 186 49 kilogram
603 1855 207 47 manioka-,
840 1853 183 50 tapioka-,
1052 1852 175 36 kassava-
1257 1849 89 38 eller
1375 1852 192 42 arrowrot,
1596 1847 112 36 äfven
1727 1843 255 51 pulveriserad

389 1911 89 36 eller
506 1907 260 47 sönderdelad,
795 1909 116 33 måtte
941 1906 57 36 för
1027 1905 59 36 sin
1115 1904 58 36 del
1200 1903 158 46 besluta,

517 1966 54 31 att
610 1960 204 47 manioka-,
856 1957 183 50 tapioka-,
1080 1957 179 35 kassava-
1297 1953 70 37 och
1395 1957 180 32 arrowrot
1603 1953 61 34 må
1692 1950 58 36 till
1776 1949 100 36 riket
1903 1949 79 35 fritt

386 2015 155 46 införas,
584 2017 97 32 samt
723 2016 55 31 att
818 2007 458 48 brännvinstillverkning
1317 2006 41 36 af
1382 2004 187 47 manioka,
1598 2003 179 49 tapioka-,
1806 2002 175 36 kassava-

388 2066 88 38 eller
518 2069 181 33 arrowrot
739 2063 90 37 eller
866 2062 117 37 andra
1009 2060 204 37 utländska
1239 2063 119 32 rötter
1386 2058 89 36 eller
1503 2055 248 50 vegetabilier
1779 2053 90 37 eller
1894 2065 87 38 pro-

389 2119 135 37 dukter
553 2117 107 37 däraf
684 2118 117 34 måtte
830 2118 141 33 åsättas
1001 2127 46 23 en
1076 2118 106 31 extra
1209 2109 376 49 tillverkningsskatt
1614 2107 41 37 af
1681 2108 20 35 5
1732 2112 62 31 öre
1813 2119 66 37 per
1898 2105 85 36 liter

388 2173 48 35 50
464 2176 174 44 procents
666 2169 200 45 brännvin,
896 2167 102 47 eller,
1029 2166 126 36 därest
1184 2165 122 35 denna
1328 2161 271 49 tilläggsafgift
1619 2161 32 48 ej
1674 2165 41 31 är
1733 2164 76 31 rätt
1829 2158 152 48 afvägd,

388 2223 73 37 den
490 2228 105 32 extra
623 2219 284 50 tilläggsafgift,
937 2232 81 24 som
1047 2218 172 37 befinnes
1247 2215 188 50 lämplig».
