2214 2671
662 147 364 41 Bevillningsutskottets
1049 147 208 32 Betänkande
1279 147 52 32 Nr
1353 149 51 30 23.
1775 150 19 30 5

372 226 238 37 Kommittén
639 226 143 37 erinrar
809 226 144 48 härvid,
983 233 53 30 att
1066 240 130 24 senare
1224 227 116 37 tiders
1370 227 207 50 tullpolitik
1604 228 151 37 företett
1784 235 53 31 ett

242 278 190 38 oafbrutet
460 279 222 48 fortgående
710 281 48 47 på
787 279 71 36 den
885 284 86 44 väg,
1001 280 144 49 hvarpå
1174 280 45 36 de
1249 285 120 31 större
1394 280 224 50 europeiska
1638 280 199 38 fastlands-

241 337 169 32 staterna
450 332 12 35 1
491 331 113 37 slutet
646 331 41 36 af
714 332 210 36 1870-talet
961 332 107 49 slogo
1097 333 49 43 in,
1177 335 40 34 så
1246 332 55 36 till
1329 332 88 37 vida
1445 346 80 23 som
1555 347 87 22 man
1672 333 164 37 alltmera

242 385 87 36 sökt
357 388 55 32 att
441 383 209 37 förbehålla
680 384 73 36 den
781 384 198 37 inhemska
1015 384 233 37 marknaden
1276 387 37 34 åt
1342 385 74 36 den
1443 385 200 37 inhemska
1670 386 168 49 produk-

242 437 138 36 tionen.
436 435 18 37 I
482 440 54 32 ett
563 436 122 36 flertal
713 436 130 36 länder
871 436 95 37 hade
995 437 267 36 förutvarande
1294 437 287 49 skyddstariffer
1609 438 230 37 omarbetats

243 489 71 36 och
342 488 297 49 fullständigats,
670 489 70 35 och
768 488 129 36 vidare
926 488 95 37 hade
1049 489 140 47 länder,
1220 502 81 23 som
1330 489 12 35 1
1368 489 63 36 det
1458 490 152 48 längsta
1638 490 107 37 hållit
1765 491 74 36 fast

241 541 65 36 vid
348 553 46 24 en
439 540 339 49 frihandelsvänlig
818 541 146 48 politik,
1006 541 57 36 till
1107 541 68 36 sist
1211 546 74 31 sett
1315 542 62 48 sig
1405 542 211 36 föranlåtna
1645 548 56 30 att
1729 542 111 49 bryta

243 593 85 37 med
369 593 123 36 denna
529 592 71 37 och
640 593 139 36 mrätta
822 592 60 50 sig
913 593 12 36 i
954 593 167 49 enlighet
1148 594 84 36 med
1262 594 73 37 den
1363 594 272 37 förhärskande
1664 594 174 37 handels-

241 646 179 49 politiska
448 645 275 48 strömningen.
766 646 121 35 Bland
917 646 110 36 dessa
1056 659 131 23 senare
1217 647 166 36 märktes
1403 646 179 37 särskildt
1600 650 85 33 vårt
1704 660 135 35 grann-

240 698 89 37 land
357 698 142 48 Norge,
537 697 67 37 där
633 698 114 36 sedan
770 700 40 34 år
841 699 96 35 1905
967 698 192 37 tullsatser
1187 699 248 49 tillämpades,
1465 699 130 36 hvilka
1622 702 48 46 på
1699 702 141 47 många

240 751 166 49 punkter
434 750 215 49 öfverstege
676 753 101 33 våra.
833 750 16 36 1
878 750 192 49 åtskilliga
1096 751 130 36 länder
1254 751 96 36 hade
1373 765 87 23 man
1479 751 60 36 för
1559 752 115 49 öfrigt
1696 752 144 36 kunnat

241 803 257 49 tillgodogöra
527 802 60 48 sig
615 805 123 34 såsom
755 802 122 49 skydd
892 803 112 36 äfven
1017 803 117 36 andra
1152 804 175 48 åtgärder
1342 808 48 31 än
1406 804 151 47 sådana,
1575 818 81 22 som
1677 804 161 37 omedel-

240 855 86 36 bart
349 854 98 36 fallit
470 855 102 36 inom
597 855 369 48 tullagstiftningens
987 855 161 36 område.
1178 855 242 50 Exempelvis
1439 855 97 37 hade
1556 856 284 37 bestämmelser

241 907 102 37 inom
373 907 428 48 patentlagstiftningen
830 907 90 36 eller
949 907 187 49 åtgärder,
1168 921 80 23 som
1276 908 219 36 motiverats
1524 909 85 35 med
1635 910 204 35 veterinär-

241 959 181 50 politiska
462 960 160 49 hänsyn,
663 959 133 36 verkat
835 958 61 37 väl
934 961 41 34 så
1003 959 160 49 kraftigt
1192 973 79 23 som
1301 960 269 49 skyddstullar.
1627 960 88 36 Man
1743 960 96 37 hade

243 1012 130 36 vidare
400 1033 52 5 —
480 1012 70 35 och
578 1011 104 37 detta
709 1011 58 36 till
796 1012 69 35 och
893 1012 84 35 med
1004 1012 12 35 i
1045 1011 333 38 frihandelslandet
1398 1012 241 49 England
1602 1007 26 58 —
1656 1012 183 49 förbjudit

242 1064 157 36 införsel
428 1064 40 35 af
494 1077 120 34 varor,
644 1077 81 22 som
753 1063 212 36 tillverkats
993 1064 12 35 i
1032 1063 204 37 utländska
1268 1064 202 49 fängelser.
1527 1064 188 49 Slutligen
1744 1065 96 36 hade

245 1115 71 37 ock
358 1115 298 37 frakttarifferna
696 1115 99 36 visat
837 1115 60 49 sig
924 1115 127 36 kunna
1078 1115 198 49 begagnas
1307 1129 79 23 som
1417 1122 52 30 ett
1498 1117 194 36 verksamt
1720 1116 120 37 medel

242 1168 59 36 till
321 1167 206 50 gynnande
548 1167 41 37 af
609 1167 174 37 inhemsk
802 1167 401 49 näringsverksamhet
1222 1168 12 36 i
1253 1169 285 36 konkurrensen
1559 1169 83 37 med
1658 1168 181 37 utlandet.

242 1221 169 35 Allmänt
452 1224 130 45 syntes
623 1233 87 23 man
751 1220 62 35 väl
849 1220 69 36 ock
946 1220 82 36 med
1060 1221 148 48 hänsyn
1237 1220 55 37 till
1321 1221 107 36 dessa
1456 1221 263 36 förhållanden
1747 1234 93 23 vara

245 1272 92 48 böjd
379 1277 55 31 att
466 1273 112 36 äfven
609 1272 68 36 hos
711 1285 61 23 oss
801 1277 95 44 göra
925 1272 62 36 det
1014 1272 203 48 uttalande,
1250 1277 79 32 »att
1357 1274 100 36 valet
1485 1273 137 37 mellan
1651 1273 189 36 frihandel

244 1325 71 36 och
345 1324 281 50 skyddspolitik
654 1324 82 37 icke
765 1327 76 34 står
870 1324 71 36 den
969 1338 51 22 nu
1048 1325 176 36 lefvande
1253 1325 272 49 generationen
1553 1326 113 36 fritt».

373 1377 83 37 Den
498 1377 224 50 europeiska
764 1376 253 50 tullpolitiken
1045 1377 12 36 i
1084 1380 67 33 vår
1188 1377 55 36 tid
1280 1378 68 35 har
1376 1378 219 47 emellertid,
1625 1378 216 36 framhåller

242 1429 239 46 kommittén,
525 1435 97 30 ännu
671 1442 46 23 en
759 1429 367 49 anmärkningsvärd
1161 1429 81 37 sida
1271 1436 54 30 att
1352 1431 174 48 uppvisa,
1556 1431 194 48 nämligen
1780 1430 61 37 det

244 1486 143 45 system
429 1481 42 37 af
507 1482 299 46 tarifftraktater,
850 1494 78 23 som
958 1482 86 35 med
1085 1482 194 48 Tyskland
1316 1495 80 23 som
1436 1482 246 49 medelpunkt
1722 1482 120 37 under

243 1539 149 31 senaste
426 1533 199 37 årtionden
652 1538 225 45 upprättats.
934 1533 141 36 Härom
1104 1535 145 35 lämnar
1276 1534 227 37 kommittén
1530 1540 174 31 närmare
1732 1535 108 36 redo-

244 1585 149 49 görelse
423 1588 20 34 å
472 1586 150 36 sidorna
657 1587 199 35 245—247
887 1585 11 35 1
928 1586 64 36 sitt
1030 1585 247 48 betänkande,
1307 1586 57 37 till
1392 1586 129 37 hvilka
1549 1587 105 36 torde
1683 1587 37 35 få
1748 1587 93 36 hän-

245 1638 118 45 visas;
403 1638 71 36 och
501 1643 122 43 yttrar
649 1638 226 36 kommittén
902 1638 128 36 vidare
1057 1660 49 4 —
1136 1638 92 37 efter
1257 1644 54 31 att
1339 1638 114 37 hafva
1482 1639 215 46 framhållit,
1727 1639 114 36 huru-

245 1703 95 34 som,
384 1690 115 36 sedan
542 1688 156 51 Sverige
741 1693 79 33 åter
854 1690 207 36 föranledts
1097 1696 54 30 att
1184 1690 157 37 beträda
1368 1691 357 36 tarifftraktaternas
1753 1696 88 43 väg,

245 1742 64 36 det
350 1741 246 49 naturligtvis
638 1742 116 36 borde
795 1742 157 36 framstå
992 1745 123 33 såsom
1149 1756 46 23 en
1227 1743 209 48 tvingande
1469 1743 284 48 nödvändighet
1788 1748 53 31 att

243 1794 113 47 tillse,
399 1794 64 36 det
498 1795 38 35 vi
568 1794 65 36 vid
666 1794 194 36 blifvande
894 1794 513 49 traktatsunderhandlingar
1435 1798 116 33 måtte
1580 1800 73 43 äga
1681 1808 47 23 en
1756 1795 85 36 tull-

243 1845 113 48 tariff,
387 1859 82 23 som
496 1846 154 49 erbjöde
669 1845 159 50 lämplig
846 1845 392 50 underhandlingsbas
1254 1869 49 4 —
1321 1852 53 31 att
1394 1847 63 37 det
1475 1847 215 49 framginge
1711 1847 41 36 af
1766 1847 76 36 för-

244 1898 279 49 handlingarna
550 1899 102 36 inom
683 1898 72 37 den
784 1898 163 37 svenska
973 1898 219 49 Riksdagen
1211 1899 63 36 vid
1295 1899 295 49 godkännandet
1609 1900 41 35 af
1665 1900 96 35 1906
1783 1902 58 34 års

244 1950 144 36 traktat
416 1950 86 36 med
530 1951 111 48 tyska
661 1950 110 47 riket,
794 1955 53 31 att
867 1950 334 49 nödvändigheten
1221 1951 41 36 af
1277 1953 67 34 vår
1363 1951 192 36 tulltariffs
1576 1951 266 49 omarbetning

245 2001 56 37 till
342 2001 159 50 lämplig
540 2002 392 49 underhandlingsbas
972 2016 91 23 vore
1105 2003 240 36 oomtvistad.
1400 2003 72 36 "Till
1504 2003 204 50 belysande
1736 2004 110 36 häraf

246 2054 108 36 anför
395 2054 238 49 kommittén,
667 2059 56 32 att
756 2055 84 36 från
872 2055 247 49 regeringens
1156 2055 80 36 sida
1263 2056 12 35 i
1299 2056 71 36 den
1399 2056 130 48 kungl.
1559 2055 283 50 propositionen

244 2106 163 37 rörande
436 2106 191 37 traktaten
655 2107 57 36 till
743 2108 97 35 1906
867 2109 59 34 års
946 2107 169 48 Riksdag
1135 2108 224 36 framhållits
1379 2108 114 36 bland
1514 2114 126 41 annat,
1661 2108 182 36 hurusom

245 2161 67 33 vår
340 2159 159 36 tulltaxa
527 2162 48 46 på
602 2159 123 49 grund
755 2160 41 35 af
820 2159 102 36 ålder
951 2160 70 36 och
1047 2159 227 37 förändrade
1307 2160 273 47 förhållanden,
1609 2160 129 36 hvilka
1766 2165 77 31 sär-

246 2211 115 36 skildt
381 2214 48 45 på
458 2211 227 37 industriens
711 2212 152 35 område
889 2211 141 37 inträdt
1050 2211 115 37 sedan
1185 2217 135 31 taxans
1339 2212 264 49 upprättande,
1624 2211 82 38 lede
1727 2212 39 36 af
1781 2213 62 36 det

246 2262 215 49 betydande
501 2263 89 37 felet
626 2263 41 37 af
692 2264 125 36 alltför
844 2264 110 48 ringa
982 2264 236 49 uppdelning
1247 2264 41 36 af
1313 2264 44 36 de
1386 2264 99 37 olika
1513 2264 244 49 varuslagen;
1789 2269 54 32 att
