2201 2681
413 125 41 32 06
796 124 362 43 Bevillningsutskottets
1182 123 207 33 Betänkande
1412 123 52 33 Nr
1487 124 52 31 23.

617 203 40 38 af
682 203 117 37 andra
828 209 150 32 ämnen:

371 254 87 57 271.
669 257 86 37 med
783 257 211 50 infattning
1022 257 90 38 eller
1140 259 218 49 montering
1377 259 41 37 af
1429 259 89 50 järn
1538 259 91 38 eller

720 310 194 50 opoleradt
968 311 90 37 eller
1112 312 141 37 måladt
1307 317 71 41 trä;
1435 313 195 37 äfvensom

719 363 152 50 penslar
917 370 98 30 samt
1060 378 142 23 murar-
1248 366 70 36 och
1352 365 277 50 målarborstar,

722 416 71 37 alla
834 417 95 48 slag,
973 417 32 49 ej
1049 418 57 36 till
1146 418 318 49 nästföregående
1500 419 131 37 rubrik

722 469 227 49 hänförliga,
988 475 99 31 samt
1118 470 241 38 tandborstar
1387 471 86 37 med
1501 471 130 37 infatt-

721 522 96 49 ning
846 522 40 36 af
909 522 74 37 ben
1012 522 90 37 eller
1130 523 174 37 celluloid
1322 556 61 4 ......
1406 555 48 5 ...
1473 556 156 5 sc...
1689 527 18 34 1
1737 526 64 49 kg.
1834 527 46 35 60
1910 530 64 32 öre

373 578 85 35 218.
671 575 87 37 med
786 574 210 51 infattning
1024 576 90 37 eller
1138 576 217 50 montering
1374 577 40 36 af
1430 578 92 48 guld
1543 578 89 37 eller

723 627 129 37 SÄLÉVÖL
865 660 109 4 sosse
985 660 13 4 ss
1007 661 61 4 asrerr
1079 661 24 4 ars
1112 661 61 4 reses
1184 660 60 6 essarr
1262 662 51 4 rens
1322 662 50 4 resan
1382 662 13 4 as
1405 662 25 4 ere
1439 662 15 4 ra
1473 661 75 6 Rreeeen
1567 663 62 4 vanan
1690 633 17 35 1
1739 631 63 51 kg.
1861 634 19 35 6
1917 633 55 36 kr.

668 708 88 29 Anm.
802 708 334 29 Borstbindararbeten
1154 709 71 28 med
1240 709 170 38 infattning
1422 709 30 28 af
1464 710 76 37 guld
1553 710 75 29 eller

707 750 106 30 silfver
836 751 87 29 skola
940 751 97 30 förses
1056 752 71 29 med
1146 752 270 39 kontrollstämpel
1432 753 99 39 enligt
1549 754 83 29 hvad

707 795 47 29 för
777 796 87 38 guld-
889 796 57 29 och
970 796 233 31 silfverarbeten
1227 802 32 24 är
1283 797 156 39 stadgadt.

374 884 86 35 279.
671 883 85 37 med
776 897 125 23 annan
916 884 209 49 infattning
1140 884 90 38 eller
1245 886 229 49 montering,
1491 885 143 38 damm-

727 936 69 37 och
816 936 255 51 pudervippor
1090 937 189 38 härunder
1297 938 226 50 inbegripna
1554 941 18 34 1
1603 939 64 50 kg.
1701 942 17 35 1
1749 941 55 36 kr.
1837 942 47 36 50
1913 946 64 32 öre

617 1015 86 31 Anm.
730 1016 45 29 till
798 1026 37 19 nr
856 1017 183 30 276—279.
1085 1016 119 39 Afdrag
1230 1018 11 27 i
1264 1017 109 29 vikten
1406 1016 172 39 medgifves
1603 1017 27 38 ej

660 1059 47 30 för
730 1061 107 34 etuier,
863 1061 98 35 askar,
985 1071 117 28 papper
1125 1062 57 29 och
1206 1061 103 39 dylikt
1333 1062 126 38 omslag,
1484 1061 27 39 ej
1534 1062 99 29 beller

661 1104 48 29 för
730 1104 114 32 kartor.

505 1191 17 35 I
551 1192 193 36 motionen
771 1192 38 36 II
825 1194 99 35 :245
954 1193 67 35 har
1049 1193 86 36 herr
1162 1195 163 35 Larsson
1352 1195 12 35 i
1393 1195 209 50 Klagstorp
1626 1196 124 49 yrkat,
1774 1202 78 31 »att
1871 1196 108 37 Riks-

377 1243 134 49 dagen,
540 1244 86 36 med
655 1243 123 51 afslag
806 1247 20 34 å
853 1244 129 49 kungl.
1013 1245 284 50 propositionen
1325 1247 12 36 i
1365 1247 251 38 förevarande
1643 1248 191 49 afseende,
1863 1251 116 35 måtte

377 1295 161 48 besluta,
568 1301 54 31 att
650 1296 92 37 sista
770 1297 113 36 delen
908 1298 40 35 af
972 1311 44 22 nr
1045 1300 72 33 277
1146 1299 120 36 under
1293 1299 180 37 rubriken
1501 1300 74 37 ”VI.
1615 1301 200 49 Trävaror,
1842 1301 136 37 flätade

376 1361 112 23 varor
530 1348 83 36 etc.”
655 1349 12 36 1
696 1348 131 49 kungl.
857 1349 285 50 propositionen
1170 1364 45 23 nr
1245 1352 59 46 69,
1335 1364 80 24 som
1444 1351 125 50 börjar
1597 1353 86 37 med
1712 1353 128 49 orden,
1870 1355 109 35 samt

377 1400 242 37 tandborstar
645 1422 51 5 —
723 1423 50 4 —
801 1401 71 37 och
900 1402 117 36 slutar
1045 1403 86 36 med
1158 1425 50 3 —
1236 1425 49 4 —
1314 1404 196 49 celluloid',
1541 1405 95 37 skall
1663 1419 45 23 ur
1731 1405 250 38 förevarande

380 1452 143 49 förslag
550 1456 129 45 utgå».

509 1504 73 37 Till
611 1505 84 37 stöd
725 1505 58 37 för
811 1506 103 37 detta
941 1507 170 49 yrkande
1139 1508 69 37 har
1237 1510 235 37 motionären
1500 1510 125 38 anfört
1652 1510 182 50 följande:

507 1557 37 36 »l
585 1557 142 49 Kungl.
770 1559 126 48 Maj:ts
938 1560 235 49 proposition
1201 1575 44 22 nr
1276 1563 45 35 69
1350 1563 57 35 till
1434 1563 257 37 innevarande
1720 1567 60 33 års
1808 1564 173 49 Riksdag

379 1609 159 37 föreslår
573 1609 141 50 Kungl.
744 1610 119 50 Maj:t,
892 1613 12 35 i
934 1612 169 49 enlighet
1130 1613 85 36 med
1244 1614 402 38 tulltaxekommitténs
1674 1616 159 50 förslag,
1862 1617 119 37 under

378 1661 181 37 rubriken
587 1662 74 37 ”VI.
703 1663 198 49 Trävaror,
930 1665 137 36 flätade
1095 1679 111 23 varor
1235 1666 91 49 etc.',
1356 1673 97 31 samt
1481 1682 44 22 nr
1547 1670 87 46 277,
1655 1673 56 31 att
1738 1670 243 36 tandborstar

378 1714 86 36 med
500 1714 211 50 infattning
739 1716 41 36 af
803 1716 75 37 ben
907 1717 88 36 eller
1023 1718 172 36 celluloid
1225 1719 105 36 skola
1358 1722 141 35 åsättas
1529 1734 46 23 en
1603 1721 69 36 tull
1701 1721 42 36 af
1768 1723 47 34 60
1845 1727 63 32 öre
1936 1736 45 36 pr

378 1766 66 49 kg.
498 1766 132 50 Enligt
670 1781 51 23 nu
763 1769 175 48 gällande
965 1769 161 37 tulltaxa
1154 1775 40 31 är
1222 1771 122 37 denna
1373 1773 135 36 artikel
1537 1776 97 33 åsatt
1661 1774 71 35 tull
1759 1774 85 37 med
1875 1776 18 34 1
1923 1775 55 36 kr.

380 1820 48 35 20
471 1823 63 32 öre
574 1833 46 36 pr
660 1820 64 49 kg.
783 1820 131 37 Såsom
956 1822 118 36 motiv
1116 1822 57 37 för
1214 1823 72 37 den
1328 1824 218 49 föreslagna
1587 1825 294 50 nedsättningen
1913 1827 68 36 har

380 1871 227 36 kommittén
656 1872 200 48 meddelat,
900 1879 55 31 att
984 1887 46 24 en
1058 1874 183 49 importör
1269 1876 104 49 gjort
1403 1877 280 49 framställning
1711 1878 143 49 härom,
1883 1884 97 31 samt

379 1923 141 47 vidare,
551 1928 54 31 att
633 1923 139 51 'dylika
799 1925 148 37 borstar
975 1927 81 36 icke
1084 1926 79 37 lära
1191 1928 192 37 tillverkas
1410 1929 102 37 inom
1541 1929 148 37 landet”.

510 1975 222 38 Emellertid
767 1977 67 37 har
861 1978 120 37 under
1009 1979 99 36 förra
1136 1982 79 34 året
1243 1981 226 37 åtminstone
1497 1995 47 24 en
1573 1981 122 37 fabrik
1724 1982 103 37 inom
1855 1983 128 37 landet

380 2028 197 48 igångsatt
614 2029 116 36 sådan
767 2030 258 49 tillverkning,
1084 2053 29 4 —
1157 2053 33 4 —
1235 2054 32 4 —
1312 2054 33 4 —
1386 2055 36 4 —
1460 2055 40 5 —
1530 2056 47 4 —
1606 2034 70 36 och
1704 2034 278 38 fabrikationen

383 2092 124 35 anses,
538 2080 120 49 enligt
685 2081 197 37 meddelad
900 2084 247 49 upplysning,
1168 2084 129 37 kunna
1317 2085 238 37 ekonomiskt
1573 2086 92 37 bära
1685 2087 71 48 sig,
1777 2100 61 24 om
1858 2088 124 36 denna

383 2144 92 24 vara
502 2132 58 37 får
589 2133 147 49 åtnjuta
764 2134 62 36 det
854 2135 122 49 skydd
1005 2135 73 37 den
1106 2136 133 37 hittills
1268 2137 82 37 haft
1378 2138 70 36 och
1471 2138 180 38 hänföras
1671 2139 57 36 till
1748 2139 73 37 den
1840 2140 141 48 rubrik,

383 2184 218 36 hvarunder
629 2185 73 36 den
730 2186 135 37 hittills
894 2187 87 36 hört
1010 2187 25 49 (i
1062 2188 176 49 gällande
1267 2189 158 37 tulltaxa
1453 2204 45 23 nr
1527 2190 98 50 60).»
