2231 2680
412 132 41 32 68
792 132 361 43 Bevillningsutskottets
1177 132 208 33 Betänkande
1406 133 53 32 Nr
1481 134 53 32 23.

369 211 280 39 ofvannämnda
676 212 247 37 motionerna.
978 213 195 37 Utskottet
1200 213 68 37 har
1295 214 193 49 nämligen
1517 219 135 42 ansett,
1682 219 53 32 att
1762 228 47 24 en
1838 213 56 39 till
1916 216 47 36 12

370 271 65 31 öre
463 278 66 36 per
556 263 187 50 kilogram
772 265 150 50 förhöjd
952 265 70 37 tull
1049 266 117 38 borde
1195 266 129 38 kunna
1350 267 138 37 bereda
1502 267 294 50 juteindustrien
1816 273 54 32 ett
1888 267 76 38 till-

370 318 166 49 räckligt
563 317 136 50 skydd.

498 370 196 38 Utskottet
721 370 217 39 hemställer
968 372 118 49 alltså,

893 476 33 51 a)
954 482 54 32 att
1027 477 220 51 Riksdagen
1265 478 88 38 ville
1372 479 161 49 besluta,
1554 483 53 33 att
1621 479 203 50 förslagets
1841 479 122 37 rubri-

760 530 67 38 ker
866 544 46 23 nr
949 532 75 35 420
1062 530 71 38 och
1169 534 73 35 421
1287 532 106 37 skola
1421 533 12 36 i
1460 538 114 31 taxan
1615 532 140 37 erhålla
1799 531 166 50 följande

759 583 227 37 förändrade
1014 583 142 49 lydelse
1174 598 6 23 :

903 636 209 37 Väfnader:

956 740 42 36 af
1017 740 99 49 jute:

999 798 90 31 utan
1129 794 254 50 inblandning
1416 794 43 37 af
1483 799 116 32 annat

1020 846 292 48 spånadsämne:

1039 898 106 37 säck-
1213 899 69 37 och
1318 894 16 59 =
1354 899 251 50 packväfnad,

1090 951 127 37 oblekt
1246 951 69 38 och
1336 952 169 49 ofärgad,
1526 965 79 23 som

1090 1006 49 46 på
1181 1017 45 24 en
1266 1010 67 43 yta
1375 1004 40 37 af
1445 1007 21 33 2
1496 1018 69 23 cm.
1595 1004 12 36 i

1088 1056 162 38 kvadrat
1277 1057 208 37 imnehåller
1510 1070 97 24 sam-

1089 1109 215 49 manlagdt:

760 1157 86 57 420.
1128 1161 115 50 högst
1265 1163 45 35 15
1330 1175 111 36 varp-
1461 1162 72 36 och
1552 1162 56 36 in-

1167 1214 440 49 slagstrådar.............
1666 1217 18 33 1
1714 1214 64 48 kg.
1812 1215 46 36 10
1886 1218 62 32 öre

760 1266 86 35 421.
1129 1279 79 24 mer
1245 1271 48 31 än
1328 1268 45 35 15
1402 1280 108 35 varp-
1539 1267 69 36 och

1166 1318 274 49 inslagstrådar
1470 1351 133 5 ..........
1663 1321 18 34 1
1712 1319 65 49 kg.
1811 1320 45 35 12
1885 1323 73 31 öre.

892 1388 96 32 Anm.
1013 1388 49 32 till
1084 1399 42 20 nr
1150 1389 63 32 420
1236 1388 55 31 och
1314 1389 63 30 421
1402 1389 74 37 (lika
1499 1390 71 29 med
1591 1389 171 39 förslaget).

892 1476 38 50 b)
962 1481 55 31 att
1044 1476 290 49 ifrågavarande
1362 1477 186 36 motioner
1575 1476 28 37 I:
1635 1477 45 36 57
1710 1476 70 37 och
1808 1475 48 37 II:
1888 1476 73 35 238

763 1531 61 34 må
851 1528 38 37 få
917 1541 109 24 anses
1053 1528 206 38 besvarade
1288 1542 139 36 genom
1446 1528 101 38 hvad
1566 1529 184 37 utskottet
1764 1529 68 36 här
1847 1527 114 38 ofvan

765 1581 120 36 under
912 1580 34 50 a)
973 1580 202 37 hemställt.

1115 1686 97 36 40:0.

157 1798 101 28 Bomull
278 1798 50 27 och

494 1787 56 38 De
577 1788 13 36 i
617 1788 142 49 Kungl.
788 1789 127 50 Maj:ts
944 1789 144 50 förslag
1114 1794 198 46 upptagna
1338 1790 222 37 rubrikerna
1588 1804 45 22 nr
1661 1791 87 46 447,
1777 1790 86 46 448,
1885 1789 74 36 450

156 1868 36 27 Ne
204 1833 78 63 där
290 1868 55 27 as
364 1839 70 37 Och
462 1841 73 35 451
565 1840 114 37 hafva
706 1841 166 50 följande
900 1842 159 49 lydelse:

138 1903 57 28 450
218 1889 54 42 och
285 1904 58 26 451.
493 1892 163 37 Bomull:

362 1946 87 35 447.
557 1945 139 48 oblekt,
724 1945 105 38 blekt
857 1946 89 37 eller
973 1946 136 49 färgad

362 1998 88 35 448.
558 1997 60 37 för
645 1997 227 38 medicinskt
900 1999 118 36 behof
1042 1999 152 48 beredd,
1224 1999 198 37 äfvensom
1442 1999 165 37 kemiskt

620 2050 132 36 renad:
784 2051 276 37 tullbehandlas
1089 2054 125 34 såsom
1242 2051 115 37 vadd.

492 2153 126 38 Vadd:

360 2206 87 37 450.

555 2205 205 39 bestruken
788 2207 86 37 med
902 2208 159 48 gummi,
1090 2208 64 36 lim
1184 2209 90 36 eller
1294 2214 115 31 annat
1428 2208 177 37 liknande

620 2264 120 44 ämne,
777 2259 13 36 i
827 2264 120 33 större
985 2260 88 37 eller
1110 2260 146 37 mindre
1293 2261 310 50 förpackningar;
