2173 2669
638 150 361 43 Bevillningsutskottets
1022 151 209 33 Betänkande
1255 153 51 32 Nr
1328 155 52 31 23.
1705 155 61 32 143

350 231 96 35 1908
489 229 234 38 beräknades
766 230 175 49 Sveriges
969 232 184 48 rågskörd
1181 232 56 37 till
1266 234 202 47 8,558,572
1498 234 201 37 hektoliter
1726 236 84 36 med

218 296 45 22 en
305 282 205 37 medelvikt
551 283 40 36 af
618 285 43 34 71
693 284 185 48 kilogram
906 297 66 37 per
1000 284 254 38 hektoliter
1233 278 25 63 =
1273 287 106 47 607,6
1412 286 173 50 miljoner
1612 287 196 50 kilogram.

218 335 152 36 Samma
412 338 40 33 år
492 335 270 50 importerades
809 337 83 46 54,4
922 337 174 49 miljoner
1123 338 187 49 kilogram
1338 341 70 47 råg
1435 339 71 36 och
1533 341 59 47 4,3
1623 340 187 50 kilogram

215 388 174 49 rågmjöl,
433 389 82 47 58,7
560 388 175 49 miljoner
776 389 185 50 kilogram
1003 391 257 37 tillsammans.
1316 391 16 36 I
1359 391 192 37 Danmark
1579 392 232 39 beräknades

215 441 236 46 rågskörden
479 441 57 35 till
565 443 202 45 4,855,861
797 442 80 48 Td.,
907 443 144 36 hvilket
1080 444 94 35 efter
1202 457 45 23 en
1276 444 203 36 medelvikt
1508 445 41 35 af
1565 447 72 34 205
1658 446 66 35 Pd.
1746 460 66 35 per

217 492 67 36 Td.
315 492 73 37 blir
422 494 108 46 995,4
568 493 174 49 miljoner
770 493 66 37 Pd.
892 494 191 50 Importen
1111 509 68 23 var
1207 497 108 47 229,7
1348 496 173 50 miljoner
1549 497 64 36 Pd.
1643 501 69 45 råg
1741 499 68 36 och

217 547 83 45 23,3
332 545 175 49 miljoner
534 545 65 36 Pd.
631 546 174 48 rågmjöl,
834 548 251 48 sammanlagt
1114 550 72 34 253
1215 549 174 48 miljoner
1416 549 65 36 Pd.

346 596 166 38 Sålunda
553 598 270 49 importerades
866 599 40 37 af
944 598 175 50 Sveriges
1160 601 84 36 hela
1286 601 303 37 årskonsumtion
1630 603 41 36 af
1699 603 112 38 hvete

217 651 47 35 534
292 656 157 43 procent
477 656 78 30 mot
582 651 13 35 i
623 651 192 36 Danmark
844 653 46 35 55
920 658 166 43 procent,
1117 653 70 36 och
1216 653 41 36 af
1271 656 82 34 vårt
1373 654 106 36 lands
1498 655 312 47 rågkonsumtion

217 704 19 34 I
266 708 157 44 procent
452 708 78 31 mot
558 703 11 35 i
599 702 62 37 det
689 716 134 24 senare
850 704 127 37 landet
1006 707 47 33 20
1081 711 166 42 procent.

346 755 119 36 Dessa
506 756 123 35 siffror
664 769 97 34 ange
790 762 53 31 att
871 756 202 49 Danmark,
1102 758 12 35 i
1142 764 94 31 trots
1266 759 41 36 af
1332 759 72 36 den
1430 759 207 37 storartade
1658 762 153 36 utveck-

215 808 129 47 lingen
373 807 41 36 af
440 807 336 49 boskapsskötseln
805 809 71 36 och
905 809 71 36 den
1005 809 188 37 kolossala
1223 817 179 43 exporten
1423 811 41 36 af
1479 812 191 37 förädlade
1690 813 120 36 landt-

214 859 349 49 mannaprodukter
604 866 97 30 samt
728 861 12 35 i
769 861 143 36 saknad
954 861 39 36 af
1031 863 331 48 spannmålstullar
1403 863 96 36 ändå
1540 864 101 36 inom
1683 865 128 37 landet

214 912 76 35 kan
318 912 93 48 fylla
440 917 118 31 större
588 912 108 37 delen
726 913 40 36 af
789 913 291 49 befolkningens
1109 914 118 37 behof
1249 916 92 36 efter
1361 915 172 49 brödsäd,
1555 916 90 49 föga
1665 918 144 36 mindre

214 969 47 31 än
290 964 69 36 bos
389 977 74 23 oss.
517 964 74 37 Det
619 978 113 36 synes
761 966 81 48 mig
870 966 46 35 då
936 966 237 48 obestridligt
1194 973 52 30 att
1266 967 212 37 Danmarks
1492 968 185 49 jordbruk
1697 970 112 36 äfven

213 1030 44 22 ur
299 1016 123 36 denna
464 1017 193 49 synpunkt
696 1018 109 36 reder
846 1018 59 48 sig
946 1018 93 48 godt
1066 1023 90 31 utan
1185 1019 330 46 lifsmedelstullar,
1546 1021 70 36 och
1638 1022 70 49 jag
1735 1022 74 36 kan

213 1069 83 36 icke
324 1069 114 46 finna,
469 1074 53 30 att
550 1069 284 37 förhållandena
862 1075 63 31 äro
946 1073 40 33 så
1006 1070 98 36 olika
1126 1071 65 36 där
1215 1072 69 36 och
1305 1072 68 37 hos
1395 1086 72 34 oss,
1490 1078 54 31 att
1564 1073 46 36 de
1628 1075 181 36 motivera

213 1120 280 37 bibehållandet
521 1121 41 36 af
586 1124 87 34 våra
701 1122 101 49 höga
830 1123 201 36 tullsatser.

345 1173 88 37 Som
461 1174 183 36 utskottet
672 1174 213 37 framhåller
913 1180 40 31 är
977 1175 155 37 allmänt
1160 1177 168 48 erkändt,
1359 1183 53 31 att
1440 1178 368 38 lifsmedelstullarne

213 1226 82 36 icke
325 1239 193 23 ensamma
546 1231 62 31 äro
639 1227 253 48 anledningen
920 1228 56 36 till
997 1227 44 37 de
1070 1228 11 35 i
1109 1231 82 34 vårt
1219 1229 88 36 land
1334 1230 165 37 rådande
1523 1230 101 48 höga
1643 1231 164 37 lefnads-

213 1278 214 37 kostnader.
483 1278 107 37 Flera
628 1279 165 37 faktorer
834 1280 195 36 samverka
1065 1281 208 49 härvidlag.
1330 1282 85 36 Men
1445 1282 100 37 detta
1574 1283 234 38 förhållande

213 1331 74 36 kan
328 1331 61 36 väl
430 1330 84 37 icke
555 1336 136 43 utgöra
733 1335 116 45 något
891 1332 80 37 skäl
1014 1332 57 36 för
1112 1339 55 30 att
1194 1333 188 37 bibehålla
1411 1348 47 23 en
1486 1335 70 36 och
1584 1349 46 22 en
1658 1336 151 49 mycket

212 1383 124 48 viktig
363 1383 124 36 faktor
516 1384 55 35 till
600 1384 101 36 detta
730 1384 107 36 onda.
893 1384 77 49 Jag
997 1385 74 36 kan
1101 1386 95 36 dock
1223 1387 81 36 icke
1332 1386 152 49 förbise,
1501 1393 54 31 att
1574 1389 234 48 spannmåls-

213 1436 161 35 tullarne
412 1436 48 35 ha
499 1440 53 32 ett
587 1436 95 37 visst
719 1436 183 37 samband
931 1437 84 36 med
1045 1438 121 48 öfriga
1196 1438 266 49 skyddstullar,
1492 1440 66 36 och
1591 1453 111 24 anser
1729 1442 80 47 mig

213 1487 137 48 därför,
392 1487 59 36 för
492 1489 245 47 närvarande,
771 1489 82 36 icke
881 1489 128 36 kunna
1036 1490 94 48 yrka
1158 1494 48 45 på
1235 1491 108 36 deras
1373 1492 246 48 fullständiga
1647 1494 161 48 upphäf-

213 1539 131 37 vande.
400 1539 88 38 Men
531 1554 113 35 synes
686 1542 80 45 mig
800 1541 99 48 goda
929 1542 80 36 skäl
1038 1542 186 49 föreligga
1254 1543 57 36 för
1340 1544 107 36 derag
1475 1544 248 38 nedsättande
1751 1546 56 36 till

213 1592 44 36 de
286 1592 149 49 belopp,
467 1605 80 24 som
575 1593 12 35 i
616 1593 263 37 förutnämnda
908 1595 143 35 motion
1081 1596 193 46 angifvits.

342 1696 99 37 Våra
463 1697 162 36 svenska
645 1697 240 38 småbrukare
905 1699 127 35 kunna
1047 1699 190 49 svårligen
1256 1714 44 22 ur
1315 1701 45 36 de
1376 1701 113 37 oftast
1505 1715 131 35 magra
1652 1708 155 43 tegarna

212 1748 169 48 utvinna,
416 1749 99 36 hvad
554 1763 81 23 som
664 1754 40 32 är
732 1750 234 49 nödvändigt
993 1751 59 37 för
1080 1752 187 49 familjens
1297 1753 176 37 existens.
1529 1755 55 36 De
1612 1757 119 35 måste
1759 1755 48 37 ha

212 1804 126 44 någon
366 1801 176 48 binäring
570 1815 81 23 som
680 1802 127 36 stöder
829 1803 234 49 jordbruket.
1119 1804 213 38 Danmarks
1361 1805 240 38 småbrukare
1634 1807 49 36 ha
1710 1808 100 36 visat

211 1858 136 44 vägen,
378 1853 43 36 de
449 1853 50 37 ha
527 1854 114 49 slagit
668 1854 61 49 sig
756 1857 48 46 på
823 1855 301 49 fjäderfäskötsel
1145 1856 70 37 och
1235 1858 333 50 svinuppfödning.
1612 1858 197 51 Exemplet

212 1919 131 22 manar
384 1906 57 36 till
483 1906 200 49 efterföljd.
739 1906 89 37 Men
870 1908 45 36 de
957 1909 160 36 svenska
1160 1910 269 37 småbrukarne
1471 1912 116 35 sakna
1629 1912 98 36 hvad
1765 1913 44 36 de

212 1958 144 36 danska
398 1958 59 48 ha,
500 1959 248 48 möjligheten
792 1965 53 31 att
885 1960 153 37 tullfritt
1079 1961 206 49 importera
1325 1964 101 42 majs.
1483 1964 113 36 Detta
1633 1964 176 37 framhöll

207 2010 407 49 jordbruksministern
649 2011 117 37 redan
807 2013 96 35 1903
933 2013 12 35 i
974 2026 45 23 en
1051 2013 132 49 kungl.
1212 2015 246 49 proposition,
1487 2015 109 37 hvari
1624 2016 185 49 föreslogs

212 2062 237 48 majstullens
499 2063 261 49 borttagande.
830 2064 17 36 1
890 2065 61 36 det
999 2065 105 37 öfver
1146 2067 401 37 tulltaxekommitténs
1587 2068 145 50 förslag
1773 2070 41 36 af

212 2114 290 38 ämbetsverken
531 2121 238 43 gemensamt
798 2117 146 48 afeifna
971 2118 221 48 utlåtandet,
1222 2119 68 36 har
1322 2119 399 50 kommerskollegium
1751 2122 58 36 för

212 2167 58 35 sin
301 2167 59 36 del
390 2167 140 36 erinrat
558 2181 60 22 om
653 2168 122 36 denna
809 2170 235 48 proposition
1078 2171 68 35 och
1179 2181 48 39 på
1256 2171 76 36 dei
1351 2173 282 48 propositionen
1654 2174 155 48 angifna

213 2219 131 37 skälen
377 2219 208 49 föreslagit,
620 2226 54 30 att
706 2233 143 36 majsen
885 2235 51 23 nu
955 2221 116 37 borde
1090 2222 52 36 bli
1162 2223 128 36 tullfri.
1346 2223 215 38 Utskottets
1590 2226 219 49 påpekande

213 2271 40 36 af
278 2276 55 31 att
362 2285 46 23 en
438 2271 318 49 tullnedsättning
785 2273 152 49 vidtogs
970 2276 94 34 1907
1088 2274 69 37 och
1180 2280 53 31 att
1253 2276 186 49 importen
1462 2278 95 35 1909
1579 2291 67 22 var
1665 2278 144 37 mindre
