1864 2792
471 175 287 31 Statsutskottets
778 176 179 30 utlåtande
977 186 43 20 nr
1038 178 20 28 3
1077 177 39 30 år
1137 177 84 30 1959
1555 179 39 30 19

88 256 141 31 bistånd
253 258 134 30 lämnat
411 267 41 21 en
478 259 151 29 särskild
653 259 297 32 underkommitté
975 260 10 29 i
1008 261 161 39 uppdrag
1192 263 50 29 att
1263 262 191 30 verkställa
1478 262 118 30 utred-

89 307 85 39 ning
208 308 149 29 rörande
395 308 178 30 formerna
609 309 56 30 för
690 310 56 30 det
772 309 165 31 fortsatta
961 310 182 31 bilaterala
1167 310 187 35 biståndet.
1378 313 104 30 Detta
1506 321 89 32 upp-

90 357 97 40 drag,
213 367 75 21 som
314 359 88 29 även
428 358 193 31 innefattar
645 359 124 40 frågan
793 369 58 21 om
876 360 145 30 härmed
1047 361 167 30 förenade
1240 361 201 36 kostnader,
1467 364 124 28 väntas

89 407 48 30 bli
166 408 143 31 slutfört
337 409 98 30 inom
462 409 67 30 den
558 409 88 31 allra
674 411 178 29 närmaste
880 411 106 30 tiden.
1016 411 102 30 Först
1148 411 154 31 därefter
1329 412 99 30 torde
1455 413 57 30 det
1540 413 47 29 bli

89 458 138 40 möjligt
251 460 51 29 att
326 460 164 29 närmare
515 459 184 40 analysera
725 460 208 40 spörsmålet
955 462 150 29 rörande
1130 461 244 41 fördelningen
1399 472 53 26 av,
1477 463 20 30 å
1521 472 67 21 ena

89 508 113 36 sidan,
221 509 41 30 de
281 509 138 31 direkta
439 510 150 31 svenska
607 511 200 31 insatserna
825 512 75 34 och,
920 512 21 30 å
958 512 112 30 andra
1084 512 115 35 sidan,
1218 514 68 29 den
1305 513 150 30 svenska
1473 513 116 40 hjälp-

87 559 235 38 verksamhet,
347 569 77 21 som
446 560 158 32 bedrives
627 569 126 31 genom
775 562 151 30 Förenta
947 562 225 32 Nationerna.
1196 563 180 30 Yrkandet
1399 564 12 29 i
1434 563 42 30 de
1498 563 90 30 före-

88 610 155 30 nämnda
266 610 222 31 motionerna
510 612 28 29 1:
555 611 42 31 24
618 612 65 29 och
706 612 46 29 II:
768 612 39 30 37
832 612 100 30 torde
952 622 83 21 vara
1058 613 189 39 avhängigt
1270 623 43 20 av
1335 613 115 30 denna
1472 614 116 29 utred-

89 660 94 40 ning.
203 661 176 30 Utskottet
399 661 217 35 förutsätter,
637 664 51 28 att
709 662 114 40 någon
843 663 149 39 ändring
1012 664 11 28 i
1045 663 156 40 Sveriges
1222 663 204 30 nuvarande
1446 664 142 39 åtagan-

89 711 69 30 den
173 711 46 40 på
236 712 94 30 detta
347 712 143 30 område
505 712 76 30 icke
598 713 160 29 kommer
774 713 51 30 till
843 713 113 35 stånd,
974 714 109 29 innan
1100 714 188 40 riksdagen
1302 714 70 31 fått
1389 714 137 31 tillfälle
1542 717 51 28 att

90 762 79 38 taga
195 762 166 40 ställning
387 762 54 30 till
467 761 124 41 frågan
615 763 81 29 med
722 762 263 41 utgångspunkt
1012 763 82 30 från
1118 764 244 40 utredningen.
1389 764 65 30 Det
1479 765 72 29 kan
1577 765 11 29 i

90 811 98 31 detta
211 812 257 40 sammanhang
491 813 171 40 tilläggas,
687 815 51 29 att
762 823 83 20 man
868 814 106 30 också
997 814 45 40 på
1066 814 248 40 näringslivets
1338 814 142 30 område
1503 815 87 40 tagil

92 862 113 30 under
230 863 240 39 övervägande
498 863 126 39 frågan
651 872 58 21 om
737 864 155 40 Sveriges
920 864 214 30 medverkan
1160 865 11 29 i
1199 864 57 31 det
1284 865 165 30 tekniska
1475 865 116 40 hjälp-

90 912 145 36 arbetet,
255 913 106 30 bland
381 916 108 28 annat
508 914 11 29 i
540 913 92 40 syfte
651 915 51 29 att
720 915 45 29 nå
785 914 93 30 fram
898 915 54 30 till
970 924 43 20 en
1031 915 139 29 klarare
1189 915 72 29 bild
1281 924 43 21 av
1344 915 245 40 näringslivets

90 962 339 41 ställningstagande
450 963 218 31 härutinnan
691 965 64 30 och
778 965 55 30 för
856 967 51 28 att
930 964 100 31 finna
1052 965 185 40 praktiska
1261 965 250 30 arbetsformer
1534 965 55 30 för

88 1013 224 40 deltagandet
336 1015 11 29 i
371 1014 280 32 verksamheten.
677 1015 77 30 Med
778 1016 140 38 hänsyn
942 1015 54 30 till
1019 1016 57 29 det
1102 1015 150 30 anförda
1276 1015 119 30 finner
1418 1016 171 29 utskottet

89 1064 53 40 sig
161 1064 86 30 böra
268 1065 167 39 avstyrka
457 1065 229 30 motionerna.
710 1065 176 30 Utskottet
906 1066 61 30 vill
988 1066 11 29 i
1021 1065 191 40 anledning
1233 1075 43 20 av
1297 1066 181 30 desamma
1501 1067 88 29 även

88 1114 117 31 erinra
225 1124 58 21 om
302 1117 51 28 att
372 1115 127 40 Kungl.
520 1115 105 40 Maj:t
645 1115 126 31 hittills
790 1115 243 40 bemyndigats
1053 1118 51 28 att
1122 1116 225 30 beträffande
1366 1116 223 39 delposterna

92 1165 82 30 1—3
198 1164 157 41 företaga
377 1165 201 40 utjämning
600 1166 98 29 inom
720 1175 123 21 ramen
865 1166 55 30 för
942 1166 197 39 disponibla
1161 1166 135 40 belopp.
1320 1166 177 30 Utskottet
1519 1166 70 30 till-

89 1215 148 39 styrker,
257 1217 50 29 att
327 1216 185 30 enahanda
531 1215 281 41 bemyndigande
832 1216 136 30 lämnas
987 1216 126 40 Kungl.
1135 1216 106 40 Maj:t
1260 1216 134 40 jämväl
1414 1216 55 30 för
1487 1217 101 29 nästa

89 1266 177 39 budgetår.

137 1317 155 39 Sveriges
312 1317 473 39 ungdomsorganisationers
803 1317 177 35 landsråd,
1001 1327 75 20 som
1095 1318 65 29 har
1178 1318 52 29 till
1250 1318 236 39 huvudsaklig
1504 1326 87 31 upp-

91 1367 65 39 gift
179 1369 52 28 att
253 1377 83 20 vara
360 1369 49 28 ett
433 1367 304 39 samarbetsorgan
761 1367 55 30 för
840 1368 41 29 de
906 1368 149 29 svenska
1078 1368 512 39 ungdomsorganisationerna,

90 1416 159 31 bedriver
265 1417 176 40 därjämte
458 1419 48 28 ett
522 1417 278 31 internationellt
817 1418 165 30 kontakt-
998 1418 65 29 och
1081 1417 363 41 upplysningsarbete,
1463 1417 127 30 främst

91 1467 11 29 i
130 1467 93 30 form
251 1476 42 21 av
321 1468 475 39 ungdomsledarutbildning
823 1468 12 29 i
864 1468 320 29 underutvecklade
1212 1468 132 29 länder.
1373 1467 219 30 Landsrådet

91 1517 110 36 torde,
228 1517 104 30 såvitt
358 1518 171 29 utskottet
554 1518 72 29 kan
652 1517 109 35 finna,
788 1518 205 39 härigenom
1019 1518 87 39 fylla
1132 1520 48 27 ett
1205 1517 121 35 behov,
1353 1518 31 39 ej
1414 1517 107 30 minst
1548 1517 44 30 då

92 1567 58 31 det
169 1568 107 39 gäller
293 1570 51 27 att
362 1568 11 30 i
391 1568 101 30 dessa
510 1568 123 30 länder
651 1568 135 30 utbilda
804 1568 387 40 organisationsledare.
1219 1569 5 29 I
1243 1567 221 30 motionerna
1482 1569 29 29 1:
1529 1567 62 31 194

92 1618 66 29 och
185 1618 46 30 II:
247 1619 63 29 252
337 1618 118 39 yrkas,
484 1619 51 29 att
562 1618 203 30 landsrådet
792 1618 147 40 beviljas
968 1618 212 39 statsbidrag
1207 1618 78 29 med
1314 1619 41 29 50
1371 1618 63 31 000
1461 1618 130 30 kronor

93 1667 54 30 för
165 1669 56 28 sin
237 1668 235 30 verksamhet.
492 1668 237 31 Landsrådets
748 1668 268 40 ifrågavarande
1035 1668 141 40 uppgift
1194 1668 99 30 torde
1314 1669 91 39 ligga
1421 1668 96 30 inom
1535 1677 56 21 ra-

92 1727 80 20 men
193 1718 55 30 för
268 1719 67 29 den
353 1719 234 34 verksamhet,
610 1719 55 30 för
684 1719 118 29 vilken
821 1719 229 29 förevarande
1071 1719 123 39 anslag
1214 1720 39 28 är
1271 1720 123 28 avsett.
1415 1719 176 29 Utskottet

94 1768 214 36 förutsätter,
328 1771 51 28 att
399 1769 124 39 frågan
542 1778 59 21 om
619 1769 122 40 bidrag
760 1770 53 29 till
833 1769 201 31 landsrådet
1053 1769 160 30 kommer
1233 1770 50 29 att
1302 1770 127 38 prövas
1446 1769 57 29 vid
1523 1768 65 30 den

91 1819 98 29 inom
209 1819 351 30 Centralkommittén
581 1819 55 30 för
658 1820 142 29 svenskt
821 1819 156 30 tekniskt
997 1819 142 30 bistånd
1159 1819 179 39 pågående
1357 1819 233 39 utredningen

91 1869 151 31 rörande
262 1869 96 29 vilka
381 1869 131 29 former
534 1878 76 21 som
633 1871 60 28 äro
716 1869 77 30 bäst
817 1869 133 39 ägnade
973 1869 54 30 för
1050 1870 152 28 svenska
1224 1869 183 29 bilaterala
1430 1869 160 29 insatser.

94 1920 11 28 I
123 1921 79 28 vart
221 1919 62 30 fall
304 1928 103 30 synes
427 1919 57 30 det
503 1919 11 29 i
535 1919 112 30 första
666 1919 95 30 hand
782 1919 85 30 böra
887 1919 189 29 ankomma
1096 1919 45 39 på
1159 1919 126 38 Kungl.
1306 1918 106 39 Maj:t
1432 1921 50 27 att
1502 1918 90 30 efter

92 1978 43 21 av
158 1969 202 30 landsrådet
384 1969 101 39 gjord
509 1968 263 41 framställning
795 1970 65 29 och
884 1969 88 29 efter
995 1968 157 30 hörande
1175 1978 42 20 av
1240 1968 352 31 Centralkommittén

93 2020 108 37 pröva
223 2019 126 39 frågan
370 2028 59 21 om
452 2019 212 40 statsbidrag
686 2020 10 29 i
721 2019 229 30 förevarande
973 2019 72 30 fall.
1070 2019 78 29 Med
1171 2019 139 39 hänsyn
1332 2018 120 30 härtill
1475 2018 117 29 finner

94 2069 169 30 utskottet
287 2070 52 38 sig
362 2069 76 30 icke
461 2069 110 30 berett
595 2069 176 39 tillstyrka
795 2069 219 30 motionerna
1038 2070 9 28 i
1072 2069 109 39 fråga.

141 2120 111 39 Syftet
281 2121 8 28 i
318 2119 221 30 motionerna
566 2120 29 29 1:
615 2120 60 29 193
705 2120 63 29 och
798 2121 45 28 II:
863 2120 57 29 251
952 2129 55 19 om
1036 2119 123 38 bidrag
1189 2119 49 29 till
1268 2119 326 39 hjälpverksamhet

94 2170 106 29 bland
222 2169 173 39 algeriska
420 2169 241 39 flyktingbarn
683 2170 11 28 i
718 2170 163 29 Marocko
906 2169 116 29 finner
1044 2169 171 29 utskottet
1236 2178 82 20 vara
1342 2169 10 28 i
1376 2169 64 28 och
1464 2169 55 29 för
1541 2168 52 39 sig

94 2219 295 38 behjärtansvärt.
411 2219 176 30 Utskottet
608 2219 60 29 vill
690 2220 193 28 emellertid
905 2219 114 29 erinra
1042 2228 58 20 om
1120 2221 51 28 att
1193 2218 126 40 Kungl.
1341 2218 105 39 Maj:t
1469 2226 124 30 genom

95 2269 113 29 beslut
225 2269 67 29 den
310 2270 40 29 30
367 2269 143 38 januari
529 2269 84 29 1959
631 2270 96 28 ställt
744 2271 48 27 ett
809 2269 125 38 belopp
952 2278 42 20 av
1013 2269 60 29 100
1089 2269 62 30 000
1169 2269 131 28 kronor
1316 2268 53 29 till
1387 2268 206 37 förfogande

99 2319 52 28 för
178 2319 210 29 ändamålet.
417 2318 270 39 Ifrågavarande
714 2319 122 38 bidrag
863 2319 64 28 har
953 2318 157 29 bestritts
1138 2327 42 19 av
1209 2317 227 29 förevarande
1464 2317 131 38 anslag.

96 2368 187 34 Utskottet,
309 2378 75 19 som
411 2368 215 34 förutsätter,
652 2370 50 27 att
727 2369 116 28 därest
869 2368 154 38 anslaget
1050 2368 38 28 så
1113 2368 184 37 medgiver,
1323 2367 199 39 ytterligare
1547 2367 50 28 bi-

93 2418 88 39 drag
198 2419 135 29 lämnas
355 2418 54 29 för
428 2418 209 34 ändamålet,
658 2418 182 39 avstyrker
859 2417 171 40 yrkandet
1052 2418 9 28 i
1084 2418 216 28 motionerna
1323 2426 57 20 om
1400 2426 41 19 en
1461 2417 133 38 ytterli-

94 2476 81 28 gare
195 2468 148 39 höjning
362 2478 42 20 av
423 2468 155 38 anslaget
599 2468 54 30 för
673 2468 272 39 tillgodoseende
962 2477 41 20 av
1023 2467 154 30 nämnda
1198 2467 100 39 syfte.
