1862 2782
275 170 39 31 18
645 167 285 30 Statsutskottets
950 165 181 31 utlåtande
1150 174 43 21 nr
1211 165 20 30 3
1250 165 40 30 år
1310 165 83 30 1959

277 252 147 30 föreslås
450 261 42 21 av
519 250 360 32 Centralkommittén.
907 249 181 40 Förslaget
1112 248 147 30 innebär
1286 257 43 21 en
1356 247 244 40 sammanlagd
1626 247 148 39 höjning

279 303 81 30 med
382 303 62 30 250
458 303 64 30 000
546 302 138 29 kronor.

324 353 68 30 Till
415 351 224 31 bestridande
662 360 42 21 av
729 350 152 30 arvoden
906 350 35 30 åt
966 349 276 30 medlemmarna
1269 358 42 20 av
1334 348 185 30 Nämnden
1544 348 56 29 för
1624 348 153 29 interna-

281 403 142 30 tionella
440 404 136 38 expert-
594 402 64 29 och
675 400 329 41 stipendieärenden
1023 401 91 28 samt
1133 399 156 30 Svenska
1307 397 389 32 UNICEF-kommittén
1712 398 65 29 har

283 453 111 29 under
416 452 265 39 anslagsposten
704 450 162 30 Arvoden
891 450 52 30 till
966 449 192 30 ledamöter
1181 449 11 29 i
1215 449 92 30 vissa
1331 448 174 30 nämnder
1527 448 64 29 och
1615 446 163 31 kommit-

284 503 71 30 téer
377 505 47 27 ett
446 502 127 40 belopp
597 511 42 20 av
662 502 39 30 10
716 502 64 30 000
804 501 129 29 kronor
957 500 188 40 upptagits.

327 552 228 31 Beträffande
577 551 283 40 Katastrofhjälp
884 551 64 29 och
973 550 111 30 andra
1110 549 174 40 tillfälliga
1308 548 166 31 ändamål
1498 548 98 30 torde
1621 547 160 40 tillgäng-

284 604 69 39 liga
371 603 110 29 medel
501 602 112 30 under
633 602 114 29 denna
766 603 88 38 post,
875 610 74 21 som
968 600 59 30 vid
1048 600 104 30 slutet
1171 609 43 20 av
1232 599 206 39 budgetåret
1459 597 151 37 1957/58
1628 597 152 41 uppgick

284 654 53 28 till
364 654 92 29 1118
471 653 64 30 878
560 653 128 28 kronor
710 670 46 3 —
779 652 93 29 vissa
896 651 259 39 utbetalningar
1179 650 65 29 har
1269 649 90 30 dock
1384 649 92 30 skett
1501 648 153 30 därefter
1677 666 45 3 —
1745 647 36 30 få

285 712 102 21 anses
411 703 85 39 fylla
521 702 137 40 rimliga
680 702 89 29 krav
792 701 45 40 på
860 701 205 39 beredskap,
1088 700 119 30 varför
1229 699 200 40 ytterligare
1454 699 122 39 anslag
1599 699 73 29 inte
1696 707 86 31 upp-

285 754 115 38 tagits.

331 805 14 29 I
368 803 67 30 den
458 803 85 29 mån
567 802 191 40 utgifterna
783 801 110 30 under
916 801 224 40 delposterna
1165 801 83 30 1—3
1273 800 94 29 visar
1391 800 51 39 sig
1466 799 77 30 icke
1566 799 143 29 komma
1732 800 51 28 att

286 854 300 29 överensstämma
606 853 77 29 med
703 852 200 30 beräknade
922 851 137 40 belopp,
1080 851 61 30 bör
1160 850 58 30 det
1238 850 108 39 enligt
1366 849 190 30 statsrådet
1576 848 36 30 få
1631 849 153 29 tillkom-

287 913 58 20 ma
371 904 125 39 Kungl.
524 903 106 39 Maj:t
656 905 49 27 att
733 902 157 39 företaga
915 911 43 20 en
985 901 201 40 utjämning
1213 900 130 30 mellan
1369 899 292 40 utgiftsposterna
1689 899 95 28 inom

288 963 121 20 ramen
431 953 54 30 för
509 953 197 40 disponibla
728 952 124 30 medel.
879 977 4 3 .

334 1054 175 30 Utskottet
545 1054 63 29 har
643 1053 148 40 tidigare
827 1052 244 30 understrukit
1105 1051 201 40 betydelsen
1341 1060 42 20 av
1418 1050 65 30 här
1519 1049 266 39 ifrågavarande

289 1104 326 40 hjälpverksamhet
638 1104 65 29 och
727 1103 118 29 finner
867 1102 175 30 skäl.tala
1066 1102 55 30 för
1144 1103 51 28 att
1220 1101 137 39 Sverige
1381 1101 162 38 bidrager
1568 1100 52 29 till
1645 1101 50 28 att
1719 1099 66 30 öka

290 1154 271 40 möjligheterna
591 1154 54 29 för
674 1154 116 29 denna
820 1153 242 29 verksamhets
1093 1152 164 30 fortsatta
1288 1150 222 31 bedrivande.
1543 1150 176 30 Utskottet
1750 1151 38 28 är

291 1204 120 31 därför
429 1204 111 30 berett
560 1204 176 39 tillstyrka
756 1204 68 29 den
843 1212 46 21 nu
909 1203 200 38 föreslagna
1127 1201 346 40 anslagshöjningen.

336 1254 51 31 Av
407 1255 58 30 det
486 1254 131 31 äskade
639 1254 157 39 anslaget
818 1263 97 20 avses
940 1254 38 29 15
993 1253 64 30 550
1072 1253 62 30 000
1157 1253 131 28 kronor
1309 1251 52 30 till
1384 1252 152 29 Förenta
1557 1251 231 29 Nationernas

291 1305 186 39 utvidgade
498 1304 225 30 verksamhet
745 1304 56 30 för
822 1304 157 29 tekniskt
1000 1303 142 30 bistånd
1164 1303 65 29 och
1253 1301 175 31 särskilda
1449 1301 143 34 fonden,
1617 1300 94 31 1350
1726 1300 63 30 000

292 1355 131 30 kronor
444 1355 53 29 till
521 1355 150 29 Förenta
693 1354 232 30 Nationernas
949 1353 178 30 barnfond
1149 1354 91 28 samt
1264 1352 18 30 3
1298 1352 61 30 975
1375 1352 62 30 000
1462 1351 132 30 kronor
1616 1351 54 30 till
1693 1350 97 39 övrig

293 1405 262 30 internationell
585 1404 333 40 hjälpverksamhet.
949 1404 14 29 I
994 1403 221 30 motionerna
1245 1404 29 29 I:
1291 1402 41 31 24
1360 1402 67 30 och
1458 1402 46 29 II:
1522 1401 38 31 37
1592 1401 116 39 yrkas,
1740 1402 50 28 att

294 1455 220 30 sistnämnda
533 1457 79 37 post
629 1455 85 30 ökas
734 1454 81 30 med
834 1454 18 30 3
867 1454 61 30 000
943 1454 64 30 000
1026 1454 131 29 kronor
1175 1461 126 31 genom
1320 1451 248 30 motsvarande
1587 1450 204 39 minskning

293 1514 43 21 av
360 1504 247 31 förstnämnda
630 1506 88 38 post.
744 1504 169 30 Avsikten
937 1503 149 31 härmed
1110 1511 105 31 anges
1240 1512 86 20 vara
1350 1504 50 28 att
1424 1501 79 30 vårt
1528 1501 100 30 lands
1652 1500 137 31 direkta

294 1555 224 30 verksamhet
543 1555 56 30 för
623 1554 157 31 tekniskt
804 1554 139 30 bistånd
968 1553 239 30 intensifieras
1234 1561 124 31 genom
1384 1554 50 28 att
1459 1552 45 29 bl.
1532 1561 29 20 a.
1587 1551 53 30 till
1666 1551 126 29 under-

295 1606 205 30 utvecklade
521 1605 123 30 länder
665 1604 152 31 utsända
838 1605 82 29 ökat
941 1604 98 29 antal
1060 1606 157 37 experter
1239 1603 66 30 och
1326 1602 159 30 därifrån
1507 1601 148 40 inbjuda
1676 1610 117 31 perso-

296 1665 63 20 ner
379 1658 48 28 att
446 1655 45 40 på
511 1655 128 30 svensk
657 1655 196 29 bekostnad
874 1654 142 30 studera
1037 1654 149 29 svenska
1206 1653 135 39 företag
1360 1662 46 20 m.
1427 1661 45 20 m.

341 1705 136 40 Sverige
498 1705 67 30 har
585 1705 123 30 hittills
731 1704 189 31 successivt
941 1704 84 30 ökat
1048 1704 54 30 sin
1122 1703 214 30 medverkan
1355 1703 13 29 i
1389 1703 151 29 Förenta
1561 1702 232 29 Nationernas

297 1756 162 29 tekniska
482 1755 386 30 biståndsverksamhet
892 1755 64 29 och
981 1754 59 29 vid
1065 1753 100 30 sidan
1189 1754 110 29 härav
1323 1752 148 30 bedrivit
1496 1761 44 21 en
1564 1752 133 39 ganska
1721 1760 73 21 om-

297 1806 158 30 fattande
480 1806 144 30 teknisk
648 1805 335 40 hjälpverksamhet.
1010 1805 76 29 Den
1111 1803 183 30 bilaterala
1318 1802 271 30 verksamheten
1614 1802 65 29 har
1704 1801 89 30 dock

296 1857 12 28 i
326 1856 188 30 huvudsak
532 1856 128 29 avsetts
681 1864 75 21 som
777 1857 48 28 ett
844 1855 239 39 komplement
1102 1854 51 29 till
1173 1853 58 30 det
1251 1852 251 30 multilaterala
1520 1852 176 30 biståndet
1716 1853 79 29 när-

296 1908 92 28 mast
407 1907 11 29 i
438 1906 92 40 syfte
550 1908 50 27 att
621 1905 183 30 stimulera
821 1905 76 30 vårt
917 1904 94 30 folks
1031 1904 148 29 intresse
1200 1903 56 30 för
1275 1903 151 29 insatser
1444 1902 12 30 i
1476 1902 42 30 de
1539 1902 254 30 underutveck-

297 1956 77 30 lade
394 1956 179 30 länderna.

343 2007 116 39 Enligt
474 2007 69 29 vad
560 2007 170 29 utskottet
745 2006 112 29 under
872 2005 94 30 hand
982 2005 176 29 inhämtat
1173 2004 100 30 torde
1290 2003 111 31 medel
1419 2003 55 30 för
1491 2002 137 31 direkta
1645 2002 150 30 svenska

296 2056 264 40 hjälpåtgärder
585 2057 76 29 icke
685 2056 131 30 saknas
842 2055 54 30 för
920 2055 42 30 de
987 2054 152 40 projekt,
1165 2063 77 20 som
1266 2062 49 21 nu
1340 2053 130 30 finnas.
1496 2053 66 29 Det
1587 2052 57 30 må
1669 2052 124 30 härvid

297 2106 134 31 erinras
449 2116 58 20 om
525 2108 52 29 att
596 2106 110 30 under
725 2108 125 38 posten
869 2104 351 32 Centralkommittén
1239 2104 57 30 för
1315 2103 143 31 svenskt
1477 2103 157 30 tekniskt
1652 2102 141 30 bistånd

298 2157 116 30 finnes
433 2166 45 21 en
497 2157 135 39 ganska
649 2156 171 30 avsevärd
840 2155 225 31 reservation.
1087 2155 74 39 Nya
1180 2154 142 40 projekt
1343 2153 55 31 för
1420 2153 116 30 denna
1557 2153 55 29 del
1632 2162 43 20 av
1695 2152 99 30 verk-

298 2207 182 31 samheten
499 2207 168 40 föreligga
684 2216 49 21 nu
754 2206 77 30 icke
849 2207 12 29 i
881 2205 111 31 sådan
1010 2205 102 35 form,
1133 2206 51 29 att
1203 2205 45 29 de
1265 2205 123 29 kunna
1407 2203 226 40 igångsättas.
1654 2203 140 30 Utskot-

299 2260 49 28 tet
362 2258 60 31 vill
439 2258 91 30 dock
547 2257 115 31 erinra
678 2266 58 21 om
752 2259 54 28 att
822 2257 150 29 Förenta
987 2255 216 31 Nationerna
1218 2255 100 29 inom
1333 2263 123 21 ramen
1474 2253 55 31 för
1546 2254 54 29 sin
1617 2253 178 30 verksam-

298 2308 60 30 het
375 2308 54 31 för
444 2308 159 30 tekniskt
618 2307 141 31 bistånd
776 2308 65 29 har
858 2306 184 40 möjlighet
1060 2307 51 29 att
1129 2305 110 30 sända
1258 2304 229 41 stipendiater
1503 2304 55 30 till
1575 2304 136 39 Sverige
1730 2303 64 29 och

299 2358 179 40 rekrytera
503 2358 150 30 svenska
677 2359 169 39 experter.
871 2357 124 30 Denna
1020 2355 183 41 möjlighet
1228 2355 66 30 har
1317 2354 106 30 också
1448 2353 190 41 utnyttjats
1664 2353 13 29 i
1701 2353 94 39 bety-

298 2409 114 30 dande
433 2408 223 40 omfattning.

345 2459 116 40 Enligt
479 2459 69 30 vad
568 2459 169 30 utskottet
757 2458 173 30 inhämtat
949 2457 66 29 har
1033 2455 350 32 Centralkommittén
1404 2455 55 29 för
1479 2454 143 30 svenskt
1641 2453 155 31 tekniskt
