1864 2790
469 159 287 31 Statsutskottets
777 162 178 30 utlåtande
976 171 43 20 nr
1038 163 19 29 3
1076 163 38 29 år
1135 163 83 30 1959
1574 167 17 29 5

89 239 231 40 tjänstemän:
343 241 422 42 Prisutjämningstillägg
787 245 11 29 i
820 245 152 39 enlighet
994 247 79 29 med
1095 247 66 29 vad
1186 256 75 20 som
1284 247 146 40 tidigare
1455 249 136 30 anförts

87 291 203 38 uppräknas
313 292 79 29 med
417 292 62 29 700
493 292 63 31 000
579 293 141 31 kronor.
744 295 117 29 Under
882 298 124 37 posten
1029 296 269 31 Administrativ
1320 299 164 38 personal
1505 308 86 31 upp-

84 339 69 31 fört
176 340 126 41 belopp
326 342 52 30 till
404 342 203 41 Ortstillägg
631 344 100 30 torde
754 345 121 30 kunna
900 346 159 30 minskas
1083 347 78 29 med
1187 348 234 40 sammanlagt
1447 349 63 30 800
1525 350 62 30 000

84 390 139 31 kronor.
242 392 66 30 Det
327 393 110 30 under
455 393 248 32 förstnämnda
722 396 220 40 anslagspost
962 397 174 40 uppförda
1155 398 163 40 beloppet
1336 399 53 29 till
1406 399 180 31 Särskilda

84 440 260 40 löneförmåner
364 443 52 30 till
436 443 174 31 ordinarie
631 446 64 29 och
717 446 268 31 icke-ordinarie
1006 448 232 39 tjänstemän:
1258 449 180 30 Särskilda
1457 450 130 39 förmå-

84 500 60 21 ner
171 493 11 28 i
208 492 112 40 övrigt
346 494 98 30 torde
472 495 80 29 med
578 495 139 40 hänsyn
743 496 54 30 till
824 497 183 30 förutsedd
1034 499 91 29 ökad
1152 499 198 41 belastning
1377 500 103 40 höjas
1508 501 78 30 med

84 542 61 30 200
160 543 63 30 000
242 544 140 31 kronor.

129 592 117 30 Under
265 604 106 20 envar
390 604 43 21 av
450 597 166 38 posterna
633 597 238 39 Diplomatisk
889 600 64 29 och
973 600 169 30 konsulär
1160 600 174 40 personal,
1355 600 233 31 Administra-

86 642 46 30 tiv
151 645 167 37 personal
338 647 90 27 samt
448 647 285 30 Pressattachéer
752 648 65 29 har
839 649 161 40 uppförts
1024 659 42 20 en
1087 649 204 40 förslagsvis
1312 651 195 30 betecknad
1529 661 59 21 an-

83 693 182 39 slagspost,
303 694 176 31 benämnd
514 696 278 40 Kompensation
828 698 57 39 för
919 699 110 40 höjda
1066 700 405 41 folkpensionsavgifter,
1511 711 75 21 som

84 743 189 31 heräknats
295 745 52 30 till
369 746 40 29 56
425 746 73 34 000,
522 747 40 30 36
577 746 73 35 000,
672 749 196 39 respektive
891 749 95 31 2000
1008 750 140 30 kronor.
1171 751 282 40 Nettoökningen
1475 753 112 29 under

84 793 222 40 delposterna
326 796 51 29 till
396 796 136 40 Rörligt
553 797 117 42 tillägg
689 798 153 31 förutses
862 800 116 40 uppgå
998 800 51 30 till
1070 801 17 29 6
1103 800 61 31 000
1185 801 142 34 kronor,
1346 802 174 40 varjämte
1540 803 47 30 lö-

84 844 428 41 neklassuppflyttningar
540 850 89 27 samt
657 848 283 41 uppflyttningar
967 851 11 29 i
1005 851 156 40 reglerad
1190 851 314 42 befordringsgång
1531 853 56 30 be-

84 895 128 30 räknas
242 896 183 30 föranleda
454 898 238 30 automatiska
722 899 323 41 utgiftsstegringar
1073 901 78 29 med
1181 903 234 39 sammanlagt
1447 902 61 31 142
1523 903 62 31 880

83 947 140 30 kronor.
248 947 26 30 Å
299 948 110 30 andra
432 948 102 30 sidan
557 949 63 30 har
643 950 52 30 till
721 950 90 40 följd
835 961 42 20 av
898 951 166 40 vidtagna
1087 952 228 40 besparingar
1338 953 172 41 beloppen
1533 954 52 30 till

80 997 204 40 avlöningar
310 998 35 31 åt
371 999 177 30 ordinarie
574 1000 64 29 och
665 1000 269 32 icke-ordinarie
962 1002 215 39 tjänstemän
1204 1004 113 29 under
1343 1006 165 38 posterna
1535 1005 52 29 till

82 1046 238 40 Diplomatisk
344 1049 63 29 och
434 1048 171 31 konsulär
628 1051 166 38 personal
819 1053 90 28 samt
934 1051 255 32 Adminstrativ
1215 1054 166 39 personal
1406 1054 179 41 samtidigt

79 1098 136 30 kunnat
240 1098 159 32 minskas
423 1100 80 29 med
528 1100 63 29 228
605 1099 63 31 408
694 1101 141 30 kronor.

127 1148 167 40 Anslaget
313 1149 97 30 torde
431 1149 133 31 således
584 1150 102 40 höjas
708 1151 80 30 med
809 1153 233 39 sammanlagt
1062 1153 58 30 241
1138 1153 64 30 888
1221 1154 131 30 kronor
1372 1155 83 30 eller
1474 1155 12 30 i
1505 1158 82 27 runt

84 1198 46 29 tal
152 1197 63 31 242
231 1199 63 30 000
315 1199 130 30 kronor
466 1200 66 29 och
554 1200 54 30 för
629 1202 102 29 nästa
753 1201 169 40 budgetår
943 1203 169 40 uppföras
1135 1204 80 30 med
1238 1204 117 31 31636
1370 1205 63 31 000
1456 1206 131 30 kronor

82 1248 78 29 med
184 1248 68 30 den
278 1258 42 21 av
344 1249 387 40 departementschefen
756 1252 199 41 föreslagna
979 1253 243 41 fördelningen
1247 1255 45 39 på
1316 1256 269 40 anslagsposter.

127 1349 186 31 Utskottet.
339 1351 67 29 För
432 1352 50 28 att
508 1352 107 38 pröva
640 1352 148 30 behovet
814 1362 41 20 av
880 1354 228 39 diplomatisk
1134 1355 65 29 och
1225 1356 169 30 konsulär
1420 1359 162 37 personal

82 1400 64 28 och
172 1399 181 40 klarlägga
378 1400 180 39 omfånget
585 1411 41 20 av
652 1403 417 40 utrikesförvaltningens
1095 1406 204 29 nuvarande
1327 1406 253 41 arbetsuppgif-

83 1449 50 29 ter
155 1450 65 29 har
242 1449 97 30 inom
361 1450 416 41 utrikesdepartementet
799 1453 181 40 påbörjats
1003 1463 43 20 en
1069 1464 45 31 ny
1136 1456 150 38 översyn
1308 1465 42 20 av
1372 1456 210 30 hithörande

79 1498 257 32 förhållanden.
357 1501 178 30 Utskottet
555 1502 116 30 finner
692 1512 43 20 en
757 1503 97 40 dylik
874 1505 149 39 översyn
1043 1514 84 21 vara
1147 1505 161 41 behövlig
1329 1507 65 29 och
1416 1506 167 31 förutsät-

80 1551 60 33 ter,
157 1552 50 28 att
222 1550 207 31 densamma
444 1553 87 28 utan
547 1551 217 32 tidsutdräkt
781 1554 165 30 slutföres
962 1554 65 30 och
1044 1555 178 31 redovisas
1239 1556 56 30 för
1311 1556 189 41 riksdagen
1515 1557 68 30 till-

79 1599 70 30 lika
168 1600 81 29 med
269 1599 130 41 förslag
420 1611 56 20 om
496 1602 106 30 därav
621 1604 186 29 eventuellt
826 1605 182 36 påkallade
1030 1606 297 37 organisatoriska
1349 1607 171 40 åtgärder.

126 1651 12 29 I
158 1650 176 29 avvaktan
353 1651 45 39 på
417 1651 116 30 denna
552 1653 147 39 översyn
720 1653 64 29 har
805 1654 55 30 det
879 1655 193 30 emellertid
1091 1656 90 30 visat
1202 1657 61 38 sig,
1284 1660 50 27 att
1353 1658 95 30 vissa
1467 1659 115 39 nytill-

79 1699 211 31 kommande
316 1701 297 39 arbetsuppgifter
637 1703 109 30 kräva
772 1714 42 19 en
839 1705 199 30 omedelbar
1063 1707 418 41 personalförstärkning.
1508 1710 70 29 Mot

78 1749 406 40 departementschefens
509 1752 130 40 förslag
663 1754 10 28 i
698 1754 103 29 dessa
824 1755 96 29 delar
945 1765 102 29 synes
1071 1757 172 29 utskottet
1266 1758 76 29 icke
1367 1759 106 39 något
1496 1768 82 20 vara

81 1801 49 28 att
155 1800 127 30 erinra.
310 1802 175 29 Utskottet
512 1803 193 39 tillstyrker
732 1804 112 35 alltså,
871 1808 50 27 att
948 1815 43 20 en
1017 1806 231 40 självständig
1275 1808 230 40 beskickning
1531 1810 50 28 in-

82 1851 107 28 rättas
212 1851 11 28 i
244 1852 120 28 Bortre
387 1852 122 29 Indien
531 1854 63 28 och
616 1856 50 27 att
688 1854 56 30 för
765 1855 200 30 ändamålet
987 1856 147 30 inrättas
1156 1866 42 20 en
1222 1867 45 30 ny
1289 1861 78 36 post
1389 1859 10 28 i
1422 1859 159 39 rådsgra-

76 1899 66 29 den
165 1900 11 29 i
199 1901 46 29 Be
272 1901 26 35 1,
323 1902 157 30 närmast
504 1903 128 30 avsedd
656 1907 51 26 att
730 1905 157 38 placeras
910 1905 10 29 i
944 1906 178 39 Bangkok.
1148 1908 127 29 Vidare
1300 1908 203 39 tillstyrkes,
1529 1911 49 28 att

76 1948 66 30 den
166 1951 205 30 nuvarande
392 1952 392 41 arvodesbefattningen
805 1955 57 29 vid
885 1956 151 29 Förenta
1056 1957 233 30 Nationernas
1311 1959 269 39 Europakontor

77 1999 11 28 i
109 2000 133 29 Gentve
265 2001 206 30 omvandlas
494 2002 52 30 till
569 2012 41 20 en
633 2003 111 39 tjänst
767 2004 10 29 i
800 2006 45 29 Be
870 2006 26 29 1.
921 2006 136 29 Medlen
1081 2006 54 30 för
1159 2007 307 39 tjänstemannens
1489 2010 91 29 avlö-

77 2048 83 40 ning
180 2050 109 35 torde,
310 2051 44 39 på
375 2052 68 29 sätt
465 2052 208 40 föreslagits,
695 2054 85 30 böra
801 2055 171 30 bestridas
994 2066 41 19 av
1056 2056 229 32 förevarande
1307 2060 131 38 anslag,
1459 2060 121 30 varvid

77 2100 155 38 anslaget
254 2100 52 29 till
330 2101 179 30 Särskilda
532 2102 267 41 förhandlingar
820 2105 79 29 med
924 2105 221 33 främmande
1167 2108 148 35 makter,
1339 2110 113 30 under
1472 2111 107 29 vilket

77 2150 389 40 arvodesbefattningen
488 2151 126 31 hittills
635 2153 204 37 redovisats,
862 2155 70 29 kan
953 2156 158 30 minskas
1132 2158 80 29 med
1235 2158 41 30 50
1290 2159 62 30 000
1374 2160 141 30 kronor.

121 2199 70 29 Mot
213 2200 41 28 de
275 2209 42 19 av
336 2200 387 38 departementschefen
744 2204 11 28 i
775 2204 110 39 övrigt
905 2205 212 30 verkställda
1138 2207 284 40 beräkningarna
1441 2210 64 29 har
1526 2212 52 27 ut-

78 2249 128 29 skottet
230 2249 76 29 icke
328 2250 103 37 något
455 2253 50 27 att
528 2251 124 30 erinra.

121 2298 226 39 Åberopande
369 2300 56 28 det
448 2300 149 30 anförda
619 2302 63 28 och
706 2303 112 28 under
839 2304 141 29 erinran
1002 2314 56 19 om
1080 2308 49 27 att
1151 2307 187 38 riksdagen
1361 2318 147 20 numera
1530 2310 47 28 bi-

78 2347 89 29 fallit
192 2349 126 38 Kungl.
344 2350 123 38 Maj:ts
494 2351 130 38 förslag
651 2352 110 29 under
788 2353 111 38 bilaga
925 2355 17 29 2
971 2355 48 28 till
1046 2355 90 29 årets
1163 2358 411 39 statsverksproposition

78 2397 53 29 får
152 2398 171 30 utskottet
345 2399 194 34 hemställa,
