1874 2832
447 118 382 33 Jordbruksutskottets
854 116 176 32 utlåtande
1055 116 48 30 Nr
1133 116 49 30 34.
1541 106 37 30 17

380 206 47 29 ett
449 203 182 31 saluvärde
653 212 41 20 av
717 202 61 30 771
803 202 130 30 kronor
955 201 41 29 40
1019 201 67 34 öre,
1109 207 105 21 varav
1237 197 42 30 46
1303 197 129 29 kronor
1455 196 40 29 40
1519 195 59 29 öre

380 255 122 37 utgöra
527 252 445 38 avstyckningskostnader,
999 249 56 31 må
1080 249 78 31 med
1183 248 237 30 tillträdesrätt
1445 246 66 30 den
1538 245 39 29 14

381 314 94 21 mars
501 305 83 30 1939
609 302 162 37 försäljas
796 309 125 30 genom
944 301 111 30 utbud
1078 300 110 30 under
1212 298 96 30 hand
1327 297 105 36 enligt
1459 296 38 30 13
1523 295 18 37 $
1568 295 10 29 i

381 355 249 36 förordningen
652 354 66 30 den
740 354 19 29 6
781 352 77 38 juni
882 353 83 29 1929
994 351 52 39 (nr
1071 349 71 40 176)
1171 348 178 38 angående
1372 345 206 38 försäljning

382 407 10 30 i
413 407 91 30 vissa
525 406 62 30 fall
608 414 42 21 av
672 403 283 37 kronoegendom
977 412 45 20 m.
1045 411 55 25 m.,

425 458 73 31 dels
515 460 48 29 att
578 456 156 37 följande
749 454 79 32 från
845 453 325 37 kronoegendomen
1185 450 211 38 avstyckade
1412 449 166 37 ägolotter

380 508 58 31 må
463 509 78 30 med
566 506 247 36 tillträdesrätt,
841 505 127 30 räknat
997 503 78 31 från
1103 503 65 30 den
1197 502 39 30 14
1264 510 93 21 mars
1386 500 93 35 1938,
1507 499 69 30 för-

380 557 115 39 säljas,

424 610 106 30 lotten
557 608 62 31 litt.
647 606 47 32 Ca
728 606 146 40 (Boberg
906 603 56 42 1"')
996 605 50 31 till
1074 602 152 32 Fornåsa
1255 603 170 29 kommun
1453 600 53 31 för
1534 609 43 21 en

382 659 230 37 köpeskilling
635 668 42 21 av
700 658 94 35 1,183
815 657 130 30 kronor
965 656 41 30 85
1029 656 66 35 öre,
1116 663 105 21 varav
1243 654 41 29 76
1308 653 130 30 kronor
1457 651 41 30 85
1520 651 58 29 öre

382 710 123 36 utgöra
539 706 446 40 avstyckningskostnader,

425 760 106 30 lotten
550 759 61 31 litt.
634 757 44 32 Ce
703 757 146 40 (Boberg
869 753 42 42 1”)
935 756 51 31 till
1006 755 225 31 arrendatorn
1251 753 36 30 F.
1309 753 37 30 A.
1367 752 210 30 Lundström

382 810 55 31 för
459 819 43 21 en
527 808 231 38 köpeskilling
782 817 42 21 av
850 807 60 30 791
939 807 128 30 kronor
1093 805 42 30 40
1159 806 67 34 öre,
1251 812 107 22 varav
1382 803 42 30 46
1450 802 130 30 kronor

381 861 42 31 40
451 861 58 30 öre
534 860 123 36 utgöra
685 856 445 39 avstyckningskostnader,
1156 858 90 28 samt

428 911 148 30 lotterna
596 910 63 30 litt.
681 908 46 37 Cg
752 907 146 41 (Boberg
923 904 57 43 1")
1007 907 65 30 och
1094 905 49 31 Ch
1168 904 145 40 (Boberg
1338 901 56 42 1")
1420 903 50 30 till
1493 911 85 22 sme-

382 960 66 32 den
471 960 105 37 Helge
601 959 136 30 Nilsson
760 959 54 30 för
836 968 42 21 en
900 957 240 35 sammanlagd
1163 955 231 37 köpeskilling
1416 963 42 21 av
1485 954 94 35 1,648

382 1011 130 30 kronor
536 1011 19 30 5
581 1011 68 35 öre,
673 1018 105 22 varav
806 1009 61 30 123
894 1009 129 30 kronor
1047 1008 18 30 5
1090 1008 58 30 öre
1171 1007 123 36 utgöra
1319 1004 259 38 avstycknings-

382 1061 197 36 kostnader,

429 1111 73 30 dels
526 1110 65 31 ock
614 1113 50 28 att
686 1109 327 36 kronoegendomen
1035 1108 11 30 i
1069 1107 111 37 övrigt
1209 1099 375 44 (huvudgårdslotten),

384 1162 11 31 i
419 1163 92 30 areal
536 1160 245 32 innehållande
805 1160 97 31 cirka
927 1161 106 29 27.136
1057 1159 132 35 hektar,
1213 1157 58 31 må
1295 1157 81 31 med
1398 1156 182 31 tillträdes-

382 1214 68 29 rätt
472 1212 125 31 räknat
619 1210 79 31 från
723 1211 66 30 den
816 1211 39 30 14
880 1219 93 22 mars
999 1210 83 30 1938
1104 1210 152 35 avyttras
1279 1208 51 31 till
1353 1207 227 30 arrendatorn

384 1262 36 32 F.
444 1262 37 31 A.
503 1262 212 31 Lundström
737 1261 56 31 för
812 1269 44 22 en
877 1260 230 37 köpeskilling
1128 1268 43 21 av
1193 1258 120 36 27,000
1337 1258 143 36 kronor;
1504 1257 76 31 sko-

386 1313 102 30 lande
509 1311 57 32 vid
590 1311 296 38 försäljningarna
907 1311 11 30 i
941 1311 109 36 övrigt
1072 1310 181 36 iakttagas,

431 1362 311 31 beträffande
786 1361 153 31 lotten
983 1360 89 31 litt.
1119 1360 66 36 Ca,
1223 1362 50 28 att
1310 1358 275 37 köpeskillingen

387 1414 90 31 skall
501 1413 154 36 erläggas
681 1413 147 30 kontant
854 1412 59 30 vid
937 1411 174 36 tillträdet,

432 1464 311 31 beträffande
774 1464 212 29 lotterna
1014 1462 89 31 litt.
1137 1461 62 36 Ce,
1231 1460 56 37 Cg
1320 1461 84 30 och
1436 1459 68 37 Ch,
1537 1462 50 28 att

388 1515 319 37 köpeskillingarna
732 1514 155 36 erläggas
912 1513 46 37 på
983 1513 67 30 sätt
1074 1513 11 30 i
1110 1512 41 38 $8
1179 1512 38 30 21
1246 1512 67 30 och
1341 1512 40 29 22
1408 1511 25 30 B
1460 1511 11 30 i
1497 1510 88 31 före-

388 1566 154 31 nämnda
560 1565 206 36 förordning
786 1565 68 30 den
876 1565 20 30 6
914 1564 77 36 juni
1015 1565 82 29 1929
1119 1564 147 35 stadgas,

432 1616 311 32 beträffande
762 1614 477 38 huvudgårdslotten,
1259 1616 51 28 att
1330 1612 159 37 samtliga
1508 1613 78 29 kro-

388 1678 70 22 nan
479 1669 66 30 och
566 1667 212 31 Lundström
797 1666 275 36 tillkommande,
1095 1665 46 37 på
1162 1664 347 32 arrendekontraktet
1529 1673 58 20 om

390 1719 213 38 egendomen
630 1718 178 37 grundade
838 1717 241 37 rättsanspråk
1107 1719 172 34 gentemot
1307 1715 175 31 varandra
1507 1714 81 31 med

388 1771 179 36 undantag
589 1779 42 22 av
653 1769 183 31 eventuellt
856 1768 214 36 förefintliga
1092 1767 152 37 anspråk
1266 1766 149 31 rörande
1436 1765 153 37 oguldna

388 1821 310 37 arrendeavgälder
718 1821 65 30 och
804 1821 130 30 skatter
955 1820 10 30 i
986 1820 64 30 och
1071 1826 122 29 genom
1216 1817 251 37 försäljningen
1488 1816 97 31 skola

388 1881 102 22 anses
518 1881 82 21 vara
628 1871 185 36 reglerade,
841 1872 50 28 att
916 1869 211 30 Lundström
1153 1868 232 30 tillförbindes
1415 1870 49 28 att
1491 1868 93 29 över-

387 1924 80 34 taga
493 1921 355 36 betalningsansvaret
874 1920 56 30 för
955 1920 211 36 egendomen
1193 1918 87 31 efter
1305 1918 281 35 tillträdesdagen

391 1971 160 31 åvilande
568 1970 102 31 andel
688 1970 10 30 i
716 1968 205 38 odlingslån,
940 1971 91 28 samt
1049 1971 49 28 att
1116 1967 276 37 köpeskillingen
1409 1967 54 30 för
1483 1968 106 29 lotten

392 2022 151 36 erlägges
568 2022 9 29 i
603 2021 149 36 enlighet
774 2021 80 30 med
877 2020 305 30 bestämmelserna
1207 2020 9 29 i
1239 2019 41 37 88
1305 2019 40 29 21
1370 2019 65 30 och
1459 2019 41 29 22
1525 2018 27 30 A
1576 2017 9 30 i

389 2072 147 31 berörda
563 2071 204 37 förordning
794 2071 66 30 den
886 2071 20 29 6
931 2069 76 38 juni
1036 2070 92 35 1929,
1154 2071 165 29 ävensom

436 2121 311 31 beträffande
768 2120 225 36 samtliga
1014 2120 153 35 lotter,
1193 2122 48 27 att
1263 2120 101 29 dessa
1386 2118 170 31 överlåtas
1581 2117 9 30 i

394 2172 56 31 det
468 2172 107 35 skick,
596 2172 73 30 vari
688 2172 42 29 de
747 2171 57 30 vid
823 2171 165 30 tillträdet
1005 2170 143 31 befinna
1169 2170 58 36 sig,
1247 2173 49 27 att
1315 2170 121 30 endast
1455 2170 135 29 kronan

394 2223 174 36 tillhöriga
595 2223 66 29 hus
688 2222 65 30 och
782 2221 251 37 anläggningar
1059 2220 79 36 ingå
1167 2221 10 29 i
1205 2220 305 36 försäljningarna,
1542 2221 50 28 att

394 2274 211 29 innehavare
634 2282 42 21 av
703 2274 80 28 över
810 2272 326 35 kronoegendomen
1164 2272 78 29 med
1269 2270 230 36 vederbörligt
1526 2270 65 30 till-

396 2324 102 30 stånd
527 2323 226 36 framdragna
782 2322 186 30 elektriska
998 2321 180 36 ledningar
1207 2320 210 31 förbehålles
1447 2321 66 29 rätt
1543 2322 49 28 att

395 2375 91 29 hava
516 2373 227 36 ledningarna
773 2372 229 31 kvarstående
1036 2375 87 27 samt
1154 2371 112 36 nyttja
1299 2372 179 29 desamma
1507 2373 85 27 utan

395 2425 67 30 rätt
485 2424 55 30 för
563 2425 130 35 köpare
715 2423 50 31 till
791 2433 117 21 annan
930 2422 188 36 ersättning
1143 2423 43 29 än
1210 2431 42 21 av
1275 2421 244 36 ledningarnas
1543 2421 48 29 in-

132 2493 108 29 Bihangq
260 2491 41 24 till
322 2491 167 29 riksdagens
511 2489 144 31 protokoll
678 2490 72 23 1938.
783 2489 27 22 10
829 2488 74 22 saml.
942 2489 39 22 Nr
999 2489 41 22 33—
1062 2489 41 21 36.
1545 2485 14 23 2
