2275 2777
527 203 18 32 2
958 199 131 34 Banko-
1098 197 163 35 Utskottets
1284 197 171 34 Memorial
1478 196 65 33 N:o
1568 196 28 32 5.

483 288 77 33 tens
600 282 177 38 allmänna
817 281 112 50 behof,
965 285 50 34 att
1042 281 78 39 från
1146 280 231 38 Riksbanken
1404 278 172 38 utbetalas
1604 278 112 37 under
1743 276 38 38 år
1813 279 94 36 1871
1938 276 20 38 å
1985 277 99 48 tider,

484 350 74 25 som
584 335 363 51 Banko-fullmäktige
974 348 66 37 ega
1067 335 201 49 bestämma,
1296 338 112 34 röstar

1253 405 64 48 Ja;

611 460 79 38 Den
716 460 59 37 det
802 459 29 50 ej
861 458 73 52 vill,
962 463 114 35 röstar

1255 510 83 49 Nej;

613 583 135 36 Vinner
775 582 78 49 Nej,
890 582 64 37 har
982 582 214 47 Riksdagen,
1224 581 11 36 i
1264 579 154 49 enlighet
1445 579 78 37 med
1551 578 125 36 Andra
1703 578 233 37 Kammarens
1962 576 124 49 beslut,

484 637 178 47 förklarat,
690 639 50 33 att
755 635 189 49 sjuttiofem
970 638 144 46 procent
1141 633 38 37 af
1207 635 94 36 1869
1331 633 56 36 års
1415 631 206 38 vinstmedel
1648 631 100 37 skola
1776 631 139 37 anvisas
1941 629 53 37 för
2009 631 78 36 Sta-

484 694 78 33 tens
602 689 176 37 allmänna
807 688 106 37 behof
945 710 49 5 —
1022 688 65 36 och
1114 687 135 36 således
1277 689 50 33 att
1354 685 37 36 af
1414 686 255 36 vinstsumman
1701 686 195 46 1,642,930
1925 683 87 36 R:dr
2042 684 47 35 94

486 747 59 33 öre
585 742 54 37 för
678 742 39 36 år
759 744 93 36 1869
896 741 100 37 skola
1024 740 138 37 anvisas
1195 740 194 47 1,232,198
1418 738 86 36 R:dr
1534 739 43 35 21
1611 741 58 33 öre
1706 759 35 4 —
1775 737 65 36 och
1868 735 221 37 återstående

487 798 46 33 25
575 799 144 44 procent
751 806 196 25 reserveras
988 793 35 35 åt
1062 793 162 45 Banken;
1267 795 89 33 samt
1389 795 50 32 att
1472 791 68 35 den
1573 790 135 36 således
1737 790 164 35 anvisade
1930 800 160 24 summan

486 846 91 37 skall
604 847 110 35 under
741 846 39 36 år
811 848 93 35 1871
936 845 20 35 å
982 845 101 45 tider,
1111 856 75 24 som
1212 842 363 48 Banko-fullmäktige
1603 853 65 37 ega
1694 842 202 46 bestämma,
1912 839 53 37 till
1984 840 105 36 Riks-

485 898 282 50 gälds-kontoret
795 897 257 39 .öfverlemnas.”

621 1003 204 39 Stockholm
851 1003 68 37 den
948 1005 44 36 23
1022 1001 98 38 Mars
1151 1003 109 36 1870.

1014 1157 57 36 På
1098 1156 251 36 Utskottets
1377 1158 183 44 vägnar:

1069 1275 42 42 J.
1148 1285 90 31 von
1267 1273 248 43 Schwerin.

816 2420 219 31 STOCKHOLM,
1060 2418 138 25 TRYCKT
1224 2417 68 25 HOS
1318 2419 121 24 ISAAC
1469 2420 181 28 MARCUS,
1682 2423 75 22 1870.
