<?xml version="1.0" encoding="UTF-8"?>
<alto xmlns="http://www.loc.gov/standards/alto/ns-v3#" xmlns:xlink="http://www.w3.org/1999/xlink" xmlns:xsi="http://www.w3.org/2001/XMLSchema-instance" xsi:schemaLocation="http://www.loc.gov/standards/alto/ns-v3# http://www.loc.gov/alto/v3/alto-3-0.xsd">
	<Description>
		<MeasurementUnit>pixel</MeasurementUnit>
		<sourceImageInformation>
			<fileName>/tmp/tess_f8yencsj_input.PNG</fileName>
		</sourceImageInformation>
		<OCRProcessing ID="OCR_0">
			<ocrProcessingStep>
				<processingSoftware>
					<softwareName>tesseract 5.3.0</softwareName>
				</processingSoftware>
			</ocrProcessingStep>
		</OCRProcessing>
	</Description>
	<Layout>
		<Page WIDTH="1888" HEIGHT="2846" PHYSICAL_IMG_NR="0" ID="page_0">
			<PrintSpace HPOS="0" VPOS="0" WIDTH="1888" HEIGHT="2846">
				<ComposedBlock ID="cblock_0" HPOS="506" VPOS="164" WIDTH="1038" HEIGHT="43">
					<TextBlock ID="block_0" HPOS="506" VPOS="164" WIDTH="1038" HEIGHT="43">
						<TextLine ID="line_0" HPOS="506" VPOS="164" WIDTH="1038" HEIGHT="43">
							<String ID="string_0" HPOS="506" VPOS="173" WIDTH="318" HEIGHT="34" WC="0.90" CONTENT="Bankoutskottets"/><SP WIDTH="23" VPOS="173" HPOS="824"/>
							<String ID="string_1" HPOS="847" VPOS="168" WIDTH="186" HEIGHT="34" WC="0.96" CONTENT="memorial"/><SP WIDTH="22" VPOS="168" HPOS="1033"/>
							<String ID="string_2" HPOS="1055" VPOS="168" WIDTH="52" HEIGHT="32" WC="0.95" CONTENT="Nr"/><SP WIDTH="23" VPOS="168" HPOS="1107"/>
							<String ID="string_3" HPOS="1130" VPOS="168" WIDTH="52" HEIGHT="31" WC="0.95" CONTENT="31."/><SP WIDTH="343" VPOS="168" HPOS="1182"/>
							<String ID="string_4" HPOS="1525" VPOS="164" WIDTH="19" HEIGHT="31" WC="0.90" CONTENT="1"/>
						</TextLine>
					</TextBlock>
				</ComposedBlock>
				<ComposedBlock ID="cblock_1" HPOS="763" VPOS="524" WIDTH="150" HEIGHT="41">
					<TextBlock ID="block_1" HPOS="763" VPOS="524" WIDTH="150" HEIGHT="41">
						<TextLine ID="line_1" HPOS="763" VPOS="524" WIDTH="150" HEIGHT="41">
							<String ID="string_5" HPOS="763" VPOS="525" WIDTH="59" HEIGHT="40" WC="0.94" CONTENT="Nr"/><SP WIDTH="27" VPOS="525" HPOS="822"/>
							<String ID="string_6" HPOS="849" VPOS="524" WIDTH="64" HEIGHT="41" WC="0.91" CONTENT="31."/>
						</TextLine>
					</TextBlock>
				</ComposedBlock>
				<ComposedBlock ID="cblock_2" HPOS="617" VPOS="646" WIDTH="939" HEIGHT="36">
					<TextBlock ID="block_2" HPOS="617" VPOS="646" WIDTH="939" HEIGHT="36">
						<TextLine ID="line_2" HPOS="617" VPOS="646" WIDTH="939" HEIGHT="36">
							<String ID="string_7" HPOS="617" VPOS="652" WIDTH="113" HEIGHT="25" WC="0.92" CONTENT="Ankom"/><SP WIDTH="19" VPOS="652" HPOS="730"/>
							<String ID="string_8" HPOS="749" VPOS="651" WIDTH="45" HEIGHT="25" WC="0.96" CONTENT="till"/><SP WIDTH="18" VPOS="651" HPOS="794"/>
							<String ID="string_9" HPOS="812" VPOS="650" WIDTH="165" HEIGHT="32" WC="0.96" CONTENT="riksdagens"/><SP WIDTH="20" VPOS="650" HPOS="977"/>
							<String ID="string_10" HPOS="997" VPOS="649" WIDTH="91" HEIGHT="24" WC="0.96" CONTENT="kansli"/><SP WIDTH="19" VPOS="649" HPOS="1088"/>
							<String ID="string_11" HPOS="1107" VPOS="648" WIDTH="55" HEIGHT="25" WC="0.96" CONTENT="den"/><SP WIDTH="22" VPOS="648" HPOS="1162"/>
							<String ID="string_12" HPOS="1184" VPOS="648" WIDTH="30" HEIGHT="24" WC="0.95" CONTENT="16"/><SP WIDTH="13" VPOS="648" HPOS="1214"/>
							<String ID="string_13" HPOS="1227" VPOS="646" WIDTH="77" HEIGHT="32" WC="0.95" CONTENT="april"/><SP WIDTH="21" VPOS="646" HPOS="1304"/>
							<String ID="string_14" HPOS="1325" VPOS="647" WIDTH="67" HEIGHT="24" WC="0.93" CONTENT="1934"/><SP WIDTH="20" VPOS="647" HPOS="1392"/>
							<String ID="string_15" HPOS="1412" VPOS="646" WIDTH="35" HEIGHT="25" WC="0.92" CONTENT="kl."/><SP WIDTH="23" VPOS="646" HPOS="1447"/>
							<String ID="string_16" HPOS="1470" VPOS="647" WIDTH="29" HEIGHT="23" WC="0.91" CONTENT="12"/><SP WIDTH="20" VPOS="647" HPOS="1499"/>
							<String ID="string_17" HPOS="1519" VPOS="653" WIDTH="37" HEIGHT="16" WC="0.91" CONTENT="m."/>
						</TextLine>
					</TextBlock>
				</ComposedBlock>
				<ComposedBlock ID="cblock_3" HPOS="83" VPOS="747" WIDTH="1514" HEIGHT="93">
					<TextBlock ID="block_3" HPOS="83" VPOS="747" WIDTH="1514" HEIGHT="93">
						<TextLine ID="line_3" HPOS="83" VPOS="747" WIDTH="1514" HEIGHT="46">
							<String ID="string_18" HPOS="83" VPOS="755" WIDTH="5" HEIGHT="9" WC="0.73" CONTENT="&#39;"/><SP WIDTH="99" VPOS="755" HPOS="88"/>
							<String ID="string_19" HPOS="187" VPOS="756" WIDTH="198" HEIGHT="36" WC="0.96" CONTENT="Memorial,"/><SP WIDTH="30" VPOS="756" HPOS="385"/>
							<String ID="string_20" HPOS="415" VPOS="754" WIDTH="184" HEIGHT="39" WC="0.95" CONTENT="angående"/><SP WIDTH="29" VPOS="754" HPOS="599"/>
							<String ID="string_21" HPOS="628" VPOS="752" WIDTH="238" HEIGHT="33" WC="0.95" CONTENT="användande"/><SP WIDTH="26" VPOS="752" HPOS="866"/>
							<String ID="string_22" HPOS="892" VPOS="762" WIDTH="46" HEIGHT="21" WC="0.95" CONTENT="av"/><SP WIDTH="30" VPOS="762" HPOS="938"/>
							<String ID="string_23" HPOS="968" VPOS="750" WIDTH="236" HEIGHT="33" WC="0.94" CONTENT="riksbankens"/><SP WIDTH="28" VPOS="750" HPOS="1204"/>
							<String ID="string_24" HPOS="1232" VPOS="750" WIDTH="97" HEIGHT="30" WC="0.96" CONTENT="vinst"/><SP WIDTH="29" VPOS="750" HPOS="1329"/>
							<String ID="string_25" HPOS="1358" VPOS="748" WIDTH="57" HEIGHT="36" WC="0.96" CONTENT="för"/><SP WIDTH="28" VPOS="748" HPOS="1415"/>
							<String ID="string_26" HPOS="1443" VPOS="747" WIDTH="41" HEIGHT="31" WC="0.94" CONTENT="år"/><SP WIDTH="26" VPOS="747" HPOS="1484"/>
							<String ID="string_27" HPOS="1510" VPOS="748" WIDTH="87" HEIGHT="31" WC="0.85" CONTENT="1933"/>
						</TextLine>
						<TextLine ID="line_4" HPOS="388" VPOS="817" WIDTH="113" HEIGHT="23">
							<String ID="string_28" HPOS="388" VPOS="818" WIDTH="45" HEIGHT="22" WC="0.81" CONTENT="m."/><SP WIDTH="23" VPOS="818" HPOS="433"/>
							<String ID="string_29" HPOS="456" VPOS="817" WIDTH="45" HEIGHT="22" WC="0.86" CONTENT="m."/>
						</TextLine>
					</TextBlock>
				</ComposedBlock>
				<ComposedBlock ID="cblock_4" HPOS="87" VPOS="920" WIDTH="1512" HEIGHT="1081">
					<TextBlock ID="block_4" HPOS="87" VPOS="920" WIDTH="1511" HEIGHT="148">
						<TextLine ID="line_5" HPOS="128" VPOS="920" WIDTH="1462" HEIGHT="46">
							<String ID="string_30" HPOS="128" VPOS="929" WIDTH="127" HEIGHT="37" WC="0.93" CONTENT="Enligt"/><SP WIDTH="24" VPOS="929" HPOS="255"/>
							<String ID="string_31" HPOS="279" VPOS="928" WIDTH="17" HEIGHT="36" WC="0.91" CONTENT="$"/><SP WIDTH="25" VPOS="928" HPOS="296"/>
							<String ID="string_32" HPOS="321" VPOS="929" WIDTH="18" HEIGHT="31" WC="0.94" CONTENT="1"/><SP WIDTH="23" VPOS="929" HPOS="339"/>
							<String ID="string_33" HPOS="362" VPOS="929" WIDTH="13" HEIGHT="31" WC="0.94" CONTENT="i"/><SP WIDTH="26" VPOS="929" HPOS="375"/>
							<String ID="string_34" HPOS="401" VPOS="929" WIDTH="69" HEIGHT="31" WC="0.96" CONTENT="den"/><SP WIDTH="22" VPOS="929" HPOS="470"/>
							<String ID="string_35" HPOS="492" VPOS="928" WIDTH="54" HEIGHT="31" WC="0.96" CONTENT="för"/><SP WIDTH="23" VPOS="928" HPOS="546"/>
							<String ID="string_36" HPOS="569" VPOS="926" WIDTH="293" HEIGHT="32" WC="0.96" CONTENT="bankoutskottet"/><SP WIDTH="24" VPOS="926" HPOS="862"/>
							<String ID="string_37" HPOS="886" VPOS="924" WIDTH="166" HEIGHT="37" WC="0.96" CONTENT="gällande"/><SP WIDTH="23" VPOS="924" HPOS="1052"/>
							<String ID="string_38" HPOS="1075" VPOS="922" WIDTH="269" HEIGHT="32" WC="0.96" CONTENT="instruktionen"/><SP WIDTH="23" VPOS="922" HPOS="1344"/>
							<String ID="string_39" HPOS="1367" VPOS="920" WIDTH="139" HEIGHT="42" WC="0.95" CONTENT="åligger"/><SP WIDTH="25" VPOS="920" HPOS="1506"/>
							<String ID="string_40" HPOS="1531" VPOS="920" WIDTH="59" HEIGHT="31" WC="0.96" CONTENT="det"/>
						</TextLine>
						<TextLine ID="line_6" HPOS="88" VPOS="972" WIDTH="1510" HEIGHT="44">
							<String ID="string_41" HPOS="88" VPOS="982" WIDTH="176" HEIGHT="31" WC="0.95" CONTENT="utskottet"/><SP WIDTH="21" VPOS="982" HPOS="264"/>
							<String ID="string_42" HPOS="285" VPOS="983" WIDTH="53" HEIGHT="30" WC="0.96" CONTENT="att"/><SP WIDTH="22" VPOS="983" HPOS="338"/>
							<String ID="string_43" HPOS="360" VPOS="980" WIDTH="59" HEIGHT="31" WC="0.96" CONTENT="till"/><SP WIDTH="18" VPOS="980" HPOS="419"/>
							<String ID="string_44" HPOS="437" VPOS="980" WIDTH="194" HEIGHT="36" WC="0.96" CONTENT="riksdagen"/><SP WIDTH="21" VPOS="980" HPOS="631"/>
							<String ID="string_45" HPOS="652" VPOS="977" WIDTH="163" HEIGHT="33" WC="0.96" CONTENT="meddela"/><SP WIDTH="21" VPOS="977" HPOS="815"/>
							<String ID="string_46" HPOS="836" VPOS="976" WIDTH="171" HEIGHT="38" WC="0.95" CONTENT="yttrande"/><SP WIDTH="22" VPOS="976" HPOS="1007"/>
							<String ID="string_47" HPOS="1029" VPOS="975" WIDTH="66" HEIGHT="32" WC="0.96" CONTENT="och"/><SP WIDTH="21" VPOS="975" HPOS="1095"/>
							<String ID="string_48" HPOS="1116" VPOS="974" WIDTH="137" HEIGHT="36" WC="0.95" CONTENT="förslag"/><SP WIDTH="21" VPOS="974" HPOS="1253"/>
							<String ID="string_49" HPOS="1274" VPOS="983" WIDTH="57" HEIGHT="22" WC="0.96" CONTENT="om"/><SP WIDTH="22" VPOS="983" HPOS="1331"/>
							<String ID="string_50" HPOS="1353" VPOS="972" WIDTH="245" HEIGHT="32" WC="0.94" CONTENT="användande"/>
						</TextLine>
						<TextLine ID="line_7" HPOS="87" VPOS="1027" WIDTH="1135" HEIGHT="41">
							<String ID="string_51" HPOS="87" VPOS="1043" WIDTH="49" HEIGHT="22" WC="0.96" CONTENT="av"/><SP WIDTH="26" VPOS="1043" HPOS="136"/>
							<String ID="string_52" HPOS="162" VPOS="1033" WIDTH="69" HEIGHT="32" WC="0.95" CONTENT="den"/><SP WIDTH="25" VPOS="1033" HPOS="231"/>
							<String ID="string_53" HPOS="256" VPOS="1033" WIDTH="114" HEIGHT="31" WC="0.96" CONTENT="under"/><SP WIDTH="25" VPOS="1033" HPOS="370"/>
							<String ID="string_54" HPOS="395" VPOS="1031" WIDTH="214" HEIGHT="37" WC="0.96" CONTENT="föregående"/><SP WIDTH="26" VPOS="1031" HPOS="609"/>
							<String ID="string_55" HPOS="635" VPOS="1031" WIDTH="79" HEIGHT="31" WC="0.93" CONTENT="året"/><SP WIDTH="24" VPOS="1031" HPOS="714"/>
							<String ID="string_56" HPOS="738" VPOS="1028" WIDTH="187" HEIGHT="38" WC="0.91" CONTENT="upplupna"/><SP WIDTH="24" VPOS="1028" HPOS="925"/>
							<String ID="string_57" HPOS="949" VPOS="1027" WIDTH="273" HEIGHT="32" WC="0.91" CONTENT="bankovinsten."/>
						</TextLine>
					</TextBlock>
					<TextBlock ID="block_5" HPOS="88" VPOS="1075" WIDTH="1511" HEIGHT="457">
						<TextLine ID="line_8" HPOS="128" VPOS="1075" WIDTH="1469" HEIGHT="44">
							<String ID="string_58" HPOS="128" VPOS="1086" WIDTH="19" HEIGHT="31" WC="0.92" CONTENT="I"/><SP WIDTH="29" VPOS="1086" HPOS="147"/>
							<String ID="string_59" HPOS="176" VPOS="1085" WIDTH="197" HEIGHT="31" WC="0.92" CONTENT="riksstaten"/><SP WIDTH="29" VPOS="1085" HPOS="373"/>
							<String ID="string_60" HPOS="402" VPOS="1084" WIDTH="57" HEIGHT="31" WC="0.96" CONTENT="för"/><SP WIDTH="29" VPOS="1084" HPOS="459"/>
							<String ID="string_61" HPOS="488" VPOS="1083" WIDTH="214" HEIGHT="36" WC="0.93" CONTENT="budgetåret"/><SP WIDTH="28" VPOS="1083" HPOS="702"/>
							<String ID="string_62" HPOS="730" VPOS="1080" WIDTH="173" HEIGHT="36" WC="0.92" CONTENT="1933/1934"/><SP WIDTH="28" VPOS="1080" HPOS="903"/>
							<String ID="string_63" HPOS="931" VPOS="1080" WIDTH="67" HEIGHT="30" WC="0.96" CONTENT="har"/><SP WIDTH="29" VPOS="1080" HPOS="998"/>
							<String ID="string_64" HPOS="1027" VPOS="1080" WIDTH="118" HEIGHT="31" WC="0.96" CONTENT="såsom"/><SP WIDTH="30" VPOS="1080" HPOS="1145"/>
							<String ID="string_65" HPOS="1175" VPOS="1077" WIDTH="105" HEIGHT="32" WC="0.95" CONTENT="andel"/><SP WIDTH="30" VPOS="1077" HPOS="1280"/>
							<String ID="string_66" HPOS="1310" VPOS="1077" WIDTH="13" HEIGHT="31" WC="0.96" CONTENT="i"/><SP WIDTH="30" VPOS="1077" HPOS="1323"/>
							<String ID="string_67" HPOS="1353" VPOS="1075" WIDTH="244" HEIGHT="33" WC="0.10" CONTENT="riksbankens"/>
						</TextLine>
						<TextLine ID="line_9" HPOS="88" VPOS="1126" WIDTH="1502" HEIGHT="46">
							<String ID="string_68" HPOS="88" VPOS="1137" WIDTH="98" HEIGHT="32" WC="0.96" CONTENT="vinst"/><SP WIDTH="22" VPOS="1137" HPOS="186"/>
							<String ID="string_69" HPOS="208" VPOS="1137" WIDTH="56" HEIGHT="32" WC="0.96" CONTENT="för"/><SP WIDTH="19" VPOS="1137" HPOS="264"/>
							<String ID="string_70" HPOS="283" VPOS="1137" WIDTH="40" HEIGHT="31" WC="0.97" CONTENT="år"/><SP WIDTH="21" VPOS="1137" HPOS="323"/>
							<String ID="string_71" HPOS="344" VPOS="1136" WIDTH="79" HEIGHT="31" WC="0.96" CONTENT="1933"/><SP WIDTH="20" VPOS="1136" HPOS="423"/>
							<String ID="string_72" HPOS="443" VPOS="1134" WIDTH="186" HEIGHT="38" WC="0.96" CONTENT="upptagits"/><SP WIDTH="19" VPOS="1134" HPOS="629"/>
							<String ID="string_73" HPOS="648" VPOS="1135" WIDTH="51" HEIGHT="31" WC="0.96" CONTENT="ett"/><SP WIDTH="19" VPOS="1135" HPOS="699"/>
							<String ID="string_74" HPOS="718" VPOS="1133" WIDTH="126" HEIGHT="37" WC="0.96" CONTENT="belopp"/><SP WIDTH="20" VPOS="1133" HPOS="844"/>
							<String ID="string_75" HPOS="864" VPOS="1143" WIDTH="46" HEIGHT="21" WC="0.90" CONTENT="av"/><SP WIDTH="19" VPOS="1143" HPOS="910"/>
							<String ID="string_76" HPOS="929" VPOS="1131" WIDTH="178" HEIGHT="37" WC="0.89" CONTENT="13,000,000"/><SP WIDTH="20" VPOS="1131" HPOS="1107"/>
							<String ID="string_77" HPOS="1127" VPOS="1130" WIDTH="140" HEIGHT="31" WC="0.96" CONTENT="kronor."/><SP WIDTH="42" VPOS="1130" HPOS="1267"/>
							<String ID="string_78" HPOS="1309" VPOS="1128" WIDTH="126" HEIGHT="37" WC="0.83" CONTENT="Enligt"/><SP WIDTH="21" VPOS="1128" HPOS="1435"/>
							<String ID="string_79" HPOS="1456" VPOS="1126" WIDTH="67" HEIGHT="34" WC="0.96" CONTENT="den"/><SP WIDTH="20" VPOS="1126" HPOS="1523"/>
							<String ID="string_80" HPOS="1543" VPOS="1137" WIDTH="47" HEIGHT="22" WC="0.96" CONTENT="av"/>
						</TextLine>
						<TextLine ID="line_10" HPOS="89" VPOS="1178" WIDTH="1504" HEIGHT="47">
							<String ID="string_81" HPOS="89" VPOS="1188" WIDTH="232" HEIGHT="37" WC="0.96" CONTENT="fullmäktige"/><SP WIDTH="24" VPOS="1188" HPOS="321"/>
							<String ID="string_82" HPOS="345" VPOS="1188" WIDTH="59" HEIGHT="31" WC="0.95" CONTENT="till"/><SP WIDTH="24" VPOS="1188" HPOS="404"/>
							<String ID="string_83" HPOS="428" VPOS="1187" WIDTH="173" HEIGHT="31" WC="0.96" CONTENT="utskottet"/><SP WIDTH="26" VPOS="1187" HPOS="601"/>
							<String ID="string_84" HPOS="627" VPOS="1185" WIDTH="159" HEIGHT="37" WC="0.96" CONTENT="avgivna"/><SP WIDTH="24" VPOS="1185" HPOS="786"/>
							<String ID="string_85" HPOS="810" VPOS="1184" WIDTH="217" HEIGHT="32" WC="0.96" CONTENT="berättelsen"/><SP WIDTH="25" VPOS="1184" HPOS="1027"/>
							<String ID="string_86" HPOS="1052" VPOS="1182" WIDTH="184" HEIGHT="36" WC="0.96" CONTENT="angående"/><SP WIDTH="24" VPOS="1182" HPOS="1236"/>
							<String ID="string_87" HPOS="1260" VPOS="1180" WIDTH="237" HEIGHT="32" WC="0.96" CONTENT="riksbankens"/><SP WIDTH="24" VPOS="1180" HPOS="1497"/>
							<String ID="string_88" HPOS="1521" VPOS="1178" WIDTH="72" HEIGHT="32" WC="0.90" CONTENT="till-"/>
						</TextLine>
						<TextLine ID="line_11" HPOS="88" VPOS="1231" WIDTH="1510" HEIGHT="46">
							<String ID="string_89" HPOS="88" VPOS="1241" WIDTH="118" HEIGHT="36" WC="0.90" CONTENT="gtånd,"/><SP WIDTH="18" VPOS="1241" HPOS="206"/>
							<String ID="string_90" HPOS="224" VPOS="1239" WIDTH="131" HEIGHT="33" WC="0.96" CONTENT="rörelse"/><SP WIDTH="18" VPOS="1239" HPOS="355"/>
							<String ID="string_91" HPOS="373" VPOS="1240" WIDTH="65" HEIGHT="31" WC="0.96" CONTENT="och"/><SP WIDTH="19" VPOS="1240" HPOS="438"/>
							<String ID="string_92" HPOS="457" VPOS="1238" WIDTH="225" HEIGHT="36" WC="0.96" CONTENT="förvaltning"/><SP WIDTH="18" VPOS="1238" HPOS="682"/>
							<String ID="string_93" HPOS="700" VPOS="1237" WIDTH="113" HEIGHT="31" WC="0.96" CONTENT="under"/><SP WIDTH="20" VPOS="1237" HPOS="813"/>
							<String ID="string_94" HPOS="833" VPOS="1237" WIDTH="41" HEIGHT="30" WC="0.96" CONTENT="år"/><SP WIDTH="19" VPOS="1237" HPOS="874"/>
							<String ID="string_95" HPOS="893" VPOS="1235" WIDTH="78" HEIGHT="31" WC="0.96" CONTENT="1933"/><SP WIDTH="18" VPOS="1235" HPOS="971"/>
							<String ID="string_96" HPOS="989" VPOS="1234" WIDTH="159" HEIGHT="37" WC="0.92" CONTENT="uppgick"/><SP WIDTH="17" VPOS="1234" HPOS="1148"/>
							<String ID="string_97" HPOS="1165" VPOS="1232" WIDTH="237" HEIGHT="33" WC="0.96" CONTENT="riksbankens"/><SP WIDTH="19" VPOS="1232" HPOS="1402"/>
							<String ID="string_98" HPOS="1421" VPOS="1231" WIDTH="95" HEIGHT="32" WC="0.96" CONTENT="vinst"/><SP WIDTH="17" VPOS="1231" HPOS="1516"/>
							<String ID="string_99" HPOS="1533" VPOS="1231" WIDTH="65" HEIGHT="32" WC="0.95" CONTENT="för"/>
						</TextLine>
						<TextLine ID="line_12" HPOS="89" VPOS="1283" WIDTH="1503" HEIGHT="43">
							<String ID="string_100" HPOS="89" VPOS="1293" WIDTH="101" HEIGHT="32" WC="0.96" CONTENT="detta"/><SP WIDTH="18" VPOS="1293" HPOS="190"/>
							<String ID="string_101" HPOS="208" VPOS="1294" WIDTH="42" HEIGHT="30" WC="0.96" CONTENT="år"/><SP WIDTH="17" VPOS="1294" HPOS="250"/>
							<String ID="string_102" HPOS="267" VPOS="1292" WIDTH="126" HEIGHT="32" WC="0.96" CONTENT="endast"/><SP WIDTH="19" VPOS="1292" HPOS="393"/>
							<String ID="string_103" HPOS="412" VPOS="1291" WIDTH="58" HEIGHT="31" WC="0.93" CONTENT="till"/><SP WIDTH="19" VPOS="1291" HPOS="470"/>
							<String ID="string_104" HPOS="489" VPOS="1290" WIDTH="179" HEIGHT="36" WC="0.91" CONTENT="10,591,866"/><SP WIDTH="19" VPOS="1290" HPOS="668"/>
							<String ID="string_105" HPOS="687" VPOS="1289" WIDTH="131" HEIGHT="31" WC="0.96" CONTENT="kronor"/><SP WIDTH="19" VPOS="1289" HPOS="818"/>
							<String ID="string_106" HPOS="837" VPOS="1288" WIDTH="39" HEIGHT="31" WC="0.92" CONTENT="31"/><SP WIDTH="21" VPOS="1288" HPOS="876"/>
							<String ID="string_107" HPOS="897" VPOS="1290" WIDTH="69" HEIGHT="29" WC="0.95" CONTENT="öre."/><SP WIDTH="40" VPOS="1290" HPOS="966"/>
							<String ID="string_108" HPOS="1006" VPOS="1286" WIDTH="232" HEIGHT="32" WC="0.96" CONTENT="Riksbanken"/><SP WIDTH="20" VPOS="1286" HPOS="1238"/>
							<String ID="string_109" HPOS="1258" VPOS="1284" WIDTH="209" HEIGHT="32" WC="0.93" CONTENT="redovisade"/><SP WIDTH="22" VPOS="1284" HPOS="1467"/>
							<String ID="string_110" HPOS="1489" VPOS="1283" WIDTH="103" HEIGHT="31" WC="0.91" CONTENT="emel-"/>
						</TextLine>
						<TextLine ID="line_13" HPOS="90" VPOS="1335" WIDTH="1502" HEIGHT="42">
							<String ID="string_111" HPOS="90" VPOS="1345" WIDTH="111" HEIGHT="32" WC="0.92" CONTENT="lertid"/><SP WIDTH="45" VPOS="1345" HPOS="201"/>
							<String ID="string_112" HPOS="246" VPOS="1344" WIDTH="13" HEIGHT="31" WC="0.96" CONTENT="i"/><SP WIDTH="46" VPOS="1344" HPOS="259"/>
							<String ID="string_113" HPOS="305" VPOS="1343" WIDTH="179" HEIGHT="32" WC="0.95" CONTENT="bokslutet"/><SP WIDTH="37" VPOS="1343" HPOS="484"/>
							<String ID="string_114" HPOS="521" VPOS="1342" WIDTH="56" HEIGHT="31" WC="0.96" CONTENT="för"/><SP WIDTH="27" VPOS="1342" HPOS="577"/>
							<String ID="string_115" HPOS="604" VPOS="1343" WIDTH="42" HEIGHT="29" WC="0.96" CONTENT="år"/><SP WIDTH="25" VPOS="1343" HPOS="646"/>
							<String ID="string_116" HPOS="671" VPOS="1341" WIDTH="78" HEIGHT="31" WC="0.94" CONTENT="1933"/><SP WIDTH="26" VPOS="1341" HPOS="749"/>
							<String ID="string_117" HPOS="775" VPOS="1341" WIDTH="118" HEIGHT="30" WC="0.96" CONTENT="såsom"/><SP WIDTH="25" VPOS="1341" HPOS="893"/>
							<String ID="string_118" HPOS="918" VPOS="1338" WIDTH="230" HEIGHT="32" WC="0.95" CONTENT="reserverade"/><SP WIDTH="25" VPOS="1338" HPOS="1148"/>
							<String ID="string_119" HPOS="1173" VPOS="1337" WIDTH="114" HEIGHT="32" WC="0.96" CONTENT="medel"/><SP WIDTH="27" VPOS="1337" HPOS="1287"/>
							<String ID="string_120" HPOS="1314" VPOS="1337" WIDTH="52" HEIGHT="31" WC="0.96" CONTENT="ett"/><SP WIDTH="26" VPOS="1337" HPOS="1366"/>
							<String ID="string_121" HPOS="1392" VPOS="1335" WIDTH="125" HEIGHT="38" WC="0.96" CONTENT="belopp"/><SP WIDTH="28" VPOS="1335" HPOS="1517"/>
							<String ID="string_122" HPOS="1545" VPOS="1345" WIDTH="47" HEIGHT="21" WC="0.95" CONTENT="av"/>
						</TextLine>
						<TextLine ID="line_14" HPOS="88" VPOS="1387" WIDTH="1511" HEIGHT="46">
							<String ID="string_123" HPOS="88" VPOS="1396" WIDTH="162" HEIGHT="37" WC="0.82" CONTENT="2,846,615"/><SP WIDTH="22" VPOS="1396" HPOS="250"/>
							<String ID="string_124" HPOS="272" VPOS="1396" WIDTH="131" HEIGHT="31" WC="0.96" CONTENT="kronor"/><SP WIDTH="23" VPOS="1396" HPOS="403"/>
							<String ID="string_125" HPOS="426" VPOS="1396" WIDTH="19" HEIGHT="30" WC="0.95" CONTENT="1"/><SP WIDTH="23" VPOS="1396" HPOS="445"/>
							<String ID="string_126" HPOS="468" VPOS="1397" WIDTH="68" HEIGHT="33" WC="0.95" CONTENT="öre,"/><SP WIDTH="24" VPOS="1397" HPOS="536"/>
							<String ID="string_127" HPOS="560" VPOS="1393" WIDTH="200" HEIGHT="37" WC="0.96" CONTENT="utgörande"/><SP WIDTH="24" VPOS="1393" HPOS="760"/>
							<String ID="string_128" HPOS="784" VPOS="1391" WIDTH="226" HEIGHT="32" WC="0.93" CONTENT="återstående"/><SP WIDTH="23" VPOS="1391" HPOS="1010"/>
							<String ID="string_129" HPOS="1033" VPOS="1389" WIDTH="215" HEIGHT="32" WC="0.91" CONTENT="vinstmedel"/><SP WIDTH="24" VPOS="1389" HPOS="1248"/>
							<String ID="string_130" HPOS="1272" VPOS="1389" WIDTH="85" HEIGHT="31" WC="0.96" CONTENT="från"/><SP WIDTH="22" VPOS="1389" HPOS="1357"/>
							<String ID="string_131" HPOS="1379" VPOS="1387" WIDTH="220" HEIGHT="38" WC="0.78" CONTENT="föregående:"/>
						</TextLine>
						<TextLine ID="line_15" HPOS="89" VPOS="1439" WIDTH="1508" HEIGHT="44">
							<String ID="string_132" HPOS="89" VPOS="1448" WIDTH="52" HEIGHT="30" WC="0.93" CONTENT="år."/><SP WIDTH="30" VPOS="1448" HPOS="141"/>
							<String ID="string_133" HPOS="171" VPOS="1447" WIDTH="280" HEIGHT="36" WC="0.90" CONTENT="Sammanlagda"/><SP WIDTH="20" VPOS="1447" HPOS="451"/>
							<String ID="string_134" HPOS="471" VPOS="1445" WIDTH="163" HEIGHT="36" WC="0.96" CONTENT="beloppet"/><SP WIDTH="19" VPOS="1445" HPOS="634"/>
							<String ID="string_135" HPOS="653" VPOS="1443" WIDTH="204" HEIGHT="37" WC="0.93" CONTENT="disponibla"/><SP WIDTH="21" VPOS="1443" HPOS="857"/>
							<String ID="string_136" HPOS="878" VPOS="1441" WIDTH="213" HEIGHT="32" WC="0.91" CONTENT="vinstmedel"/><SP WIDTH="25" VPOS="1441" HPOS="1091"/>
							<String ID="string_137" HPOS="1116" VPOS="1442" WIDTH="106" HEIGHT="35" WC="0.96" CONTENT="utgör"/><SP WIDTH="21" VPOS="1442" HPOS="1222"/>
							<String ID="string_138" HPOS="1243" VPOS="1439" WIDTH="152" HEIGHT="32" WC="0.90" CONTENT="sålunda"/><SP WIDTH="21" VPOS="1439" HPOS="1395"/>
							<String ID="string_139" HPOS="1416" VPOS="1439" WIDTH="181" HEIGHT="37" WC="0.86" CONTENT="13,438,481"/>
						</TextLine>
						<TextLine ID="line_16" HPOS="90" VPOS="1500" WIDTH="282" HEIGHT="32">
							<String ID="string_140" HPOS="90" VPOS="1500" WIDTH="133" HEIGHT="32" WC="0.96" CONTENT="kronor"/><SP WIDTH="21" VPOS="1500" HPOS="223"/>
							<String ID="string_141" HPOS="244" VPOS="1500" WIDTH="39" HEIGHT="31" WC="0.90" CONTENT="32"/><SP WIDTH="20" VPOS="1500" HPOS="283"/>
							<String ID="string_142" HPOS="303" VPOS="1501" WIDTH="69" HEIGHT="30" WC="0.95" CONTENT="öre."/>
						</TextLine>
					</TextBlock>
					<TextBlock ID="block_6" HPOS="88" VPOS="1542" WIDTH="1509" HEIGHT="253">
						<TextLine ID="line_17" HPOS="130" VPOS="1542" WIDTH="1466" HEIGHT="41">
							<String ID="string_143" HPOS="130" VPOS="1551" WIDTH="124" HEIGHT="32" WC="0.96" CONTENT="Under"/><SP WIDTH="26" VPOS="1551" HPOS="254"/>
							<String ID="string_144" HPOS="280" VPOS="1551" WIDTH="147" HEIGHT="31" WC="0.96" CONTENT="erinran"/><SP WIDTH="29" VPOS="1551" HPOS="427"/>
							<String ID="string_145" HPOS="456" VPOS="1550" WIDTH="125" HEIGHT="30" WC="0.96" CONTENT="härom"/><SP WIDTH="28" VPOS="1550" HPOS="581"/>
							<String ID="string_146" HPOS="609" VPOS="1549" WIDTH="66" HEIGHT="30" WC="0.96" CONTENT="har"/><SP WIDTH="31" VPOS="1549" HPOS="675"/>
							<String ID="string_147" HPOS="706" VPOS="1547" WIDTH="126" HEIGHT="31" WC="0.94" CONTENT="chefen"/><SP WIDTH="29" VPOS="1547" HPOS="832"/>
							<String ID="string_148" HPOS="861" VPOS="1546" WIDTH="57" HEIGHT="31" WC="0.93" CONTENT="för"/><SP WIDTH="30" VPOS="1546" HPOS="918"/>
							<String ID="string_149" HPOS="948" VPOS="1545" WIDTH="407" HEIGHT="36" WC="0.89" CONTENT="finansdepartementet"/><SP WIDTH="27" VPOS="1545" HPOS="1355"/>
							<String ID="string_150" HPOS="1382" VPOS="1543" WIDTH="14" HEIGHT="31" WC="0.96" CONTENT="i"/><SP WIDTH="28" VPOS="1543" HPOS="1396"/>
							<String ID="string_151" HPOS="1424" VPOS="1542" WIDTH="78" HEIGHT="32" WC="0.94" CONTENT="1934"/><SP WIDTH="28" VPOS="1542" HPOS="1502"/>
							<String ID="string_152" HPOS="1530" VPOS="1542" WIDTH="66" HEIGHT="31" WC="0.96" CONTENT="års"/>
						</TextLine>
						<TextLine ID="line_18" HPOS="88" VPOS="1593" WIDTH="1506" HEIGHT="46">
							<String ID="string_153" HPOS="88" VPOS="1601" WIDTH="424" HEIGHT="38" WC="0.91" CONTENT="statsverksproposition"/><SP WIDTH="24" VPOS="1601" HPOS="512"/>
							<String ID="string_154" HPOS="536" VPOS="1600" WIDTH="135" HEIGHT="31" WC="0.96" CONTENT="uttalat"/><SP WIDTH="23" VPOS="1600" HPOS="671"/>
							<String ID="string_155" HPOS="694" VPOS="1600" WIDTH="63" HEIGHT="35" WC="0.95" CONTENT="att,"/><SP WIDTH="24" VPOS="1600" HPOS="757"/>
							<String ID="string_156" HPOS="781" VPOS="1598" WIDTH="120" HEIGHT="31" WC="0.96" CONTENT="därest"/><SP WIDTH="24" VPOS="1598" HPOS="901"/>
							<String ID="string_157" HPOS="925" VPOS="1597" WIDTH="58" HEIGHT="31" WC="0.92" CONTENT="det"/><SP WIDTH="22" VPOS="1597" HPOS="983"/>
							<String ID="string_158" HPOS="1005" VPOS="1595" WIDTH="236" HEIGHT="37" WC="0.92" CONTENT="vinstbelopp,"/><SP WIDTH="23" VPOS="1595" HPOS="1241"/>
							<String ID="string_159" HPOS="1264" VPOS="1604" WIDTH="75" HEIGHT="22" WC="0.96" CONTENT="som"/><SP WIDTH="22" VPOS="1604" HPOS="1339"/>
							<String ID="string_160" HPOS="1361" VPOS="1605" WIDTH="48" HEIGHT="20" WC="0.93" CONTENT="av"/><SP WIDTH="23" VPOS="1605" HPOS="1409"/>
							<String ID="string_161" HPOS="1432" VPOS="1593" WIDTH="162" HEIGHT="32" WC="0.92" CONTENT="riksban-"/>
						</TextLine>
						<TextLine ID="line_19" HPOS="90" VPOS="1647" WIDTH="1503" HEIGHT="39">
							<String ID="string_162" HPOS="90" VPOS="1656" WIDTH="70" HEIGHT="30" WC="0.92" CONTENT="ken"/><SP WIDTH="20" VPOS="1656" HPOS="160"/>
							<String ID="string_163" HPOS="180" VPOS="1654" WIDTH="263" HEIGHT="32" WC="0.91" CONTENT="inlevererades"/><SP WIDTH="18" VPOS="1654" HPOS="443"/>
							<String ID="string_164" HPOS="461" VPOS="1652" WIDTH="58" HEIGHT="32" WC="0.93" CONTENT="till"/><SP WIDTH="17" VPOS="1652" HPOS="519"/>
							<String ID="string_165" HPOS="536" VPOS="1651" WIDTH="217" HEIGHT="33" WC="0.92" CONTENT="statsverket"/><SP WIDTH="20" VPOS="1651" HPOS="753"/>
							<String ID="string_166" HPOS="773" VPOS="1650" WIDTH="113" HEIGHT="32" WC="0.96" CONTENT="under"/><SP WIDTH="20" VPOS="1650" HPOS="886"/>
							<String ID="string_167" HPOS="906" VPOS="1648" WIDTH="245" HEIGHT="32" WC="0.96" CONTENT="innevarande"/><SP WIDTH="19" VPOS="1648" HPOS="1151"/>
							<String ID="string_168" HPOS="1170" VPOS="1647" WIDTH="186" HEIGHT="37" WC="0.96" CONTENT="budgetår,"/><SP WIDTH="20" VPOS="1647" HPOS="1356"/>
							<String ID="string_169" HPOS="1376" VPOS="1655" WIDTH="99" HEIGHT="22" WC="0.93" CONTENT="mera"/><SP WIDTH="19" VPOS="1655" HPOS="1475"/>
							<String ID="string_170" HPOS="1494" VPOS="1655" WIDTH="99" HEIGHT="22" WC="0.89" CONTENT="avse-"/>
						</TextLine>
						<TextLine ID="line_20" HPOS="88" VPOS="1697" WIDTH="1509" HEIGHT="45">
							<String ID="string_171" HPOS="88" VPOS="1709" WIDTH="86" HEIGHT="29" WC="0.93" CONTENT="värt"/><SP WIDTH="23" VPOS="1709" HPOS="174"/>
							<String ID="string_172" HPOS="197" VPOS="1706" WIDTH="213" HEIGHT="36" WC="0.90" CONTENT="understege"/><SP WIDTH="23" VPOS="1706" HPOS="410"/>
							<String ID="string_173" HPOS="433" VPOS="1705" WIDTH="59" HEIGHT="32" WC="0.93" CONTENT="det"/><SP WIDTH="23" VPOS="1705" HPOS="492"/>
							<String ID="string_174" HPOS="515" VPOS="1706" WIDTH="21" HEIGHT="29" WC="0.89" CONTENT="å"/><SP WIDTH="24" VPOS="1706" HPOS="536"/>
							<String ID="string_175" HPOS="560" VPOS="1703" WIDTH="197" HEIGHT="31" WC="0.92" CONTENT="riksstaten"/><SP WIDTH="22" VPOS="1703" HPOS="757"/>
							<String ID="string_176" HPOS="779" VPOS="1701" WIDTH="215" HEIGHT="36" WC="0.96" CONTENT="beräknade,"/><SP WIDTH="23" VPOS="1701" HPOS="994"/>
							<String ID="string_177" HPOS="1017" VPOS="1710" WIDTH="44" HEIGHT="21" WC="0.96" CONTENT="en"/><SP WIDTH="24" VPOS="1710" HPOS="1061"/>
							<String ID="string_178" HPOS="1085" VPOS="1707" WIDTH="46" HEIGHT="24" WC="0.93" CONTENT="av"/><SP WIDTH="24" VPOS="1707" HPOS="1131"/>
							<String ID="string_179" HPOS="1155" VPOS="1698" WIDTH="355" HEIGHT="37" WC="0.89" CONTENT="förutsättningarna"/><SP WIDTH="24" VPOS="1698" HPOS="1510"/>
							<String ID="string_180" HPOS="1534" VPOS="1697" WIDTH="63" HEIGHT="31" WC="0.96" CONTENT="för"/>
						</TextLine>
						<TextLine ID="line_21" HPOS="91" VPOS="1751" WIDTH="1072" HEIGHT="44">
							<String ID="string_181" HPOS="91" VPOS="1758" WIDTH="257" HEIGHT="37" WC="0.92" CONTENT="finansplanen"/><SP WIDTH="24" VPOS="1758" HPOS="348"/>
							<String ID="string_182" HPOS="372" VPOS="1757" WIDTH="58" HEIGHT="31" WC="0.96" CONTENT="för"/><SP WIDTH="23" VPOS="1757" HPOS="430"/>
							<String ID="string_183" HPOS="453" VPOS="1756" WIDTH="215" HEIGHT="36" WC="0.92" CONTENT="budgetåret"/><SP WIDTH="22" VPOS="1756" HPOS="668"/>
							<String ID="string_184" HPOS="690" VPOS="1753" WIDTH="171" HEIGHT="36" WC="0.76" CONTENT="1934/1935"/><SP WIDTH="23" VPOS="1753" HPOS="861"/>
							<String ID="string_185" HPOS="884" VPOS="1752" WIDTH="115" HEIGHT="32" WC="0.96" CONTENT="skulle"/><SP WIDTH="21" VPOS="1752" HPOS="999"/>
							<String ID="string_186" HPOS="1020" VPOS="1751" WIDTH="143" HEIGHT="32" WC="0.96" CONTENT="rubbas."/>
						</TextLine>
					</TextBlock>
					<TextBlock ID="block_7" HPOS="89" VPOS="1802" WIDTH="1506" HEIGHT="199">
						<TextLine ID="line_22" HPOS="131" VPOS="1802" WIDTH="1462" HEIGHT="41">
							<String ID="string_187" HPOS="131" VPOS="1809" WIDTH="303" HEIGHT="32" WC="0.92" CONTENT="Bankoutskottet"/><SP WIDTH="22" VPOS="1809" HPOS="434"/>
							<String ID="string_188" HPOS="456" VPOS="1808" WIDTH="66" HEIGHT="31" WC="0.96" CONTENT="har"/><SP WIDTH="22" VPOS="1808" HPOS="522"/>
							<String ID="string_189" HPOS="544" VPOS="1808" WIDTH="14" HEIGHT="31" WC="0.96" CONTENT="i"/><SP WIDTH="21" VPOS="1808" HPOS="558"/>
							<String ID="string_190" HPOS="579" VPOS="1807" WIDTH="108" HEIGHT="36" WC="0.96" CONTENT="fråga"/><SP WIDTH="22" VPOS="1807" HPOS="687"/>
							<String ID="string_191" HPOS="709" VPOS="1815" WIDTH="58" HEIGHT="22" WC="0.90" CONTENT="om"/><SP WIDTH="23" VPOS="1815" HPOS="767"/>
							<String ID="string_192" HPOS="790" VPOS="1804" WIDTH="262" HEIGHT="32" WC="0.90" CONTENT="bankovinsten"/><SP WIDTH="23" VPOS="1804" HPOS="1052"/>
							<String ID="string_193" HPOS="1075" VPOS="1803" WIDTH="58" HEIGHT="32" WC="0.96" CONTENT="för"/><SP WIDTH="21" VPOS="1803" HPOS="1133"/>
							<String ID="string_194" HPOS="1154" VPOS="1804" WIDTH="41" HEIGHT="30" WC="0.96" CONTENT="år"/><SP WIDTH="24" VPOS="1804" HPOS="1195"/>
							<String ID="string_195" HPOS="1219" VPOS="1802" WIDTH="77" HEIGHT="31" WC="0.76" CONTENT="19383"/><SP WIDTH="22" VPOS="1802" HPOS="1296"/>
							<String ID="string_196" HPOS="1318" VPOS="1802" WIDTH="181" HEIGHT="31" WC="0.93" CONTENT="inhämtat"/><SP WIDTH="22" VPOS="1802" HPOS="1499"/>
							<String ID="string_197" HPOS="1521" VPOS="1802" WIDTH="72" HEIGHT="36" WC="0.84" CONTENT="ytt-"/>
						</TextLine>
						<TextLine ID="line_23" HPOS="92" VPOS="1852" WIDTH="1503" HEIGHT="43">
							<String ID="string_198" HPOS="92" VPOS="1862" WIDTH="113" HEIGHT="32" WC="0.96" CONTENT="rande"/><SP WIDTH="26" VPOS="1862" HPOS="205"/>
							<String ID="string_199" HPOS="231" VPOS="1862" WIDTH="84" HEIGHT="31" WC="0.96" CONTENT="från"/><SP WIDTH="24" VPOS="1862" HPOS="315"/>
							<String ID="string_200" HPOS="339" VPOS="1859" WIDTH="230" HEIGHT="36" WC="0.96" CONTENT="fullmäktige"/><SP WIDTH="24" VPOS="1859" HPOS="569"/>
							<String ID="string_201" HPOS="593" VPOS="1859" WIDTH="13" HEIGHT="30" WC="0.96" CONTENT="i"/><SP WIDTH="24" VPOS="1859" HPOS="606"/>
							<String ID="string_202" HPOS="630" VPOS="1857" WIDTH="229" HEIGHT="36" WC="0.96" CONTENT="riksbanken,"/><SP WIDTH="26" VPOS="1857" HPOS="859"/>
							<String ID="string_203" HPOS="885" VPOS="1856" WIDTH="100" HEIGHT="31" WC="0.96" CONTENT="vilka"/><SP WIDTH="24" VPOS="1856" HPOS="985"/>
							<String ID="string_204" HPOS="1009" VPOS="1855" WIDTH="12" HEIGHT="31" WC="0.96" CONTENT="i"/><SP WIDTH="25" VPOS="1855" HPOS="1021"/>
							<String ID="string_205" HPOS="1046" VPOS="1854" WIDTH="175" HEIGHT="32" WC="0.96" CONTENT="skrivelse"/><SP WIDTH="25" VPOS="1854" HPOS="1221"/>
							<String ID="string_206" HPOS="1246" VPOS="1854" WIDTH="68" HEIGHT="32" WC="0.96" CONTENT="den"/><SP WIDTH="22" VPOS="1854" HPOS="1314"/>
							<String ID="string_207" HPOS="1336" VPOS="1854" WIDTH="40" HEIGHT="31" WC="0.96" CONTENT="11"/><SP WIDTH="22" VPOS="1854" HPOS="1376"/>
							<String ID="string_208" HPOS="1398" VPOS="1853" WIDTH="95" HEIGHT="37" WC="0.96" CONTENT="april"/><SP WIDTH="22" VPOS="1853" HPOS="1493"/>
							<String ID="string_209" HPOS="1515" VPOS="1852" WIDTH="80" HEIGHT="32" WC="0.96" CONTENT="1934"/>
						</TextLine>
						<TextLine ID="line_24" HPOS="91" VPOS="1905" WIDTH="1503" HEIGHT="44">
							<String ID="string_210" HPOS="91" VPOS="1913" WIDTH="189" HEIGHT="36" WC="0.96" CONTENT="meddelat,"/><SP WIDTH="25" VPOS="1913" HPOS="280"/>
							<String ID="string_211" HPOS="305" VPOS="1913" WIDTH="55" HEIGHT="30" WC="0.96" CONTENT="att"/><SP WIDTH="26" VPOS="1913" HPOS="360"/>
							<String ID="string_212" HPOS="386" VPOS="1910" WIDTH="229" HEIGHT="36" WC="0.96" CONTENT="fullmäktige"/><SP WIDTH="27" VPOS="1910" HPOS="615"/>
							<String ID="string_213" HPOS="642" VPOS="1909" WIDTH="78" HEIGHT="32" WC="0.95" CONTENT="icke"/><SP WIDTH="26" VPOS="1909" HPOS="720"/>
							<String ID="string_214" HPOS="746" VPOS="1908" WIDTH="91" HEIGHT="32" WC="0.95" CONTENT="hade"/><SP WIDTH="26" VPOS="1908" HPOS="837"/>
							<String ID="string_215" HPOS="863" VPOS="1908" WIDTH="111" HEIGHT="35" WC="0.96" CONTENT="något"/><SP WIDTH="26" VPOS="1908" HPOS="974"/>
							<String ID="string_216" HPOS="1000" VPOS="1909" WIDTH="54" HEIGHT="29" WC="0.96" CONTENT="att"/><SP WIDTH="23" VPOS="1909" HPOS="1054"/>
							<String ID="string_217" HPOS="1077" VPOS="1906" WIDTH="124" HEIGHT="31" WC="0.96" CONTENT="erinra"/><SP WIDTH="24" VPOS="1906" HPOS="1201"/>
							<String ID="string_218" HPOS="1225" VPOS="1907" WIDTH="74" HEIGHT="30" WC="0.96" CONTENT="mot"/><SP WIDTH="27" VPOS="1907" HPOS="1299"/>
							<String ID="string_219" HPOS="1326" VPOS="1906" WIDTH="54" HEIGHT="30" WC="0.96" CONTENT="att"/><SP WIDTH="27" VPOS="1906" HPOS="1380"/>
							<String ID="string_220" HPOS="1407" VPOS="1905" WIDTH="56" HEIGHT="31" WC="0.93" CONTENT="för"/><SP WIDTH="24" VPOS="1905" HPOS="1463"/>
							<String ID="string_221" HPOS="1487" VPOS="1905" WIDTH="107" HEIGHT="31" WC="0.91" CONTENT="stats-"/>
						</TextLine>
						<TextLine ID="line_25" HPOS="89" VPOS="1956" WIDTH="1349" HEIGHT="45">
							<String ID="string_222" HPOS="89" VPOS="1964" WIDTH="230" HEIGHT="37" WC="0.95" CONTENT="regleringen"/><SP WIDTH="20" VPOS="1964" HPOS="319"/>
							<String ID="string_223" HPOS="339" VPOS="1963" WIDTH="56" HEIGHT="31" WC="0.96" CONTENT="för"/><SP WIDTH="20" VPOS="1963" HPOS="395"/>
							<String ID="string_224" HPOS="415" VPOS="1962" WIDTH="101" HEIGHT="32" WC="0.96" CONTENT="tiden"/><SP WIDTH="19" VPOS="1962" HPOS="516"/>
							<String ID="string_225" HPOS="535" VPOS="1962" WIDTH="68" HEIGHT="31" WC="0.96" CONTENT="den"/><SP WIDTH="17" VPOS="1962" HPOS="603"/>
							<String ID="string_226" HPOS="620" VPOS="1962" WIDTH="19" HEIGHT="29" WC="0.96" CONTENT="1"/><SP WIDTH="20" VPOS="1962" HPOS="639"/>
							<String ID="string_227" HPOS="659" VPOS="1960" WIDTH="69" HEIGHT="37" WC="0.93" CONTENT="juli"/><SP WIDTH="20" VPOS="1960" HPOS="728"/>
							<String ID="string_228" HPOS="748" VPOS="1959" WIDTH="159" HEIGHT="32" WC="0.81" CONTENT="1933—30"/><SP WIDTH="21" VPOS="1959" HPOS="907"/>
							<String ID="string_229" HPOS="928" VPOS="1958" WIDTH="79" HEIGHT="37" WC="0.96" CONTENT="juni"/><SP WIDTH="21" VPOS="1958" HPOS="1007"/>
							<String ID="string_230" HPOS="1028" VPOS="1958" WIDTH="79" HEIGHT="31" WC="0.93" CONTENT="1934"/><SP WIDTH="20" VPOS="1958" HPOS="1107"/>
							<String ID="string_231" HPOS="1127" VPOS="1960" WIDTH="99" HEIGHT="33" WC="0.92" CONTENT="toges"/><SP WIDTH="21" VPOS="1960" HPOS="1226"/>
							<String ID="string_232" HPOS="1247" VPOS="1957" WIDTH="13" HEIGHT="31" WC="0.96" CONTENT="i"/><SP WIDTH="19" VPOS="1957" HPOS="1260"/>
							<String ID="string_233" HPOS="1279" VPOS="1956" WIDTH="159" HEIGHT="37" WC="0.96" CONTENT="anspråk"/>
						</TextLine>
					</TextBlock>
				</ComposedBlock>
				<ComposedBlock ID="cblock_5" HPOS="129" VPOS="2035" WIDTH="1043" HEIGHT="38">
					<TextBlock ID="block_8" HPOS="129" VPOS="2035" WIDTH="1043" HEIGHT="38">
						<TextLine ID="line_26" HPOS="129" VPOS="2035" WIDTH="1043" HEIGHT="38">
							<String ID="string_234" HPOS="129" VPOS="2040" WIDTH="76" HEIGHT="32" WC="0.96" CONTENT="dels"/><SP WIDTH="33" VPOS="2040" HPOS="205"/>
							<String ID="string_235" HPOS="238" VPOS="2039" WIDTH="142" HEIGHT="32" WC="0.96" CONTENT="vinsten"/><SP WIDTH="38" VPOS="2039" HPOS="380"/>
							<String ID="string_236" HPOS="418" VPOS="2039" WIDTH="57" HEIGHT="31" WC="0.96" CONTENT="för"/><SP WIDTH="35" VPOS="2039" HPOS="475"/>
							<String ID="string_237" HPOS="510" VPOS="2039" WIDTH="41" HEIGHT="30" WC="0.96" CONTENT="år"/><SP WIDTH="35" VPOS="2039" HPOS="551"/>
							<String ID="string_238" HPOS="586" VPOS="2038" WIDTH="87" HEIGHT="35" WC="0.78" CONTENT="19383,"/><SP WIDTH="37" VPOS="2038" HPOS="673"/>
							<String ID="string_239" HPOS="710" VPOS="2035" WIDTH="200" HEIGHT="38" WC="0.95" CONTENT="utgörande"/><SP WIDTH="25" VPOS="2035" HPOS="910"/>
							<String ID="string_240" HPOS="935" VPOS="2036" WIDTH="117" HEIGHT="30" WC="0.96" CONTENT="såsom"/><SP WIDTH="26" VPOS="2036" HPOS="1052"/>
							<String ID="string_241" HPOS="1078" VPOS="2045" WIDTH="94" HEIGHT="20" WC="0.96" CONTENT="ovan"/>
						</TextLine>
					</TextBlock>
				</ComposedBlock>
				<GraphicalElement ID="cblock_6" HPOS="1408" VPOS="2240" WIDTH="112" HEIGHT="3"></GraphicalElement >
				<ComposedBlock ID="cblock_7" HPOS="91" VPOS="2084" WIDTH="1505" HEIGHT="213">
					<TextBlock ID="block_9" HPOS="91" VPOS="2084" WIDTH="1495" HEIGHT="93">
						<TextLine ID="line_27" HPOS="91" VPOS="2084" WIDTH="1495" HEIGHT="40">
							<String ID="string_242" HPOS="91" VPOS="2093" WIDTH="145" HEIGHT="31" WC="0.25" CONTENT="NÄMNS"/><SP WIDTH="57" VPOS="2093" HPOS="236"/>
							<String ID="string_243" HPOS="293" VPOS="2110" WIDTH="868" HEIGHT="13" WC="0.0" CONTENT="oo.osssseeeersr&gt;rctrseserorsrrrr"/><SP WIDTH="-295" VPOS="2110" HPOS="1161"/>
							<String ID="string_244" HPOS="866" VPOS="2085" WIDTH="43" HEIGHT="45" WC="0.0" CONTENT="er"/><SP WIDTH="7" VPOS="2085" HPOS="909"/>
							<String ID="string_245" HPOS="916" VPOS="2085" WIDTH="29" HEIGHT="45" WC="0.0" CONTENT="cK"/><SP WIDTH="11" VPOS="2085" HPOS="945"/>
							<String ID="string_246" HPOS="956" VPOS="2085" WIDTH="29" HEIGHT="45" WC="0.28" CONTENT="rr"/><SP WIDTH="38" VPOS="2085" HPOS="985"/>
							<String ID="string_247" HPOS="1023" VPOS="2085" WIDTH="80" HEIGHT="45" WC="0.0" CONTENT="KRK"/><SP WIDTH="18" VPOS="2085" HPOS="1103"/>
							<String ID="string_248" HPOS="1121" VPOS="2085" WIDTH="44" HEIGHT="45" WC="0.19" CONTENT="ss"/><SP WIDTH="23" VPOS="2085" HPOS="1165"/>
							<String ID="string_249" HPOS="1188" VPOS="2085" WIDTH="130" HEIGHT="32" WC="0.91" CONTENT="kronor"/><SP WIDTH="23" VPOS="2085" HPOS="1318"/>
							<String ID="string_250" HPOS="1341" VPOS="2084" WIDTH="191" HEIGHT="37" WC="0.91" CONTENT="10,591,866:"/><SP WIDTH="14" VPOS="2084" HPOS="1532"/>
							<String ID="string_251" HPOS="1546" VPOS="2085" WIDTH="40" HEIGHT="30" WC="0.87" CONTENT="31"/>
						</TextLine>
						<TextLine ID="line_28" HPOS="130" VPOS="2138" WIDTH="1047" HEIGHT="39">
							<String ID="string_252" HPOS="130" VPOS="2144" WIDTH="78" HEIGHT="32" WC="0.96" CONTENT="dels"/><SP WIDTH="24" VPOS="2144" HPOS="208"/>
							<String ID="string_253" HPOS="232" VPOS="2144" WIDTH="64" HEIGHT="30" WC="0.96" CONTENT="ock"/><SP WIDTH="26" VPOS="2144" HPOS="296"/>
							<String ID="string_254" HPOS="322" VPOS="2153" WIDTH="47" HEIGHT="21" WC="0.96" CONTENT="av"/><SP WIDTH="25" VPOS="2153" HPOS="369"/>
							<String ID="string_255" HPOS="394" VPOS="2143" WIDTH="83" HEIGHT="30" WC="0.96" CONTENT="från"/><SP WIDTH="27" VPOS="2143" HPOS="477"/>
							<String ID="string_256" HPOS="504" VPOS="2140" WIDTH="214" HEIGHT="37" WC="0.95" CONTENT="föregående"/><SP WIDTH="27" VPOS="2140" HPOS="718"/>
							<String ID="string_257" HPOS="745" VPOS="2142" WIDTH="40" HEIGHT="29" WC="0.95" CONTENT="år"/><SP WIDTH="27" VPOS="2142" HPOS="785"/>
							<String ID="string_258" HPOS="812" VPOS="2138" WIDTH="228" HEIGHT="32" WC="0.93" CONTENT="reserverade"/><SP WIDTH="25" VPOS="2138" HPOS="1040"/>
							<String ID="string_259" HPOS="1065" VPOS="2138" WIDTH="112" HEIGHT="31" WC="0.92" CONTENT="vinst-"/>
						</TextLine>
					</TextBlock>
					<TextBlock ID="block_10" HPOS="91" VPOS="2188" WIDTH="1505" HEIGHT="109">
						<TextLine ID="line_29" HPOS="91" VPOS="2188" WIDTH="1495" HEIGHT="40">
							<String ID="string_260" HPOS="91" VPOS="2196" WIDTH="118" HEIGHT="32" WC="0.87" CONTENT="medel"/><SP WIDTH="48" VPOS="2196" HPOS="209"/>
							<String ID="string_261" HPOS="257" VPOS="2213" WIDTH="908" HEIGHT="13" WC="0.0" CONTENT="o....ssesssrsesesrteserertrr"/><SP WIDTH="-388" VPOS="2213" HPOS="1165"/>
							<String ID="string_262" HPOS="777" VPOS="2187" WIDTH="29" HEIGHT="46" WC="0.4" CONTENT="rr"/><SP WIDTH="11" VPOS="2187" HPOS="806"/>
							<String ID="string_263" HPOS="817" VPOS="2187" WIDTH="70" HEIGHT="46" WC="0.4" CONTENT="sees"/><SP WIDTH="13" VPOS="2187" HPOS="887"/>
							<String ID="string_264" HPOS="900" VPOS="2187" WIDTH="47" HEIGHT="46" WC="0.21" CONTENT="rer"/><SP WIDTH="11" VPOS="2187" HPOS="947"/>
							<String ID="string_265" HPOS="958" VPOS="2187" WIDTH="49" HEIGHT="46" WC="0.0" CONTENT="rr"/><SP WIDTH="11" VPOS="2187" HPOS="1007"/>
							<String ID="string_266" HPOS="1018" VPOS="2187" WIDTH="30" HEIGHT="46" WC="0.0" CONTENT="ss"/><SP WIDTH="10" VPOS="2187" HPOS="1048"/>
							<String ID="string_267" HPOS="1058" VPOS="2187" WIDTH="27" HEIGHT="46" WC="0.5" CONTENT="Ks"/><SP WIDTH="11" VPOS="2187" HPOS="1085"/>
							<String ID="string_268" HPOS="1096" VPOS="2187" WIDTH="29" HEIGHT="46" WC="0.17" CONTENT="KK"/><SP WIDTH="11" VPOS="2187" HPOS="1125"/>
							<String ID="string_269" HPOS="1136" VPOS="2187" WIDTH="32" HEIGHT="46" WC="0.0" CONTENT="eA"/><SP WIDTH="86" VPOS="2187" HPOS="1168"/>
							<String ID="string_270" HPOS="1254" VPOS="2200" WIDTH="13" HEIGHT="17" WC="0.92" CONTENT="»"/><SP WIDTH="94" VPOS="2200" HPOS="1267"/>
							<String ID="string_271" HPOS="1361" VPOS="2188" WIDTH="172" HEIGHT="37" WC="0.91" CONTENT="2,408,133:"/><SP WIDTH="14" VPOS="2188" HPOS="1533"/>
							<String ID="string_272" HPOS="1547" VPOS="2188" WIDTH="39" HEIGHT="31" WC="0.96" CONTENT="69"/>
						</TextLine>
						<TextLine ID="line_30" HPOS="129" VPOS="2257" WIDTH="1467" HEIGHT="40">
							<String ID="string_273" HPOS="129" VPOS="2264" WIDTH="89" HEIGHT="31" WC="0.96" CONTENT="eller"/><SP WIDTH="29" VPOS="2264" HPOS="218"/>
							<String ID="string_274" HPOS="247" VPOS="2262" WIDTH="239" HEIGHT="35" WC="0.89" CONTENT="sammanlagt"/><SP WIDTH="44" VPOS="2262" HPOS="486"/>
							<String ID="string_275" HPOS="530" VPOS="2281" WIDTH="629" HEIGHT="11" WC="0.0" CONTENT=".............scscsssesesersstorer"/><SP WIDTH="27" VPOS="2281" HPOS="1159"/>
							<String ID="string_276" HPOS="1186" VPOS="2258" WIDTH="132" HEIGHT="31" WC="0.92" CONTENT="kronor"/><SP WIDTH="21" VPOS="2258" HPOS="1318"/>
							<String ID="string_277" HPOS="1339" VPOS="2257" WIDTH="257" HEIGHT="37" WC="0.88" CONTENT="13,000,000:"/><SP WIDTH="-41" VPOS="2257" HPOS="1596"/>
							<String ID="string_278" HPOS="1555" VPOS="2253" WIDTH="45" HEIGHT="47" WC="0.66" CONTENT="—"/>
						</TextLine>
					</TextBlock>
				</ComposedBlock>
				<ComposedBlock ID="cblock_8" HPOS="90" VPOS="2358" WIDTH="1506" HEIGHT="161">
					<TextBlock ID="block_11" HPOS="90" VPOS="2358" WIDTH="1506" HEIGHT="161">
						<TextLine ID="line_31" HPOS="130" VPOS="2358" WIDTH="1466" HEIGHT="40">
							<String ID="string_279" HPOS="130" VPOS="2366" WIDTH="186" HEIGHT="32" WC="0.96" CONTENT="Utskottet"/><SP WIDTH="24" VPOS="2366" HPOS="316"/>
							<String ID="string_280" HPOS="340" VPOS="2366" WIDTH="58" HEIGHT="29" WC="0.96" CONTENT="får"/><SP WIDTH="24" VPOS="2366" HPOS="398"/>
							<String ID="string_281" HPOS="422" VPOS="2365" WIDTH="56" HEIGHT="30" WC="0.96" CONTENT="för"/><SP WIDTH="21" VPOS="2365" HPOS="478"/>
							<String ID="string_282" HPOS="499" VPOS="2364" WIDTH="56" HEIGHT="30" WC="0.96" CONTENT="sin"/><SP WIDTH="22" VPOS="2364" HPOS="555"/>
							<String ID="string_283" HPOS="577" VPOS="2362" WIDTH="57" HEIGHT="31" WC="0.95" CONTENT="del"/><SP WIDTH="23" VPOS="2362" HPOS="634"/>
							<String ID="string_284" HPOS="657" VPOS="2362" WIDTH="186" HEIGHT="35" WC="0.96" CONTENT="tillstyrka"/><SP WIDTH="25" VPOS="2362" HPOS="843"/>
							<String ID="string_285" HPOS="868" VPOS="2360" WIDTH="249" HEIGHT="37" WC="0.94" CONTENT="fullmäktiges"/><SP WIDTH="24" VPOS="2360" HPOS="1117"/>
							<String ID="string_286" HPOS="1141" VPOS="2360" WIDTH="135" HEIGHT="36" WC="0.96" CONTENT="förslag"/><SP WIDTH="24" VPOS="2360" HPOS="1276"/>
							<String ID="string_287" HPOS="1300" VPOS="2359" WIDTH="65" HEIGHT="31" WC="0.96" CONTENT="och"/><SP WIDTH="21" VPOS="2359" HPOS="1365"/>
							<String ID="string_288" HPOS="1386" VPOS="2358" WIDTH="210" HEIGHT="32" WC="0.96" CONTENT="hemställer"/>
						</TextLine>
						<TextLine ID="line_32" HPOS="90" VPOS="2418" WIDTH="120" HEIGHT="36">
							<String ID="string_289" HPOS="90" VPOS="2418" WIDTH="120" HEIGHT="36" WC="0.96" CONTENT="alltså,"/>
						</TextLine>
						<TextLine ID="line_33" HPOS="93" VPOS="2479" WIDTH="1467" HEIGHT="40">
							<String ID="string_290" HPOS="93" VPOS="2487" WIDTH="113" HEIGHT="32" WC="0.73" CONTENT="Bihang"/><SP WIDTH="21" VPOS="2487" HPOS="206"/>
							<String ID="string_291" HPOS="227" VPOS="2487" WIDTH="41" HEIGHT="25" WC="0.96" CONTENT="till"/><SP WIDTH="22" VPOS="2487" HPOS="268"/>
							<String ID="string_292" HPOS="290" VPOS="2486" WIDTH="166" HEIGHT="31" WC="0.96" CONTENT="riksdagens"/><SP WIDTH="22" VPOS="2486" HPOS="456"/>
							<String ID="string_293" HPOS="478" VPOS="2483" WIDTH="144" HEIGHT="33" WC="0.95" CONTENT="protokoll"/><SP WIDTH="23" VPOS="2483" HPOS="622"/>
							<String ID="string_294" HPOS="645" VPOS="2483" WIDTH="75" HEIGHT="25" WC="0.92" CONTENT="1934."/><SP WIDTH="40" VPOS="2483" HPOS="720"/>
							<String ID="string_295" HPOS="760" VPOS="2484" WIDTH="16" HEIGHT="23" WC="0.68" CONTENT="&amp;"/><SP WIDTH="19" VPOS="2484" HPOS="776"/>
							<String ID="string_296" HPOS="795" VPOS="2484" WIDTH="81" HEIGHT="24" WC="0.94" CONTENT="saml."/><SP WIDTH="40" VPOS="2484" HPOS="876"/>
							<String ID="string_297" HPOS="916" VPOS="2483" WIDTH="39" HEIGHT="24" WC="0.93" CONTENT="Nr"/><SP WIDTH="18" VPOS="2483" HPOS="955"/>
							<String ID="string_298" HPOS="973" VPOS="2482" WIDTH="111" HEIGHT="25" WC="0.37" CONTENT="31—32."/><SP WIDTH="467" VPOS="2482" HPOS="1084"/>
							<String ID="string_299" HPOS="1551" VPOS="2479" WIDTH="9" HEIGHT="23" WC="0.96" CONTENT="1"/>
						</TextLine>
					</TextBlock>
				</ComposedBlock>
			</PrintSpace>
		</Page>
	</Layout>
</alto>
