1874 2786
251 159 40 29 68
510 161 451 33 Konstitlutionsutskottets
985 165 183 30 memorial
1191 175 41 20 nr
1256 167 41 29 33
1321 167 39 29 år
1385 168 82 29 1966

357 239 186 40 länsorgan
561 241 173 30 inklusive
753 242 229 39 landstingets
1001 243 378 40 förvaltningsutskott.
1400 246 123 39 Kungl.
1543 247 105 39 Maj:t
1667 247 63 29 har

356 284 196 30 sedermera
577 285 166 30 fastställt
767 286 267 40 länsstyrelsens
1059 288 140 39 förslag.
1225 289 13 28 I
1261 289 203 40 anslutning
1487 291 52 29 till
1564 291 165 39 förslaget

356 328 154 29 uttalade
529 329 249 39 länsstyrelsen
796 331 201 39 betydelsen
1015 341 42 20 av
1075 335 50 26 att
1145 333 66 28 den
1231 333 163 30 fortsatta
1412 335 317 39 tätortsutbyggna-

355 371 68 29 den
445 374 54 27 tar
523 373 91 29 sikte
637 374 44 38 på
706 383 42 20 en
772 374 240 40 förstärkning
1036 385 42 20 av
1102 376 217 39 Mockfjärds
1344 378 384 30 centralortsfunktion.

357 415 80 30 Som
456 418 47 28 ett
523 417 185 39 väsentligt
728 418 54 30 led
802 419 11 28 i
831 419 115 30 denna
965 420 140 29 strävan
1125 421 99 38 ingår
1244 421 188 39 självfallet
1452 423 276 30 centralskolans

355 459 234 40 lokalisering.
620 462 53 28 En
703 462 219 39 förläggning
952 473 42 19 av
1023 464 115 30 denna
1168 465 51 29 till
1250 466 198 39 Mockfjärd
1479 467 112 30 skulle
1622 468 10 29 i
1662 468 67 38 hög

355 504 83 38 grad
459 505 119 29 stärka
596 507 118 28 ortens
734 507 151 38 position
904 517 80 19 men
1005 508 212 30 framförallt
1236 510 100 29 bidra
1354 510 52 29 till
1426 511 64 29 och
1511 512 119 29 stärka
1650 512 79 29 hela

353 547 328 32 kommunblockets
701 550 162 30 fortsatta
884 552 206 39 utveckling.

247 645 34 29 C.
307 645 469 33 LÄNSSKOLNÄMNDENS
802 649 13 29 I
842 648 323 33 KOPPARBERGS
1191 651 85 30 LÄN
1301 651 242 32 YTTRANDE
1569 654 90 30 DEN
1688 654 38 29 10

247 689 85 30 MAJ
354 690 81 30 1965

396 787 351 31 Länsskolnämnden
765 789 63 30 har
847 792 51 27 att
916 791 105 39 enligt
1040 792 19 28 4
1080 792 15 36 8
1126 793 6 28 I
1153 802 104 20 mom.
1277 793 61 29 KK
1360 793 96 30 1957:
1470 794 62 29 318
1552 796 79 28 med
1650 796 76 28 däri

352 831 196 31 sedermera
576 833 165 39 vidtagna
770 834 188 39 ändringar
987 836 43 38 på
1060 836 261 40 framställning
1348 848 43 19 av
1419 838 170 30 kommun
1619 840 106 38 pröva

352 875 240 31 lokalbehovet
610 877 65 29 och
693 878 117 30 lämna
828 879 215 29 kommunen
1061 880 138 39 uppgift
1217 890 58 21 om
1292 882 41 29 de
1353 882 130 30 lokaler
1502 892 75 20 som
1596 883 129 30 förkla-

351 921 72 27 rats
451 920 236 39 erforderliga.
717 922 123 29 Därest
869 923 176 29 nämnden
1074 925 112 29 skule
1215 925 99 30 finna
1342 928 49 27 att
1420 927 235 30 anskaffande
1684 937 41 20 av

352 972 68 30 nya
449 964 130 29 lokaler
607 965 58 29 vid
694 966 69 29 viss
792 966 99 30 skola
919 968 81 28 eller
1030 968 219 39 uppförande
1278 979 42 20 av
1348 980 47 29 ny
1423 971 98 30 skola
1551 972 43 38 på
1623 973 100 38 plats,

350 1007 62 29 där
436 1008 98 30 skola
555 1009 76 29 icke
655 1009 123 35 finnes,
803 1011 38 29 är
864 1012 194 38 uppenbart
1081 1013 180 39 olämpligt
1284 1015 66 28 och
1373 1015 177 29 stridande
1573 1019 72 26 mot
1667 1017 56 28 det

350 1051 196 31 allmännas
566 1053 173 30 intressen
759 1064 102 30 synes
881 1056 186 34 nämnden,
1090 1066 75 20 som
1185 1058 106 38 enligt
1312 1059 54 28 sin
1386 1059 214 30 instruktion
1626 1060 35 33 (3
1685 1061 34 35 $)

350 1095 89 30 skall
467 1097 116 38 »sörja
609 1097 54 29 för
690 1107 43 20 en
759 1099 275 40 ändamålsenlig
1061 1101 182 39 planering
1268 1112 43 20 av
1337 1103 273 35 skolväsendet>,
1640 1105 84 28 böra

348 1140 104 38 vägra
480 1140 173 31 fastställa
680 1144 76 37 nytt
783 1143 268 39 lokalprogram.
1079 1144 243 32 Anskaffande
1350 1156 42 20 av
1418 1156 67 30 nya
1513 1148 210 29 skollokaler

350 1183 69 29 kan
437 1184 117 30 ibland
572 1195 83 20 vara
673 1195 42 20 en
734 1187 108 29 sådan
861 1189 153 38 naturlig
1031 1189 122 38 åtgärd
1172 1192 49 28 att
1240 1190 64 29 full
1324 1191 137 38 enighet
1479 1201 57 20 om
1555 1192 166 39 åtgärden

348 1227 102 30 råder
466 1228 94 30 såväl
577 1229 95 30 inom
689 1230 215 30 kommunen
921 1241 74 21 som
1012 1233 94 29 inom
1122 1234 176 38 regionala
1314 1235 64 29 och
1396 1237 152 29 centrala
1565 1238 157 38 myndig-

347 1271 107 30 heter.
484 1273 12 28 I
523 1273 93 30 vissa
645 1274 61 30 fall
734 1275 69 29 kan
830 1275 94 30 olika
952 1277 266 39 uppfattningar
1247 1278 188 31 framföras
1463 1281 65 28 och
1557 1282 166 28 stundom

347 1316 98 29 torde
461 1317 56 29 det
534 1317 70 29 inte
620 1318 122 30 kunna
756 1320 173 30 undvikas
946 1323 49 27 att
1011 1330 42 20 en
1068 1321 281 41 byggnadsfråga
1364 1324 65 28 blir
1445 1324 275 30 kontroversiell.

348 1359 13 29 I
381 1360 228 31 förevarande
630 1362 63 30 fall
712 1363 63 29 har
796 1364 335 30 länsskolnämnden
1152 1367 80 29 med
1252 1367 305 39 hänsynstagande
1579 1370 52 28 till
1653 1370 68 28 alla

347 1403 11 29 i
382 1404 141 30 ärendet
548 1405 235 40 föreliggande
808 1407 98 31 fakta
930 1409 65 29 och
1018 1409 87 29 efter
1131 1418 84 31 egen
1239 1411 186 40 utredning
1449 1412 117 30 funnit
1591 1414 53 29 väl
1670 1416 49 27 att

347 1448 76 29 skäl
444 1448 69 30 kan
534 1449 117 30 finnas
673 1451 54 29 för
748 1451 141 30 skolans
911 1452 224 40 förläggande
1156 1455 52 28 till
1230 1455 198 39 Mockfjärd
1449 1466 79 20 men
1549 1460 49 27 att
1620 1458 101 29 dessa

348 1492 75 29 skäl
444 1493 75 29 icke
540 1494 37 29 är
598 1504 44 19 av
661 1495 108 29 sådan
790 1498 53 27 art
865 1498 50 27 att
936 1498 177 28 nämnden
1135 1499 112 29 skulle
1269 1499 121 30 kunna
1410 1502 165 29 motsätta
1598 1502 51 38 sig
1670 1505 49 27 att

346 1537 107 37 pröva
472 1537 241 31 lokalbehovet
733 1539 53 29 för
807 1549 42 20 en
870 1541 98 29 skola
988 1542 10 28 i
1019 1542 140 38 Djurås.
1180 1543 106 40 Förty
1307 1544 57 29 vill
1385 1544 335 31 länsskolnämnden

345 1579 185 32 hemställa
547 1591 58 20 om
624 1584 50 28 att
691 1583 166 30 besvären
877 1585 135 30 lämnas
1031 1588 86 27 utan
1134 1586 109 30 bifall.

285 1641 50 29 Av
352 1641 195 30 ledamoten
566 1643 195 31 Carleholm
779 1653 125 31 avgavs
923 1647 143 29 särskilt
1085 1649 177 38 yttrande:

388 1730 316 32 Kommunblocket
723 1733 257 39 Gagnef-Floda
998 1736 38 29 är
1055 1737 177 38 uppbyggt
1252 1738 78 29 med
1349 1739 151 29 tätorten
1520 1740 199 39 Mockfjärd

344 1782 75 21 som
437 1775 99 38 given
554 1777 188 29 centralort
760 1778 43 38 på
822 1779 115 38 grund
954 1789 42 20 av
1013 1782 117 28 ortens
1149 1781 365 40 näringsgeografiska
1531 1784 185 39 betydelse,

343 1818 205 40 folkmängd
575 1820 65 29 och
668 1822 147 29 väntade
845 1823 450 40 utvecklingsmöjligheter.
1326 1826 119 30 Redan
1473 1829 79 28 med
1579 1828 139 40 hänsyn

342 1861 118 31 härtill
481 1872 102 30 synes
603 1865 118 30 starka
742 1866 74 29 skäl
836 1867 71 29 tala
926 1867 55 30 för
1000 1870 50 27 att
1070 1869 258 30 centralskolan
1348 1871 95 29 inom
1462 1871 254 40 högstadieom-

341 1906 99 30 rådet
458 1925 44 3 —
522 1917 75 20 som
619 1910 262 29 sammanfaller
902 1912 79 29 med
1002 1912 308 31 kommunblocket
1330 1933 44 2 —
1394 1915 151 31 förlades
1566 1917 52 29 till
1640 1926 76 20 cen-

341 1950 177 30 tralorten.
543 1952 124 30 Därtill
692 1954 157 29 kommer
873 1957 50 27 att
947 1955 492 42 befolkningstyngdpunkten
1463 1961 10 28 i
1496 1961 136 30 blocket
1656 1962 60 38 lig-

341 2001 58 31 ger
418 1995 11 29 i
447 1995 107 30 Floda
573 1996 171 31 kommun
762 1998 64 30 och
846 2000 216 38 Mockfjärds
1082 2001 215 40 församling,
1318 2006 50 26 att
1387 2004 328 41 åldersfördelning-

341 2047 43 20 en
408 2038 63 30 hos
497 2039 250 41 befolkningen
771 2043 95 29 inom
891 2044 157 30 området
1074 2046 38 28 är
1138 2045 92 30 klart
1256 2054 267 32 gynnsammare
1550 2050 44 29 än
1620 2050 96 29 inom

341 2082 218 31 återstående
582 2085 54 29 del
660 2095 42 20 av
724 2086 149 39 Gagnefs
897 2087 170 30 kommun
1092 2092 90 27 samt
1206 2093 49 27 att
1278 2109 44 3 —
1344 2092 105 38 enligt
1472 2102 42 20 en
1538 2094 10 28 i
1573 2094 141 30 ärendet

340 2136 42 19 av
407 2127 304 40 skolinspektören
736 2130 125 30 Gustaf
886 2132 162 30 Thundal
1072 2134 191 30 verkställd
1289 2136 186 39 utredning
1499 2156 44 2 —
1568 2139 147 29 totalan-

339 2171 84 29 talet
441 2172 257 30 elevkilometer
716 2174 44 39 på
777 2175 70 29 sikt
870 2175 338 41 (skolskjutsvägar)
1231 2179 66 29 blir
1314 2180 183 39 väsentligt
1516 2182 92 38 lägre
1627 2183 9 28 i
1655 2183 58 29 alt.

340 2215 198 39 Mockfjärd
558 2217 43 29 än
622 2218 11 28 i
652 2218 57 29 alt.
730 2218 140 39 Djurås.
