1876 2788
422 169 450 31 Konstitutionsutskottets
898 167 181 30 memorial
1102 176 42 19 nr
1168 167 41 28 33
1234 166 38 29 år
1298 165 82 29 1966
1602 162 40 28 39

271 261 83 21 nom
381 254 48 27 ett
458 251 125 29 sådant
612 250 125 29 förbud
768 247 143 31 fastslås
938 256 42 21 en
1009 246 56 29 för
1092 246 66 29 den
1185 244 177 30 enskildes
1391 241 254 31 rättssäkerhet

270 297 139 38 mycket
432 295 109 39 viktig
566 294 198 39 grundsats,
790 301 78 21 vars
894 290 310 41 upprätthållande
1227 289 55 29 får
1307 297 101 20 anses
1432 296 84 20 vara
1541 281 104 48 själv-

270 342 94 29 klart
391 341 10 28 i
425 342 48 28 ett
499 337 303 32 kultursamhälle.
830 337 12 29 I
869 344 135 21 samma
1029 335 157 38 riktning
1213 333 129 29 uttalar
1368 332 51 39 sig
1445 332 86 28 även
1557 330 88 28 riks-

271 384 304 40 åklagarämbetet,
598 382 250 39 länsstyrelsen
870 382 11 28 i
903 380 187 38 Göteborgs
1113 379 66 28 och
1201 378 117 29 Bohus
1341 377 58 29 län
1422 377 90 28 samt
1535 370 111 48 stads-

272 430 187 38 åklagaren
475 429 11 29 i
503 428 179 38 Göteborg.
700 427 74 29 Den
792 425 215 30 sistnämnde
1025 424 175 29 förklarar
1217 424 50 28 att
1283 422 56 29 det
1356 421 55 29 får
1427 429 101 21 anses
1544 427 102 31 ange-

271 475 91 38 läget
389 476 51 27 att
467 474 65 28 den
559 471 266 40 ifrågavarande
853 471 207 28 rättssatsen
1089 469 37 28 är
1154 466 233 40 uttryckligen
1417 464 189 39 fastslagen
1635 463 10 29 i

272 519 170 39 grundlag
466 519 84 28 även
573 526 56 20 om
653 516 66 29 den
742 515 124 29 vunnit
888 514 91 29 hävd
1001 514 11 29 i
1035 513 197 39 praktiken.
1256 511 13 29 I
1295 512 13 28 1
1334 511 79 38 kap.
1439 511 13 28 1
1481 509 14 37 8
1520 509 126 29 brotts-

272 564 127 29 balken
419 563 63 28 har
503 561 204 39 visserligen
727 559 142 39 intagits
891 568 42 20 en
954 557 244 31 bestämmelse
1220 566 42 19 av
1282 556 10 29 i
1315 557 87 27 stort
1424 556 66 27 sett
1512 561 133 22 samma

273 607 178 34 innebörd,
482 606 175 38 nämligen
686 607 50 27 att
765 604 91 29 brott
886 604 37 28 är
953 602 156 40 gärning,
1140 601 55 29 för
1223 600 116 30 vilken
1367 600 11 28 i
1406 597 239 31 brottsbalken

273 653 81 28 eller
372 652 9 29 i
398 660 117 21 annan
531 651 54 38 lag
603 650 81 29 eller
702 648 209 39 författning
929 648 37 28 är
984 647 136 38 stadgat
1138 645 146 39 påföljd,
1303 653 74 20 som
1394 642 225 30 omförmäles
1636 641 10 28 i

271 696 251 30 brottsbalken.
546 694 111 39 Sagda
679 692 243 30 bestämmelse
945 692 71 29 kan
1038 690 193 30 emellertid
1253 689 75 29 icke
1352 697 100 20 anses
1475 685 172 30 innefatta

273 740 202 39 tillräckligt
498 739 112 39 skydd
633 738 111 29 under
768 738 68 29 alla
860 735 254 30 förhållanden.
1139 733 205 30 Förefinnes
1368 731 202 33 emellertid,
1596 729 52 30 så-

274 794 75 21 som
375 784 230 38 utredningen
630 782 140 34 hävdat,
796 791 42 20 en
863 780 319 40 lagprövningsrätt
1208 778 54 29 för
1287 776 248 33 domstolarna,
1561 775 86 28 även

273 839 58 20 om
359 830 66 29 den
453 838 100 20 anses
581 827 188 33 restriktiv,
799 825 112 30 skulle
939 825 150 29 domstol
1117 824 10 29 i
1156 822 190 30 framtiden
1375 822 63 38 äga
1466 820 182 39 möjlighet

274 876 51 28 att
341 875 115 38 pröva,
474 872 174 30 huruvida
663 881 44 20 en
724 870 228 39 författnings
968 868 154 30 innehåll
1140 868 154 33 innebär,
1312 868 50 28 att
1378 866 117 38 regeln
1511 864 137 29 nullum

274 919 133 29 erimen
427 918 73 29 sine
521 918 71 38 lege
612 916 98 29 blivit
731 915 178 30 åsidosatt.

317 972 11 27 I
357 971 107 38 några
489 970 186 28 remissvar
704 968 158 29 förordas
890 969 49 27 att
968 966 161 28 förbudet
1157 967 72 27 mot
1256 963 190 29 retroaktiv
1474 961 175 37 strafflag-

275 1016 162 38 stiftning
459 1015 88 29 skall
569 1014 149 29 omfatta
739 1014 87 28 även
846 1012 110 29 andra
976 1009 290 39 brottspåföljder
1286 1009 44 28 än
1352 1006 105 31 straff
1477 1007 10 29 i
1508 1005 140 29 teknisk

275 1060 226 30 bemärkelse.
529 1059 121 29 Denna
679 1056 234 38 anmärkning
942 1054 187 30 framföres
1159 1053 149 30 sålunda
1335 1062 41 19 av
1403 1052 123 38 högsta
1554 1050 96 29 dom-

276 1105 130 29 stolens
422 1104 189 29 ledamöter
632 1100 273 40 (majoriteten),
922 1109 74 20 som
1013 1099 142 30 särskilt
1171 1099 145 28 nämner
1334 1095 240 31 förverkande.
1592 1095 57 28 Ett

276 1149 165 29 liknande
456 1147 203 40 påpekande
675 1147 99 38 göres
788 1155 41 20 av
843 1145 183 29 hovrätten
1042 1143 53 29 för
1111 1143 125 29 Västra
1251 1142 145 38 Sverige.
1413 1141 84 29 Svea
1512 1139 138 29 hovrätt

277 1195 222 28 konstaterar
512 1194 49 27 att
576 1192 66 29 den
656 1192 11 28 i
681 1191 19 29 9
726 1190 6 37 I
750 1189 160 30 använda
923 1187 246 39 terminologin
1184 1187 10 29 i
1210 1185 228 31 förevarande
1453 1183 197 31 hänseende

276 1239 76 29 icke
373 1237 312 30 överensstämmer
707 1235 79 29 med
808 1233 268 30 brottsbalkens.
1099 1232 183 39 Uttrycket
1305 1229 185 31 »straffas>
1515 1229 60 28 bör
1598 1229 53 27 ut-

277 1283 99 38 bytas
395 1284 72 27 mot
484 1290 42 21 en
544 1283 88 27 term
650 1289 74 20 som
744 1279 119 29 täcker
881 1278 67 29 alla
967 1278 40 28 de
1025 1277 129 38 följder
1173 1285 74 21 som
1266 1275 75 29 icke
1360 1274 54 30 får
1433 1274 218 29 förekomma

278 1327 78 29 med
380 1326 77 30 stöd
481 1335 43 20 av
546 1326 67 28 den
635 1334 68 29 nya
728 1324 109 38 lagen.
863 1323 78 29 Med
964 1321 259 30 brottsbalkens
1247 1319 219 38 terminologi
1491 1326 80 21 vore
1595 1317 56 28 det

277 1371 176 29 måhända
471 1370 199 29 korrektast
690 1370 50 27 att
760 1367 192 29 formulera
971 1364 398 41 grundlagsstadgandet
1389 1363 47 33 så,
1458 1364 49 27 att
1529 1361 123 38 >ingen

278 1416 58 29 må
352 1415 142 29 ådömas
510 1413 250 39 brottspåföljd
777 1412 81 29 eller
876 1420 116 20 annan
1009 1409 150 30 särskild
1177 1408 219 30 rättsverkan
1413 1407 54 29 för
1485 1406 164 39 gärning>

279 1462 62 27 etc.
356 1459 164 39 Möjligen
535 1458 116 29 kunde
667 1457 66 29 den
748 1457 140 28 kortare
902 1455 137 29 formen
1055 1454 142 29 »dömas
1212 1453 54 28 för
1281 1452 162 39 gärning»
1463 1450 188 32 användas,

279 1504 89 29 dock
394 1503 110 29 under
532 1501 254 38 förutsättning
813 1502 49 27 att
890 1499 74 29 däri
991 1499 76 28 icke
1094 1498 191 37 inrymmes
1314 1494 338 31 skadeståndstalan.

279 1549 126 28 Vidare
422 1548 62 29 bör
503 1546 175 39 uttrycket
699 1546 201 37 »strängare
919 1542 123 31 straff»
1064 1543 142 38 utbytas
1224 1543 72 27 mot
1317 1540 159 29 »svårare
1495 1538 155 39 påföljd»

286 1593 67 38 (jfr
367 1591 240 30 brottsbalken
626 1591 13 28 1
660 1591 80 37 kap.
758 1589 19 29 4
797 1589 48 36 9).

324 1646 92 29 Även
439 1646 11 28 i
473 1647 48 27 ett
544 1653 62 30 par
629 1643 112 30 andra
762 1642 189 40 yttranden
974 1640 159 29 förordas
1156 1639 94 29 vissa
1271 1637 227 41 jämkningar
1521 1637 10 28 i
1555 1645 99 29 para-

280 1690 139 40 grafens
441 1689 139 40 lydelse.
604 1688 323 38 Regeringsrättens
949 1685 191 29 ledamöter
1162 1683 203 30 framhåller
1388 1684 49 27 att
1460 1682 41 28 de
1522 1682 10 28 i
1555 1688 99 31 para-

281 1735 121 39 grafen
436 1733 160 30 använda
629 1732 185 39 uttrycken
850 1729 184 31 »straffas>
1071 1729 65 29 och
1170 1728 202 29 >»utdömas»>
1408 1727 75 28 icke
1517 1733 58 31 ger
1605 1726 50 28 ett

281 1780 147 29 adekvat
447 1778 139 39 uttryck
603 1777 55 29 för
675 1775 224 40 stadgandets
916 1776 10 28 i
944 1774 153 29 motiven
1115 1773 151 38 angivna
1282 1771 165 29 funktion
1464 1772 51 28 att
1532 1769 123 38 utgöra

282 1826 48 27 elt
361 1823 127 30 förbud
519 1824 71 27 mot
621 1821 192 29 retroaktiv
844 1818 337 39 strafflagstiftning.
1214 1817 48 29 De
1293 1816 154 29 nämnda
1479 1814 107 29 orden
1617 1814 39 28 är

283 1869 137 28 snarast
441 1866 132 40 ägnade
593 1868 49 26 att
662 1866 79 38 inge
763 1865 64 28 den
849 1862 297 38 föreställningen,
1169 1863 50 27 att
1239 1859 268 30 bestämmelsen
1529 1859 36 28 är
1587 1857 70 29 rik-

281 1913 59 28 tad
362 1911 221 30 uteslutande
605 1910 52 29 till
681 1910 41 28 de
744 1908 172 29 dömande
938 1906 300 39 myndigheterna.
1262 1904 216 38 Föreningen
1502 1902 154 38 Sveriges

283 1955 322 38 häradshövdingar
632 1954 224 37 ifrågasätter
883 1961 55 20 om
966 1951 75 29 icke
1068 1951 10 28 i
1106 1950 18 28 9
1155 1949 26 36 $,
1210 1949 114 29 såsom
1353 1949 90 28 skett
1470 1948 10 28 i
1506 1948 152 27 motsva-

283 2001 107 29 rande
409 1999 242 30 bestämmelse
671 1999 10 28 i
702 1994 494 42 Europarådskonventionen,
1218 1994 62 28 bör
1300 1991 233 40 uttryckligen
1553 1997 105 31 anges

284 2047 49 27 att
352 2045 78 29 med
448 2045 145 38 gärning
612 2042 171 29 likställes
802 2042 84 28 även
905 2037 507 38 underlåtenhetshandlingar.

328 2099 57 28 Ett
414 2107 63 29 par
505 2097 235 37 remissorgan
770 2095 197 28 diskuterar
998 2092 123 38 frågan
1151 2101 56 19 om
1236 2091 93 29 vissa
1358 2089 217 40 principiella
1606 2089 52 27 ut-

285 2143 205 38 vidgningar
508 2151 41 19 av
565 2139 220 40 paragrafen.
804 2138 152 30 Sålunda
973 2146 101 20 anser
1092 2137 85 28 Svea
1194 2136 138 28 hovrätt
1349 2136 49 27 att
1416 2134 56 29 det
1489 2134 69 28 kan
1575 2141 84 19 vara

285 2187 76 29 värt
379 2188 50 27 att
447 2186 167 37 överväga
632 2193 56 20 om
708 2184 86 32 icke,
814 2183 114 29 såsom
948 2182 90 28 skett
1058 2181 10 28 i
1086 2181 67 28 den
1172 2180 129 28 norska
1319 2178 224 39 grundlagen,
1563 2177 10 28 i
1593 2176 68 28 den

286 2240 67 29 nya
374 2229 314 39 regeringsformen
709 2228 61 28 bör
791 2226 133 29 införas
945 2227 48 27 ett
1013 2234 96 19 mera
1129 2223 164 39 generellt
1315 2222 125 29 förbud
1461 2223 72 27 mot
1553 2222 106 27 retro-

287 2275 96 29 aktiv
396 2273 229 39 lagstiftning.
641 2271 212 38 Visserligen
869 2270 96 29 torde
981 2269 97 29 stark
1092 2267 242 30 restriktivitet
1349 2267 172 37 iakttagas
1536 2265 9 28 i
1563 2264 97 38 fråga

287 2328 56 19 om
362 2317 210 30 retroaktiva
590 2315 273 33 bestämmelser,
881 2323 79 19 men
980 2314 55 27 det
1054 2313 69 28 kan
1142 2312 78 28 med
1239 2312 136 37 hänsyn
1393 2310 52 28 till
1465 2310 64 28 den
1549 2311 112 25 utom-

286 2362 192 38 ordenlliga
494 2361 117 28 vikten
629 2360 54 28 för
698 2359 254 36 medborgarna
967 2359 49 27 alt
1031 2359 76 26 veta
1125 2356 41 29 de
1182 2355 157 37 rättsliga
1355 2354 305 28 konsekvenserna

288 2416 40 19 av
349 2407 58 28 sitt
426 2405 197 29 handlande
644 2413 81 20 vara
746 2402 188 38 anledning
954 2403 49 27 att
1024 2400 157 29 starkare
1202 2399 181 28 framhäva
1404 2397 179 39 principen
1604 2404 57 20 om

289 2453 48 27 all
362 2450 212 29 retroaktiva
596 2449 94 37 lagar
714 2448 74 28 icke
811 2447 61 28 bör
897 2446 227 28 förekomma.
1149 2445 79 28 Som
1252 2443 153 37 exempel
1430 2442 43 38 på
1496 2440 166 29 områden

289 2496 61 28 där
370 2495 56 29 det
445 2495 68 28 kan
533 2503 80 19 vara
633 2492 142 29 särskilt
795 2490 257 40 betydelsefullt
1071 2490 49 28 att
1142 2487 188 30 retroaktiv
1350 2486 218 38 lagstiftning
1586 2484 76 29 icke
