2166 2626
344 228 19 28 2
836 225 110 28 Första
960 217 208 49 lagutskottets
1190 222 152 29 utlåtande
1365 221 48 29 Nr
1437 222 26 27 1.

443 297 98 44 Över
574 302 72 37 den
673 314 156 24 numera
855 300 240 37 fullbordade
1123 299 276 47 granskningen
1427 296 57 37 får
1511 297 183 35 utskottet
1720 294 153 37 härmed
1901 306 58 24 av-

344 356 85 45 giva
455 353 204 37 utlåtande.

442 403 476 38 Justitieombudsmannen
959 403 168 36 anmäler
1165 401 13 35 i
1218 399 379 44 ämbetsberättelsen,
1624 402 56 32 att
1705 397 75 35 han
1807 395 80 37 dels
1912 395 49 46 på

339 456 123 47 grund
502 469 47 23 av
590 454 174 47 sjukdom
803 454 99 36 varit
928 452 233 37 urståndsatt
1188 456 55 31 att
1268 456 118 30 utöva
1412 449 163 36 ämbetet
1601 448 120 36 under
1746 446 104 37 tiden
1877 445 83 37 från

340 508 69 36 och
440 506 84 37 med
552 506 73 36 den
653 507 20 34 3
702 506 59 35 till
788 505 69 36 och
884 504 86 36 med
998 503 72 37 den
1099 505 20 33 7
1149 502 97 47 april
1275 502 96 35 1919
1401 500 69 37 och
1498 500 90 45 dels,
1614 498 87 37 med
1727 497 84 37 stöd
1838 510 47 23 av
1913 498 46 34 25

338 556 19 48 &
396 559 14 35 i
449 558 56 35 sin
546 556 239 44 instruktion,
821 555 186 46 begagnat
1033 554 58 46 sig
1117 566 47 23 av
1191 557 174 32 semester
1392 551 119 36 under
1537 550 105 36 tiden
1669 548 83 37 från
1780 548 69 37 och
1875 547 86 37 med

339 609 72 36 den
442 611 17 33 1
484 608 74 46 juli
584 607 60 36 till
674 607 67 36 och
768 606 86 36 med
882 606 71 36 den
984 606 44 35 15
1058 606 148 44 augusti
1229 604 107 44 1919,
1356 607 97 31 samt
1471 607 56 30 att
1544 600 122 37 under
1684 599 165 37 nämnda
1866 598 96 36 tider

338 660 95 35 hans
460 671 47 24 av
533 657 200 46 riksdagen
760 656 155 37 utsedde
942 656 202 47 suppleant
1163 654 68 37 och
1250 652 243 38 efterträdare
1511 650 352 46 häradshövdingen
1882 648 81 37 Nils

338 710 198 45 Wihlborg
562 708 171 37 förestått
760 707 170 37 ämbetet.

441 810 386 37 Ämbetsberättelsen
867 813 185 42 upptager
1083 805 162 37 härefter
1273 806 118 45 enligt
1418 804 227 46 vedertagen
1673 803 162 46 ordning
1860 801 104 37 redo-

340 862 142 46 görelse
508 861 60 36 för
595 861 141 36 sådana
762 865 80 31 mot
870 859 155 36 ämbets-
1053 858 92 36 eller
1170 857 227 46 tjänstemän
1424 855 190 36 anställda
1642 853 85 46 åtal,
1746 866 80 23 som
1845 852 119 37 under

341 913 41 36 år
411 914 95 35 1919
534 912 112 36 blivit
673 910 183 47 avgjorda
883 911 91 35 eller
1001 908 168 47 prövade
1194 908 14 35 i
1234 906 124 46 någon
1386 906 337 36 domstolsinstans.

440 962 477 38 Justitieombudsmannen
944 960 162 45 redogör
1133 958 128 36 vidare
1287 958 13 35 i
1327 957 226 36 berättelsen
1580 955 60 37 för
1659 955 188 45 åtskilliga
1865 961 99 29 ären-

344 1015 83 45 den,
455 1027 79 23 som
565 1014 30 45 ej
625 1013 192 36 föranlett
844 1011 86 37 åtal.

441 1114 173 37 Därefter
655 1113 241 37 omförmälas
938 1125 46 24 av
1019 1109 472 49 justitieombudsmannen
1531 1106 292 38 nedannämnda
1849 1105 117 46 dagar

341 1167 60 35 till
428 1166 135 46 Kungl.
592 1165 107 47 Maj:t
725 1164 153 37 avlåtna
905 1163 208 45 skrivelser,
1139 1161 189 45 nämligen
1356 1160 73 36 den
1459 1160 44 35 18
1532 1171 101 23 mars
1658 1159 96 35 1919
1775 1155 191 47 angående

342 1216 105 47 fråga
475 1230 61 23 om
564 1215 396 45 kristidsförfattnings
988 1212 233 37 fortfarande
1247 1211 174 46 giltighet
1448 1233 47 4 —
1524 1216 95 29 även
1647 1208 114 37 sedan
1785 1208 72 36 den
1874 1208 14 35 i
1907 1214 60 29 öv-

341 1269 76 45 rigt
449 1268 189 46 upphävts
664 1287 51 3 —
740 1265 238 37 beträffande
1005 1263 223 45 förbrytelse
1255 1267 79 31 mot
1361 1260 291 46 författningens
1679 1258 289 45 bestämmelser,

342 1332 82 23 som
465 1317 261 37 dessförinnan
766 1316 146 46 åtalats,
940 1316 71 36 den
1041 1316 46 34 16
1116 1314 73 45 maj
1221 1314 95 34 1919
1346 1325 62 23 om
1435 1310 162 47 ändring
1624 1323 48 24 av
1700 1311 20 35 9
1748 1307 19 48 $
1792 1310 13 35 i
1837 1308 128 46 kungl.

341 1369 268 45 förordningen
654 1368 72 36 den
763 1369 20 35 3
824 1379 101 24 mars
953 1367 96 35 1916
1079 1378 62 23 om
1169 1363 108 37 straff
1300 1362 59 37 för
1386 1361 143 46 olovlig
1554 1360 254 37 varuutförsel
1834 1373 47 23 m.
1909 1372 59 32 m.,

342 1420 73 36 den
456 1422 22 33 4
520 1420 158 36 oktober
720 1420 95 34 1919
859 1416 192 47 angående
1084 1415 154 45 delning
1265 1427 47 22 av
1338 1412 286 37 Västerbottens
1652 1412 111 36 södra
1790 1410 179 45 domsaga

343 1472 91 35 eller
469 1483 125 23 annan
635 1469 131 47 åtgärd
798 1468 59 36 för
883 1467 218 45 minskning
1128 1478 47 23 av
1202 1463 308 37 domhavandens
1538 1461 255 46 arbetsbörda,
1820 1461 72 36 den
1921 1462 45 34 31

343 1522 157 36 oktober
543 1522 96 35 1919
682 1519 192 47 angående
901 1532 44 23 en
974 1517 197 46 ifrågasatt
1196 1513 323 49 polisförfattning
1544 1527 50 22 m.
1621 1527 48 23 m.
1697 1517 97 32 samt
1820 1512 73 36 den
1920 1512 49 35 20

343 1572 194 37 december
581 1572 97 35 1919
721 1569 192 48 angående
946 1567 175 47 åtgärder
1146 1566 60 36 för
1232 1565 277 48 uppehållande
1537 1577 48 24 av
1612 1578 46 22 en
1685 1564 77 46 hög
1786 1562 89 37 nivå
1901 1562 68 35 hos

342 1623 324 46 rättsskipningen
694 1622 64 36 vid
784 1620 320 37 häradsrätterna.

448 1725 14 35 I
488 1723 294 45 fortsättningen
809 1721 160 46 redogör
990 1718 474 49 justitieombudsmannen
1492 1715 60 37 för
1570 1715 73 37 den
1662 1714 128 37 vidare
1808 1713 163 36 behand-

344 1777 125 44 lingen
505 1788 48 23 av
579 1775 101 36 vissa
706 1786 47 23 av
774 1771 471 48 justitieombudsmannen
1272 1769 159 46 tidigare
1457 1768 69 35 hos
1553 1766 129 45 Kungl
1708 1764 104 46 Maj:t
1838 1763 134 46 gjorda

346 1825 335 46 framställningar,
720 1824 79 36 vari
840 1823 119 36 under
999 1821 42 37 år
1083 1823 97 34 1919
1216 1819 133 46 åtgärd
1376 1818 190 46 vidtagits,
1593 1816 191 45 nämligen
1811 1814 160 37 rörande

344 1877 142 46 förslag
526 1888 61 25 om
632 1874 232 37 förbättrade
901 1872 288 38 ämbetslokaler
1215 1870 59 36 för
1300 1869 274 37 landskansliet
1599 1868 14 35 i
1640 1865 231 46 Gävleborgs
1897 1866 75 44 län,

345 1927 107 47 fråga
479 1941 58 22 om
566 1926 175 46 förening
767 1938 48 23 av
842 1925 164 46 tingslag
1027 1923 12 36 i
1067 1922 106 37 Piteå
1199 1921 190 46 domsaga,
1417 1919 161 46 ändring
1597 1930 47 24 av
1664 1919 47 34 20
1730 1914 48 49 $i
1797 1915 175 54 gällande

347 1979 319 45 resereglemente,
694 1975 250 47 omreglering
971 1988 46 22 av
1045 1973 137 46 Marks,
1200 1972 150 36 Vedens
1376 1971 69 36 och
1463 1967 230 47 Bollebygds
1712 1972 97 31 samt
1830 1971 54 33 As
1902 1966 70 36 och

348 2028 143 37 Gäsene
527 2028 212 45 domsagor,
767 2026 161 46 ändring
954 2038 48 23 av
1029 2027 46 33 41
1105 2021 19 49 $
1150 2024 13 36 i
1190 2021 386 38 läkarinstruktionen
1604 2019 72 36 den
1704 2020 47 34 30
1779 2017 194 37 december

351 2081 107 44 1911,
485 2079 167 36 ändrade
678 2078 279 36 bestämmelser
984 2074 193 47 angående
1206 2072 253 37 förordnande
1487 2084 48 23 av
1552 2068 364 48 rättegångsbiträde
1935 2066 38 37 åt

348 2130 150 44 häktad,
535 2130 162 45 ändring
724 2141 47 24 av
798 2131 22 33 4
849 2125 19 49 $
893 2128 13 35 i
934 2127 127 45 kungl.
1089 2124 269 46 förordningen
1387 2123 72 36 den
1489 2124 46 33 14
1564 2120 195 37 december
1787 2120 96 34 1917
1912 2131 61 23 an-

349 2179 141 47 gående
529 2178 232 38 föreskrifter
788 2192 62 22 om
877 2178 215 44 utmätning
1117 2175 60 37 för
1203 2175 132 36 krono-
1363 2174 70 36 och
1459 2169 431 46 kommunalutskylder,
1909 2169 65 36 all-

348 2238 139 29 männa
514 2230 160 47 avgifter
700 2243 47 23 m.
776 2242 58 33 m.,
860 2228 106 46 fråga
993 2241 62 23 om
1083 2225 274 45 överflyttande
1376 2224 83 36 från
1477 2222 265 37 rådhusrätten
1763 2220 13 35 i
1795 2219 179 37 Kristian-

350 2281 83 37 stad
459 2281 59 36 till
544 2282 264 36 rädhusrätten
835 2280 13 35 i
874 2279 140 36 Malmö
1036 2291 48 23 av
1111 2277 126 36 forum
1254 2275 60 37 för
1332 2274 140 47 lagfart
1489 2274 71 36 och
1577 2271 218 45 inteckning
1813 2284 48 23 av
1875 2271 99 46 järn-
