2163 2689
358 212 19 30 6
847 210 316 31 Jordbruksutskottets
1191 210 153 29 Utlåtande
1364 207 52 32 Nr
1438 210 48 30 64.

1052 457 82 50 Nr
1166 458 95 48 64.

949 603 106 26 Ankom
1073 603 42 25 till
1132 602 162 33 Riksdagens
1314 601 84 26 kansli
1416 601 51 26 den
1486 602 31 26 15
1535 601 66 33 april
1620 600 66 27 1910
1702 600 35 26 kl.
1756 602 13 24 1
1789 610 20 17 e.
1829 610 34 16 m.

569 695 196 47 Utlåtande,
794 697 15 35 i
835 695 191 45 anledning
1061 694 44 46 af
1127 693 132 46 Kungl.
1288 693 125 45 Maj:ts
1433 694 224 44 proposition
1684 692 178 47 angående
1886 692 77 47 för-

760 763 157 46 säljning
944 762 40 47 af
1010 762 103 36 mark
1138 761 88 47 från
1255 761 418 36 komministersbostället
1710 760 134 36 Tumba
1869 772 45 23 nr
1941 760 26 35 2

760 834 15 34 i
802 832 185 45 Botkyrka
1017 831 133 36 socken.

1705 896 73 46 (1:a
1804 895 59 48 ÅA.)

460 1054 18 37 I
505 1068 45 23 en
578 1055 71 36 den
679 1055 44 36 18
752 1066 98 24 mars
880 1054 96 35 1910
1003 1053 59 36 till
1087 1052 213 47 Riksdagen
1327 1051 147 47 aflåten,
1499 1052 60 35 till
1581 1050 385 47 jordbruksutskottet

360 1105 59 37 för
461 1106 270 37 förberedande
770 1105 229 45 behandling
1037 1104 181 36 hänvisad
1257 1104 242 46 proposition,
1534 1116 45 22 nr
1617 1104 81 44 137,
1735 1102 68 36 har
1828 1102 137 46 Kungl.

361 1157 102 47 Maj:t
501 1157 119 37 under
659 1156 234 47 åberopande
933 1155 41 36 af
1008 1155 145 46 bilagdt
1191 1155 138 46 utdrag
1368 1153 40 38 af
1431 1153 405 47 statsrådsprotokollet
1863 1153 104 37 öfver

362 1208 393 37 ecklesiastikärenden
781 1207 59 36 för
867 1220 142 23 samma
1036 1207 73 45 dag
1134 1205 192 46 föreslagit
1352 1205 211 46 Riksdagen
1581 1204 199 46 medgifva,

462 1261 75 36 dels
576 1264 55 31 att
670 1259 71 36 den
776 1258 449 37 komministersbostället
1260 1256 146 37 Tumba
1439 1270 46 22 nr
1517 1258 20 34 2
1574 1256 13 35 i
1612 1255 193 45 Botkyrka
1831 1255 135 36 socken

362 1311 236 46 tillhörande,
625 1311 102 36 inom
754 1310 146 36 Tumba
926 1309 354 36 stationssamhälles
1307 1315 151 39 gränser
1474 1308 159 45 belägna
1650 1307 117 45 mark,
1790 1319 80 23 som
1887 1307 81 35 icke

363 1363 117 45 enligt
517 1361 186 37 fastställd
739 1361 191 47 stadsplan
966 1359 184 37 erfordras
1176 1360 60 36 till
1262 1365 117 40 gator,
1405 1365 86 40 torg
1517 1359 90 36 eller
1634 1358 118 36 andra
1779 1358 189 36 allmänna

362 1415 149 45 platser,
549 1413 72 44 må,
655 1413 86 36 med
775 1412 194 46 undantag
994 1411 59 37 för
1079 1410 139 37 sådana
1244 1411 86 36 med
1355 1411 74 36 viss
1456 1410 73 36 tids
1555 1409 298 46 besittningsrätt
1880 1422 88 33 upp-

361 1465 105 36 låtna
516 1465 225 45 lägenheter,
790 1464 128 36 hvilka
965 1463 103 36 inom
1116 1463 122 36 nedan
1291 1461 174 47 angifven
1509 1461 55 36 tid
1608 1460 41 37 af
1688 1460 279 37 vederbörande

363 1515 433 48 lägenhetsinnehafvare
822 1516 151 45 inlösas,
998 1514 84 37 från
1104 1513 451 37 komministersbostället
1572 1511 59 37 för
1649 1512 109 36 alltid
1777 1511 191 37 afsöndras

364 1569 68 35 och
466 1568 60 35 till
552 1567 353 36 stationssamhället
930 1565 86 37 med
1042 1565 218 46 äganderätt
1287 1564 197 37 öfverlåtas
1513 1569 99 31 emot
1639 1576 45 23 en
1710 1563 258 46 köpeskilling,

363 1631 79 24 som
476 1619 14 36 i
525 1618 164 47 enlighet
723 1618 84 36 med
841 1616 280 37 föreskrifterna
1154 1616 14 36 i
1197 1616 137 46 nådiga
1358 1615 268 46 förordningen
1653 1614 189 46 angäende
1863 1614 106 46 jords

364 1671 90 35 eller
492 1670 190 46 lägenhets
719 1669 188 36 afstående
946 1668 59 36 för
1040 1669 156 35 allmänt
1228 1666 116 38 behof
1366 1667 72 36 den
1467 1669 46 33 14
1542 1667 94 46 april
1665 1667 95 35 1866
1789 1666 95 35 skall
1909 1665 61 36 be-

364 1727 174 29 stämmas
576 1720 40 37 af
648 1721 71 35 den
753 1720 150 45 nämnd,
938 1720 153 35 hvilken
1117 1719 134 36 varder
1276 1719 135 35 tillsatt
1436 1717 59 37 för
1520 1716 256 37 fastställande
1803 1715 41 37 af
1866 1717 104 35 lösen

362 1772 60 36 för
449 1772 70 37 den
546 1772 118 46 enligt
682 1771 237 47 stadsplanen
936 1770 61 36 till
1015 1771 189 35 allmänna
1221 1770 140 46 platser
1379 1768 152 37 afsedda
1550 1768 60 36 del
1629 1767 41 37 af
1684 1767 286 37 komministers-

363 1824 192 35 boställets
582 1823 117 46 mark,
728 1823 94 36 dock
848 1827 55 30 att
929 1821 283 46 sammanlagda
1237 1821 296 46 köpeskillingen
1560 1820 80 35 icke
1667 1818 61 36 må
1755 1818 216 46 understiga

365 1875 62 35 det
464 1874 146 47 belopp,
645 1886 79 23 som
761 1872 156 37 erhålles
952 1872 85 36 med
1073 1872 205 45 beräkning
1317 1872 42 35 af
1388 1871 62 36 det
1477 1870 84 36 utaf
1583 1870 387 45 municipalstämman

366 1926 71 36 den
466 1927 45 35 26
540 1925 155 36 oktober
724 1926 96 34 1908
848 1924 190 36 beslutade
1064 1923 211 47 inköpspris
1303 1922 41 36 af
1366 1923 47 35 45
1443 1929 62 29 öre
1531 1921 59 36 för
1616 1921 289 45 kvadratmeter;

466 1977 75 36 dels
571 1977 62 36 ock
664 1981 55 31 att
753 1975 279 37 vederbörande
1065 1975 236 35 intressenter
1326 1975 14 34 i
1365 1973 193 45 Botkyrka
1584 1977 106 31 extra
1716 1972 255 46 provinsiallä-

365 2027 218 37 kardistrikt
610 2027 191 36 äfvensom
829 2026 120 46 öfriga
974 2025 219 37 nuvarande
1218 2024 242 37 innehafvare
1488 2023 41 37 af
1551 2023 212 46 lägenheter
1790 2022 21 36 å
1836 2022 136 36 bostäl-

363 2080 70 36 lets
459 2078 285 47 ifrågavarande
766 2078 88 46 jord
880 2077 61 37 må
966 2076 80 37 före
1071 2075 190 48 utgången
1289 2075 41 37 af
1353 2075 41 36 år
1423 2077 95 35 1915
1548 2074 85 37 med
1660 2073 219 47 äganderätt
1898 2074 74 35 till-

364 2131 80 36 lösa
479 2131 56 45 sig
569 2143 46 23 en
650 2130 93 35 hvar
769 2129 56 36 sin
851 2128 274 37 innehafvande
1152 2128 173 45 lägenhet
1352 2126 92 37 efter
1472 2127 62 36 det
1559 2126 86 47 pris,
1672 2138 79 23 som
1780 2124 41 37 af
1845 2125 127 36 ofvan-

364 2181 159 37 berörda
547 2181 142 36 nämnd
715 2180 65 36 vid
806 2179 267 37 förutnämnda
1098 2179 270 46 uppskattning
1394 2179 75 35 kan
1495 2177 118 37 varda
1638 2176 195 37 bestämdt.

466 2233 74 35 Till
566 2233 83 36 stöd
675 2232 130 36 härför
831 2232 68 36 har
926 2229 409 49 departementschefnn
1359 2230 117 45 enligt
1493 2228 158 38 berörda
1670 2226 302 48 statsrådsproto-

364 2284 80 37 koll
470 2283 150 37 anfördt
646 2282 182 47 följande:
