1940 2790
388 180 187 29 Allmänna
595 180 398 39 beredninysutskottets
1015 181 177 29 utlåtande
1211 190 42 19 nr
1272 182 41 28 48
1332 191 38 19 ar
1391 181 83 29 1966
1658 181 19 27 3

234 260 115 29 Under
379 260 164 29 avsnittet
575 260 360 39 »>Familjepolitiken»
969 261 159 29 förordar
1159 261 260 29 motionärerna
1449 270 42 19 en
1523 261 153 29 försöks-

189 304 221 29 verksamhet
432 304 53 29 för
505 306 49 28 att
576 305 124 29 utröna
722 305 41 29 de
784 305 219 39 lämpligaste
1024 305 178 30 formerna
1224 305 53 29 för
1300 305 149 39 familje-
1470 305 65 29 och
1557 306 118 28 äkten-

190 349 323 39 skapsrådgivning.
542 350 283 39 Socialstyrelsen
853 351 64 29 har
943 351 10 28 i
979 351 181 30 utlåtande
1184 351 66 29 den
1279 351 150 29 3.5.1965
1457 352 79 28 över
1564 351 113 29 famil-

188 393 355 38 jerättskommitténs
582 394 220 29 betänkande
844 395 331 38 »Äktenskapsrätt>
1218 395 9 28 i
1267 395 112 29 denna
1420 395 98 38 fråga
1560 395 116 29 anfört

190 438 171 38 följande:

234 492 101 28 »Man
357 492 62 28 bör
442 493 104 37 enligt
570 493 298 39 socialstyrelsens
891 493 139 39 mening
1054 494 85 28 även
1163 503 34 20 se
1220 494 52 28 till
1296 496 49 27 att
1370 493 306 40 äktenskapsaspi-

189 538 164 27 ranterna
371 536 66 29 blir
456 537 216 29 orienterade
691 547 56 19 om
766 538 42 28 de
828 538 220 38 möjligheter
1067 539 52 28 till
1139 540 49 28 att
1209 538 111 39 själva
1339 539 132 38 reglera
1491 538 185 29 äktenska-

189 582 74 36 pets
288 581 301 39 rättsverkningar
616 591 72 20 som
715 582 174 29 institutet
915 583 336 38 äktenskapsförord
1277 584 134 38 öppnar
1437 585 89 27 samt
1553 592 57 20 om
1636 583 40 28 de

188 625 204 38 rättigheter
419 626 63 28 och
511 626 235 39 skyldigheter
775 635 74 21 som
877 645 43 2 —
946 636 57 20 om
1032 627 337 39 äktenskapsförord
1396 628 75 29 icke
1500 628 107 29 slutes
1634 645 35 3 —

189 669 154 29 inträder
361 670 106 38 enligt
485 670 324 39 giftermålsbalken
827 671 65 29 och
911 672 235 29 ärvdabalken
1164 672 56 29 vid
1239 672 250 39 äktenskapets
1508 672 168 39 ingående

189 714 63 28 och
276 714 221 39 upplösning.
521 715 49 29 De
593 715 61 29 bör
678 716 85 28 även
786 725 83 20 vara
892 716 216 29 orienterade
1131 725 58 21 om
1212 717 56 29 det
1294 717 111 39 skydd
1430 726 73 20 som
1529 717 148 29 erhålles

189 765 123 31 genom
331 759 99 37 lagen
447 768 57 20 om
522 759 130 29 allmän
671 759 201 40 försäkring
889 761 82 29 eller
989 761 69 29 kan
1077 761 150 30 erhållas
1246 769 123 31 genom
1388 762 134 38 privata
1542 761 134 30 försäk-

188 802 127 39 ringar.
338 803 167 39 Slutligen
525 803 62 30 bör
607 805 41 28 de
668 805 192 29 orienteras
881 805 94 30 såväl
995 815 57 20 om
1073 806 367 39 upplysningsplikten
1463 815 74 20 som
1558 815 57 21 om
1636 807 40 28 de

189 850 262 29 bestämmelser
470 861 74 20 som
562 854 202 36 garanterar
783 852 235 38 fullgörandet
1036 861 42 20 av
1094 852 114 29 denna
1227 851 196 40 skyldighet
1447 851 35 34 (5
1501 852 79 38 kap.
1603 852 34 28 11
1660 851 15 35 $

189 895 53 28 GB
271 897 90 27 samt
389 895 283 39 vidianteckning
700 897 43 38 på
771 896 121 29 makes
919 896 250 34 deklaration).
1209 896 284 39 Socialstyrelsen
1521 896 59 29 vill
1609 896 67 29 för-

188 940 85 28 orda
297 942 49 27 att
371 949 81 20 man
476 941 184 38 överväger
684 941 43 38 på
750 941 106 29 vilket
882 941 66 29 sätt
973 950 42 20 en
1040 941 95 39 dylik
1159 941 212 38 orientering
1395 940 188 39 lämpligen
1608 941 68 29 kan

190 984 176 29 meddelas
387 993 164 30 personer
572 993 74 21 som
668 985 70 29 står
759 986 11 28 i
789 985 150 39 begrepp
959 988 50 27 att
1030 986 80 38 ingå
1130 986 226 38 äktenskap.»

233 1037 50 29 Då
310 1047 81 19 man
419 1047 45 19 nu
492 1038 231 30 aktualiserar
751 1039 123 38 frågan
901 1048 57 20 om
986 1039 149 39 familje-
1162 1039 64 29 och
1254 1040 422 38 äktenskapsrådgivning

189 1082 61 28 bör
266 1082 274 29 informationen
553 1092 57 20 om
627 1083 249 39 äktenskapets
892 1084 300 39 rättsverkningar
1208 1084 251 39 kompletteras
1474 1085 79 29 med
1569 1084 107 29 infor-

190 1126 131 28 mation
343 1127 86 28 även
451 1136 56 20 om
531 1127 234 29 samlevnads-
788 1128 65 29 och
877 1128 371 39 uppfostringsfrågor.
1272 1129 150 29 Behovet
1445 1138 42 20 av
1510 1129 166 29 informa-

188 1170 74 29 tion
285 1171 9 28 i
317 1171 361 39 uppfostringsfrågor
701 1172 63 29 har
789 1173 112 29 starkt
924 1173 262 30 understrukits
1208 1181 124 31 genom
1357 1174 41 29 de
1421 1174 110 28 under
1556 1182 120 21 senare

188 1215 50 28 tid
259 1215 155 30 aktuella
433 1215 444 32 barnmisshandelsfallen,
901 1218 11 29 I
934 1218 70 29 viss
1026 1218 243 39 utsträckning
1292 1219 88 29 skall
1402 1218 106 39 enligt
1529 1218 147 39 läropla-

189 1268 66 19 nen
281 1260 54 29 för
360 1261 239 37 grundskolan
623 1261 92 30 vissa
741 1262 256 39 familjefrågor
1022 1263 192 30 behandlas
1239 1264 11 28 i
1275 1264 117 29 ämnet
1418 1263 258 30 samhällskun-

190 1307 86 38 skap
292 1308 9 28 i
317 1307 155 29 årsklass
488 1307 19 28 8
523 1317 42 19 av
581 1307 250 38 grundskolan.
848 1308 78 29 Med
941 1308 137 39 hänsyn
1096 1308 51 29 till
1163 1308 266 39 ifrågavarande
1445 1308 130 29 elevers
1592 1316 84 30 ung-

188 1351 83 29 dom
302 1351 56 32 (15
387 1351 54 33 år)
473 1351 110 29 måste
611 1352 191 29 emellertid
831 1352 259 38 grundskolans
1117 1352 250 39 undervisning
1394 1353 10 29 i
1431 1353 100 29 dessa
1560 1353 116 38 frågor

189 1396 249 38 kompletteras
458 1396 11 28 i
488 1405 42 19 en
551 1396 95 29 ålder
667 1396 44 29 då
732 1397 418 38 äktenskapsbildningen
1163 1398 97 28 blivit
1273 1406 74 20 mer
1359 1398 130 28 aktuell
1502 1397 65 29 och
1579 1398 44 28 då
1635 1397 41 29 de

189 1447 91 30 unga
302 1441 85 27 även
411 1440 8 28 i
440 1440 109 38 övrigt
571 1440 63 29 har
657 1441 109 28 större
789 1441 293 38 förutsättningar
1104 1444 50 27 att
1175 1442 227 38 tillgodogöra
1426 1442 50 38 sig
1498 1442 178 29 undervis-

189 1484 82 38 ning
293 1494 43 19 av
357 1484 63 29 här
443 1484 266 38 ifrågavarande
733 1485 82 38 slag.
839 1485 137 38 Frågan
998 1495 56 20 om
1079 1486 218 39 lämpligaste
1321 1487 102 29 sättet
1447 1489 49 27 att
1520 1487 157 29 anordna

189 1528 108 28 sådan
319 1528 227 29 information
569 1530 37 28 är
626 1529 192 29 emellertid
840 1530 75 29 icke
937 1530 142 29 lättlöst.
1101 1531 175 29 Måhända
1297 1532 69 28 kan
1388 1531 55 29 det
1465 1541 83 20 vara
1569 1531 108 39 lämp-

189 1572 59 38 ligt
273 1575 49 27 att
347 1573 66 28 den
438 1573 236 38 organisation
700 1574 53 28 för
778 1574 315 39 vuxenutbildning
1117 1584 119 21 varom
1263 1576 413 39 gymnasieutredningen

189 1617 138 39 nyligen
344 1617 163 39 framlagt
524 1618 130 38 förslag
670 1618 177 29 anförtros
864 1619 113 29 denna
994 1620 147 38 uppgift.
1159 1620 283 40 Socialstyrelsen
1460 1630 101 20 anser
1574 1621 101 29 önsk-

189 1662 75 28 värt
284 1664 49 26 att
356 1662 122 38 frågan
499 1662 161 29 närmare
681 1663 129 29 utreds.

232 1709 259 29 Motionärerna
514 1709 62 29 har
601 1710 10 28 i
635 1709 228 30 förevarande
886 1710 129 29 avsnitt
1039 1711 85 28 även
1148 1711 115 29 berört
1289 1711 122 38 frågan
1435 1720 57 20 om
1516 1711 160 39 åtgärder

191 1754 52 28 för
261 1754 382 38 uppmärksammande
661 1764 41 19 av
719 1754 151 29 barnens
888 1754 168 39 psykiska
1073 1755 99 29 hälsa
1189 1755 65 29 och
1272 1756 200 38 utveckling
1490 1756 9 29 i
1518 1756 158 39 daghem,

189 1798 157 29 lekskola
366 1798 64 28 och
451 1798 224 38 grundskola.
696 1798 259 31 Motionärerna
977 1799 160 29 förordar
1157 1809 42 19 en
1220 1800 322 30 landsomfattande
1563 1803 113 27 veten-

190 1842 135 37 skaplig
349 1842 262 38 undersökning
636 1852 40 19 av
700 1843 169 38 psykiska
894 1843 197 38 störningar
1116 1844 64 29 hos
1204 1844 120 29 clever.

233 1890 119 38 Någon
383 1891 96 38 dylik
511 1891 320 29 landsomfattande
866 1892 261 38 undersökning
1157 1902 102 19 anser
1292 1893 278 39 socialstyrelsen
1602 1895 74 28 icke

189 1934 173 38 påkallad.
388 1934 163 29 Däremot
578 1935 36 28 är
639 1935 56 29 det
721 1935 167 30 önskvärt
914 1938 49 27 att
989 1946 79 19 man
1095 1945 124 29 genom
1246 1937 146 38 löpande
1419 1938 191 29 kontroller
1636 1948 41 19 av

189 1979 92 27 såväl
308 1978 241 29 förskolebarn
577 1988 74 20 som
677 1979 163 29 skolbarn
869 1980 135 29 skaffar
1031 1981 50 37 sig
1106 1981 182 38 möjlighet
1314 1984 49 26 att
1390 1982 176 38 upptäcka
1592 1984 84 28 stör-

190 2023 131 37 ningar.
346 2023 10 28 I
380 2023 68 28 viss
471 2023 243 39 utsträckning
736 2024 95 29 finns
853 2025 106 28 redan
982 2034 46 19 nu
1051 2034 41 19 en
1116 2026 108 29 sådan
1247 2026 163 29 kontroll.
1442 2027 63 29 Det
1528 2028 148 29 allvarli-

188 2069 94 35 gaste
305 2067 138 29 hindret
468 2070 68 26 mot
560 2077 40 19 en
625 2068 198 38 utbyggnad
847 2079 41 19 av
910 2069 114 30 denna
1047 2069 147 39 löpande
1217 2071 222 29 verksamhet
1462 2072 37 28 är
1522 2073 153 28 emeller-

190 2115 45 28 tid
256 2115 130 28 bristen
408 2115 42 38 på
470 2115 176 38 psykiater
665 2115 64 29 och
750 2116 206 37 psykologer
981 2116 336 38 (skolpsykologer).
1338 2117 79 28 Man
1439 2116 63 29 bar
1522 2117 153 28 emeller-

190 2159 46 28 tid
255 2159 125 28 räknat
399 2160 76 28 med
494 2161 48 27 att
560 2160 87 28 efter
665 2160 92 28 hand
778 2160 33 28 få
831 2160 7 28 i
857 2160 89 37 gång
964 2160 149 28 kontroll
1133 2160 64 29 och
1215 2161 206 37 rådgivning
1440 2161 9 28 i
1467 2161 208 29 hithörande

190 2203 115 36 frågor
328 2203 55 28 vid
406 2203 433 29 barnavårdseentralerna
864 2204 52 28 för
939 2204 84 28 barn
1049 2205 7 27 i
1079 2205 66 28 alla
1169 2205 116 28 åldrar
1309 2214 69 29 upp
1401 2205 50 28 till
1477 2205 198 29 skolåldern

194 2247 164 28 (sålunda
379 2247 83 28 även
485 2247 52 28 för
557 2247 131 28 barnen
709 2248 9 28 i
738 2248 274 37 barnstugorna)
1036 2248 63 28 och
1120 2249 57 28 vid
1196 2249 65 28 den
1283 2249 248 38 obligatoriska
1553 2250 122 28 skolan

191 2291 51 26 för
267 2290 85 28 barn
381 2291 6 27 i
415 2290 208 29 skolåldern.
649 2291 294 37 Överläggningar
969 2293 147 27 rörande
1142 2302 40 18 en
1212 2293 196 37 utveckling
1435 2293 8 28 i
1470 2293 95 38 dylik
1592 2294 82 28 rikt-

189 2334 81 37 ning
293 2334 62 28 har
381 2334 115 29 inlelts
521 2335 125 28 mellan
671 2338 279 35 representanter
975 2337 53 27 för
1053 2336 287 39 socialstyrelsen,
1367 2338 308 38 medieinalslyrel-

189 2387 57 18 sen
268 2378 63 28 och
354 2378 340 39 skolöverstyrelsen.
716 2380 50 27 En
790 2380 148 28 särskild
962 2380 186 38 utredning
1167 2381 148 28 rörande
1338 2381 267 38 möjligheterna
1626 2384 49 27 alt

190 2422 206 37 förverkliga
422 2423 63 27 den
511 2423 158 38 åsyftade
695 2423 240 38 utvecklingen
961 2424 137 29 särskilt
1126 2425 62 28 vad
1214 2425 171 29 beträffar
1411 2426 263 37 personalbeho-

190 2468 49 26 vel
263 2467 36 27 är
319 2467 86 27 dock
429 2468 49 27 väl
503 2467 198 29 motiverad.

234 2511 113 28 Under
374 2511 163 28 rubriken
566 2512 279 37 Socialpolitiken
875 2513 202 28 framhåller
1104 2514 257 29 motionärerna
1389 2517 45 26 alt
1465 2515 141 29 behovet
1634 2525 41 18 av

195 2564 31 27 Ivo
295 2564 134 38 Bihang
447 2565 50 28 till
515 2565 202 38 riksdagens
736 2566 175 38 protokoll
932 2567 90 28 1966.
1046 2567 33 28 11
1099 2568 98 28 saml.
1216 2569 47 27 Nr
1285 2569 37 27 48
