2125 2654
323 192 40 31 36
452 192 117 32 Andra
593 191 215 34 Kommarens
832 192 181 42 Tillfälliga
1045 192 138 34 Utskotts
1206 193 78 41 (N:o
1307 195 30 40 1)
1370 192 175 35 Utlåtande
1568 194 61 32 N:o
1652 197 50 30 10.

279 273 72 36 helt
378 271 144 50 lindrig,
551 273 151 36 särskild
731 274 166 48 pröfning
925 273 11 36 i
964 273 87 37 latin
1080 274 116 35 kunde
1226 274 35 36 få
1290 287 88 35 egna
1407 275 53 48 sig
1488 275 36 35 åt
1540 275 242 47 läkarekallet,
1799 289 78 24 men

274 327 63 47 jag
365 338 54 24 ser
447 326 106 47 ingen
587 326 76 36 fara
692 327 82 36 deri.
829 326 111 37 "Tvärt
968 339 55 24 om
1051 326 113 37 skulle
1193 331 47 32 ett
1268 327 126 36 sådant
1422 327 218 37 förhållande
1668 328 208 48 möjliggöra

279 392 43 23 en
350 379 159 49 praktisk
537 379 140 47 lösning
706 381 33 34 at
768 379 124 48 frågan
922 392 54 24 om
992 380 140 36 latinets
1149 380 264 48 nödvändighet
1428 380 63 36 och
1509 381 142 48 möjliga
1669 381 206 37 företräden.

278 432 187 36 Dessutom
494 444 103 36 synes
627 432 58 37 det
712 433 70 47 mig
807 433 181 47 verkligen
1017 445 84 23 vara
1130 445 40 23 en
1201 437 71 32 stor
1301 433 93 36 vinst
1409 445 54 24 om
1482 434 202 48 ynglingar,
1700 446 72 24 som
1789 435 88 35 visat

279 485 54 47 sig
372 485 106 36 hafva
521 485 95 36 svårt
657 486 53 35 för
737 485 139 36 latinets
906 485 162 47 studium,
1099 498 76 23 men
1205 486 155 36 deremot
1388 498 65 34 ega
1477 486 171 36 fallenhet
1675 487 53 36 för
1756 492 119 31 natur-

280 538 276 47 vetenskaperne
585 537 65 37 och
674 538 71 47 håg
769 539 53 35 för
850 538 241 47 läkarekallet,
1120 538 29 48 ej
1180 539 37 35 af
1241 539 144 47 onödigt
1414 543 94 32 stora
1533 539 199 48 fordringar
1753 540 11 35 i
1786 539 89 36 latin

279 590 205 36 afskräckas
526 590 84 36 eller
647 590 143 37 hindras
832 591 76 36 från
951 596 51 30 att
1045 591 142 36 beträda
1216 604 42 23 en
1288 592 102 46 bana,
1420 592 51 35 för
1500 591 145 37 hvilken
1675 593 41 35 de
1742 592 134 36 kanske

281 643 244 37 företrädesvis
555 643 104 36 hafva
687 644 69 47 håg
784 644 64 36 och
878 643 176 37 fallenhet.

407 695 53 34 På
497 707 133 23 samma
671 697 95 45 gång
803 696 63 46 jag
907 697 28 44 ej
973 697 69 33 kan
1072 708 34 22 se
1136 696 116 45 någon
1281 697 153 45 egentlig
1462 697 76 34 fara
1567 697 37 34 af
1629 709 42 22 en
1701 697 174 46 väsentlig

280 746 202 48 minskning
523 747 10 36 1
562 746 41 37 de
633 759 47 24 nu
703 747 53 36 för
784 746 152 37 idkande
965 747 38 37 af
1027 747 214 37 medicinska
1270 747 132 37 studier
1430 747 168 49 stadgade
1626 747 249 49 fordringarna

278 800 12 34 1
317 799 99 48 latin,
441 804 72 31 tror
533 800 63 47 jag
620 801 73 46 mig
721 801 156 35 deremot
905 800 37 35 af
966 813 43 23 en
1037 801 108 35 sådan
1171 800 122 46 åtgärd
1323 802 120 34 kunna
1459 800 135 49 hoppas
1609 801 155 47 verkligt
1779 813 95 36 gagn

278 852 52 35 för
367 852 345 47 läkarebildningen;
754 852 64 36 och
858 853 63 47 jag
962 853 70 35 kan
1062 853 29 47 ej
1127 853 237 47 undertrycka
1392 853 67 36 den
1484 854 141 45 tanken,
1649 858 52 30 att
1728 853 147 36 läkaren

277 904 90 36 både
396 904 111 37 under
536 904 53 36 sin
618 904 163 37 studietid
809 904 64 37 och
902 905 10 35 i
942 905 53 36 sin
1023 905 161 36 framtida
1213 904 224 37 verksamhet
1461 904 88 37 skall
1579 905 83 36 reda
1691 905 53 48 sig
1762 906 112 36 bättre

278 957 77 35 med
381 957 135 36 mindre
545 957 145 47 insigter
718 958 10 34 1
757 957 88 36 latin
874 957 65 36 och
967 962 111 31 större
1107 957 203 48 kunskaper
1338 958 8 35 1
1373 958 110 35 andra
1512 961 138 32 ämnen.

408 1008 111 37 Dessa
561 1010 108 35 andra
689 1013 146 33 .ämnen
870 1014 60 31 äro
959 1010 74 47 just
1061 1010 141 48 sådana,
1232 1022 73 24 som
1334 1010 163 36 realisten
1526 1010 244 37 företrädesvis
1798 1011 77 36 haft

278 1062 136 37 tillfälle
444 1066 52 31 att
523 1062 166 46 inhemta,
718 1063 176 47 nemligen
923 1062 162 36 lefvande
1113 1063 116 48 språk,
1260 1063 212 41 matematik,
1502 1062 94 48 fysik
1624 1063 63 36 och
1717 1062 104 36 kemi.

410 1114 127 37 Medan
568 1127 80 23 man
678 1115 106 35 fäster
812 1121 70 30 stor
911 1114 76 47 vigt
1015 1115 132 46 dervid,
1172 1119 49 32 att
1249 1116 66 35 den
1345 1115 176 36 blifvande
1539 1115 145 36 läkaren
1701 1116 69 35 kan
1788 1116 85 47 möj-

278 1168 109 44 ligast
429 1167 144 34 korrekt
613 1167 115 35 utföra
770 1168 74 34 sina
887 1167 352 47 öfversättningsprof
1274 1168 77 34 från
1376 1167 151 35 svenska
1556 1167 52 35 till
1638 1167 94 43 latin,
1762 1168 110 35 finnes

279 1220 58 35 det
365 1218 56 36 väl
450 1218 174 48 knappast
653 1231 40 23 en
723 1219 104 35 bland
858 1218 56 46 tio,
944 1230 72 24 som
1045 1219 217 46 någorlunda
1290 1218 231 37 obehindradt
1549 1218 150 37 skrifver
1728 1223 49 32 ett
1797 1219 79 36 bref

277 1272 45 47 på
346 1272 133 35 ettdera
504 1271 37 34 af
566 1271 40 34 de
637 1273 19 35 3
686 1271 288 48 kulturspråken;
1004 1271 62 35 och
1096 1271 124 36 medan
1249 1284 81 22 man
1359 1271 137 35 fordrar
1516 1276 51 30 att
1583 1271 182 36 studenten
1783 1272 91 36 skall

278 1325 120 34 kunna
440 1323 187 35 öfversätta
664 1324 177 43 åtskilliga
882 1323 152 35 latinska
1076 1323 194 48 författare,
1302 1323 69 35 kan
1405 1323 69 35 han
1503 1323 112 36 sällan
1643 1324 45 47 på
1707 1324 166 46 original-

277 1376 142 48 språket
460 1375 218 47 någorlunda
707 1374 232 37 obehindradt
967 1375 72 36 läsa
1068 1375 41 35 de
1142 1381 93 30 stora
1269 1375 258 36 kulturfolkens
1560 1381 165 42 yppersta
1754 1376 118 36 skrift-

278 1429 150 34 ställare.

407 1479 66 36 Det
501 1492 102 35 synes
633 1480 69 45 mig
727 1480 28 48 ej
786 1492 108 34 gerna
924 1480 164 36 tänkbart
1115 1485 51 31 att
1194 1484 49 32 ett
1264 1480 123 36 sådant
1403 1480 219 36 förhållande
1641 1481 69 35 kan
1727 1485 147 33 stämma

278 1533 56 35 väl
365 1532 159 35 öfverens
549 1533 75 34 med
654 1533 41 33 de
721 1533 166 46 anspråk,
918 1545 80 22 man
1028 1545 46 22 nu
1102 1533 53 34 för
1184 1533 94 35 tiden
1308 1533 120 35 ställer
1456 1533 44 47 på
1528 1546 43 22 en
1600 1533 100 48 hvar,
1721 1546 73 23 som
1811 1534 62 35 vill

276 1596 100 23 anses
418 1596 63 34 ega
524 1596 41 23 en
608 1584 108 44 högre
758 1584 85 45 grad
870 1585 37 35 af
940 1584 292 47 allmänbildning
1260 1606 48 5 —
1338 1584 146 36 sålunda
1513 1585 100 36 äfven
1643 1587 44 46 på
1716 1585 156 37 läkaren.

277 1637 73 35 Och
393 1637 101 35 äfven
539 1637 52 35 för
634 1637 41 34 de
719 1637 211 35 medicinska
964 1637 261 35 fackstudierna
1259 1649 104 36 synas
1392 1637 71 47 mig
1492 1638 111 35 ökade
1632 1638 201 48 kunskaper
1860 1638 11 35 i

277 1689 160 35 lefvande
481 1689 103 46 språk
620 1701 84 23 vara
738 1690 207 34 önskvärda.
998 1690 123 46 Ingen,
1152 1701 72 23 som
1254 1689 61 35 will
1344 1689 132 36 utbilda
1505 1690 52 46 sig
1586 1690 51 35 till
1666 1703 41 22 en
1736 1690 136 47 kunnig

277 1741 132 44 läkare,
451 1740 63 36 och
544 1741 119 47 ingen,
698 1753 72 23 som
800 1741 86 36 efter
915 1741 170 36 afslutade
1113 1740 135 37 studier
1275 1741 62 36 vill
1361 1741 86 48 följa
1476 1742 75 36 med
1581 1743 51 38 sin
1662 1743 209 48 vetenskaps

277 1794 214 45 ntveckling,
533 1794 69 34 kan
644 1794 157 34 undvara
843 1795 163 42 temligen
1048 1794 90 46 goda
1180 1794 200 47 kunskaper
1413 1795 11 34 i
1458 1795 41 35 de
1534 1796 20 34 3
1585 1794 285 48 kulturspråken,

276 1845 183 45 engelska,
501 1844 142 36 franska
682 1845 64 36 och
776 1846 116 46 tyska;
922 1845 62 36 och
1015 1846 109 35 under
1153 1846 128 35 sådana
1311 1845 243 37 förhållanden
1583 1846 63 36 har
1670 1846 63 48 jag
1763 1846 109 36 under

277 1898 70 34 min
379 1897 339 35 lärareverksamhet
751 1897 115 35 funnit
895 1898 56 34 det
980 1910 81 22 vara
1091 1910 41 22 en
1163 1897 136 47 verklig
1328 1898 97 48 brist,
1454 1903 51 31 att
1532 1898 82 36 flere
1645 1898 120 36 medic.
1799 1903 71 31 stu-

275 1949 151 35 derande
456 1949 28 47 ej
516 1955 58 39 egt
603 1949 108 44 några
740 1950 82 34 eller
851 1950 120 34 endast
998 1950 72 35 helt
1098 1950 199 48 obetydliga
1327 1950 199 48 kunskaper
1554 1951 11 35 i
1582 1950 171 47 engelska
1772 1951 97 48 språ-

276 2002 67 36 ket.
400 2002 67 34 Det
508 2006 38 30 är
585 2002 54 34 väl
682 2009 87 38 sant,
809 2006 49 31 att
895 2002 113 35 denna
1039 2002 83 35 brist
1150 2003 163 45 temligen
1344 2003 63 35 lätt
1434 2003 69 35 kan
1528 2003 124 35 efteråt
1680 2002 190 48 afhjelpas;

275 2066 77 23 men
382 2054 95 34 detta
506 2053 135 36 fordrar
670 2054 87 35 dock
788 2054 94 35 alltid
913 2054 61 46 tid,
1004 2053 64 37 och
1099 2054 65 36 den
1195 2054 215 37 medicinska
1438 2055 245 36 studiekursen
1708 2059 38 32 är
1762 2055 107 36 redan

274 2106 93 35 förut
396 2106 36 35 så
457 2106 92 45 lång,
579 2113 50 28 att
657 2107 65 33 den
753 2106 27 47 ej
812 2107 61 34 bör
902 2106 201 48 ytterligare
1129 2107 176 45 förlängas
1322 2109 75 34 med
1415 2108 198 35 inlärandet
1628 2107 38 36 af
1679 2107 56 36 det
1750 2107 117 48 språk,

274 2158 45 47 på
347 2158 135 34 hvilket
511 2158 145 45 somliga
687 2158 203 35 läroböcker
919 2162 60 31 äro
1009 2159 193 34 författade.

403 2209 60 35 Ett
491 2210 124 35 -ådant
643 2210 119 35 arbete
788 2211 60 34 bör
876 2210 92 36 helst
995 2223 84 22 vara
1110 2211 235 47 undangjordt
1372 2211 106 35 redan
1508 2211 11 36 i
1548 2212 135 45 skolan,
1712 2211 63 36 och
1792 2224 75 23 rea-

274 2261 113 42 listen,
430 2274 72 23 som
545 2262 10 34 i
597 2261 190 36 allmänhet
820 2266 38 31 är
887 2274 91 23 mera
1010 2262 134 46 kunnig
1172 2263 10 36 i
1212 2263 165 36 moderna
1406 2263 114 49 språk,
1548 2263 64 36 har
1640 2263 134 36 derföre
1803 2264 64 35 ock

275 2314 122 34 lättare
427 2323 48 25 att
500 2315 80 33 reda
610 2315 53 46 sig
693 2315 74 33 med
798 2315 41 34 de
868 2315 8 34 i
907 2315 190 35 allmänhet
1125 2315 44 48 på
1199 2316 214 35 främmande
1438 2316 104 48 språk
1559 2316 183 36 författade
1758 2316 107 35 medi-

273 2366 119 34 cinska
424 2366 258 35 läroböckerna.
