2122 2655
334 207 40 32 70
417 202 21 54 —
458 207 120 33 Andra
600 206 218 34 Kammarens
843 207 181 43 Tillfälliga
1052 208 138 34 Utskolts
1209 209 80 42 (N:o
1312 210 36 42 1)
1377 209 172 34 Utlåtande
1572 211 61 33 N:o
1657 212 50 31 10.

285 301 73 24 som
387 288 45 49 på
460 289 205 49 någondera
706 289 200 37 Jlatinlinien
940 290 107 48 aflagt
1075 290 361 37 maturitets-examen
1467 291 66 37 och
1557 291 59 37 vid
1640 292 242 38 universitetet

283 342 111 36 önska
421 341 140 49 aflägga
585 342 66 37 den
681 342 397 38 medicinsk-filosofiska
1103 355 158 36 examen,
1290 343 180 38 vördsamt
1492 344 144 39 föreslå:

416 398 55 34 1:o
508 399 50 32 att
602 396 101 36 deras
749 395 243 37 matematiska
1038 397 146 47 insigter
1229 397 111 46 skola,
1374 398 135 36 utöfver
1536 398 93 36 hvad
1658 399 110 47 enligt
1803 400 75 47 gäl-

282 447 104 36 lande
422 448 204 47 skolstadga
655 449 10 35 i
694 449 345 36 maturitetsexamen
1081 449 186 48 erfordras,
1296 450 145 36 omfatta
1470 463 42 24 en
1541 451 166 48 grundlig
1734 452 107 47 insigt
1867 453 11 35 i

282 501 195 36 elementen
509 501 37 36 af
575 502 67 36 den
671 502 107 48 plana
819 502 286 48 trigonometrien
1146 503 151 45 (således
1325 503 149 37 förutom
1501 504 66 36 den
1596 504 142 48 vanliga
1765 504 112 37 inled-

281 554 132 47 ningen
442 566 56 24 om
526 554 42 36 de
598 555 308 47 trigonometriska
939 555 230 47 storheterna,
1200 556 212 47 behandling
1440 557 38 36 af
1502 557 284 48 de-:rätvinkliga
1815 558 61 36 tri-

281 607 171 47 anglarna
493 610 89 33 samt
622 608 42 35 de
698 607 143 36 enklare
869 608 106 36 fallen
1003 608 38 36 af
1065 608 245 49 snedvinkliga
1339 609 196 49 trianglar),
1564 610 181 37 äfvensom
1774 611 104 36 säker

281 660 196 35 kännedom
519 672 55 24 om
603 661 42 35 de
673 661 107 35 första
808 662 202 46 grunderna
1051 662 149 35 rörande
1237 662 253 48 logaritmerna
1518 668 90 31 samt
1634 664 161 47 praktisk
1824 664 51 35 öf-

281 712 87 45 ning
409 712 11 34 i
451 712 273 47 användningen
766 712 37 35 af
839 713 42 34 de
922 713 243 46 logaritmiska
1205 713 65 35 och
1317 713 308 47 trigonometriska
1666 714 208 49 tabellerna,

279 762 146 37 hvarvid
464 763 181 49 5-ställiga
674 764 144 37 tabeller
847 768 61 33 äro
937 764 78 37 fullt
1042 765 228 48 tillräckliga;

410 816 72 49 2:0)
525 820 50 32 att
615 818 99 47 intyg
738 829 55 23 om
819 818 122 47 dylika
969 818 201 48 kunskaper
1199 819 98 35 skola
1325 818 125 37 företes
1479 823 117 32 senast
1623 820 57 35 vid
1709 820 164 35 anmälan

277 867 53 36 till
356 880 165 25 examens
550 869 207 48 afläggande
786 870 64 35 och
879 882 83 23 vara
991 870 133 47 afgifna
1152 870 86 36 efter
1266 871 226 48 förutgånget
1520 871 154 36 enskildt
1701 872 119 36 förhör
1839 873 39 35 af

277 920 116 48 någon
423 934 83 23 vare
546 922 54 47 sig
630 922 203 36 akademisk
862 922 112 37 lärare
1003 922 94 37 inom
1126 924 41 34 de
1197 924 247 36 matematiska
1471 928 149 32 ämnena
1648 924 85 37 eller
1759 924 115 37 lektor

276 973 12 35 i
314 974 201 36 matematik
545 975 55 35 vid
630 975 108 47 något
766 975 38 35 af
827 975 107 36 rikets
962 975 108 48 högre
1095 975 364 49 elementarläroverk,
1487 977 134 36 hvilket
1648 977 120 36 förhör
1784 977 89 36 dock

277 1026 63 35 bör
368 1030 64 32 när
460 1039 74 24 som
563 1027 101 48 helst,
693 1028 86 35 efter
809 1027 125 36 mellan
959 1028 219 37 examinator
1206 1028 64 37 och
1299 1030 212 36 examinand
1541 1029 127 37 träffad
1693 1030 179 37 öfverens-

277 1079 202 47 kommelse,
508 1080 120 35 kunna
652 1080 34 35 få
714 1080 177 36 anställas.

404 1131 55 36 Då
501 1132 56 47 jag
597 1132 53 37 för
691 1132 68 36 den
802 1131 612 51 matematisk-naturvetenskapliga
1442 1135 181 36 sektionen
1651 1148 49 23 nu
1727 1135 146 36 föreslår

277 1183 52 35 till
352 1184 210 36 förordande
586 1185 101 35 dessa
715 1185 209 46 fordringar,
947 1185 55 35 bör
1020 1185 58 48 jag
1095 1186 165 35 särskildt
1275 1186 88 36 fästa
1383 1187 352 48 uppmärksamheten
1752 1187 119 49 derpå,

275 1239 52 31 att
368 1236 41 34 de
447 1239 61 33 äro
536 1237 11 34 i
575 1237 174 46 väsentlig
786 1237 82 34 mån
902 1237 146 45 mindre,
1076 1242 44 31 än
1145 1237 90 36 hvad
1265 1239 143 47 betyget
1435 1240 164 46 godkänd
1628 1240 11 35 i
1668 1240 202 34 matematik

274 1287 46 48 på
347 1287 67 36 den
442 1289 95 35 reala
565 1289 107 36 linien
700 1289 10 36 i
739 1289 53 46 sig
820 1289 155 36 innebär.
1028 1290 83 35 Men
1140 1290 64 47 jag
1237 1290 61 37 bör
1327 1291 65 35 ock
1421 1291 148 49 påpeka,
1598 1296 51 31 att
1676 1292 41 35 de
1745 1296 126 42 utgöra

275 1340 58 35 det
360 1339 182 37 minimum
571 1341 39 35 af
634 1341 236 36 matematiskt
897 1342 157 43 vetande,
1084 1342 110 36 hvarå
1221 1342 52 37 för
1300 1343 11 35 i
1339 1342 100 49 fråga
1468 1344 153 36 varande
1651 1343 59 37 fall
1739 1344 30 47 ej
1800 1344 69 35 kan

273 1392 113 36 finnas
413 1393 116 47 någon
558 1393 65 36 den
652 1392 156 49 ringaste
836 1394 174 48 prutmån.

402 1445 71 36 För
517 1449 52 32 att
608 1446 11 35 i
660 1446 106 47 öfrigt
793 1447 128 35 bereda
949 1447 38 35 så
1011 1447 149 48 mycken
1188 1446 137 37 lättnad
1354 1460 72 23 som
1455 1449 136 47 möjligt
1619 1448 35 36 åt
1681 1449 42 35 de
1751 1448 117 36 stude-

273 1496 109 38 rande
425 1497 53 36 för
521 1497 218 37 erhållandet
779 1498 36 37 af
842 1499 104 36 ofvan
975 1499 151 36 nämnda
1154 1499 109 49 intyg,
1292 1500 64 36 har
1384 1501 57 35 det
1469 1506 98 43 synts
1596 1502 71 46 mig
1695 1501 173 47 lämpligt,

273 1552 52 32 att
352 1550 57 35 det
436 1562 48 23 nu
513 1550 198 47 föreslagna
752 1551 153 36 förhöret
933 1551 118 36 ställes
1080 1551 225 49 fullständigt
1333 1552 194 37 oberoende
1556 1553 36 36 af
1618 1554 67 36 den
1713 1553 156 47 vanliga,

272 1601 122 36 endast
423 1602 60 35 två
510 1602 136 48 gånger
673 1615 55 23 om
752 1603 75 36 året
855 1604 285 36 återkommande
1170 1605 358 39 maturitetsexamen.

427 1652 134 50 Upsala
589 1655 67 36 den
687 1658 19 33 6
736 1654 171 38 Februari
938 1658 108 35 1882.
