1888 2780
269 160 40 29 26
723 163 266 27 Stalsutskottets
1012 163 167 28 utlåtande
1204 172 37 18 nr
1269 164 69 26 116.

268 234 116 38 gifter.
417 235 103 29 Detta
539 244 62 20 var
622 235 57 29 vid
699 235 462 29 kommunikationsverken
1182 235 100 29 fallet
1302 235 76 30 före
1399 235 220 29 tillkomsten
1639 243 42 20 av
1704 233 83 30 1920

268 276 58 29 års
346 276 241 39 pensionslag;
610 277 58 29 vid
688 277 67 29 den
775 277 103 30 civila
898 277 352 39 statsförvaltningen
1268 278 12 28 i
1300 277 114 39 övrigt
1433 278 167 28 ävensom
1620 276 59 29 vid
1697 276 91 28 mili-

269 318 320 39 tärförvaltningen
619 327 62 20 var
711 319 186 29 enahanda
926 319 223 29 förhållande
1179 318 155 30 rådande
1363 319 93 29 intill
1486 318 301 29 ikraftträdandet

268 360 70 29 den
364 360 15 29 1
406 360 66 38 juli
500 361 83 28 1935
610 369 43 20 av
678 361 41 29 de
745 361 205 29 nuvarande
976 361 101 29 civila
1103 361 65 29 och
1194 360 156 30 militära
1375 360 413 39 tjänstepensionsregle-

268 403 177 28 mentena.
478 402 13 29 I
514 402 84 29 1920
619 403 58 28 års
697 402 226 40 pensionslag
943 402 56 30 för
1019 402 465 30 kommunikationsverken
1504 402 212 33 föreskrevs,
1737 403 50 28 att

269 444 56 29 för
348 444 230 38 tjänsteman,
603 453 76 20 som
703 445 123 38 avgick
849 453 42 20 ur
915 444 113 39 tjänst
1051 446 86 28 utan
1161 446 50 28 att
1234 453 86 21 vara
1343 444 197 39 berättigad
1563 444 54 29 till
1640 444 148 38 tjänste-

267 486 161 38 pension,
450 486 113 29 skulle
584 486 259 39 kapitalvärdet
862 495 44 21 av
924 487 91 29 hans
1035 486 320 40 pensionsavgifter
1374 486 174 29 inbetalas
1568 486 82 29 från
1668 486 120 29 veder-

268 528 157 29 börande
454 529 257 38 pensionsfond
740 528 52 29 till
820 528 344 39 pensionsstyrelsen
1192 528 55 29 för
1275 528 200 30 beredande
1504 537 42 20 av
1574 528 149 39 pension
1752 528 36 29 åt

268 570 134 29 honom
428 570 110 39 enligt
565 571 103 38 lagen
695 579 57 20 om
779 570 135 29 allmän
942 570 383 39 pensionsförsäkring.
1366 570 13 29 I
1408 570 103 29 civila
1539 570 65 29 och
1632 570 155 29 militära

268 611 567 40 tjänstepensionsreglementena
854 612 92 30 hava
965 612 144 39 intagits
1132 613 230 38 stadganden,
1383 612 96 29 vilka
1499 613 10 28 i
1530 612 139 39 princip
1689 612 99 29 inne-

267 654 96 33 bära,
386 655 52 28 att
458 654 230 38 tjänstemän,
711 662 74 21 som
808 654 88 39 avgå
916 663 43 20 ur
980 655 133 28 statens
1135 654 112 39 tjänst
1269 656 87 27 utan
1377 655 71 28 rätt
1469 656 51 27 att
1540 654 146 29 komma
1705 654 11 29 i
1737 653 51 30 åt-

269 696 174 39 njutande
464 705 42 20 av
526 697 150 38 pension
697 696 107 38 enligt
824 696 271 39 reglementena,
1119 696 99 29 skola
1239 696 183 30 försäkras
1444 696 53 29 till
1519 696 205 29 erhållande
1746 705 42 20 av

267 747 26 19 s.
314 738 34 28 k.
368 738 222 39 uppskjuten
609 738 162 29 livränta.
792 738 124 29 Denna
936 738 152 29 livränta
1106 738 148 30 innebär
1276 738 39 29 så
1335 738 54 29 till
1410 738 80 30 vida
1511 747 43 20 en
1575 738 211 39 utvidgning

266 788 44 20 av
340 780 249 29 motsvarande
620 780 141 29 förmån
791 780 109 38 enligt
929 780 483 29 kommunikationsverkens
1442 780 237 39 pensionslag,
1711 789 76 20 som

267 821 69 29 den
358 821 180 39 avgångne
560 822 206 38 därigenom
788 821 151 30 erhåller
959 822 162 39 vederlag
1142 840 44 2 —-
1206 822 73 29 helt
1300 823 84 28 eller
1406 823 109 29 delvis
1536 840 45 3 -—
1601 823 78 29 icke
1699 823 89 29 blott

268 863 54 29 för
344 864 43 29 de
409 864 112 29 under
543 864 233 38 tjänstetiden
797 864 143 39 erlagda
960 863 170 40 bidragen
1151 864 53 29 till
1225 864 298 39 pensioneringen
1545 866 88 27 utan
1654 864 133 39 jämväl

268 905 56 30 för
347 906 69 29 den
441 906 54 29 del
519 915 43 19 av
586 906 69 28 den
679 906 45 38 på
748 906 232 38 tjänstetiden
1003 906 194 39 belöpande
1221 906 206 39 pensionen,
1454 915 75 20 som
1554 907 166 28 bekostas
1745 916 42 19 av

267 948 127 29 staten.

324 989 262 30 Statskontoret
608 990 65 28 har
697 990 54 29 för
775 990 54 29 sin
852 990 56 29 del
932 990 96 29 ställt
1052 991 51 38 sig
1125 990 153 29 bestämt
1301 991 190 29 avvisande
1514 992 179 37 gentemot
1715 1000 73 19 mo-

268 1031 182 29 tionärens
481 1031 132 39 förslag
643 1032 113 29 under
784 1032 215 39 hänvisning
1028 1032 53 29 till
1111 1034 51 27 att
1191 1041 44 20 en
1264 1033 195 29 retroaktiv
1489 1032 226 40 tillämpning
1746 1042 42 20 av

268 1082 109 29 nyare
406 1074 425 38 pensioneringsgrunder
859 1082 83 21 vore
973 1075 114 38 ägnad
1117 1076 51 27 att
1196 1075 118 38 ingiva
1345 1075 121 29 starka
1495 1075 291 38 betänkligheter.

267 1115 77 29 Vad
371 1115 256 29 statskontoret
654 1116 149 29 sålunda
829 1115 121 30 anfört
976 1117 38 28 är
1041 1116 145 39 givetvis
1213 1116 9 29 i
1251 1117 139 39 princip
1416 1117 134 38 riktigt.
1588 1117 120 38 Enligt
1733 1118 54 28 ut-

267 1157 150 29 skottets
441 1159 143 37 mening
607 1158 64 28 bör
696 1158 89 28 dock
807 1158 12 28 i
843 1157 277 39 undantagsfall,
1144 1158 64 29 där
1234 1158 37 29 så
1295 1158 72 29 kan
1392 1158 62 30 ske
1479 1160 86 28 utan
1589 1158 198 40 prejudice-

266 1199 111 29 rande
402 1199 225 39 verkningar,
655 1200 118 38 avsteg
798 1199 125 30 kunna
948 1200 102 38 göras
1077 1199 81 30 från
1185 1200 67 29 den
1278 1200 233 40 ståndpunkt,
1539 1209 76 21 som
1640 1201 146 38 intagits

265 1249 43 21 av
329 1241 257 29 statskontoret
607 1242 65 28 och
695 1250 76 20 som
791 1241 127 30 hittills
939 1242 168 39 tämligen
1128 1242 221 29 konsekvent
1369 1242 142 30 biträtts
1532 1252 44 20 av
1597 1243 190 29 statsmak-

267 1285 110 27 terna.
411 1283 94 29 Från
526 1284 117 28 denna
665 1283 268 39 utgångspunkt
955 1292 104 30 synes
1081 1284 58 29 det
1160 1285 10 28 i
1192 1284 181 29 motionen
1397 1284 199 40 framlagda
1618 1284 168 40 förslaget

264 1342 45 3 -—
329 1325 91 29 dock
442 1325 80 29 med
542 1326 97 28 vissa
659 1325 290 29 modifikationer
969 1343 45 3 —
1035 1326 123 29 kunna
1180 1326 158 39 förtjäna
1361 1328 51 28 att
1435 1329 97 37 tagas
1555 1327 113 29 under
1690 1328 96 28 över-

265 1367 171 38 vägande.
478 1367 122 29 Redan
629 1367 220 29 återfåendet
879 1376 42 21 av
952 1368 141 38 erlagda
1123 1368 149 38 avgifter
1301 1386 11 2 —
1376 1370 88 28 utan
1493 1370 103 28 ränta
1627 1369 85 29 därå
1742 1387 44 2 —

265 1417 106 29 synes
394 1408 172 29 utskottet
588 1409 171 29 innebära
781 1418 42 20 en
847 1411 73 27 stor
943 1409 141 30 förmån
1106 1419 41 20 ur
1170 1410 397 39 befattningshavarnas
1592 1412 193 38 synpunkt.

264 1451 54 28 En
340 1451 100 37 dylik
462 1451 138 39 lösning
623 1451 114 29 skulle
759 1451 182 29 dessutom
963 1451 161 30 medföra
1146 1461 43 20 en
1210 1452 198 39 betydande
1431 1453 262 29 administrativ
1716 1453 70 29 för-

265 1492 156 39 enkling.
454 1492 128 30 Vidare
605 1501 104 30 synes
731 1493 57 29 det
809 1493 183 34 utskottet,
1015 1495 51 28 att
1087 1502 44 20 en
1152 1494 258 39 återbetalning
1431 1504 43 20 av
1495 1495 198 39 avgifterna
1714 1495 10 29 i
1748 1495 36 29 så

265 1534 62 29 fall
349 1534 63 30 bör
432 1534 192 39 begränsas
645 1535 53 29 till
720 1536 50 28 att
790 1544 81 20 avse
891 1535 361 40 befattningshavare,
1274 1546 76 20 som
1371 1537 59 29 vid
1450 1537 334 30 bestämmelsernas

264 1576 285 30 ikraftträdande
575 1577 156 38 alltjämt
755 1577 60 29 äro
840 1577 11 29 i
878 1577 93 34 livet,
997 1578 167 29 ävensom
1189 1580 51 27 att
1265 1578 304 40 återbetalningen
1594 1579 63 29 bör
1683 1580 101 38 göras

264 1618 176 30 beroende
470 1627 41 21 av
542 1619 154 29 särskild
726 1619 160 29 ansökan
916 1619 82 29 från
1027 1620 261 29 vederbörande
1319 1620 352 39 befattningshavare
1702 1622 82 28 eller

265 1660 134 29 dennes
423 1661 318 29 rättsinnehavare.

320 1702 121 39 Enligt
458 1703 191 29 utskottets
668 1703 142 39 mening
829 1703 114 29 skulle
963 1704 57 29 det
1040 1703 149 31 sålunda
1207 1705 9 28 i
1237 1705 65 28 och
1321 1704 56 29 för
1397 1705 51 38 sig
1466 1714 84 20 vara
1568 1705 133 39 rimligt
1718 1706 66 29 och

264 1744 141 39 möjligt
427 1746 51 27 att
505 1745 4 28 i
530 1745 213 29 modifierad
764 1745 93 29 form
878 1745 168 30 realisera
1067 1746 68 29 den
1155 1747 10 28 i
1189 1747 181 28 motionen
1391 1746 127 30 väckta
1540 1747 142 29 tanken.
1716 1748 68 28 En-

264 1785 63 39 ligt
352 1786 192 29 utskottets
571 1788 145 38 mening
742 1787 98 29 torde
867 1787 195 30 emellertid
1089 1788 116 29 denna
1230 1788 86 30 böra
1342 1789 103 38 göras
1471 1789 53 29 till
1553 1789 148 30 föremål
1729 1790 55 29 för

264 1828 165 29 närmare
448 1829 191 38 utredning
659 1836 124 31 genom
803 1829 127 39 Kungl.
951 1829 124 39 Maj:ts
1095 1829 138 40 försorg
1253 1830 9 29 i
1283 1830 91 39 syfte
1394 1832 52 28 att
1464 1831 191 39 klarlägga,
1675 1832 109 29 huru-

263 1870 82 29 vida
372 1870 66 29 och
463 1870 11 29 i
500 1871 68 28 vad
594 1871 86 28 mån
706 1871 297 38 förutsättningar
1030 1871 169 39 föreligga
1226 1872 55 29 för
1309 1872 258 40 återbetalning
1594 1874 10 28 i
1632 1874 66 29 här
1724 1883 57 20 av-

265 1912 109 29 sedda
405 1911 63 30 fall
500 1921 42 20 av
573 1913 143 37 erlagda
748 1912 464 40 tjänstepensionsavgifter.
1257 1914 179 29 Utskottet
1468 1916 58 28 vill
1560 1915 122 30 därför
1714 1916 69 29 för-

263 1953 96 34 orda,
384 1955 52 27 att
458 1953 191 39 riksdagen
671 1955 10 27 i
707 1954 167 29 skrivelse
898 1954 52 30 till
974 1955 126 39 Kungl.
1126 1956 106 38 Maj:t
1256 1956 169 34 anhåller,
1451 1958 50 28 att
1525 1957 126 39 Kungl.
1677 1958 106 37 Maj:t

263 1996 80 28 ville
364 1995 71 30 låta
456 1996 192 29 verkställa
669 1996 188 39 utredning
876 1996 11 29 i
908 1997 119 29 ämnet
1047 1997 64 29 och
1133 1997 54 29 för
1207 1998 191 39 riksdagen
1419 1998 195 40 framlägga
1635 2000 57 28 det
1714 1999 68 29 för-

264 2037 84 38 slag,
374 2038 117 28 vartill
516 2038 236 39 utredningen
778 2038 69 29 kan
873 2038 78 39 giva
976 2039 200 38 anledning.

320 2121 85 29 1942
434 2122 56 29 års
517 2123 146 37 riksdag
689 2123 111 29 beslöt
827 2124 8 27 i
865 2124 154 37 enlighet
1045 2125 78 28 med
1152 2124 312 31 bankoutskottets
1492 2126 212 29 hemställan
1732 2129 50 26 att

262 2174 63 28 hos
351 2174 127 38 Kungl.
503 2174 106 39 Maj:t
632 2174 142 29 anhålla
798 2184 57 19 om
880 2175 189 39 utredning
1093 2185 40 20 av
1159 2177 66 28 den
1250 2177 126 28 väckta
1401 2176 136 39 frågan.

318 2251 68 29 Vid
403 2251 217 30 besvarande
640 2253 67 28 den
728 2253 13 28 1
762 2252 65 39 juli
850 2252 84 30 1948
953 2253 11 28 i
983 2252 112 30 första
1114 2254 207 29 kammaren
1341 2264 42 19 av
1402 2264 42 19 en
1464 2257 83 27 utav
1565 2256 81 28 herr
1665 2256 117 29 Lunod-

262 2302 93 39 qvist
379 2302 201 31 framställd
606 2303 272 39 interpellation,
903 2304 177 30 huruvida
1105 2306 68 29 den
1199 2315 41 20 av
1267 2306 84 29 1942
1377 2306 58 29 års
1461 2307 144 39 riksdag
1629 2307 151 39 begärda

262 2355 236 39 utredningen
521 2355 122 29 hunne
668 2356 154 29 avslutas
846 2356 99 29 inom
969 2355 111 31 sådan
1103 2358 61 32 tid,
1190 2359 50 27 att
1264 2358 190 29 eventuellt
1478 2358 132 40 förslag
1634 2360 53 28 till
1712 2359 69 28 frå-

262 2413 87 31 gans
380 2407 198 39 avgörande
610 2408 120 29 kunde
760 2407 215 40 framläggas
1008 2411 118 27 senast
1156 2410 52 28 till
1242 2409 84 29 1949
1358 2410 56 29 års
1447 2410 153 38 riksdag,
1634 2410 146 29 anförde

260 2456 126 40 chefen
407 2457 58 39 för
484 2458 404 39 finansdepartementet
909 2460 10 29 i
941 2460 188 30 huvudsak
1151 2460 169 39 följande.
