1866 2780
416 156 119 31 Andra
554 157 247 39 lagutskottets
820 159 180 31 utlåtande
1018 168 43 22 nr
1081 160 39 30 17
1139 161 40 30 år
1199 162 84 29 1956
1587 163 14 30 1

783 478 59 40 Nr
870 478 44 41 17

320 577 184 30 Utlåtande
525 577 11 30 i
555 578 191 40 anledning
765 588 43 21 av
828 579 124 31 väckta
973 580 173 31 motioner
1166 590 56 21 om
1243 582 225 41 förkortning
1486 592 43 21 av
1548 592 54 21 ar-

540 628 172 31 betstiden
736 629 57 40 för
817 630 158 31 arbetare
999 632 80 30 med
1103 632 145 30 särskilt
1270 633 226 40 påfrestande
1520 634 83 30 eller

539 678 222 41 hälsofarligt
779 680 127 31 arbete.

139 777 120 31 Andra
285 778 229 40 lagutskottet
539 779 65 31 har
631 780 53 30 till
709 780 215 42 behandling
948 783 12 29 i
985 784 49 29 ett
1061 784 256 40 sammanhang
1343 784 155 32 förehaft
1523 786 78 40 fyra

94 827 97 30 inom
214 828 187 40 riksdagen
423 830 134 36 väckta,
582 830 53 30 till
658 831 193 40 lagutskott
874 832 191 32 hänvisade
1088 834 183 35 motioner,
1295 835 176 40 nämligen

140 880 107 29 dels
279 880 42 30 de
341 880 223 40 likalydande
584 882 221 30 motionerna
825 892 42 21 nr
886 883 62 32 351
969 884 12 29 i
1000 884 112 30 första
1132 885 207 30 kammaren
1360 895 43 20 av
1420 886 82 30 herr
1520 886 81 30 Lin-

95 929 85 30 dahl
201 930 66 30 och
288 930 81 31 herr
390 932 164 37 Jansson,
576 931 97 39 Axel,
697 935 91 28 samt
810 943 42 20 nr
875 934 63 30 263
961 934 11 29 i
995 935 110 30 andra
1127 936 208 30 kammaren
1357 945 43 21 av
1421 936 80 31 herr
1523 937 77 30 Pet-

96 980 116 30 terson
234 980 11 29 i
265 981 186 39 Degerfors
472 990 45 23 m.
538 981 50 40 fl.,

140 1032 109 29 dels
279 1041 50 20 ock
394 1032 43 30 de
454 1032 225 40 likalydande
698 1034 221 31 motionerna
937 1044 42 21 nr
997 1036 63 30 352
1079 1036 12 29 i
1109 1036 112 31 första
1238 1037 207 30 kammaren
1464 1047 43 20 av
1524 1038 78 30 her-

95 1090 59 21 rar
178 1081 137 31 Öhman
339 1082 65 30 och
427 1083 145 40 Norling
596 1086 92 28 samt
712 1093 42 21 nr
778 1085 63 31 273
866 1085 11 29 i
901 1086 112 30 andra
1036 1086 209 31 kammaren
1269 1096 43 21 av
1336 1087 81 31 herr
1440 1088 161 40 Hagberg

94 1140 46 22 m.
159 1132 39 40 fl.

141 1208 13 30 I
176 1209 220 30 motionerna
417 1209 30 30 I:
463 1209 60 31 351
547 1210 66 30 och
634 1211 46 30 II:
696 1211 63 30 263
780 1211 65 30 har
866 1212 208 36 hemställts,
1099 1215 72 28 »att
1191 1213 189 41 riksdagen
1401 1214 11 30 i
1434 1214 167 31 skrivelse

96 1258 54 30 till
169 1259 126 40 Kungl.
315 1260 107 40 Maj:t
443 1260 107 30 måtte
569 1261 197 37 hemställa,
787 1263 51 29 att
858 1262 132 42 förslag
1010 1272 58 21 om
1088 1273 43 21 en
1152 1264 205 40 lagstadgad
1378 1265 223 40 förkortning

95 1318 45 21 av
168 1310 215 30 arbetstiden
413 1310 56 31 för
498 1311 158 30 arbetare
688 1312 203 39 sysselsatta
920 1313 58 31 vid
1009 1314 156 31 fabriker
1195 1315 55 30 för
1280 1315 225 41 tillverkning
1535 1316 66 30 och

95 1359 229 42 bearbetning
343 1370 43 20 av
405 1361 83 30 krut
507 1362 65 29 och
593 1363 260 39 sprängämnen
874 1366 139 28 snarast
1034 1365 108 30 måtte
1163 1365 196 40 föreläggas
1380 1366 220 40 riksdagen».

141 1411 13 29 I
180 1411 220 30 motionerna
424 1411 29 30 1:
470 1412 62 30 352
557 1412 66 30 och
648 1413 45 29 II:
710 1413 63 30 273
797 1413 65 30 har
886 1413 208 37 hemställts,
1120 1417 51 28 att
1196 1415 188 41 riksdagen
1409 1417 107 30 måtte
1541 1426 60 21 an-

95 1462 81 38 taga
194 1461 157 40 följande
371 1462 132 39 förslag
521 1461 52 31 till

792 1580 105 31 »>LAG

96 1668 57 21 om
175 1662 185 38 förkortad
382 1663 174 30 ordinarie
578 1664 171 30 arbetstid
769 1665 58 39 för
849 1665 236 40 arbetstagare
1107 1667 81 30 med
1209 1667 145 31 särskilt
1375 1668 225 40 påfrestande

619 1715 84 30 eller
719 1715 222 41 hälsofarligt
957 1717 117 30 arbete

141 1797 212 39 Härigenom
375 1798 185 30 förordnas
583 1808 76 20 som
680 1799 119 40 följer:

815 1884 15 36 8
857 1886 26 29 1.

142 1949 12 29 I
173 1949 42 29 de
234 1949 72 34 fall,
324 1958 122 20 varom
464 1948 11 30 i
492 1949 115 30 denna
627 1950 55 39 lag
701 1951 150 39 stadgas,
871 1951 99 30 skola
989 1960 57 21 om
1064 1952 281 40 begränsningen
1364 1963 43 20 av
1425 1954 67 30 den
1510 1955 91 29 ordi-

96 1999 97 29 narie
218 1999 214 30 arbetstiden
455 1999 106 40 enligt
585 2000 180 30 allmänna
788 2001 291 40 arbetstidslagen
1103 2003 91 39 gälla
1217 2004 115 29 nedan
1355 2004 151 40 angivna
1530 2006 72 29 sär-

96 2048 115 31 skilda
234 2049 272 31 bestämmelser.

815 2136 68 36 82.

144 2199 49 29 De
226 2200 10 28 i
269 2200 179 29 allmänna
480 2201 290 39 arbetstidslagen
804 2204 148 28 rörande
985 2203 235 40 begränsning
1253 2214 42 19 av
1327 2205 66 29 den
1426 2205 175 30 ordinarie

98 2249 214 30 arbetstiden
338 2250 150 38 angivna
514 2250 240 39 tidrymderna
780 2253 19 29 å
824 2252 41 29 48
891 2253 65 28 och
982 2253 40 29 96
1049 2253 142 30 timmar
1217 2255 99 29 skola
1342 2255 10 28 i
1379 2256 113 29 stället
1518 2265 83 20 vara

97 2299 41 30 40
160 2300 195 39 respektive
376 2300 41 29 80
439 2300 142 29 timmar
601 2301 222 30 beträffande

142 2350 36 32 a)
209 2350 115 29 arbete
342 2351 111 28 under
469 2350 79 39 jord
566 2350 10 29 i
594 2359 109 31 gruva
720 2352 82 28 eller
820 2352 186 35 stenbrott;

141 2400 38 33 b)
210 2400 116 29 arbete
343 2409 75 20 som
436 2400 191 30 innefattas
644 2401 10 28 i
673 2401 193 39 byggnads-
883 2403 64 28 och
966 2403 470 39 anläggningsverksamhet;

141 2451 34 30 c)
206 2450 116 30 arbete
343 2450 10 29 i
375 2450 182 39 gjuterier;

130 2517 10 24 1
185 2518 112 30 Bihang
308 2517 45 24 till
365 2517 168 32 riksdagens
544 2518 146 31 protokoll
704 2520 75 24 1956.
799 2520 15 23 9
826 2520 82 23 saml.
929 2520 16 24 2
956 2520 64 24 avd.
1040 2520 39 25 Nr
1097 2523 30 23 17
