2238 2636
192 852 140 31 Angående

185 887 166 31 tilläggspen-

196 922 53 23 sion
268 921 28 24 åt
314 923 19 29 f.

206 956 117 24 soldaten

174 991 26 25 S.
219 992 29 23 P.
269 991 87 25 Holm.

436 168 18 30 6
902 169 280 31 Bankoutskottets
1204 169 165 32 utlåtande
1392 170 52 31 Nr
1468 172 29 29 9.

519 211 89 71 Med
646 245 264 50 tillstyrkande
944 260 46 23 av
1018 246 106 37 bifall
1152 247 56 36 till
1236 247 140 50 Kungl.
1409 247 125 50 Maj:ts
1567 248 288 50 ifrågavarande
1883 250 113 36 fram-

390 297 184 50 ställning
601 298 57 36 får
687 298 184 37 utskottet
898 299 209 47 hemställa,

921 407 54 31 att
1016 402 208 49 riksdagen
1266 406 60 33 må
1355 404 190 48 medgiva,
1588 409 56 31 att
1685 405 187 35 kavassen
1913 405 82 36 Alis

790 454 98 35 änka
917 454 148 35 Zanfira
1095 457 59 33 må
1185 454 83 36 från
1296 455 70 35 och
1395 455 85 36 med
1509 458 41 33 år
1581 457 109 45 1914,
1721 458 41 33 så
1785 456 114 48 länge
1919 456 76 36 hon

789 505 11 35 i
821 505 64 36 sitt
911 505 219 36 nuvarande
1150 505 211 37 änkestånd
1381 506 189 48 förbliver,
1591 509 21 33 å
1632 507 189 36 allmänna
1840 507 154 49 indrag-

789 557 241 48 ningsstaten
1072 557 149 49 åtnjuta
1262 571 47 23 en
1351 558 97 48 årlig
1488 559 159 49 pension
1685 572 46 23 av
1760 559 235 48 fyrahundra

789 608 149 36 kronor.

769 761 39 33 I.
856 760 100 45 Ang.
982 760 636 45 lantförsvarsdepartementet.

520 848 72 49 9:0)
634 849 17 35 I
693 863 46 22 en
773 850 102 35 inom
918 850 118 36 första
1077 850 218 36 kammaren
1324 850 112 36 väckt
1464 850 156 46 motion,
1650 864 44 22 nr
1724 852 59 46 28,
1813 851 68 36 har
1908 851 86 36 herr

389 901 44 34 4.
464 901 95 35 Roos
600 901 205 47 hemställt,
847 907 75 30 »att
963 902 25 35 f.
1026 902 34 35 d.
1091 901 169 36 soldaten
1291 902 36 34 S.
1358 903 41 34 P.
1429 902 112 35 Holm
1569 904 21 33 å
1619 901 182 49 Guddarp
1830 902 12 35 i
1870 902 123 47 Berga

389 951 138 36 socken
557 964 45 23 av
632 951 244 49 Kronobergs
918 953 62 35 län
1022 955 115 33 måtte
1179 953 83 35 från
1304 952 72 36 och
1410 952 85 36 med
1524 953 255 36 innevarande
1807 956 41 33 år
1876 956 20 33 å
1925 953 66 36 all-

388 1007 139 31 männa
555 1003 381 49 indragningsstaten
964 1004 119 36 under
1110 1004 59 36 sin
1198 1003 234 37 återstående
1460 1004 129 36 livstid
1609 1004 201 37 bekomma
1830 1017 47 24 en
1897 1005 97 48 årlig

387 1054 159 49 pension
588 1054 57 36 till
687 1057 40 34 så
769 1061 94 30 stort
904 1056 150 48 belopp,
1094 1061 52 31 att
1179 1055 210 36 detsamma
1417 1056 120 46 jämte
1566 1055 113 36 Holm
1708 1055 285 37 tillkommande

387 1105 208 36 understöd
623 1106 85 35 från
737 1106 197 37 Vadstena
961 1107 406 47 krigsmanshuskassa
1394 1109 151 46 uppgår
1572 1107 57 35 till
1657 1109 74 34 200
1761 1107 172 36 kronor».

516 1156 17 35 I
563 1157 108 48 fråga
699 1170 60 23 om
789 1158 280 48 motiveringen
1099 1158 67 35 har
1185 1157 237 37 motionären
1441 1158 175 35 hänvisat
1640 1159 57 35 till
1718 1171 46 23 en
1785 1172 48 22 av
1851 1159 141 35 honom

387 1208 64 36 vid
493 1208 120 36 första
653 1209 208 49 riksdagen
902 1209 257 37 innevarande
1202 1212 39 33 år
1269 1209 12 35 i
1310 1222 143 23 samma
1481 1215 109 31 ämne
1618 1210 115 35 väckt
1762 1210 145 36 motion
1934 1209 59 49 (nr

387 1260 72 48 63),
490 1260 79 36 däri
598 1260 146 37 anförts
773 1261 179 48 följande.

519 1349 14 16 »
538 1336 64 32 Vid
625 1337 55 32 det
704 1338 239 31 sammanträde
967 1338 72 32 med
1063 1338 110 40 kungl.
1198 1338 209 40 Kronobergs
1430 1339 205 39 regementes
1657 1338 172 40 krigsrätt,
1847 1349 70 21 som
1933 1349 59 21 av-

384 1380 84 31 hölls
491 1380 61 32 den
578 1381 39 30 13
641 1381 185 40 september
851 1381 92 37 1910,
968 1381 213 39 förklarades,
1219 1382 50 31 att
1299 1381 148 32 soldaten
1471 1381 85 32 Sven
1579 1381 97 32 Peter
1698 1381 160 32 Karlsson
1880 1381 109 38 Holm,

384 1423 154 41 tjänande
561 1423 52 32 för
635 1425 94 30 roten
752 1434 39 21 nr
817 1425 60 30 113
902 1424 10 31 i
935 1424 108 41 Berga
1066 1424 122 32 socken
1211 1435 42 21 av
1275 1424 210 41 Kronobergs
1508 1424 63 39 län,
1588 1424 71 32 lede
1676 1435 42 21 av
1733 1424 258 33 blodåderbråck

385 1468 19 30 å
426 1466 84 33 båda
532 1467 113 39 benen,
669 1467 105 32 vilket
796 1467 66 32 han
885 1468 165 32 sannolikt
1074 1467 129 42 ådragit
1226 1468 51 40 sig
1299 1467 55 32 vid
1377 1468 130 32 marsch
1542 1468 100 32 under
1675 1469 83 31 1890
1782 1469 54 31 års
1859 1468 131 41 rekryt-

384 1512 97 37 möte,
521 1512 87 31 samt
647 1512 51 31 att
735 1511 66 32 han
834 1511 52 32 till
920 1511 81 43 följd
1035 1512 102 32 därav
1166 1522 78 22 vore
1267 1511 52 33 till
1341 1511 197 50 krigstjänst
1561 1511 142 42 oduglig,
1727 1513 164 48 varjämte
1914 1512 75 39 han,

385 1554 102 40 enligt
510 1554 339 41 regementsläkarens
872 1556 42 40 på
936 1556 100 32 heder
1060 1556 61 31 och
1145 1557 146 30 samvete
1316 1555 142 40 avgivna
1480 1555 104 41 intyg,
1612 1556 136 32 »endast
1770 1555 12 32 i
1805 1556 94 40 ringa
1914 1556 77 31 mån

384 1607 116 30 genom
536 1598 111 31 arbete
681 1598 107 31 kunde
822 1598 136 40 bidraga
992 1599 50 31 till
1076 1599 51 31 sin
1155 1599 155 31 framtida
1332 1598 191 41 bärgning».
1570 1598 63 32 Till
1656 1599 81 40 följd
1760 1599 105 31 härav
1888 1599 103 32 erhöll

384 1640 98 32 Holm
506 1651 125 21 samma
655 1641 63 40 dag
742 1641 124 32 avsked
889 1652 38 21 ur
950 1642 248 40 krigstjänsten,
1225 1642 60 32 och
1310 1641 204 32 vitsordades
1537 1641 11 31 i
1571 1642 263 41 avskedspasset,
1860 1643 51 30 att
1925 1642 66 31 han

388 1683 119 33 »under
529 1683 214 41 tjänstetiden
767 1684 52 41 sig
842 1685 148 31 utmärkt
1013 1685 55 31 väl
1091 1685 163 32 skickat».

514 1727 75 32 Med
612 1727 174 41 anledning
818 1739 42 21 av
894 1738 40 22 en
956 1728 52 32 till
1031 1728 181 41 Konungen
1235 1728 133 41 ingiven
1391 1727 201 42 underdånig
1614 1728 147 32 ansökan
1785 1729 51 31 att
1859 1728 132 32 komma

384 1771 10 31 i
419 1771 189 42 åtnjutande
633 1782 41 21 av
697 1771 124 42 förhöjt
844 1772 115 41 bidrag
982 1772 73 32 från
1078 1772 169 33 Vadstena
1269 1771 359 42 krigsmanshuskassa,
1652 1771 106 33 vilket
1781 1772 100 33 sedan
1907 1773 83 31 1910

384 1815 111 40 utgått
517 1815 74 32 med
614 1816 41 31 48
679 1815 121 33 kronor
833 1827 58 30 per
926 1817 45 38 år,
1007 1816 139 41 medgav
1180 1816 120 41 Kungl.
1329 1816 96 41 Maj:t
1449 1835 39 3 —
1513 1816 100 32 sedan
1636 1817 80 31 utav
1742 1816 248 42 »avskedspass,

383 1858 191 41 läkarintyg
600 1870 42 20 m.
681 1859 31 31 fl.
752 1859 193 41 handlingar
978 1859 190 39 inhämtats,
1205 1861 50 31 att
1277 1860 109 38 Holm,
1411 1870 70 21 som
1506 1864 36 27 är
1565 1859 78 32 född
1668 1860 93 39 1865,
1787 1860 85 32 efter
1896 1859 94 42 21'!/,

385 1902 53 31 års
472 1902 54 31 väl
558 1902 168 31 vitsordad
758 1903 222 41 tjänstgöring
1013 1903 55 31 vid
1101 1903 141 31 nämnda
1272 1904 186 39 regemente
1482 1903 37 31 år
1545 1903 83 31 1910
1652 1903 87 31 måst
1762 1902 145 32 därifrån
1930 1913 61 21 av-

384 1945 118 32 skedas
525 1945 107 32 såsom
656 1945 132 40 oduglig
821 1945 52 32 till
906 1946 196 42 krigstjänst
1130 1947 42 40 på
1195 1946 104 40 grund
1323 1957 41 21 av
1387 1946 11 31 i
1421 1947 145 40 tjänsten
1590 1945 143 41 ådragen
1756 1946 160 42 sjukdom,
1941 1947 51 31 att

383 1988 82 32 hans
489 1988 260 41 arbetsförmåga
772 1989 11 31 i
806 1988 80 42 följd
910 2000 42 21 av
975 1990 193 40 sjukdomen
1192 1994 37 28 är
1251 1989 164 41 betydligt
1436 1989 133 32 nedsatt
1592 1991 86 30 samt
1702 1990 51 31 att
1767 1989 66 32 han
1848 1989 144 32 befinner

384 2031 51 41 sig
456 2031 11 32 i
490 2031 121 41 fattiga
634 2032 279 41 omständigheter
937 2033 61 32 och
1021 2033 60 32 har
1103 2033 116 32 hustru
1240 2033 104 41 jämte
1368 2034 19 30 3
1410 2032 219 41 minderåriga
1651 2033 81 31 barn
1756 2034 51 31 att
1829 2032 158 41 försörja»

385 2093 40 4 —
450 2076 50 31 att
522 2075 100 32 Holm
645 2075 40 32 fr.
721 2086 28 21 o.
785 2087 42 20 m.
863 2076 62 32 den
962 2078 13 30 1
1014 2087 88 21 mars
1129 2078 82 30 1912
1235 2077 54 31 må
1313 2076 129 41 åtnjuta
1466 2087 40 21 en
1528 2075 188 42 förhöjning
1739 2087 42 21 av
1805 2077 41 31 25
1869 2076 122 32 kronor

385 2129 52 21 om
461 2119 71 31 året
554 2118 11 32 i
588 2119 56 32 det
666 2119 119 32 honom
808 2119 197 33 tillerkända
1029 2120 203 32 underhållet
1255 2120 73 32 från
1351 2120 141 31 nämnda
1514 2120 109 31 kassa.

515 2162 15 31 I
553 2164 50 30 ett
637 2162 60 33 den
735 2164 14 30 1
787 2163 184 41 september
1007 2164 83 31 1913
1125 2163 131 33 daterat
1290 2163 95 41 intyg
1416 2163 164 32 vitsordar
1603 2163 108 41 Berga
1736 2162 138 33 sockens
1897 2163 93 32 kom-

384 2205 246 33 munalnämnds
654 2206 203 39 ordförande,
885 2209 70 31 »att
978 2207 21 32 f.
1025 2208 29 31 d.
1079 2207 148 33 soldaten
1251 2207 55 32 vid
1329 2207 151 42 Ljungby
1502 2206 155 42 kompani
1681 2218 41 21 av
1738 2206 110 41 kungl.
1862 2206 127 33 Krono-

384 2249 97 41 bergs
515 2252 186 39 regemente
734 2261 39 21 nr
810 2252 61 30 113
907 2251 30 32 8.
962 2251 34 32 P.
1021 2251 99 32 Holm
1144 2251 74 32 från
1241 2251 151 42 Guddarp
1416 2251 10 31 1
1449 2251 108 40 Berga
1580 2250 121 33 socken
1724 2255 38 27 är
1784 2250 122 42 sjuklig
1929 2250 61 33 och
