2172 2722
654 208 87 41 Lag-
749 207 166 33 Utskottets
943 209 165 32 Utlåtande
1131 209 62 33 N:o
1215 211 52 30 25.
1700 216 16 27 5

870 611 85 40 N:o
983 611 85 40 25.

652 764 75 29 Ank.
751 764 45 29 till
819 764 100 30 Riksd.
944 766 100 28 Kansli
1067 766 55 28 den
1147 767 37 27 13
1207 766 83 38 April
1316 768 89 36 1877,
1430 769 38 29 kl.
1496 768 16 28 5
1536 778 24 19 e.
1585 778 37 20 m.

370 910 208 43 Utlåtande,
607 911 13 35 i
645 912 195 49 anledning
868 914 44 48 af
937 914 98 35 väckt
1071 915 130 35 motion
1229 927 56 23 om
1313 915 197 44 införande
1537 916 13 35 i
1577 915 184 49 åtskilliga

564 962 315 49 kommunallagar
907 965 45 46 af
976 971 43 29 ett
1048 966 203 47 stadgande
1269 966 132 44 derom,
1422 973 50 29 att
1492 966 268 49 redovisnings-

562 1013 138 48 skyldig
728 1015 323 36 samhällsmedlem
1078 1016 73 36 icke
1178 1016 62 36 må
1260 1016 173 48 deltaga
1416 1009 20 60 i
1448 1017 215 36 revisorsval
1679 1018 82 36 eller

566 1064 55 35 till
648 1065 135 37 revisor
810 1066 125 48 väljas.

300 1216 128 37 Under
455 1216 193 45 förmälan,
675 1224 54 29 att
757 1218 63 36 det
847 1219 11 35 i
886 1219 201 37 allmänhet
1114 1221 96 35 lärer
1237 1233 87 22 vara
1350 1220 151 48 vanligt,
1521 1225 53 30 att
1592 1220 168 37 redovis-

166 1267 280 50 ningsskyldige
487 1267 420 39 samhällsmedlemmar
947 1270 145 48 deltaga
1131 1272 10 34 i
1170 1272 57 34 val
1257 1270 39 36 af
1321 1272 192 43 revisorer,
1542 1271 130 36 dervid
1702 1272 58 43 de,

167 1332 58 22 om
255 1320 338 35 sammankomsten
623 1320 234 47 tillfälligtvis
886 1328 41 28 är
954 1320 144 49 fåtaligt
1125 1322 141 44 besökt,
1295 1322 124 35 kunna
1448 1322 125 49 lyckas
1601 1328 54 30 att
1675 1322 85 36 med

166 1369 273 48 öfvervägande
467 1371 192 46 pluralitet
687 1370 131 48 sjelfva
845 1377 81 30 utse
954 1373 44 35 de
1026 1373 195 43 revisorer,
1250 1385 78 23 som
1358 1373 104 35 skola
1480 1373 159 47 granska
1654 1373 106 37 deras

166 1420 239 47 förvaltning,
434 1421 68 36 har
529 1421 95 36 Herr
650 1422 47 36 A.
733 1420 50 37 W.
820 1422 206 45 Westerdal,
1053 1424 11 34 i
1092 1423 167 36 ändamål
1288 1429 55 30 att
1370 1423 227 37 förekomma
1614 1425 32 47 ej
1665 1425 95 35 min-

167 1471 63 35 dre
273 1476 50 31 ett
366 1471 120 48 dylikt
525 1471 235 37 förhållande
801 1481 45 28 än
887 1473 105 36 äfven
1020 1479 54 30 att
1102 1474 44 36 de
1174 1474 427 49 redovisningsskyldige
1629 1474 131 48 sjelfva

166 1522 117 35 skulle
311 1523 126 35 kunna
466 1528 101 30 utses
594 1523 54 35 till
678 1525 183 34 revisorer
888 1523 40 36 af
951 1524 53 36 sin
1034 1538 91 34 egen
1154 1524 236 48 förvaltning,
1418 1526 53 35 uti
1502 1527 41 34 en
1561 1527 102 34 inom
1680 1524 79 37 An-

168 1572 68 36 dra
262 1572 223 36 Kammaren
515 1573 107 36 väckt
650 1574 66 36 och
747 1575 55 35 till
829 1574 290 49 Lag-Utskottet
1146 1576 217 36 remitterad
1392 1577 143 35 motion
1564 1574 86 47 (N:o
1673 1577 86 43 111)

167 1623 205 48 föreslagit,
401 1624 80 35 »det
510 1624 209 49 Riksdagen
748 1626 86 35 ville
863 1624 57 37 för
946 1627 53 34 sin
1030 1626 56 36 del
1116 1627 145 35 besluta
1289 1633 65 38 att,

300 1674 56 35 till
388 1676 42 34 17.
460 1672 23 47 $
512 1675 9 34 i
552 1675 134 48 Kongl.
720 1675 262 49 förordningen
1012 1676 73 36 den
1115 1678 41 34 21
1188 1677 97 35 Mars
1316 1679 93 35 1862
1438 1691 60 22 om
1528 1678 232 36 kommunal-

168 1725 156 50 styrelse
353 1728 46 45 på
426 1726 144 44 landet;

300 1776 59 35 till
395 1778 44 34 16
468 1774 22 48 $
520 1777 9 34 i
558 1776 133 49 Kongl.
720 1777 267 50 förordningen
1017 1778 70 36 den
1117 1780 42 34 21
1190 1779 98 36 Mars
1319 1781 93 34 1862
1442 1792 59 23 om
1530 1780 232 36 kommunal-

169 1827 156 49 styrelse
352 1827 11 35 i
391 1827 100 46 stad;

301 1878 56 35 till
387 1879 20 34 9
436 1875 18 49 $
483 1879 12 34 i
524 1878 134 47 Kongl.
687 1878 266 50 förordningen
982 1880 74 37 den
1085 1883 44 33 21
1158 1880 97 37 Mars
1286 1884 94 34 1862
1401 1896 61 22 om
1483 1882 278 50 kyrkostämma

168 1934 96 31 samt
290 1929 189 48 kyrkoråd
507 1929 68 35 och
602 1930 163 46 skolråd;
794 1931 67 36 och

302 1980 58 35 till
402 1981 20 34 8
451 1977 18 49 $
498 1981 10 35 i
537 1980 134 50 Kongl.
700 1980 264 51 förordningen
994 1984 70 36 den
1095 1985 46 35 20
1168 1983 212 37 November
1410 1986 94 35 1863
1533 1998 58 23 om
1621 1986 140 49 kyrko-

169 2034 158 32 stämma
366 2038 97 29 samt
501 2032 188 47 kyrkoråd
730 2034 69 35 och
839 2034 150 36 skolråd
1032 2036 12 34 i
1076 2034 227 44 Stockholm,
1336 2035 88 49 foga
1451 2041 53 30 ett
1532 2039 39 33 så
1598 2037 163 49 lydande

169 2082 149 48 tillägg:

303 2132 64 36 Uti
395 2134 259 36 revisorsvalet
682 2138 59 32 må
769 2136 79 36 icke
877 2136 411 50 redovisningsskyldig
1315 2138 338 36 samhällsmedlem
1683 2139 79 36 del-

170 2189 97 41 taga,
295 2183 32 48 ej
358 2183 117 37 heller
502 2184 57 35 till
588 2185 142 36 revisor
757 2188 144 46 väljas».

302 2235 68 35 Att
398 2247 44 23 en
470 2248 146 35 person,
644 2249 77 23 som
752 2245 39 28 är
818 2238 58 35 till
903 2238 240 50 redovisning
1169 2240 156 49 skyldig,
1352 2239 87 49 sjelf
1453 2241 114 47 väljes
1583 2246 54 31 att
1655 2254 109 35 gran-

169 2285 64 35 ska
261 2284 120 37 denna
408 2285 239 50 redovisning
672 2288 96 35 lärer
794 2289 69 44 väl,
892 2302 58 23 om
979 2291 193 48 någonsin,
1203 2291 96 36 dock
1328 2293 39 33 så
1394 2291 115 36 sällan
1524 2290 238 47 förekomma,
