2254 2620
437 148 19 30 2
821 146 364 41 Bevillningsutskottets
1205 145 197 32 betänkande
1424 145 53 31 Nr
1498 147 52 30 31.

394 227 145 48 göring
566 225 87 36 hela
681 224 363 49 tillverkningsåret,
1075 226 62 33 må
1166 224 142 36 erhålla
1336 223 171 49 ledighet
1535 223 122 36 under
1684 223 118 48 högst
1824 224 46 35 15
1891 223 120 48 dagar

395 282 99 32 samt
537 282 54 31 att
633 290 127 22 annan
802 276 222 45 kontrollör,
1058 288 133 23 varom
1220 289 50 22 nu
1300 281 41 31 är
1371 275 119 48 fråga,
1521 277 61 34 må
1611 275 199 48 medgivas
1839 275 172 48 ledighet

394 329 121 36 under
558 329 118 48 högst
717 331 42 33 så
799 331 142 45 många
982 327 133 47 dagar,
1146 332 54 31 att
1229 327 194 37 desamma
1445 327 122 49 jämte
1596 327 73 36 den
1697 327 68 48 tid,
1797 327 57 36 för
1881 327 130 36 vilken

395 380 264 49 tjänstgöring
700 382 62 34 må
794 385 162 42 antagas
985 379 32 49 ej
1049 379 130 35 kunna
1207 378 158 37 beredas
1394 380 154 46 honom,
1577 382 131 45 uppgå
1736 379 56 36 till
1822 391 189 24 samman-

394 433 82 48 lagt
506 433 47 35 15
583 431 136 49 dagar;

526 485 76 36 dels
643 483 209 49 godkänna
893 482 168 48 följande
1102 482 170 47 grunder
1309 482 58 36 för
1396 482 271 48 pensionering
1697 495 46 23 av
1774 482 116 36 förste
1920 482 91 36 kon-

394 535 175 37 trollörer
606 536 72 35 och
714 534 252 37 kontrollörer
993 533 65 36 vid
1087 533 446 37 sockerraffinaderierna
1562 538 55 32 att
1645 533 102 49 gälla
1775 533 77 36 tills
1882 533 128 36 vidare

395 587 100 36 intill
523 586 87 36 dess
639 586 239 37 annorlunda
906 586 76 35 kan
1010 585 120 36 varda
1157 585 177 47 bestämt,
1363 586 216 47 nämligen:

527 643 56 31 att
607 638 118 36 förste
752 638 212 36 kontrollör
993 637 92 36 eller
1114 637 218 48 kontrollör,
1363 649 81 24 som
1473 640 163 46 uppnått
1652 651 46 22 en
1715 637 102 36 ålder
1832 650 46 23 av
1895 637 118 36 minst

397 692 45 34 67
475 692 41 34 år
544 690 72 36 och
643 690 141 35 räknar
814 689 114 36 minst
959 690 46 35 10
1048 689 160 48 tjänstår
1250 689 63 36 vid
1342 689 215 36 kontrollen
1587 694 89 31 över
1704 688 306 37 sockertillverk-

396 742 160 48 ningen,
599 747 42 30 är
682 741 217 49 berättigad
941 746 54 31 att
1038 740 85 36 från
1165 740 72 37 och
1280 740 86 36 med
1395 740 189 36 månaden
1613 744 85 32 näst
1726 740 95 37 efter
1850 740 85 46 den,
1965 740 48 36 då

396 794 96 36 hans
523 793 236 49 anställning
785 793 64 36 vid
878 792 216 36 kontrollen
1125 792 162 49 upphör,
1316 792 154 36 komma
1489 792 12 35 i
1521 792 224 48 åtnjutande
1765 806 48 22 av
1832 792 179 48 pension;

529 850 56 31 att
603 845 232 49 pensionens
864 844 138 49 belopp
1032 857 182 36 avpassas
1244 843 95 37 efter
1367 844 233 48 tjänstårens
1616 844 102 36 antal
1734 844 71 36 och
1820 844 192 48 tjänstgö-

396 897 159 48 ringens
597 896 263 37 beskaffenhet
900 898 48 47 på
990 895 64 37 det
1096 900 86 43 sätt,
1226 900 56 31 att
1324 895 59 37 för
1417 895 106 49 varje
1551 896 163 48 tjänstår
1742 898 126 33 såsom
1897 895 116 36 förste

396 949 211 36 kontrollör
635 948 303 49 tillgodoräknas
967 953 55 30 ett
1050 947 140 49 belopp
1219 961 47 22 av
1295 949 48 34 90
1373 948 142 35 kronor
1544 947 71 37 och
1644 947 59 37 för
1722 947 107 49 varje
1848 947 165 49 tjänstår

398 1003 125 34 såsom
560 1000 212 36 kontrollör
813 1005 54 31 ett
894 999 139 49 belopp
1065 1012 45 24 av
1141 1001 47 34 60
1217 999 154 46 kronor,
1401 999 86 36 med
1516 998 248 49 iakttagande
1793 1004 55 30 att
1877 998 136 37 sådant

398 1052 357 48 tillgodoräkuande
784 1054 61 34 må
873 1057 73 43 äga
974 1064 85 23 rum
1089 1051 58 36 för
1175 1051 115 48 högst
1320 1052 48 35 30
1397 1051 175 49 tjänstår;
1609 1057 97 30 samt

530 1109 55 30 att
601 1104 106 48 varje
724 1106 53 44 år,
794 1103 187 36 varunder
996 1102 285 37 vederbörande
1297 1103 173 36 innehaft
1482 1102 257 37 förordnande
1755 1105 125 33 såsom
1896 1102 118 36 förste

397 1155 213 37 kontrollör
638 1155 90 36 eller
755 1154 222 47 kontrollör,
1006 1155 142 35 räknas
1177 1157 123 34 såsom
1322 1155 77 36 helt
1418 1154 160 48 tjänstår
1596 1154 120 36 under
1735 1154 280 47 förutsättning

398 1213 55 30 att
494 1207 314 49 tjänstgöringen
841 1207 93 35 efter
962 1206 199 36 inkallelse
1189 1206 179 36 omfattat
1397 1206 116 36 minst
1546 1206 63 36 nio
1643 1205 179 37 månader
1841 1219 47 22 av
1920 1208 92 44 året,

398 1263 67 42 att,
509 1259 129 35 därest
678 1258 312 49 tjänstgöringen
1026 1258 174 36 omfattat
1235 1257 147 36 mindre
1411 1257 60 36 del
1500 1271 48 23 av
1576 1260 91 45 året,
1697 1263 47 30 än
1773 1270 92 36 nyss
1894 1262 119 43 sagts,

398 1310 136 37 endast
575 1310 73 36 den
688 1310 68 47 tid,
797 1310 187 36 varunder
1025 1309 260 49 tjänstgöring
1321 1309 200 49 verkligen
1564 1314 65 43 ägt
1683 1322 95 33 rum,
1834 1308 180 48 tillgodo-

397 1363 139 36 räknas
564 1364 127 34 såsom
719 1362 176 48 tjänsttid
924 1361 60 36 för
1012 1361 174 49 pension,
1216 1366 101 31 samt
1345 1365 55 32 att
1427 1361 264 48 tjänstgöring
1720 1363 124 34 såsom
1869 1360 146 36 vikarie

399 1414 59 36 för
485 1414 121 37 förste
634 1413 209 37 kontrollör
870 1413 84 36 icke
982 1412 265 49 grundlägger
1274 1417 76 31 rätt
1379 1412 56 36 till
1463 1412 321 48 pension
1634 1408 19 58 i
1671 1412 113 48 sådan
1800 1412 212 48 egenskap;

530 1467 77 35 dels
644 1467 63 34 ock
745 1464 187 49 medgiva,
963 1470 56 30 att
1047 1464 258 36 kostnaderna
1334 1464 58 36 för
1419 1463 292 49 ifrågavarande
1740 1463 275 49 pensionering

400 1520 62 34 må
489 1516 190 37 bestridas
708 1529 47 23 av
783 1515 348 49 förslagsanslaget
1159 1515 56 36 till
1245 1515 167 36 kontroll
1441 1517 21 33 å
1490 1514 451 49 tillverkningsavgifter.

529 1611 74 37 Det
631 1610 266 37 ovannämnda
926 1610 186 48 förslaget
1139 1610 57 36 till
1225 1609 228 49 förordning
1473 1623 62 23 om
1556 1610 141 36 ändrad
1717 1609 144 50 lydelse
1880 1610 12 35 i
1911 1610 105 36 vissa

399 1664 104 37 delar
546 1677 48 22 av
636 1662 273 48 förordningen
952 1661 72 36 den
1070 1663 44 34 11
1146 1661 158 37 oktober
1335 1663 96 35 1907
1463 1661 197 49 angående
1688 1661 251 49 beskattning
1968 1675 48 22 av

400 1716 133 36 socker
562 1719 40 32 är
632 1728 46 23 av
706 1713 168 50 följande
902 1713 160 50 lydelse:

1091 1831 238 48 Förslag

1182 1919 51 32 till

399 1998 220 42 förordning
651 2007 57 24 om
739 1999 134 32 ändrad
906 1998 135 41 lydelse
1076 1999 13 31 i
1113 1999 94 32 vissa
1231 1998 99 32 delar
1353 2007 41 23 av
1418 1996 264 42 förordningen
1708 1997 67 33 den
1802 1996 39 32 11
1866 1997 153 33 oktober

832 2050 84 33 1907
939 2049 182 43 angående
1144 2050 233 41 beskattning
1399 2059 41 23 av
1464 2050 137 33 socker.

531 2139 236 49 Härigenom
809 2138 212 47 förordnas,
1065 2144 55 30 att
1163 2140 19 34 7
1219 2137 33 50 $,
1292 2139 45 35 13
1367 2139 62 46 $4
1458 2151 128 33 mom.,
1618 2139 45 35 18
1693 2136 20 50 $
1746 2139 17 34 1
1794 2149 128 34 mom.,
1954 2138 62 44 19,

401 2193 49 35 20
492 2191 71 37 och
602 2193 46 34 21
678 2190 56 50 $$,
765 2193 48 34 22
843 2190 20 49 8
891 2193 21 33 2
943 2203 127 34 mom.,
1101 2191 47 35 25
1178 2189 20 50 &
1228 2192 35 45 2,
1294 2192 34 44 3,
1365 2193 11 32 4
1406 2189 70 37 och
1506 2190 21 35 6
1557 2202 127 34 mom.,
1713 2190 48 35 28
1791 2187 21 50 &
1843 2190 15 34 1
1892 2188 71 36 och
1993 2190 22 34 2

400 2256 127 34 mom.,
574 2244 46 35 29
664 2241 21 50 &
729 2245 21 33 2
792 2256 127 33 mom.,
963 2244 49 34 30
1055 2241 20 50 $&
1110 2248 97 30 samt
1236 2244 47 34 37
1314 2240 20 50 $
1367 2243 17 34 1
1415 2254 113 24 mom.
1560 2240 274 49 förordningen
1863 2239 73 37 den
1969 2241 45 35 11
