2227 2650
393 177 58 31 100
929 179 229 30 Siatsutskottets
1186 180 152 30 Utlåtande
1359 181 49 29 Nr
1430 182 27 28 8.

1786 330 101 25 Kronor
1956 333 22 22 ö.

1545 464 173 42 Transport
1804 468 14 29 1
1826 425 160 81 13.210

951 566 240 34 Universiteten.

412 659 64 30 Till
497 660 204 45 anordnande
723 660 53 31 vid
799 660 219 32 universitetet
1040 661 11 30 i
1075 660 136 41 Uppsala
1231 661 35 31 af
1278 661 229 42 undervisning

495 700 11 31 1
528 701 371 41 bokförifgssssssssssrssrse
928 728 250 5 sereererrsrrererenrerrr
1187 729 59 4 reser
1262 728 51 5 sensn
1320 728 26 5 rr
1356 729 58 5 snaran
1422 729 25 5 enn
1456 729 49 5 rensa
1583 705 70 30 600:
1676 723 42 3 —

437 757 11 15 >
497 744 128 32 arfvode
663 728 33 48 åt
718 756 39 20 en
779 744 188 33 biträdande
990 745 101 32 lärare
1113 745 11 31 1
1146 745 135 32 medicin
1304 744 53 33 vid
1379 745 127 32 univer-

494 787 109 31 sitetet
625 788 10 30 i
658 787 610 42 UPPSäla......s..sseesrsrnsseosrrrsrseserersrr
1286 815 173 5 Lorensrsernnrsrn
1466 816 38 5 eran
1551 790 102 37 3,000:
1677 808 40 5 —

435 842 12 15 »
494 829 222 32 förstärkande
750 830 35 31 af
814 830 252 32 lärarkrafterna
1091 830 11 31 1
1129 831 123 41 kirurgi
1279 831 53 30 vid
1354 831 152 31 universi-

495 873 82 30 tetet
599 872 11 31 i
632 871 139 43 Uppsala
802 899 702 6 oimsssssssserreresersrsserernrrsen
1219 867 67 53 enes
1295 867 31 53 arr
1332 867 27 53 era
1365 867 14 53 nr
1388 867 28 53 son
1421 867 61 53 arenan
1488 867 20 53 na
1549 875 104 38 2,000:
1676 894 41 3 —

435 927 12 16 >
494 915 202 31 anordnande
726 916 51 31 vid
806 916 222 32 institutionen
1057 916 50 31 för
1133 916 172 32 medicinsk
1333 916 57 32 och
1413 916 95 41 fysio-

494 957 104 41 logisk
613 957 85 32 kemi
714 958 50 31 vid
786 959 242 31 universitetet
1026 953 20 52 i
1045 958 140 41 Uppsala
1201 959 34 31 af
1248 959 258 42 undervisnings-

494 983 75 49 kurs
591 1001 11 30 i
624 1000 119 32 allmän
765 1001 85 32 Kemi
869 1027 633 7 so...
1548 1003 104 39 3,000:
1675 1021 40 4 —

410 1042 120 43 Bidrag
552 1043 52 31 till
625 1044 128 31 arfvode
776 1045 34 30 åt
834 1056 38 19 en
896 1045 148 31 assistent
1066 1047 18 28 å
1106 1045 202 32 akademiska
1327 1045 178 41 sjukhusets

492 1085 12 31 1
509 1071 159 55 "Uppsala
689 1087 305 41 rÖNtgenafdelning
1002 1114 500 5 ..msmessersrrsrsrrnesieresrensnnrornr
1463 1082 41 50 rara
1549 1089 100 37 1,500:
1674 1107 40 4 —

409 1127 64 32 Till
496 1128 132 41 höjning
651 1129 35 31 af
709 1129 144 32 arfvodet
879 1130 49 31 för
953 1130 146 31 notarien
1120 1130 50 31 vid
1191 1130 194 32 medicinska
1400 1130 102 32 fakul-

493 1172 89 29 teten
606 1171 50 30 vid
681 1172 221 31 universitetet
923 1173 11 30 i
956 1172 547 48 Uppsala...
1579 1175 72 29 400:
1673 1193 41 4 —

432 1225 14 17 »
493 1213 200 32 anställande
729 1214 52 32 vid
814 1215 221 31 universitetet
1062 1215 10 31 i
1099 1214 141 43 Uppsala
1273 1215 36 31 af
1333 1215 138 32 lektorer
1493 1215 11 31 i
1726 1217 3 42 |

492 1256 102 41 tyska,
617 1256 129 31 franska
768 1257 58 31 och
850 1258 150 41 engelska
1022 1257 134 48 språken
1170 1285 331 5 m.m
1547 1259 103 38 9,000:
1674 1260 54 24 —:

433 1311 12 15 >»
492 1298 232 48 uppehållande
753 1300 53 31 vid
837 1284 219 47 universitetet
1082 1312 11 18 i
1120 1300 140 41 Uppsala
1286 1301 35 31 af
1341 1301 162 31 undervis-
1726 1303 1 35 |

492 1341 78 40 ning
592 1341 11 31 i
625 1341 128 31 nordisk
776 1341 56 31 och
853 1342 198 51 jämförande
1074 1342 215 42 fornkunskap
1303 1369 197 6 ..................
1546 1344 103 38 3,500:
1672 1359 55 32 —;

433 1395 12 16 »
492 1366 127 49 arfvode
646 1384 33 30 åt
707 1395 39 20 en
774 1383 103 33 lärare
901 1385 86 31 inom
1009 1387 253 39 ämnesgruppen
1286 1386 115 31 estetik
1423 1389 80 28 samt
1725 1416 2 23 |

491 1426 177 31 litteratur-
691 1426 57 31 och
771 1427 226 32 konsthistoria
1020 1428 52 30 vid
1096 1428 217 31 universitetet
1341 1429 4 31 i
1364 1428 139 41 Uppsala
1546 1429 103 38 3,500:
1672 1448 55 22 —;

430 1480 14 16 >»
490 1468 231 41 uppehållande
750 1469 35 31 af
810 1470 225 41 öfningarna
1022 1464 20 51 å
1063 1470 224 32 institutionen
1313 1471 50 31 för
1385 1471 118 31 allmän
1725 1503 2 3 |

490 1510 57 31 och
571 1511 161 41 analytisk
753 1512 84 31 kemi
861 1496 58 47 vid
936 1513 220 31 universitetet
1177 1513 11 31 i
1210 1513 140 41 Uppsala
1371 1539 129 6 .....n..vvn.
1546 1515 103 38 1.500:
1671 1513 56 24 —

431 1565 12 16 >
490 1553 140 41 aflöning
653 1554 34 30 åt
710 1564 39 20 en
772 1555 148 30 assistent
942 1555 52 31 vid
1011 1555 53 30 det
1081 1555 260 39 meteorologiska
1358 1557 144 30 observa-
1725 1572 1 6 |

489 1595 96 31 toriet
612 1596 10 30 1
649 1595 141 42 Uppsala
816 1599 82 29 samt
924 1597 51 31 till
1003 1597 201 32 bestridande
1234 1583 36 46 af
1294 1598 135 41 löpande
1451 1600 52 30 ut-
1934 1600 4 25 I

489 1637 98 41 gifter
610 1638 48 31 för
685 1639 36 30 de
745 1639 52 31 vid
820 1639 225 32 observatoriet
1067 1640 179 31 anordnade
1269 1641 233 40 seismologiska

489 1663 317 59 undersökningarna
830 1709 219 5 tstreserraseesrresn
1056 1709 49 4 reser
1112 1708 94 6 rsrereres
1213 1710 26 4 ass
1246 1710 16 4 sr
1270 1710 37 4 sees
1315 1710 26 4 ses
1348 1710 39 4 nere
1394 1710 14 4 sr
1417 1709 48 5 seen
1472 1709 4 5 n
1483 1710 17 4 nn
1545 1684 103 37 2,000:
1671 1690 55 21 —

429 1735 13 15 >»
489 1722 127 32 arfvode
645 1723 33 31 åt
706 1734 37 20 en
773 1724 49 31 för
848 1724 124 32 biträde
1001 1725 53 31 vid
1083 1725 122 31 arbetet
1228 1725 71 32 med
1322 1726 60 31 den
1404 1726 99 31 inter-
1724 1728 2 18 |

488 1765 175 31 nationella
696 1766 292 42 solarforskningen
1021 1767 138 32 anställd
1186 1768 148 31 assistent
1362 1768 51 31 vid
1440 1768 61 31 den
1724 1765 1 11 |

489 1807 118 41 fysiska
628 1808 223 32 institutionen
874 1793 70 47 vid
950 1810 216 31 universitetet
1188 1811 10 30 i
1222 1810 138 41 Uppsala
1370 1837 129 5 ............
1548 1811 99 38 1,500:
1669 1811 56 43 —'!

429 1862 12 16 >
488 1843 134 48 höjning
648 1851 35 30 af
708 1851 144 32 arfvodet
878 1852 49 31 för
952 1853 144 30 notarien
1125 1852 55 31 hos
1206 1852 168 32 filosofiska
1396 1853 104 31 fakul-
1723 1861 1 9 |

487 1894 89 29 teten
600 1893 52 31 vid
675 1893 220 32 universitetet
922 1895 5 30 i
950 1894 547 42 UPpSäla.........sss.rsseimsemsssnssn
1575 1896 71 31 700:
1668 1899 56 34 —!

428 1948 12 15 >»
487 1935 419 33 universitetsbiblioteket
898 1931 23 58 i
931 1937 141 48 Uppsala
1096 1964 400 6 m.m...
1525 1939 121 38 10,000:
1669 1957 54 25 —"'

428 1990 12 16 »
487 1977 205 32 anordnande
720 1979 51 30 vid
794 1980 220 31 universitetet
1043 1992 4 19 i
1069 1980 91 31 Lund
1184 1980 35 32 af
1237 1981 230 41 undervisning
1489 1981 10 30 i
1721 2014 2 3 ;

487 2019 169 41 DOKfÖLING
661 2046 49 6 sosse
717 2047 14 5 ss
739 2047 15 4 ss
772 2047 94 6 ssrssser
873 2049 38 5 ense
919 2049 48 4 seen
974 2049 39 5 eran
1020 2049 14 5 sr
1045 2049 57 5 sinar
1123 2048 36 6 aren
1178 2049 25 5 ess
1224 2050 36 5 ses
1279 2050 3 5 r
1292 2050 58 5 annie
1370 2050 14 5 en
1393 2050 12 5 er
1415 2049 47 6 noen
1480 2050 16 4 na
1574 2024 71 30 600:
1668 2033 55 19 —!

426 2075 13 16 >»
485 2062 129 31 arfrode
635 2046 35 48 åt
693 2074 40 20 en
754 2063 188 33 biträdande
964 2064 102 32 lärare
1089 2065 11 31 i
1123 2065 135 32 medicin
1278 2066 52 31 vid
1346 2066 152 31 universi-
1721 2073 2 11 |

486 2106 80 30 tetet
588 2105 10 30 i
622 2106 92 30 ILUDA
725 2132 771 8 oosssesrersssseserererrsrsrsenerrrnsrr
1186 2101 39 51 enar
1234 2101 4 51 r
1243 2101 43 51 rara
1288 2101 68 51 renare
1368 2101 32 51 ena
1412 2101 30 51 nen
1447 2101 52 51 enn
1540 2108 105 38 2.000:
1668 2127 40 4 —

426 2160 12 16 >»
485 2146 132 42 höjning
644 2148 35 31 af
698 2148 143 32 arfvodet
864 2149 50 31 för
936 2150 144 31 notarien
1103 2150 51 31 vid
1177 2151 194 31 medicinska
1392 2150 105 32 fakul-

487 2191 87 30 teten
596 2190 52 31 vid
671 2191 219 32 universitetet
913 2193 9 30 i
945 2192 92 31 Lund
1062 2219 5 5 =
1074 2219 421 6 ...sm.essrsiorssssrrssnsnnnnnn
1369 2189 116 56 een
1572 2193 72 31 2008
1694 2210 39 31 0
1838 2189 140 56 TA

1322 2260 173 42 Transport
1517 2262 126 39 45,500:
1665 2280 39 5 —
1792 2244 186 60 113,210|—
