2193 2641
743 178 228 29 Statsutskottets
999 178 152 28 Utlåtande
1174 174 52 31 Nr
1248 178 28 28 8.
1798 175 17 30 9

609 255 116 40 rande
764 254 384 48 befattningshafvare
1183 267 90 29 vara
1299 254 256 39 underkastad
1582 254 45 37 de
1655 254 162 37 ändrade

609 308 279 37 bestämmelser
926 309 12 34 i
980 307 157 36 berörda
1175 307 219 45 hänseende,
1432 320 81 24 som
1549 307 127 37 kunna
1702 306 116 37 varda

609 359 246 38 fastställda».

539 512 248 36 Karolinska
814 510 416 46 mediko-kirurgiska
1257 510 231 44 institutet.

310 616 72 43 5:0)
422 615 136 46 Kungl.
594 614 103 47 Maj:t
731 615 69 36 har
834 614 128 36 vidare
998 614 191 46 föreslagit
1225 613 212 46 Riksdagen
1465 618 55 30 att
1546 613 88 45 höja
1666 613 62 36 det
1755 612 62 36 all-
1841 644 24 24 ac
1883 602 112 66 Ökning

207 675 138 29 männa
384 667 352 45 materiellanslaget
762 666 65 36 vid
866 665 215 37 karolinska
1118 665 372 45 mediko-kirurgiska
1524 664 186 36 institutet
1735 663 84 37 från
1861 662 143 54 allmänna

206 719 83 36 dess
316 718 216 37 nuvarande
559 731 154 32 summa,
744 718 131 45 17,500
902 717 148 44 kronor,
1077 717 61 35 till
1166 718 132 43 22,000
1325 717 149 44 kronor,
1498 716 89 35 eller
1605 715 85 36 med
1709 716 109 44 4,500

209 763 148 57 kronor.
1975 765 4 4 |

1938 789 13 28 >

309 820 256 46 Utredningen
596 820 13 35 i
641 819 152 36 ärendet
820 818 195 36 återfinnes
1044 831 21 22 å
1092 817 66 36 sid.
1189 819 146 34 14—19
1363 818 13 34 i
1405 816 414 47 statsrådsprotokollet.
1887 788 64 48 [4.]

309 922 139 45 Ehuru,
466 921 49 47 på
540 926 75 32 sätt
642 920 41 37 af
706 919 402 48 departementscheten
1135 919 225 45 framhålles,
1380 919 71 36 den
1473 918 165 48 begärda
1656 919 164 46 anslags-

209 972 262 47 förhöjningen
497 972 116 37 måste
641 984 105 24 anses
773 972 110 45 högst
910 970 179 42 afsevärd,
1118 970 67 36 vill
1212 971 116 35 likväl
1354 970 191 44 utskottet,
1574 969 48 36 då
1647 968 173 43 behofvet

210 1024 42 36 af
275 1025 215 36 densamma
516 1036 107 33 synes
650 1023 60 37 till
735 1022 95 37 fullo
859 1022 235 46 ådagalagdt,
1122 1021 29 46 ej
1181 1026 177 32 motsätta
1385 1021 55 46 sig
1467 1021 72 36 den
1562 1021 133 46 gjorda
1712 1020 108 40 fram-

209 1077 240 45 ställningen;
478 1076 69 35 och
572 1074 57 36 får
655 1074 182 36 utskottet
862 1073 102 45 förty
990 1073 206 45 hemställa,

714 1130 54 31 att
794 1124 211 46 Riksdagen
1032 1123 61 37 må
1120 1124 86 46 höja
1230 1123 62 36 det
1312 1124 191 38 allmänna
1520 1123 303 36 materiellansla-

612 1182 61 40 get
699 1176 64 37 vid
785 1176 216 36 karolinska
1028 1175 377 45 mediko-kirurgiska
1431 1174 186 37 institutet
1641 1173 83 41 från
1743 1173 80 37 dess

612 1227 217 37 nuvarande
869 1240 154 32 summa,
1067 1227 131 44 17,500
1236 1226 153 45 kronor,
1424 1226 60 35 till
1512 1226 132 45 22,000
1671 1226 149 45 kronor,

613 1280 90 35 eller
729 1279 86 35 med
843 1280 107 43 4,500
978 1279 148 35 kronor.

314 1361 70 50 6:0)
420 1364 137 46 Kungl.
593 1363 103 47 Maj:t
722 1364 69 35 har
816 1362 191 47 föreslagit
1033 1362 213 46 Riksdagen
1273 1366 55 31 att
1354 1362 89 45 höja
1470 1362 167 45 anslaget
1663 1361 60 36 till
1749 1375 73 22 ma-
1850 1357 19 58 =
1885 1368 79 39 Höjdt

210 1415 122 36 teriell
365 1415 59 36 för
460 1415 71 36 den
566 1414 317 46 farmakologiska
913 1414 261 36 institutionen
1205 1412 65 37 vid
1296 1413 216 35 karolinska
1539 1411 357 49 mediko-kirurr,s
1922 1404 41 63 för
1977 1402 46 57 far

212 1467 106 46 giska
343 1467 186 35 institutet
554 1465 83 37 från
666 1465 81 37 dess
774 1465 218 37 nuvarande
1019 1465 145 46 belopp,
1194 1465 71 35 500
1292 1464 150 44 kronor,
1465 1463 61 36 till
1546 1464 106 44 1,000
1670 1464 149 43 kronor,
1835 1470 172 39 makologiska

210 1518 90 36 eller
325 1517 85 37 med
439 1518 71 35 500
537 1518 149 35 kronor.
1833 1506 181 88 Bl

313 1601 53 37 På
402 1602 123 46 grund
556 1601 41 37 af
620 1601 100 36 hvad
746 1601 60 35 till
833 1600 83 36 stöd
941 1599 59 37 för
1026 1599 323 46 framställningen
1378 1599 13 35 i
1418 1598 405 47 statsrådsprotokollet

215 1650 82 49 (sid.
327 1651 164 46 19—21)
518 1652 256 44 förekommer,
801 1651 57 36 får
883 1652 182 35 utskottet
1091 1651 206 45 hemställa,

718 1708 54 30 att
810 1702 211 46 Riksdagen
1060 1701 62 36 må
1159 1701 88 45 höja
1273 1701 171 45 anslaget
1469 1700 61 36 till
1555 1701 183 35 materiell
1765 1700 59 36 för

616 1754 72 36 den
714 1753 315 46 farmakologiska
1055 1753 260 35 institutionen
1345 1751 63 37 vid
1430 1751 215 36 karolimska
1663 1751 160 36 mediko-

615 1805 211 46 kirurgiska
864 1805 186 36 institutet
1090 1803 84 36 från
1214 1803 81 36 dess
1333 1802 217 37 nuvarande
1576 1802 145 47 belopp,
1750 1803 72 36 300

616 1857 149 45 kronor,
792 1856 60 36 till
881 1857 106 45 1,000
1014 1856 149 45 kronor,
1191 1855 89 35 eller
1311 1854 86 36 med
1425 1855 71 35 500
1523 1854 148 36 kronor.

317 1938 71 50 7:0)
429 1941 139 37 Vidare
607 1941 69 35 har
709 1940 137 47 Kungl.
878 1940 102 47 Maj:t
1006 1940 193 46 föreslagit
1224 1939 214 46 Riksdagen
1466 1944 54 31 att
1554 1938 22 36 å&
1611 1939 214 46 karolinska
1839 1938 169 59 Vaktmästare

215 1992 374 46 mediko-kirurgiska
614 1992 203 36 institutets
844 1997 73 31 stat
944 1990 160 48 uppföra
1131 2004 45 23 en
1202 1989 442 47 vaktmästarbefattning
1669 1990 64 39 vid
1756 1989 174 38 far-logiska
1945 1981 72 50 insti

214 2044 259 45 makologiska
511 2044 261 35 institutionen
806 2043 85 36 med
932 2042 196 40 enahanda
1163 2041 379 47 aflöningsförmåner,
1570 2054 80 33 som
1677 2049 62 28 äro
1766 2042 58 36 be-
1864 2041 121 24 tutionen.

214 2095 146 36 stämda
385 2094 60 37 för
470 2094 218 37 nuvarande
708 2095 249 36 vaktmästare
980 2093 65 38 vid
1067 2094 195 45 institutet,
1289 2093 86 36 med
1402 2093 214 46 skyldighet
1641 2092 59 37 för
1725 2093 99 36 inne-
1855 2078 18 66 =
1899 2082 62 50 [6-]

214 2145 180 37 hafvaren
421 2151 55 32 att
502 2159 90 23 vara
618 2146 254 37 underkastad
891 2146 45 35 de
953 2145 58 36 för
1030 2145 107 36 dessa
1156 2144 203 39 förmåners
1379 2144 218 46 åtnjutande
1616 2143 209 41 fastställda

214 2197 138 36 villkor
393 2197 68 36 och
495 2197 287 46 bestämmelser,
823 2201 95 31 samt
958 2201 55 31 att
1050 2195 59 37 för
1145 2195 212 41 ändamålet
1389 2195 138 46 bevilja
1554 2200 53 30 ett
1634 2196 129 46 anslag
1789 2194 40 36 af

220 2249 105 41 1,200
352 2248 148 37 kronor.

316 2312 64 26 Bih.
399 2312 42 26 till
459 2312 97 25 Biksd.
578 2312 73 25 Prot.
674 2311 85 27 19160.
797 2311 16 26 4
832 2311 84 26 Saml.
955 2312 14 25 1
988 2311 70 33 Afd.
1103 2311 17 26 8
1140 2311 81 33 Häft.
1710 2310 16 26 2
