2226 2636
708 158 343 32 Jordbruksutskottets
1073 159 163 32 utlåtande
1259 160 53 32 Nr
1335 161 52 31 51.
1779 163 19 32 9

646 237 140 47 ningen
806 239 60 33 må
885 250 67 23 var
971 237 58 36 för
1048 237 61 49 sig
1128 238 85 35 med
1228 238 12 35 i
1256 239 411 48 statsrådsprotokollet
1687 241 156 47 angivet

646 288 150 36 område
839 288 81 36 från
957 289 101 36 förra
1096 289 305 37 militiebostället
1430 293 18 33 1
1480 291 139 35 mantal
1649 290 193 39 Sandåker

644 352 46 22 nr
719 341 18 34 1
768 340 84 36 med
889 340 139 36 Jörane
1056 353 46 23 nr
1134 343 31 43 1,
1195 354 46 23 en
1270 341 137 49 utjord,
1436 342 12 35 i
1475 342 91 35 Dals
1595 342 79 36 Eds
1703 343 139 36 socken

645 404 47 22 av
725 384 211 55 Älvsborgs
963 392 62 36 län
1054 366 173 79 upplåtas
1256 393 121 48 enligt
1404 393 258 47 kungörelsen
1692 388 71 42 den
1795 397 43 34 17

645 442 158 36 oktober
846 445 96 34 1913
985 444 197 47 angående
1223 444 168 48 grunder
1432 421 75 59 för
1529 445 228 49 upplåtande
1795 460 47 21 av

644 494 428 49 egnahemslägenheter
1108 495 83 36 från
1228 496 103 35 vissa
1363 495 353 49 kronoegendomar
1744 507 96 26 samt

644 545 84 36 med
764 545 185 37 förbehåll
990 559 59 23 om
1079 551 76 32 rätt
1183 547 56 36 till
1269 547 70 36 fria
1366 547 257 48 utfartsvägar
1651 548 57 36 för
1735 549 106 36 inne-

643 596 136 37 havare
822 610 46 23 av
908 598 270 47 lägenheterna
1213 598 94 36 Lilla
1336 598 194 48 Smedkas,
1560 600 129 46 Näset,
1720 600 119 36 Brun-

643 648 107 36 dalen
780 648 71 37 och
878 648 184 37 Försöket
1091 655 88 31 över
1206 650 312 37 stamhemmanet
1538 656 99 31 samt
1657 652 58 35 för
1734 652 105 36 inne-

642 699 138 37 havare
826 714 47 22 av
913 701 229 48 lägenheten
1184 701 119 37 Näset
1345 707 90 32 över
1475 703 229 48 lägenheten
1745 703 95 37 Lilla

644 750 194 48 Smedkas,

770 805 73 35 dels
885 806 62 34 ock
975 810 56 30 att
1059 809 56 31 ett
1143 805 11 35 i
1183 800 411 72 statsrådsprotokollet
1623 806 217 36 omförmält

641 855 150 36 område
819 868 61 23 om
912 857 106 34 1.175
1050 856 133 36 hektar
1211 859 60 33 må
1299 857 84 35 från
1410 857 235 48 egendomen
1666 858 173 48 försäljas

640 906 57 36 till
725 906 35 37 J.
781 906 49 36 M.
851 907 217 36 Johansson
1098 914 79 30 mot
1196 921 46 23 en
1263 908 257 48 köpeskilling
1539 922 47 22 av
1607 910 74 35 300
1701 910 138 36 kronor

641 963 54 30 att
721 958 141 36 betalas
889 959 53 36 vid
965 959 198 37 tillträdet
1191 965 97 31 samt
1315 960 119 36 under
1461 960 151 36 villkor:

768 1015 54 30 att
866 1010 165 49 köparen
1077 1011 108 47 skall,
1232 1012 67 35 där
1345 1014 40 33 så
1426 1011 81 36 från
1547 1012 167 36 kronans
1756 1013 82 36 sida

639 1061 206 48 påfordras,
862 1062 161 49 uppföra
1042 1062 71 36 och
1135 1064 56 34 för
1212 1063 199 36 framtiden
1432 1063 220 36 underhålla
1667 1066 170 46 stängsel

640 1113 11 34 1
681 1113 189 36 områdets
899 1118 116 43 gräns
1044 1120 80 30 mot
1152 1115 164 36 kronans
1344 1115 122 44 mark;
1497 1121 99 30 samt

768 1170 55 30 att
859 1165 166 49 köparen
1061 1179 130 22 ensam
1220 1166 94 36 skall
1344 1166 209 36 vidkännas
1582 1166 254 37 kostnaderna

639 1215 57 36 för
737 1217 190 35 områdets
968 1216 235 49 avskiljande
1244 1217 71 36 och
1347 1218 132 48 övriga
1506 1219 85 35 med
1621 1219 115 48 köpet
1765 1219 71 36 och

638 1267 139 48 lagfart
805 1268 89 36 därå
923 1268 179 36 förenade
1129 1269 218 45 kostnader;

769 1319 96 49 12:0)
907 1326 54 30 att
1008 1320 140 64 fjorton
1189 1321 11 35 i
1242 1320 410 58 statsrådsprotokollet
1698 1323 137 35 omför-

639 1371 123 36 mälda
790 1371 219 58 lägenheter
1037 1375 72 44 må,
1138 1386 68 22 var
1232 1373 60 36 för
1320 1386 60 35 sig
1409 1373 111 36 med
1505 1367 26 66 i
1543 1386 144 23 samma
1708 1380 126 43 proto-

638 1422 78 36 koll
761 1423 156 47 angivet
960 1397 163 88 område,
1169 1424 83 36 från
1297 1401 104 59 förra
1445 1424 309 37 militiebostället
1795 1423 39 43 Ya

638 1474 142 36 mantal
809 1473 156 38 Sörböle
992 1488 45 23 nr
1068 1475 52 36 1:i
1141 1475 118 36 Tössö
1289 1476 140 36 socken
1456 1489 47 22 av
1529 1470 214 55 Älvsborgs
1772 1477 62 36 län

637 1526 174 48 upplåtas
858 1525 120 49 enligt
1023 1526 256 48 kungörelsen
1326 1527 72 36 den
1446 1529 42 34 17
1532 1528 157 36 oktober
1736 1530 96 35 1913

637 1577 196 48 angående
876 1577 167 48 grunder
1076 1577 58 37 för
1161 1578 230 49 upplåtande
1419 1592 46 23 av
1493 1579 340 49 egnahemslägen-

637 1628 105 37 heter
783 1629 84 36 från
908 1630 100 35 vissa
1049 1629 351 49 kronoegendomar
1434 1636 96 30 samt
1563 1630 85 37 med
1674 1636 74 31 rätt
1775 1632 58 35 till

638 1679 256 49 utfartsvägar
920 1683 49 46 på
997 1685 75 31 sätt
1100 1680 326 58 domänstyrelsen
1454 1682 209 48 föreslagit;

768 1731 97 48 13:o)
894 1734 75 34 dels
1009 1737 56 48 att
1104 1736 63 32 två
1202 1746 10 22 i
1242 1733 412 49 statsrådsprotokollet
1694 1734 138 36 omför-

635 1783 137 46 mälda,
814 1783 84 36 med
939 1783 70 36 litt.
1043 1776 35 43 Å
1107 1784 70 36 och
1205 1777 36 43 Å
1268 1785 230 36 betecknade
1525 1785 220 49 lägenheter
1773 1790 60 32 må

636 1835 84 35 med
739 1812 33 58 i
772 1848 143 23 samma
943 1835 190 49 protokoll
1162 1836 154 48 angivet
1344 1836 150 37 område
1522 1837 84 36 med
1631 1837 136 48 tillägg
1787 1852 45 22 av

636 1886 169 36 därinom
834 1886 164 36 varande
1028 1886 104 37 delar
1160 1900 47 23 av
1235 1888 71 36 den
1335 1888 84 36 med
1448 1889 222 48 ägofiguren
1694 1902 44 23 nr
1760 1891 70 34 108

634 1937 231 37 betecknade
902 1944 74 41 väg
1003 1938 85 36 från
1115 1939 264 48 kronoparken
1407 1939 223 50 Mösseberg
1658 1941 173 48 försäljas

633 1989 57 35 till
718 1968 270 58 Vilske-Kleva
1017 1990 184 36 kommun
1230 1993 58 34 för
1315 2004 46 23 en
1390 1991 257 49 köpeskilling
1683 2006 46 22 av
1757 1993 73 35 till-

633 2040 100 49 hopa
765 2042 75 35 470
868 2041 139 36 kronor
1035 2047 55 30 att
1118 2043 175 48 erläggas
1321 2042 64 36 vid
1413 2043 181 36 tillträdet
1622 2049 96 31 samt
1747 2045 83 35 med

635 2092 218 49 skyldighet
880 2093 59 35 för
965 2093 166 49 köparen
1160 2099 54 31 att
1242 2107 128 23 ensam
1399 2094 113 49 gälda
1531 2094 45 36 de
1595 2095 84 36 med
1700 2096 129 47 lägen-

633 2143 173 37 heternas
853 2144 234 49 avskiljande
1129 2146 70 35 och
1240 2146 140 48 lagfart
1421 2149 20 33 å
1477 2147 131 47 fånget
1651 2147 179 36 förenade

633 2195 202 37 kostnader
876 2201 178 31 ävensom
1097 2202 54 30 att
1191 2198 156 48 upplåta
1381 2198 158 36 berörda
1566 2199 179 47 vägdelar
1772 2199 57 35 till

635 2247 81 35 fritt
744 2247 252 48 begagnande
1025 2250 123 34 såsom
1178 2254 89 43 väg;

277 2306 129 42 Bihang
429 2307 48 31 till
500 2307 188 41 riksdagens
706 2308 156 40 protokoll
886 2308 94 31 1915.
1025 2309 42 31 10
1091 2310 88 30 saml.
1226 2310 42 31 28
1290 2308 79 41 häft.
1415 2310 65 40 (Nr
1503 2310 153 36 49—52.)
1764 2311 19 30 2
