2226 2650
827 167 341 34 Jordbruksutskottets
1191 163 163 33 utlåtande
1378 163 52 31 Nr
1453 163 50 29 51.

896 248 73 34 dels
985 248 62 33 ock
1063 251 55 29 att
1135 242 225 50 uppgörelse
1377 243 60 33 må
1453 240 129 35 träffas
1599 237 85 36 med
1700 235 267 37 lantbrukaren

765 299 148 37 Anders
955 297 219 37 Andersson
1203 298 20 32 å
1253 294 140 35 Rörum
1432 305 44 22 nr
1505 293 47 33 23
1587 303 60 22 om
1677 285 292 39 överlämnande

766 352 56 36 till
852 351 139 36 honom
1021 362 46 22 av
1096 344 308 49 laxöringsfisket
1438 343 5 35 i
1475 343 158 35 Rörums
1662 353 111 23 norra
1792 343 20 32 å
1833 337 136 37 mellan

766 406 68 33 åns
864 402 133 47 utlopp
1017 401 10 34 i
1048 400 114 35 havet
1191 398 70 35 och
1290 397 73 35 den
1391 394 122 49 punkt
1541 406 47 23 av
1608 395 59 44 ån,
1688 391 67 36 där
1773 392 196 46 rågången

767 454 137 36 mellan
947 450 245 38 Svabesholm
1237 448 70 36 och
1349 447 140 35 Rörum
1531 448 167 32 närmast
1738 442 114 35 havet
1885 440 86 36 skär

769 509 58 41 ån,
870 509 80 31 mot
990 516 46 23 en
1079 500 211 47 ersättning
1332 498 57 35 till
1430 497 146 35 kronan
1610 495 30 47 ej
1672 492 298 48 understigande

769 558 74 34 300
886 555 139 36 kronor
1062 553 71 35 och
1170 556 77 31 mot
1276 550 61 35 det
1366 554 53 30 att
1446 547 220 36 fiskerätten
1695 546 14 34 i
1737 544 72 36 den
1838 543 59 36 del
1925 556 47 22 av

769 610 59 44 ån,
871 619 79 23 som
993 605 78 35 helt
1111 604 125 47 ligger
1277 601 103 35 inom
1423 597 267 37 Svabesholms
1732 589 239 58 ägoområde,

769 665 92 30 utan
890 656 213 47 ersättning
1131 654 186 36 överlåtes
1347 655 20 32 å
1396 651 162 43 kronan;

903 707 98 49 10:0)
1044 708 73 35 dels
1159 710 53 31 att
1247 706 64 34 två
1340 703 11 35 i
1381 698 412 52 statsrådsprotokollet
1834 696 139 38 omför-

770 761 137 45 mälda,
937 759 84 37 med
1050 759 71 36 litt.
1160 758 8 35 I
1197 756 70 36 och
1296 768 46 23 nr
1374 755 44 35 19
1448 750 229 39 betecknade
1706 749 178 38 områden
1914 751 59 33 må

772 814 82 35 från
883 813 102 36 förra
1013 808 311 39 militiebostället
1356 808 18 34 1
1405 805 143 36 mantal
1577 802 158 49 Skegrie
1764 815 46 22 nr
1837 801 45 35 10
1903 799 71 37 och

774 867 44 34 17
849 865 12 35 i
890 863 162 48 Skegrie
1099 861 138 36 socken
1279 872 47 22 av
1367 856 212 37 Malmöhus
1620 855 61 35 län
1716 851 173 49 försäljas
1917 851 58 35 till

772 915 166 37 skånska
964 916 264 34 lantmännens
1247 908 282 47 lokalförening
1547 907 13 35 i
1579 905 159 48 Skegrie
1757 918 48 22 m.
1827 904 35 36 b.
1884 917 35 35 p.
1941 916 32 22 a.

773 974 79 30 mot
881 980 46 23 en
955 963 256 51 köpeskilling
1239 975 47 22 av
1316 962 111 45 2,225
1457 959 140 36 kronor
1624 962 55 31 att
1707 956 178 48 erläggas
1912 954 62 36 vid

774 1018 181 37 tillträdet
996 1017 69 36 och
1104 1014 86 37 med
1224 1011 185 38 förbehåll
1450 1024 61 22 om
1552 1013 75 32 rätt
1660 1008 58 36 för
1745 1006 231 37 innehavare

775 1085 47 22 av
849 1070 228 48 lägenheten
1105 1067 69 36 litt.
1204 1065 37 36 II
1269 1069 56 31 att
1353 1069 90 43 taga
1462 1062 215 47 utfartsväg
1697 1064 90 31 över
1807 1057 169 37 området

774 1123 70 36 litt.
886 1122 6 36 I
921 1126 101 32 samt
1049 1120 13 35 i
1090 1118 126 48 övrigt
1243 1116 121 36 under
1391 1114 151 37 villkor:

906 1179 55 30 att
989 1171 227 47 föreningen
1244 1168 96 37 skall
1364 1167 12 36 i
1400 1170 168 45 gränsen
1596 1164 138 36 mellan
1762 1161 214 46 områdena,

776 1229 21 34 å
824 1239 81 33 ena,
940 1228 99 33 samt
1066 1221 256 50 egendomens
1351 1219 134 47 övriga
1512 1216 120 46 mark,
1662 1218 21 34 å
1712 1214 117 37 andra
1857 1212 119 47 sidan,

774 1282 192 45 uppsätta,
996 1276 125 36 därest
1149 1276 40 34 så
1217 1272 83 37 icke
1327 1270 116 37 redan
1472 1269 111 46 skett,
1609 1268 71 36 och
1699 1266 59 37 för
1778 1264 200 37 framtiden

775 1328 222 38 underhålla
1023 1326 177 48 lämpligt
1228 1322 187 49 stängsel;
1446 1326 98 31 samt

907 1385 55 31 att
1004 1377 226 47 föreningen
1271 1387 129 24 ensam
1442 1371 96 37 skall
1574 1370 212 37 vidkännas
1819 1368 46 36 de
1894 1367 84 36 med

777 1432 221 37 områdenas
1039 1427 237 49 avskiljande
1318 1426 70 36 och
1424 1423 141 49 lagfart
1593 1425 20 33 å
1641 1422 134 48 fånget
1803 1419 176 37 förenade

776 1483 221 44 kostnader;

909 1536 74 36 dels
1025 1535 61 35 ock
1127 1537 54 31 att
1214 1531 31 49 ej
1278 1528 147 38 mindre
1453 1541 46 23 en
1528 1527 12 35 i
1569 1523 413 50 statsrådsprotokollet

779 1586 239 47 omförmäld,
1060 1584 86 37 med
1186 1583 70 36 litt.
1286 1581 36 37 II
1362 1578 210 39 betecknad
1600 1576 180 50 lägenhet
1808 1581 48 30 än
1885 1580 96 31 även

779 1645 53 31 ett
867 1640 5 36 i
900 1651 145 24 samma
1085 1634 189 52 protokoll
1317 1630 228 47 omförmält,
1588 1629 85 36 med
1715 1627 266 50 ägofigurerna

779 1705 45 23 nr
851 1692 62 46 46,
951 1692 46 34 47
1043 1688 72 37 och
1156 1688 47 34 48
1246 1684 205 38 betecknat
1478 1680 306 50 torvjordsskifte
1812 1681 61 34 må
1900 1683 83 31 vart

781 1744 58 35 för
879 1743 61 48 sig
981 1740 85 37 med
1095 1740 12 36 i
1135 1737 229 50 protokollet
1392 1735 154 49 angivet
1581 1732 153 37 område
1775 1731 83 36 från
1886 1730 97 36 före-

780 1795 165 36 nämnda
973 1789 311 51 kronoegendom
1314 1787 159 48 Skegrie
1501 1799 46 22 nr
1577 1785 46 35 10
1649 1784 71 36 och
1742 1785 44 34 17
1809 1781 174 50 upplåtas

782 1846 121 49 enligt
945 1843 257 50 kungörelsen
1244 1841 73 36 den
1361 1842 43 33 17
1450 1837 157 37 oktober
1650 1837 97 34 1913
1786 1832 198 50 angående

782 1898 191 49 grunder"
991 1897 57 35 för
1087 1892 230 52 upplåtande
1358 1905 47 22 av
1442 1886 431 52 egnahemslägenheter
1901 1885 82 36 från

782 1951 102 35 vissa
911 1946 367 50 kronoegendomar,
1308 1942 86 38 med
1422 1940 247 49 iakttagande
1698 1944 54 31 att
1781 1936 203 50 torvjords-

787 2002 132 36 skiftet
959 2000 172 50 upplåtes
1172 1997 250 36 tillsammans
1457 1993 84 36 med
1570 1997 54 31 ett
1650 1990 98 37 intill
1777 1990 208 36 detsamma

787 2053 195 49 liggande,
1024 2052 55 36 till
1120 2051 101 35 förra
1261 2045 310 39 militiebostället
1603 2045 17 35 1
1650 2042 144 37 mantal
1829 2040 157 48 Skegrie

788 2119 45 23 nr
875 2108 45 33 27
951 2105 12 36 i
991 2100 265 40 ovannämnda
1297 2099 138 37 socken
1477 2097 70 36 och
1588 2096 62 36 län
1691 2092 168 38 hörande
1887 2099 100 29 torv-

784 2157 239 49 jordsskifte;

922 2207 96 50 11:0)
1048 2208 73 35 dels
1150 2210 54 31 att
1231 2202 269 50 lägenheterna
1528 2200 94 36 Lilla
1645 2197 194 47 Smedkas,
1860 2196 127 46 Näset,

788 2260 227 47 Brundalen,
1045 2257 183 38 Försöket
1256 2255 71 37 och
1357 2252 191 38 Stolterud
1577 2256 98 32 samt
1698 2249 173 37 utskiftet
1889 2248 99 36 Rön-
