1882 2826
459 156 125 30 Första
615 156 254 35 lagutskottets
898 155 190 31 utlåtande
1119 155 50 30 Nr
1192 156 51 27 28.
1523 154 36 30 13

93 243 97 20 vaere
226 233 78 30 flere
340 233 180 30 Revisorer
552 241 41 26 og
627 232 130 30 mindst
784 242 41 20 en
854 232 37 30 af
914 232 88 30 disse
1026 232 72 30 skal
1126 242 98 19 vaere
1247 233 293 29 statsautoriseret.
1589 232 10 30 I

90 277 107 30 andre
220 276 179 31 Selskaber
424 277 67 29 kan
514 275 238 35 Aktionaerer,
776 276 59 30 der
859 276 70 35 ejer
952 286 42 20 en
1017 275 175 30 "Trediedel
1216 276 36 29 af
1274 276 65 30 den
1364 286 64 25 paa
1449 276 156 30 General-

91 321 248 34 forsamlingen
365 319 287 36 repraesenterede
677 319 246 36 Aktiekapital,
949 320 136 34 kraeve,
1109 321 37 28 at
1169 319 60 30 der
1244 320 73 29 skal
1336 329 100 20 vaere
1452 329 39 20 en
1508 321 96 28 stats-

92 365 203 29 autoriseret
319 364 153 30 Revisor.

135 407 146 36 Vaelges
315 408 32 29 et
378 407 284 30 Revisionsfirma
691 406 83 30 eller
801 408 33 28 et
858 406 316 30 Revisionsselskab
1198 406 40 30 til
1263 406 154 35 Revisor,
1441 406 74 30 skal
1539 406 64 30 den

91 450 136 36 Person,
253 451 102 29 hvem
379 450 205 30 Revisionen
609 449 212 35 overdrages,
845 449 136 35 opfylde
1006 449 39 30 de
1071 449 219 30 foreskrevne
1315 450 219 34 Betingelser.

135 494 238 34 Aktionaerer,
408 493 60 30 der
499 493 70 35 ejer
601 502 43 20 en
677 492 175 35 Fyjerdedel
881 493 36 29 af
944 492 293 35 Aktiekapitalen,
1262 493 66 29 kan
1352 493 192 34 bestemme,
1569 495 36 27 at

91 537 203 30 Ministeren
319 536 53 30 for
395 536 165 34 Industri,
585 535 136 31 Handel
745 545 42 25 og
810 535 118 30 Sofart
951 536 74 29 skal
1049 535 173 35 opfordres
1246 535 40 30 til
1310 537 35 28 at
1368 535 178 30 udnaevne
1563 545 41 20 en

93 580 152 35 Revisor,
271 579 58 31 der
354 579 197 31 fortrinsvis
575 579 74 30 skal
674 588 100 21 vaere
790 579 297 34 statsautoriseret,
1105 587 42 27 og
1165 579 172 30 fastsaette
1354 579 55 30 det
1426 579 178 35 Vederlag,

91 623 177 31 Selskabet
293 623 72 30 skal
390 623 63 36 yde
477 622 119 30 denne.

135 667 205 31 Udnaevnes
374 666 179 31 Revisorer
585 666 36 29 af
648 665 56 30 det
727 665 175 35 offentlige
925 666 12 28 i
962 665 134 30 Medfeor
1119 666 37 29 af
1180 660 256 36 foranstaaende
1461 665 143 31 Bestem-

91 710 104 31 melse
229 710 83 30 eller
344 710 104 30 andre
481 709 337 35 Lovbestemmelser,
843 708 188 31 bortfalder
1054 709 300 30 Bestemmelserne
1378 719 55 20 om
1458 709 88 35 Valg
1569 709 36 30 af

89 755 287 30 statsautoriseret
400 754 141 30 Revisor
565 754 11 29 i
601 753 109 30 denne
733 752 186 36 Paragrafs
943 752 76 31 2det
1043 752 140 37 Stykke.

135 824 74 30 Den
233 824 125 30 norska
381 823 72 30 Lov
477 833 55 20 om
555 822 264 35 aktieselskaper
842 831 42 27 og
908 822 494 36 kommandit-aktieselskaper
1421 833 45 20 av
1482 823 64 30 den
1564 823 40 30 19

90 877 68 35 juli
194 876 84 30 1910
307 875 192 31 innehåller
523 874 211 31 beträffande
758 874 194 30 revisionen
976 874 11 30 i
1011 875 18 37 $
1053 875 40 29 65
1119 874 151 36 följande
1294 874 186 36 stadgande
1504 875 11 29 i
1539 875 65 30 den

89 928 201 35 avfattning
325 927 54 31 det
413 927 141 30 erhållit
588 927 86 29 efter
708 927 91 29 vissa
832 934 123 27 genom
989 926 56 35 lag
1078 926 65 30 den
1172 926 39 30 26
1240 926 66 35 juli
1331 926 84 30 1916
1440 926 164 36 vidtagna

90 980 206 36 ändringar:

135 1042 18 37 $
177 1041 51 30 65.
274 1040 55 31 Til
352 1041 20 29 å
396 1040 106 30 foreta
521 1039 336 36 forretningsmessig
874 1039 150 36 revisjon
1041 1049 45 21 av
1102 1039 182 36 selskapets
1300 1039 171 31 bokfersel
1487 1039 117 37 velger

91 1084 361 36 representantskapet,
488 1083 87 31 hvor
609 1083 124 31 sådant
767 1083 118 35 finnes,
918 1091 42 28 og
995 1083 102 31 ellers
1131 1083 395 36 generalforsamlingen,
1562 1093 42 21 en

90 1128 85 31 eller
209 1128 79 31 flere
323 1128 178 31 revisorer.
548 1127 91 30 Hvis
671 1127 168 35 selskapet
870 1126 80 31 ikke
982 1127 63 30 har
1069 1127 327 36 representantskap,
1422 1127 82 30 eller
1526 1127 79 30 hvis

91 1172 201 31 vedtektene
327 1172 82 30 eller
443 1170 387 37 generalforsamlingen
864 1171 201 30 bestemmer
1099 1171 66 35 det,
1200 1170 75 31 skal
1303 1170 192 36 revisjonen
1524 1172 81 35 også

90 1216 144 31 omfatte
258 1216 251 35 forretningens
533 1214 94 31 drift.

134 1259 394 36 Genreralforsamlingen
551 1258 120 36 velger
693 1258 89 36 årlig
805 1257 167 31 decisorer
995 1258 87 30 hvor
1105 1258 152 31 sådanne
1280 1268 35 20 er
1337 1258 130 36 påbudt
1490 1258 12 30 i
1526 1258 78 31 ved-

89 1303 146 35 tektene,
259 1303 84 30 eller
367 1303 152 35 forovrig
543 1311 117 21 ansees
684 1302 172 35 påkrevet.

134 1346 165 31 Hverken
333 1346 165 31 revisorer
521 1345 85 31 eller
628 1345 166 31 decisorer
817 1346 57 29 må
897 1354 101 21 vaere
1021 1345 223 31 medlemmer
1266 1356 44 20 av
1334 1347 118 34 styret,
1477 1346 127 32 inneha

90 1399 112 27 nogen
237 1391 109 35 styret
376 1389 232 31 underordnet
642 1389 136 36 stilling
802 1389 12 29 i
838 1388 166 36 selskapet
1039 1389 84 30 eller
1157 1398 100 21 vaere
1292 1389 66 36 gift
1391 1389 77 30 med
1503 1392 101 33 noget

90 1434 147 31 medlem
270 1444 46 20 av
350 1435 108 34 styret
492 1433 82 30 eller
602 1432 163 36 beslegtet
791 1432 83 30 eller
902 1432 179 36 besvogret
1105 1432 78 31 med
1206 1434 100 34 noget
1329 1432 239 37 styremedlem
1592 1435 11 30 i

92 1479 66 29 rett
181 1488 54 25 op-
258 1477 83 31 eller
363 1476 221 37 nedstigende
608 1476 84 36 linje
715 1476 82 30 eller
820 1476 12 30 i
855 1476 183 36 sidelinjen
1063 1477 36 29 så
1123 1486 83 21 naer
1229 1486 71 21 som
1323 1476 173 31 seskende.

135 1522 181 30 Revisorer
340 1522 57 29 må
420 1521 79 30 ikke
523 1520 45 31 ha
591 1520 59 30 lån
667 1520 12 30 i
695 1520 83 30 eller
798 1522 140 34 antages
954 1530 73 20 som
1044 1520 231 36 kausjonister
1290 1520 84 31 eller
1389 1521 214 31 endossenter

92 1565 53 31 for
168 1575 66 26 nye
258 1565 58 30 lån
339 1565 13 30 i
376 1565 177 35 selskapet.

135 1609 397 35 Generalforsamlingen
556 1608 69 30 kan
649 1607 190 35 bestemme,
864 1609 36 28 at
922 1607 196 36 revisjonen
1141 1608 81 30 ikke
1245 1608 73 30 skal
1342 1608 200 31 iverksettes
1558 1619 44 20 av

90 1653 118 36 valgte
242 1653 178 35 revisorer,
455 1662 79 20 men
558 1662 44 20 av
625 1652 33 30 et
681 1651 132 36 selskap
837 1651 83 31 eller
942 1661 43 21 en
1008 1661 114 20 annen
1146 1651 211 37 innretning,
1383 1662 72 21 som
1477 1653 126 36 saerlig

91 1697 147 31 befatter
260 1696 53 36 sig
338 1696 75 31 med
437 1695 349 36 regnskapsrevisjon.

135 1800 66 31 Det
224 1801 12 30 i
260 1800 175 31 motionen
459 1799 214 31 behandlade
697 1799 200 36 spörsmålet
919 1808 56 21 om
999 1798 234 37 betryggande
1256 1800 151 30 revision
1430 1809 43 21 av
1496 1801 107 29 större

90 1853 214 36 aktiebolags
327 1852 216 35 förvaltning
568 1854 39 28 är
630 1851 108 37 enligt
761 1852 181 30 utskottets
965 1851 143 36 mening
1132 1851 244 37 otvivelaktigt
1399 1852 147 36 förtjänt
1558 1863 44 19 av

92 1905 199 32 beaktande.
337 1905 105 31 Klart
476 1907 39 29 är
550 1904 188 36 nämligen,
766 1906 51 29 att
840 1903 150 31 skötseln
1013 1914 45 20 av
1079 1903 128 31 sådana
1230 1904 143 36 företag,
1399 1904 12 30 i
1434 1904 95 31 vilka
1552 1905 51 30 in-

90 1959 87 30 satts
211 1959 49 30 ett
292 1957 201 37 betydande,
517 1967 44 21 av
585 1967 42 21 en
650 1957 129 36 mängd
802 1956 157 31 enskilda
982 1966 160 26 personer
1165 1956 187 37 tillskjutet
1375 1957 141 35 kapital,
1541 1957 61 30 bör

92 2011 96 31 bliva
223 2011 145 30 föremål
403 2011 54 30 för
490 2020 42 21 en
564 2020 45 20 av
641 2009 221 36 sakkunskap
886 2009 62 31 och
972 2009 102 31 oväld
1098 2009 12 30 i
1134 2009 195 36 möjligaste
1354 2010 81 30 mån
1458 2009 143 36 präglad

94 2063 157 31 revision.
298 2062 119 31 Såsom
446 2063 154 35 framgår
623 2071 45 21 av
692 2061 63 31 den
779 2061 159 31 lämnade
962 2061 246 37 redogörelsen,
1231 2062 65 30 har
1318 2062 95 31 detta
1436 2063 165 35 spörsmål

92 2116 102 31 också
229 2115 60 31 vid
323 2115 191 36 upprepade
549 2114 168 31 tillfällen
751 2114 62 30 och
837 2114 13 30 i
873 2114 93 30 olika
989 2114 253 36 sammanhang
1266 2114 93 31 varit
1383 2114 142 31 föremål
1548 2114 55 31 för

92 2168 279 31 statsmakternas
406 2167 182 36 prövning.
635 2166 67 31 Det
736 2166 243 36 väsentligaste
1014 2167 177 30 resultatet
1223 2167 12 29 i
1258 2166 264 37 lagstiftningen
1557 2177 46 20 av

93 2220 97 32 dessa
221 2219 264 37 överväganden
519 2219 95 31 torde
648 2220 139 35 utgöras
820 2229 44 20 av
900 2218 65 31 den
997 2219 40 30 år
1071 2219 85 31 1910
1189 2219 135 31 införda
1348 2221 112 29 rätten
1484 2219 53 31 för
1560 2229 42 21 en

93 2274 176 30 minoritet
292 2273 12 30 i
327 2274 46 29 ett
407 2272 197 36 aktiebolag
630 2290 39 2 —
693 2272 196 36 aktieägare
923 2271 78 31 med
1035 2272 47 30 ett
1117 2271 232 37 sammanlagt
1380 2271 222 36 aktiebelopp,

93 2326 190 36 utgörande
307 2326 106 30 minst
435 2335 42 20 en
501 2324 159 31 femtedel
683 2335 45 20 av
752 2324 77 31 hela
844 2324 260 36 aktiekapitalet
1122 2342 39 3 —
1178 2326 51 29 att
1252 2324 35 31 få
1304 2324 149 31 särskild
1472 2324 131 31 revisor

94 2378 121 32 utsedd
239 2387 121 28 genom
385 2377 155 36 offentlig
565 2376 220 37 myndighets
809 2377 142 36 försorg.
987 2377 17 30 I
1028 2377 174 31 motionen
1226 2378 95 35 göres
1344 2376 190 32 emellertid
1555 2387 48 20 nu

94 2430 170 36 gällande,
299 2432 52 29 att
384 2430 38 36 ju
457 2431 107 30 större
598 2430 48 30 ett
669 2429 101 36 bolag
793 2432 49 33 är,
866 2429 93 31 desto
983 2431 138 29 svårare
1144 2429 94 31 visar
1261 2429 55 31 det
1338 2429 54 36 sig
1415 2430 51 30 att
1489 2429 35 31 få
1549 2429 55 31 till

93 2483 102 31 stånd
219 2483 55 32 det
298 2482 202 37 deltagande
524 2483 12 30 i
553 2482 279 36 bolagsstämma,
845 2492 72 21 som
933 2482 172 31 erfordras
1122 2482 54 30 för
1193 2482 110 31 beslut
1320 2492 55 21 om
1388 2482 216 32 tillkallande

1657 1807 134 24 Utskottet.
