<?xml version="1.0" encoding="UTF-8"?>
<alto xmlns="http://www.loc.gov/standards/alto/ns-v3#" xmlns:xlink="http://www.w3.org/1999/xlink" xmlns:xsi="http://www.w3.org/2001/XMLSchema-instance" xsi:schemaLocation="http://www.loc.gov/standards/alto/ns-v3# http://www.loc.gov/alto/v3/alto-3-0.xsd">
	<Description>
		<MeasurementUnit>pixel</MeasurementUnit>
		<sourceImageInformation>
			<fileName>/tmp/tess_bmr8mdt3_input.PNG</fileName>
		</sourceImageInformation>
		<OCRProcessing ID="OCR_0">
			<ocrProcessingStep>
				<processingSoftware>
					<softwareName>tesseract 5.3.0</softwareName>
				</processingSoftware>
			</ocrProcessingStep>
		</OCRProcessing>
	</Description>
	<Layout>
		<Page WIDTH="2180" HEIGHT="2622" PHYSICAL_IMG_NR="0" ID="page_0">
			<PrintSpace HPOS="0" VPOS="0" WIDTH="2180" HEIGHT="2622">
				<ComposedBlock ID="cblock_0" HPOS="649" VPOS="194" WIDTH="1067" HEIGHT="35">
					<TextBlock ID="block_0" HPOS="649" VPOS="194" WIDTH="1067" HEIGHT="35">
						<TextLine ID="line_0" HPOS="649" VPOS="194" WIDTH="1067" HEIGHT="35">
							<String ID="string_0" HPOS="649" VPOS="196" WIDTH="267" HEIGHT="33" WC="0.86" CONTENT="Statsutskottets"/><SP WIDTH="29" VPOS="196" HPOS="916"/>
							<String ID="string_1" HPOS="945" VPOS="195" WIDTH="178" HEIGHT="34" WC="0.95" CONTENT="Utlåtande"/><SP WIDTH="23" VPOS="195" HPOS="1123"/>
							<String ID="string_2" HPOS="1146" VPOS="194" WIDTH="62" HEIGHT="33" WC="0.95" CONTENT="N:o"/><SP WIDTH="24" VPOS="194" HPOS="1208"/>
							<String ID="string_3" HPOS="1232" VPOS="196" WIDTH="51" HEIGHT="31" WC="0.95" CONTENT="58."/><SP WIDTH="415" VPOS="196" HPOS="1283"/>
							<String ID="string_4" HPOS="1698" VPOS="194" WIDTH="18" HEIGHT="32" WC="0.94" CONTENT="9"/>
						</TextLine>
					</TextBlock>
				</ComposedBlock>
				<ComposedBlock ID="cblock_1" HPOS="796" VPOS="773" WIDTH="955" HEIGHT="39">
					<TextBlock ID="block_1" HPOS="796" VPOS="773" WIDTH="955" HEIGHT="39">
						<TextLine ID="line_1" HPOS="796" VPOS="773" WIDTH="955" HEIGHT="39">
							<String ID="string_5" HPOS="796" VPOS="775" WIDTH="77" HEIGHT="29" WC="0.87" CONTENT="Ank."/><SP WIDTH="25" VPOS="775" HPOS="873"/>
							<String ID="string_6" HPOS="898" VPOS="775" WIDTH="49" HEIGHT="29" WC="0.93" CONTENT="till"/><SP WIDTH="23" VPOS="775" HPOS="947"/>
							<String ID="string_7" HPOS="970" VPOS="775" WIDTH="103" HEIGHT="29" WC="0.91" CONTENT="Riksd."/><SP WIDTH="24" VPOS="775" HPOS="1073"/>
							<String ID="string_8" HPOS="1097" VPOS="774" WIDTH="98" HEIGHT="29" WC="0.95" CONTENT="kansli"/><SP WIDTH="24" VPOS="774" HPOS="1195"/>
							<String ID="string_9" HPOS="1219" VPOS="775" WIDTH="55" HEIGHT="27" WC="0.96" CONTENT="den"/><SP WIDTH="25" VPOS="775" HPOS="1274"/>
							<String ID="string_10" HPOS="1299" VPOS="774" WIDTH="40" HEIGHT="28" WC="0.96" CONTENT="24"/><SP WIDTH="23" VPOS="774" HPOS="1339"/>
							<String ID="string_11" HPOS="1362" VPOS="773" WIDTH="75" HEIGHT="39" WC="0.96" CONTENT="april"/><SP WIDTH="28" VPOS="773" HPOS="1437"/>
							<String ID="string_12" HPOS="1465" VPOS="773" WIDTH="79" HEIGHT="29" WC="0.95" CONTENT="1903"/><SP WIDTH="23" VPOS="773" HPOS="1544"/>
							<String ID="string_13" HPOS="1567" VPOS="773" WIDTH="41" HEIGHT="29" WC="0.96" CONTENT="kl."/><SP WIDTH="26" VPOS="773" HPOS="1608"/>
							<String ID="string_14" HPOS="1634" VPOS="774" WIDTH="17" HEIGHT="28" WC="0.92" CONTENT="2"/><SP WIDTH="25" VPOS="774" HPOS="1651"/>
							<String ID="string_15" HPOS="1676" VPOS="783" WIDTH="23" HEIGHT="19" WC="0.82" CONTENT="e."/><SP WIDTH="24" VPOS="783" HPOS="1699"/>
							<String ID="string_16" HPOS="1723" VPOS="784" WIDTH="28" HEIGHT="17" WC="0.93" CONTENT="m"/>
						</TextLine>
					</TextBlock>
				</ComposedBlock>
				<ComposedBlock ID="cblock_2" HPOS="857" VPOS="884" WIDTH="194" HEIGHT="43">
					<TextBlock ID="block_2" HPOS="857" VPOS="884" WIDTH="194" HEIGHT="43">
						<TextLine ID="line_2" HPOS="857" VPOS="884" WIDTH="194" HEIGHT="43">
							<String ID="string_17" HPOS="857" VPOS="884" WIDTH="87" HEIGHT="43" WC="0.95" CONTENT="N:o"/><SP WIDTH="29" VPOS="884" HPOS="944"/>
							<String ID="string_18" HPOS="973" VPOS="885" WIDTH="78" HEIGHT="41" WC="0.91" CONTENT="58."/>
						</TextLine>
					</TextBlock>
				</ComposedBlock>
				<ComposedBlock ID="cblock_3" HPOS="373" VPOS="1040" WIDTH="1389" HEIGHT="158">
					<TextBlock ID="block_3" HPOS="373" VPOS="1040" WIDTH="1389" HEIGHT="158">
						<TextLine ID="line_3" HPOS="373" VPOS="1040" WIDTH="1389" HEIGHT="50">
							<String ID="string_19" HPOS="373" VPOS="1043" WIDTH="203" HEIGHT="44" WC="0.83" CONTENT="Utlåtande,"/><SP WIDTH="42" VPOS="1043" HPOS="576"/>
							<String ID="string_20" HPOS="618" VPOS="1043" WIDTH="14" HEIGHT="35" WC="0.96" CONTENT="i"/><SP WIDTH="32" VPOS="1043" HPOS="632"/>
							<String ID="string_21" HPOS="664" VPOS="1042" WIDTH="195" HEIGHT="48" WC="0.96" CONTENT="anledning"/><SP WIDTH="41" VPOS="1042" HPOS="859"/>
							<String ID="string_22" HPOS="900" VPOS="1042" WIDTH="47" HEIGHT="48" WC="0.94" CONTENT="af"/><SP WIDTH="37" VPOS="1042" HPOS="947"/>
							<String ID="string_23" HPOS="984" VPOS="1041" WIDTH="134" HEIGHT="49" WC="0.94" CONTENT="Kungl."/><SP WIDTH="43" VPOS="1041" HPOS="1118"/>
							<String ID="string_24" HPOS="1161" VPOS="1040" WIDTH="127" HEIGHT="49" WC="0.95" CONTENT="Maj:ts"/><SP WIDTH="34" VPOS="1040" HPOS="1288"/>
							<String ID="string_25" HPOS="1322" VPOS="1040" WIDTH="227" HEIGHT="48" WC="0.90" CONTENT="proposition"/><SP WIDTH="28" VPOS="1040" HPOS="1549"/>
							<String ID="string_26" HPOS="1577" VPOS="1040" WIDTH="185" HEIGHT="49" WC="0.86" CONTENT="angdende"/>
						</TextLine>
						<TextLine ID="line_4" HPOS="560" VPOS="1100" WIDTH="1201" HEIGHT="50">
							<String ID="string_27" HPOS="560" VPOS="1103" WIDTH="154" HEIGHT="47" WC="0.96" CONTENT="pension"/><SP WIDTH="28" VPOS="1103" HPOS="714"/>
							<String ID="string_28" HPOS="742" VPOS="1103" WIDTH="39" HEIGHT="36" WC="0.93" CONTENT="åt"/><SP WIDTH="26" VPOS="1103" HPOS="781"/>
							<String ID="string_29" HPOS="807" VPOS="1102" WIDTH="136" HEIGHT="48" WC="0.91" CONTENT="aflidne"/><SP WIDTH="39" VPOS="1102" HPOS="943"/>
							<String ID="string_30" HPOS="982" VPOS="1101" WIDTH="273" HEIGHT="36" WC="0.91" CONTENT="stationskarlen"/><SP WIDTH="41" VPOS="1101" HPOS="1255"/>
							<String ID="string_31" HPOS="1296" VPOS="1101" WIDTH="141" HEIGHT="35" WC="0.92" CONTENT="Anders"/><SP WIDTH="42" VPOS="1101" HPOS="1437"/>
							<String ID="string_32" HPOS="1479" VPOS="1100" WIDTH="154" HEIGHT="36" WC="0.68" CONTENT="Nilsons"/><SP WIDTH="32" VPOS="1100" HPOS="1633"/>
							<String ID="string_33" HPOS="1665" VPOS="1100" WIDTH="96" HEIGHT="36" WC="0.96" CONTENT="änka"/>
						</TextLine>
						<TextLine ID="line_5" HPOS="567" VPOS="1163" WIDTH="189" HEIGHT="35">
							<String ID="string_34" HPOS="567" VPOS="1163" WIDTH="60" HEIGHT="35" WC="0.95" CONTENT="och"/><SP WIDTH="30" VPOS="1163" HPOS="627"/>
							<String ID="string_35" HPOS="657" VPOS="1163" WIDTH="99" HEIGHT="35" WC="0.95" CONTENT="barn."/>
						</TextLine>
					</TextBlock>
				</ComposedBlock>
				<ComposedBlock ID="cblock_4" HPOS="1481" VPOS="1210" WIDTH="149" HEIGHT="49">
					<TextBlock ID="block_4" HPOS="1481" VPOS="1210" WIDTH="149" HEIGHT="49">
						<TextLine ID="line_6" HPOS="1481" VPOS="1210" WIDTH="149" HEIGHT="49">
							<String ID="string_36" HPOS="1481" VPOS="1211" WIDTH="57" HEIGHT="48" WC="0.90" CONTENT="(R."/><SP WIDTH="32" VPOS="1211" HPOS="1538"/>
							<String ID="string_37" HPOS="1570" VPOS="1210" WIDTH="60" HEIGHT="49" WC="0.89" CONTENT="A.)"/>
						</TextLine>
					</TextBlock>
				</ComposedBlock>
				<ComposedBlock ID="cblock_5" HPOS="169" VPOS="1364" WIDTH="1597" HEIGHT="1026">
					<TextBlock ID="block_5" HPOS="169" VPOS="1364" WIDTH="1596" HEIGHT="465">
						<TextLine ID="line_7" HPOS="272" VPOS="1364" WIDTH="1487" HEIGHT="53">
							<String ID="string_38" HPOS="272" VPOS="1368" WIDTH="16" HEIGHT="36" WC="0.96" CONTENT="I"/><SP WIDTH="28" VPOS="1368" HPOS="288"/>
							<String ID="string_39" HPOS="316" VPOS="1367" WIDTH="238" HEIGHT="50" WC="0.96" CONTENT="proposition"/><SP WIDTH="42" VPOS="1367" HPOS="554"/>
							<String ID="string_40" HPOS="596" VPOS="1366" WIDTH="76" HEIGHT="50" WC="0.96" CONTENT="(n:o"/><SP WIDTH="41" VPOS="1366" HPOS="672"/>
							<String ID="string_41" HPOS="713" VPOS="1366" WIDTH="61" HEIGHT="50" WC="0.96" CONTENT="14)"/><SP WIDTH="42" VPOS="1366" HPOS="774"/>
							<String ID="string_42" HPOS="816" VPOS="1366" WIDTH="42" HEIGHT="37" WC="0.96" CONTENT="af"/><SP WIDTH="37" VPOS="1366" HPOS="858"/>
							<String ID="string_43" HPOS="895" VPOS="1366" WIDTH="74" HEIGHT="37" WC="0.95" CONTENT="den"/><SP WIDTH="45" VPOS="1366" HPOS="969"/>
							<String ID="string_44" HPOS="1014" VPOS="1368" WIDTH="44" HEIGHT="34" WC="0.92" CONTENT="12"/><SP WIDTH="35" VPOS="1368" HPOS="1058"/>
							<String ID="string_45" HPOS="1093" VPOS="1365" WIDTH="172" HEIGHT="37" WC="0.92" CONTENT="sistlidne"/><SP WIDTH="29" VPOS="1365" HPOS="1265"/>
							<String ID="string_46" HPOS="1294" VPOS="1364" WIDTH="199" HEIGHT="37" WC="0.96" CONTENT="december"/><SP WIDTH="27" VPOS="1364" HPOS="1493"/>
							<String ID="string_47" HPOS="1520" VPOS="1365" WIDTH="69" HEIGHT="36" WC="0.96" CONTENT="har"/><SP WIDTH="28" VPOS="1365" HPOS="1589"/>
							<String ID="string_48" HPOS="1617" VPOS="1364" WIDTH="142" HEIGHT="50" WC="0.96" CONTENT="Kungl."/>
						</TextLine>
						<TextLine ID="line_8" HPOS="170" VPOS="1416" WIDTH="1591" HEIGHT="52">
							<String ID="string_49" HPOS="170" VPOS="1419" WIDTH="117" HEIGHT="49" WC="0.96" CONTENT="Maj:t,"/><SP WIDTH="29" VPOS="1419" HPOS="287"/>
							<String ID="string_50" HPOS="316" VPOS="1420" WIDTH="120" HEIGHT="37" WC="0.96" CONTENT="under"/><SP WIDTH="29" VPOS="1420" HPOS="436"/>
							<String ID="string_51" HPOS="465" VPOS="1418" WIDTH="241" HEIGHT="50" WC="0.96" CONTENT="åberopande"/><SP WIDTH="43" VPOS="1418" HPOS="706"/>
							<String ID="string_52" HPOS="749" VPOS="1419" WIDTH="41" HEIGHT="36" WC="0.96" CONTENT="af"/><SP WIDTH="37" VPOS="1419" HPOS="790"/>
							<String ID="string_53" HPOS="827" VPOS="1417" WIDTH="288" HEIGHT="51" WC="0.93" CONTENT="propositionen"/><SP WIDTH="37" VPOS="1417" HPOS="1115"/>
							<String ID="string_54" HPOS="1152" VPOS="1417" WIDTH="146" HEIGHT="48" WC="0.92" CONTENT="bilagdt"/><SP WIDTH="28" VPOS="1417" HPOS="1298"/>
							<String ID="string_55" HPOS="1326" VPOS="1416" WIDTH="137" HEIGHT="49" WC="0.95" CONTENT="utdrag"/><SP WIDTH="28" VPOS="1416" HPOS="1463"/>
							<String ID="string_56" HPOS="1491" VPOS="1416" WIDTH="43" HEIGHT="36" WC="0.93" CONTENT="af"/><SP WIDTH="24" VPOS="1416" HPOS="1534"/>
							<String ID="string_57" HPOS="1558" VPOS="1416" WIDTH="203" HEIGHT="37" WC="0.92" CONTENT="statsråds-"/>
						</TextLine>
						<TextLine ID="line_9" HPOS="169" VPOS="1467" WIDTH="1592" HEIGHT="54">
							<String ID="string_58" HPOS="169" VPOS="1472" WIDTH="233" HEIGHT="49" WC="0.96" CONTENT="protokollet"/><SP WIDTH="41" VPOS="1472" HPOS="402"/>
							<String ID="string_59" HPOS="443" VPOS="1471" WIDTH="106" HEIGHT="37" WC="0.85" CONTENT="öfver"/><SP WIDTH="42" VPOS="1471" HPOS="549"/>
							<String ID="string_60" HPOS="591" VPOS="1470" WIDTH="255" HEIGHT="37" WC="0.85" CONTENT="civilärenden"/><SP WIDTH="41" VPOS="1470" HPOS="846"/>
							<String ID="string_61" HPOS="887" VPOS="1471" WIDTH="60" HEIGHT="36" WC="0.96" CONTENT="för"/><SP WIDTH="47" VPOS="1471" HPOS="947"/>
							<String ID="string_62" HPOS="994" VPOS="1482" WIDTH="143" HEIGHT="24" WC="0.96" CONTENT="samma"/><SP WIDTH="47" VPOS="1482" HPOS="1137"/>
							<String ID="string_63" HPOS="1184" VPOS="1469" WIDTH="87" HEIGHT="49" WC="0.96" CONTENT="dag,"/><SP WIDTH="28" VPOS="1469" HPOS="1271"/>
							<String ID="string_64" HPOS="1299" VPOS="1468" WIDTH="199" HEIGHT="49" WC="0.96" CONTENT="föreslagit"/><SP WIDTH="41" VPOS="1468" HPOS="1498"/>
							<String ID="string_65" HPOS="1539" VPOS="1467" WIDTH="222" HEIGHT="50" WC="0.96" CONTENT="Riksdagen"/>
						</TextLine>
						<TextLine ID="line_10" HPOS="170" VPOS="1520" WIDTH="1595" HEIGHT="52">
							<String ID="string_66" HPOS="170" VPOS="1523" WIDTH="206" HEIGHT="49" WC="0.90" CONTENT="medgifva,"/><SP WIDTH="30" VPOS="1523" HPOS="376"/>
							<String ID="string_67" HPOS="406" VPOS="1527" WIDTH="56" HEIGHT="32" WC="0.96" CONTENT="att"/><SP WIDTH="27" VPOS="1527" HPOS="462"/>
							<String ID="string_68" HPOS="489" VPOS="1523" WIDTH="57" HEIGHT="36" WC="0.93" CONTENT="till"/><SP WIDTH="29" VPOS="1523" HPOS="546"/>
							<String ID="string_69" HPOS="575" VPOS="1522" WIDTH="296" HEIGHT="37" WC="0.91" CONTENT="stationskarlen"/><SP WIDTH="28" VPOS="1522" HPOS="871"/>
							<String ID="string_70" HPOS="899" VPOS="1522" WIDTH="151" HEIGHT="37" WC="0.96" CONTENT="Anders"/><SP WIDTH="28" VPOS="1522" HPOS="1050"/>
							<String ID="string_71" HPOS="1078" VPOS="1521" WIDTH="177" HEIGHT="37" WC="0.96" CONTENT="Nilssons"/><SP WIDTH="29" VPOS="1521" HPOS="1255"/>
							<String ID="string_72" HPOS="1284" VPOS="1521" WIDTH="98" HEIGHT="36" WC="0.96" CONTENT="änka"/><SP WIDTH="28" VPOS="1521" HPOS="1382"/>
							<String ID="string_73" HPOS="1410" VPOS="1520" WIDTH="71" HEIGHT="36" WC="0.96" CONTENT="och"/><SP WIDTH="28" VPOS="1520" HPOS="1481"/>
							<String ID="string_74" HPOS="1509" VPOS="1520" WIDTH="94" HEIGHT="37" WC="0.96" CONTENT="barn"/><SP WIDTH="30" VPOS="1520" HPOS="1603"/>
							<String ID="string_75" HPOS="1633" VPOS="1523" WIDTH="59" HEIGHT="33" WC="0.96" CONTENT="må"/><SP WIDTH="32" VPOS="1523" HPOS="1692"/>
							<String ID="string_76" HPOS="1724" VPOS="1520" WIDTH="41" HEIGHT="36" WC="0.96" CONTENT="af"/>
						</TextLine>
						<TextLine ID="line_11" HPOS="169" VPOS="1571" WIDTH="1591" HEIGHT="52">
							<String ID="string_77" HPOS="169" VPOS="1575" WIDTH="237" HEIGHT="37" WC="0.92" CONTENT="trafikmedel"/><SP WIDTH="28" VPOS="1575" HPOS="406"/>
							<String ID="string_78" HPOS="434" VPOS="1574" WIDTH="188" HEIGHT="37" WC="0.96" CONTENT="utbetalas"/><SP WIDTH="41" VPOS="1574" HPOS="622"/>
							<String ID="string_79" HPOS="663" VPOS="1574" WIDTH="163" HEIGHT="49" WC="0.96" CONTENT="pension"/><SP WIDTH="39" VPOS="1574" HPOS="826"/>
							<String ID="string_80" HPOS="865" VPOS="1573" WIDTH="56" HEIGHT="37" WC="0.92" CONTENT="till"/><SP WIDTH="42" VPOS="1573" HPOS="921"/>
							<String ID="string_81" HPOS="963" VPOS="1578" WIDTH="54" HEIGHT="32" WC="0.96" CONTENT="ett"/><SP WIDTH="32" VPOS="1578" HPOS="1017"/>
							<String ID="string_82" HPOS="1049" VPOS="1573" WIDTH="114" HEIGHT="48" WC="0.96" CONTENT="årligt"/><SP WIDTH="27" VPOS="1573" HPOS="1163"/>
							<String ID="string_83" HPOS="1190" VPOS="1572" WIDTH="138" HEIGHT="50" WC="0.96" CONTENT="belopp"/><SP WIDTH="29" VPOS="1572" HPOS="1328"/>
							<String ID="string_84" HPOS="1357" VPOS="1572" WIDTH="42" HEIGHT="36" WC="0.93" CONTENT="af"/><SP WIDTH="24" VPOS="1572" HPOS="1399"/>
							<String ID="string_85" HPOS="1423" VPOS="1571" WIDTH="337" HEIGHT="37" WC="0.91" CONTENT="etthundrafemtio"/>
						</TextLine>
						<TextLine ID="line_12" HPOS="169" VPOS="1623" WIDTH="1589" HEIGHT="51">
							<String ID="string_86" HPOS="169" VPOS="1627" WIDTH="150" HEIGHT="47" WC="0.95" CONTENT="kronor,"/><SP WIDTH="30" VPOS="1627" HPOS="319"/>
							<String ID="string_87" HPOS="349" VPOS="1632" WIDTH="66" HEIGHT="42" WC="0.93" CONTENT="att,"/><SP WIDTH="29" VPOS="1632" HPOS="415"/>
							<String ID="string_88" HPOS="444" VPOS="1626" WIDTH="162" HEIGHT="37" WC="0.92" CONTENT="räknadt"/><SP WIDTH="27" VPOS="1626" HPOS="606"/>
							<String ID="string_89" HPOS="633" VPOS="1626" WIDTH="86" HEIGHT="36" WC="0.96" CONTENT="från"/><SP WIDTH="29" VPOS="1626" HPOS="719"/>
							<String ID="string_90" HPOS="748" VPOS="1626" WIDTH="71" HEIGHT="37" WC="0.96" CONTENT="och"/><SP WIDTH="28" VPOS="1626" HPOS="819"/>
							<String ID="string_91" HPOS="847" VPOS="1625" WIDTH="85" HEIGHT="37" WC="0.96" CONTENT="med"/><SP WIDTH="29" VPOS="1625" HPOS="932"/>
							<String ID="string_92" HPOS="961" VPOS="1625" WIDTH="73" HEIGHT="37" WC="0.96" CONTENT="den"/><SP WIDTH="32" VPOS="1625" HPOS="1034"/>
							<String ID="string_93" HPOS="1066" VPOS="1627" WIDTH="16" HEIGHT="34" WC="0.94" CONTENT="1"/><SP WIDTH="31" VPOS="1627" HPOS="1082"/>
							<String ID="string_94" HPOS="1113" VPOS="1624" WIDTH="166" HEIGHT="37" WC="0.94" CONTENT="februari"/><SP WIDTH="32" VPOS="1624" HPOS="1279"/>
							<String ID="string_95" HPOS="1311" VPOS="1625" WIDTH="109" HEIGHT="44" WC="0.96" CONTENT="1902,"/><SP WIDTH="30" VPOS="1625" HPOS="1420"/>
							<String ID="string_96" HPOS="1450" VPOS="1626" WIDTH="91" HEIGHT="46" WC="0.96" CONTENT="utgå"/><SP WIDTH="29" VPOS="1626" HPOS="1541"/>
							<String ID="string_97" HPOS="1570" VPOS="1623" WIDTH="123" HEIGHT="49" WC="0.96" CONTENT="enligt"/><SP WIDTH="19" VPOS="1623" HPOS="1693"/>
							<String ID="string_98" HPOS="1712" VPOS="1623" WIDTH="46" HEIGHT="37" WC="0.96" CONTENT="de"/>
						</TextLine>
						<TextLine ID="line_13" HPOS="169" VPOS="1675" WIDTH="1591" HEIGHT="53">
							<String ID="string_99" HPOS="169" VPOS="1679" WIDTH="180" HEIGHT="49" WC="0.96" CONTENT="grunder,"/><SP WIDTH="30" VPOS="1679" HPOS="349"/>
							<String ID="string_100" HPOS="379" VPOS="1691" WIDTH="81" HEIGHT="24" WC="0.96" CONTENT="som"/><SP WIDTH="26" VPOS="1691" HPOS="460"/>
							<String ID="string_101" HPOS="486" VPOS="1678" WIDTH="13" HEIGHT="36" WC="0.96" CONTENT="i"/><SP WIDTH="28" VPOS="1678" HPOS="499"/>
							<String ID="string_102" HPOS="527" VPOS="1677" WIDTH="20" HEIGHT="49" WC="0.61" CONTENT="8"/><SP WIDTH="31" VPOS="1677" HPOS="547"/>
							<String ID="string_103" HPOS="578" VPOS="1681" WIDTH="19" HEIGHT="33" WC="0.96" CONTENT="7"/><SP WIDTH="32" VPOS="1681" HPOS="597"/>
							<String ID="string_104" HPOS="629" VPOS="1677" WIDTH="41" HEIGHT="37" WC="0.96" CONTENT="af"/><SP WIDTH="34" VPOS="1677" HPOS="670"/>
							<String ID="string_105" HPOS="704" VPOS="1677" WIDTH="176" HEIGHT="49" WC="0.96" CONTENT="gällande"/><SP WIDTH="37" VPOS="1677" HPOS="880"/>
							<String ID="string_106" HPOS="917" VPOS="1676" WIDTH="237" HEIGHT="49" WC="0.95" CONTENT="reglemente"/><SP WIDTH="29" VPOS="1676" HPOS="1154"/>
							<String ID="string_107" HPOS="1183" VPOS="1676" WIDTH="60" HEIGHT="36" WC="0.96" CONTENT="för"/><SP WIDTH="28" VPOS="1676" HPOS="1243"/>
							<String ID="string_108" HPOS="1271" VPOS="1680" WIDTH="142" HEIGHT="32" WC="0.93" CONTENT="statens"/><SP WIDTH="24" VPOS="1680" HPOS="1413"/>
							<String ID="string_109" HPOS="1437" VPOS="1675" WIDTH="323" HEIGHT="49" WC="0.91" CONTENT="järnvägstrafiks"/>
						</TextLine>
						<TextLine ID="line_14" HPOS="170" VPOS="1726" WIDTH="1591" HEIGHT="53">
							<String ID="string_110" HPOS="170" VPOS="1731" WIDTH="115" HEIGHT="36" WC="0.92" CONTENT="änke-"/><SP WIDTH="30" VPOS="1731" HPOS="285"/>
							<String ID="string_111" HPOS="315" VPOS="1730" WIDTH="70" HEIGHT="37" WC="0.92" CONTENT="och"/><SP WIDTH="29" VPOS="1730" HPOS="385"/>
							<String ID="string_112" HPOS="414" VPOS="1729" WIDTH="235" HEIGHT="50" WC="0.90" CONTENT="pupillkassa"/><SP WIDTH="41" VPOS="1729" HPOS="649"/>
							<String ID="string_113" HPOS="690" VPOS="1729" WIDTH="157" HEIGHT="48" WC="0.96" CONTENT="stadgas"/><SP WIDTH="41" VPOS="1729" HPOS="847"/>
							<String ID="string_114" HPOS="888" VPOS="1728" WIDTH="162" HEIGHT="37" WC="0.96" CONTENT="rörande"/><SP WIDTH="41" VPOS="1728" HPOS="1050"/>
							<String ID="string_115" HPOS="1091" VPOS="1727" WIDTH="205" HEIGHT="49" WC="0.95" CONTENT="pensioner"/><SP WIDTH="36" VPOS="1727" HPOS="1296"/>
							<String ID="string_116" HPOS="1332" VPOS="1726" WIDTH="57" HEIGHT="37" WC="0.95" CONTENT="till"/><SP WIDTH="29" VPOS="1726" HPOS="1389"/>
							<String ID="string_117" HPOS="1418" VPOS="1726" WIDTH="121" HEIGHT="36" WC="0.96" CONTENT="änkor"/><SP WIDTH="28" VPOS="1726" HPOS="1539"/>
							<String ID="string_118" HPOS="1567" VPOS="1726" WIDTH="71" HEIGHT="37" WC="0.96" CONTENT="och"/><SP WIDTH="28" VPOS="1726" HPOS="1638"/>
							<String ID="string_119" HPOS="1666" VPOS="1726" WIDTH="95" HEIGHT="36" WC="0.96" CONTENT="barn"/>
						</TextLine>
						<TextLine ID="line_15" HPOS="172" VPOS="1780" WIDTH="684" HEIGHT="49">
							<String ID="string_120" HPOS="172" VPOS="1783" WIDTH="98" HEIGHT="36" WC="0.93" CONTENT="efter"/><SP WIDTH="27" VPOS="1783" HPOS="270"/>
							<String ID="string_121" HPOS="297" VPOS="1782" WIDTH="177" HEIGHT="47" WC="0.92" CONTENT="delegare"/><SP WIDTH="27" VPOS="1782" HPOS="474"/>
							<String ID="string_122" HPOS="501" VPOS="1780" WIDTH="11" HEIGHT="37" WC="0.96" CONTENT="i"/><SP WIDTH="28" VPOS="1780" HPOS="512"/>
							<String ID="string_123" HPOS="540" VPOS="1780" WIDTH="166" HEIGHT="37" WC="0.96" CONTENT="nämnda"/><SP WIDTH="28" VPOS="1780" HPOS="706"/>
							<String ID="string_124" HPOS="734" VPOS="1780" WIDTH="122" HEIGHT="37" WC="0.96" CONTENT="kassa."/>
						</TextLine>
					</TextBlock>
					<TextBlock ID="block_6" HPOS="171" VPOS="1829" WIDTH="1589" HEIGHT="103">
						<TextLine ID="line_16" HPOS="274" VPOS="1829" WIDTH="1486" HEIGHT="53">
							<String ID="string_125" HPOS="274" VPOS="1833" WIDTH="73" HEIGHT="37" WC="0.96" CONTENT="Till"/><SP WIDTH="28" VPOS="1833" HPOS="347"/>
							<String ID="string_126" HPOS="375" VPOS="1832" WIDTH="212" HEIGHT="50" WC="0.93" CONTENT="åberopade"/><SP WIDTH="34" VPOS="1832" HPOS="587"/>
							<String ID="string_127" HPOS="621" VPOS="1831" WIDTH="421" HEIGHT="50" WC="0.77" CONTENT="statsrådsprotokollet"/><SP WIDTH="31" VPOS="1831" HPOS="1042"/>
							<String ID="string_128" HPOS="1073" VPOS="1830" WIDTH="69" HEIGHT="37" WC="0.96" CONTENT="har"/><SP WIDTH="19" VPOS="1830" HPOS="1142"/>
							<String ID="string_129" HPOS="1161" VPOS="1829" WIDTH="278" HEIGHT="49" WC="0.93" CONTENT="föredragande"/><SP WIDTH="20" VPOS="1829" HPOS="1439"/>
							<String ID="string_130" HPOS="1459" VPOS="1829" WIDTH="301" HEIGHT="49" WC="0.89" CONTENT="departements-"/>
						</TextLine>
						<TextLine ID="line_17" HPOS="171" VPOS="1883" WIDTH="499" HEIGHT="49">
							<String ID="string_131" HPOS="171" VPOS="1885" WIDTH="136" HEIGHT="37" WC="0.95" CONTENT="chefen"/><SP WIDTH="30" VPOS="1885" HPOS="307"/>
							<String ID="string_132" HPOS="337" VPOS="1885" WIDTH="125" HEIGHT="36" WC="0.95" CONTENT="anfört"/><SP WIDTH="26" VPOS="1885" HPOS="462"/>
							<String ID="string_133" HPOS="488" VPOS="1883" WIDTH="182" HEIGHT="49" WC="0.96" CONTENT="följande:"/>
						</TextLine>
					</TextBlock>
					<TextBlock ID="block_7" HPOS="171" VPOS="1932" WIDTH="1595" HEIGHT="206">
						<TextLine ID="line_18" HPOS="274" VPOS="1932" WIDTH="1487" HEIGHT="49">
							<String ID="string_134" HPOS="274" VPOS="1937" WIDTH="83" HEIGHT="37" WC="0.92" CONTENT="»Uti"/><SP WIDTH="29" VPOS="1937" HPOS="357"/>
							<String ID="string_135" HPOS="386" VPOS="1936" WIDTH="199" HEIGHT="37" WC="0.95" CONTENT="skrifvelse"/><SP WIDTH="42" VPOS="1936" HPOS="585"/>
							<String ID="string_136" HPOS="627" VPOS="1935" WIDTH="73" HEIGHT="37" WC="0.96" CONTENT="den"/><SP WIDTH="42" VPOS="1935" HPOS="700"/>
							<String ID="string_137" HPOS="742" VPOS="1937" WIDTH="23" HEIGHT="34" WC="0.96" CONTENT="4"/><SP WIDTH="41" VPOS="1937" HPOS="765"/>
							<String ID="string_138" HPOS="806" VPOS="1948" WIDTH="100" HEIGHT="23" WC="0.96" CONTENT="mars"/><SP WIDTH="36" VPOS="1948" HPOS="906"/>
							<String ID="string_139" HPOS="942" VPOS="1934" WIDTH="257" HEIGHT="37" WC="0.95" CONTENT="innevarande"/><SP WIDTH="30" VPOS="1934" HPOS="1199"/>
							<String ID="string_140" HPOS="1229" VPOS="1936" WIDTH="40" HEIGHT="33" WC="0.96" CONTENT="år"/><SP WIDTH="27" VPOS="1936" HPOS="1269"/>
							<String ID="string_141" HPOS="1296" VPOS="1933" WIDTH="68" HEIGHT="36" WC="0.93" CONTENT="har"/><SP WIDTH="23" VPOS="1933" HPOS="1364"/>
							<String ID="string_142" HPOS="1387" VPOS="1932" WIDTH="374" HEIGHT="49" WC="0.91" CONTENT="järnvägsstyrelsen"/>
						</TextLine>
						<TextLine ID="line_19" HPOS="171" VPOS="1983" WIDTH="1590" HEIGHT="54">
							<String ID="string_143" HPOS="171" VPOS="1990" WIDTH="103" HEIGHT="47" WC="0.92" CONTENT="gjort"/><SP WIDTH="39" VPOS="1990" HPOS="274"/>
							<String ID="string_144" HPOS="313" VPOS="1988" WIDTH="236" HEIGHT="48" WC="0.91" CONTENT="underdånig"/><SP WIDTH="41" VPOS="1988" HPOS="549"/>
							<String ID="string_145" HPOS="590" VPOS="1986" WIDTH="285" HEIGHT="49" WC="0.96" CONTENT="framställning"/><SP WIDTH="28" VPOS="1986" HPOS="875"/>
							<String ID="string_146" HPOS="903" VPOS="1999" WIDTH="60" HEIGHT="23" WC="0.96" CONTENT="om"/><SP WIDTH="29" VPOS="1999" HPOS="963"/>
							<String ID="string_147" HPOS="992" VPOS="1985" WIDTH="215" HEIGHT="37" WC="0.96" CONTENT="beredande"/><SP WIDTH="29" VPOS="1985" HPOS="1207"/>
							<String ID="string_148" HPOS="1236" VPOS="1985" WIDTH="41" HEIGHT="35" WC="0.96" CONTENT="af"/><SP WIDTH="24" VPOS="1985" HPOS="1277"/>
							<String ID="string_149" HPOS="1301" VPOS="1984" WIDTH="160" HEIGHT="49" WC="0.96" CONTENT="pension"/><SP WIDTH="30" VPOS="1984" HPOS="1461"/>
							<String ID="string_150" HPOS="1491" VPOS="1986" WIDTH="38" HEIGHT="34" WC="0.96" CONTENT="åt"/><SP WIDTH="32" VPOS="1986" HPOS="1529"/>
							<String ID="string_151" HPOS="1561" VPOS="1984" WIDTH="100" HEIGHT="35" WC="0.96" CONTENT="änka"/><SP WIDTH="29" VPOS="1984" HPOS="1661"/>
							<String ID="string_152" HPOS="1690" VPOS="1983" WIDTH="71" HEIGHT="36" WC="0.96" CONTENT="och"/>
						</TextLine>
						<TextLine ID="line_20" HPOS="171" VPOS="2034" WIDTH="1595" HEIGHT="48">
							<String ID="string_153" HPOS="171" VPOS="2041" WIDTH="93" HEIGHT="35" WC="0.96" CONTENT="barn"/><SP WIDTH="29" VPOS="2041" HPOS="264"/>
							<String ID="string_154" HPOS="293" VPOS="2040" WIDTH="98" HEIGHT="36" WC="0.91" CONTENT="efter"/><SP WIDTH="28" VPOS="2040" HPOS="391"/>
							<String ID="string_155" HPOS="419" VPOS="2039" WIDTH="136" HEIGHT="36" WC="0.91" CONTENT="aflidne"/><SP WIDTH="29" VPOS="2039" HPOS="555"/>
							<String ID="string_156" HPOS="584" VPOS="2037" WIDTH="292" HEIGHT="38" WC="0.91" CONTENT="stationskarlen"/><SP WIDTH="30" VPOS="2037" HPOS="876"/>
							<String ID="string_157" HPOS="906" VPOS="2037" WIDTH="149" HEIGHT="36" WC="0.95" CONTENT="Anders"/><SP WIDTH="25" VPOS="2037" HPOS="1055"/>
							<String ID="string_158" HPOS="1080" VPOS="2036" WIDTH="168" HEIGHT="46" WC="0.96" CONTENT="Nilsson,"/><SP WIDTH="20" VPOS="2036" HPOS="1248"/>
							<String ID="string_159" HPOS="1268" VPOS="2035" WIDTH="153" HEIGHT="36" WC="0.96" CONTENT="hvilken"/><SP WIDTH="27" VPOS="2035" HPOS="1421"/>
							<String ID="string_160" HPOS="1448" VPOS="2035" WIDTH="12" HEIGHT="35" WC="0.96" CONTENT="i"/><SP WIDTH="28" VPOS="2035" HPOS="1460"/>
							<String ID="string_161" HPOS="1488" VPOS="2034" WIDTH="208" HEIGHT="48" WC="0.96" CONTENT="anledning"/><SP WIDTH="28" VPOS="2034" HPOS="1696"/>
							<String ID="string_162" HPOS="1724" VPOS="2034" WIDTH="42" HEIGHT="36" WC="0.96" CONTENT="af"/>
						</TextLine>
						<TextLine ID="line_21" HPOS="172" VPOS="2086" WIDTH="1531" HEIGHT="52">
							<String ID="string_163" HPOS="172" VPOS="2096" WIDTH="144" HEIGHT="31" WC="0.95" CONTENT="statens"/><SP WIDTH="28" VPOS="2096" HPOS="316"/>
							<String ID="string_164" HPOS="344" VPOS="2090" WIDTH="116" HEIGHT="48" WC="0.96" CONTENT="inköp"/><SP WIDTH="30" VPOS="2090" HPOS="460"/>
							<String ID="string_165" HPOS="490" VPOS="2090" WIDTH="40" HEIGHT="35" WC="0.92" CONTENT="af"/><SP WIDTH="25" VPOS="2090" HPOS="530"/>
							<String ID="string_166" HPOS="555" VPOS="2089" WIDTH="304" HEIGHT="36" WC="0.91" CONTENT="västkustbanan"/><SP WIDTH="29" VPOS="2089" HPOS="859"/>
							<String ID="string_167" HPOS="888" VPOS="2089" WIDTH="192" HEIGHT="47" WC="0.92" CONTENT="öfvergått"/><SP WIDTH="28" VPOS="2089" HPOS="1080"/>
							<String ID="string_168" HPOS="1108" VPOS="2087" WIDTH="10" HEIGHT="35" WC="0.96" CONTENT="i"/><SP WIDTH="30" VPOS="2087" HPOS="1118"/>
							<String ID="string_169" HPOS="1148" VPOS="2092" WIDTH="146" HEIGHT="31" WC="0.93" CONTENT="statens"/><SP WIDTH="24" VPOS="2092" HPOS="1294"/>
							<String ID="string_170" HPOS="1318" VPOS="2087" WIDTH="228" HEIGHT="47" WC="0.90" CONTENT="järnvägars"/><SP WIDTH="28" VPOS="2087" HPOS="1546"/>
							<String ID="string_171" HPOS="1574" VPOS="2086" WIDTH="129" HEIGHT="47" WC="0.96" CONTENT="tjänst."/>
						</TextLine>
					</TextBlock>
					<TextBlock ID="block_8" HPOS="170" VPOS="2136" WIDTH="1591" HEIGHT="207">
						<TextLine ID="line_22" HPOS="275" VPOS="2136" WIDTH="1486" HEIGHT="53">
							<String ID="string_172" HPOS="275" VPOS="2142" WIDTH="16" HEIGHT="36" WC="0.96" CONTENT="I"/><SP WIDTH="29" VPOS="2142" HPOS="291"/>
							<String ID="string_173" HPOS="320" VPOS="2141" WIDTH="205" HEIGHT="48" WC="0.96" CONTENT="anledning"/><SP WIDTH="27" VPOS="2141" HPOS="525"/>
							<String ID="string_174" HPOS="552" VPOS="2140" WIDTH="112" HEIGHT="37" WC="0.96" CONTENT="häraf"/><SP WIDTH="25" VPOS="2140" HPOS="664"/>
							<String ID="string_175" HPOS="689" VPOS="2139" WIDTH="138" HEIGHT="37" WC="0.96" CONTENT="tillåter"/><SP WIDTH="22" VPOS="2139" HPOS="827"/>
							<String ID="string_176" HPOS="849" VPOS="2139" WIDTH="70" HEIGHT="48" WC="0.96" CONTENT="jag"/><SP WIDTH="28" VPOS="2139" HPOS="919"/>
							<String ID="string_177" HPOS="947" VPOS="2139" WIDTH="78" HEIGHT="48" WC="0.96" CONTENT="mig"/><SP WIDTH="20" VPOS="2139" HPOS="1025"/>
							<String ID="string_178" HPOS="1045" VPOS="2138" WIDTH="137" HEIGHT="47" WC="0.93" CONTENT="erinra,"/><SP WIDTH="21" VPOS="2138" HPOS="1182"/>
							<String ID="string_179" HPOS="1203" VPOS="2138" WIDTH="177" HEIGHT="35" WC="0.92" CONTENT="hurusom"/><SP WIDTH="21" VPOS="2138" HPOS="1380"/>
							<String ID="string_180" HPOS="1401" VPOS="2137" WIDTH="62" HEIGHT="35" WC="0.96" CONTENT="vid"/><SP WIDTH="19" VPOS="2137" HPOS="1463"/>
							<String ID="string_181" HPOS="1482" VPOS="2136" WIDTH="279" HEIGHT="48" WC="0.96" CONTENT="föredragning"/>
						</TextLine>
						<TextLine ID="line_23" HPOS="170" VPOS="2187" WIDTH="1588" HEIGHT="54">
							<String ID="string_182" HPOS="170" VPOS="2194" WIDTH="101" HEIGHT="36" WC="0.96" CONTENT="inför"/><SP WIDTH="28" VPOS="2194" HPOS="271"/>
							<String ID="string_183" HPOS="299" VPOS="2192" WIDTH="141" HEIGHT="49" WC="0.95" CONTENT="Kungl."/><SP WIDTH="56" VPOS="2192" HPOS="440"/>
							<String ID="string_184" HPOS="496" VPOS="2192" WIDTH="107" HEIGHT="48" WC="0.96" CONTENT="Maj:t"/><SP WIDTH="28" VPOS="2192" HPOS="603"/>
							<String ID="string_185" HPOS="631" VPOS="2191" WIDTH="74" HEIGHT="37" WC="0.96" CONTENT="den"/><SP WIDTH="28" VPOS="2191" HPOS="705"/>
							<String ID="string_186" HPOS="733" VPOS="2193" WIDTH="22" HEIGHT="33" WC="0.95" CONTENT="4"/><SP WIDTH="29" VPOS="2193" HPOS="755"/>
							<String ID="string_187" HPOS="784" VPOS="2191" WIDTH="95" HEIGHT="48" WC="0.95" CONTENT="april"/><SP WIDTH="42" VPOS="2191" HPOS="879"/>
							<String ID="string_188" HPOS="921" VPOS="2190" WIDTH="101" HEIGHT="37" WC="0.96" CONTENT="detta"/><SP WIDTH="29" VPOS="2190" HPOS="1022"/>
							<String ID="string_189" HPOS="1051" VPOS="2192" WIDTH="41" HEIGHT="33" WC="0.96" CONTENT="år"/><SP WIDTH="28" VPOS="2192" HPOS="1092"/>
							<String ID="string_190" HPOS="1120" VPOS="2189" WIDTH="41" HEIGHT="36" WC="0.96" CONTENT="af"/><SP WIDTH="25" VPOS="2189" HPOS="1161"/>
							<String ID="string_191" HPOS="1186" VPOS="2188" WIDTH="139" HEIGHT="37" WC="0.96" CONTENT="ärende"/><SP WIDTH="28" VPOS="2188" HPOS="1325"/>
							<String ID="string_192" HPOS="1353" VPOS="2187" WIDTH="161" HEIGHT="37" WC="0.96" CONTENT="rörande"/><SP WIDTH="30" VPOS="2187" HPOS="1514"/>
							<String ID="string_193" HPOS="1544" VPOS="2187" WIDTH="214" HEIGHT="37" WC="0.94" CONTENT="beredande"/>
						</TextLine>
						<TextLine ID="line_24" HPOS="172" VPOS="2237" WIDTH="1588" HEIGHT="55">
							<String ID="string_194" HPOS="172" VPOS="2245" WIDTH="42" HEIGHT="36" WC="0.96" CONTENT="af"/><SP WIDTH="37" VPOS="2245" HPOS="214"/>
							<String ID="string_195" HPOS="251" VPOS="2243" WIDTH="233" HEIGHT="38" WC="0.93" CONTENT="förbättrade"/><SP WIDTH="40" VPOS="2243" HPOS="484"/>
							<String ID="string_196" HPOS="524" VPOS="2242" WIDTH="375" HEIGHT="50" WC="0.91" CONTENT="pensionsförmåner"/><SP WIDTH="41" VPOS="2242" HPOS="899"/>
							<String ID="string_197" HPOS="940" VPOS="2242" WIDTH="61" HEIGHT="36" WC="0.95" CONTENT="för"/><SP WIDTH="39" VPOS="2242" HPOS="1001"/>
							<String ID="string_198" HPOS="1040" VPOS="2240" WIDTH="104" HEIGHT="37" WC="0.37" CONTENT="vissa"/><SP WIDTH="40" VPOS="2240" HPOS="1144"/>
							<String ID="string_199" HPOS="1184" VPOS="2240" WIDTH="230" HEIGHT="48" WC="0.96" CONTENT="tjänstemän"/><SP WIDTH="46" VPOS="2240" HPOS="1414"/>
							<String ID="string_200" HPOS="1460" VPOS="2238" WIDTH="71" HEIGHT="37" WC="0.85" CONTENT="och"/><SP WIDTH="45" VPOS="2238" HPOS="1531"/>
							<String ID="string_201" HPOS="1576" VPOS="2237" WIDTH="184" HEIGHT="48" WC="0.83" CONTENT="betjänte,"/>
						</TextLine>
						<TextLine ID="line_25" HPOS="173" VPOS="2288" WIDTH="1587" HEIGHT="55">
							<String ID="string_202" HPOS="173" VPOS="2295" WIDTH="140" HEIGHT="48" WC="0.96" CONTENT="hvilka,"/><SP WIDTH="28" VPOS="2295" HPOS="313"/>
							<String ID="string_203" HPOS="341" VPOS="2295" WIDTH="12" HEIGHT="36" WC="0.96" CONTENT="i"/><SP WIDTH="27" VPOS="2295" HPOS="353"/>
							<String ID="string_204" HPOS="380" VPOS="2295" WIDTH="121" HEIGHT="37" WC="0.96" CONTENT="likhet"/><SP WIDTH="40" VPOS="2295" HPOS="501"/>
							<String ID="string_205" HPOS="541" VPOS="2294" WIDTH="86" HEIGHT="37" WC="0.95" CONTENT="med"/><SP WIDTH="41" VPOS="2294" HPOS="627"/>
							<String ID="string_206" HPOS="668" VPOS="2293" WIDTH="99" HEIGHT="37" WC="0.96" CONTENT="hvad"/><SP WIDTH="41" VPOS="2293" HPOS="767"/>
							<String ID="string_207" HPOS="808" VPOS="2293" WIDTH="69" HEIGHT="37" WC="0.96" CONTENT="här"/><SP WIDTH="42" VPOS="2293" HPOS="877"/>
							<String ID="string_208" HPOS="919" VPOS="2293" WIDTH="115" HEIGHT="36" WC="0.96" CONTENT="ofvan"/><SP WIDTH="29" VPOS="2293" HPOS="1034"/>
							<String ID="string_209" HPOS="1063" VPOS="2305" WIDTH="59" HEIGHT="24" WC="0.96" CONTENT="om"/><SP WIDTH="31" VPOS="2305" HPOS="1122"/>
							<String ID="string_210" HPOS="1153" VPOS="2291" WIDTH="148" HEIGHT="37" WC="0.78" CONTENT="Anders"/><SP WIDTH="29" VPOS="2291" HPOS="1301"/>
							<String ID="string_211" HPOS="1330" VPOS="2290" WIDTH="150" HEIGHT="37" WC="0.93" CONTENT="Nilsson"/><SP WIDTH="30" VPOS="2290" HPOS="1480"/>
							<String ID="string_212" HPOS="1510" VPOS="2288" WIDTH="250" HEIGHT="48" WC="0.89" CONTENT="omförmälts,"/>
						</TextLine>
					</TextBlock>
					<TextBlock ID="block_9" HPOS="257" VPOS="2349" WIDTH="1462" HEIGHT="41">
						<TextLine ID="line_26" HPOS="257" VPOS="2349" WIDTH="1462" HEIGHT="41">
							<String ID="string_213" HPOS="257" VPOS="2356" WIDTH="65" HEIGHT="29" WC="0.58" CONTENT="Bih."/><SP WIDTH="26" VPOS="2356" HPOS="322"/>
							<String ID="string_214" HPOS="348" VPOS="2356" WIDTH="44" HEIGHT="28" WC="0.93" CONTENT="till"/><SP WIDTH="22" VPOS="2356" HPOS="392"/>
							<String ID="string_215" HPOS="414" VPOS="2355" WIDTH="99" HEIGHT="29" WC="0.89" CONTENT="Riksd."/><SP WIDTH="22" VPOS="2355" HPOS="513"/>
							<String ID="string_216" HPOS="535" VPOS="2355" WIDTH="80" HEIGHT="28" WC="0.90" CONTENT="Prot."/><SP WIDTH="28" VPOS="2355" HPOS="615"/>
							<String ID="string_217" HPOS="643" VPOS="2352" WIDTH="91" HEIGHT="31" WC="0.94" CONTENT="1903."/><SP WIDTH="47" VPOS="2352" HPOS="734"/>
							<String ID="string_218" HPOS="781" VPOS="2352" WIDTH="18" HEIGHT="30" WC="0.90" CONTENT="4"/><SP WIDTH="24" VPOS="2352" HPOS="799"/>
							<String ID="string_219" HPOS="823" VPOS="2354" WIDTH="90" HEIGHT="28" WC="0.89" CONTENT="Saml."/><SP WIDTH="47" VPOS="2354" HPOS="913"/>
							<String ID="string_220" HPOS="960" VPOS="2351" WIDTH="16" HEIGHT="29" WC="0.92" CONTENT="1"/><SP WIDTH="24" VPOS="2351" HPOS="976"/>
							<String ID="string_221" HPOS="1000" VPOS="2353" WIDTH="69" HEIGHT="37" WC="0.86" CONTENT="Afd."/><SP WIDTH="46" VPOS="2353" HPOS="1069"/>
							<String ID="string_222" HPOS="1115" VPOS="2349" WIDTH="43" HEIGHT="31" WC="0.91" CONTENT="40"/><SP WIDTH="22" VPOS="2349" HPOS="1158"/>
							<String ID="string_223" HPOS="1180" VPOS="2352" WIDTH="87" HEIGHT="37" WC="0.59" CONTENT="Häöft."/><SP WIDTH="435" VPOS="2352" HPOS="1267"/>
							<String ID="string_224" HPOS="1702" VPOS="2349" WIDTH="17" HEIGHT="28" WC="0.96" CONTENT="2"/>
						</TextLine>
					</TextBlock>
				</ComposedBlock>
			</PrintSpace>
		</Page>
	</Layout>
</alto>
