2212 2652
719 239 257 34 Bankoutskottets
1000 240 157 32 Memorial
1179 240 59 32 N:o
1265 240 25 32 7.
1764 239 41 32 35
1853 239 67 27 Bil.
1940 238 41 28 B.

206 323 128 49 ningar
368 326 53 34 att
453 325 87 35 utan
574 324 325 48 räntegodtgörelse
928 323 209 36 återbetalas
1167 322 60 36 vid
1255 322 192 36 anfordran
1476 322 86 36 eller
1589 323 20 34 å
1636 322 64 45 tid,
1730 334 76 24 som

206 378 60 35 vid
295 378 245 48 insättningen
569 378 231 46 bestämmes;
831 377 170 37 skolande
1031 377 97 36 bevis
1156 377 99 36 öfver
1283 375 146 37 sålunda
1457 377 132 35 insatta
1607 376 200 49 penningar

206 432 120 36 ställas
354 432 56 36 till
438 433 71 35 viss
538 445 93 23 man.

314 486 134 36 Sådant
474 486 316 48 insättningsbevis
818 485 90 36 skall
935 485 206 44 återställas,
1171 484 44 36 då
1243 484 246 48 penningarna
1517 484 121 48 lyftas.

314 556 54 32 (Jfr
386 556 17 34 &
424 556 31 27 16
475 558 29 29 a)
523 556 8 27 i
550 556 77 31 lagen
647 557 39 25 för
704 555 124 33 Sveriges
847 555 146 32 riksbank.)

953 692 23 45 8
1007 692 61 36 22.

315 783 112 36 Mom.
476 784 33 35 1.
567 783 74 35 Det
680 781 135 49 åligger
853 781 217 36 riksbanken
1108 782 54 35 att
1199 780 74 36 dels
1310 780 38 36 af
1380 793 43 23 en
1450 780 100 45 hvar,
1579 793 76 23 som
1683 780 127 36 sådant

207 837 142 45 önskar,
384 837 60 35 vid
477 836 98 35 såväl
610 836 310 36 hufvudkontoret
955 847 78 24 som
1068 834 378 48 afdelningskontoren
1477 836 85 34 utan
1592 835 107 47 afgift
1727 835 83 35 eller

206 890 327 49 räntegodtgörelse
561 891 161 47 mottaga
751 889 67 36 och
846 890 20 34 å
893 889 238 48 giroräkning
1158 889 77 35 föra
1264 888 201 48 penningar
1492 888 84 36 med
1595 889 213 35 förbindelse

207 947 54 34 att
302 945 60 35 vid
403 944 192 36 anfordran
631 943 270 37 tillhandahålla
938 942 342 48 räkningshafvaren
1315 942 93 35 hvad
1435 943 20 34 å
1483 942 198 48 räkningen
1710 942 98 36 inne-

207 1000 84 43 står,
327 999 74 35 dels
438 998 67 36 ock
538 1000 86 33 utan
658 996 327 49 räntegodtgörelse
1014 996 56 36 för
1098 996 230 36 statsverkets
1357 996 153 47 räkning
1539 998 159 46 mottaga
1726 1009 82 35 pen-

208 1053 129 47 ningar
370 1053 65 35 och
469 1052 36 36 af
539 1051 230 37 statsverkets
801 1050 333 48 tillgodohafvande
1167 1050 191 36 verkställa
1387 1050 279 48 utbetalningar,
1695 1050 114 48 enligt

207 1107 87 35 aftal
324 1106 130 36 mellan
483 1105 228 49 fullmäktige
741 1104 65 37 och
836 1104 260 37 vederbörande
1125 1104 222 48 myndighet.

314 1161 72 35 För
414 1160 115 36 denna
558 1159 126 36 rörelse
712 1159 94 48 gälla
833 1159 156 47 följande
1018 1158 280 36 bestämmelser:

315 1214 32 48 a)
377 1227 58 23 om
463 1213 189 49 öppnande
680 1213 36 35 af
743 1213 153 47 räkning
924 1216 101 45 göres
1049 1212 159 47 skriftlig
1236 1211 181 45 anmälan;

315 1269 37 45 b)
381 1268 236 47 insättningar
645 1268 67 35 och
740 1266 233 48 uttagningar
1000 1267 37 34 få
1065 1266 61 35 ske
1154 1266 105 35 äfven
1287 1266 12 34 i
1328 1265 129 35 brutna
1484 1265 67 46 tal;

315 1322 30 47 c)
374 1323 20 34 å
421 1321 200 47 insättning
651 1320 176 35 meddelas
855 1320 124 47 qvitto,
1010 1320 137 35 hvilket
1175 1320 32 46 ej
1237 1319 55 35 får
1320 1320 39 34 år
1382 1320 20 34 å
1429 1332 119 22 annan
1576 1318 204 46 öfverlåtas;

316 1375 35 48 d)
385 1376 55 34 för
473 1375 195 47 uttagning
696 1374 68 35 kan
796 1374 179 47 begagnas
1004 1373 171 47 antingen
1207 1373 254 35 handskrifven
1491 1372 85 36 eller
1603 1372 120 48 tryckt
1747 1385 60 22 an-

208 1430 144 47 visning
380 1429 83 36 eller
490 1429 57 35 till
574 1429 71 35 viss
673 1440 82 23 man
785 1427 83 36 eller
896 1427 101 36 order
1026 1427 93 36 stäld
1143 1427 113 44 vexel,
1287 1426 144 36 hvilken
1456 1426 78 36 icke
1551 1427 55 34 får
1624 1427 36 34 in
1680 1426 128 36 blanco

207 1487 275 45 transporteras;
524 1482 169 36 skolande
735 1481 191 48 behörigen
965 1480 166 36 folierade
1169 1481 65 35 och
1269 1480 209 36 numrerade
1510 1480 300 36 vexelblanketter

207 1537 320 48 räkningshafvare
555 1535 286 37 tillhandahållas
870 1538 87 33 utan
986 1535 117 47 afgift.

316 1591 113 35 Mom.
468 1591 33 34 2.
561 1591 129 35 Derest
722 1590 78 35 från
835 1588 230 36 statsverkets
1098 1588 75 36 sida
1206 1588 237 47 ifrågasättes,
1478 1591 64 41 att,
1574 1588 88 36 efter
1690 1588 117 36 veder-

208 1645 135 47 börligt
370 1644 250 44 förordnande,
650 1643 170 36 särskilda
849 1642 252 48 myndigheter
1128 1641 100 36 skola
1257 1654 65 34 ega
1347 1643 52 34 att
1418 1642 145 35 utställa
1582 1642 228 47 anvisningar

208 1700 46 47 på
296 1698 228 36 statsverkets
568 1697 233 48 giroräkning
840 1697 60 34 vid
941 1694 311 37 hufvudkontoret
1294 1696 66 35 och
1389 1696 35 35 få
1453 1695 100 36 dessa
1582 1696 228 47 anvisningar

208 1752 61 35 vid
311 1751 190 36 anfordran
544 1751 13 34 i
594 1750 333 48 afdelningskontor
961 1749 141 44 inlösta,
1133 1761 64 35 ega
1226 1748 227 48 fullmäktige
1482 1751 54 33 att
1566 1748 125 36 sådant
1715 1749 94 35 med-

209 1806 99 47 gifva
350 1804 112 36 under
503 1804 43 35 de
589 1804 115 35 vilkor
742 1804 66 35 och
847 1803 273 44 bestämmelser,
1150 1814 77 23 som
1256 1802 228 48 fullmäktige
1512 1803 98 34 finna
1637 1803 56 34 för
1720 1802 89 36 riks-

208 1859 142 35 banken
379 1857 188 48 behöfiga.

317 1929 52 30 (Jfr
387 1928 17 33 &
426 1929 31 26 16
477 1928 30 31 b)
526 1928 51 27 och
597 1927 16 33 8
635 1928 30 25 17
686 1928 8 26 i
713 1928 79 30 lagen
812 1928 38 25 för
869 1926 123 32 Sveriges
1012 1926 152 31 riksbank.)

956 2062 22 46 8
1010 2063 60 34 28.

317 2141 51 46 Åt
410 2152 132 39 firmor,
586 2164 73 22 som
703 2151 108 35 hafva
848 2149 348 47 vexeldiskontering
1233 2149 12 34 i
1279 2148 215 36 riksbanken
1524 2149 67 34 och
1620 2149 31 46 ej
1681 2148 129 47 sjelfva

209 2206 116 35 drifva
356 2205 236 43 bankrörelse,
632 2206 55 33 må
723 2203 227 47 fullmäktige
985 2203 123 35 kunna
1137 2207 118 43 öppna
1284 2215 86 34 upp-
1400 2202 66 35 och
1497 2202 312 47 afskrifningsräk-

211 2260 89 46 ning
329 2261 77 33 mot
434 2258 334 47 räntegodtgörelse.
828 2257 69 34 För
925 2256 105 36 sådan
1061 2256 155 47 räkning
1245 2256 91 47 gälla
1356 2255 156 47 följande
1533 2255 278 47 hufvudsakliga

210 2312 278 36 bestämmelser:

301 2376 65 29 Bih.
396 2375 45 29 till
467 2375 99 29 Riksd.
596 2374 78 29 Prot.
702 2375 88 29 1898.
841 2375 18 28 6
885 2373 92 30 Saml.
1005 2374 12 27 1
1043 2373 69 37 Afd.
1141 2374 18 28 6
1184 2372 83 38 Häft.
1317 2372 57 28 Bu.
1403 2372 31 29 B.
1746 2370 19 30 4
