2224 2640
440 113 41 30 34
907 116 274 34 Bankoutskoltets
1208 119 172 32 Memorial
1406 121 64 30 N:o
1497 124 27 28 7.

463 200 100 31 Mom.
599 209 26 22 2.
671 202 66 30 Det
771 201 123 42 åligger
927 203 204 42 fullmäktige
1164 205 73 31 icke
1271 205 134 32 allenast
1440 211 55 33 att,
1525 207 98 31 sedan
1648 205 314 44 årsräkenskaperna
1985 211 54 29 vid

401 250 119 30 bruket
543 251 106 31 blifvit
672 252 169 38 afslutade,
865 254 153 31 samfäldt
1040 255 77 31 eller
1139 265 120 30 genom
1283 256 200 41 delegerade,
1508 256 40 42 på
1569 257 108 31 stället
1701 263 77 35 taga
1801 259 183 32 kännedom
2008 261 34 30 af

403 300 196 40 föregående
621 301 84 32 årets
729 303 199 41 förvaltning
951 310 86 25 samt
1059 306 83 30 tillse
1165 307 209 40 byggnaders
1398 308 62 30 och
1484 308 179 31 maskiners
1687 308 143 31 tillstånd
1854 311 73 30 med
1941 321 96 28 mera,

402 356 79 26 utan
505 351 93 31 äfven
622 357 47 26 att
693 354 55 30 vid
772 354 109 39 hvarje
903 355 191 32 förvaltares
1117 348 124 49 afgång
1264 358 59 30 och
1348 358 194 31 deremellan
1567 359 94 31 hvart
1685 359 101 40 tredje
1808 359 34 31 år
1864 361 175 32 verkställa

401 402 205 41 inventering
629 403 35 45 af
684 403 150 49 förråden
857 406 55 30 vid
936 406 124 31 bruket.

744 501 23 45 8
792 513 45 33 54.
1596 503 23 42 8
1641 489 56 59 46.

465 588 218 31 Förekomma
712 591 102 30 under
836 589 169 42 pågående
1028 592 132 40 riksdag
1183 591 122 33 sådana
1328 592 119 42 frågor,
1472 605 70 19 som
1567 595 8 29 i
1599 599 46 26 ett
1668 594 76 32 eller
1768 600 98 26 annat
1889 596 152 31 afseende

405 638 99 31 hafva
539 639 179 40 inflytande
752 642 41 39 på
827 641 213 31 riksbankens
1063 643 105 30 kredit
1190 643 78 31 eller
1290 645 157 36 säkerhet,
1473 655 72 20 men
1570 645 173 31 hvaröfver
1765 646 170 31 bestämda
1958 647 81 31 före-

403 689 133 31 skrifter
558 690 126 38 saknas,
711 690 52 32 må
787 692 137 31 beslutet
947 693 112 30 derom
1082 693 26 40 ej
1133 693 35 31 af
1189 693 204 42 fullmäktige
1415 695 108 38 fattas,
1549 696 97 31 innan
1671 696 40 31 de
1734 696 81 31 först
1838 696 125 32 rådfört
1989 690 73 48 sig”

403 740 74 31 med
501 740 280 33 bankoutskottet.

755 842 20 38 8
799 850 46 32 55.
1562 840 120 64 547

468 919 118 52 Någon
610 902 215 76 riksbarikens
848 928 164 41 fastighet,
1037 930 73 31 med
1133 931 227 40 undantag,
1324 924 37 57 af
1379 929 111 39 sådan,
1515 941 70 27 som
1609 931 48 31 till
1681 932 201 31 betäckande
1906 933 35 31 af
1953 934 87 43 riks-

403 975 148 31 bankens
584 976 104 31 deruti
725 977 192 33 intecknade
951 979 132 32 fordran
1112 981 108 30 blifvit
1243 981 50 31 för
1316 982 72 30 dess
1411 983 140 39 räkning
1574 983 147 40 inropad,
1746 981 52 32 må
1821 984 71 30 icke
1914 983 36 32 af
1970 984 70 30 full-

404 1025 146 41 mäktige
587 1026 139 40 afyttras
764 1028 76 37 eller
872 1030 207 34 riksbanken.
1102 1030 193 41 frånskiljas,
1321 1037 85 27 .utan
1441 1032 82 32 skall
1557 1031 92 42 fråga
1683 1034 111 30 derom
1828 1034 213 32 underställas

403 1075 278 33 bankoutskottet.

760 1127 20 38 8
808 1130 46 38 56.

467 1212 91 31 Efter
589 1212 110 41 hvarje
727 1211 51 33 års
805 1214 61 30 slut
888 1214 96 31 skola
1007 1214 199 41 fullmäktige

404 1263 45 30 till
472 1263 202 40 Riksdagens
703 1264 235 31 bankoutskott
961 1265 119 40 afgifva
1103 1266 102 31 berät-

404 1313 80 31 telse
508 1312 164 41 angående
696 1315 209 31 riksbankens
927 1314 149 37 tillstånd,
1090 1317 116 30 rörelse

405 1364 63 31 och
492 1364 198 41 förvaltning.
737 1366 115 30 Denna
874 1366 173 31 berättelse
1070 1367 77 30 skall
1161 1368 45 29 till

1585 1126 22 41 $
1633 1135 50 36 48.

1305 1212 111 42 Enligt
1441 1214 188 40 stadgandet
1654 1215 13 31 i
1693 1219 22 41 $
1742 1218 45 29 32
1812 1216 42 40 af
1877 1216 90 41 lagen
1983 1217 58 41 för

1243 1264 140 39 Sveriges
1419 1264 152 32 riksbank
1608 1265 43 39 af
1677 1266 59 31 den
1773 1268 140 38 12:maj
1951 1270 90 29 1897

1241 1314 88 31 skola
1345 1314 207 41 fullmäktige
1577 1316 111 40 hvarje
1714 1318 40 29 år
1779 1317 48 31 till
1840 1317 199 41 Riksdagens

1242 1367 236 31 bankoutskott
1513 1368 119 41 afgifva
1669 1369 186 32 berättelse.
1875 1370 166 41 angående

405 1415 130 40 trycket
557 1415 163 31 befordras
740 1416 61 31 och
818 1411 100 61 hållas
930 1417 50 31 för
992 1417 214 32 allmänheten

1242 1418 209 31 riksbankens
1467 1418 149 37 tillstånd,
1634 1420 116 31 rörelse
1766 1421 61 30 och
1840 1421 199 42 förvaltning.

405 1465 185 42 tillgänglig.

1242 1469 115 30 Denna
1379 1469 174 32 berättelse
1575 1470 79 30 skall
1670 1470 46 31 till
1731 1472 126 39 trycket
1877 1472 165 31 befordras

1243 1519 61 31 och
1327 1518 98 32 hållas
1449 1519 49 31 för
1513 1520 223 32 allmänheten
1758 1522 184 41 tillgänglig.

471 1567 207 31 Härförutom
713 1567 96 31 hafva
843 1568 198 41 fullmäktige
1069 1575 48 24 att
1144 1570 45 30 till
1213 1570 221 40 Riksdagens
1438 1571 157 31 revisorer
1616 1571 90 31 öfver
1735 1573 206 50 statsverket,
1969 1574 72 31 riks-

407 1617 129 31 banken
569 1618 61 31 och
664 1618 309 40 riksgäldskontoret
1005 1620 119 40 afgifva
1156 1621 173 34 berättelse
1356 1621 3 30 i
1383 1620 212 32 omförmälda
1618 1622 191 31 hänseende.

467 1669 105 39 Jemte
595 1669 93 30 dessa
712 1669 187 31 berättelser
922 1670 91 30 skola
1033 1670 197 41 fullmäktige
1254 1671 42 30 till
1320 1671 271 32 bankoutskottet
1614 1673 62 30 och
1700 1674 196 30 revisorerna
1920 1673 64 32 låta
2000 1674 40 31 öf-

407 1719 164 30 verlemna
603 1720 39 30 de
676 1720 198 36 berättelser,
907 1721 195 39 'styrelserna
1128 1721 49 31 för
1204 1721 340 41 afdelningskontoren
1578 1723 98 30 hafva
1710 1729 50 25 att
1792 1724 130 40 afgifva,
1956 1731 86 25 samt

408 1769 44 30 till
477 1770 196 30 revisorerna
696 1771 163 30 dessutom
877 1771 39 30 de
929 1770 69 32 från
1021 1773 196 29 revisorerna
1240 1772 47 30 för
1309 1772 334 41 afdelningskontoren
1668 1775 149 30 inkomna
1840 1775 200 37 berättelser,

408 1818 133 41 åtföljda
563 1820 36 32 af
615 1821 42 30 de
673 1821 229 31 meddelanden
916 1822 62 30 och
1002 1822 217 41 förklaringar,
1243 1823 106 30 hvilka
1372 1822 53 31 må
1448 1824 101 30 finnas
1575 1824 36 30 af
1628 1825 40 30 de
1691 1825 9 29 i
1721 1826 199 42 sistnämnda
1941 1827 100 30 berät-

408 1870 97 30 telser
527 1870 110 41 gjorda
661 1871 266 41 framställningar
949 1873 76 30 eller
1041 1873 169 31 anmärkta
1234 1872 215 33 förhållanden
1476 1873 175 42 påkallade.
1804 1916 2 2 |

1305 1917 72 32 Den
1388 1918 162 32 berättelse
1559 1919 164 40 angående
1732 1919 170 33 verkställd
1909 1921 133 40 gransk-

1241 1967 78 41 ning
1346 1969 44 40 af
1405 1968 194 33 riksbanken
1621 1968 14 32 1
1655 1969 72 31 dess
1749 1969 109 39 helhet,
1881 1982 67 21 som
1965 1970 77 42 jem-

1242 2018 59 32 likt
1330 2019 153 39 gällande
1514 2019 194 32 instruktion
1731 2020 58 41 för
1811 2021 111 41 hvarje
1944 2023 40 30 år
2006 2022 43 41 af

1242 2069 202 41 Riksdagens
1475 2066 156 36 revisorer
1653 2070 142 42 afgifves
1818 2071 54 32 och
1886 2071 156 41 fullmäk-

1242 2119 62 40 tige
1326 2119 168 40 tillställes,
1518 2121 82 31 skall
1611 2124 48 38 på
1675 2116 95 37 deras
1777 2122 266 41 föranstaltande

1243 2170 135 40 tryckas,
1419 2171 237 41 offentliggöras
1690 2172 55 32 och
1777 2172 48 32 til
1857 2172 187 41 Riksdagen

1242 2220 210 42 öfverlemnas
1478 2221 97 41 jemte
1607 2222 37 32 de
1679 2223 170 40 yttranden
1885 2223 55 32 och
1969 2223 73 42 för-
