2206 2638
432 104 39 31 19

450 190 99 30 Mom.
574 199 26 22 2.

900 106 71 32 Ban
982 102 216 46 koutskottets
1206 107 174 32 Memorial
1403 108 64 31 N:o
1494 111 27 29 7.

647 191 89 31 Utan
764 191 109 32 hinder
895 192 36 31 af
950 193 58 30 här
1030 192 97 32 ofvan
1151 194 171 30 bestämda
1344 194 309 42 distriktsindelning
1677 196 53 30 må
1752 196 85 31 dock
1865 196 165 31 meddelas

384 239 50 31 lån
473 246 76 25 utan
582 240 282 43 afbetalningsrätt
898 249 71 24 mot
998 243 218 32 realsäkerhet
1239 244 62 31 och
1324 244 136 31 kreditiv
1484 251 70 25 mot
1576 246 171 31 enahanda
1768 246 86 41 slags
1877 247 153 31 säkerhet

382 296 89 26 samt
494 292 52 30 vid
568 291 277 33 hufvudkontoret
867 293 106 31 kredit
996 295 8 29 i
1027 294 137 41 löpande
1188 295 143 41 räkning.

446 342 178 31 Dessutom
662 341 54 33 må
746 344 251 36 bankanstalter,
1031 344 93 32 äfven
1158 355 55 21 om
1241 346 39 30 de
1303 345 69 32 icke
1395 346 128 31 tillhöra
1545 346 292 33 hufvudkontorets
1859 348 137 37 distrikt,
2019 349 8 30 i

381 392 154 42 samtliga
559 391 198 44 lånegrenar,
781 405 53 21 om
857 396 39 31 de
919 393 37 33 så
978 395 112 38 önska,
1114 396 99 31 anlita
1236 396 90 31 detta
1348 396 127 32 kontor.

740 492 23 44 8
786 497 47 30 26.

1576 494 23 42 $
1622 508 47 21 ar.

948 580 313 43 Utlåningsrörelsen
1283 582 169 32 omfattar:

961 631 36 40 a)
1021 633 222 42 diskontering
1265 634 36 31 af
1318 633 127 38 vexlar;

443 679 33 34 6)
501 679 141 43 utlåning
666 688 70 25 mot
759 682 144 41 hypotek
926 682 37 33 af
973 683 138 41 löpande
1126 684 58 31 för-

380 730 165 42 skrifning,
567 732 112 37 aktier,
703 733 129 40 publika
852 744 122 31 papper
989 734 76 32 eller
1080 745 104 21 annan

378 781 167 39 säkerhet;

443 831 29 40 e)
498 831 142 43 utlåning
663 839 71 26 mot
756 840 78 35 pant
856 835 36 31 af
909 833 157 43 vågförda
1088 835 96 32 effek-

379 888 63 33 ter;

1284 677 32 42 b)
1338 677 149 41 utlåning
1509 681 62 30 mot
1588 681 82 38 pant
1685 678 45 42 af
1740 678 215 41 obligationer,
1973 680 52 31 ak-

1220 728 61 33 tier
1312 728 74 33 eller
1419 729 107 32 andra
1548 729 223 41 värdepapper
1796 729 84 38 eller,
1904 729 15 32 i
1940 730 85 32 vissa

1212 779 80 41 fall,
1316 783 122 28 ensamt
1459 783 64 28 mot
1543 780 209 40 låntagarens
1766 780 218 41 förbindelse;

1283 836 28 39 ec)
1334 835 144 43 utlåning
1500 843 69 25 mot
1591 843 80 35 pant
1693 837 37 31 af
1747 849 109 26 varor;

641 933 35 42 d)
700 936 181 40 beviljande
905 936 36 31 af
961 936 235 32 kassakreditiv
1219 938 63 31 och
1306 937 102 31 kredit
1430 939 8 30 i
1463 938 136 40 löpande
1623 938 149 41 räkning;

641 984 30 40 e)
696 986 180 40 beviljande
899 987 37 30 af
954 986 282 42 afbetalningslån.

734 1083 23 43 8
780 1096 48 31 27.

441 1169 62 31 Till
531 1169 268 43 afbetalningslån
824 1170 51 33 må
898 1174 165 30 användas
1086 1174 98 40 högst

382 1228 35 23 12
442 1220 155 34 millioner
618 1221 128 32 kronor.

974 1371 31 44 a)
1029 1378 216 36 Diskontering
1265 1378 41 37 af
1322 1378 113 28 vexlar.

734 1421 22 43 8
779 1427 47 29 28.

441 1507 100 31 Mom.
583 1518 23 21 1.
662 1509 232 41 Diskontering
927 1508 118 33 tillåtes
1067 1512 114 30 endast

377 1557 35 31 af
441 1559 105 36 vexel,
579 1569 82 27 som,
695 1560 84 31 stäld
815 1561 7 30 i
846 1561 134 31 svenskt
1004 1567 91 34 mynt
1117 1562 63 30 och

377 1609 151 31 betalbar
549 1610 85 31 inom
658 1610 100 42 högst
779 1622 59 20 sex
860 1609 154 34 månader
1036 1612 80 31 efter
1138 1613 42 30 di-

376 1659 321 42 skonteringsdagen,
728 1664 35 28 är
785 1662 118 40 dragen
926 1661 42 42 på
990 1663 86 30 inom
1100 1663 80 31 riket

377 1710 113 31 bosatt
522 1711 118 31 svensk
673 1710 179 38 undersåte,
886 1719 86 24 samt
1006 1714 138 30 inrättad
1172 1715 8 29 i

375 1760 144 41 enlighet
547 1762 72 31 med
642 1762 62 31 den
728 1763 9 30 i
759 1763 145 40 gällande
927 1764 149 40 vexellag
1097 1765 83 30 stad-

375 1812 85 39 gade
483 1811 81 31 form
587 1813 63 30 och
673 1813 176 41 behörigen
872 1816 202 39 accepterad.

440 1862 100 31 Mom.
575 1871 26 22 2.
658 1857 48 37 Är
739 1870 212 35 acceptanten
974 1865 70 32 icke
1068 1866 111 30 bosatt

1571 1422 23 41 $
1617 1436 46 21 22,

1280 1504 98 31 Mom.
1403 1506 29 29 1.
1479 1503 231 42 Diskontering
1726 1504 115 32 tillåtes
1856 1505 113 32 endast
1984 1511 37 36 aj

1216 1554 97 38 vexel,
1347 1565 76 27 som,
1458 1554 146 33 inrättad
1636 1555 15 31 i
1675 1554 137 41 enlighet
1832 1556 71 32 med
1925 1556 61 32 den
2007 1556 16 31 i

1214 1605 152 40 gällande
1398 1605 143 41 vexellag
1578 1606 156 41 stagdade
1748 1606 101 41 form,
1873 1608 41 30 är
1935 1606 85 32 stäld

1216 1656 15 31 i
1261 1656 123 32 svenskt
1415 1660 96 37 mynt,
1546 1656 168 41 behörigen
1747 1657 183 40 accepterad
1965 1657 54 32 och

1217 1706 140 32 betalbar
1389 1708 21 31 å
1442 1707 123 32 inrikes
1598 1710 47 29 ort
1677 1707 88 32 inom
1785 1718 56 22 sex
1862 1709 158 31 månader

1216 1757 80 41 efter
1332 1758 338 41 diskonteringsdagen
1706 1762 85 29 samt
1821 1760 122 40 dragen
1972 1762 47 38 på

1216 1808 87 32 inom
1324 1808 82 33 riket
1428 1810 101 31 bosatt
1549 1811 111 32 svensk
1682 1811 178 31 undersåte.

1202 1863 19 33 å
1243 1865 330 42 diskonteringsorten
1596 1867 75 31 eller
1693 1868 10 30 i
1726 1867 192 32 Stockholm
1941 1869 76 31 eller

375 1910 19 33 å
427 1918 61 32 ort,
522 1913 55 31 der
612 1913 298 42 afdelningskontor
945 1916 36 31 af
1012 1916 189 31 riksbanken
1236 1916 75 31 eller
1342 1927 106 21 annan
1476 1918 264 41 bankinrättning
1761 1919 109 36 finnes,
1894 1919 81 31 skall
1998 1918 19 32 å

375 1964 118 31 vexeln
527 1964 168 41 uppgifvas
731 1972 131 25 namnet
894 1966 41 41 på
968 1977 40 21 en
1031 1965 19 33 å
1071 1967 327 41 diskonteringsorten
1421 1968 77 31 eller
1520 1979 103 20 annan
1647 1974 60 31 ort,
1731 1969 56 31 der
1808 1970 208 31 bankanstalt

375 2017 34 30 är
436 2014 133 44 förlagd,
593 2015 127 33 boende
747 2027 124 30 person,
899 2017 60 31 hos
986 2018 126 31 hvilken
1136 2018 207 41 betalningen
1365 2019 53 30 vid
1440 2019 211 31 förfallotiden
1675 2018 263 33 tillhandahålles.

1404 2065 16 12 Dj

1276 2063 97 31 Mom.
1398 2077 29 17 3.
1477 2062 59 33 Om
1566 2063 143 32 särskild
1737 2064 278 41 rediskonterings-

1212 2114 66 31 rätt
1291 2113 60 41 för
1373 2113 146 32 enskilda
1541 2114 119 32 banker
1676 2116 41 30 är
1731 2115 148 40 stadgadt
1893 2114 15 33 i
1921 2115 95 41 lagen

1205 2163 62 41 för
1290 2163 146 41 Sveriges
1466 2163 153 33 riksbank
1639 2165 45 41 af
1693 2166 61 31 den
1769 2166 45 32 12
1828 2165 68 43 maj
1911 2168 102 36 1897,

1213 2213 398 43 öfvergångsstadganden,
1634 2215 23 41 $
1680 2218 50 30 41.
