2210 2650
717 243 257 29 Bankoutskottets
997 242 156 30 Memorial
1176 243 60 29 N:o
1263 244 24 28 7.
1763 240 42 30 45

205 324 267 49 offentliggöras
512 324 66 35 och
620 324 55 35 till
708 323 202 48 Riksdagen
944 323 234 36 öfverlemnas
1208 323 112 48 jemte
1354 323 41 36 de
1422 323 191 48 yttranden
1643 323 65 35 och
1736 322 68 35 för-

206 378 192 49 klaringar,
428 378 56 35 till
513 378 145 36 hvilken
688 378 205 35 densamma
920 377 69 36 kan
1020 377 96 48 gifva
1145 377 201 48 anledning.

311 450 53 30 (Jfr
382 448 17 34 &
418 447 33 28 32
471 449 9 26 i
499 448 79 31 lagen
597 449 39 26 för
655 448 123 32 Sveriges
796 448 150 31 riksbank.)

951 558 22 46 8
1006 559 59 34 56.

311 648 241 49 Fullmäktige
581 649 99 35 skola
709 647 103 37 alltid
847 660 81 23 vara
957 647 151 36 beredda
1136 649 45 46 på
1208 648 131 35 sådana
1366 648 179 44 anstalter,
1572 648 232 47 hvarigenom

204 702 234 36 riksbankens
469 703 227 35 redbarheter
724 704 93 34 samt
848 702 197 47 angelägna
1060 701 214 48 handlingar
1296 702 66 35 och
1378 702 199 35 dokument
1592 703 58 34 må
1669 702 134 44 kunna,

204 769 60 23 om
293 758 38 34 så
358 757 147 45 fordras,
529 759 86 33 utan
644 757 216 46 tidsutdrägt
886 756 57 35 till
971 755 100 36 säker
1091 757 56 34 ort
1164 756 192 47 förflyttas;
1387 757 65 34 och
1472 756 87 35 böra
1578 756 227 47 fullmäktige

204 810 60 35 vid
293 811 84 35 slikt
405 811 222 35 förhållande
656 811 37 35 af
722 810 135 48 Kongl.
887 810 110 47 Maj:t
1027 809 145 48 utbedja
1200 809 54 49 sig
1280 810 61 35 råd
1370 810 65 35 och
1465 810 270 49 upplysningar.

950 937 22 46 8
1006 937 60 35 57.

311 1027 112 36 Mom.
458 1028 31 34 1.
548 1017 51 45 Åt
627 1030 40 32 de
694 1028 48 44 af
765 1027 196 46 Riksdagen
989 1027 97 35 valde
1112 1026 230 48 fullmäktige
1370 1029 37 32 är
1435 1026 215 48 uppdraget:

311 1081 111 47 enligt
448 1081 345 47 regeringsformens
813 1081 22 46 8
858 1082 46 34 50
926 1083 63 42 att,
1017 1081 111 46 jemte
1155 1080 225 47 fullmäktige
1408 1080 12 35 1
1448 1080 356 48 riksgäldskontoret,

204 1134 81 35 med
316 1135 207 47 Konungen
553 1135 162 35 samråda
743 1148 60 22 om
831 1135 203 35 utsättande
1062 1135 37 34 af
1126 1147 115 22 annan
1271 1134 230 47 riksdagsort,
1525 1134 54 45 då,
1600 1135 11 34 i
1631 1134 174 35 anseende

203 1188 56 35 till
288 1189 135 46 vigtiga
451 1189 136 43 hinder,
617 1189 146 47 riksdag
791 1189 33 47 ej
855 1189 67 34 kan
954 1188 113 35 hållas
1095 1189 11 33 i
1135 1188 279 45 hufvudstaden;

310 1243 113 47 enligt
450 1243 344 47 regeringsformens
829 1243 22 45 8
882 1243 60 43 98,
972 1244 64 41 att,
1067 1255 56 22 om
1152 1242 448 47 justitieombudsmannen
1630 1242 63 34 dör
1721 1242 85 34 eller

203 1297 53 34 sin
300 1296 203 47 befattning
545 1295 206 48 nedlägger,
786 1296 55 43 då,
876 1298 222 44 gemensamt
1130 1296 80 34 med
1244 1296 228 46 fullmäktige
1500 1296 12 34 i
1540 1295 264 47 riksgäldskon-

202 1352 105 42 toret,
336 1350 129 34 insätta
493 1350 12 34 i
534 1350 155 34 embetet
721 1349 68 36 den
819 1361 141 36 person,
990 1349 202 46 Riksdagen
1222 1349 56 35 till
1307 1349 89 35 hans
1424 1349 227 35 efterträdare
1680 1351 122 42 utsett,

203 1406 95 32 samt
339 1405 62 42 att,
437 1404 44 34 då
521 1403 67 35 den
623 1415 138 35 person,
792 1415 73 23 som
902 1403 204 46 Riksdagen
1136 1404 112 34 utsett
1276 1405 52 33 att
1354 1403 450 47 justitieombudsmannen

203 1457 201 43 efterträda,
434 1456 56 35 till
518 1457 139 47 verklig
682 1456 376 46 justitieombudsman
1088 1457 182 35 förordnas
1298 1456 83 36 eller
1404 1469 129 35 genom
1556 1457 113 34 döden
1692 1457 112 46 afgår,

203 1510 85 35 eller
328 1511 213 47 rättigheten
585 1510 56 35 till
675 1511 278 35 efterträdandet
980 1511 56 43 sig
1063 1511 149 46 afsäger,
1243 1513 136 44 genast,
1409 1511 170 35 samfäldt
1607 1510 81 36 med
1716 1510 87 35 riks-

203 1565 287 46 gäldskontorets
518 1565 238 46 fullmäktige,
786 1577 62 35 per
876 1565 113 47 capita
1018 1565 92 46 välja
1138 1577 43 22 en
1210 1577 133 31 annan;

309 1618 112 48 enligt
459 1618 343 47 regeringsformens
845 1618 22 46 8&
912 1619 71 34 109
1021 1619 63 42 att,
1119 1618 115 36 derest
1268 1618 205 48 Riksdagen
1504 1619 151 35 bestämt
1683 1618 121 36 bevill-

203 1672 152 46 ningens
396 1671 79 36 hela
518 1672 143 47 belopp,
696 1685 80 22 men
810 1671 76 36 icke
915 1672 74 35 före
1018 1671 208 47 riksdagens
1255 1671 72 36 slut
1355 1684 58 23 om
1443 1672 264 47 bevillningens
1735 1673 69 34 för-

203 1725 146 47 delning
390 1725 120 35 blifvit
552 1737 93 31 ense,
680 1726 55 43 då,
771 1727 223 45 gemensamt
1036 1725 81 34 med
1155 1725 224 47 fullmäktige
1406 1726 13 34 i
1446 1726 355 46 riksgäldskontoret,

203 1781 166 45 uppsätta
397 1779 65 34 och
495 1779 139 34 utfärda
663 1792 49 33 ny
742 1778 431 47 bevillningsförordning
1200 1780 46 46 på
1274 1779 107 34 sådan
1411 1779 129 47 grund,
1561 1781 53 33 att
1642 1779 41 35 de
1703 1779 11 34 i
1734 1779 68 35 den

202 1833 99 34 förut
341 1832 161 47 gällande
545 1832 477 47 bevillningsförordningen
1056 1832 167 47 stadgade
1257 1832 146 35 artiklar
1428 1832 148 47 jemlikt
1602 1833 85 34 ökas
1716 1832 87 35 eller

202 1885 155 36 minskas
399 1886 89 35 efter
522 1886 66 35 den
623 1886 186 35 faststälda
844 1886 399 46 bevillningssummanps
1276 1886 220 35 förhållande
1529 1886 57 35 till
1614 1886 80 45 den,
1726 1899 76 23 som

204 1939 58 35 vid
291 1939 212 48 föregående
532 1939 144 48 riksdag
705 1940 120 35 blifvit
852 1939 175 45 fördelad;

311 1993 112 46 enligt
467 1993 384 46 riksdagsordningens
879 1994 23 45 8
935 1994 61 43 32,
1029 1996 53 32 att
1109 1993 60 34 vid
1197 1992 208 48 riksdagens
1434 1994 126 46 början
1588 2006 130 34 genom
1747 1995 55 34 tre

202 2046 205 51 delegerade
435 2047 255 34 tillstädesvara
719 2047 57 34 vid
805 2047 222 46 granskning
1056 2047 35 34 af
1120 2046 42 35 de
1191 2046 217 45 fullmakter,
1429 2047 170 35 hvarmed
1627 2047 176 47 riksdags-

202 2102 153 32 männen
384 2100 100 34 skola
512 2100 121 46 styrka
662 2100 54 35 sin
747 2100 218 47 behörighet.

311 2153 110 34 Mom.
470 2154 32 33 2.
562 2153 127 46 Enligt
730 2153 121 46 kongl.
887 2152 255 47 förordningen
1178 2152 181 47 angående
1389 2165 43 22 en
1458 2153 261 47 postsparbank
1748 2154 55 34 för

202 2206 93 35 riket
336 2218 63 34 ega
442 2206 227 47 fullmäktige
709 2207 53 34 att
791 2206 96 35 inom
919 2205 54 47 sig
1002 2207 78 33 utse
1109 2218 42 23 en
1181 2205 206 48 fullmäktig
1415 2208 53 33 att
1497 2219 82 22 vara
1606 2206 157 36 ledamot
1791 2208 11 33 i

202 2259 325 48 postsparbankens
555 2260 164 46 styrelse;
751 2261 53 33 att
832 2257 71 37 låta
931 2260 56 34 för
1016 2259 323 47 postspurbankens
1369 2259 154 47 räkning
1551 2260 12 34 i
1582 2259 217 36 riksbanken

203 2314 138 34 förvara
370 2313 40 35 de
441 2313 302 48 postsparbanken
775 2312 180 48 tillhöriga
984 2312 234 48 obligationer
1247 2313 64 35 och
1342 2313 109 35 andra
1481 2313 320 48 värdehandlingar

1851 239 68 26 Bil.
1939 241 41 24 B.
