2226 2640
413 104 39 30 29

433 189 71 31 Och
541 190 90 36 skall,
666 194 56 27 när
754 191 178 41 fullmäktig
953 190 39 42 på
1014 194 102 38 grund
1140 193 35 31 af

369 241 286 31 bestämmelserna
687 243 9 29 i
730 253 97 20 mom.
865 251 13 30 5
915 243 73 30 eller
1019 244 20 29 6
1067 243 28 40 ej
1124 242 47 32 får

370 291 109 31 utöfva
502 292 181 41 befattning
705 291 107 32 såsom
836 292 110 36 sådan,
969 294 62 30 han
1055 300 116 35 genast

370 340 159 33 frånträda
557 343 189 31 densamma
769 349 86 25 samt
876 344 167 40 suppleant
1066 343 41 32 då
1129 346 41 29 in-

370 393 99 30 kallas
491 399 49 24 att
563 394 7 29 i
594 394 107 30 stället
716 392 107 33 såsom
841 395 179 41 fullmäktig
1034 396 135 30 inträda.

722 545 19 37 $
762 555 50 29 41.

430 629 97 30 Mom.
557 638 23 22 1.
627 630 63 30 Vid
718 629 233 42 förvaltningen
974 630 35 31 af
1028 631 140 31 riksban-

366 680 61 30 ken
464 679 96 31 hafva
598 680 198 41 fullmäktige
833 687 50 24 att
916 681 90 31 ställa
1039 684 50 38 sig
1122 682 46 30 till

366 730 211 31 efterrättelse
615 731 27 40 ej
682 732 120 30 mindre
836 732 97 30 rikets
966 733 201 40 grundlagar,

366 784 40 27 än
439 781 92 30 äfven
560 782 40 29 de
622 782 10 29 i
655 781 148 32 afseende
827 781 41 41 på
891 782 192 32 riksbanken
1106 786 62 28 sär-

365 832 94 30 skildt
493 831 166 31 utfärdade
694 832 96 40 lagar,
824 834 179 39 ordningar,
1035 835 133 39 stadgar

366 882 62 30 och
452 882 227 40 reglementen.

429 932 97 31 Mom.
552 941 26 22 2.
625 933 226 31 Riksbankens
879 934 197 40 fullmäktige
1104 935 70 31 och

366 983 162 36 revisorer,
563 983 221 32 ledamöterna
817 984 37 30 af
877 984 290 40 afdelningskonto-

365 1043 72 20 rens
459 1034 160 39 styrelser,
649 1034 60 30 alla
731 1035 52 29 vid
806 1035 190 30 riksbanken
1020 1035 147 31 anstälde

364 1084 192 39 tjenstemän
603 1091 86 24 samt
732 1085 39 30 de
814 1096 162 29 personer,
1009 1096 70 20 som
1114 1087 53 29 vid

365 1135 235 40 granskningen
635 1136 36 30 af
701 1136 211 30 riksbankens
945 1137 136 39 styrelse
1104 1137 62 30 och

365 1185 193 40 förvaltning
604 1186 125 30 biträda
763 1186 204 41 Riksdagens
1001 1188 165 35 revisorer,

364 1236 91 30 skola
487 1236 90 30 doldt
610 1236 63 30 och
696 1236 163 41 förtegadt
881 1235 82 32 hålla
986 1237 85 31 hvad
1094 1248 72 20 som

364 1297 85 19 rörer
485 1287 143 30 enskilda
665 1297 167 30 personers
870 1286 214 32 förhållanden
1122 1289 45 30 till

364 1336 188 31 riksbanken
587 1337 77 30 eller
695 1338 86 30 hvad
813 1338 9 29 i
846 1338 96 41 öfrigt
964 1339 52 30 vid
1038 1339 129 30 förvalt-

364 1388 115 39 ningen
502 1388 64 29 kan
589 1388 144 30 förefalla
756 1388 36 30 af
808 1387 100 32 sådan
931 1389 234 37 beskaffenhet,

363 1443 50 25 att
435 1438 54 30 det
511 1438 100 40 enligt
634 1439 53 39 lag
710 1439 61 30 oeh
795 1439 211 40 reglementet
1026 1440 50 30 för
1092 1441 74 29 riks-

363 1488 126 30 banken
513 1489 136 40 hemligt
672 1487 99 33 hållas
793 1490 68 30 bör.

719 1571 20 38 8
760 1581 49 30 42.

427 1655 97 30 Mom.
565 1664 22 21 1.
633 1656 215 41 Fullmäktige
883 1662 70 25 utse
984 1658 85 29 inom
1103 1659 50 39 sig

883 106 276 33 Bankoutskottets
1181 108 175 31 Memorial
1377 109 63 31 N:o
1470 112 27 30 7.

1268 189 92 29 Mom.
1380 197 31 29 5.
1457 191 74 28 När
1546 191 175 37 fullmäktig
1736 192 44 37 på
1798 194 104 35 grund
1921 194 39 37 af
1968 195 41 27 be-

1204 241 219 28 stämmelserna
1459 242 13 27 i
1501 240 48 41 $$
1586 249 40 31 29
1663 243 52 30 och
1735 251 45 26 30
1803 244 40 37 af
1857 244 83 37 lagen
1952 245 60 37 för

1204 289 135 38 Sveriges
1372 292 139 28 riksbank
1545 293 41 33 af
1612 293 54 28 den
1700 301 37 20 12
1770 295 65 36 maj
1867 296 78 37 1897
1981 296 30 36 ej

1195 340 60 36 får
1286 342 100 37 utöfva
1422 342 157 37 befattning
1610 342 95 29 såsom
1726 343 105 36 sådan,
1855 346 78 27 skall
1950 346 59 28 han

1191 394 129 34 "genast
1344 387 162 33 frånträda
1528 391 192 30 densamma
1736 397 87 25 samt
1838 393 171 40 suppleant

1204 437 40 32 då
1276 439 134 31 inkallas
1444 446 48 25 att
1525 441 8 30 i
1561 441 108 31 stället
1696 440 107 32 såsom
1828 442 181 42 fullmäktig

1204 490 134 31 inträda.

1558 538 23 41 S
1588 552 64 40 35.

1264 624 64 30 Vid
1363 625 235 41 förvaltningen
1633 626 36 31 af
1691 627 192 31 riksbanken
1910 629 97 30 hafva

1203 674 199 42 fullmäktige
1425 681 48 26 att
1496 676 92 31 ställa
1611 678 50 40 sig
1683 677 44 31 till
1748 678 213 32 efterrättelse
1977 679 28 40 ej

1202 726 121 30 mindre
1361 726 96 31 rikets
1493 727 194 41 grundlagar
1723 731 39 28 än
1796 729 96 31 äfven
1923 730 41 31 de
1997 731 9 29 i

1203 776 152 31 afseende
1378 776 41 41 på
1446 777 195 32 riksbanken
1668 779 148 31 särskildt
1840 780 166 31 utfärdade

1202 826 98 40 lagar,
1324 830 257 35 reglementariska
1588 831 202 37 föreskrifter
1805 833 51 28 och
1872 834 131 36 stadgar.

1556 1573 23 41 $
1594 1580 56 34 36.

1186 1656 55 33 två
1274 1659 206 40 deputerade,
1514 1660 110 31 hvilka
1658 1662 55 30 det
1746 1660 122 43 åligger
1901 1670 57 30 att,

362 1706 337 31 öfverensstämmelse
722 1707 74 30 med
818 1707 325 41 bankoreglementet
1165 1709 61 31 och
1250 1710 61 29 den
1335 1710 202 38 instruktion,
1561 1721 72 21 som
1657 1712 36 30 af
1711 1712 200 42 fullmäktige
1927 1715 74 30 fast-

361 1756 108 30 ställes
491 1762 86 24 samt
600 1757 8 29 i
632 1757 96 40 öfrigt
750 1757 82 31 efter
859 1758 37 30 af
915 1758 196 41 fullmäktige
1134 1760 149 30 bestämd
1307 1761 177 40 fördelning
1506 1761 36 30 af
1557 1761 188 41 göromålen
1761 1764 74 30 dem
1853 1766 145 35 emellan,

362 1806 165 41 föredraga
562 1808 140 30 ärenden
736 1808 80 30 inför
849 1808 207 42 fullmäktige,
1080 1810 82 30 tillse
1185 1810 185 31 utförandet
1392 1811 36 30 af
1446 1811 217 42 fullmäktiges
1687 1814 114 37 beslut,
1826 1816 172 31 verkställa

361 1857 64 40 köp
458 1858 61 30 och
553 1858 186 40 försäljning
772 1859 36 30 af
826 1859 169 31 utländska
1028 1860 112 31 vexlar
1174 1862 72 29 med
1280 1861 87 31 hvad
1390 1862 102 30 dertill
1513 1863 105 37 hörer,
1642 1863 110 32 utöfva
1776 1865 108 40 tillsyn
1907 1867 91 31 öfver

360 1906 185 42 göromålen
569 1909 87 30 inom
681 1909 194 31 riksbanken
899 1916 84 25 samt
1005 1910 185 31 handhafva
1212 1912 61 30 den
1297 1912 138 41 löpande
1458 1913 238 41 förvaltningen
1720 1916 6 29 i
1750 1915 105 41 öfrigt.

425 1958 96 31 Mom.
547 1967 27 22 2.
621 1959 167 40 Derjemte
812 1966 72 25 utse
908 1960 208 41 fullmäktige,
1139 1962 151 31 likaledes
1314 1963 86 30 inom
1424 1964 58 40 sig,
1506 1975 39 20 en
1569 1965 221 32 vikarierande
1816 1967 178 40 deputerad

360 2009 127 30 hvilken
511 2009 55 31 det
589 2007 122 43 åligger
733 2016 49 25 att
805 2012 100 30 under
928 2012 59 30 den
1010 2012 56 36 tid,
1083 2010 40 32 då
1142 2013 154 31 ordinarie
1313 2014 176 40 deputerad
1505 2013 140 42 åtnjuter
1661 2016 150 41 ledighet,
1828 2017 167 31 äfvensom

359 2060 53 29 vid
435 2060 145 40 tilltälligt
603 2060 102 31 förfall
728 2061 47 30 för
798 2060 106 42 någon
928 2062 35 30 af
980 2063 205 39 deputerade,
1209 2064 133 40 fullgöra
1365 2065 119 31 dennes
1507 2064 200 42 åligganden.

424 2110 97 30 Mom.
546 2119 28 29 3.
601 2110 166 32 Ordinarie
795 2113 195 39 deputerade
1017 2124 63 29 ega
1109 2112 123 41 åtnjuta
1261 2114 143 41 ledighet
1427 2116 159 30 hvardera
1610 2127 39 20 en
1673 2118 62 30 och
1759 2118 106 31 enhalf
1880 2117 116 33 månad

362 2158 126 42 årligen.

423 2210 88 30 Mom.
545 2220 20 28 4.
619 2211 215 40 Fullmäktige
869 2218 79 31 utse,
983 2213 151 32 likaledes
1168 2215 85 29 inom
1287 2215 59 40 sig,
1381 2226 39 19 cn
1445 2216 179 40 fullmäktig
1648 2216 47 31 för
1717 2224 48 24 att
1789 2219 99 39 enligt
1912 2219 83 29 med-
