2210 2642
395 212 42 30 42
833 222 2 4 |
909 220 258 30 Bankoutskottets
1192 223 155 30 Memorial
1370 225 59 29 N:o
1456 228 23 26 T.

1136 320 23 46 8
1189 322 62 35 47.

500 402 244 49 Fullmäktige
771 404 100 36 skola
890 406 110 36 minst
1027 420 43 23 en
1100 410 97 46 gång
1226 410 122 48 hvarje
1376 412 39 34 år
1433 412 76 36 icke
1533 413 151 37 allenast
1703 416 145 36 förrätta
1867 417 120 36 inven-

392 454 118 48 tering
550 456 37 35 af
620 457 234 37 riksbankens
889 460 291 38 hufvudkontors
1208 464 71 35 alla
1307 464 122 37 kassor
1458 467 64 35 och
1550 468 118 47 öfriga
1692 467 294 51 förvaringsrum,

392 510 84 33 utan
498 509 104 36 äfven
624 511 151 36 anställa
803 513 206 48 besigtning
1028 517 20 33 å
1067 516 232 37 riksbankens
1319 519 69 35 hus
1407 520 65 35 och
1491 521 217 37 inventarier
1727 523 12 34 i
1764 523 221 38 Stockholm.

1132 660 24 46 8
1186 662 60 34 48.

496 742 112 36 Mom.
633 745 34 33 1.
723 744 243 50 Fullmäktige
994 747 192 49 berättigas
1214 752 63 39 att,
1308 752 91 35 efter
1427 765 187 36 noggrann
1645 756 169 48 pröfning
1843 758 37 34 af
1913 771 70 22 om-

388 795 290 48 ständigheterna
714 799 13 33 i
759 799 120 47 hvarje
919 801 168 36 särskildt
1128 803 77 44 fall,
1239 805 96 35 såväl
1367 806 119 35 lemna
1513 807 235 38 riksbankens
1776 811 208 46 gäldenärer

387 848 230 49 förlängning
652 852 12 33 i
692 851 66 35 den
787 853 215 36 föreskrifna
1020 855 99 35 tiden
1148 857 58 34 för
1233 858 187 36 betalande
1448 861 36 33 af
1512 861 101 35 deras
1641 862 143 36 skulder
1811 865 57 34 till
1897 865 86 36 riks-

387 902 139 35 banken
562 916 78 23 som
675 905 66 35 ock
770 906 132 47 bevilja
931 907 42 35 de
1002 909 233 36 riksbankens
1263 912 220 47 gäldenärer,
1514 915 122 35 hvilka
1665 916 54 35 till
1752 917 231 47 borgenärers

386 955 210 48 förnöjande
639 958 53 34 sin
729 960 175 46 egendom
939 962 142 43 afträdt,
1116 964 131 35 ackord
1281 966 61 34 vid
1371 966 156 48 liqviden
1559 969 37 34 af
1625 969 99 36 deras
1752 971 146 36 skulder
1925 973 56 34 till

385 1009 226 37 riksbanken.
671 1012 21 34 I
720 1015 108 33 annat
855 1016 43 32 än
930 1015 63 35 sist
1021 1017 232 36 omförmälda
1281 1019 63 35 fall
1372 1022 59 33 må
1459 1021 227 49 fullmäktige
1716 1024 160 36 deremot
1904 1026 77 35 icke

386 1063 225 36 efterskänka
640 1064 111 48 något
778 1067 36 34 af
842 1067 97 35 hvad
968 1069 114 47 enligt
1108 1071 104 45 gifna
1239 1072 221 37 föreskrifter
1487 1076 66 34 och
1584 1077 164 46 gällande
1776 1078 204 36 författnin-

384 1128 68 34 gar
479 1117 62 35 bör
569 1118 173 48 erläggas,
776 1123 86 32 utan
896 1121 103 36 skola
1027 1123 68 35 alla
1123 1124 122 47 frågor
1274 1139 57 22 om
1362 1128 160 47 eftergift
1551 1130 237 37 underställas
1817 1133 162 35 nästblif-

384 1170 113 35 vande
539 1171 260 38 bankoutskott
831 1174 57 35 till
923 1176 191 46 afgörande
1148 1179 12 33 i
1197 1179 66 35 den
1299 1181 165 47 ordning,
1500 1183 266 37 instruktionen
1797 1186 57 34 för
1883 1187 97 35 detta

384 1224 141 35 utskott
552 1225 153 48 stadgar.

490 1278 110 36 Mom.
636 1281 32 34 2.
724 1280 241 50 Fullmäktige
1003 1296 64 35 ega
1095 1288 54 32 att
1176 1286 93 35 såväl
1297 1287 56 35 för
1381 1288 310 39 hufvudkontoret
1719 1304 88 32 som,
1838 1295 45 45 på
1911 1294 67 35 för-

381 1330 77 48 slag
498 1332 36 34 af
570 1332 260 38 vederbörande
859 1337 158 46 styrelse,
1046 1338 55 35 för
1129 1339 381 49 afdelningskontoren
1540 1343 207 47 bestämma,
1778 1346 121 35 hvilka
1928 1350 49 33 så-

380 1396 76 23 som
486 1386 125 35 osäkra
639 1387 152 36 ansedda
818 1389 203 49 fordringar
1052 1392 102 36 skola
1182 1393 92 36 föras
1301 1395 99 35 inom
1429 1396 110 36 linien
1568 1398 11 33 i
1608 1399 296 49 räkenskaperna.

1120 1536 23 46 8
1174 1538 62 34 49.

483 1609 110 43 Öfver
634 1619 129 36 sådana
799 1621 56 35 till
897 1622 261 39 bankoutskott
1191 1627 84 35 eller
1303 1629 170 36 revisorer
1500 1631 112 36 stälda
1642 1632 125 37 besvär
1794 1632 86 40 eller
1909 1635 63 39 hos

376 1668 299 39 bankoutskottet
716 1675 125 46 gjorda
874 1677 252 49 ansökningar,
1162 1692 75 23 som
1267 1681 124 37 blifvit
1418 1684 98 36 inom
1546 1686 148 49 behörig
1722 1688 52 35 tid
1803 1690 56 35 till
1890 1691 81 35 full-

375 1722 155 48 mäktige
558 1725 213 47 inlemnade,
802 1729 100 36 skola
930 1730 227 50 fullmäktige
1186 1735 135 47 afgifva
1352 1737 191 37 utlåtande.

1115 1876 24 47 8
1170 1879 58 34 50.

478 1955 242 51 Fullmäktige
762 1963 59 33 äro
864 1962 220 49 berättigade
1119 1968 53 33 att
1192 1970 62 32 när
1281 1980 76 23 som
1387 1970 93 35 helst
1508 1984 131 34 genom
1669 1974 146 45 ombud,
1847 1978 120 35 utsedt

369 2008 100 35 inom
509 2010 86 35 eller
638 2014 101 34 utom
780 2014 242 50 fullmäktige,
1057 2020 152 36 anställa
1242 2021 229 49 inventering
1505 2026 65 35 och
1609 2027 269 50 undersökning
1907 2032 59 34 vid

368 2058 393 57 afdelningskontoren.
928 2093 2 3 :

475 2116 69 35 För
571 2118 100 47 dylik
699 2120 229 49 förrättning,
959 2135 76 24 som
1064 2127 204 36 verkställes
1296 2129 37 35 af
1351 2130 209 50 fullmäktig
1578 2133 12 34 i
1610 2134 227 47 riksbanken,
1860 2140 106 46 utgår

367 2170 33 44 ej
431 2170 166 36 särskildt
631 2174 157 44 arfvode,
826 2178 87 33 utan
944 2177 123 36 endast
1096 2192 87 23 rese-
1214 2182 64 34 och
1306 2183 446 53 traktamentsersättning,
1784 2191 179 37 beräknad

366 2222 115 47 enligt
508 2225 113 47 tredje
651 2226 136 37 klassen
818 2229 37 35 af
883 2230 164 47 gällande
1075 2234 304 48 resereglemente,
1437 2239 70 35 Till
1536 2244 112 32 annat
1676 2244 133 35 ombud
1829 2245 134 36 lemnas

365 2276 224 47 godtgörelse
619 2280 91 35 efter
736 2281 267 39 bestämmande
1031 2286 37 34 af
1095 2283 243 57 fullmäktige.
