1918 2848
299 165 18 29 2
621 163 398 32 Jordbruksutskottets
1047 162 188 32 utlåtande
1262 162 52 32 Nr
1337 163 50 29 22.

256 244 96 30 mått.
399 243 182 30 Dessutom
616 242 186 36 föreligger
837 241 131 36 förslag
1001 241 56 30 till
1091 240 230 31 minimimått
1354 240 60 31 vid
1443 240 116 36 fångst
1582 250 45 20 av
1651 239 111 37 gädda

254 297 89 29 även
376 295 54 31 för
465 295 148 31 Vänern.
660 294 54 31 Då
747 293 193 32 emellertid
974 293 40 32 de
1045 303 48 21 nu
1122 293 55 31 för
1201 293 92 31 vissa
1316 293 58 31 län
1398 292 63 31 och
1484 292 165 31 områden
1673 292 89 31 med-

254 347 119 32 delade
396 346 444 32 minimibestämmelserna
862 346 73 31 ofta
952 346 32 36 ej
1001 345 94 37 gälla
1117 346 98 30 inom
1238 344 240 38 angränsande
1495 345 59 30 län
1570 344 84 31 eller
1670 346 91 29 orter

254 453 96 30 svårt
372 453 53 30 att
447 451 175 31 övervaka
644 451 320 31 bestämmelsernas
985 450 224 31 efterlevnad.
1244 450 175 32 Utskottet
1441 459 100 21 anser
1564 449 57 31 det
1643 449 118 31 därför

255 514 71 21 som
349 505 47 30 ett
419 503 186 37 önskemål,
629 505 51 29 att
703 503 302 31 bestämmelserna
1027 503 13 30 i
1063 504 119 29 ämnet
1205 504 98 34 göras
1327 512 94 21 mera
1438 501 180 31 likartade.
1650 502 113 30 Emel-

255 556 104 31 lertid
381 556 113 31 finner
516 556 167 31 utskottet
705 555 57 32 det
784 556 183 35 tveksamt,
990 555 177 31 huruvida
1190 557 92 29 rätta
1304 555 364 35 tillvägagångssättet
1682 554 78 30 här-

255 609 120 36 vidlag
398 611 40 28 är
460 609 52 30 att
534 608 202 36 genomföra
759 608 53 31 för
835 608 77 31 hela
935 607 117 32 landet
1073 607 177 37 enhetliga
1266 606 256 32 bestämmelser
1537 616 56 21 om
1609 606 153 31 minimi-

255 662 88 30 mått
376 661 54 31 för
465 661 120 36 gädda.
632 660 176 32 Utskottet
831 670 101 21 anser
954 660 52 37 sig
1030 660 118 31 därför
1171 660 75 30 icke
1269 659 82 31 böra
1373 659 180 37 tillstyrka
1575 658 186 31 avlåtande

255 724 45 21 av
334 713 167 31 skrivelse
534 713 56 31 till
625 713 133 36 Kungl.
793 713 102 36 Maj:t
929 713 13 30 i
975 713 58 31 det
1064 714 13 29 i
1104 713 176 30 motionen
1303 712 157 36 angivna
1483 711 91 37 syfte
1596 721 79 21 men
1698 710 65 32 vill

255 766 186 31 framhålla
474 765 278 31 önskvärdheten
786 775 45 21 av
863 766 53 30 att
949 765 132 36 Kungl.
1117 765 103 36 Maj:t
1254 766 97 34 tager
1378 763 110 32 under
1511 762 250 38 övervägande,

255 818 98 31 vilka
386 818 160 36 åtgärder
579 827 72 21 som
686 817 83 31 böra
801 817 161 36 vidtagas
994 817 53 31 för
1069 816 306 32 åstadkommande
1398 826 45 21 av
1466 815 210 36 enhetligare
1699 815 62 30 och

255 871 55 30 för
332 870 99 31 fisket
455 870 206 37 lämpligare
683 870 256 31 bestämmelser
962 870 13 30 i
998 880 48 20 nu
1069 869 271 37 ifrågavarande
1360 868 202 31 hänseende.

300 923 118 31 Under
441 922 212 37 åberopande
676 933 46 20 av
745 922 56 31 det
822 922 146 31 anförda
990 922 201 31 hemställer
1216 922 175 34 utskottet,

699 1002 52 30 att
784 1001 175 31 motionen
993 1000 46 31 II:
1053 1000 62 31 267
1150 1000 74 30 icke
1259 1001 56 29 må
1338 999 181 31 föranleda
1542 1000 115 35 någon
1679 998 84 30 riks-

657 1053 128 36 dagens
807 1052 132 37 åtgärd.

300 1149 199 30 Stockholm
523 1148 65 31 den
611 1150 18 29 2
654 1158 93 21 mars
771 1148 93 31 1933.

703 1245 50 30 På
776 1244 366 36 jordbruksutskottets
1167 1246 145 34 vägnar:

806 1347 36 32 C.
862 1347 34 31 J.
945 1345 262 34 JOHANSSON.

293 1653 53 24 Vid
365 1653 77 24 detta
461 1652 117 25 ärendes
597 1652 230 30 slutbehandling
846 1652 71 24 hava
936 1651 137 24 närvarit:

291 1702 60 27 från
380 1706 111 23 första
519 1705 209 24 kammaren:
747 1704 98 24 herrar
857 1704 168 27 Sederholm,
1040 1703 33 24 N.
1086 1704 107 29 August
1207 1703 121 28 Nilsson,
1343 1703 65 23 Carl
1422 1703 31 23 E.
1467 1702 143 29 Eriksson,
1625 1702 138 24 Gabriels-

256 1757 58 19 son,
335 1757 51 17 von
406 1749 212 29 Stockenström,
639 1748 136 29 Granath,
795 1747 139 31 Tjällgren
954 1747 52 24 och
1024 1747 25 23 J.
1069 1746 104 31 Fritiof
1190 1746 167 31 Gustafson;
1375 1748 74 22 samt

293 1802 61 24 från
391 1801 107 24 andra
532 1801 209 24 kammaren:
778 1800 98 24 herrar
903 1800 161 24 Johansson
1097 1799 8 24 i
1134 1799 170 31 Uppmälby,
1328 1798 133 24 Hedlund
1479 1798 8 24 i
1508 1798 94 28 Häste,
1623 1798 111 24 Nilsson
1754 1798 9 23 i

257 1846 157 31 Landeryd,
434 1846 155 24 Andersson
609 1845 9 23 i
638 1844 103 29 Löbbo,
757 1843 93 31 Björk,
864 1844 137 23 Pehrsson
1014 1844 8 22 i
1037 1843 173 30 Bramstorp,
1224 1842 129 25 Ericsson
1367 1843 8 22 i
1390 1842 112 30 Sörsjön
1518 1841 52 24 och
1586 1842 176 23 Danielsson.

829 2178 363 38 Reservation

300 2305 44 20 av
368 2295 118 30 herrar
512 2293 182 37 Tjällgren
718 2292 61 31 och
803 2291 144 31 Nilsson
971 2291 12 30 i
1006 2289 192 37 Landeryd.
