1874 2786
278 169 41 30 94
468 169 239 29 Sammansatt
725 170 102 29 stats-
846 169 66 29 och
929 168 112 37 första
1060 168 212 36 lagutskotts
1290 168 182 30 utlåtande
1488 177 43 20 nr
1547 169 30 29 2.

322 268 81 28 Man
433 267 65 29 har
525 267 43 37 på
585 267 95 29 vissa
697 266 70 30 håll
786 267 92 29 velat
895 268 84 36 göra
996 267 170 37 gällande,
1185 268 50 28 att
1252 267 40 29 de
1309 267 10 28 i
1336 266 264 37 propositionen
1617 265 144 37 tillagda

278 320 290 30 korrektionerna
610 320 282 37 huvudsakligen
936 320 94 37 finge
1049 320 178 37 betydelse
1247 320 10 28 i
1278 319 324 30 norrlandsstiften.
1639 320 123 29 Denna

278 373 228 38 uppfattning
524 374 69 29 kan
611 374 172 29 utskottet
799 374 78 29 icke
894 374 88 29 dela.
1000 374 51 29 En
1067 374 192 29 verkställd
1277 373 263 36 undersökning
1557 373 64 29 har
1638 372 124 30 nämli-

278 434 64 30 gen
360 427 102 34 visat,
480 429 50 27 att
547 428 65 28 den
629 427 239 37 nedflyttning
886 436 42 20 av
944 427 372 37 kyrkoherdetjänster
1332 427 12 28 i
1360 427 176 36 lönegrad,
1552 435 76 20 som
1645 426 117 29 föran-

281 481 91 29 ledes
393 489 44 20 av
455 481 153 29 nämnda
628 481 255 33 korrektioner,
902 481 53 29 till
976 481 121 29 endast
1116 480 106 37 något
1241 481 79 29 över
1340 480 41 29 20
1400 482 145 35 procent
1562 479 130 30 hänför
1711 480 51 36 sig

279 534 53 29 till
374 534 102 32 dessa
517 534 87 29 stift.
646 533 93 30 även
780 543 57 20 om
856 534 269 37 ifrågavarande
1144 533 242 32 korrektioner
1406 533 146 32 sålunda
1570 533 78 29 icke
1667 533 35 30 få
1720 542 42 20 en

279 588 230 29 accentuerad
550 587 171 30 inverkan
762 587 44 37 på
847 587 400 36 norrlandstjänsterna,
1266 596 102 28 synes
1388 587 59 30 det
1465 587 172 29 utskottet
1655 587 106 29 likväl

280 640 121 30 kunna
419 649 44 21 av
480 640 173 30 särskilda
672 641 75 29 skäl
765 640 228 38 ifrågasättas
1011 642 50 28 att
1077 640 183 38 härvidlag
1277 641 83 36 göra
1377 641 180 36 undantag
1575 640 55 29 för
1647 641 42 29 de
1705 640 58 29 bå-

278 694 45 29 da
342 693 214 38 nordligaste
576 694 134 29 stiften.
730 694 65 29 Vid
815 695 42 29 de
877 694 275 37 överväganden,
1172 703 76 20 som
1267 694 227 30 förekommit
1512 694 96 29 inom
1627 694 135 29 utskot-

280 748 49 28 tet
346 747 45 36 på
410 747 116 30 denna
544 747 163 37 speciella
724 748 114 37 punkt
856 748 65 29 har
940 748 171 29 utskottet
1129 748 55 29 för
1204 748 53 29 sin
1275 748 54 29 del
1348 749 116 28 ansett
1482 748 41 29 de
1540 748 11 28 i
1570 747 193 30 allmänhet

278 800 227 36 påfrestande
543 802 93 35 yttre
655 800 511 38 tjänstgöringsbetingelserna
1185 801 11 29 i
1214 802 100 29 dessa
1332 801 79 30 stift
1428 801 65 30 och
1511 801 252 37 rekryterings-

278 853 263 37 svårigheterna
563 854 223 30 beträffande
808 854 298 37 prästtjänsterna
1130 855 64 29 där
1216 856 123 35 utgöra
1362 855 189 36 tillräcklig
1574 854 189 37 anledning

280 906 55 30 för
353 908 49 29 ett
420 907 114 37 dylikt
551 908 191 37 undantag.
759 908 180 30 Utskottet
955 908 64 29 har
1036 908 121 29 därför
1175 908 119 30 funnit
1310 908 51 37 sig
1379 908 86 30 böra
1482 908 154 34 förorda,
1654 909 51 28 att
1722 908 41 30 de

278 959 12 29 i
310 960 263 37 propositionen
593 961 146 37 tillagda
759 961 290 30 korrektionerna
1068 963 124 28 utöver
1212 962 41 29 de
1273 971 41 20 av
1333 961 210 30 kommittén
1563 961 200 37 föreslagna

279 1013 76 30 icke
373 1013 101 30 skola
492 1014 176 36 tillämpas
688 1015 77 28 med
779 1015 172 29 avseende
964 1014 19 30 å
997 1015 421 37 kyrkoherdetjänsterna
1432 1015 11 29 i
1457 1015 227 29 Härnösands
1698 1015 63 29 och

280 1066 105 30 Luleå
403 1066 88 30 stift.
509 1067 163 37 Vidtages
690 1068 66 29 den
773 1077 42 20 av
831 1069 173 29 utskottet
1019 1077 47 20 nu
1083 1068 188 30 förordade
1288 1069 193 36 ändringen
1498 1078 42 19 av
1555 1068 208 37 propositio-

278 1128 79 25 nen,
390 1120 69 29 blir
499 1120 437 37 kyrkoherdetjänsternas
977 1121 198 37 fördelning
1192 1122 44 36 på
1254 1122 40 29 de
1312 1122 94 29 olika
1424 1122 252 36 lönegraderna
1692 1140 43 2 —
1752 1122 10 28 i

278 1172 206 37 jämförelse
498 1174 76 29 med
590 1174 126 37 Kungl.
731 1174 120 37 Maj:ts
867 1175 132 37 förslag
1011 1193 44 3 —
1068 1175 169 36 följande.

824 1247 46 29 Ca
885 1247 42 29 27
1018 1246 44 30 Ca
1076 1247 42 28 29
1211 1246 45 30 Ca
1269 1247 39 28 31
1404 1246 46 29 Ca
1463 1247 41 28 33
1595 1246 145 29 Summa

323 1306 266 44 Propositionen
823 1309 64 30 205
1025 1309 60 29 760
1224 1309 61 29 220
1425 1309 60 29 170
1624 1309 94 29 1355

321 1363 180 30 Utskottet
824 1363 63 29 205
1025 1363 60 29 758
1223 1363 61 29 215
1425 1362 60 29 177
1623 1362 94 30 1355

322 1435 75 29 Den
413 1434 110 37 årliga
540 1435 348 36 kostnadsökningen
904 1442 124 29 genom
1044 1435 114 29 denna
1175 1434 147 37 ändring
1337 1434 100 29 torde
1454 1435 119 28 kunna
1587 1433 174 30 beräknas

279 1488 51 29 till
346 1488 126 29 endast
485 1488 161 37 omkring
663 1488 39 29 12
717 1488 61 29 000
793 1488 143 29 kronor.

323 1550 13 28 I
351 1549 101 38 fråga
464 1567 45 3 —
519 1568 44 3 —
574 1568 45 3 —
638 1551 89 31 (lika
741 1551 76 29 med
832 1551 188 32 utskottet)
1039 1568 43 3 —
1095 1568 45 3 —
1151 1568 24 2 -——
1210 1550 148 30 förbliva
1373 1549 224 30 oförändrad.
1739 1568 12 16 S

323 1603 13 29 I
351 1603 42 30 de
405 1621 45 3 —
462 1621 45 3 —
518 1621 44 3 -—
579 1603 90 35 (lika
683 1604 78 29 med
775 1604 189 34 utskottet)
982 1622 45 2 —
1037 1622 45 2 —
1093 1622 45 3 —
1151 1604 47 29 Co
1212 1604 51 29 21.

321 1656 94 30 även
432 1666 57 20 om
503 1675 44 2 —
560 1675 45 3 —
618 1675 46 3 —
684 1657 88 34 (lika
788 1658 78 29 med
883 1658 186 34 utskottet)
1090 1675 44 3 —
1147 1675 46 3 —
1206 1675 44 3 —
1264 1657 281 37 propositionens
1562 1656 142 37 förslag.

322 1709 75 30 Vad
412 1718 124 29 genom
549 1728 43 3 -—
604 1728 46 3 -—
660 1728 46 3 —
724 1711 87 34 (lika
825 1711 80 29 med
919 1711 186 34 utskottet)
1124 1728 47 3 —
1181 1728 45 3 —
1237 1729 44 2 —
1294 1710 189 30 utskottets
1499 1710 86 29 sida.

321 1811 35 35 3)
382 1811 224 30 beträffande
626 1810 41 30 25
691 1810 15 34 8
728 1811 10 28 i
758 1811 57 29 det
835 1810 200 37 föreslagna
1053 1809 408 37 prästlönereglementet
1481 1818 41 20 av
1540 1808 123 30 herrar
1681 1807 80 30 Eric

276 1864 158 37 Ericson,
451 1865 152 29 Jansson
621 1864 11 29 i
651 1864 111 33 Kalix,
779 1863 186 37 Lindberg,
982 1863 195 36 Landgren,
1193 1863 181 29 Näsström
1404 1862 66 29 och
1487 1861 165 36 Olofsson
1670 1862 91 29 samt

279 1918 56 29 fru
356 1917 210 37 Lindström,
586 1917 97 30 vilka
702 1919 112 30 ansett
834 1919 52 27 att
905 1917 189 31 utskottets
1112 1916 165 37 yttrande
1296 1916 10 28 i
1326 1916 112 31 denna
1458 1916 52 29 del
1530 1915 79 29 bort
1628 1914 132 30 erhålla

278 1971 159 36 följande
452 1971 141 37 lydelse:

322 2037 13 28 I
350 2037 204 37 anslutning
566 2055 45 3 —
622 2055 46 2 —
680 2055 43 3 —
743 2037 86 34 (lika
844 2037 79 29 med
939 2037 185 33 utskottet)
1143 2054 46 2 —
1200 2054 45 2 —
1256 2054 44 2 —
1312 2035 52 29 till
1380 2036 235 36 reglementet.

321 2091 70 28 Fen
404 2108 46 3 —
461 2109 45 2 —
516 2109 44 2 —
578 2090 90 35 (lika
682 2091 77 29 med
774 2090 188 34 utskottet)
981 2108 44 3 —
1035 2108 45 2 —
1090 2108 46 2 —
1149 2091 162 28 närmare
1325 2089 209 37 klarläggas.

322 2144 46 29 På
383 2144 68 29 den
464 2161 45 4 —
519 2162 44 3 —
574 2162 45 2 —
638 2144 88 34 (lika
740 2144 77 29 med
832 2144 188 34 utskottet)
1038 2161 44 3 —
1094 2161 45 3 -—
1151 2161 45 2 —
1209 2143 54 29 för
1278 2143 198 36 riksdagen.

320 2197 118 30 Under
455 2197 157 37 punkten
629 2215 45 3 —
688 2215 44 3 —
746 2215 44 3 —
810 2197 90 34 (lika
917 2197 77 29 med
1012 2197 188 34 utskottet)
1220 2214 45 3 —
1278 2214 43 3 -—
1335 2214 45 3 -—
1396 2205 135 20 samma
1548 2195 175 37 lönegrad.

321 2251 129 29 Ide—-
461 2268 44 3 —
516 2268 44 3 —
578 2251 89 34 (lika
682 2251 77 29 med
774 2251 189 34 utskottet)
981 2268 45 3 —
1036 2268 44 3 —
1091 2267 46 4 —
1150 2259 135 20 samma
1298 2250 177 36 lönegrad.

320 2308 66 28 Det
406 2307 11 28 i
438 2307 220 29 motionerna
678 2307 177 35 upptagna
877 2305 167 36 förslaget
1062 2304 65 29 har
1148 2304 10 28 i
1178 2303 262 37 propositionen
1461 2303 151 29 avvisats
1633 2311 43 21 av
1694 2302 65 29 den

277 2360 244 36 anledningen,
537 2361 50 28 att
602 2359 56 29 för
673 2360 183 36 prästerna
871 2357 252 37 motsvarighet
1137 2357 130 29 saknas
1283 2357 50 29 till
1349 2357 42 29 de
1406 2356 161 37 speciella
1581 2356 88 34 skäl,
1684 2364 74 21 som

276 2415 133 28 ansetts
449 2412 139 37 påkalla
628 2413 43 29 de
688 2412 54 29 för
759 2412 321 29 läroverkslärarna
1098 2410 161 37 gällande
1276 2410 250 36 förmånligare
1542 2409 218 37 särreglerna

277 2476 57 20 om
355 2466 277 37 studieledighet.
655 2465 116 37 Enligt
790 2465 65 29 vad
877 2465 171 29 utskottet
1068 2464 175 29 inhämtat
1261 2463 64 29 har
1345 2464 67 29 den
1433 2463 54 29 för
1507 2463 141 29 lärarna
1667 2462 93 29 med-
