1856 2792
283 194 239 30 Sammansatt
537 194 103 29 stats-
655 192 65 30 och
734 192 113 36 första
862 190 212 37 lagutskotts
1090 189 181 30 utlåtande
1285 197 43 20 nr
1341 189 31 29 2.
1529 187 41 29 63

89 292 72 30 tills
180 292 119 30 vidare
317 291 140 37 skjutas
476 290 35 31 åt
529 290 112 30 sidan.
659 289 179 31 Utskottet
855 289 71 29 kan
945 287 119 31 därför
1082 287 141 30 ansluta
1241 287 51 37 sig
1310 286 53 29 till
1382 286 66 29 den
1465 286 11 28 i
1494 294 78 28 pro-

87 345 198 38 positionen
303 345 199 37 föreslagna
519 343 227 38 regleringen,
763 342 118 30 vilken
897 342 11 29 i
926 343 88 28 stort
1030 342 68 29 sett
1114 341 70 29 kan
1202 339 276 31 karakteriseras
1495 348 74 20 som

87 399 222 37 nödvändiga
322 398 227 38 jämkningar
562 397 45 38 på
622 397 58 30 det
694 396 160 38 gällande
868 397 185 36 systemets
1067 395 125 37 grund.

486 569 181 42 Förslaget
683 568 52 32 till
751 567 406 43 prästlönereglemente.

134 666 122 30 Såsom
274 675 90 21 ovan
381 666 169 37 påpekats
568 665 65 29 har
651 664 77 30 icke
744 672 124 30 genom
886 663 264 38 propositionen
1168 663 183 36 framlagts
1368 661 105 37 något
1489 661 11 29 i
1517 661 56 29 de-

89 720 63 37 talj
174 720 176 30 utarbetat
367 719 132 37 förslag
516 719 52 30 till
586 718 402 38 prästlönereglemente.
1007 717 12 29 I
1037 717 117 29 stället
1171 716 64 29 har
1252 716 116 29 såsom
1385 715 114 37 bilaga
1515 714 56 29 vid

88 774 264 37 propositionen
393 773 115 37 fogats
549 774 49 28 ett
617 781 43 21 av
677 770 390 39 prästlönekommittén
1086 769 168 38 uppgjort
1271 767 303 38 författningsför-

90 828 74 37 slag
184 827 11 29 i
215 828 126 34 ämnet,
361 827 173 36 varjämte
553 826 280 37 föredraganden
852 825 11 29 i
881 824 263 38 propositionen
1164 823 131 37 angivit
1313 823 42 30 de
1374 822 198 37 ändringar,

89 890 77 21 som
200 882 117 36 syntes
350 880 86 30 böra
469 880 157 37 vidtagas
648 880 11 29 i
682 879 177 37 förslaget.
904 878 283 37 Bemyndigande
1207 877 142 37 begäres
1371 876 55 30 för
1448 876 124 37 Kungl.

89 934 109 37 Maj:t
215 935 51 29 att
283 934 144 30 utfärda
444 933 390 38 prästlönereglemente
851 933 10 29 i
878 931 235 37 huvudsaklig
1131 929 348 32 överensstämmelse
1495 930 77 28 med

89 988 67 29 vad
172 987 279 38 föredraganden
467 987 167 30 förordat.

134 1042 94 30 Även
246 1051 56 21 om
320 1042 57 30 det
392 1059 46 3 —
454 1041 11 29 i
483 1041 152 37 enlighet
652 1040 78 30 med
748 1040 41 30 de
806 1039 227 38 grundsatser
1051 1048 75 20 som
1144 1048 43 20 av
1204 1038 186 37 riksdagen
1407 1037 166 37 godtogos

90 1097 11 28 i
124 1096 169 29 samband
315 1096 79 29 med
414 1094 258 37 behandlingen
693 1093 38 30 år
753 1093 84 30 1948
858 1102 43 20 av
921 1093 124 36 Kungl.
1066 1092 125 36 Maj:ts
1211 1091 219 37 proposition
1449 1100 42 19 nr
1510 1090 63 30 225

91 1150 79 29 med
189 1149 130 37 förslag
336 1149 46 29 bl.
401 1158 29 20 a.
448 1148 53 30 till
519 1149 133 29 statens
671 1147 178 30 allmänna
867 1146 394 37 avlöningsreglemente
1275 1163 45 3 —
1336 1145 76 29 icke
1428 1144 61 30 bör
1506 1144 68 29 sät-

90 1205 54 28 tas
185 1203 12 29 i
237 1202 98 38 fråga
353 1204 51 28 att
422 1201 70 31 låta
509 1202 206 37 riksdagens
733 1200 213 30 medverkan
962 1200 57 29 vid
1035 1199 425 38 prästlönereglementets
1478 1199 96 28 anta-

91 1257 114 37 gande
223 1256 36 30 få
277 1265 42 21 en
338 1256 110 30 sådan
467 1255 167 30 karaktär
654 1256 51 28 att
722 1254 126 38 Kungl.
866 1253 108 38 Maj:t
991 1254 113 29 skulle
1121 1262 85 20 vara
1224 1252 207 30 förhindrad
1450 1253 50 28 att
1516 1252 56 29 vid

91 1309 275 38 författningens
390 1309 211 30 utfärdande
624 1309 140 36 vidtaga
787 1308 283 37 förtydliganden
1093 1307 83 30 eller
1199 1307 101 36 eljest
1322 1305 252 31 redaktionella

90 1363 238 37 jämkningar,
347 1363 60 29 vill
428 1362 171 30 utskottet
617 1362 91 30 dock
727 1361 200 34 framhålla,
946 1363 51 27 att
1015 1361 66 29 den
1099 1361 103 29 valda
1220 1360 193 37 ordningen
1432 1359 54 30 för
1505 1359 69 29 för-

91 1417 129 37 slagets
239 1416 263 37 framläggande
517 1433 45 4 —
578 1416 118 29 vilken
713 1415 276 37 uppenbarligen
1006 1414 294 37 sammanhänger
1317 1414 79 29 med
1414 1413 64 30 den
1496 1413 78 29 kor-

91 1472 36 28 ta
148 1470 50 29 tid
219 1479 74 20 som
313 1469 86 30 stått
419 1469 52 30 till
492 1469 208 37 förfogande
720 1468 54 30 för
793 1468 281 37 propositionens
1094 1467 231 30 utarbetande
1342 1484 45 3 —
1406 1467 37 28 är
1463 1466 111 37 ägnad

92 1525 52 28 att
187 1523 158 29 försvåra
366 1522 220 30 överblicken
607 1531 43 21 av
669 1522 42 29 de
730 1522 94 29 olika
844 1521 330 37 detaljspörsmålen
1194 1521 65 29 och
1278 1520 143 30 därmed
1442 1520 133 29 riksda-

91 1584 84 30 gens
197 1576 346 37 ställningstagande.
565 1576 150 29 Särskilt
735 1576 41 29 de
797 1584 42 20 av
859 1575 279 37 föredraganden
1159 1574 193 37 tillstyrkta
1373 1574 201 37 ändringar-

92 1639 46 21 na
156 1630 11 29 i
186 1630 198 37 grunderna
404 1630 55 29 för
476 1630 115 36 prästs
610 1630 71 29 rätt
699 1629 51 29 till
769 1628 371 37 sjukvårdsförmåner
1158 1628 182 29 föranleda
1358 1636 42 21 en
1418 1628 69 29 rätt
1504 1636 71 20 om-

92 1683 160 30 fattande
296 1683 243 37 omarbetning
585 1692 42 20 av
650 1683 67 29 den
740 1692 43 20 av
804 1682 391 37 prästlönekommittén
1218 1682 196 36 framlagda
1437 1681 139 29 författ-

92 1737 232 37 ningstexten.
344 1737 178 29 Utskottet
540 1737 58 29 vill
619 1736 121 30 därför
760 1736 153 34 förorda,
933 1737 51 28 att
1002 1736 55 29 vid
1077 1735 188 30 framdeles
1285 1735 188 30 eventuellt
1490 1744 86 27 upp-

93 1790 211 30 kommande
323 1790 113 29 behov
456 1799 42 20 av
518 1790 190 37 ändringar
727 1790 11 29 i
759 1789 440 38 avlöningsförfattningen
1221 1789 204 29 utarbetade
1445 1788 131 37 förslag

92 1843 54 30 till
162 1843 305 37 författningstext
481 1843 104 30 såvitt
599 1843 139 37 möjligt
752 1843 109 30 måtte
876 1843 193 37 föreläggas
1085 1843 197 36 riksdagen.

138 1951 178 30 Utskottet
330 1951 144 37 övergår
488 1950 155 30 härefter
658 1951 51 29 till
725 1950 217 37 granskning
957 1959 41 20 av
1011 1950 92 29 vissa
1118 1949 147 36 detaljer
1280 1949 9 28 i
1306 1949 176 36 förslaget.

789 2111 39 29 10
857 2111 27 33 8.

140 2169 13 29 I
171 2168 61 30 sitt
250 2165 359 40 principbetänkande
626 2164 226 30 diskuterade
868 2162 389 38 prästlönekommittén
1275 2162 169 37 ingående
1460 2163 41 28 de
1517 2163 61 28 oli-

97 2222 45 29 ka
162 2221 160 37 åtgärder
342 2229 76 20 som
439 2219 116 29 kunde
574 2219 143 28 komma
751 2217 113 37 ifråga
884 2217 55 28 för
959 2217 50 28 att
1026 2216 127 29 bereda
1173 2217 111 28 större
1303 2215 221 36 möjligheter
1542 2215 36 29 åt

95 2273 412 37 församlingsprästerna
528 2273 51 28 att
600 2270 133 30 erhålla
754 2271 178 28 semester.
954 2268 214 30 Kommittén
1190 2268 246 29 konstaterade
1457 2268 119 29 därvid

96 2329 51 28 att
164 2327 57 29 det
238 2325 203 30 nuvarande
457 2325 166 36 systemet
639 2323 78 30 med
734 2322 340 37 tjänstedubblering
1087 2339 46 4 —
1147 2322 32 28 d.
1193 2330 30 20 v.
1238 2331 26 20 s.
1281 2323 50 27 att
1347 2330 41 21 en
1405 2322 96 35 präst
1516 2331 62 19 un-

96 2382 61 28 der
177 2388 116 21 annan
312 2379 116 36 prästs
448 2378 165 29 semester
632 2375 204 38 uppehåller
855 2375 95 30 såväl
970 2375 53 29 sin
1042 2383 83 28 egen
1145 2383 75 21 som
1238 2375 65 29 den
1323 2375 125 29 andres
1467 2374 111 37 tjänst

94 2451 45 4 ---
159 2433 77 30 icke
256 2432 117 29 kunde
393 2431 186 29 undvaras.
624 2429 215 30 Kommittén
861 2428 151 37 föreslog
1031 2428 132 34 därför,
1184 2429 50 28 att
1253 2437 41 20 en
1315 2428 190 37 uttrycklig
1524 2428 54 29 be-

96 2486 200 30 stämmelse
316 2494 57 21 om
394 2484 198 37 skyldighet
612 2483 56 30 för
688 2483 97 37 präst
805 2484 50 28 att
875 2482 302 36 tjänstedubblera
1198 2482 109 29 under
1327 2490 117 20 annan
1464 2482 114 36 prästs
