1858 2794
285 167 242 30 Sammansatt
541 168 104 29 stats-
659 167 65 30 och
737 167 113 36 första
866 166 212 37 lagutskotts
1094 165 179 30 utlåtande
1288 174 43 21 nr
1344 166 31 29 2.
1533 164 40 30 57

136 265 178 37 Förslaget
340 265 52 30 till
416 265 55 36 lag
494 265 179 36 angående
696 264 149 36 ändring
870 273 42 22 av
935 263 488 38 församlingsstyrelselagen.

137 318 178 37 Förslaget
339 318 53 30 till
414 318 55 36 lag
490 317 179 37 angående
691 317 149 36 ändring
861 326 43 21 av
926 316 344 38 domkapitelslagen.

136 371 179 37 Förslaget
340 371 53 30 till
417 371 55 36 lag
495 380 56 21 om
577 370 70 31 viss
670 370 149 36 ändring
844 379 42 21 av
911 370 98 36 lagen
1033 370 67 30 den
1124 370 39 30 21
1190 370 188 30 november
1405 370 83 30 1925
1516 369 63 34 (nr

93 425 97 34 456).

135 513 292 36 Föredraganden
443 513 64 31 har
524 514 207 35 framhållit,
746 516 52 28 att
812 515 43 29 de
870 514 198 37 föreslagna
1085 513 236 37 ändringarna
1336 512 11 29 i
1362 512 101 30 dessa
1478 512 97 36 lagar

93 567 124 30 endast
235 568 60 29 äro
314 567 261 30 konsekvenser
593 577 43 20 av
654 568 141 37 förslag,
814 577 76 20 som
910 567 277 37 föredraganden
1205 566 147 38 tidigare
1370 565 168 30 förordat.

584 973 250 40 Utskottets
863 971 217 56 yttrande.

735 1084 199 42 Inledning.

111 1182 66 29 Vid
199 1181 262 31 höstsessionen
482 1181 78 30 med
584 1181 84 30 1949
689 1181 56 30 års
766 1181 144 37 riksdag
931 1180 151 30 fattades
1102 1180 254 37 principbeslut
1376 1188 56 21 om
1453 1188 42 21 en
1516 1179 61 29 all-

95 1236 82 29 män
194 1235 129 30 reform
341 1244 43 21 av
399 1235 58 30 det
472 1235 208 38 prästerliga
696 1235 92 30 löne-
803 1234 66 30 och
883 1234 344 37 pensionsväsendet,
1243 1233 128 30 avsedd
1387 1234 51 29 att
1453 1233 101 29 träda
1568 1233 10 28 i

96 1289 98 30 kraft
212 1289 20 30 å
251 1289 179 37 tidpunkt,
449 1298 76 21 som
545 1288 276 31 statsmakterna
840 1288 188 30 framdeles
1047 1288 114 29 skulle
1179 1287 205 30 bestämma.
1426 1287 156 29 Beslutet

96 1342 193 31 omfattade
306 1342 324 38 huvudgrunderna
648 1342 55 30 för
720 1342 65 30 den
803 1341 163 31 blivande
982 1341 187 30 reformen.
1186 1341 74 30 Den
1276 1341 156 30 bärande
1448 1341 132 29 tanken

95 1405 63 21 var
177 1396 122 30 härvid
320 1398 53 28 att
391 1396 185 37 prästerna
595 1396 12 29 i
627 1396 63 29 allt
708 1395 187 38 väsentligt
914 1395 114 30 skulle
1045 1395 167 30 inordnas
1232 1395 111 29 under
1363 1395 58 29 det
1439 1394 141 37 statliga

96 1450 93 29 löne-
204 1449 65 30 och
283 1449 348 37 pensionssystemet.

140 1502 116 38 Enligt
287 1502 292 38 principbeslutet
611 1502 114 30 skulle
746 1501 256 38 ärkebiskopen
1022 1501 196 38 inplaceras
1238 1502 12 29 i
1271 1501 166 38 lönegrad
1458 1500 45 31 Co
1524 1501 53 33 21,

88 1556 127 30 medan
233 1556 119 37 övriga
370 1556 167 37 biskopar
555 1555 115 30 skulle
687 1555 169 30 hänföras
875 1555 52 30 till
946 1555 164 37 lönegrad
1129 1554 46 31 Co
1189 1555 51 30 20.
1258 1555 231 36 Domprostar
1507 1554 65 30 och

87 1609 304 38 utlandspastorer
411 1609 113 30 skulle
544 1609 195 37 inplaceras
759 1609 42 30 de
821 1608 97 31 förra
937 1609 10 29 i
967 1609 165 37 lönegrad
1151 1608 46 30 Ca
1211 1608 40 30 37
1271 1608 66 30 och
1356 1608 42 30 de
1417 1617 123 21 senare
1558 1608 11 28 i

88 1662 48 31 Ca
149 1663 52 30 33.
221 1663 125 37 Övriga
366 1662 374 38 kyrkoherdetjänster
758 1662 115 30 skulle
891 1662 152 30 fördelas
1062 1662 45 37 på
1126 1662 251 37 lönegraderna
1395 1662 47 30 Ca
1455 1661 52 35 27,
1526 1661 47 30 Ca

93 1716 53 35 29,
162 1716 46 30 Ca
221 1716 37 30 31
278 1716 66 30 och
360 1716 47 30 Ca
421 1716 51 30 33.
488 1715 138 38 Frågan
642 1725 57 21 om
714 1716 41 30 de
769 1716 165 30 närmare
948 1716 199 37 grunderna
1163 1715 55 30 för
1232 1715 217 37 tjänsternas
1465 1715 111 37 inpla-

87 1770 117 37 cering
221 1770 10 29 i
248 1771 40 29 de
306 1770 114 30 skilda
438 1770 251 37 lönegraderna
707 1770 180 30 lämnades
905 1770 156 29 däremot
1079 1770 10 29 i
1106 1769 71 30 viss
1191 1769 245 37 utsträckning
1449 1770 124 35 öppen.

92 1822 94 30 Även
204 1822 464 37 komministerstjänsterna
685 1822 113 30 skulle
814 1822 153 30 fördelas
983 1822 44 37 på
1044 1822 79 37 fyra
1138 1822 94 30 olika
1249 1822 214 37 lönegrader,
1480 1823 96 28 näm-

90 1876 91 37 ligen
210 1876 46 30 Ca
274 1876 54 34 25,
358 1875 48 30 Ca
424 1875 52 35 26,
506 1876 46 29 Ca
571 1876 41 29 27
643 1875 65 30 och
736 1875 46 30 Ca
801 1875 53 34 28,
872 1875 173 37 varjämte
1062 1875 153 37 grunder
1233 1876 145 36 antogos
1398 1875 55 30 för
1470 1875 102 30 dessa

92 1929 168 37 tjänsters
280 1929 217 37 inplacering
516 1929 11 29 i
547 1929 42 30 de
608 1929 95 29 olika
722 1929 262 37 lönegraderna.
1026 1928 75 30 Vad
1121 1928 107 37 angår
1247 1928 41 30 de
1306 1928 270 30 icke-ordinarie

92 1983 184 36 prästerna
296 1982 147 30 innebar
462 1982 161 34 beslutet,
644 1983 51 29 att
714 1982 155 37 reglerad
889 1981 313 38 befordringsgång
1221 1981 113 30 skulle
1353 1982 148 30 inrättas
1522 1982 55 29 för

93 2035 418 37 pastoratsadjunkterna
554 2036 79 29 med
653 2035 126 37 början
800 2035 11 30 i
832 2035 165 37 lönegrad
1017 2034 42 31 Cf
1074 2035 39 30 18
1133 2035 65 30 och
1218 2035 250 37 slutplacering
1488 2035 89 30 efter

90 2088 60 35 312
171 2088 39 30 år
227 2088 10 30 i
255 2089 165 37 lönegrad
438 2088 44 31 Ce
496 2089 52 29 24.
566 2089 13 29 I
597 2089 220 29 sistnämnda
835 2088 163 37 lönegrad
1017 2088 113 30 skulle
1146 2088 118 30 vidare
1280 2088 195 37 inplaceras
1493 2089 80 37 kyr-

89 2141 238 37 koadjunkter
347 2143 93 28 samt
459 2142 111 29 stifts-
588 2142 66 30 och
675 2141 389 37 kontraktsadjunkter.
1084 2141 135 37 Frågan
1239 2151 56 20 om
1316 2142 258 37 lönegradspla-

91 2196 161 36 ceringen
274 2195 56 30 för
352 2195 199 36 garnisons-
573 2195 65 29 och
661 2195 392 36 amiralitetsprästerna
1076 2195 178 30 lämnades
1278 2196 124 36 öppen.

142 2247 92 30 Även
275 2247 89 30 flera
405 2247 297 37 detaljspörsmål,
721 2247 115 30 såsom
856 2248 149 29 rörande
1021 2247 257 36 tjänstebostad
1297 2248 65 29 och
1380 2248 202 29 bostadsav-

95 2301 96 36 drag,
210 2300 447 37 förflyttningsskyldighet
676 2300 64 29 och
760 2300 127 29 förbud
902 2301 51 28 att
967 2300 157 36 uppbära
1139 2300 226 29 kommunala
1381 2300 198 38 lönetillägg

98 2353 83 30 eller
199 2353 138 29 förmån
356 2362 42 20 av
415 2353 167 29 donation
602 2354 101 28 »över
720 2353 136 34 lönen»,
873 2354 171 36 upptogos
1061 2353 10 29 i
1088 2353 299 36 principbeslutet.
1427 2354 155 30 Beslutet

98 2406 194 30 omfattade
305 2406 131 36 jämväl
453 2405 92 30 vissa
559 2406 275 37 huvudgrunder
849 2405 55 30 för
918 2393 418 50 övergångsregleringen.

142 2459 182 37 Åtskilliga
347 2459 118 37 frågor
487 2459 180 30 lämnades
690 2459 191 30 emellertid
904 2460 115 35 öppna
1033 2457 17 31 i
1073 2459 148 29 avbidan
1243 2459 43 37 på
1307 2460 201 37 ytterligare
1530 2463 53 27 ut-
