1930 2816
640 172 230 29 Staltsutskottets
893 174 147 29 utlåtande
1089 176 21 27 Nr
1132 177 50 29 84.
1627 178 38 31 15

840 373 62 39 Nr
935 373 64 40 84.

575 481 122 27 Ankom
724 482 45 26 till
797 483 187 35 riksdagens
1008 485 103 27 kansli
1136 485 58 27 den
1221 487 38 26 30
1283 487 79 35 april
1391 487 77 27 1929
1494 488 39 28 kl.
1560 489 36 27 12
1621 498 40 19 m.

477 570 190 37 Utlåtande
694 573 14 34 i
734 574 194 48 anledning
958 588 44 23 av
1032 577 97 35 vickt
1156 577 131 36 motion
1316 591 55 22 om
1396 580 192 46 utgivande
1607 580 57 35 till

560 623 158 48 majoren
762 625 85 36 Erik
886 626 205 49 Holmquist
1119 641 44 22 av
1191 629 83 35 visst
1302 630 135 47 belopp,
1469 632 195 46 utgörande

561 675 55 34 till
656 677 201 36 statsverket
904 677 236 38 dterbetalade
1181 681 268 49 dyrtidstillägg
1491 683 37 35 åt
1567 683 95 35 vissa

561 727 195 48 officerare.

1440 784 62 40 (1:a
1524 784 85 41 avd.)

213 856 60 32 Uti
308 868 41 20 en
384 858 92 32 inom
512 860 106 32 andra
651 861 194 33 kammaren
880 875 40 20 av
948 864 78 31 herr
1048 866 43 30 N.
1116 866 196 32 Holmström
1334 868 99 31 väckt
1457 869 140 38 motion,
1622 880 40 20 nr

159 906 70 38 246,
264 907 61 31 har
358 907 205 40 hemställts,
598 912 50 30 att
681 911 181 42 riksdagen
898 916 54 29 må
975 915 117 31 anvisa
1117 916 90 37 1,293
1230 916 127 32 kronor
1380 917 64 32 och
1468 918 39 31 86
1531 920 58 30 öre
1612 921 50 29 att

158 956 131 33 betalas
323 958 52 31 till
408 959 90 32 förre
525 962 420 40 regementsintendenten
969 965 56 31 vid
1048 965 114 42 kungl.
1187 967 165 41 livgardet
1375 968 53 31 till
1451 968 86 39 häst,
1562 980 100 21 nuva-

157 1007 104 31 rande
295 1008 151 41 majoren
481 1010 56 31 vid
571 1011 336 34 Intendenturkåren
941 1014 83 32 Erik
1058 1015 212 42 Holmquist,
1305 1018 53 31 för
1392 1030 41 19 av
1466 1018 127 33 honom
1617 1022 45 39 på

157 1057 109 41 grund
301 1070 39 20 av
363 1059 11 31 i
399 1060 175 32 motionen
610 1062 225 32 omförmälda
869 1064 236 33 förhållanden
1128 1067 98 41 gjord
1249 1068 216 41 inbetalning
1488 1069 51 32 till
1564 1072 97 30 stats-

157 1108 123 32 verket.

210 1202 216 33 Motionären
451 1204 62 32 har
535 1205 52 32 till
611 1206 78 32 stöd
712 1208 53 31 för
788 1208 53 31 sin
865 1209 252 43 framställning
1140 1212 111 31 anfört
1274 1213 160 41 följande.

212 1253 137 32 »Under
372 1255 36 30 år
433 1255 80 31 1918
536 1256 197 33 utbetalade
756 1258 354 44 kassaförvaltningen
1127 1261 56 32 vid
1198 1262 114 42 kungl.
1331 1263 167 42 livgardet
1514 1264 51 32 till
1582 1265 79 32 häst

156 1303 254 43 dyrtidstillägg
432 1307 19 29 å
473 1306 234 42 lönetillägget
730 1308 53 31 till
806 1309 174 33 officerare
1004 1311 52 31 för
1078 1312 252 40 tjänstehästar.

209 1353 155 32 Hiröver
397 1355 119 41 gjorde
549 1357 217 42 vederbörlig
793 1359 151 32 revision
967 1362 232 41 anmärkning.
1244 1363 127 42 Kungl.
1396 1365 263 32 kammarrätten

155 1403 191 33 förklarade
380 1405 96 39 dock,
500 1408 51 30 att
573 1406 102 33 dessa
697 1408 257 43 utbetalningar
975 1411 108 41 gjorts
1106 1412 11 31 i
1142 1413 150 42 enlighet
1315 1414 78 32 med
1416 1416 157 40 gällande
1597 1417 62 31 för-

155 1454 185 42 fattningar
374 1456 64 31 och
465 1456 147 42 ogillade
636 1459 277 43 anmärkningen.
959 1461 97 32 Efter
1078 1463 122 32 besvär
1222 1464 64 32 hos
1309 1465 127 42 Kungl.
1462 1466 97 42 Maj:t
1581 1468 77 41 god-

155 1504 109 32 kände
288 1505 126 42 Kungl.
439 1507 98 42 Maj:t
560 1509 190 32 emellertid
773 1511 277 43 anmärkningen.

207 1555 68 32 Det
308 1557 176 32 anmärkta
518 1558 164 43 beloppet
719 1561 109 38 10,231
864 1562 127 32 kronor
1024 1564 63 31 och
1111 1565 40 31 98
1175 1567 57 30 öre
1255 1566 61 31 har
1339 1566 11 32 i
1374 1567 114 42 vanlig
1512 1568 147 43 ordning

154 1606 228 33 återbetalats.

206 1656 76 32 Den
315 1658 38 31 15
377 1669 90 21 mars
493 1660 78 31 1921
598 1679 36 3 —
659 1661 100 32 alltså
783 1662 156 43 omkring
963 1666 49 30 tre
1036 1667 36 29 år
1095 1666 85 31 efter
1203 1667 57 31 det
1282 1668 261 43 utbetalningen
1567 1671 90 32 verk-

154 1707 113 32 ställts
290 1727 40 3 —
353 1708 123 32 ankom
511 1710 52 31 till
596 1711 354 44 kassaförvaltningen
974 1715 57 31 vid
1053 1715 114 42 kungl.
1192 1717 166 42 livgardet
1381 1719 52 32 till
1457 1720 78 32 häst
1555 1723 102 39 ytter-

153 1758 103 41 ligare
290 1759 225 42 anmärkning
548 1762 19 30 å
601 1762 92 38 1,842
726 1762 126 33 kronor
885 1765 65 31 och
983 1766 40 31 48
1047 1767 67 38 öre,
1138 1767 105 32 vilket
1264 1768 129 43 belopp
1416 1772 45 40 på
1483 1772 110 40 grund
1616 1783 41 21 av

154 1808 212 32 revisionens
399 1810 218 33 förbiseende
640 1812 74 32 icke
738 1814 183 41 medtagits
944 1815 11 31 i
979 1815 66 32 den
1069 1817 143 41 tidigare
1236 1818 119 42 gjorda
1378 1822 277 42 anmärkningen.

153 1858 97 32 Efter
282 1861 438 40 regementsintendentens
754 1864 11 31 i
800 1865 141 32 ärendet
975 1867 142 41 avgivna
1150 1868 185 43 förklaring
1372 1871 146 42 ogillade
1540 1872 114 43 kungl.

152 1909 264 33 kammarrätten
440 1913 83 30 även
547 1912 112 33 denna
682 1915 233 43 anmärkning.
939 1917 267 33 Vederbörande
1229 1920 149 32 revision
1402 1922 185 33 besvärade
1603 1924 54 42 sig

152 1960 64 32 hos
239 1960 125 42 Kungl.
389 1961 106 42 Maj:t,
519 1974 73 20 som
615 1964 180 41 godkände
819 1967 277 43 anmärkningen.
1131 1969 105 33 Detta
1258 1971 126 42 Kungl.
1409 1972 115 43 Maj:ts
1540 1974 116 32 beslut

151 2010 137 42 delgavs
311 2012 353 44 kassaförvaltningen
688 2016 57 31 vid
768 2016 114 42 kungl.
907 2018 166 41 livgardet
1096 2020 52 31 till
1172 2021 77 32 häst
1272 2022 66 31 den
1361 2024 20 30 5
1397 2024 149 32 februari
1564 2026 90 39 1926,

151 2061 100 32 alltså
274 2063 70 31 åtta
366 2064 38 30 år
426 2064 86 31 efter
535 2064 58 32 det
615 2065 43 32 de
681 2067 176 32 anmärkta
880 2068 300 43 utbetalningarna
1201 2072 205 33 verkställts.

203 2112 202 33 Dåvarande
428 2116 419 40 regementsintendenten
871 2118 58 32 vid
952 2119 41 31 K.
1021 2122 25 36 1,
1071 2121 169 41 kaptenen
1263 2123 84 31 Erik
1371 2124 212 43 Holmquist,
1608 2127 46 32 in-

149 2163 76 41 gick
258 2163 66 32 den
358 2165 40 31 23
432 2176 90 20 mars
559 2167 80 31 1926
672 2167 53 31 till
758 2168 126 42 Kungl.
909 2169 98 42 Maj:t
1029 2171 77 32 med
1130 2172 214 43 underdånig
1366 2175 152 33 ansökan
1541 2179 50 30 att
1613 2189 40 21 av

151 2214 68 31 nåd
252 2214 91 32 bliva
376 2215 133 32 befriad
543 2217 73 31 från
651 2218 477 45 återbetalningsskyldighet,
1152 2223 247 34 framhållande
1422 2226 104 33 bland
1550 2231 104 29 annat

151 2264 216 41 svårigheten
402 2268 50 29 att
485 2266 86 32 efter
604 2270 70 29 åtta
709 2270 37 30 år
773 2270 189 32 återfordra
996 2271 42 32 de
1072 2273 175 32 anmärkta
1280 2275 298 45 dyrtidstilläggen
1612 2291 40 20 av

150 2314 65 33 den
238 2316 170 41 personal,
434 2317 53 31 till
509 2317 113 33 vilken
645 2318 42 32 de
711 2320 196 33 utbetalats.
953 2322 122 32 Denna
1098 2324 150 32 ansökan
1272 2326 78 32 blev
1373 2326 140 34 bifallen
1530 2329 123 33 endast

148 2366 10 31 i
193 2367 63 31 vad
290 2367 66 31 den
379 2368 100 31 rörde
503 2368 216 43 utbetalning
742 2371 52 31 till
818 2373 50 30 tre
892 2372 44 31 då
958 2373 136 32 avlidna
1117 2375 182 33 officerare.
1344 2377 70 32 Det
1436 2380 216 33 återstående

150 2417 163 42 beloppet
348 2419 91 38 1,293
473 2418 127 33 kronor
633 2421 63 31 och
731 2422 40 31 86
805 2423 58 31 öre
888 2423 110 32 skulle
1022 2425 190 33 emellertid
1236 2438 39 20 av
1298 2427 127 43 kapten
1448 2425 204 53 Holmquist

148 2467 168 33 inbetalas
339 2468 52 32 till
415 2470 213 32 statsverket.
668 2471 124 42 Kungl.
818 2473 116 41 Maj:ts
957 2474 252 42 ifrågavarande
1233 2478 115 32 beslut
1371 2479 137 43 delgavs
1525 2482 125 42 kapten
