2228 2666
420 161 118 32 Andra
562 161 214 32 Kammarens
802 162 176 42 Tillfälliga
1006 162 137 32 Utskotts
1166 162 66 41 (Nr
1254 164 30 39 3)
1316 163 166 33 Utlåtande
1504 165 49 29 Nr
1577 165 50 31 49.
1761 165 19 31 2

231 242 116 36 heter.
403 241 74 36 Vid
516 242 418 49 tjänstemannakårens
962 242 245 50 rekrytering
1235 243 71 36 och
1333 242 194 50 placering
1557 244 112 37 borde
1697 258 88 22 man
1813 245 12 36 i

230 294 88 37 vida
359 295 121 48 högre
521 294 96 49 grad
655 299 47 32 än
730 294 134 37 hittills
892 294 102 36 skett
1021 295 100 36 tillse
1150 301 53 30 att
1230 296 82 36 icke
1341 295 134 50 dyrare
1503 296 229 37 arbetskraft
1760 311 65 22 an-

244 347 129 36 vändes
417 352 48 31 än
503 360 80 23 som
619 346 58 37 för
703 347 62 36 det
792 346 264 49 föreliggande
1087 347 165 37 arbetets
1280 348 201 37 utförande
1510 349 316 49 oundgängligen

231 399 165 36 kräfves.
452 399 203 49 Möjlighet
696 413 113 35 synes
852 399 111 36 också
1004 400 93 37 böra
1136 400 156 37 beredas
1328 401 58 36 för
1413 401 190 49 praktiskt
1631 402 194 36 utbildade

230 452 241 47 intelligenta
516 452 69 35 och
625 452 244 48 välförtjänta
905 451 271 50 järnvägsmän
1217 466 44 22 ur
1301 453 107 48 lägre
1449 454 280 49 tjänstegrader
1771 459 55 31 att

226 503 145 49 jämväl
412 509 90 31 utan
545 509 52 31 ett
637 504 94 36 visst
773 503 299 50 examensbetyg
1115 505 115 36 vinna
1259 504 204 37 befordran
1490 506 57 36 till
1575 506 119 48 högre
1723 519 104 24 mera

231 555 212 37 kräfvande
462 561 129 44 poster
611 556 102 36 inom
728 556 481 50 järnvägsförvaltningen.
1241 557 187 49 Slutligen
1443 557 107 37 torde
1565 557 261 51 förenklingar

232 608 42 36 af
311 608 246 37 arbetssättet
597 609 103 36 inom
744 609 217 35 densamma
1000 610 127 35 kunna
1154 609 188 48 vidtagas,
1373 610 250 48 hvarigenom
1652 615 54 31 ett
1734 611 91 36 tids-

232 660 148 37 ödande
408 660 293 49 mångskrifveri
730 660 216 36 undvikes.»

363 765 17 36 I
423 765 65 37 sitt
524 766 192 36 utlåtande
749 779 45 22 nr
824 767 45 34 39
900 765 56 36 till
983 765 85 36 herr
1097 764 203 36 Crafoords
1328 764 143 36 motion
1500 778 44 22 nr
1574 766 70 35 187
1675 765 69 37 har
1771 772 56 30 ut-

233 818 142 36 skottet
417 818 118 36 starkt
577 818 152 36 betonat
766 817 180 37 behbofvet
975 817 39 36 af
1040 829 47 24 en
1116 815 224 50 fullständig
1368 816 253 49 omläggning
1650 818 41 35 af
1715 824 112 31 stats-

232 870 188 36 banornas
455 869 236 49 förvaltning
719 870 85 36 med
833 870 148 47 hänsyn
1009 868 58 37 till
1095 882 45 23 en
1169 868 122 36 bättre
1320 867 311 50 ekonomisering
1659 870 41 36 af
1725 870 103 37 detta

233 928 145 30 statens
407 928 138 31 största
574 899 277 76 affärsföretag.
907 921 195 37 Utskottet
1130 921 68 35 har
1226 920 130 37 därvid
1385 922 112 35 äfven
1525 899 128 59 tillåtit
1682 923 61 49 sig
1763 937 65 22 an-

233 976 81 35 visa
344 975 73 36 den
445 980 89 43 väg,
564 975 194 48 nämligen
787 974 250 36 tillsättandet
1066 973 41 36 af
1132 986 45 23 en
1207 973 171 48 speciellt
1407 973 218 49 sakkunnig
1652 952 179 59 kommis-

232 1028 95 46 sion,
361 1027 156 36 hvilken
546 1027 119 48 enligt
683 1005 215 58 utskottets
927 1025 244 37 förmenande
1200 1038 90 23 vore
1318 1025 85 36 bäst
1432 1025 153 36 skickad
1599 1003 70 59 att
1696 1027 134 37 utreda

233 1079 71 36 och
347 1092 98 35 ange
491 1079 149 36 medlen
681 1079 59 36 för
770 1079 102 36 detta
900 1079 94 35 måls
1023 1077 199 47 ernående,
1252 1083 98 30 samt
1378 1077 117 36 håller
1523 1078 185 37 utskottet
1736 1079 91 48 före,

234 1136 66 43 att,
331 1145 58 23 om
419 1131 134 36 Första
581 1132 219 35 kammaren
829 1130 166 37 biträder
1024 1130 130 36 Andra
1182 1129 239 36 kammarens
1446 1129 124 37 beslut
1590 1131 11 35 i
1623 1131 205 49 anledning

234 1185 41 35 af
314 1184 247 35 förenämnda
603 1184 142 36 motion
785 1184 69 35 och
882 1181 407 38 utskottsbetänkande
1319 1188 97 30 samt
1445 1182 131 36 därvid
1604 1183 225 48 godkänner

233 1236 63 36 det
325 1248 150 24 senares
504 1238 223 44 motivering,
758 1238 39 33 så
825 1235 107 36 torde
961 1234 45 36 de
1035 1234 12 35 i
1074 1233 265 49 föreliggande
1368 1234 143 36 motion
1539 1248 45 21 nr
1616 1236 71 35 180
1717 1235 112 36 fram-

232 1288 126 36 hållna
401 1288 169 36 motiven
612 1288 85 36 med
730 1287 144 48 förslag
903 1286 57 37 till
987 1287 102 35 vissa
1116 1286 267 48 förändringar
1410 1286 102 36 inom
1542 1287 287 37 statsbanornas

232 1340 235 47 förvaltning
509 1340 215 48 säkerligen
765 1317 152 58 komma
959 1339 118 36 under
1119 1338 173 48 allvarlig
1313 1315 261 72 "ompröfning
1616 1339 70 36 och
1714 1340 116 36 vinna

232 1392 203 49 tillbörligt
476 1392 223 36 beaktande.
768 1391 129 37 Under
938 1391 138 36 sådana
1118 1367 261 60 förhållanden
1421 1403 110 24 anser
1562 1390 187 38 utskottet
1777 1397 53 31 ett

232 1422 183 71 förnyadt
440 1445 196 35 uttalande
666 1443 218 49 obehöfligt,
914 1443 99 36 hvad
1041 1448 62 31 rör
1131 1444 74 36 den
1233 1443 59 36 del
1321 1443 42 36 af
1388 1442 46 37 de
1463 1443 12 35 i
1503 1443 87 36 herr
1609 1443 219 37 Kronlunds

233 1497 145 36 motion
421 1496 211 49 framlagda
670 1497 143 47 förslag
847 1508 80 24 som
957 1496 261 36 sammanfalla
1247 1495 84 37 med
1361 1495 45 37 de
1434 1496 11 35 i
1475 1495 71 37 den
1575 1495 255 38 Crafoordska

234 1550 193 35 motionen
456 1549 244 36 framställda.

363 1601 83 36 Den
487 1601 234 36 vidsträckta
763 1600 232 48 omfattning
1037 1600 232 36 motionären
1314 1600 12 35 1
1355 1600 115 48 öfrigt
1498 1600 113 49 goifvit
1640 1600 57 36 sin
1725 1600 105 36 hem-

235 1653 148 47 ställan,
426 1653 156 36 hvilken
610 1658 206 44 utmynnar
844 1654 75 35 dels
946 1652 12 36 i
987 1666 45 23 en
1061 1652 284 49 omredigering
1374 1652 40 36 af
1430 1652 400 48 aflöningsreglemen-

234 1711 65 37 tet,
331 1707 74 35 dels
434 1706 11 35 i
475 1719 48 22 en
550 1705 218 49 utredning,
797 1704 186 37 huruvida
1011 1706 69 35 och
1101 1706 12 35 i
1132 1705 99 36 hvad
1259 1707 85 33 mån
1374 1704 122 49 öfriga
1520 1705 11 35 i
1555 1705 193 36 motionen
1768 1718 64 22 an-

235 1757 118 49 tydda
381 1758 183 35 reformer
592 1757 233 36 beträffande
853 1758 326 48 tjänstemännens
1210 1757 258 47 användning,
1498 1756 214 47 befordran,
1742 1756 88 36 aflö-

234 1809 131 48 nings-
394 1809 69 37 och
493 1809 117 36 andra
639 1809 187 37 förmåner
854 1812 61 33 må
941 1809 129 36 kunna
1097 1809 251 47 förverkligas
1373 1813 98 32 samt
1490 1810 74 35 dels
1583 1808 11 36 i
1614 1808 219 49 förenkling

234 1862 42 35 af
315 1862 244 36 arbetssättet
598 1861 100 36 inom
737 1861 481 49 järnvägsförvaltningen,
1251 1861 69 35 har
1348 1866 105 43 synts
1481 1861 187 36 utskottet
1697 1861 136 36 endast

233 1914 93 36 böra
346 1914 149 48 påkalla
519 1914 84 36 dess
626 1914 194 36 uttalande
841 1914 105 36 öfver
966 1927 46 22 en
1032 1913 60 37 del
1107 1914 42 35 af
1160 1914 44 35 de
1219 1913 67 36 här
1301 1913 115 36 ofvan
1432 1913 158 36 berörda
1604 1913 226 49 punkterna.

366 1966 131 36 Ehuru
526 1979 46 23 en
601 1971 120 31 större
750 1966 89 36 eller
868 1965 145 36 mindre
1034 1965 267 78 omaetetning
1321 1965 41 35 af
1379 1964 451 50 aflöningsreglementet,

235 2018 146 36 hvilket
422 2023 137 44 antogs
602 2018 42 36 af
684 2018 95 36 1907
811 2021 58 33 års
898 2017 181 49 Riksdag,
1109 2032 31 34 ej
1171 2017 80 47 bör,
1274 1994 128 70 enligt
1429 1994 206 59 utskottets
1664 2017 167 49 mening,

236 2070 192 49 företagas
457 2070 127 37 förrän
612 2070 13 35 1
654 2070 183 36 samband
867 2070 83 36 med
980 2083 46 23 en
1042 2032 235 85 Tullständig
1305 2045 320 72 omorganisation
1645 2069 89 36 eller
1754 2046 78 58 om-

234 2123 191 49 läggning
467 2122 41 36 af
545 2122 284 37 statsbanornas
868 2122 84 36 hela
990 2097 411 73 förvaltningssystem,
1430 2121 69 36 bör
1528 2121 95 36 dock
1652 2121 31 49 ej
1716 2124 117 45 något

234 2174 136 37 hinder
410 2175 204 36 förefinnas
656 2180 78 31 mot
763 2180 55 31 att
853 2174 116 37 redan
997 2188 51 22 nu
1077 2174 92 37 söka
1196 2174 123 36 införa
1347 2173 139 36 sådana
1513 2173 173 49 partiella
1714 2174 119 36 refor-

235 2240 89 34 mer,
355 2240 80 23 som
467 2227 79 37 visa
575 2227 59 49 sig
661 2227 183 49 lämpliga
873 2232 54 31 att
955 2226 288 37 åstadkommas.

365 2279 198 37 Utskottet
603 2279 68 36 har
712 2279 126 36 därför
880 2279 132 37 endast
1040 2284 123 31 ansett
1192 2279 60 47 sig
1279 2278 92 36 böra
1398 2280 119 46 något
1544 2283 172 31 närmare
1744 2279 91 48 ingå

235 2335 48 47 på
325 2331 183 50 pröfning
550 2332 40 36 af
627 2331 86 37 herr
740 2331 218 37 Kronlunds
987 2331 144 48 förslag
1160 2330 195 49 angående
1384 2329 284 51 upphäfvandet
1697 2330 41 36 af
1763 2330 70 37 den

1892 762 120 23 Utskottets

1888 798 119 29 yttrande.
