2233 2679
450 177 18 31 S
586 177 119 32 Andra
728 177 214 33 Kammarens
968 178 179 44 Tillfälliga
1177 179 136 32 Utskotts
1336 181 62 40 (Nr
1421 182 33 40 3)
1487 180 167 33 Utlåtande
1676 182 48 31 Nr
1747 182 50 33 49.

534 257 56 37 Af
620 258 392 50 järnvägsstyrelsens
1054 259 100 37 tablå
1194 260 179 49 framgår,
1416 265 52 32 att
1511 262 40 35 af
1587 261 12 37 i
1639 262 115 36 rundt
1781 263 52 36 tal
1864 265 137 46 11,000

405 309 228 51 tjänstemän
674 311 42 36 af
752 311 105 49 lägre
898 312 94 49 grad
1034 312 119 37 under
1183 315 96 35 1909
1310 314 132 36 endast
1471 315 21 35 5
1522 315 157 50 stycken
1707 315 209 38 befordrats
1944 317 57 36 till

404 363 118 49 högre
551 364 105 48 grad,
682 364 195 37 äfvensom
906 370 54 31 att
988 365 129 37 siffran
1146 365 41 37 af
1210 366 155 36 sålunda
1384 366 224 38 befordrade
1627 368 120 37 under
1766 369 83 37 hela
1868 370 132 37 tioårs-

404 417 177 49 perioden
622 421 115 44 utgör
781 418 81 35 105.
932 417 55 37 Af
1028 418 258 49 ansökningar
1327 432 59 24 om
1429 420 290 50 tjänstledighet
1761 422 57 36 för
1859 428 53 31 att
1951 425 49 47 på

404 482 97 37 egen
542 469 210 38 bekostnad
793 469 88 38 idka
923 470 140 38 studier
1104 471 56 36 till
1194 471 190 38 vinnande
1413 473 41 35 af
1478 472 225 50 kompetens
1733 474 55 37 till
1816 474 117 50 tjänst
1962 476 42 36 af

402 523 120 48 högre
563 522 94 51 grad
699 523 113 36 hafva
853 524 119 36 under
1012 525 95 35 1909
1140 526 45 34 12
1216 525 258 50 ansökningar
1502 525 176 51 beviljats
1707 528 119 37 under
1855 528 63 37 det
1946 534 53 31 att

406 578 43 34 11
481 575 184 50 afslagits.

531 628 239 37 Motionären
799 629 215 37 framhåller
1041 629 138 49 vidare,
1200 635 53 32 att
1274 631 350 38 öfverkvalificerad
1644 633 227 38 arbetskraft
1889 635 12 35 i
1922 640 78 31 stor

402 681 265 47 utsträckning
694 681 251 37 förekommer
974 682 62 36 vid
1065 687 142 32 statens
1232 683 209 49 järnvägar
1464 685 70 35 och
1554 685 109 37 anför
1682 689 125 34 såsom
1828 687 172 49 exempel

401 733 103 36 vissa
536 732 262 37 förhållanden
827 734 101 35 inom
956 734 369 49 trafikafdelningen,
1356 735 65 36 där
1449 737 322 37 stationsmästare
1804 739 69 35 och
1906 740 93 35 kon-

401 785 252 37 torsbiträden
680 785 114 37 borde
822 786 11 36 i
860 786 271 37 vidsträcktare
1160 789 86 34 mån
1274 788 193 36 användas
1497 792 47 32 än
1573 802 49 23 nu
1651 794 40 32 är
1719 790 114 37 fallet.

530 837 18 37 I
576 838 83 36 icke
678 839 111 48 ringa
808 839 266 48 utsträckning
1090 840 251 36 förekommer
1361 841 111 36 äfven
1488 841 347 38 öfverkvalificerad
1855 843 144 37 arbets-

401 890 101 37 kraft
529 890 103 37 inom
662 890 115 37 andra
806 890 240 50 afdelningar
1073 895 122 33 såsom
1225 892 122 48 byrå-,
1379 893 89 37 ban-
1497 893 69 37 och
1591 895 405 49 maskinafdelningen.

532 942 89 37 Som
663 943 138 37 bekant
841 944 187 36 utlämnar
1070 950 141 31 statens
1247 945 208 49 järnvägar
1482 945 12 36 i
1521 947 104 48 regel
1665 951 47 46 på
1750 948 248 49 entreprenad

402 995 224 50 byggandet
667 996 40 36 af
736 996 216 49 järnvägar,
982 997 218 47 lokomotiv,
1229 1010 155 35 vagnar,
1414 998 111 36 broar
1554 999 70 36 och
1652 1005 119 31 större
1798 1001 199 49 husbygg-

401 1049 126 46 nader,
563 1049 70 36 och
662 1049 62 36 det
753 1053 40 32 är
816 1048 12 36 1
849 1048 215 38 hufvudsak
1094 1048 132 38 endast
1253 1049 373 40 underhållsarbeten
1654 1065 80 24 som
1764 1052 234 38 förekomma

401 1103 20 33 å
450 1100 98 37 bana
576 1101 70 36 och
674 1101 179 36 material.

529 1153 67 36 Att
623 1153 120 36 under
772 1153 139 36 sådana
940 1153 259 37 förhållanden
1225 1167 45 23 en
1294 1159 75 31 rätt
1393 1160 79 31 stor
1492 1156 228 49 kontingent
1745 1157 41 36 af
1800 1157 120 50 högre
1939 1165 58 30 ut-

399 1205 128 36 bildad
561 1206 150 36 teknisk
739 1205 229 37 arbetskraft
995 1206 124 36 kunde
1147 1211 157 32 ersättas
1333 1208 84 35 med
1445 1207 172 50 billigare
1644 1231 51 4 —
1722 1210 189 48 praktiskt
1938 1216 59 31 ut-

399 1257 150 37 bildade
578 1258 148 36 förmän
755 1258 70 36 och
854 1258 253 37 arbetsledare
1134 1281 50 3 —
1212 1259 108 36 torde
1348 1273 89 23 vara
1466 1260 251 49 obestridligt.

530 1309 172 37 Rörande
723 1310 73 36 den
811 1310 337 49 misshushållning
1164 1312 263 36 användandet
1443 1312 37 36 af
1495 1312 342 39 öfverkvalificerad
1854 1314 141 38 arbets-

399 1362 102 36 kraft
529 1362 167 47 innebär,
727 1363 65 36 vill
820 1363 184 36 utskottet
1034 1364 129 36 anföra
1191 1363 99 36 hvad
1309 1364 206 37 tillkallade
1536 1365 286 38 kommitterade
1842 1367 58 37 för
1919 1368 75 36 för-

400 1414 141 36 ändrad
582 1415 256 48 organisation
881 1415 40 36 af
959 1415 350 49 telegrafstyrelsen
1347 1417 128 36 därom
1512 1422 121 44 säger.
1692 1418 161 38 »Vidare
1882 1420 114 36 hafva

372 1480 3 5 '
398 1466 290 37 kommitterade
717 1468 75 36 fäst
820 1468 58 35 sin
906 1468 335 49 uppmärksamhet
1268 1469 64 36 vid
1357 1483 46 22 en
1423 1470 271 48 oegentlighet,
1716 1484 80 23 som
1815 1472 179 49 telegraf-

401 1519 185 49 styrelsen
628 1519 102 36 delar
772 1520 84 36 med
899 1520 45 36 de
981 1520 107 36 festa
1125 1521 115 36 andra
1269 1521 240 37 ämbetsverk
1538 1522 70 36 och
1637 1536 82 23 som
1747 1523 82 37 icke
1859 1525 137 36 saknar

399 1584 45 23 en
486 1571 146 48 ganska
670 1576 79 31 stor
776 1572 195 48 betydelse
1000 1573 57 35 för
1085 1572 323 49 produktiviteten
1438 1573 40 36 af
1502 1574 325 48 tjänstemännens
1857 1576 135 37 arbete.

397 1623 89 36 Man
527 1623 68 36 har
635 1623 191 48 nämligen
866 1624 173 49 tydligen
1069 1624 173 37 förbisett
1269 1625 130 37 vikten
1428 1626 41 36 af
1494 1631 53 31 ett
1575 1627 234 37 konsekvent
1837 1642 157 35 genom-

398 1675 156 36 förande
583 1675 40 36 af
649 1675 71 36 den
748 1676 59 35 för
836 1677 47 35 all
910 1676 173 49 praktisk
1110 1677 243 36 verksamhet
1377 1678 317 49 grundläggande
1713 1681 207 48 principen,
1942 1687 54 30 att

400 1727 64 36 allt
494 1727 127 36 arbete
649 1727 68 37 bör
744 1728 144 36 utföras
918 1728 40 36 af
982 1729 175 48 personal
1182 1729 84 36 med
1284 1729 97 37 efter
1400 1730 143 37 arbetet
1563 1731 176 49 afpassad
1759 1732 234 50 kompetens.

397 1779 273 36 Förbiseendet
689 1780 156 36 innebär
863 1781 81 35 icke
964 1780 191 37 bristande
1177 1781 151 37 fordran
1343 1785 48 46 på
1405 1783 223 49 kompetens
1644 1790 102 42 utan,
1762 1784 233 38 beträffande

397 1844 47 23 en
486 1831 60 36 del
588 1831 281 48 arbetskrafter,
908 1833 84 36 dess
1021 1838 170 31 motsats.
1248 1833 68 37 Att
1345 1834 58 36 för
1431 1835 111 35 äfven
1571 1835 44 36 de
1644 1836 168 36 enklaste
1842 1838 153 35 arbeten

398 1883 172 36 använda
597 1896 193 37 personer,
820 1897 80 23 som
930 1885 197 36 förskaffat
1156 1886 60 48 sig
1243 1886 301 37 kvalifikationer
1573 1887 57 36 för
1658 1888 118 47 högre
1800 1889 196 50 uppgifter

398 1935 70 37 och
511 1935 125 37 därför
677 1936 128 36 kunna
845 1937 85 36 med
968 1937 79 36 skäl
1075 1942 94 43 göra
1198 1938 166 49 anspråk
1391 1941 48 46 på
1468 1952 47 23 en
1543 1939 121 37 bättre
1693 1942 216 48 ersättning
1937 1942 57 36 för

398 1988 66 36 sitt
502 1987 138 48 arbete,
669 1988 75 36 kan
773 1989 243 49 naturligtvis
1045 1990 31 48 ej
1107 2003 90 23 vara
1224 1991 202 48 gagneligt
1453 2005 89 23 vare
1571 1992 61 48 sig
1660 1992 58 37 för
1745 1994 131 36 verket
1904 1995 89 36 eller

397 2040 58 36 för
483 2040 83 36 dem
596 2040 147 48 själfva.
800 2040 302 38 Kommitterade
1129 2045 99 46 våga
1257 2043 57 36 till
1342 2043 71 37 och
1441 2043 85 37 med
1554 2047 120 46 påstå,
1705 2049 54 32 att
1783 2046 153 37 arbeten
1957 2046 41 36 af

396 2092 163 36 berörda
600 2093 84 49 slag
713 2093 11 35 i
753 2093 205 37 allmänhet
998 2094 119 37 blifva
1153 2095 125 37 bättre
1313 2096 150 36 utförda
1493 2096 40 36 af
1557 2097 144 36 mindre
1730 2097 261 38 kvalificerade

395 2145 231 48 tjänstemän
655 2145 89 36 eller
771 2145 197 49 kvinnliga
996 2146 182 48 biträden,
1209 2161 80 23 som
1320 2148 65 36 där
1413 2162 46 23 en
1489 2148 115 37 sådan
1625 2149 212 50 anordning
1856 2150 135 38 införts

394 2197 97 36 visat
528 2197 60 49 sig
621 2197 105 37 däråt
767 2203 99 43 ägna
907 2203 54 32 ett
995 2198 163 49 verkligt
1187 2199 170 48 intresse,
1387 2205 47 32 än
1464 2201 40 36 af
1527 2213 191 37 personer,
1748 2202 128 37 hvilka
1904 2217 87 22 man

396 2248 190 50 svårligen
627 2249 74 37 kan
743 2249 161 49 förebrå,
939 2264 61 23 om
1030 2251 44 36 de
1103 2252 32 48 ej
1166 2252 104 36 finna
1294 2253 60 47 sig
1381 2253 60 35 väl
1469 2253 176 37 öfverens
1673 2254 85 36 med
1785 2256 206 47 uppgifter,

395 2300 127 37 hvilka
564 2301 33 49 ej
632 2307 190 31 motsvara
851 2303 70 35 den
949 2304 55 35 tid
1033 2304 70 35 och
1133 2304 62 36 det
1224 2304 128 37 arbete
1380 2305 108 36 derag
1516 2305 216 49 utbildning
1758 2306 135 38 kräft.»
