1856 2784
267 168 19 29 8
658 171 120 31 Andra
799 173 246 40 lagutskottets
1066 176 178 31 utlåtande
1265 187 43 21 nr
1327 178 29 30 6.

266 248 299 39 produktionsråd
585 252 19 29 å
625 252 110 30 andra
756 253 99 30 sidan
874 271 45 4 -—
940 255 10 29 i
973 255 89 39 syfte
1084 258 49 27 att
1154 256 37 31 få
1212 257 54 30 till
1288 258 102 31 stånd
1411 268 44 21 en
1476 259 278 41 effektivisering

266 302 65 29 och
356 302 251 42 aktualisering
631 314 41 21 av
695 305 283 41 varselsystemet
1001 326 45 3 —
1070 309 286 41 överläggningar
1381 313 149 30 rörande
1556 313 160 40 åtgärder
1742 315 11 29 i

265 355 187 41 anledning
477 366 43 21 av
544 357 322 41 driftsnedläggelse
891 361 65 29 och
981 361 365 43 driftsinskränkning
1371 375 44 20 m.
1441 375 45 20 m.
1524 366 109 31 Dessa
1657 368 96 29 över-

265 407 202 41 läggningar
493 410 212 32 resulterade
732 412 11 29 i
771 423 42 19 en
839 414 348 37 överenskommelse,
1213 417 117 30 vilken
1355 435 45 4 —
1425 419 89 30 efter
1542 429 42 20 en
1611 420 141 30 erinran

264 470 57 20 om
344 463 298 40 varselsystemets
666 465 278 32 dittillsvarande
969 468 218 41 utformning
1209 488 46 3 —
1278 480 60 21 var
1362 481 42 20 av
1428 472 157 39 följande
1610 473 140 39 lydelse.

308 532 67 29 För
399 535 50 27 att
474 534 38 29 få
536 534 52 30 till
614 535 101 30 stånd
741 538 49 28 ett
815 537 110 30 bättre
952 539 193 30 samarbete
1172 540 130 30 mellan
1327 541 334 41 industriföretlagen
1687 543 65 30 och

264 576 503 42 arbetsförmedlingsorganen
783 581 11 28 i
812 582 99 30 dessa
930 582 119 40 frågor
1067 584 63 29 och
1149 586 82 38 göra
1249 585 283 40 varselsystemet
1550 597 73 20 mer
1641 588 111 30 effek-

263 620 65 30 tivt
355 621 96 30 skola
478 623 324 38 organisationerna
828 626 105 31 verka
959 627 56 30 för
1042 629 50 29 att
1118 628 166 31 anslutna
1311 629 289 42 industriföretag
1633 632 119 40 (bygg-

263 665 288 31 nadsindustrien
586 668 166 31 omfattas
790 670 74 30 icke
900 680 43 20 av
979 672 380 36 överenskommelsen)
1401 674 157 41 iakttaga
1594 676 156 39 följande

263 709 120 39 regler.

308 754 12 28 I
347 753 272 42 fortsättningen
644 757 90 30 skall
762 759 163 29 anmälan
953 769 58 20 om
1037 761 148 30 väntade
1211 762 283 40 permitteringar
1522 764 82 30 eller
1631 765 120 29 avske-

262 798 138 30 danden
424 800 61 29 ske
510 808 123 30 genom
657 801 138 32 direkta
818 802 268 32 informationer
1110 805 80 30 från
1215 806 343 41 företagsledningen
1583 809 50 29 till
1659 809 92 29 läns-

262 842 319 32 arbetsdirektören
610 845 82 30 eller
722 847 586 41 arbetsförmedlingsinspektören.
1352 852 181 38 Uppgifter
1563 863 56 20 om
1649 854 102 29 dessa

262 886 247 31 förhållanden
529 890 96 30 skola
643 891 158 29 däremot
820 892 74 30 icke
914 893 120 39 längre
1053 894 135 30 lämnas
1208 894 45 39 på
1274 896 475 41 sysselsättningsrapporten

261 930 52 30 till
339 931 288 41 socialstyrelsen.

306 975 65 31 Vid
395 976 199 40 företagens
619 978 150 31 kontakt
794 982 78 28 med
898 981 376 31 länsarbetsnämnden
1299 984 84 30 böra
1409 985 177 39 uppgifter
1613 986 137 30 lämnas

261 1029 58 20 om
339 1020 55 30 vid
414 1020 119 31 vilken
555 1022 164 39 tidpunkt
741 1024 269 32 avskedandena
1032 1026 81 30 eller
1134 1027 331 40 permitteringarna
1487 1039 98 20 avses
1607 1030 142 30 komma

261 1067 51 27 att
338 1065 232 37 genomföras,
598 1068 130 29 antalet
756 1069 172 30 anställda
958 1079 76 21 som
1060 1071 150 34 beröras,
1239 1072 428 42 driftsinskränkningens
1693 1075 57 29 be-

260 1109 154 30 räknade
438 1110 219 40 varaktighet
681 1115 92 27 samt
796 1114 148 29 orsaken
967 1114 53 30 till
1044 1115 419 41 driftsinskränkningen.

305 1153 227 31 Beträffande
553 1155 41 29 de
614 1155 61 29 fall
696 1166 43 20 av
759 1158 283 40 permitteringar
1063 1160 63 28 och
1148 1160 247 30 avskedanden
1417 1162 55 29 för
1492 1162 94 31 vilka
1606 1160 143 47 rappor-

260 1197 332 41 teringsskyldighet
620 1200 184 40 föreligger
835 1203 63 28 och
929 1204 68 28 den
1029 1203 164 40 tidpunkt
1224 1204 45 30 då
1299 1205 375 32 länsarbetsnämnden
1703 1207 45 40 på

260 1242 70 28 sätt
355 1250 87 22 ovan
469 1246 95 36 sagts
591 1244 86 30 skall
704 1246 223 30 underrättas
953 1247 65 30 har
1045 1247 156 40 följande
1229 1249 338 31 överenskommelse
1594 1251 153 30 träffats.

304 1304 36 33 a)
368 1304 171 39 Definitiv
560 1306 332 41 driftsnedläggelse.

303 1357 226 32 Meddelande
560 1359 134 31 lämnas
726 1360 52 30 till
808 1361 374 32 länsarbetsnämnden
1218 1363 415 33 Clänsarbetsdirektören
1664 1367 83 29 eller

259 1401 591 42 arbetsförmedlingsinspektören)
878 1407 11 29 i
913 1407 140 39 mycket
1077 1409 64 39 god
1164 1409 50 29 tid
1238 1409 66 29 och
1329 1410 110 29 under
1464 1410 68 30 alla
1556 1411 191 30 förhållan-

258 1446 68 29 den
347 1450 115 27 senast
483 1448 58 29 två
561 1448 166 31 månader
748 1450 74 29 före
843 1450 359 41 driftsnedläggelsen.

303 1507 37 34 b)
369 1509 315 39 Driftsinställelse,
701 1513 142 29 varmed
858 1521 99 21 avses
972 1514 102 30 totalt
1089 1514 191 40 driftstopp
1295 1516 110 29 under
1421 1525 73 21 mer
1511 1518 44 28 än
1574 1516 38 30 14
1628 1517 117 40 dagar.

256 1552 226 31 Meddelande
525 1553 133 31 lämnas
697 1556 53 29 till
789 1556 374 32 länsarbetsnämnden
1209 1558 415 33 (länsarbetsdirektören
1663 1561 82 29 eller

256 1597 592 41 arbetsförmedlingsinspektören)
877 1605 117 27 senast
1018 1602 18 30 2
1060 1602 166 30 månader
1249 1603 74 31 före
1347 1604 332 31 driftsinställelsen.

256 1658 245 42 Anmärkning
522 1660 52 30 till
592 1661 37 34 a)
652 1662 64 29 och
739 1662 52 34 b).

301 1712 125 40 Dylika
453 1714 253 31 meddelanden
734 1716 132 31 behöva
892 1717 31 39 ej
955 1716 147 36 lämnas,
1131 1719 43 29 då
1202 1718 137 31 mindre
1366 1721 44 29 än
1441 1720 38 30 10
1509 1721 235 40 arbetstagare

301 1756 139 32 beröras
457 1768 43 20 av
517 1759 175 39 åtgärden.

300 1819 34 33 ec)
363 1819 373 43 Driftsinskränkning
757 1832 43 21 av
824 1833 94 21 mera
944 1824 169 40 väsentlig
1138 1825 184 39 betydelse.

300 1872 129 31 Härvid
451 1874 90 29 skall
563 1874 135 40 hänsyn
719 1877 98 37 tagas
836 1876 75 30 icke
932 1877 88 30 blott
1041 1877 52 30 till
1115 1877 268 33 förhållandena
1404 1881 67 28 sett
1492 1889 42 21 ur
1555 1880 188 40 företagets

255 1918 179 37 synpunkt
461 1920 87 28 utan
574 1919 85 30 även
685 1919 53 29 till
765 1920 185 39 åtgärdens
977 1923 148 29 väntade
1151 1923 171 30 inverkan
1348 1924 45 38 på
1419 1925 325 30 arbetsmarknads-

254 1960 90 39 läget
370 1962 44 38 på
439 1964 101 28 orten
566 1964 63 28 och
655 1964 145 30 därmed
825 1965 44 39 på
894 1965 522 41 arbetsförmedlingsorganens
1443 1969 223 39 möjligheter
1692 1971 50 27 att

253 2005 197 39 omplacera
471 2008 68 28 den
560 2007 172 31 friställda
753 2009 269 30 arbetskraften.
1043 2010 49 30 Av
1111 2011 175 39 betydelse
1308 2013 38 29 är
1366 2013 122 30 därvid
1508 2013 105 30 bland
1634 2014 108 29 annat

253 2051 118 29 ortens
394 2050 130 30 storlek
547 2052 63 29 och
632 2052 244 39 näringslivets
900 2054 171 30 struktur.
1095 2055 48 30 På
1166 2055 136 31 mindre
1325 2058 92 29 orter
1439 2058 71 30 kan
1533 2057 209 39 exempelvis

254 2093 219 32 friställande
493 2105 43 20 av
557 2096 37 29 15
615 2097 156 29 arbetare
792 2098 125 29 orsaka
939 2099 212 38 svårigheter
1172 2100 65 29 och
1259 2100 87 29 skall
1367 2101 120 30 därför
1508 2104 232 36 rapporteras,

253 2139 126 29 medan
405 2140 159 29 däremot
589 2141 43 39 på
659 2142 110 29 större
797 2144 91 28 orter
915 2143 242 40 permittering
1184 2153 42 20 av
1254 2146 48 29 ett
1329 2144 273 31 förhållandevis
1631 2147 110 28 större

252 2183 96 30 antal
369 2184 157 29 arbetare
547 2185 73 30 icke
640 2186 150 30 behöver
809 2186 166 30 omfattas
997 2197 43 20 av
1060 2188 477 41 anmälningsskyldigheten.
1560 2190 66 29 Om
1646 2191 96 29 tvek-

252 2227 136 30 samhet
416 2228 113 30 skulle
559 2230 124 38 uppstå
711 2229 174 32 huruvida
912 2232 463 40 rapporteringsskyldighet
1405 2235 88 28 skall
1521 2243 101 21 anses
1651 2235 90 29 före-

252 2271 90 39 ligga
360 2272 81 30 eller
459 2274 87 33 icke,
565 2274 60 29 bör
643 2275 171 39 företaget
831 2277 77 37 taga
926 2276 150 30 kontakt
1095 2278 78 28 med
1194 2277 217 31 Industriens
1431 2278 308 39 produktionsråd.

296 2316 227 31 Meddelande
545 2327 56 20 om
623 2319 365 41 driftsinskränkning
1010 2330 42 21 av
1073 2321 63 30 här
1158 2322 139 38 angivet
1320 2323 73 39 slag
1415 2322 136 30 lämnas
1575 2324 51 29 till
1649 2324 92 29 läns-

250 2360 297 31 arbetsnämnden
584 2362 413 33 (länsarbetsdirektören
1028 2364 82 31 eller
1142 2365 592 40 arbetsförmedlingsinspektören)

251 2409 118 26 senast
393 2406 18 28 2
435 2405 169 31 månader
627 2407 73 30 före
725 2407 185 39 åtgärdens
933 2409 208 39 vidtagande
1166 2410 93 33 eller,
1285 2420 56 20 om
1366 2411 11 28 i
1402 2412 261 38 undantagsfall
1688 2412 52 29 in-

251 2449 265 40 skränkningen
541 2450 73 31 icke
638 2451 162 40 rimligen
824 2453 136 30 kunnat
986 2453 152 31 förutses
1163 2455 110 29 redan
1298 2455 18 29 2
1342 2456 167 29 månader
1534 2457 11 28 i
1571 2456 130 40 förväg,
1728 2457 11 29 i

250 2494 38 29 så
310 2495 64 38 god
395 2494 48 30 tid
466 2504 77 20 som
565 2496 144 39 möjligt.
