1918 2792
455 153 119 31 Andra
596 153 247 40 lagutskottets
867 153 180 30 utlåtande
1068 161 44 21 nr
1133 153 42 30 45
1197 152 41 30 år
1260 152 85 30 1960
1627 152 19 29 9

158 233 78 40 ring
256 242 42 21 av
316 233 333 30 beslutanderätten.
669 232 127 30 Vidare
815 231 225 40 ifrågasätter
1058 231 234 39 utredningen
1311 240 57 21 om
1390 230 57 30 det
1467 230 39 30 är
1525 229 122 40 riktigt

159 288 51 29 att
224 286 73 30 låta
312 288 23 29 t.
353 295 51 22 ex.
420 295 43 21 en
479 285 243 41 jourhavande
738 284 275 41 poliskonstapel
1030 287 80 37 taga
1126 286 163 28 ansvaret
1306 283 55 30 för
1377 283 210 39 alarmering
1605 291 43 21 av

158 340 260 40 befolkningen,
443 340 102 30 order
570 349 57 20 om
652 338 204 41 utrymning
882 338 65 30 och
973 338 110 30 andra
1108 338 167 30 liknande
1300 337 172 40 åtgärder.
1498 337 148 30 Snarare

159 395 38 29 är
216 394 45 30 då
281 396 50 28 att
350 393 193 40 föredraga,
563 395 51 28 att
633 392 250 40 länsstyrelsen
902 392 12 30 i
933 391 69 36 län,
1023 392 62 30 där
1106 391 238 31 allmänheten
1362 391 72 30 kan
1453 390 126 30 tänkas
1597 389 49 31 bli

158 447 126 30 berörd
306 456 42 21 av
368 447 259 39 verkningarna
648 455 43 21 av
712 455 43 21 en
777 445 123 40 olycka
921 445 12 30 i
955 454 43 21 en
1020 444 438 40 atomenergianläggning,
1481 443 55 30 får
1557 443 90 39 möj-

160 500 107 40 lighet
282 502 60 33 att,
357 500 79 30 med
450 500 195 30 beaktande
660 508 43 21 av
717 499 42 30 de
774 499 116 30 lokala
905 498 278 34 förhållandena,
1246 498 21 30 på
1320 497 190 31 förhand
1536 498 110 28 utse

159 554 151 40 någon
343 562 93 22 som
469 552 366 31 interimistiskt
867 552 88 30 kan
987 551 187 31 besluta
1207 552 11 29 i
1251 550 397 40 länsstyrelsens

160 607 159 31 ställe.
355 607 130 30 Därvid
508 607 63 30 bör
595 606 251 40 länsstyrelsen
869 606 13 30 i
906 605 66 30 och
997 605 55 31 för
1078 605 50 40 sig
1154 606 88 29 även
1265 605 123 29 kunna
1413 604 167 30 förordna
1603 612 44 22 en

160 670 129 31 person
315 670 75 21 som
415 660 76 30 icke
518 661 38 29 är
582 660 153 30 anställd
760 659 58 31 vid
844 659 261 39 länsstyrelsen,
1132 667 81 21 men
1239 658 58 30 det
1322 658 63 30 bör
1412 657 98 30 alltid
1535 656 115 40 väljas

161 714 115 40 någon
300 723 85 25 som,
409 715 87 29 även
519 722 57 21 om
599 714 71 29 han
693 713 76 30 icke
793 712 378 40 författningsmässigt
1193 712 65 29 har
1283 711 137 39 ständig
1443 710 205 40 jourtjänst,

161 767 107 30 likväl
289 768 38 29 är
346 767 64 30 lätt
428 766 203 41 tillgänglig.
653 766 13 30 I
686 766 94 30 vissa
798 766 59 30 län
876 766 71 30 kan
967 766 58 30 det
1045 765 83 30 falla
1150 765 50 40 sig
1220 764 169 40 naturligt
1409 766 50 28 att
1479 763 52 30 till
1550 763 98 40 dylik

160 820 345 40 befattningshavare
530 822 76 28 utse
631 819 242 40 landsfogden,
899 828 81 21 men
1003 819 12 30 i
1040 818 109 30 andra
1174 818 60 30 län
1259 818 71 30 står
1354 817 176 30 måhända
1555 816 94 31 civil-

162 874 358 30 försvarsdirektören
539 873 82 30 eller
641 882 118 21 annan
778 882 127 31 person
925 873 162 29 närmare
1106 872 64 30 till.
1191 871 227 31 Genomföres
1437 871 115 30 denna
1571 869 78 30 ord-

162 928 83 39 ning
274 928 51 29 lär
353 927 138 39 rimliga
518 927 175 39 garantier
722 926 167 39 föreligga
917 925 55 30 för
1000 928 50 27 att
1077 925 58 30 vid
1163 934 43 21 en
1235 924 219 40 atomolycka
1482 924 167 39 antingen

162 981 115 39 någon
302 989 76 21 som
403 980 152 30 normalt
579 981 80 38 äger
685 979 129 30 handla
839 980 21 29 å
884 978 270 40 länsstyrelsens
1178 979 132 38 vägnar
1335 977 82 30 eller
1443 977 109 30 sådan
1578 977 72 29 sär-

162 1034 84 30 skilt
267 1034 125 30 utsedd
413 1033 345 40 befattningshavare
781 1042 76 20 som
878 1033 65 29 här
965 1041 99 21 avses
1085 1032 80 30 med
1187 1031 187 40 tillräcklig
1397 1030 252 40 skyndsamhet

163 1088 89 29 skall
271 1087 121 30 kunna
410 1089 80 37 taga
508 1086 187 40 ledningen
714 1095 41 21 av
773 1085 326 40 katastrofskyddet
1118 1085 65 30 och
1201 1084 143 30 utfärda
1362 1083 180 40 behövliga
1560 1083 91 30 före-

163 1141 145 30 skrifter
328 1140 54 30 för
403 1140 246 30 allmänheten.

209 1197 119 31 Skulle
345 1197 59 30 vid
421 1206 43 20 en
483 1196 124 40 olycka
624 1196 261 30 radioaktivitet
905 1196 119 39 sprida
1044 1195 51 39 sig
1113 1195 82 29 över
1212 1204 75 20 mer
1306 1195 44 29 än
1369 1196 48 28 ett
1434 1194 59 29 län
1512 1193 62 30 bör
1594 1202 58 20 en-

163 1251 63 39 ligt
253 1250 251 39 utredningens
533 1249 228 40 uppfattning
787 1249 99 39 varje
913 1248 226 40 länsstyrelse
1167 1249 97 29 inom
1293 1248 60 29 sitt
1380 1247 59 30 län
1468 1255 101 21 svara
1596 1246 56 29 för

163 1303 229 40 erforderliga
418 1303 306 40 skyddsåtgärder.
752 1304 75 29 Den
854 1302 222 39 nödvändiga
1102 1301 272 39 samordningen
1401 1310 42 20 av
1470 1300 182 38 ansträng-

164 1357 173 39 ningarna
368 1357 99 29 torde
495 1357 122 29 kunna
645 1355 252 40 åvägabringas
930 1362 125 32 genom
1086 1354 230 30 konferenser
1345 1353 129 30 mellan
1504 1352 148 30 berörda

164 1410 256 39 länsstyrelser.

207 1464 50 29 De
276 1464 245 39 mångahanda
540 1463 177 40 uppgifter
736 1472 75 20 som
829 1462 111 29 måste
959 1461 92 30 lösas
1068 1461 57 30 vid
1145 1470 43 21 en
1206 1460 221 40 atomolycka
1445 1460 206 30 förutsätter

164 1517 144 39 givetvis
326 1519 50 27 att
392 1518 88 28 även
496 1516 110 30 andra
623 1516 243 39 myndigheter
883 1516 45 29 än
945 1514 251 39 länsstyrelsen
1213 1514 137 29 lämnar
1368 1513 54 31 sin
1438 1512 214 31 medverkan

163 1570 130 30 härtill.
320 1569 265 40 Länsstyrelsen
613 1569 112 30 skulle
754 1568 195 39 säkerligen
975 1568 133 30 behöva
1135 1567 64 30 råd
1226 1567 65 30 och
1318 1566 225 39 anvisningar
1571 1565 80 30 från

164 1624 156 29 centrala
336 1623 100 30 civila
455 1623 64 30 och
536 1622 152 30 militära
706 1622 243 39 myndigheter
967 1621 79 30 med
1065 1620 228 40 sakkunskap
1311 1620 45 41 på
1373 1619 95 31 olika
1484 1619 167 30 områden

164 1677 117 29 såsom
304 1676 210 39 strålskydd,
535 1675 183 40 jordbruk,
741 1675 90 30 fiske
854 1675 64 30 och
940 1673 373 31 födoämneskontroll.
1337 1673 136 30 Sådana
1494 1672 158 40 myndig-

163 1730 98 29 heter
285 1730 71 29 kan
379 1731 88 28 även
490 1729 92 30 bistå
604 1728 252 40 länsstyrelsen
880 1736 125 31 genom
1030 1728 50 29 att
1106 1727 110 30 sända
1240 1728 157 38 experter
1422 1726 64 30 och
1510 1725 142 31 teknisk

164 1783 204 39 utrustning
386 1782 53 30 till
457 1782 147 40 platsen.
624 1782 54 29 En
696 1782 105 39 utväg
821 1790 75 21 som
914 1781 233 38 utredningen
1166 1782 73 28 tror
1260 1780 89 30 skall
1367 1780 122 29 kunna
1507 1779 74 30 visa
1601 1778 51 39 sig

169 1836 169 30 värdefull
357 1837 37 28 är
412 1838 51 27 att
481 1844 82 21 man
581 1844 43 21 av
642 1834 238 30 framstående
900 1833 214 41 specialister
1132 1834 64 29 hos
1215 1833 94 29 olika
1327 1832 241 39 myndigheter
1586 1831 67 30 och

164 1897 109 31 organ
296 1888 112 30 bildar
431 1897 43 21 en
497 1888 55 30 för
574 1887 79 30 hela
676 1888 91 29 riket
791 1895 201 31 gemensam
1026 1884 518 42 expertkommission
1576 1893 76 21 som

167 1942 53 29 får
244 1942 107 39 rycka
374 1943 39 28 ut
436 1941 11 29 i
470 1940 167 30 händelse
660 1950 43 20 av
727 1950 42 20 en
793 1940 124 39 olycka
941 1940 10 29 i
975 1949 42 20 en
1043 1938 436 40 atomenergianläggning.
1504 1938 150 29 Labora-

166 1994 292 39 torieutrustning
485 1994 65 29 och
577 2003 117 20 annan
722 1993 156 30 materiel
908 1992 112 30 skulle
1048 1993 86 29 även
1161 1991 58 30 vid
1245 1992 112 29 behov
1383 1991 122 29 kunna
1533 1990 120 30 ställas

164 2048 53 29 till
240 2057 43 20 en
306 2047 95 39 dylik
424 2047 250 30 kommissions
698 2046 217 39 förfogande.
939 2045 284 30 Kommissionen
1246 2044 113 30 skulle
1380 2044 77 30 icke
1480 2043 36 30 få
1538 2043 116 40 någon

165 2101 277 29 beslutanderätt
471 2102 86 28 utan
586 2100 79 30 dess
695 2099 165 40 ställning
888 2098 97 31 bleve
1015 2098 222 30 uteslutande
1267 2097 234 39 rådgivarens.
1531 2096 123 30 Utred-

166 2153 131 40 ningen
316 2153 134 30 erinrar
470 2153 11 30 i
501 2153 95 30 detta
617 2153 256 38 sammanhang
894 2161 57 21 om
973 2153 50 28 att
1044 2153 48 28 ett
1112 2151 167 30 liknande
1301 2158 253 32 arrangemang
1574 2151 81 29 bru-

166 2206 64 30 kar
246 2206 177 39 tillämpas
440 2215 41 20 av
498 2205 359 39 medicinalstyrelsen
873 2205 56 29 vid
947 2204 204 40 epidemier;
1171 2204 170 39 styrelsen
1357 2204 131 29 brukar
1506 2202 148 31 sålunda

167 2260 87 28 även
271 2259 56 29 vid
344 2268 42 20 en
403 2258 136 39 måttlig
556 2258 151 40 epidemi
723 2258 10 29 i
751 2260 48 27 ett
816 2258 58 29 län
891 2257 71 29 låta
978 2266 43 20 en
1039 2258 233 38 expertgrupp
1290 2256 80 30 från
1387 2258 132 28 statens
1535 2255 120 30 bakte-

166 2311 189 39 riologiska
382 2311 140 29 institut
549 2310 91 30 bistå
668 2310 259 30 vederbörande
956 2309 235 39 länsstyrelse.
1221 2309 53 29 En
1301 2308 354 40 expertkommission

167 2373 42 21 av
228 2364 58 30 det
307 2364 71 39 slag
400 2373 74 20 som
495 2363 63 29 här
578 2363 120 30 tänkts
719 2363 97 29 torde
837 2363 121 29 kunna
978 2362 113 30 bildas
1110 2362 11 29 i
1142 2361 259 30 administrativ
1420 2362 75 38 väg,
1517 2361 64 29 och
1602 2362 53 28 ut-

169 2417 190 38 redningen
381 2425 101 21 anser
504 2416 130 34 därför,
657 2417 50 28 att
730 2415 187 40 anledning
939 2415 31 39 ej
996 2415 115 29 finnes
1133 2417 50 27 att
1205 2415 11 28 i
1238 2414 54 40 lag
1314 2414 117 39 intaga
1454 2414 107 39 några
1584 2414 72 29 sär-

169 2470 112 29 skilda
300 2469 262 30 bestämmelser
580 2469 135 30 härom.
