1900 2842
113 1561 136 24 Utskottet.

348 165 41 30 88
689 168 398 33 Jordbruksutskottets
1114 170 188 32 utlåtande
1329 172 53 31 Nr
1405 172 29 30 1.

347 243 219 31 Beträffande
601 244 55 31 det
690 255 45 20 av
770 245 133 37 Kungl.
932 246 98 36 Maj:t
1057 247 148 36 begärda
1232 248 244 36 medgivandet
1503 251 56 29 må
1586 251 132 30 erinras
1753 262 57 20 om

303 294 162 36 följande.

347 355 123 37 Enligt
503 356 228 37 kungörelsen
763 358 64 31 den
861 359 41 30 22
926 359 76 36 juni
1027 360 84 30 1928
1147 362 54 36 (nr
1225 361 75 37 295)
1335 363 176 35 angående
1534 363 128 31 villkor
1685 364 53 30 för
1761 374 49 21 er-

302 399 162 31 hållande
486 410 44 20 av
553 401 207 36 statsbidrag
784 401 55 31 till
864 403 250 36 förrättningar
1138 404 108 36 enligt
1269 405 101 36 lagen
1394 406 65 30 den
1482 406 40 30 18
1545 407 78 35 juni
1647 407 84 31 1926
1755 409 58 36 (nr

304 442 75 37 326)
403 453 56 20 om
483 443 140 36 delning
646 455 44 19 av
713 445 75 35 jord
813 446 20 29 å
850 445 115 32 landet
988 447 91 35 finge
1103 447 120 37 bidrag
1246 449 85 35 utgå
1355 449 55 30 till
1433 449 216 32 bestridande
1665 461 43 20 av
1721 451 89 31 kost-

303 486 154 31 naderna
485 487 52 30 för
559 487 119 37 odling
701 488 55 31 till
779 489 83 31 åker
886 489 81 31 eller
990 492 67 34 äng
1092 501 45 20 av
1171 492 109 35 mark,
1316 502 72 21 som
1425 493 58 30 vid
1507 494 104 30 skifte
1634 495 178 36 upptagits

303 530 112 30 såsom
438 530 245 37 odlingsmark.

345 573 123 36 Enligt
502 574 17 30 6
544 574 18 38 $
584 575 13 30 i
621 575 84 30 1925
740 576 56 29 års
831 576 57 36 lag
923 577 144 31 rörande
1101 578 237 35 provskiftena
1370 580 109 30 skulle
1501 580 230 31 kostnaderna
1753 581 57 31 till

302 617 390 37 förrättningsmännen,
725 618 92 31 lösen
845 629 46 21 av
914 620 118 31 kartor
1054 621 62 30 och
1140 621 210 37 handlingar
1372 625 90 29 samt
1485 624 144 31 kostnad
1653 624 53 31 för
1729 627 81 35 väg-

301 660 263 37 anläggningar,
588 671 73 21 som
685 671 43 21 av
751 663 120 30 skiftet
892 663 189 37 föranletts,
1098 667 161 29 ävensom
1277 666 54 30 för
1347 666 216 37 utflyttning,
1579 677 74 22 som
1669 670 142 34 prövats

301 703 125 32 bereda
460 704 247 37 förmånligare
739 707 272 37 ägoanordning,
1045 708 119 36 gäldas
1198 718 43 21 av
1271 709 179 32 allmänna
1472 711 119 31 medel.
1638 712 171 31 Avsikten

301 747 77 31 med
403 748 258 31 bestämmelsen
685 749 86 31 hade
795 750 94 30 varit
912 752 51 29 att
986 751 122 31 bereda
1131 752 87 36 dem,
1242 763 72 20 som
1331 753 123 32 ställde
1468 754 53 36 sig
1537 754 55 31 till
1608 755 203 36 förfogande

301 791 53 30 för
378 791 96 31 dessa
497 792 224 36 provskiften,
745 793 171 31 särskilda
939 795 174 30 förmåner
1136 796 211 31 beträffande
1371 797 40 31 de
1435 798 190 36 kostnader,
1643 798 53 30 för
1711 798 98 31 vilka

301 834 122 36 bidrag
456 835 113 31 kunde
605 837 82 35 utgå
720 837 106 30 redan
861 837 108 37 enligt
1002 838 41 31 de
1078 839 59 30 vid
1172 839 117 36 lagens
1323 840 171 31 tillkomst
1517 841 54 31 för
1593 842 77 30 hela
1694 842 115 31 landet

301 877 160 37 gällande
495 879 198 35 grunderna
727 880 53 30 för
814 881 208 36 statsbidrag
1056 882 55 30 till
1143 882 463 39 lantmäteriförrättningar.
1652 884 157 38 Odlings-

300 921 123 37 bidrag
452 922 152 31 förekom
638 923 32 36 ej
694 923 44 31 då
760 925 87 30 utan
871 934 80 21 vore
974 935 41 21 en
1040 926 75 30 med
1141 927 82 30 1928
1247 928 57 29 års
1327 927 204 36 kungörelse
1553 929 115 31 införd
1691 930 117 36 nyhet,

299 974 72 21 som
396 965 87 31 hade
505 967 167 30 avseende
695 967 144 31 allenast
862 969 21 29 å
906 968 139 37 skiften,
1069 969 138 32 utförda
1230 970 109 37 enligt
1361 971 348 37 jorddelningslagen.

342 1078 132 37 Kungl.
512 1080 115 36 Maj:ts
662 1080 128 36 förslag
825 1091 101 21 avser
959 1091 58 27 nu,
1053 1084 52 29 att
1132 1083 303 32 bestämmelserna
1469 1095 55 20 om
1547 1085 259 38 odlingsbidrag

298 1131 12 29 i
334 1131 85 31 1928
444 1133 55 29 års
522 1132 204 36 kungörelse
749 1134 109 30 skulle
882 1136 100 33 göras
1005 1134 210 37 tillämpliga
1237 1136 133 35 jämväl
1393 1137 21 29 å
1438 1137 244 35 provskiftena.
1725 1137 82 31 Som

298 1183 112 30 motiv
444 1184 119 30 härför
597 1185 65 30 har
695 1185 179 36 åberopats
902 1186 104 31 bland
1030 1189 116 33 annat,
1171 1189 49 29 att
1242 1198 55 20 om
1314 1188 186 36 delägarna
1528 1189 12 30 i
1562 1189 190 36 provskifte
1774 1191 34 35 ej

299 1234 160 32 bereddes
490 1236 96 36 hjälp
621 1236 55 31 till
710 1237 179 36 nyodling,
924 1239 107 30 måste
1066 1239 240 37 lantmätaren,
1340 1241 38 30 så
1422 1241 96 36 långt
1541 1241 148 36 möjligt,
1725 1242 83 30 söka

300 1289 83 34 göra
418 1288 331 37 skiftesläggningen
776 1291 44 34 på
849 1291 49 29 ett
927 1290 120 31 sädant
1075 1292 78 34 sätt,
1181 1293 51 29 att
1255 1294 108 29 större
1386 1293 147 36 utbyten
1556 1293 127 31 mellan
1707 1294 100 31 odlad

298 1339 77 35 Jord
413 1340 61 30 och
512 1340 235 36 odlingsmark
783 1341 185 36 undvekes,
1007 1344 89 29 även
1134 1343 62 31 där
1235 1344 93 30 detta
1367 1354 42 20 ur
1448 1345 109 30 andra
1591 1346 220 36 synpunkter

300 1391 110 31 skulle
449 1392 92 30 varit
575 1392 66 31 den
669 1392 203 37 lyckligaste
895 1396 110 34 vägen
1029 1394 55 30 till
1107 1396 201 35 uppnående
1331 1406 45 20 av
1400 1406 41 21 en
1467 1397 151 36 verkligt
1642 1398 64 35 god
1730 1400 79 34 ägo-

299 1443 204 37 anordning.

344 1556 185 36 Utskottet,
554 1567 72 20 som
651 1557 150 31 biträder
824 1558 132 36 Kungl.
982 1559 117 35 Maj:ts
1122 1559 139 37 förslag,
1286 1560 209 36 hemställer,

742 1637 49 29 att
815 1636 182 35 riksdagen
1022 1638 57 29 må

740 1689 30 36 a)
794 1688 56 30 till
886 1688 217 31 bestridande
1137 1700 45 20 av
1217 1690 40 30 de
1292 1690 182 31 kostnader
1497 1691 54 31 för
1574 1692 79 36 laga
1675 1692 132 31 skiften

697 1739 108 36 enligt
839 1740 101 36 lagen
974 1740 64 31 den
1072 1741 40 30 30
1137 1742 89 35 april
1251 1742 84 30 1925
1360 1743 56 36 (nr
1440 1744 74 36 102)
1546 1744 144 30 rörande
1713 1745 92 30 vissa

697 1792 77 35 laga
806 1792 128 31 skiften
958 1792 93 31 inom
1075 1793 40 31 de
1139 1795 43 34 på
1205 1794 186 31 bekostnad
1415 1795 82 30 eller
1520 1796 77 31 med
1620 1796 185 31 understöd

697 1854 44 20 av
786 1846 111 28 staten
936 1845 217 31 storskiftade
1191 1846 141 31 delarna
1369 1857 45 20 av
1453 1847 243 37 Kopparbergs
1734 1848 73 36 län;

697 1896 96 30 vilka
831 1896 141 35 jämlikt
1005 1907 133 21 samma
1173 1898 56 36 lag
1264 1898 96 31 skola
1395 1899 118 36 gäldas
1546 1910 45 20 av
1626 1900 179 31 allmänna

696 1948 118 35 medel,
849 1949 124 30 anvisa
1007 1949 53 30 för
1096 1950 200 36 budgetåret
1328 1951 186 37 1930/1931
1543 1953 48 30 ett
1620 1954 94 29 extra
1738 1952 66 31 för-

697 2000 214 36 slagsanslag
936 2011 44 20 av
996 2001 139 35 100,000
1160 2002 140 35 kronor;

739 2051 34 38 b)
797 2052 171 36 medgiva,
992 2054 48 29 att
1061 2054 53 29 för
1130 2053 282 37 odlingskostnad
1429 2056 11 29 i
1457 2056 252 36 sammanhang
1726 2057 78 31 med

696 2104 102 30 skifte
821 2104 111 36 enligt
954 2105 152 31 nämnda
1130 2106 57 36 lag
1211 2106 121 36 bidrag
1348 2108 58 29 må
1422 2108 85 36 utgå
1522 2108 86 30 efter
1623 2109 181 31 enahanda

695 2156 160 35 grunder,
879 2166 73 21 som
976 2157 93 36 gälla
1092 2158 13 29 i
1130 2158 97 36 fråga
1250 2168 56 21 om
1330 2159 123 36 bidrag
1473 2159 55 31 till
1545 2160 97 36 dylik
1658 2161 147 31 kostnad

696 2208 11 30 i
731 2209 253 36 sammanhang
1008 2210 75 30 med
1105 2210 102 31 skifte
1231 2211 109 36 enligt
1363 2211 102 37 lagen
1486 2212 64 30 den
1566 2213 41 29 18
1624 2213 77 36 juni
1718 2214 85 30 1926

697 2265 54 32 (nr
776 2261 75 37 326)
886 2272 56 20 om
977 2262 140 36 delning
1152 2273 43 20 av
1229 2264 77 35 jord
1329 2265 21 29 å
1375 2264 126 36 landet,
1525 2266 90 29 samt
1633 2265 172 31 -bestridas

696 2313 79 30 från
798 2313 56 30 det
878 2314 11 29 i
914 2314 185 31 riksstaten
1122 2315 109 31 under
1255 2316 125 30 nionde
1396 2316 221 31 huvudtiteln
1634 2317 170 36 uppförda

695 2364 172 31 ordinarie
903 2364 302 39 förslagsanslåget
1238 2368 55 30 till
1328 2368 123 36 bidrag
1480 2369 54 30 till
1557 2369 247 37 utflyttnings-,

696 2417 313 37 väganläggnings-
1048 2418 60 31 och
1149 2419 320 37 odlingskostnader
1503 2421 11 29 i
1550 2421 255 36 sammanhang

695 2469 74 30 med
793 2470 139 30 skiften.
