1908 2842
334 165 39 30 54
665 167 396 32 Jordbruksutskottets
1090 167 188 33 utlåtande
1305 169 52 31 Nr
1381 166 51 42 1.4

81 250 178 23 Jordbrukar-
294 238 19 49 —
334 242 84 38 95:0)
452 242 453 39 Jordbrukarungdomens
933 243 167 33 förbund.
1147 245 219 31 Beträffande
1390 246 131 36 Kungl.
1545 246 118 36 Maj:ts
1687 247 108 31 under

89 286 160 63 Mana
290 294 108 35 punkt
433 295 40 30 94
508 295 121 36 gjorda
662 296 262 36 framställning
958 297 176 35 angående
1161 298 120 35 anslag
1305 297 54 31 för
1383 298 200 36 budgetåret
1608 296 186 43 1930/1931

129 354 81 39 [94.]
289 346 54 30 till
365 346 420 37 jordbrukarungdomens
809 348 148 31 förbund
980 349 63 30 har
1066 349 184 35 riksdagen
1273 349 104 31 redan
1402 350 105 30 fattat
1529 350 121 36 beslut,
1675 361 120 20 varom

288 398 163 31 utskottet
474 399 201 36 härigenom
700 400 93 30 velat

731 478 122 30 erinra.

63 599 207 30 Landsbygdens
332 588 83 37 96:0)
432 587 276 40 Landsbygdens
725 588 275 41 elektrifiering.
1032 590 220 31 Beträffande
1275 591 132 36 Kungl.
1424 591 117 37 Maj:ts
1559 592 110 30 under
1685 592 110 35 punkt

71 633 198 31 elektrifiering.
289 640 39 30 95
353 640 121 36 gjorda
497 640 261 37 framställning
781 641 175 35 angående
979 642 121 36 anslag
1124 642 53 31 för
1194 643 199 36 budgetåret
1409 642 185 42 1930/1931
1612 644 55 30 till
1685 644 111 31 lands-

288 692 150 36 bygdens
472 692 248 36 elektrifiering
753 693 62 30 har
850 693 185 37 riksdagen
1066 694 105 31 redan
1204 695 103 31 fattat
1339 695 121 35 beslut,
1484 706 120 20 varom
1629 696 167 31 utskottet

288 743 200 37 härigenom
511 744 92 31 velat

731 815 124 30 erinra.

329 959 578 48 Egnahemsbildning,
935 961 368 37 kolonisation
1333 961 99 37 och
1462 961 289 47 grundför-

790 1030 317 48 bättringar
1136 1042 66 25 m.
1232 1043 65 24 m.

70 1146 105 23 Statens
194 1154 74 22 eyna-
304 1131 14 56 —
330 1141 83 37 97:0)
449 1140 144 33 Statens
617 1135 355 46 egnahemsstyrelse.
1020 1143 78 31 Med
1122 1143 244 36 tillstyrkande
1389 1153 45 20 av
1458 1143 98 30 bifall
1580 1143 56 30 till
1660 1143 133 36 Kungl.

66 1180 130 73 PIg6
286 1192 115 36 Maj:ts
425 1193 108 31 under
556 1194 111 35 punkt
691 1195 40 29 96
756 1195 119 35 gjorda
898 1195 260 36 framställning
1183 1195 200 31 hemställer
1406 1195 174 36 utskottet,

728 1274 52 29 att
803 1272 184 36 riksdagen
1009 1274 56 29 må
1089 1274 125 30 liksom
1238 1274 52 30 för
1306 1274 232 30 innevarande
1554 1274 168 36 budgetår
1738 1274 55 31 till

684 1326 130 29 statens
836 1325 327 36 egnahemsstyrelse
1179 1326 122 30 anvisa
1318 1326 54 30 för
1389 1326 200 35 budgetåret
1605 1324 187 43 1930/1931

684 1377 49 30 ett
756 1378 97 28 extra
877 1377 267 36 förslagsanslag
1167 1388 45 19 av
1237 1377 116 36 39,500
1377 1378 136 30 kronor.

67 1493 199 40 Förvaltnings-
329 1488 82 36 —98:0)
436 1487 387 40 Förvaltningsbidrag
838 1487 61 32 till
916 1487 504 40 egnahemslåneförmedlare.
1455 1489 78 31 Med
1550 1489 243 36 tillstyrkande

57 1528 209 64 ognahosståne.
284 1549 43 21 AV
350 1539 101 31 bifall
476 1540 54 30 till
554 1540 133 36 Kungl.
713 1540 116 36 Maj:ts
852 1540 110 31 under
985 1541 110 35 punkt
1119 1541 40 30 97
1182 1541 120 35 gjorda
1319 1541 258 37 framställning
1593 1542 201 31 hemställer

81 1598 165 29 förmedlare.
284 1592 172 36 utskottet,

123 1633 84 38 [97.]
728 1663 52 30 att
804 1662 185 36 riksdagen
1012 1664 57 29 må
1093 1663 125 30 liksom
1235 1663 53 30 för
1304 1664 234 30 innevarande
1553 1663 171 37 budgetår
1741 1664 52 31 för

684 1714 224 31 utlämnande
944 1715 53 30 för
1031 1715 84 30 1930
1150 1725 45 20 av
1228 1715 357 36 förvaltningsbidrag
1614 1716 55 30 till
1694 1725 99 27 egna-

684 1766 384 31 hemslåneförmedlare
1092 1767 121 30 anvisa
1237 1767 54 30 för
1314 1767 201 36 budgetåret
1538 1766 187 42 1930/1931
1745 1770 49 29 ett

682 1820 97 29 extra
803 1818 269 37 förslagsanslag
1095 1830 45 19 av
1165 1820 138 35 985,000
1328 1820 134 30 kronor.

75 1938 170 28 Statsbidrag
328 1929 84 37 99:0)
438 1927 226 41 Statsbidrag
688 1929 62 31 till
774 1927 411 43 hushållningssällskap
1210 1929 59 32 för
1279 1931 514 40 jordanskaffningsverksam-

64 1972 63 65 Fo
128 1969 51 73 rn
210 1973 51 65 el
285 1980 60 32 het
362 1979 496 41 (jordanskaffningsbidrag).
905 1982 79 31 Med
1007 1982 244 37 tillstyrkande
1274 1994 45 19 av
1337 1984 102 30 bifall
1455 1984 55 30 till
1527 1984 132 36 Kungl.
1677 1984 116 36 Maj:ts

82 2043 41 28 för
136 2042 112 31 jordan-
283 2033 106 31 Under
413 2033 111 35 punkt
547 2033 40 30 98
612 2033 122 36 gjorda
759 2034 258 36 framställning
1041 2034 199 32 hemställer
1263 2036 174 35 utskottet,

74 2078 42 56 bör
123 2078 120 58 Kar.
726 2113 51 28 att
802 2111 185 37 riksdagen
1012 2113 56 29 må
1091 2112 123 31 liksom
1239 2113 52 30 för
1307 2114 233 30 innevarande
1556 2114 169 35 budgetår
1742 2114 51 30 för

123 2143 82 62 [98.1]
683 2163 224 31 utlämnande
931 2164 53 30 för
1009 2164 83 30 1930
1113 2175 45 19 av
1174 2165 206 36 statsbidrag
1398 2166 54 30 till
1469 2166 325 36 hushållningssäll-

683 2216 84 35 skap
792 2216 52 30 för
866 2215 542 37 jordanskaffningsverksamhet
1431 2218 121 30 anvisa
1576 2218 54 30 för
1654 2218 140 36 budget-

681 2268 76 30 året
781 2266 186 42 1930/1931
992 2270 48 29 ett
1062 2270 98 29 extra
1176 2269 270 36 förslagsanslag
1462 2280 44 19 av
1523 2269 118 36 30,000
1657 2270 135 31 kronor.

57 2382 149 23 Premielån
222 2383 44 22 titt
301 2366 14 51 —
328 2371 106 37 100:0)
459 2370 204 33 Premielån
688 2371 62 32 till
775 2371 377 40 egnahemslåntagare
1176 2371 58 31 för
1250 2372 203 39 nyodlings-
1470 2373 63 30 och
1552 2373 243 40 nybyggnads-

66 2417 194 29 egnahemslån-
284 2423 157 30 arbeten.
479 2423 117 31 Under
619 2424 113 35 punkt
756 2424 40 30 99
820 2423 64 31 har
907 2423 132 36 Kungl.
1066 2424 98 36 Maj:t
1188 2425 177 36 föreslagit
1389 2425 183 36 riksdagen
1596 2427 51 29 att
1673 2426 52 30 för
1744 2429 51 28 ut-

57 2453 89 28 tagare
165 2452 42 29 för
221 2462 45 21 ny-
299 2477 14 5 ...
676 2477 59 7 =E
808 2476 6 6 .
1075 2478 7 8 2
1276 2479 14 5 -
1443 2477 5 6 S

66 2487 116 31 odlings-
203 2491 46 22 och
286 2475 179 30 lämnande
500 2485 44 21 av
576 2476 191 35 premielån
791 2475 55 31 till
870 2476 365 36 egnahemslåntagare
1259 2478 52 29 för
1335 2477 196 36 nyodlings-
1555 2478 61 30 och
1641 2478 154 36 nybygg-
