1922 2840
35 1123 166 25 Innebörden
212 1132 29 15 av

36 1158 97 32 Kungl.
148 1159 93 31 Maj:ts

82 1194 108 31 förslag.

306 158 18 29 2
641 152 392 34 Jordbruksutskottets
1055 151 187 32 utlåtande
1264 150 53 32 Nr
1341 151 31 31 1.

685 258 43 30 A.
774 255 218 32 Ordinarie
1014 253 325 37 avlöningsstat.

260 329 218 35 Avlöningar
500 327 54 31 till
577 326 173 32 ordinarie
773 326 216 36 tjänstemän,
1012 323 278 37 förslagsanslag
1312 346 126 6 ............
1463 322 127 31 kronor
1614 321 142 36 121,100

260 381 220 35 Avlöningar
501 379 57 31 till
582 377 262 32 icke-ordinarie
867 375 342 37 befattningshavare
1233 384 45 21 m.
1303 384 56 26 m.,
1376 375 69 35 för-

304 423 76 51 SlQg
392 432 125 37 SUNSlAG
532 456 44 4 552.
582 450 853 10 :s2ss0s0msrnssinsusisss
832 423 71 51 press
921 423 74 51 sd
1014 423 109 51 NENNoeEse
1138 423 39 51 Neo
1179 423 30 51 ser
1211 423 68 51 sense
1288 423 20 51 sR
1310 423 46 51 SNS
1364 423 74 51 SNNENGS
1517 436 17 18 »
1636 425 117 36 21,500

260 484 206 33 Avlönande
499 493 45 21 av
578 493 42 21 en
655 483 97 31 extra
776 480 243 37 föredragande
1047 480 62 30 hos
1132 479 300 36 regeringsrätten,

302 535 279 39 förslagsanslag
604 527 589 51 —::=::sssmsmsssssnIamnmsssssspesrswsrsses
1200 555 242 5 svenne
1527 540 14 17 »
1668 529 100 35 9,500

1150 600 290 37 Förslagsanslag
1462 600 127 31 kronor
1613 599 151 36 152,100.

809 723 39 31 B.
894 721 329 38 Övergångsstat.

260 797 230 36 Avlöningar,
514 794 277 38 förslagsanSslag
833 814 603 8 —.emseemransesrsrsnsrrsenarssererenesenesrnrnnnsnenn
1461 791 128 30 kronor
1635 788 130 37 36,600.

303 911 227 32 Härförutom
552 908 111 31 finnes
686 907 54 30 för
756 904 231 33 innevarande
1007 904 170 37 budgetår
1193 903 108 31 under
1318 903 268 36 departementet
1602 903 162 35 upptaget

255 965 48 30 ett
337 965 100 30 extra
470 961 124 37 anslag
617 961 21 30 å
662 960 95 35 2,000
781 959 126 30 kronor
930 957 55 31 till
1008 956 187 32 kostnader
1218 956 53 30 för
1295 955 249 36 renskrivning
1569 964 45 21 m.
1640 964 44 21 m.
1710 954 58 30 för

257 1012 420 40 regeringsrättsärenden.

302 1117 236 34 Förevarande
573 1115 260 35 framställning
861 1123 97 21 avser
981 1113 76 31 dels
1080 1111 209 37 uppförande
1312 1111 13 30 i
1348 1109 416 38 jordbruksdepartemen-

259 1174 63 30 tets
356 1172 69 30 stat
457 1180 45 21 av
535 1179 42 20 en
610 1167 163 38 byråchef
809 1166 55 31 för
894 1165 217 37 lagärenden,
1143 1164 74 31 dels
1244 1173 43 21 en
1310 1163 146 36 höjning
1480 1162 12 30 i
1515 1161 57 31 det
1595 1161 13 31 i
1630 1170 134 21 samma

259 1226 67 30 stat
348 1222 167 38 ingående
538 1220 175 32 ordinarie
735 1219 156 35 anslaget
912 1217 56 31 till
991 1217 74 30 icke
1089 1215 172 32 ordinarie
1283 1213 343 37 befattningshavare
1649 1223 44 20 m.
1715 1222 46 21 m.

258 1276 77 32 med
370 1275 94 36 6,000
497 1274 136 34 kronor,
667 1280 108 21 varav
810 1270 95 35 2,000
938 1269 127 30 kronor
1098 1268 44 36 på
1169 1266 113 37 grund
1305 1276 47 21 av
1374 1265 107 32 ökade
1503 1264 182 31 kostnader
1708 1265 55 30 för

258 1327 245 35 renskrivning
525 1325 63 31 och
612 1323 95 36 4,000
731 1323 126 30 kronor
879 1321 52 31 för
952 1322 52 29 att
1027 1320 206 36 möjliggöra
1256 1317 215 32 anställande
1493 1327 45 20 av
1561 1317 204 36 ytterligare

258 1392 42 21 en
323 1388 198 24 amanuens.
567 1376 128 32 Vidare
718 1374 188 31 innefattar
929 1372 163 36 förslaget
1115 1370 215 37 upptagande
1355 1370 12 30 i
1390 1369 288 37 departementets
1694 1369 69 30 stat

258 1444 43 21 av
324 1433 57 31 det
403 1432 54 30 för
479 1427 217 34 närvarande
718 1428 112 29 såsom
853 1425 140 31 särskilt
1015 1425 100 30 extra
1137 1423 119 36 anslag
1279 1422 168 36 uppförda
1462 1421 155 35 anslaget
1633 1421 20 30 å
1666 1420 95 35 2,000

258 1486 127 30 kronor
407 1484 56 30 till
485 1479 181 34 kostnader
689 1479 52 30 för
758 1477 243 35 renskrivning
1018 1486 45 20 m.
1081 1485 45 21 m.
1144 1475 53 30 för
1213 1472 425 38 regeringsrättsärenden.
1672 1472 90 31 Slut-

257 1538 95 36 ligen
390 1535 144 31 innebär
556 1532 165 36 förslaget
743 1540 42 21 en
808 1529 173 35 sänkning
1004 1538 44 20 av
1072 1527 306 36 övergångsstaten
1401 1525 78 31 med
1503 1525 96 35 7,200
1624 1524 139 30 kronor.

257 1590 51 31 På
331 1588 114 38 grund
467 1597 44 21 av
535 1586 50 30 att
608 1594 41 21 en
672 1593 44 21 av
740 1582 40 31 de
803 1581 76 32 däri
901 1579 166 38 uppförda
1091 1579 106 31 andre
1212 1578 353 30 kanslisekreterarna
1581 1577 182 30 utnämnts

257 1642 56 32 till
336 1650 117 22 annan
476 1637 195 35 befattning
694 1634 115 31 kunde
831 1633 176 36 nämligen
1031 1631 158 31 därifrån
1210 1629 140 31 avföras
1373 1639 43 20 en
1432 1628 106 31 sådan
1554 1627 206 36 befattning.

300 1743 221 34 Beträffande
544 1741 66 32 den
625 1739 193 35 föreslagna
834 1735 490 39 lagbyråchefsbefattningen
1339 1735 39 29 är
1394 1734 50 29 att
1459 1732 122 30 märka
1597 1731 167 36 följande.

300 1798 123 35 Enligt
456 1793 133 37 Kungl.
621 1792 117 35 Maj:ts
761 1790 119 36 stadga
903 1789 63 31 den
988 1789 41 29 22
1054 1787 78 36 juni
1156 1786 83 31 1920
1264 1787 55 36 (nr
1343 1785 76 37 333)
1443 1783 176 37 angående
1642 1783 120 31 fördel-

257 1852 85 35 ning
365 1860 44 21 av
433 1846 149 33 ärenden
604 1844 128 31 mellan
768 1841 360 36 statsdepartementen
1159 1838 87 31 skall
1271 1838 12 30 i
1306 1836 455 38 jordbruksdepartementet

257 1903 213 35 handläggas
491 1893 397 42 lagstiftningsärenden,
912 1903 70 20 som
1004 1893 92 34 angå
1118 1892 122 35 skogar
1262 1890 63 30 och
1348 1888 198 37 skogsvård,
1569 1888 195 30 naturmin-

256 1954 206 33 nesmärken
485 1951 62 31 och
570 1947 290 37 nationalparker.
905 1944 111 32 Bland
1039 1944 121 36 dylika
1182 1943 95 35 lagar
1301 1942 137 30 märkas
1454 1941 178 30 allmänna
1649 1939 112 36 skogs-

256 2007 206 35 vårdslagen
495 2003 91 31 samt
620 2001 141 36 lagarna
796 2008 55 21 om
884 1996 281 36 nationalparker
1196 1994 62 31 och
1281 2004 56 21 om
1361 1991 403 33 naturminnesmärken.

256 2058 133 33 Härtill
424 2057 138 30 komma
588 2051 336 38 följdförfattningar
946 2049 57 30 till
1019 2048 120 36 dylika
1155 2047 106 36 lagar.
1296 2044 465 36 Jordbruksdepartementet

256 2112 64 30 har
343 2111 13 30 i
379 2109 114 35 övrigt
516 2108 51 30 att
590 2104 120 32 bereda
732 2103 63 31 och
819 2102 156 31 utarbeta
990 2101 97 35 lagar
1103 2110 44 20 av
1164 2098 198 31 ekonomisk
1385 2098 114 34 natur,
1524 2106 73 20 som
1621 2095 30 36 ej
1676 2095 86 30 falla

256 2163 108 32 under
387 2163 17 37 $
428 2161 39 31 87
492 2157 319 38 regeringsformen,
835 2157 160 28 ävensom
1021 2152 258 34 författningar,
1304 2159 73 21 som
1401 2149 30 36 ej
1456 2151 60 28 äro
1539 2149 52 29 att
1613 2147 148 31 hänföra

255 2216 56 31 till
335 2215 132 31 allmän
490 2213 67 35 lag,
581 2211 12 30 i
617 2209 66 31 den
705 2210 82 29 mån
811 2207 95 31 dessa
927 2206 120 30 beröra
1071 2203 282 37 departementets
1376 2195 386 45 förvaltningsområde.

298 2268 68 30 För
389 2266 41 31 de
452 2264 187 35 viktigaste
662 2257 453 38 författningsföreskrifter,
1139 2265 73 22 som
1234 2254 147 31 sålunda
1404 2253 186 31 ankomma
1613 2252 43 36 på
1672 2251 88 36 jord-

254 2316 386 38 bruksdepartementet,
664 2314 63 30 har
754 2314 159 28 närmare
936 2309 211 36 redogörelse
1170 2307 149 30 lämnats
1343 2306 12 30 i
1380 2303 379 37 statsrådsprotokollet.

299 2373 57 30 Av
390 2365 371 38 statsrådsprotokollet
795 2364 173 30 inhämtas
1002 2361 131 35 vidare,
1168 2361 50 29 att
1242 2359 12 30 i
1276 2358 66 31 den
1377 2359 90 33 mån,
1492 2366 73 21 som
1589 2356 107 31 under
1719 2356 40 30 de

256 2434 118 22 senare
407 2424 81 29 åren
523 2415 414 38 författningsärendenas
970 2414 97 31 antal
1100 2413 110 34 vuxit,
1242 2410 56 31 det
1330 2411 92 30 visat
1452 2409 53 36 sig
1529 2408 158 36 omöjligt
1709 2408 51 30 att

256 2475 76 33 med
365 2472 281 39 departementets
678 2468 172 32 ordinarie
882 2466 155 37 personal
1070 2483 43 4 —
1145 2474 71 21 som
1249 2463 11 30 i
1292 2463 98 35 varje
1413 2461 63 31 fall
1500 2461 13 30 i
1538 2461 109 30 första
1667 2458 92 32 hand
