1898 2852
521 163 106 28 Andra
648 162 221 34 lagutskottets
888 160 163 28 utlåtande
1071 159 46 28 Nr
1143 162 46 26 13.
1561 153 37 29 138

152 241 166 33 Utskottet
336 240 202 42 hemställde,
559 243 49 29 att
625 239 174 38 riksdagen
817 237 80 32 ville
913 237 12 31 i
943 236 157 33 skrivelse
1117 235 53 32 till
1188 234 127 38 Kungl.
1336 232 101 38 Maj:
1454 231 143 40 anhålla,

106 299 48 30 att
177 296 127 39 Kungl.
327 295 109 41 Maj:t,
458 295 102 31 under
580 292 182 33 beaktande
783 304 41 20 av
845 291 12 31 i
880 290 175 32 utskottets
1076 288 170 32 utlåtande
1267 286 140 32 anförda
1428 284 169 39 synpunk-

104 355 58 35 ter,
184 351 125 32 täcktes
333 349 69 32 låta
422 347 181 33 verkställa
624 345 176 39 utredning
821 348 130 29 snarast
970 342 130 39 möjligt
1121 341 136 32 rörande
1277 339 141 33 revision
1438 351 41 19 av
1501 338 95 38 lagen

105 415 52 20 om
180 403 123 32 allmän
328 400 342 40 pensionsförsäkring
693 399 57 32 och
773 399 55 32 för
852 398 174 37 riksdagen
1052 395 186 37 framlägga
1263 394 38 31 de
1326 393 134 40 förslag,
1485 390 113 33 vartill

105 456 217 39 utredningen
342 456 65 32 kan
429 455 179 32 föranleda.

152 510 192 38 Riksdagen
368 510 102 32 beslöt
493 509 11 31 i
527 508 144 38 enlighet
696 507 71 32 med
791 506 175 32 utskottets
990 504 205 32 hemställan.

151 609 18 32 I
194 608 178 39 anledning
398 620 40 20 av
466 608 192 38 riksdagens
683 605 197 33 sistberörda
907 603 247 38 framställning
1179 602 139 32 tillsatte
1345 601 126 38 Kungl.
1500 599 100 38 Maj:t
1610 608 70 26 1928
1692 608 51 27 års
1753 616 71 26 pen-

263 663 5 4 2
310 663 5 5 oas
631 660 53 8 Sr
910 671 6 5 .
1170 661 13 4 -
1425 659 12 4 sv
1492 654 5 5 9:
1614 642 201 27 sionsförsäk-

106 662 62 33 den
191 664 42 31 30
256 663 63 37 juli
346 663 83 31 1928
455 673 39 21 en
517 661 171 32 kommitté
711 659 72 32 med
807 658 152 39 uppdrag
984 661 49 29 att
1056 656 180 33 verkställa
1260 668 40 19 en
1325 654 199 38 fullständig
1548 656 51 29 ut-
1631 677 171 32 ringskom-

107 716 137 38 redning
268 716 136 32 rörande
430 715 139 32 revision
595 726 41 20 av
661 711 466 41 pensionsförsäkringslagen.
1152 709 68 32 Vid
1245 708 210 33 kommitténs
1480 707 119 33 tillsät-
1670 710 98 27 mitté.

107 770 97 32 tande
230 769 136 32 anförde
393 768 115 32 chefen
535 768 51 32 för
612 767 355 37 socialdepartementet
993 764 84 32 efter
1103 763 200 37 redogörelse
1331 764 51 30 för
1408 761 38 32 de
1475 760 126 37 förslag

106 835 52 21 om
181 823 140 39 ändring
344 835 42 19 av
408 822 142 32 nämnda
573 822 66 40 lag,
663 832 67 21 som
754 820 75 31 från
852 819 109 32 skilda
982 817 70 32 håll
1077 816 181 41 framförts,
1284 815 158 38 följande:

153 889 54 32 Av
229 890 61 32 den
312 902 43 19 nu
376 889 150 32 lämnade
549 887 222 39 redogörelsen
793 886 156 41 framgår,
973 888 48 29 att
1043 885 74 31 från
1140 883 90 32 olika
1248 881 71 32 håll
1341 880 187 38 föreslagits
1551 882 49 28 ut-

109 934 136 39 redning
265 934 156 38 antingen
444 934 135 31 rörande
600 933 60 32 den
681 932 167 32 allmänna
868 928 382 41 pensionsförsäkringen
1270 927 11 31 i
1301 927 72 31 dess
1393 924 110 32 helhet
1524 923 78 33 eller

108 979 210 33 beträffande
346 978 163 32 särskilda
539 978 53 32 till
621 977 187 32 densamma
835 975 143 32 hörande
1006 974 121 37 frågor.
1182 972 105 32 Dessa
1315 968 286 38 framställningar

108 1036 99 26 synas
231 1024 67 39 mig
318 1024 79 38 giva
416 1023 56 32 vid
492 1023 139 40 handen,
652 1025 49 28 att
723 1021 72 32 med
816 1032 39 20 en
877 1019 96 39 dylik
993 1017 175 38 utredning
1188 1017 72 31 icke
1282 1015 113 38 längre
1416 1014 57 32 bör
1496 1012 105 33 anstå.

108 1069 71 32 Den
201 1069 195 40 erfarenhet,
421 1080 67 20 som
509 1067 135 32 vunnits
667 1066 98 32 sedan
787 1065 61 32 den
871 1076 43 19 nu
937 1063 152 39 gällande
1110 1059 382 41 pensionsförsäkringen
1514 1056 87 33 träd-

107 1115 39 31 de
169 1115 12 31 i
205 1114 103 40 kraft,
334 1113 92 39 giver
449 1112 55 32 vid
528 1112 139 40 handen,
692 1114 49 29 att
767 1108 142 33 nämnda
934 1107 189 38 försäkring
1145 1109 82 28 trots
1251 1104 39 32 de
1316 1103 178 38 ändringar
1519 1101 81 40 där,

108 1171 67 20 som
197 1159 57 32 vid
276 1158 89 32 olika
386 1157 159 32 tillfällen
566 1155 211 41 genomförts,
802 1159 36 27 är
859 1152 158 33 behäftad
1039 1152 71 31 med
1133 1150 90 32 vissa
1243 1149 127 32 brister.
1394 1147 105 32 Dessa
1520 1145 80 33 bris-

107 1208 49 28 ter
179 1204 90 32 torde
294 1203 72 32 icke
388 1202 113 32 kunna
524 1200 197 38 undanröjas
745 1203 80 28 utan
851 1210 39 20 en
914 1196 193 39 föregående
1131 1193 200 38 fullständig
1353 1191 176 38 utredning
1553 1194 48 27 rö-

108 1248 99 32 rande
232 1245 481 41 pensionsförsäkringsfrågan
738 1244 12 31 i
775 1243 75 32 hela
877 1243 71 31 dess
972 1241 89 32 vidd.
1088 1239 93 32 Även
1208 1239 38 32 de
1272 1238 72 31 med
1372 1235 229 38 försäkringen

109 1293 163 41 förenade,
297 1292 149 32 växande
469 1290 219 33 kostnaderna
712 1289 52 31 för
789 1288 54 32 det
867 1287 167 32 allmänna
1057 1296 99 27 synas
1181 1283 157 32 motivera
1361 1293 39 21 en
1426 1274 175 52 undersök-

109 1339 79 38 ning
211 1336 211 33 beträffande
447 1335 244 37 försäkringens
714 1332 144 39 grunder
880 1331 58 32 och
963 1331 38 31 de
1025 1330 69 31 med
1120 1329 188 31 densamma
1332 1325 152 33 förenade
1510 1335 91 26 orga-

108 1382 198 33 nisatoriska
329 1381 196 39 problemen.

153 1426 232 38 Huvudsyftet
407 1425 71 32 med
501 1425 61 31 den
582 1423 139 32 sålunda
741 1421 171 32 förordade
932 1419 216 38 utredningen
1169 1430 107 28 synes,
1300 1417 105 32 såsom
1427 1416 174 37 riksdagen

110 1471 195 41 framhållit,
330 1471 78 31 böra
431 1481 79 20 vara
535 1472 49 29 att
607 1468 72 31 med
702 1467 61 32 den
788 1465 195 40 erfarenhet,
1008 1475 67 20 som
1101 1462 133 32 vunnits
1258 1462 103 31 under
1383 1459 218 40 pensionsför-

109 1516 193 37 säkringens
326 1513 221 41 tillämpning,
570 1511 193 40 undersöka,
787 1512 11 30 i
822 1509 94 32 vilka
937 1508 178 32 avseenden
1139 1518 44 20 nu
1206 1506 154 38 gällande
1383 1506 56 37 lag
1460 1505 11 30 1
1495 1507 107 29 ämnet

110 1562 56 31 bör
185 1560 216 32 underkastas
423 1557 177 38 ändringar
621 1557 51 31 för
691 1559 49 28 att
757 1555 113 31 kunna
891 1554 42 37 på
952 1553 94 31 bästa
1067 1551 135 37 möjliga
1221 1554 65 27 sätt
1304 1549 173 38 tillgodose
1498 1550 105 31 denna

108 1605 231 39 lagstiftnings
364 1603 99 38 syfte.

155 1650 129 31 Härvid
314 1649 102 32 måste
445 1648 135 32 beaktas
610 1647 28 37 ej
667 1647 84 32 blott
781 1646 60 31 den
871 1645 162 31 enskildes
1062 1644 135 31 intresse
1227 1646 49 28 att
1305 1640 127 33 erhålla
1459 1638 143 34 effektiv

109 1695 92 39 hjälp
220 1695 57 32 vid
299 1694 164 32 ålderdom
482 1693 79 31 eller
581 1691 188 32 invaliditet
786 1694 82 28 utan
887 1694 81 27 även
988 1688 188 32 samhällets
1197 1687 136 31 intresse
1352 1688 48 30 att
1419 1685 38 32 de
1475 1683 126 40 bördor,

110 1752 68 19 som
201 1740 11 31 i
236 1739 89 32 detta
348 1738 91 38 syfte
463 1737 160 38 påläggas
647 1737 53 31 det
724 1735 176 41 allmänna,
926 1735 50 31 stå
1000 1734 11 31 i
1035 1732 126 38 rimligt
1186 1730 206 33 förhållande
1416 1729 53 32 till
1494 1729 39 32 de
1556 1739 46 20 re-

110 1784 112 41 sultat,
248 1796 68 19 som
340 1784 103 30 ernås.
470 1782 60 32 Ett
553 1780 253 39 tillgodoseende
831 1791 41 20 av
897 1777 227 33 förstnämnda
1148 1776 137 32 intresse
1308 1775 91 32 torde
1426 1770 176 48 förutsätta

109 1828 254 40 undersökning,
388 1826 165 32 huruvida
576 1824 311 40 pensionsbeloppen
911 1824 79 31 böra
1014 1827 95 33 göras
1133 1820 156 32 beroende
1313 1832 41 19 av
1380 1814 222 47 levnadskost-

110 1873 143 32 naderna
277 1874 19 30 å
319 1872 89 32 olika
431 1875 94 28 orter.
552 1870 74 32 Med
649 1870 131 37 hänsyn
803 1868 53 32 till
880 1867 189 32 samhällets
1094 1866 136 31 intresse
1254 1869 36 26 är
1315 1864 54 31 det
1391 1862 210 39 nödvändigt,

111 1922 48 28 att
187 1917 160 38 ställning
373 1920 90 34 tages
492 1915 53 32 till
574 1915 127 40 frågan,
728 1912 166 32 huruvida
921 1910 227 33 huvudvikten
1174 1909 56 31 vid
1260 1907 228 37 försäkringen
1517 1905 86 33 skall

111 1962 115 37 läggas
252 1962 42 37 på
320 1960 116 37 bidrag
463 1959 74 31 från
562 1959 38 31 de
629 1957 190 33 försäkrade
844 1956 79 31 eller
950 1955 74 31 från
1050 1954 53 31 det
1128 1953 177 32 allmänna.
1331 1952 18 30 I
1376 1951 88 31 detta
1489 1950 113 31 hänse-

111 2006 79 32 ende
217 2005 57 32 bör
302 2004 135 32 särskilt
465 2004 135 31 beaktas
627 2001 259 32 önskvärdheten
914 2012 41 19 av
983 2003 49 27 att
1058 1998 53 32 det
1138 1997 183 32 allmännas
1350 1995 176 32 understöd
1554 1994 48 31 så-

110 2051 63 31 vitt
196 2050 130 38 möjligt
350 2049 52 31 får
425 2048 197 32 karaktären
646 2059 40 19 av
708 2045 92 38 hjälp
823 2044 53 32 till
901 2042 188 39 självhjälp.
1112 2041 61 32 Ett
1196 2040 185 38 avgörande
1403 2038 199 32 härutinnan

109 2095 91 32 torde
223 2095 28 37 ej
275 2094 113 32 kunna
411 2092 123 32 träffas
558 2096 80 27 utan
663 2102 39 20 en
725 2088 244 38 undersökning
992 2086 135 32 rörande
1153 2083 357 40 folkpensioneringens
1533 2093 69 20 ver-

110 2140 65 31 kan
194 2140 11 31 i
224 2137 232 39 psykologiskt
474 2136 157 33 avseende
649 2135 58 32 och
727 2134 140 32 framför
887 2132 61 33 allt
967 2132 70 31 dess
1059 2130 165 38 betydelse
1244 2130 51 31 för
1313 2129 38 31 de
1369 2127 166 33 enskildas
1555 2126 47 31 in-

111 2188 99 27 tresse
239 2187 48 28 alt
315 2182 106 38 själva
448 2181 86 38 sörja
564 2181 50 31 för
641 2180 49 31 sin
718 2178 176 32 ålderdom.
923 2176 144 33 Härmed
1096 2174 271 37 sammanhänger
1394 2172 12 31 i
1432 2172 68 32 viss
1528 2171 75 31 mån

112 2228 129 41 frågan,
274 2226 165 32 huruvida
469 2226 60 31 den
560 2223 153 39 gällande
743 2219 382 41 pensionsförsäkringen
1157 2223 126 33 öppnar
1313 2216 206 38 möjligheter
1553 2215 50 31 för

112 2271 125 32 mindre
262 2269 209 39 nogräknade
496 2269 137 31 element
659 2271 48 28 att
733 2278 115 26 genom
874 2264 143 37 oriktiga
1042 2262 171 39 uppgifter
1238 2262 79 31 eller
1342 2262 43 37 på
1411 2264 100 27 annat
1538 2262 63 28 sätt

111 2316 175 32 tillskansa
303 2315 51 37 sig
371 2313 222 38 oberättigade
613 2311 152 32 fördelar.

158 2359 208 32 Undersökas
392 2358 56 30 bör
475 2361 81 27 även
582 2354 192 39 spörsmålet
798 2352 165 32 huruvida
987 2351 190 38 skyldighet
1202 2350 56 31 bör
1284 2349 136 37 åläggas
1446 2346 156 38 arbetsgi-

111 2415 77 20 vare
212 2407 48 28 att
284 2403 11 30 i
319 2403 105 36 någon
451 2400 84 32 form
558 2400 138 38 bidraga
718 2397 53 32 till
799 2397 188 37 försäkring
1011 2408 39 19 av
1076 2396 58 30 hos
1158 2395 72 31 dem
1255 2392 165 33 anställda
1442 2402 160 27 personer.

111 2448 126 32 Tillika
262 2447 57 32 bör
341 2446 140 40 utredas,
505 2456 51 20 om
580 2444 57 31 och
660 2444 84 30 efter
766 2442 92 31 vilka
880 2440 141 37 grunder
1044 2439 53 32 det
1120 2438 183 32 allmännas
1327 2436 175 32 kostnader
1525 2435 76 32 böra

113 2492 141 32 fördelas
283 2490 120 32 mellan
431 2492 102 28 staten
563 2488 55 31 och
651 2488 243 32 kommunerna,
924 2484 113 31 därvid
1069 2482 94 33 alltid
1193 2483 100 30 måste
1323 2481 203 39 förutsättas,
1555 2482 48 28 att
