1878 2780
412 169 122 29 Första
553 168 247 39 lagutskottets
819 168 178 30 utlåtande
1015 177 43 20 nr
1075 168 42 29 28
1134 167 39 30 år
1194 166 81 31 1957
1557 165 41 30 29

88 261 45 21 av
157 253 64 29 den
244 254 10 29 i
278 253 98 29 Paris
400 253 66 29 den
491 253 38 29 13
554 252 145 30 oktober
726 253 82 29 1919
832 252 179 29 avslutade
1035 251 259 30 konventionen
1320 250 178 39 angående
1522 258 73 31 reg-

92 303 110 39 lering
227 313 41 20 av
290 303 260 30 internationell
574 303 151 34 luftfart,
750 302 51 30 till
824 302 117 30 vilken
967 302 137 39 Sverige
1127 301 83 40 givit
1234 302 54 29 sin
1312 300 203 40 anslutning
1541 309 54 31 ge-

92 363 83 20 nom
192 354 125 39 Kungl.
335 354 123 39 Maj:ts
475 353 114 31 beslut
606 354 66 29 den
693 354 37 29 12
747 353 66 40 juli
833 353 93 29 1927.
953 353 6 29 I
977 353 170 29 samband
1165 353 78 29 med
1261 352 57 29 det
1337 352 110 30 andra
1462 351 133 30 världs-

94 404 113 40 kriget
240 404 64 30 har
337 404 194 30 emellertid
564 413 69 31 nya
666 404 284 30 internationella
983 402 360 31 överenskommelser
1377 402 216 34 tillkommit,

88 455 97 30 vilka
205 455 111 30 avlöst
335 456 67 29 den
423 456 43 39 på
485 455 112 39 grund
618 464 42 20 av
680 454 203 30 luftfartens
903 454 199 39 utveckling
1124 454 107 30 delvis
1251 454 136 29 mindre
1410 452 184 41 tidsenliga

89 505 374 31 Pariskonventionen.
483 506 109 29 Dessa
611 505 368 36 överenskommelser,
1000 514 76 21 som
1098 505 169 29 avslutats
1287 505 68 29 den
1376 504 16 30 7
1414 504 180 30 december

95 556 83 30 1944
203 557 55 30 vid
283 557 69 29 den
376 556 284 30 internationella
684 556 101 30 civila
811 555 396 30 luftfartskonferensen
1234 555 10 29 i
1270 555 159 39 Chicago,
1454 556 140 38 utgöres

89 625 45 3 —
159 607 154 30 förutom
339 617 42 20 av
408 607 110 39 själva
543 607 178 29 slutakten
747 625 42 3 -—
814 606 73 30 dels
913 616 41 20 av
980 607 66 29 den
1071 606 107 30 redan
1208 605 81 30 1947
1316 615 41 20 ur
1382 606 95 29 kraft
1503 606 91 29 satta

92 657 528 31 interimsöverenskommelsen
649 657 178 40 angående
854 657 261 30 internationell
1144 656 79 31 civil
1250 657 151 33 luftfart,
1429 657 72 30 dels
1529 657 66 30 ock

89 717 45 20 av
161 707 157 40 följande
346 708 358 29 överenskommelser
733 717 41 20 av
802 716 74 20 mer
904 709 207 38 permanent
1139 709 113 31 natur,
1282 707 176 39 nämligen

139 758 34 34 1)
208 759 258 29 konventionen
499 758 179 39 angående
708 758 259 29 internationell
998 757 79 30 civil
1108 757 140 30 luftfart
1286 756 231 34 (Convention
1548 766 45 21 on

92 808 247 31 International
366 809 86 31 Civil
477 808 172 35 Aviation,
676 808 171 31 benämnd
874 808 420 30 luftfartskonventionen
1322 808 83 29 eller
1431 808 164 40 Chicago-

88 859 301 36 konventionen);

136 910 36 33 2)
202 910 492 30 transitöverenskommelsen
718 910 179 39 angående
923 910 280 30 internationella
1229 909 265 40 luftfartslinjer
1523 911 72 33 (In-

89 961 213 29 ternational
328 961 61 29 Air
414 960 152 31 Services
594 961 141 30 Transit
762 961 216 39 Agreement,
1007 961 117 29 kallad
1150 959 444 31 transitöverenskommel-

90 1012 100 34 sen);
213 1011 64 30 och

135 1062 37 33 3)
201 1062 365 30 överenskommelsen
603 1062 178 39 angående
818 1061 259 30 internationell
1115 1061 178 30 lufttrafik
1324 1061 270 34 (International

88 1112 63 29 Air
168 1113 193 40 Transport
379 1112 216 40 Agreement,
613 1112 176 31 benämnd
807 1112 578 33 lufttrafiköverenskommelsen).

135 1162 93 30 Även
246 1163 41 29 de
307 1163 78 37 fyra
406 1163 11 29 i
437 1162 146 38 Chicago
605 1163 177 30 avslutade
803 1163 399 30 överenskommelserna
1223 1163 63 29 har
1307 1163 138 30 erhållit
1466 1163 128 29 svensk

89 1214 217 39 anslutning.
328 1214 131 30 Genom
480 1213 218 41 proposition
721 1223 41 20 nr
785 1214 64 30 333
872 1213 52 31 till
948 1213 81 31 1945
1052 1213 56 30 års
1131 1214 142 39 riksdag
1295 1213 150 40 föreslog
1467 1213 126 41 Kungl.

89 1264 108 39 Maj:t
215 1265 188 39 riksdagen
422 1266 50 28 att
492 1264 188 40 godkänna
698 1265 110 29 dessa.
830 1265 113 30 Sedan
961 1264 188 40 riksdagen
1168 1264 128 30 bifallit
1317 1264 175 40 förslaget,
1513 1265 81 39 god-

88 1315 116 29 kände
225 1315 137 40 Sverige
384 1315 527 30 interimsöverenskommelsen
932 1316 66 29 den
1021 1315 41 30 29
1083 1315 78 39 juni
1185 1315 82 30 1945
1294 1314 68 34 (SÖ
1386 1315 81 30 1945
1489 1324 41 20 nr
1552 1315 36 34 2)

89 1369 94 27 samt
209 1366 141 29 transit-
376 1365 64 30 och
466 1365 588 30 lufttrafiköverenskommelserna
1080 1366 67 29 den
1179 1366 38 29 15
1245 1366 186 29 november
1458 1375 135 20 samma

88 1415 41 30 år
152 1415 67 33 (SÖ
239 1416 83 30 1945
342 1425 42 19 nr
401 1416 19 29 3
438 1416 63 31 och
519 1415 52 34 4).
589 1416 436 29 Luftfartskonventionen
1046 1416 74 30 åter
1137 1416 240 31 ratificerades
1396 1425 41 21 av
1456 1416 137 40 Sverige

89 1466 69 29 den
178 1466 39 30 27
238 1466 196 40 september
455 1465 82 31 1946
565 1465 69 34 (SÖ
657 1466 82 30 1946
762 1475 40 20 nr
824 1465 51 33 2).

135 1516 74 29 Den
239 1516 156 30 centrala
425 1517 375 33 överenskommelsen,
832 1516 431 37 luftfartskonventionen,
1294 1516 117 31 består
1443 1526 41 21 av
1514 1517 79 40 fyra

90 1566 360 40 huvudavdelningar.
475 1567 75 29 Den
576 1567 112 30 första
713 1567 195 30 innehåller
936 1567 41 30 de
1003 1567 171 40 egentliga
1200 1567 311 30 bestämmelserna
1540 1569 54 29 rö-

89 1617 109 30 rande
227 1617 152 31 luftfart.
409 1617 151 30 Sålunda
592 1618 177 29 meddelas
797 1617 93 31 vissa
919 1617 179 31 allmänna
1127 1618 175 39 principer
1331 1627 58 21 om
1418 1618 176 39 fördrags-

89 1668 163 30 slutande
277 1670 88 28 stats
390 1668 218 39 höghetsrätt
633 1669 80 29 över
738 1668 60 30 sitt
824 1668 215 30 territorium
1064 1668 65 30 och
1154 1677 57 21 om
1236 1668 101 31 civila
1363 1668 64 30 och
1453 1670 139 38 statliga

91 1718 196 40 luftfartyg.
324 1719 126 29 Vidare
487 1719 93 39 gives
621 1719 216 39 stadganden
876 1719 148 30 rörande
1050 1720 70 29 rätt
1149 1719 54 30 för
1230 1719 196 40 luftfartyg,
1453 1729 73 20 som
1554 1721 39 29 är

88 1769 301 30 hemmahörande
417 1770 10 28 i
454 1778 42 20 en
524 1769 326 39 fördragsslutande
879 1770 77 33 stal,
985 1771 50 28 att
1065 1769 95 40 flyga
1186 1771 81 28 över
1295 1779 118 20 annan
1440 1770 153 30 konven-

89 1820 183 29 tionsstats
301 1819 152 34 område,
481 1829 57 20 om
566 1820 204 39 luftfartygs
799 1820 231 35 nationalitet,
1060 1829 58 20 om
1146 1820 160 39 åtgärder
1335 1821 54 29 för
1416 1821 177 30 underlät-

91 1870 104 29 tande
220 1879 41 20 av
286 1869 259 30 internationell
572 1869 151 35 luftfart,
750 1879 56 20 om
834 1870 126 29 villkor
986 1879 76 20 som
1088 1870 110 30 måste
1226 1870 179 40 uppfyllas
1431 1871 78 29 med
1536 1881 57 20 av-

89 1920 126 30 seende
240 1920 18 29 å
285 1919 195 40 luftfartyg,
507 1920 126 30 främst
660 1921 148 29 rörande
835 1920 376 39 luftvärdighetsbevis,
1237 1921 178 29 certifikat
1441 1921 54 30 för
1521 1930 72 20 om-

88 1972 88 29 bord
203 1971 19 28 å
250 1970 186 40 luftfartyg
463 1970 266 39 tjänstgörande
757 1971 163 39 personal
949 1970 64 29 och
1043 1971 300 39 inskränkningar
1370 1971 222 31 beträffande

90 2020 77 34 last,
195 2022 90 28 samt
312 2020 163 40 slutligen
501 2020 179 40 angående
707 2020 282 30 internationella
1017 2030 140 20 normer
1183 2021 64 29 och
1276 2022 316 30 rekommendatio-

90 2080 62 20 ner
169 2072 10 29 i
197 2071 97 39 fråga
310 2080 57 20 om
385 2071 148 29 luftfart.

135 2121 454 30 Luftfartskonventionens
623 2124 109 27 andra
765 2122 307 39 nuvudavdelning
1104 2122 194 29 innehåller
1329 2122 258 31 bestämmelse.

87 2180 58 20 om
166 2172 235 39 upprättande
419 2181 41 20 av
479 2181 41 20 en
539 2171 261 30 internationell
818 2172 248 38 organisation,
1086 2173 285 29 Internationella
1390 2173 100 30 civila
1511 2174 82 29 luft-

88 2221 376 39 fartsorganisationen
489 2221 269 33 (International
778 2222 86 29 Civil
882 2222 160 29 Aviation
1062 2222 258 39 Organization,
1339 2223 9 29 i
1370 2223 223 39 förkortning

89 2271 174 29 benämnd
292 2271 135 35 ICAO),
453 2271 115 29 vilken
596 2280 121 21 senare
743 2272 138 29 erhållit
908 2273 71 28 säte
1010 2272 4 28 i
1042 2272 169 29 Montreal
1238 2272 64 29 och
1330 2273 183 29 anknutits
1540 2274 52 28 till

89 2321 150 29 Förenla
260 2321 223 29 Nationerna.
506 2322 312 37 Organisationens
841 2321 162 29 ändamål
1027 2322 65 28 och
1115 2323 137 38 uppgift
1275 2323 37 28 är
1335 2323 106 38 enligt
1463 2325 63 28 art.
1551 2323 41 29 44

89 2373 52 27 alt
167 2371 160 29 utveckla
355 2371 221 39 principerna
605 2371 65 29 och
696 2372 166 28 tekniken
890 2371 53 30 för
969 2372 259 29 internationell
1257 2373 140 30 luftfart
1426 2376 87 27 samt
1542 2376 51 27 alt

91 2421 129 38 främja
246 2421 248 39 planläggning
519 2421 65 29 och
610 2422 199 37 utveckling
835 2431 41 20 av
901 2421 259 30 internationell
1189 2423 176 29 lufttrafik
1393 2431 122 30 genom
1542 2426 51 27 att

90 2473 121 37 trygga
229 2472 102 29 säker
351 2472 64 28 och
433 2472 215 39 planmässig
668 2472 199 38 utveckling
886 2481 41 20 av
945 2472 66 29 den
1032 2472 280 30 internationella
1334 2473 99 30 civila
1455 2474 138 29 luftfar-
