1900 2828
593 161 275 31 Statsutskottets
890 160 176 31 utlåtande
1088 160 49 31 Nr
1153 161 49 30 24.
1615 155 19 30 3

129 245 101 37 givna
252 246 332 30 kostnadssumman
607 246 135 31 behöva
764 246 85 30 ökas
871 246 80 30 med
973 246 142 35 400,000
1138 246 131 30 kronor
1288 246 50 30 till
1359 247 175 36 3,070,000
1556 247 77 30 kro-

129 305 72 23 nor.
224 296 173 31 Utskottet
417 296 189 37 tillstyrker
624 299 50 27 att
695 299 47 27 ett
762 296 120 36 anslag
903 295 21 32 å
944 296 94 31 detta
1058 296 126 37 belopp
1205 296 11 30 i
1240 297 149 36 enlighet
1408 298 79 30 med
1511 297 121 37 Kungl.

128 345 119 38 Maj:ts
270 347 131 36 förslag
421 347 138 30 anvisas
582 346 21 31 å
623 347 204 36 tilläggsstat
850 346 50 31 till
922 346 184 32 riksstaten
1128 346 56 31 för
1203 347 150 37 löpande
1373 347 178 37 budgetår.
1576 347 57 32 Ut-

129 398 125 30 skottet
276 397 198 31 hemställer
496 397 111 36 alltså,

481 494 50 27 att
551 490 185 37 riksdagen
757 490 58 31 må
836 490 51 31 till
911 490 200 31 Verkstads-
1134 490 65 30 och
1219 490 339 38 förrådsbyggnader
1579 491 55 37 för

437 540 214 37 postverkets
681 540 149 37 räkning
857 542 11 29 i
899 540 179 32 Ulvsunda
1109 542 10 29 i
1149 541 202 30 Stockholm
1381 542 20 31 å
1430 542 205 37 tilläggsstat

437 592 30 30 II
494 592 51 30 till
571 591 186 31 riksstaten
784 592 57 30 för
864 592 203 36 budgetåret
1095 589 139 34 1940/41
1264 593 120 31 anvisa
1409 596 47 28 ett
1483 603 150 21 reserva-

436 642 214 36 tionsanslag
674 639 51 40 (B)
753 651 42 21 av
815 643 174 36 3,070,000
1011 643 139 31 kronor.

171 791 69 39 6:0)
291 792 231 37 Ombyggnad
547 802 44 21 av
616 793 184 36 posthuset
825 793 12 30 i
862 794 178 30 kvarteret
1066 789 81 41 Ägir
1180 794 5 30 i
1210 794 143 31 Malmö.
1381 794 124 38 Kungl.
1532 794 101 37 Maj:t

128 844 65 29 har
214 840 125 40 (punkt
359 845 29 36 2,
407 844 61 31 sid.
489 841 186 39 231-—237)
698 844 177 37 föreslagit
894 844 184 37 riksdagen
1097 848 50 28 att
1163 845 52 31 till
1235 845 229 37 Ombyggnad
1481 856 43 21 av
1543 849 90 34 post-

128 893 100 32 huset
248 894 11 30 i
280 895 171 30 kvarteret
472 890 82 41 Ägir
582 895 3 30 i
608 894 129 31 Malmö
758 894 21 32 å
799 896 204 35 tilläggsstat
1024 896 31 30 II
1077 895 51 31 till
1150 896 184 32 riksstaten
1355 896 56 31 för
1432 896 202 38 budgetåret

132 941 138 34 1940/41
293 946 120 29 anvisa
433 949 46 27 ett
500 946 352 38 reservationsanslag
877 943 50 41 (B)
954 956 42 21 av
1020 947 139 36 790,000
1180 948 139 30 kronor.

172 1044 242 32 Postkontoret
438 1045 129 31 Malmö
596 1047 26 34 1,
645 1047 105 29 vilket
772 1047 11 29 i
807 1046 171 37 åtskilliga
1000 1047 222 31 hänseenden
1245 1048 164 36 fungerar
1432 1048 116 31 såsom
1571 1049 62 30 hu-

131 1096 274 35 vudpostkontor
428 1096 57 30 för
509 1097 118 35 övriga
653 1097 206 35 postkontor
884 1097 10 29 i
919 1098 131 35 staden,
1075 1098 40 30 är
1139 1098 130 36 inrymt
1293 1098 49 31 uti
1370 1108 41 21 en
1437 1100 197 35 postverket

128 1144 160 38 tillhörig,
307 1145 11 31 i
335 1146 170 31 kvarteret
524 1142 81 41 Ägir
620 1147 146 37 belägen
781 1148 170 36 byggnad,
972 1157 75 21 som
1066 1148 190 36 uppfördes
1275 1150 109 30 under
1402 1148 83 32 åren
1506 1150 128 30 1902—

133 1197 91 30 1906.
252 1197 130 30 Genom
408 1197 122 37 Kungl.
557 1197 119 37 Maj:ts
701 1199 113 30 beslut
839 1199 66 30 den
934 1199 40 30 25
1000 1199 140 36 januari
1169 1200 82 30 1935
1280 1200 87 30 skall
1391 1200 206 37 byggnaden
1622 1200 12 31 i

129 1248 65 29 vad
214 1257 100 21 avser
331 1248 186 31 fasaderna
537 1248 176 31 betraktas
734 1258 75 21 som
830 1249 448 37 byggnadsminnesmärke.

173 1297 49 31 På
240 1298 114 36 grund
374 1307 41 21 av
437 1299 249 35 poströrelsens
707 1299 192 31 successiva
921 1301 131 37 ökning
1072 1301 90 30 hava
1182 1301 113 30 under
1313 1301 99 31 årens
1434 1302 83 37 lopp
1538 1302 95 30 inom

128 1348 206 36 byggnaden
363 1348 244 37 utvidgningar
638 1359 42 21 av
709 1351 256 35 postkontorets
994 1354 199 33 utrymmen
1223 1351 90 31 måst
1341 1352 183 37 företagas.
1555 1352 78 31 Med

129 1398 136 37 hänsyn
287 1399 51 30 till
361 1402 49 27 att
432 1400 152 30 rörelsen
607 1401 111 29 under
739 1401 43 29 de
804 1410 120 21 senare
947 1400 83 31 åren
1055 1402 95 30 vuxit
1171 1402 137 37 hastigt,
1331 1403 90 30 hava
1444 1403 189 31 emellertid

129 1449 255 36 postkontorets
409 1449 132 31 lokaler
562 1450 88 31 visat
673 1450 51 36 sig
746 1460 146 22 numera
915 1460 84 21 vara
1021 1451 10 30 i
1056 1452 68 36 hög
1146 1453 84 35 grad
1254 1452 228 38 otillräckliga
1505 1455 66 29 och
1592 1464 43 20 ur

129 1498 93 31 olika
252 1500 216 36 synpunkter
497 1500 342 32 otillfredsställande
868 1501 56 30 för
955 1502 58 30 sitt
1043 1502 173 31 ändamål.
1249 1503 193 31 Lokalerna
1472 1513 99 21 anses
1601 1504 31 36 ej

128 1549 107 30 heller
260 1553 175 27 motsvara
461 1551 42 29 de
529 1550 204 37 hygieniska
758 1552 96 35 krav,
882 1561 74 21 som
983 1552 154 37 skäligen
1163 1553 121 32 kunna
1308 1555 202 35 uppställas.
1537 1554 98 31 Efter

130 1600 65 30 den
229 1609 47 21 nu
311 1599 196 37 föreslagna
542 1601 265 36 ombyggnaden
839 1619 45 3 —
917 1602 114 30 vilken
1065 1601 131 37 jämväl
1230 1612 99 22 avser
1361 1605 197 30 ersättande
1592 1614 43 22 av

128 1651 202 29 nuvarande
353 1660 42 21 av
418 1651 52 30 trä
494 1651 143 30 utförda
661 1652 307 31 takkonstruktion
993 1653 66 30 och
1082 1653 284 40 vindsinredning
1390 1656 78 30 med
1494 1656 139 36 betong-

128 1701 244 30 konstruktion
395 1701 164 31 ävensom
582 1702 273 37 modernisering
877 1712 41 21 av
941 1704 290 37 uppvärmnings-
1256 1706 65 29 och
1345 1706 288 37 vattenlednings-

128 1751 248 36 anläggningar
397 1755 89 27 samt
508 1752 234 31 ventilations-
765 1754 66 29 och
854 1753 153 31 sanitära
1028 1755 237 36 anordningar
1284 1773 44 4 —
1350 1756 110 30 skulle
1483 1757 150 30 tillräck-

127 1800 68 37 liga
217 1805 198 33 utrymmen
438 1802 57 30 för
516 1803 239 35 postkontoret
778 1803 117 31 finnas
917 1804 213 37 tillgängliga
1151 1806 87 29 även
1261 1806 57 30 för
1340 1808 164 30 mötande
1527 1817 43 21 av
1593 1808 42 30 de

129 1851 86 30 krav
246 1851 46 37 på
323 1852 445 37 utvecklingsmöjligheter,
805 1863 74 21 som
912 1854 182 37 rimligtvis
1128 1856 120 30 kunna
1282 1856 148 31 förutses
1463 1857 95 31 inom
1591 1867 41 21 en

128 1901 217 37 överskådlig
366 1902 152 32 framtid.

172 2000 113 37 Enligt
309 2002 67 29 vad
398 2002 255 36 handlingarna
677 2002 112 31 utvisa
814 2003 110 30 skulle
948 2007 46 27 ett
1017 2004 118 31 alltför
1157 2004 96 37 långt
1277 2007 157 35 uppskov
1458 2008 79 30 med
1561 2017 70 21 om-

126 2051 205 37 byggnaden
359 2061 41 20 av
427 2052 181 37 posthuset
637 2053 119 30 kunna
785 2054 282 37 nödvändiggöra
1096 2056 108 30 andra
1233 2056 211 32 kostsamma
1474 2057 159 38 åtgärder

127 2101 55 31 för
200 2103 225 35 postarbetets
446 2103 166 37 behöriga
632 2103 212 31 bedrivande
864 2105 81 30 eller
965 2104 56 32 för
1039 2105 118 31 husets
1176 2106 155 37 bestånd,
1354 2111 83 27 utan
1459 2112 50 29 att
1527 2109 105 31 likväl

126 2152 265 37 ombyggnaden
412 2153 65 31 och
501 2154 43 30 de
567 2155 143 30 därmed
734 2154 167 31 förenade
924 2156 233 31 kostnaderna
1182 2157 112 31 skulle
1318 2158 118 31 kunna
1460 2160 172 30 undvikas

126 2202 56 31 för
199 2202 116 37 någon
333 2204 118 36 längre
469 2203 59 32 tid.
550 2204 64 30 Det
632 2206 97 29 torde
748 2205 121 31 därför
888 2207 87 29 även
994 2216 42 20 ur
1055 2207 204 30 ekonomisk
1278 2209 176 35 synpunkt
1475 2209 37 31 få
1533 2219 99 21 anses

127 2253 165 37 lämpligt,
311 2257 49 27 att
377 2255 67 29 den
460 2255 189 36 planerade
666 2255 265 36 ombyggnaden
949 2265 43 21 av
1010 2257 179 35 posthuset
1207 2258 158 30 kommer
1382 2258 50 31 till
1451 2258 111 32 stånd.
1583 2260 50 30 De

127 2303 48 30 till
201 2304 172 35 1,450,000
396 2304 130 30 kronor
547 2305 199 30 beräknade
767 2306 233 32 kostnaderna
1023 2306 56 30 för
1102 2307 273 37 ombyggnaden,
1399 2309 93 31 vilka
1513 2309 51 31 till
1586 2313 46 27 ett

126 2354 125 36 belopp
279 2364 44 21 av
350 2354 140 36 660,000
519 2355 131 30 kronor
675 2364 98 22 avses
800 2356 97 30 skola
924 2355 82 37 utgå
1035 2366 42 21 av
1105 2356 401 39 förnyelsefondsmedel,
1536 2361 96 29 torde

128 2405 48 30 till
197 2403 216 32 återstående
433 2405 53 31 del
506 2405 11 29 i
540 2405 149 35 enlighet
709 2406 80 30 med
811 2405 122 37 Kungl.
957 2406 119 36 Maj:ts
1096 2407 130 37 förslag
1245 2408 85 31 böra
1351 2409 118 31 täckas
1489 2411 143 30 medelst

127 2455 348 37 reservationsanslag
503 2454 67 40 (B).
595 2455 170 31 Utskottet
785 2456 200 32 hemställer
1005 2456 110 37 alltså,

1684 2018 127 25 Utskottet.
