1910 2848
474 172 464 34 Konstitutionsutskottets
958 168 187 32 utlåtande
1168 168 51 31 Nr
1249 167 50 30 10.
1559 163 17 30 3

153 265 124 31 Denna
300 264 59 36 lag
383 262 116 32 träder
523 261 13 30 i
560 260 97 31 kraft
681 258 112 36 dagen
816 257 90 31 efter
930 255 76 36 den,
1031 254 44 31 då
1099 253 203 31 densamma
1324 251 87 31 efter
1429 250 84 31 därå
1530 248 92 32 med-

111 317 101 32 delad
236 315 143 37 uppgift
402 312 192 33 utkommit
618 312 12 30 i
653 310 137 32 Svensk
813 306 402 37 författningssamling.

154 369 77 32 Har
254 368 115 32 beslut
391 376 56 21 om
470 363 194 34 beredande
687 372 45 21 av
753 361 110 32 sådan
880 358 152 33 särskild
1049 358 151 34 förmån,
1217 366 73 21 som
1307 364 100 22 avses
1423 354 13 30 i
1452 352 40 31 de
1509 352 114 36 enligt

112 422 114 32 denna
261 419 214 35 författning
510 416 113 31 under
646 412 18 37 $
688 415 40 31 30
763 412 124 37 kungl.
912 410 253 35 förordningen
1188 418 56 22 om
1267 400 357 47 kommunalstyrelse

112 475 13 30 i
148 472 205 33 Stockholm
387 471 182 35 upptagna
603 465 320 35 bestämmelserna,
956 463 107 31 blivit
1097 472 45 21 av
1168 458 325 35 stadsfullmäktige
1517 457 107 30 fattat

112 526 75 31 före
221 525 67 31 den
317 523 79 36 dag,
421 522 114 32 denna
557 521 60 36 lag
642 519 117 32 träder
783 518 13 31 i
819 516 108 36 kraft,
951 515 63 31 och
1039 515 64 30 har
1127 513 62 32 vid
1212 510 219 34 sistnämnda
1455 508 170 37 tidpunkt

112 578 69 31 den
205 578 12 30 i
240 574 346 35 stadsfullmäktiges
621 572 116 31 beslut
771 568 154 33 avsedda
956 568 186 30 förmånen
1173 568 97 28 ännu
1305 564 31 36 ej
1370 561 163 38 utgivits,
1567 561 58 30 må

114 629 126 32 sådant
274 626 195 38 utgivande
502 626 32 36 ej
568 625 71 36 ske,
664 623 78 31 med
774 621 137 32 mindre
935 620 127 35 frågan
1086 619 123 30 härom
1232 615 230 33 underställts
1486 613 138 36 Kungl.

113 682 121 36 Maj:ts
268 679 180 38 prövning
482 678 63 31 och
577 675 229 32 fastställelse
837 674 5 30 i
866 682 136 22 samma
1034 671 164 35 ordning,
1223 678 73 22 som
1319 667 143 36 stadgas
1486 666 13 30 i
1522 665 103 36 fråga

115 744 56 22 om
195 730 344 36 stadsfullmäktiges
564 728 127 36 beslut,
716 727 113 31 vilket
853 725 109 31 fattas
985 723 88 31 efter
1098 722 57 31 det
1179 721 113 32 denna
1308 720 61 35 lag
1386 719 87 31 trätt
1489 718 12 30 i
1517 717 108 31 kraft.

826 968 97 44 Lag

139 1048 179 36 angående
342 1047 133 27 ändrad
498 1045 132 35 lydelse
655 1051 42 19 av
722 1043 39 27 66
786 1042 16 35 $
826 1042 102 35 lagen
952 1040 67 27 den
1043 1040 17 25 6
1086 1037 71 35 juni
1182 1037 83 27 1930
1290 1043 57 20 om
1373 1033 233 34 församlings-

794 1094 158 36 styrelse.

160 1194 218 37 Härigenom
412 1191 196 35 förordnas,
643 1190 53 30 att
723 1189 40 30 66
788 1185 18 37 I
830 1188 106 35 lagen
959 1186 68 31 den
1050 1186 18 30 6
1093 1185 81 36 juni
1198 1182 83 32 1930
1305 1191 56 21 om
1385 1179 242 35 församlings-

117 1246 149 38 styrelse
289 1244 93 32 skall
406 1245 13 29 i
441 1243 116 32 nedan
580 1242 160 36 angivna
764 1240 56 31 del
843 1238 137 32 erhålla
1003 1236 158 38 följande
1186 1233 151 33 ändrade
1360 1232 148 37 lydelse:

160 1298 69 32 För
252 1299 54 30 att
329 1317 40 3 —
395 1316 39 3 —
460 1315 38 4 —
523 1295 41 31 de
587 1294 109 37 angå:

161 1352 34 37 a)
219 1348 232 34 avhändande
474 1347 87 32 eller
587 1366 39 4 —
652 1365 39 4 —
716 1363 39 15 —
779 1343 111 31 sådan
914 1341 187 37 fastighet;

162 1400 35 37 b)
218 1400 227 38 upptagande
468 1410 45 21 av
538 1418 40 4 —
604 1418 39 3 —
669 1417 39 3 —
733 1405 125 28 genom
881 1394 223 35 uttaxering;

162 1451 31 37 e)
222 1454 161 36 utgifter,
408 1461 73 22 som
506 1471 39 3 —
571 1470 39 4 —
637 1469 39 4 —
701 1449 70 30 fem
794 1448 55 34 år;
873 1446 87 31 eller

164 1503 35 37 d)
222 1503 194 34 beredande
439 1513 45 21 av
508 1501 154 33 särskild
685 1500 141 31 förmån
849 1500 37 30 åt
906 1497 151 31 medlem
1073 1507 45 20 av
1136 1495 257 35 församlingen
1409 1492 85 31 eller
1510 1500 120 22 annan

121 1560 126 30 utöver
270 1556 69 32 vad
363 1556 60 36 lag
446 1555 85 31 eller
555 1554 84 36 laga
662 1551 183 33 föreskrift
869 1549 244 37 uttryckligen
1137 1547 191 35 medgiver.

165 1610 135 35 Beslut,
324 1618 74 21 som
423 1626 39 4 —
488 1627 39 3 —
553 1626 39 3 —
617 1605 59 31 till
699 1604 213 35 Konungen.

165 1766 125 31 Denna
312 1764 60 36 lag
396 1762 117 32 träder
530 1762 13 30 i
559 1761 99 31 kraft
681 1760 114 36 dagen
818 1759 89 31 efter
930 1757 77 35 den,
1032 1756 44 31 då
1099 1755 203 31 densamma
1325 1753 89 30 efter
1438 1752 86 31 därå
1540 1750 91 32 med-

123 1817 102 32 delad
248 1815 145 38 uppgift
417 1813 191 32 utkommit
632 1813 13 30 i
668 1812 137 31 Svensk
829 1807 401 38 författningssamling.

165 1869 77 31 Har
275 1868 116 31 beslut
425 1876 56 21 om
515 1864 196 32 beredande
745 1874 45 20 av
825 1862 110 32 sådan
969 1859 155 33 särskild
1158 1858 150 34 förmån,
1332 1866 74 22 som
1430 1865 100 21 avses
1555 1856 12 30 i
1591 1854 42 32 de

122 1921 116 36 enligt
261 1919 115 32 denna
399 1917 215 35 författning
638 1916 111 31 under
773 1915 40 31 66
838 1911 18 37 $
879 1911 35 36 d)
937 1913 104 35 lagen
1065 1921 57 21 om
1145 1907 379 37 församlingsstyrelse
1548 1916 86 26 upp-

124 1975 109 34 tagna
257 1969 320 35 bestämmelserna,
599 1967 109 31 blivit
722 1977 46 20 av
785 1966 266 36 kyrkostämma
1067 1962 86 31 eller
1169 1959 343 39 kyrkofullmäktige
1528 1958 107 31 fattat

123 2025 75 31 före
231 2024 67 31 den
325 2022 78 36 dag,
427 2021 115 31 denna
565 2020 59 36 lag
650 2018 118 32 träder
792 2018 11 30 i
827 2017 108 35 kraft,
960 2015 63 32 och
1047 2014 64 31 har
1135 2013 62 31 vid
1221 2011 219 33 sistnämnda
1464 2010 170 36 tidpunkt

123 2076 67 31 den
215 2077 13 30 i
255 2075 310 37 kyrkostämmans
600 2071 86 31 eller
720 2068 359 38 kyrkofullmäktiges
1115 2065 115 32 beslut
1264 2063 152 32 avsedda
1450 2063 185 30 förmånen

124 2130 98 28 ännu
249 2127 33 36 ej
307 2125 164 37 utgivits,
495 2125 59 30 må
578 2123 125 31 sådant
727 2121 195 36 utgivande
946 2120 31 36 ej
1002 2119 71 35 ske,
1097 2118 78 31 med
1199 2115 138 33 mindre
1360 2116 129 35 frågan
1512 2114 124 31 härom

124 2179 234 31 underställts
392 2176 136 36 Kungl.
553 2175 121 36 Maj:ts
708 2174 177 36 prövning
920 2172 63 31 och
1017 2169 229 32 fastställelse
1269 2169 13 30 i
1305 2177 135 21 samma
1469 2166 165 35 ordning,

123 2241 76 21 som
236 2230 142 36 stadgas
410 2229 12 30 i
445 2228 102 35 fråga
581 2236 57 22 om
672 2226 308 36 kyrkostämmans
1012 2222 86 31 eller
1122 2219 363 38 kyrkofullmäktiges
1509 2217 127 35 beslut,

126 2283 114 30 vilket
263 2282 109 30 fattas
397 2280 87 31 efter
507 2279 58 31 det
589 2278 115 31 denna
728 2278 59 34 lag
812 2277 87 30 trätt
924 2276 11 29 i
960 2274 106 31 kraft.
