1906 2830
142 1955 133 25 Utskottel.

301 149 18 29 8
725 150 273 30 Statsutskottets
1018 149 175 30 utlåtande
1213 158 40 20 nr
1279 147 68 30 167.

305 237 172 37 förläggas
507 236 58 30 dit.
597 236 48 30 De
675 235 214 37 synpunkter
917 242 74 22 som
1020 234 11 30 i
1060 234 91 29 detta
1180 231 196 31 hänseende
1404 230 134 31 anförts
1568 239 42 20 av
1640 228 166 30 försvars-

304 286 362 37 fabriksutredningen
696 286 98 30 bleve
823 284 200 37 härigenom
1054 283 177 30 beaktade.
1263 283 14 29 I
1308 282 67 30 den
1405 280 82 31 mån
1520 281 71 28 mot
1621 278 185 30 förmodan

302 339 69 30 den
405 337 204 31 nuvarande
639 336 57 30 vid
728 334 264 37 ifrågavarande
1024 332 201 31 verkstäder
1257 331 197 37 sysselsatta
1485 329 207 37 personalen
1725 328 76 29 icke

307 389 116 31 kunde
446 388 142 31 beredas
613 388 115 29 arbete
752 385 57 32 vid
833 386 66 29 den
921 394 68 27 nya
1013 383 206 30 verkstaden
1241 383 81 30 eller
1344 381 131 30 erhålla
1498 388 117 23 annan
1638 377 170 36 likvärdig

304 440 210 35 anställning
538 439 9 30 i
572 440 127 28 statens
723 436 116 37 tjänst,
863 434 105 32 borde
991 434 56 31 för
1070 433 220 38 personalens
1315 432 54 30 del
1393 431 174 35 tillämpas
1593 431 41 30 de
1656 428 151 38 grunder

304 490 55 31 för
378 488 189 37 ersättning
587 487 50 32 till
658 486 165 37 övertalig
842 485 169 37 personal,
1037 493 74 22 som
1132 493 41 21 av
1196 483 182 36 riksdagen
1401 481 180 31 fastställts
1603 481 10 30 i
1636 478 168 32 samband

304 541 78 29 med
411 540 112 30 beslut
549 548 58 21 om
635 536 257 37 centralisering
920 545 42 21 av
991 534 228 37 reparations-
1248 534 66 29 och
1343 529 355 37 underhållstjänsten
1728 529 78 30 med

305 590 168 31 avseende
494 589 20 31 å
536 590 184 30 försvarets
742 584 385 34 intendenturmateriel.
1151 583 118 36 Någon
1292 582 185 37 anledning
1501 584 50 28 att
1571 582 11 29 i
1605 580 90 31 detta
1717 588 89 21 sam-

305 640 176 36 manhang
502 638 154 31 revidera
676 638 100 30 dessa
796 636 148 37 grunder
967 637 115 35 syntes
1103 633 181 31 statsrådet
1306 633 75 30 icke
1401 631 175 36 föreligga.

348 690 66 30 Vid
434 690 181 35 förslagets
636 687 271 38 genomförande
930 686 47 30 bli
1001 686 88 29 vissa
1112 684 131 31 lokaler
1266 682 196 37 disponibla
1484 683 10 30 i
1518 682 199 30 Stockholm
1741 680 65 30 och

306 741 221 31 Karlskrona.
559 739 224 30 Beträffande
811 736 265 36 användningen
1104 745 42 20 av
1174 735 41 30 de
1243 733 10 30 i
1284 733 211 30 Karlskrona
1523 731 208 36 ledigblivna
1759 731 47 29 1lo-

305 792 142 30 kalerna
477 792 113 35 syntes
619 787 184 32 statsrådet
830 788 160 29 närmare
1019 784 182 37 utredning
1233 783 35 31 få
1297 782 202 31 verkställas
1530 791 42 20 av
1602 781 41 31 de
1672 781 134 29 marina

305 841 296 37 myndigheterna.
634 840 74 29 Den
739 838 11 30 i
781 836 199 32 Stockholm
1011 835 206 36 ledigblivna
1249 832 205 37 fastigheten
1487 835 114 34 syntes
1632 831 84 30 böra
1748 840 58 20 an-

309 893 115 36 tingen
449 891 163 35 försäljas
637 890 90 34 eller,
754 898 57 21 om
837 888 36 30 så
898 888 125 30 funnes
1048 885 164 36 lämpligt,
1241 884 200 36 disponeras
1468 883 54 30 för
1550 885 105 26 annat
1682 880 127 35 statligt

304 940 173 33 ändamål.
508 939 330 37 Fabriksstyrelsens
867 937 127 37 förslag
1024 936 50 30 till
1102 934 202 37 disposition
1333 943 41 21 av
1403 933 185 31 eventuellt
1615 930 193 37 inflytande

305 990 337 38 försäljningsmedel
674 989 48 39 (se
746 998 97 27 prop.
872 997 24 21 s.
924 987 52 39 71)
1009 987 90 30 hade
1125 986 75 30 icke
1225 984 83 37 givit
1335 982 183 32 statsrådet
1545 982 185 36 anledning
1757 980 50 31 till

305 1043 148 31 erinran.
487 1040 188 32 Statsrådet
703 1040 80 30 ville
811 1040 89 29 fästa
928 1036 355 38 uppmärksamheten
1312 1034 45 36 på
1387 1037 49 27 att
1466 1032 301 36 fabriksstyrelsen
1799 1031 9 29 i

306 1094 75 30 sina
401 1091 327 36 kostnadskalkyler
748 1090 55 30 för
823 1090 66 30 den
909 1097 69 28 nya
1000 1087 205 31 verkstaden
1226 1086 126 30 räknat
1373 1084 79 30 med
1474 1083 191 36 lokalhyra,
1688 1082 120 29 beräk-

304 1144 70 31 nad
390 1142 87 31 efter
494 1142 66 30 den
576 1142 152 30 faktiska
744 1137 428 39 anläggningskostnaden,
1190 1136 117 30 varför
1325 1135 203 35 kalkylerna
1547 1134 146 30 rörande
1711 1132 97 30 verk-

306 1193 137 30 stadens
466 1189 418 40 produktionskostnader
907 1191 114 34 syntes
1046 1186 182 31 statsrådet
1251 1186 47 30 bli
1321 1184 221 36 rättvisande,
1567 1185 85 29 även
1676 1192 58 21 om
1758 1183 50 29 in-

306 1243 156 37 flytande
490 1240 338 38 försäljningsmedel
855 1238 245 37 disponerades
1129 1236 54 31 för
1210 1236 201 35 minskning
1440 1244 42 21 av
1512 1228 296 45 avskrivningsbe-

306 1295 102 29 hovet
431 1294 55 30 för
509 1292 67 30 den
598 1300 68 27 nya
689 1290 214 31 verkstaden.

355 1343 331 37 Fabriksstyrelsens
702 1339 369 37 anslagsberäkningar
1089 1337 46 39 (se
1148 1346 98 28 prop.
1264 1346 24 20 s.
1306 1334 51 40 70)
1375 1336 46 29 ha
1437 1335 75 31 icke
1527 1334 82 36 givit
1627 1331 186 34 statsrådet

306 1394 186 37 anledning
516 1393 50 31 till
590 1401 117 22 annan
729 1391 137 31 erinran
890 1391 42 29 än
957 1391 49 28 att
1028 1386 412 39 byggnadskostnaderna
1462 1403 45 3 —
1530 1385 103 36 enligt
1657 1383 78 32 från
1759 1382 49 31 fa-

306 1444 265 36 briksstyrelsen
589 1442 181 31 inhämtad
789 1438 135 39 uppgift
940 1456 44 3 —
1001 1437 193 36 föreslagits
1213 1438 97 30 skola
1328 1436 100 37 höjas
1447 1436 79 30 med
1546 1435 40 30 50
1599 1435 63 29 000
1681 1435 129 29 kronor

306 1494 51 32 till
377 1496 10 29 i
407 1493 174 31 avrundat
602 1493 45 29 tal
671 1493 14 28 1
704 1491 61 30 150
779 1491 65 30 000
864 1491 129 30 kronor
1013 1489 46 36 på
1078 1487 112 37 grund
1212 1497 41 20 av
1276 1486 154 36 stegrade
1452 1486 111 35 priser
1584 1485 19 30 å
1626 1483 184 31 elektriska

307 1544 259 33 installationer.
592 1543 48 30 Ur
662 1541 113 32 skilda
800 1540 214 37 synpunkter
1036 1547 80 22 vore
1140 1538 56 29 det
1218 1537 104 36 enligt
1345 1534 182 33 statsrådet
1551 1535 186 35 angeläget,
1762 1535 48 28 att

307 1595 66 31 den
398 1603 71 28 nya
495 1593 205 31 verkstaden
727 1591 37 31 så
792 1594 94 27 snart
913 1598 74 21 som
1014 1587 133 38 möjligt
1175 1589 139 29 komme
1341 1585 51 31 till
1419 1585 111 32 stånd.
1560 1585 144 31 Särskilt
1731 1584 79 30 ville

308 1644 183 33 statsrådet
511 1644 90 36 peka
619 1642 45 37 på
682 1642 117 30 vikten
818 1651 41 21 av
879 1641 48 29 att
946 1640 66 31 den
1033 1637 217 36 arbetskraft,
1271 1646 74 21 som
1364 1645 125 28 genom
1509 1634 301 36 centraliseringen

308 1694 189 38 lösgjordes
516 1693 11 30 i
548 1693 221 34 Karlskrona,
788 1690 212 31 omedelbart
1018 1689 116 30 kunde
1153 1687 123 36 övergå
1296 1687 48 30 till
1364 1687 66 29 den
1449 1695 68 26 nya
1536 1685 157 30 enskilda
1711 1684 99 30 indu-

309 1746 104 31 strien
435 1743 187 31 därstädes.
647 1740 189 32 Statsrådet
858 1739 185 31 förordade
1065 1738 129 32 därför.
1217 1741 49 27 att
1288 1737 41 30 de
1351 1736 121 36 medel,
1496 1745 74 22 som
1594 1734 217 32 erfordrades

309 1797 55 30 för
385 1792 452 38 verkstadsanläggningens
860 1790 220 37 uppförande
1101 1789 66 30 och
1190 1787 211 33 utrustande,
1427 1787 9 29 i
1462 1785 53 31 sin
1538 1785 116 31 helhet
1675 1784 135 31 anvisa-

309 1849 58 29 des
390 1847 56 30 för
466 1846 99 30 nästa
586 1842 176 37 budgetår.

358 1945 121 31 Såsom
499 1945 11 29 i
528 1943 139 31 ärendet
687 1939 208 32 framhållits
915 1939 91 30 hava
1027 1937 170 36 åtskilliga
1218 1936 159 37 åtgärder
1395 1936 159 35 vidtagits
1576 1935 55 29 för
1648 1937 48 28 att
1716 1933 102 31 ratio-

312 1996 147 32 nalisera
485 1994 127 31 driften
636 1993 57 29 vid
719 1991 185 31 försvarets
930 1990 51 29 till
1006 1988 200 31 Stockholm
1230 1987 65 30 och
1320 1986 213 31 Karlskrona
1557 1985 157 36 förlagda
1741 1993 76 21 cen-

313 2047 86 30 trala
424 2042 426 33 beklädnadsverkstäder.
879 2040 63 31 Det
965 2039 120 31 oaktat
1108 2040 59 28 äro
1191 2037 245 31 verkstäderna
1461 2036 77 31 icke
1561 2035 79 30 fullt
1666 2034 150 31 konkur-

313 2095 232 36 renskraftiga
569 2095 10 29 i
607 2093 97 36 fråga
732 2102 57 20 om
816 2091 89 30 vissa
930 2088 366 37 tillverkningsobjekt.
1323 2087 112 30 Sedan
1461 2085 115 38 någon
1603 2086 48 30 tid
1676 2084 142 32 tillbaka

314 2148 63 29 har
402 2146 121 31 därför
547 2144 146 37 dryftats
721 2142 123 37 frågan
867 2151 57 21 om
949 2139 307 32 sammanförande
1280 2148 40 20 av
1348 2137 245 31 verkstäderna
1621 2136 49 31 till
1695 2145 43 21 en
1765 2135 55 30 för

313 2198 78 30 hela
411 2197 169 30 försvaret
600 2203 196 28 gemensam
817 2191 214 37 anläggning.
1056 2189 214 31 Verkställda
1291 2188 224 35 utredningar
1533 2188 90 29 hava
1646 2185 173 36 nämligen

314 2248 137 34 utvisat,
480 2250 48 27 att
552 2256 42 20 en
618 2244 195 38 ytterligare
839 2242 165 36 väsentlig
1030 2240 207 35 förbättring
1263 2249 41 20 av
1330 2237 308 32 driftsekonomien
1665 2237 65 30 och
1756 2235 64 30 full

315 2297 315 33 konkurrenskraft
647 2298 10 29 i
674 2294 99 36 fråga
789 2304 56 20 om
863 2293 67 30 alla
946 2291 258 36 tillverkningar
1221 2291 119 29 kunna
1359 2288 122 31 vinnas
1500 2287 120 31 endast
1636 2295 124 28 genom
1778 2294 41 21 en

315 2348 258 35 centralisering
596 2356 41 21 av
663 2343 317 32 verkstadsdriften.
1005 2342 54 30 En
1081 2341 94 37 dylik
1198 2340 128 31 reform
1349 2340 65 29 har
1438 2342 128 27 ansetts
1589 2336 232 35 ofrånkomlig

316 2400 106 30 redan
444 2408 43 21 av
508 2399 65 29 den
594 2395 229 36 anledningen
842 2398 48 26 att
907 2391 374 33 arbetskraftsbehovet
1301 2390 57 30 vid
1377 2390 64 29 den
1460 2389 53 31 till
1533 2388 199 31 Stockholm
1752 2387 68 29 för-

316 2451 101 35 lagda
443 2448 207 31 verkstaden
673 2446 75 30 icke
771 2446 118 35 längre
911 2444 69 29 kan
1005 2441 45 38 på
1078 2440 315 33 tillfredsställande
1416 2441 66 29 sätt
1509 2438 204 37 tillgodoses.
1740 2436 80 30 För-
