2190 2634
668 158 246 31 Statsutskottets
938 157 160 30 utlåtande
1121 156 52 30 Nr
1195 157 41 29 20
1260 156 40 29 A.
1707 155 38 29 37

316 245 77 36 Den
436 248 113 33 totala
576 244 464 49 anläggningskostnaden,
1069 256 77 23 som
1175 243 72 35 den
1276 244 46 33 30
1350 243 153 35 oktober
1534 244 94 33 1919
1657 253 132 33 angavs

180 296 57 34 till
279 298 198 41 8,400,000
518 298 145 41 kronor,
704 296 179 35 beräknas
911 309 62 29 nu,
1003 294 111 35 bland
1142 299 111 30 annat
1281 296 45 43 på
1353 292 124 48 grund
1505 305 42 22 av
1574 293 97 34 vissa
1699 304 91 34 upp-

182 346 132 35 komna
354 347 231 46 opåräknade
626 347 170 36 tekniska
823 346 237 47 svårigheter,
1094 345 147 34 komma
1269 349 53 29 att
1351 346 123 44 uppgå
1501 344 57 34 till
1587 344 31 46 ej
1650 341 141 36 mindre

182 402 45 28 än
259 398 221 42 12,000,000
510 398 145 34 kronor.

315 447 57 34 Av
400 447 60 35 det
488 446 240 47 erforderliga
755 445 340 49 fyllnadsanslaget,
1126 445 199 43 3,500,000
1354 445 146 40 kronor,
1530 443 107 34 äskar
1656 442 134 46 Kungl.

183 496 104 45 Maj:t
329 498 197 42 2,500,000
568 498 135 33 kronor
743 500 20 31 å
804 496 223 46 tilläggsstat
1055 494 58 35 för
1140 497 40 31 år
1210 496 93 32 1921
1334 494 67 34 och
1433 494 196 42 1,000,000
1658 493 136 33 kronor

182 545 58 35 för
267 549 40 31 år
337 548 106 32 1922.

317 629 84 34 Med
442 630 141 47 hänsyn
625 630 56 33 till
723 628 69 35 den
834 629 11 33 i
874 627 151 35 ärendet
1052 626 170 36 lämnade
1251 626 249 47 utredningen
1528 625 57 35 får
1614 625 181 35 utskottet

182 679 187 48 tillstyrka
396 679 135 47 Kungl.
561 679 123 46 Maj:ts
712 678 239 35 förevarande
980 677 144 47 förslag.

318 729 187 36 Utskottet
533 730 215 35 hemställer
776 742 51 22 nu
855 727 229 37 beträffande
1112 727 128 47 anslag
1269 730 20 31 å
1316 727 208 43 riksstaten,

721 818 54 31 att
802 812 194 48 riksdagen
1025 815 59 32 må
1110 811 57 36 för
1195 812 116 35 första
1331 811 264 48 utbyggnaden
1615 823 44 23 av
1679 810 116 48 kraft-

586 864 174 36 stationen
787 864 62 35 vid
876 863 144 35 Motala
1048 863 57 35 för
1132 865 40 32 år
1202 864 94 33 1922
1321 863 125 34 anvisa
1465 867 52 29 ett
1535 861 261 35 reservations-

588 916 128 44 anslag
743 927 42 22 av
816 914 197 42 1,000,000
1041 913 135 34 kronor
1203 917 54 30 att
1284 915 90 44 utgå
1401 925 44 21 av
1472 911 217 36 lånemedel.

320 1011 99 48 40:0)
476 1014 134 47 Kungl.
643 1013 103 47 Maj:t
773 1014 67 35 har
867 1013 191 48 föreslagit
1086 1012 196 46 riksdagen
1311 1009 136 50 (punkt
1475 1008 62 48 52)
1567 1016 53 31 att
1650 1012 55 34 till
1733 1023 62 35 ge-

185 1064 242 37 nomförande
468 1078 43 22 av
551 1077 45 23 en
636 1064 302 48 veckoreglering
978 1077 42 22 av
1058 1063 273 36 Motalaströms
1371 1061 253 48 vattenföring
1660 1062 135 34 mellan

185 1115 154 36 Vättern
379 1116 69 35 och
488 1115 120 36 Boren
648 1114 57 36 för
736 1118 40 32 år
806 1116 94 34 1922
930 1115 123 35 anvisa
1080 1119 53 31 ett
1161 1114 375 46 reservationsanslag
1564 1125 43 23 av
1636 1112 159 43 600,000

185 1167 147 34 kronor.

319 1216 256 48 Utredningen
614 1217 13 34 i
667 1215 152 36 ärendet
850 1216 198 36 återfinnes
1076 1218 20 32 å
1124 1214 66 36 sid.
1224 1217 68 32 141
1323 1215 67 34 och
1422 1215 68 34 142
1520 1226 43 22 av
1591 1212 205 48 åberopade

187 1267 413 47 statsrådsprotokollet.

321 1350 70 36 För
418 1356 53 30 att
497 1351 129 34 kunna
651 1352 13 33 i
691 1349 223 47 erforderlig
941 1349 90 48 grad
1060 1350 140 34 variera
1226 1348 276 48 avtappningen
1530 1346 84 37 från
1641 1346 155 36 Vättern

186 1400 95 37 efter
320 1399 270 44 kraftbehovet,
629 1400 128 35 varvid
787 1399 223 36 flerdubbelt
1037 1404 114 30 större
1178 1398 268 48 vattenmängd
1474 1399 71 33 kan
1572 1398 140 34 behöva
1740 1402 57 30 ut-

186 1457 102 42 tagas
329 1451 120 35 under
488 1452 96 34 vissa
623 1451 107 42 tider,
772 1457 45 28 än
859 1462 79 23 som
979 1455 200 30 motsvarar
1214 1450 105 46 jämn
1347 1448 197 48 avrinning
1571 1447 118 36 under
1715 1447 83 35 hela

186 1504 150 41 veckan,
374 1501 142 36 fordras
554 1514 46 23 en
639 1500 243 49 fördjupning
922 1514 43 22 av
992 1500 100 46 sjöns
1120 1500 131 48 utlopp
1279 1500 68 35 och
1374 1498 185 48 vidgning
1586 1511 45 23 av
1658 1498 139 35 älvsek-

187 1554 127 34 tionen
341 1552 62 35 vid
431 1552 45 35 de
504 1552 154 35 däröver
684 1550 239 49 framdragna
949 1550 271 36 trafiklederna.

322 1602 70 36 För
432 1602 99 36 detta
571 1602 170 36 ändamål
781 1602 67 35 har
874 1615 53 22 nu
954 1602 131 43 äskats,
1115 1600 163 36 förutom
1306 1598 257 38 ovannämnda
1590 1599 136 48 belopp
1755 1611 43 23 av

190 1655 160 43 600,000
390 1654 138 34 kronor
567 1652 57 36 för
650 1656 41 32 år
721 1654 108 40 1922,
861 1653 159 43 100,000
1048 1653 136 34 kronor
1211 1654 46 45 på
1283 1652 225 46 tilläggsstat
1535 1649 58 36 för
1620 1653 41 32 år
1690 1651 107 34 1921.

324 1754 16 35 I
367 1753 117 36 likhet
511 1753 85 36 med
624 1751 407 50 departementschefen
1059 1765 105 23 anser
1192 1752 183 36 utskottet
1402 1756 53 30 att
1474 1750 85 36 med
1578 1751 142 48 hänsyn
1739 1751 59 34 till

190 1804 44 36 de
275 1804 211 49 betydande
530 1803 171 45 fördelar,
748 1817 79 22 som
868 1806 55 33 stå
966 1809 54 30 att
1046 1804 113 34 vinna
1185 1815 136 35 genom
1348 1801 280 49 ifrågavarande
1656 1805 142 31 vatten-

189 1856 197 47 reglering,
415 1855 214 35 densamma
655 1855 68 35 bör
749 1855 148 34 komma
924 1855 58 34 till
1010 1853 205 36 utförande.

323 1905 205 44 Utskottet,
557 1918 79 22 som
663 1905 208 48 tillstyrker
898 1910 52 30 att
994 1904 45 36 de
1083 1903 58 36 för
1186 1903 210 36 ändamålet
1439 1901 132 37 äskade
1615 1902 183 47 beloppen

190 1956 163 47 beviljas,
382 1955 58 37 får
465 1955 229 37 beträffande
722 1956 128 47 anslag
877 1958 21 32 å
924 1955 198 35 riksstaten
1149 1967 51 23 nu
1228 1954 205 43 hemställa,

726 2061 54 31 att
823 2056 199 48 riksdagen
1049 2059 59 32 må
1133 2056 59 34 till
1219 2053 291 50 genomförande
1538 2066 43 23 av
1610 2066 43 23 en
1681 2053 118 36 vecko-

593 2107 176 48 reglering
809 2120 47 23 av
895 2107 273 35 Motalaströms
1207 2105 246 49 vattenföring
1483 2104 136 36 mellan
1652 2103 148 38 Vättern

592 2159 62 35 och
694 2157 118 36 Boren
839 2156 59 37 för
925 2160 40 32 år
994 2158 94 35 1922
1116 2157 127 35 anvisa
1270 2161 53 31 ett
1351 2155 378 47 reservationsanslag
1755 2167 45 23 av

596 2209 160 43 600,000
784 2208 136 35 kronor
946 2212 53 31 att
1027 2210 89 43 utgå
1142 2220 43 22 av
1212 2205 217 37 lånemedel.

1832 624 156 26 Utskottets

1833 657 142 34 yttrande.

1822 1008 168 33 Reglering

1822 1050 37 19 av
1877 1043 114 25 vatten-

1834 1076 143 32 föringen

1852 1109 109 27 mellan

1808 1144 125 27 Vättern
1952 1143 54 26 och

1851 1178 111 25 Boren.

1864 1222 90 45 [52.]

1833 1759 158 27 Utskottets

1837 1793 142 34 yttrande.
