2184 2626
224 1290 154 30 Utskottets

222 1325 146 35 yttrande.

445 153 40 30 32
892 151 243 31 Statsutskottets
1159 151 161 32 utlåtande
1343 152 54 30 Nr
1419 153 44 29 20
1485 153 38 29 A.

668 246 36 31 ;e
939 236 106 24 Vattén-
1064 236 48 23 och
1129 236 61 24 hus-
1235 235 140 39 Maskinell
1393 237 48 24 och
1452 232 75 47 :'elek-
1669 231 106 40 Säömma

707 273 4 5 ”
1014 265 156 40 byggnader.
1283 270 65 23 trisk
1367 271 155 29 utrustning.
1680 272 100 22 kronor.

604 311 162 31 1918—20
800 336 5 4 .
842 336 6 5 .
885 335 48 9 ...
969 335 6 6 .
1015 310 167 38 2,750,000
1371 311 115 37 30,000
1644 311 165 38 2,800,000

604 354 78 30 1921
718 377 257 6 ooo.
1016 352 167 37 2,750,000
1319 352 167 38 2,200,000
1643 353 165 37 4,950,000

605 395 79 31 1922
718 419 258 6 loss
921 391 59 47 ss
1016 394 167 38 3,000,000
1317 389 169 48 4,500,000
1645 395 164 37 7;300,000

604 437 79 30 1923
718 461 258 6 sr:
841 433 21 46 ös
887 433 15 46 8
924 433 16 46 .
962 433 18 46 &
1048 436 135 35 900,000
1318 435 169 38 3,150,000
1643 436 166 37 4,050,000

1011 494 167 38 9,400,000
1313 494 171 38 9,900,000
1622 494 187 38 19,300,000

536 582 101 36 Efter
677 583 134 47 avdrag
852 582 58 36 för
951 582 110 36 redan
1094 582 185 47 beviljade
1308 581 118 36 medel
1454 581 243 44 erfordrades,
1727 583 117 46 enligt
1870 587 141 30 'vatten-

399 633 284 47 fallsstyrelsens
711 632 197 44 äskanden,
936 633 57 35 för
1020 636 39 32 år
1089 634 93 33 1921
1215 637 52 30 ett
1294 632 282 48 tilläggsanslag
1596 644 44 23 av
1661 633 197 43 2,500,000
1879 634 133 34 kronor

402 685 67 35 och
498 683 58 36 för
583 687 39 32 år
654 686 92 33 1922
778 685 200 42 7,500,000
1007 684 146 34 kronor.

540 734 191 46 Utgående
758 733 95 36 ifrån
882 739 54 30 att
962 733 228 36 återstående
1218 731 238 49 erforderliga
1484 732 280 48 anslagsbelopp
1784 732 57 35 för
1860 734 151 47 anlägg-

404 786 137 46 ningen
582 784 113 36 borde
736 783 158 36 fördelas
937 787 45 44 på
1010 783 103 35 tiden
1142 784 59 34 till
1229 783 66 35 och
1324 783 84 35 med
1436 786 40 32 år
1507 784 94 34 1924
1630 783 65 35 har
1722 783 289 47 departements-

403 835 129 35 chefen
560 840 119 30 ansett
707 840 52 30 att
785 834 58 35 för
870 834 122 36 denna
1019 833 112 36 borde
1159 846 99 23 avses
1286 832 60 36 för
1373 836 41 32 år
1445 835 91 33 1921
1566 834 214 47 ytterligare
1811 834 198 43 1,000,000

405 887 134 33 kronor
570 885 67 35 och
665 884 57 36 för
750 888 39 32 år
820 886 94 33 1922
944 885 199 41 4,500,000
1171 884 146 35 kronor.
1372 883 15 35 I
1415 883 175 35 händelse
1619 884 146 34 särskilt
1792 884 130 47 anslag
1950 897 62 22 an-

403 935 212 36 visades'till
630 935 288 46 rörelsekapital,
935 948 123 22 varom
1078 933 140 49 förslag
1232 935 12 33 i
1258 939 113 30 annat
1386 934 266 47 sammanhang
1667 932 202 49 framlagts,
1887 934 124 35 kunde

403 987 163 46 anslaget
592 985 59 36 för
678 985 168 35 vartdera
873 998 44 22 av
944 984 158 36 nämnda
1130 987 39 33 år
1197 984 161 35 minskas
1386 983 85 36 med
1499 985 160 42 500,000
1687 984 145 43 kronor,
1853 989 158 31 motsva-

404 1035 113 36 rande
556 1049 43 22 av
639 1035 391 49 vattenfallsstyrelsen
1070 1034 187 36 beräknad
1296 1034 159 36 kostnad
1496 1033 58 36 för
1596 1033 424 49 materialanskaffning.

406 1087 53 34 De
498 1088 12 33 i
550 1085 237 36 förevarande
828 1086 265 47 sammanhang
1133 1098 45 22 av
1220 1084 133 48 Kungl.
1389 1084 105 48 Maj:t
1522 1084 131 36 äskade
1680 1085 331 48 anslagsbeloppen

407 1142 133 41 utgöra
567 1136 154 36 'sålunda
750 1137 161 43 500,000
941 1137 133 34 kronor
1102 1138 20 32 å
1152 1136 92 34 1921
1274 1138 57 32 års
1359 1135 225 48 tilläggsstat
1612 1135 68 35 och
1711 1136 198 43 4,000;000
1930 1136 81 34 kro-

408 1200 66 22 nor
501 1191 21 31 å
552 1189 93 33 1922
676 1190 55 32 års
761 1192 82 30 stat.

541 1287 13 35 I
583 1287 475 47 statsverkspropositionen
1086 1286 66 35 har
1178 1285 204 43 förutsatts,
1412 1290 53 30 att
1493 1298 43 22 av
1563 1285 45 35 de
1626 1290 55 30 tre
1700 1290 97 30 stora
1816 1285 195 43 maskiner,

405 1351 107 22 varav
540 1338 293 47 anläggningens
861 1336 115 36 första
1004 1336 218 48 utbyggnad
1250 1336 116 35 skulle
1395 1336 113 42 bestå,
1538 1339 60 32 två
1617 1336 118 35 skulle
1753 1335 172 36 beställas
1945 1348 67 22 un-

405 1388 66 36 der
507 1398 126 25 senare
661 1387 104 36 delen
794 1400 43 22 av
866 1390 39 32 år
935 1389 105 40 1921,
1069 1386 128 36 varvid
1225 1387 273 47 anläggningen
1527 1386 225 35 beräknades
1779 1386 98 35 bliva
1905 1385 107 36 drift-

410 1438 122 48 färdig
558 1441 40 32 år
629 1439 105 34 1924.
788 1438 189 47 Anslagen
1005 1443 60 28 äro
1093 1436 129 36 därvid
1242 1440 46 32 så
1313 1436 213 48 avpassade,
1547 1441 53 30 att
1619 1436 44 36 de
1677 1435 116 36 första
1807 1434 206 37 likviderna

404 1488 57 36 för
501 1490 98 34 såväl
627 1488 165 35 turbiner
820 1500 78 23 som
928 1488 56 35 för
1011 1493 238 42 generatorer
1275 1487 67 35 och
1371 1488 105 44 övrig
1504 1487 172 35 elektrisk
1706 1488 217 46 utrustning
1950 1493 62 28 äro

407 1540 128 34 tänkta
563 1538 207 36 utbetalade
798 1541 38 32 år
866 1540 107 33 1921.

541 1588 83 36 Med
652 1589 141 48 hänsyn
823 1589 58 34 till
909 1588 71 35 den
1009 1589 184 34 allmänna
1221 1587 261 48 depressionen
1511 1587 63 35 har
1604 1587 178 35 utskottet
1809 1592 121 31 ansett
1957 1588 56 46 sig

406 1641 87 34 böra
532 1638 214 44 undersöka,
791 1638 180 36 huruvida
1003 1639 79 34 icke
1110 1638 270 47 beställningen
1409 1650 43 22 av
1481 1637 43 36 de
1551 1640 60 33 två
1638 1637 115 35 första
1781 1638 233 34 maskinerna

406 1691 116 34 skulle
563 1690 124 35 kunna
725 1696 106 39 göras
871 1688 92 36 först
1004 1692 39 31 år
1067 1690 115 42 1922,
1212 1687 109 37 sedan
1359 1688 231 35 sistnämnda
1618 1691 57 31 års
1704 1687 146 46 riksdag
1877 1687 136 35 hunnit

406 1743 96 45 ånyo
542 1746 112 41 pröva
697 1739 126 47 frågan
861 1752 60 22 om
950 1743 107 31 sättet
1085 1737 58 36 för
1172 1738 61 36 det
1260 1737 172 36 fortsatta
1459 1737 240 36 bedrivandet
1721 1751 43 22 av
1792 1738 175 35 arbetena
1993 1741 20 31 å

410 1792 283 46 anläggningen.

531 1840 101 35 'Från
673 1839 393 49 vattenfallsstyrelsen
1108 1839 164 35 erhållna
1312 1837 193 49 uppgifter
1544 1839 91 35 hava
1675 1838 125 35 därvid
1829 1838 95 47 givit
1951 1837 62 35 vid

407 1891 158 42 handen,
594 1894 52 31 att
674 1895 52 30 ett
753 1889 131 36 sådant
912 1890 167 47 uppskov
1106 1889 202 47 lämpligen
1336 1891 71 33 kan
1436 1890 63 34 ske
1528 1885 225 39 beträffande
1780 1897 234 38 generatorer

408 1942 66 35 och
516 1941 103 47 övrig
650 1941 174 35 elektrisk
854 1941 224 46 utrustning,
1108 1940 132 34 medan
1267 1942 77 33 åter
1371 1939 46 35 de
1444 1939 94 35 båda
1565 1939 216 35 turbinerna
1808 1941 117 33 måste
1952 1938 61 35 'be-

408 1992 124 35 ställas
562 1991 120 35 "redan
712 1990 117 36 under
864 1990 245 35 innevarande
1137 1993 50 40 år,
1216 2002 58 23 om
1302 1990 80 35 icke
1409 1995 99 29 stora
1535 1989 236 48 olägenheter
1800 2001 43 22 ur
1868 1989 145 35 teknisk

397 2041 200 49 "synpunkt
625 2042 101 34 skola
754 2041 237 48 uppkomma.

546 2090 140 38 Genom
727 2097 51 29 ett
821 2091 166 47 uppskov
1014 2093 46 45 på
1087 2103 51 22 nu
1143 2084 12 58 '
1166 2092 147 44 angivet
1339 2095 74 30 sätt
1441 2089 83 36 med
1551 2088 254 37 anskaffandet
1832 2101 45 23 av
1904 2100 110 36 :gene-

409 2148 138 29 ratorer
586 2142 68 35 'och
694 2143 103 46 övrig
837 2141 174 35 elektrisk
1048 2142 216 46 utrustning
1290 2140 118 36 skulle
1435 2140 46 36 de
1509 2139 57 36 för
1594 2140 274 47 anläggningen
1897 2137 117 37 erfor-

410 2192 141 48 derliga
578 2192 182 48 beloppen
789 2192 127 34 kunna
942 2191 223 46 nedbringas
1193 2190 59 36 för
1278 2192 38 35 år
1346 2192 92 34 1921
1471 2189 81 36 från
1583 2191 194 42 1,000,000
1801 2182 211 55 kronor'till
