2218 2624
419 218 16 27 8
644 220 105 27 Andra
773 219 192 30 Kammarens
993 219 159 40 Tillfälliga
1182 222 124 29 Utskotts
1328 221 74 38 (N:o
1425 224 33 35 3)
1487 223 153 29 Utlåtande
1665 224 54 28 N:o
1743 224 54 29 37.

518 294 68 36 Att
613 295 132 36 bereda
773 296 62 36 det
861 298 155 35 svenska
1038 298 223 46 jordbruket
1288 300 124 47 någon
1439 299 165 47 lindring
1632 300 67 35 och
1728 300 145 35 lättnad
1891 300 12 35 i
1921 299 105 47 fråga

418 357 60 23 om
519 344 387 49 skifteskostnaderna,
938 348 66 35 har
1035 349 108 46 länge
1169 349 96 37 varit
1291 349 154 37 föremål
1471 349 58 37 för
1556 350 139 48 förslag
1723 350 68 37 och
1818 350 207 36 diskussion

416 395 93 35 både
548 396 101 35 inom
689 397 67 35 och
797 403 103 30 utom
933 398 220 49 Riksdagen.
1208 399 166 37 Sålunda
1400 401 145 36 väcktes
1573 401 41 36 år
1644 403 95 34 1868
1768 401 102 36 inom
1897 400 129 37 Första

418 445 221 37 Kammaren
668 448 142 36 motion
838 449 137 44 därom,
1004 454 53 31 att
1084 450 63 37 vid
1170 451 84 46 laga
1273 450 135 37 skiften
1428 452 11 35 i
1457 451 218 44 Jämtlands,
1695 452 330 36 Västernorrlands

417 496 66 35 och
510 496 244 38 Norrbottens
782 499 58 36 län
872 500 197 46 delägarne
1096 501 12 35 i
1135 500 157 38 skiftena
1320 502 118 36 skulle
1466 501 40 36 af
1529 503 190 35 allmänna
1743 502 121 36 medel
1887 501 139 37 erhålla

416 546 59 36 lån
514 546 58 37 för
613 548 235 38 bestridande
888 550 40 35 af
965 550 202 48 utgifterna
1202 552 11 35 i
1250 552 69 36 och
1355 552 57 36 för
1448 552 127 37 skiftet
1606 559 95 30 samt
1729 558 53 31 att
1809 552 59 37 för
1894 553 132 36 sådant

416 597 172 37 ändamål
618 601 155 43 100,000
802 601 180 36 riksdaler
1009 602 119 36 skulle
1155 603 124 35 ställas
1306 603 58 35 till
1392 603 134 48 Kungl.
1546 603 117 47 Maj:ts
1692 602 230 47 förfogande.

519 648 128 37 Denna
687 651 151 44 motion,
871 664 78 23 som
976 653 11 34 i
1016 651 210 37 hufvudsak
1254 653 198 48 förnyades
1480 654 62 36 vid
1573 656 94 35 1869
1698 655 68 35 och
1798 656 95 35 1870
1921 654 105 37 årens

416 699 200 46 riksdagar,
650 700 79 36 blef
757 702 204 36 emellertid
987 702 41 36 af
1053 703 208 48 Riksdagen
1290 703 175 47 afslagen,
1494 704 84 36 med
1604 704 275 37 framhållande
1906 704 39 36 af
1971 710 55 31 att

417 756 135 41 gagnet
592 751 68 35 och
699 751 168 37 fördelen
903 753 40 35 af
976 754 84 45 laga
1095 753 160 37 skiftena
1295 755 115 36 borde
1446 768 104 23 anses
1578 763 171 39 uppväga
1776 755 250 37 kostnaderna

417 800 134 45 därför,
579 801 179 37 ehuruväl
786 802 105 37 dessa
917 804 200 36 kostnader
1143 818 87 23 vore
1257 805 237 47 betungande
1520 805 58 37 för
1599 807 235 45 jordägarne.

517 851 74 36 Vid
622 853 92 35 1877
744 853 57 35 års
828 854 150 46 riksdag
1004 853 246 38 framställdes
1274 855 137 47 förslag
1430 856 137 45 därom,
1587 862 64 41 att,
1672 856 59 36 för
1749 856 275 37 skiftesverkets

417 902 148 36 raskare
606 902 208 45 befordran,
856 903 39 37 af
930 906 189 35 allmänna
1151 905 119 37 medel
1297 906 113 36 måtte
1437 906 150 37 afsättas
1614 913 52 31 ett
1692 908 171 46 lämpligt
1888 908 135 47 belopp

416 952 58 36 för
501 958 54 30 att
582 952 150 38 därmed
760 955 59 35 till
845 955 246 37 landtmätare
1118 956 121 36 betala
1267 959 47 34 20
1343 962 151 42 procent
1521 957 40 37 af
1585 959 82 36 hela
1690 957 334 37 skifteskostnaden

418 1003 68 36 och
515 1003 214 47 därigenom
756 1006 146 35 minska
928 1006 214 47 delägarnes
1169 1005 155 47 utgifter
1351 1007 11 35 i
1391 1007 99 36 detta
1517 1007 180 38 afseende.

518 1054 83 35 Icke
629 1055 113 36 heller
770 1056 122 36 denna
919 1056 275 46 framställning
1221 1057 174 48 lyckades
1422 1058 115 36 vinna
1564 1059 229 46 Riksdagens
1821 1059 114 36 bifall.

519 1104 53 36 Af
607 1119 43 22 en
691 1106 444 47 gottlandsrepresentant
1174 1109 100 34 inom
1316 1106 134 38 Andra
1485 1108 223 37 Kammaren
1741 1109 192 36 framhölls
1960 1110 64 36 vid

422 1156 92 35 1885
543 1155 58 36 års
627 1155 151 48 riksdag
804 1157 54 35 uti
887 1171 44 22 en
959 1157 47 36 då
1032 1159 111 34 väckt
1168 1159 153 44 motion,
1349 1164 56 30 att
1428 1158 411 38 skiftesverksamheten
1859 1160 46 47 på
1924 1159 103 37 Gott-

417 1205 88 36 land
546 1219 87 23 vore
672 1208 238 47 synnerligen
950 1207 222 47 nödvändig,
1213 1216 88 29 enär
1333 1217 139 40 ägorna
1503 1209 49 47 på
1579 1209 181 38 Gottland
1788 1224 88 23 vore
1904 1211 121 45 kring-

418 1256 151 36 strödda
610 1257 66 36 och
716 1258 193 46 splittrade
944 1258 68 36 och
1046 1263 64 40 att,
1132 1260 44 45 ju
1203 1260 156 46 lifligare
1385 1260 409 38 skiftesverksamheten
1822 1260 201 45 bedrefves,

418 1306 101 36 desto
547 1320 79 24 mer
652 1308 135 36 ökades
816 1308 44 37 de
888 1309 238 36 ekonomiska
1153 1310 276 46 svårigheterna
1455 1310 58 37 för
1539 1311 281 47 befolkningen;
1842 1312 67 35 och
1929 1312 96 36 hem-

417 1357 131 37 ställde
585 1358 125 36 därför
744 1360 242 44 motionären,
1015 1365 54 30 att
1097 1365 52 31 ett
1175 1361 134 48 belopp
1338 1361 41 36 af
1404 1363 156 43 600,000
1588 1362 146 45 kronor,
1763 1363 151 36 hvartill
1942 1363 83 36 hela

418 1407 255 37 skiftesverket
698 1409 47 46 på
773 1408 178 38 Gottland
978 1410 226 37 beräknades
1234 1412 132 46 uppgå,
1390 1412 113 36 måtte
1525 1413 126 35 ställas
1669 1413 58 35 till
1747 1413 136 47 Kungl.
1903 1413 120 48 Maj:ts

418 1458 217 47 disposition
671 1458 59 37 för
770 1465 56 30 att
866 1460 150 36 därmed
1053 1462 160 35 bestrida
1248 1461 204 48 utgifterna
1489 1462 37 36 åt
1557 1464 247 36 landtmätare
1832 1464 69 35 och
1928 1464 96 47 gode

418 1517 84 28 män
539 1516 78 29 mot
651 1510 136 36 villkor
823 1516 55 30 att
913 1511 103 36 dessa
1051 1512 200 36 kostnader
1286 1512 41 36 af
1359 1512 324 47 skiftesdelägarne
1720 1514 304 36 återbetalades
2006 1506 22 57 i

418 1573 140 23 samma
585 1560 159 49 ordning
771 1574 80 23 som
877 1574 88 24 vore
992 1562 167 36 bestämd
1187 1562 58 36 för
1272 1563 218 46 odlingslån.

517 1610 181 46 Slutligen
737 1613 148 35 väcktes
917 1612 39 35 år
986 1614 94 34 1887
1108 1614 101 35 inom
1237 1614 228 45 Riksdagens
1493 1614 96 36 båda
1615 1615 151 35 kamrar
1792 1616 142 35 motion
1962 1629 60 22 om

417 1660 205 37 afsättande
649 1661 41 36 af
714 1675 45 23 en
787 1662 174 37 lånefond
989 1662 21 36 å
1038 1665 192 43 5,000,000
1259 1665 147 43 kronor,
1429 1670 54 31 att
1506 1666 189 35 användas
1714 1666 55 36 till
1791 1667 233 48 utbetalning

418 1711 39 36 af
494 1712 407 37 landtmäteriarfvodet
932 1712 58 37 för
1022 1713 407 50 skiftesförrättningar,
1461 1722 79 29 mot
1570 1717 136 36 villkor
1738 1722 54 30 att
1820 1717 204 36 detsamma

418 1761 250 47 återgäldades
696 1762 41 46 af
760 1763 328 47 skiftesdelägarne
1115 1766 11 34 i
1154 1778 139 23 samma
1321 1766 158 46 ordning
1505 1779 78 23 som
1612 1767 220 45 odlingslån.

517 1812 127 37 Såsom
676 1814 79 35 skäl
786 1813 59 37 för
872 1814 120 36 denna
1018 1814 274 50 framställning
1319 1816 155 37 anförde
1500 1819 284 42 motionärerna,
1813 1822 64 42 att,
1906 1817 116 36 ehuru

417 1863 83 46 laga
526 1863 156 37 skiftena
708 1864 130 47 pågått
864 1865 110 35 sedan
1004 1865 40 36 år
1074 1867 106 44 1827,
1209 1868 106 42 5,500
1343 1868 141 34 mantal
1512 1869 89 35 eller
1627 1881 45 23 en
1700 1866 167 37 tolftedel
1892 1867 40 36 af
1949 1869 75 35 lan-

417 1914 78 36 dets
523 1914 83 37 hela
632 1917 140 34 mantal
800 1916 68 35 och
896 1915 156 48 ungefär
1080 1929 44 23 en
1152 1915 180 49 fjärdedel
1360 1917 41 36 af
1424 1918 142 36 landets
1593 1919 84 35 hela
1700 1919 98 35 areal
1818 1925 99 29 ännu
1936 1933 87 23 vore

419 1964 171 48 oskiftad,
632 1971 53 30 att
720 1966 249 36 kostnaderna
999 1966 59 36 för
1084 1966 256 38 skiftesverket
1367 1968 21 36 å
1416 1968 69 36 den
1513 1968 158 36 sålunda
1699 1968 181 38 oskiftade
1907 1970 115 44 delen,

417 2015 150 37 hvilken
608 2016 158 36 kostnad
806 2016 229 37 beräknades
1076 2018 126 48 uppgå
1240 2019 58 35 till
1339 2020 172 45 omkring
1545 2021 217 43 10,000,000
1790 2021 138 35 kronor
1954 2021 68 35 och

416 2065 138 46 ärligen
583 2065 166 37 medföra
777 2081 44 22 en
850 2067 111 47 utgift
988 2067 40 36 af
1053 2069 171 45 omkring
1253 2071 158 43 500,000
1441 2070 137 36 kronor
1603 2070 57 36 för
1687 2070 336 46 skiftesdelägarne,

416 2116 118 36 skulle
562 2118 157 45 oskäligt
745 2118 164 46 betunga
937 2118 113 47 dessa,
1078 2119 11 35 i
1117 2120 201 47 synnerhet
1344 2133 79 23 som
1448 2121 85 45 laga
1551 2120 157 37 skiftena
1728 2134 153 23 numera
1901 2120 122 47 afsåge

416 2165 309 50 hufvudsakligen
753 2168 144 36 landets
925 2182 100 22 mera
1052 2169 162 46 aflägsna
1241 2170 111 36 delar.

514 2216 147 37 Jämväl
698 2218 104 36 dessa
838 2219 182 36 motioner
1046 2219 124 37 blefvo
1199 2220 41 36 af
1264 2221 207 47 Riksdagen
1509 2221 166 45 afslagna
1712 2221 312 48 hufvudsakligen

413 2267 47 46 på
488 2267 70 35 den
586 2269 131 44 grund,
746 2275 54 29 att
828 2270 62 35 det
916 2269 129 46 ansågs
1073 2269 85 46 föga
1185 2272 215 35 välbetänkt
1428 2277 51 30 att
1501 2272 60 35 vid
1583 2272 69 35 den
1673 2271 188 48 tidpunkt,
1876 2272 46 36 då
1941 2273 85 45 laga
