2243 2679
435 170 19 31 2
824 160 362 44 Bevillningsutskottets
1209 156 195 34 betänkande
1426 155 53 32 Nr
1502 155 51 33 58.

523 247 147 39 Chefen
698 245 58 37 för
783 243 423 49 finansdepartementet
1233 239 78 47 har,
1340 238 11 36 i
1380 235 222 49 anslutning
1630 234 55 36 till
1712 232 72 37 vad
1805 231 182 37 statskon-

391 308 97 32 toret
515 302 12 36 i
556 300 151 48 avgivet
734 296 176 53 yttrande
938 295 12 37 i
979 299 127 32 ämnet
1135 293 135 46 anfört,
1299 291 57 37 till
1385 290 63 36 det
1467 284 383 53 statsrådsprotokoll,
1871 297 115 23 varav

391 356 141 48 utdrag
558 353 168 49 bifogats
753 348 255 39 innevarande
1037 350 60 34 års
1126 342 458 52 statsverksproposition,
1613 340 146 46 uttalat,
1785 342 55 32 att
1859 336 126 37 växel-

391 407 324 51 stämpelskatten,
744 416 81 24 som
854 403 59 36 för
940 399 235 39 närvarande
1203 396 223 50 inbringade
1455 394 176 49 omkring
1672 392 202 48 2,000,000
1903 389 83 36 kro-

390 475 69 23 nor
501 474 62 23 om
605 461 90 44 året,
732 469 89 24 vore
858 454 182 48 behövlig
1077 452 58 36 för
1162 449 249 51 uppgörande
1441 461 44 23 av
1517 448 97 35 1914
1643 448 59 34 års
1730 443 144 49 budget
1901 441 86 37 med

390 515 87 36 dess
519 510 176 51 stegrade
737 507 248 50 anslagskrav
1026 505 70 37 och
1135 508 54 33 att
1217 503 45 37 de
1291 498 374 41 förhandenvarande
1692 496 211 38 utsikterna
1933 499 56 32 att

390 571 139 33 ersätta
570 565 123 36 denna
734 562 101 37 skatt
876 559 85 38 med
996 571 123 24 annan
1147 555 263 39 statsinkomst
1437 565 89 25 vore
1553 551 119 50 ringa.
1728 548 85 37 Med
1841 548 147 48 hänsyn

390 618 126 38 härtill
559 619 118 46 ansåg
719 615 60 48 gig
815 609 413 54 departementschefen
1264 608 83 37 icke
1388 606 59 37 för
1487 603 232 38 närvarande
1760 602 129 35 kunna
1916 600 72 36 till-

391 672 132 49 styrka
565 667 174 51 åtgärder
767 668 12 36 i
807 667 62 36 det
910 678 47 23 av
997 663 220 48 Riksdagen
1259 661 165 49 angivna
1465 657 127 51 syftet,
1634 656 70 37 och
1736 655 67 36 har
1831 652 158 38 sålunda

390 727 118 46 något
537 722 141 47 förslag
706 733 61 23 om
794 716 254 51 upphävande
1077 729 46 22 av
1150 712 287 50 ifrågavarande
1465 709 160 48 stämpel
1654 722 45 22 av
1719 707 139 47 Kungl.
1882 706 107 47 Maj:t

390 776 33 49 ej
453 774 183 49 förelagts
665 771 229 49 Riksdagen.

520 879 206 45 Utskottet,
756 889 80 24 som
865 874 101 37 delar
994 873 72 36 den
1094 885 47 23 av
1161 869 133 39 chefen
1314 869 59 36 för
1390 866 420 49 finansdepartementet
1830 862 158 37 sålunda

390 933 169 37 uttalade
598 929 306 52 uppfattningen,
943 931 53 31 att
1038 925 61 36 det
1137 937 46 23 av
1216 920 305 39 statsfinansiella
1549 918 81 37 skäl
1659 917 31 49 ej
1723 922 40 31 är
1791 914 196 49 tillrådligt

393 991 53 32 att
487 985 178 48 borttaga
705 979 312 52 stämpelskatten
1049 980 21 34 å
1097 976 139 37 inrikes
1264 973 142 49 växlar,
1435 972 56 37 får
1518 968 233 40 fördenskull
1779 967 208 46 hemställa,

920 1089 55 31 att
1016 1080 245 40 förevarande
1303 1078 184 37 motioner
1527 1076 92 36 I:59
1650 1088 46 23 av
1725 1074 85 36 herr
1837 1072 152 38 Gelotte

791 1153 48 22 m.
868 1137 51 47 fl.,
959 1136 94 36 1:60
1096 1148 45 23 av
1183 1133 84 36 herr
1307 1130 189 38 Bellinder
1537 1134 96 31 samt
1660 1127 48 36 II:
1729 1128 71 34 130
1830 1139 46 23 av
1904 1125 85 36 herr

792 1189 215 38 Henrikson
1034 1188 12 35 i
1073 1187 155 46 Heberg
1255 1198 48 22 m.
1327 1183 49 47 £l.,
1397 1196 60 23 om
1477 1179 250 52 upphävande
1748 1192 45 22 av
1813 1177 176 48 stämpel-

793 1243 149 37 skatten
984 1243 20 33 å
1044 1238 140 38 inrikes
1222 1235 141 48 växlar,
1403 1235 82 36 icke
1527 1235 116 35 måtte
1684 1245 46 22 av
1768 1228 220 49 Riksdagen

790 1294 162 38 bifallas.

523 1402 219 38 Stockholm
772 1401 71 36 den
872 1400 45 35 21
948 1396 73 49 maj
1054 1396 109 35 1913.

838 1504 53 36 På
918 1498 437 50 bevillningsutskottets
1382 1500 163 44 vägnar:

971 1605 46 37 K.
1049 1603 46 38 G.
1125 1601 280 38 KARLSSON.

1020 1813 341 41 Reservationer:

522 1941 45 23 av
596 1927 126 36 herrar
749 1925 118 44 Röing
895 1922 71 36 och
993 1921 122 45 Rune;
1143 1923 97 32 samt

523 2045 44 23 av
596 2032 87 35 herr
711 2030 214 34 Bäckström
952 2025 13 36 i
993 2025 107 47 fråga
1129 2036 60 23 om
1218 2019 288 48 motiveringen.

628 2340 513 46 STOCKHOLM,
872 2328 105 62 ISAAC
999 2340 142 46 MARCUS'
1158 2333 500 46 BOKTRYCKERLAKTIEBOLAG,
1678 2332 81 41 1913.
