1898 2839
270 191 42 30 34
359 191 102 42 (330)
826 192 66 30 Utl.
917 201 42 21 nr
983 193 42 30 28
1049 193 39 30 år
1115 193 83 30 1969

314 271 50 30 Av
383 271 80 31 herr
481 272 262 31 Abrahamsson
769 273 92 41 (fp):

309 344 57 36 Jag
384 354 93 19 anser
496 347 44 26 att
560 346 132 29 ärendet
710 347 73 27 med
802 347 125 35 hänsyn
947 348 49 28 till
1014 348 129 36 frågans
1165 348 162 36 betydelse
1347 349 51 28 för
1418 349 179 36 citymiljön
1617 349 58 29 bör
1694 359 56 19 un-

270 399 166 29 derställas
459 400 303 37 stadsfullmäktiges
785 403 170 35 prövning.

311 490 357 33 Kammarkontorets
699 492 314 39 tjänsteutlåtande
1046 493 98 40 fogas
1178 503 74 20 som
1287 493 111 40 bilaga
1431 494 20 29 9
1483 494 53 30 till
1569 494 94 30 detta
1698 496 52 28 ut-

268 544 149 31 låtande.

308 635 270 41 Föredragande
594 637 230 40 borgarrådet
837 637 63 30 har
917 637 117 30 anfört
1049 637 167 40 följande.

311 707 216 40 Riksdagens
547 708 360 41 förvaltningskontor
926 709 64 31 har
1009 710 147 31 anhållit
1177 713 50 28 att
1248 711 220 30 Stockholms
1489 713 73 28 stad
1581 711 79 30 ville
1679 712 68 30 sät-

266 763 36 28 ta
322 762 169 40 styrelsen
499 758 17 52 i
541 763 137 30 tillfälle
699 765 50 29 att
770 764 191 30 informera
980 764 187 41 riksdagen
1187 774 57 21 om
1266 765 72 30 dels
1359 765 141 30 stadens
1520 765 156 41 villighet
1696 768 50 28 att

266 816 187 30 medverka
470 817 53 30 till
541 827 42 20 en
601 818 286 40 arkitekttävling
907 819 12 29 i
937 819 346 31 överensstämmelse
1300 820 80 30 med
1397 820 206 40 riksdagens
1621 820 124 35 beslut,

270 870 96 33 (BaU
394 871 145 29 1968:48
566 873 64 27 och
658 872 72 34 54),
758 873 73 29 dels
858 873 194 29 eventuella
1078 874 229 28 ekonomiska
1335 874 154 38 anspråk
1517 874 80 29 från
1626 875 122 28 staden

265 925 72 28 mot
352 923 197 41 riksdagen.

309 977 64 30 Det
398 987 61 20 var
484 978 57 30 vid
570 980 260 30 sammanträde
856 981 66 29 den
947 981 40 30 27
1014 991 94 21 mars
1137 982 82 30 1968
1246 992 75 21 som
1348 983 260 40 stadskollegiet
1635 984 110 30 första

264 1031 133 40 gången
421 1032 217 30 behandlade
663 1033 124 40 frågan
811 1034 178 40 angående
1014 1035 286 41 arkitekttävling
1325 1046 57 21 om
1407 1039 77 38 nytt
1507 1038 237 40 riksdagshus.

265 1085 261 41 Stadskollegiet
542 1087 111 30 beslöt
669 1087 44 30 då
729 1088 112 30 uttala
857 1091 50 28 att
925 1089 122 30 staden
1064 1090 37 29 är
1118 1089 95 41 villig
1229 1091 188 30 medverka
1432 1091 53 30 till
1503 1092 241 31 anordnandet

264 1149 42 19 av
326 1149 43 20 en
391 1140 286 41 arkitekttävling
698 1142 55 29 för
774 1142 57 30 det
855 1143 142 30 område
1020 1153 75 20 som
1116 1144 167 30 omfattar
1304 1145 79 30 hela
1405 1146 339 39 Helgeandsholmen

263 1194 63 29 och
346 1194 66 30 den
431 1195 54 29 del
505 1204 42 20 av
564 1195 198 30 Norrmalm
783 1206 75 20 som
876 1197 189 40 begränsas
1085 1207 42 21 av
1146 1198 258 40 Rödbodtorget
1424 1200 10 29 i
1454 1200 125 34 väster,
1600 1200 145 30 Jakobs-

263 1249 103 37 gatan
385 1249 65 29 och
468 1249 130 30 Jakobs
618 1250 90 39 Torg
727 1250 10 29 i
758 1260 81 20 norr
859 1252 64 28 och
943 1252 414 39 Kungsträdgårdsgatan
1378 1254 11 29 i
1409 1255 102 33 öster,
1532 1254 120 30 varvid
1673 1255 73 29 täv-

262 1301 276 40 lingsuppgiften
559 1303 112 30 skulle
692 1313 83 21 vara
796 1306 51 29 att
868 1304 195 41 framlägga
1083 1305 132 41 förslag
1234 1306 53 30 till
1308 1306 226 41 riksdagshus
1556 1308 107 39 enligt
1684 1308 59 30 nå-

262 1358 56 36 got
336 1365 41 20 av
395 1356 230 30 alternativen
645 1358 27 33 1,
691 1358 18 29 2
728 1358 82 29 eller
829 1358 18 30 3
866 1367 19 20 a
905 1361 89 27 samt
1014 1361 49 28 att
1082 1368 87 31 ange
1188 1360 196 39 principiell
1403 1361 219 40 utformning
1642 1371 42 20 av
1703 1363 41 29 de

262 1409 95 29 delar
376 1419 42 19 av
436 1410 158 30 området
614 1420 74 20 som
708 1411 70 30 inte
796 1411 173 31 behövdes
990 1412 54 30 för
1062 1413 187 40 riksdagen
1269 1423 80 20 men
1369 1423 75 21 som
1463 1414 87 30 efter
1570 1424 71 21 om-
1660 1415 83 30 eller

261 1463 207 40 nybyggnad
487 1464 106 30 borde
613 1465 178 30 användas
810 1465 55 30 för
884 1468 325 38 statsdepartement
1229 1467 82 30 eller
1332 1468 122 40 dylikt.

304 1517 52 30 Då
374 1518 206 40 riksdagens
599 1519 254 31 bankoutskott
871 1520 217 31 behandlade
1110 1522 142 30 ärendet
1272 1521 178 40 angående
1472 1524 76 38 nytt
1569 1523 175 40 riksdags-

259 1570 67 30 hus
345 1571 151 40 föreslog
513 1572 94 30 detta
624 1574 50 28 att
691 1573 331 40 arkitekttävlingen
1039 1574 106 30 också
1163 1575 112 30 skulle
1293 1575 35 30 få
1346 1575 149 31 omfatta
1512 1577 229 29 alternativen

261 1624 52 30 3b
334 1626 65 29 och
420 1626 18 29 3
452 1635 27 26 c,
501 1627 236 30 innebärande
759 1630 50 27 att
831 1628 86 29 även
937 1628 95 30 vissa
1053 1628 95 30 delar
1171 1639 41 20 av
1233 1629 158 30 området
1413 1639 83 21 norr
1518 1640 56 20 om
1597 1631 146 30 Jakobs-

260 1681 105 37 gatan
379 1680 73 29 fick
466 1682 54 28 tas
536 1681 89 29 med.

305 1732 12 29 I
347 1733 188 40 anledning
564 1743 42 20 av
634 1734 307 31 bankoutskottets
972 1736 131 39 förslag
1133 1737 275 30 aktualiserades
1439 1738 142 30 ärendet
1611 1738 89 41 ånyo
1730 1739 12 29 i

261 1787 269 40 stadskollegiet,
551 1797 74 21 som
643 1788 58 30 vid
721 1789 260 31 sammanträde
1000 1790 67 30 den
1086 1790 39 30 27
1146 1791 70 39 maj
1241 1791 82 30 1968
1342 1792 64 30 hos
1425 1792 187 40 riksdagen
1631 1792 111 31 beslöt

258 1839 186 31 hemställa
468 1843 50 28 att
541 1841 187 40 riksdagen
751 1842 58 30 vid
833 1843 60 30 sitt
915 1843 114 30 beslut
1053 1844 79 29 med
1156 1845 188 39 anledning
1367 1854 43 21 av
1432 1845 307 31 bankoutskottets

259 1893 131 40 förslag
414 1903 42 20 ur
480 1894 227 40 planeringen
731 1896 65 29 och
821 1896 330 41 arkitekttävlingen
1176 1898 108 30 måtte
1310 1899 153 30 utesluta
1487 1899 41 29 de
1553 1900 185 34 varianter,

259 1956 74 21 som
354 1948 113 29 skulle
487 1948 167 31 innebära
674 1951 50 28 att
746 1952 48 28 ett
813 1952 77 38 nytt
912 1950 230 40 riksdagshus
1163 1951 153 31 förlades
1337 1952 71 30 inte
1427 1952 85 31 bara
1531 1953 52 30 till
1603 1953 136 30 kvarte-

258 2010 61 20 ren
341 2002 100 29 söder
462 2011 57 21 om
540 2002 238 40 Jakobsgatan
800 2006 85 27 utan
906 2004 106 30 också
1033 2005 53 29 till
1107 2005 184 30 kvarteren
1313 2015 83 21 norr
1417 2007 129 29 därom.

303 2055 12 30 I
335 2055 59 30 sitt
410 2056 115 30 beslut
548 2057 94 34 (BaU
664 2057 144 30 1968:48
827 2058 65 30 och
911 2057 57 35 54)
991 2059 110 29 beslöt
1119 2059 188 40 riksdagen
1326 2059 88 40 följa
1433 2060 306 31 bankoutskottets

258 2109 130 39 förslag
412 2109 65 30 och
500 2110 189 40 tillstyrkte
713 2111 134 30 således
871 2114 50 27 att
945 2112 331 40 arkitekttävlingen
1299 2113 72 30 fick
1395 2114 150 30 omfatta
1568 2115 104 39 något
1697 2125 42 19 av

257 2163 229 30 alternativen
511 2164 25 34 1,
559 2164 18 29 2
599 2164 82 30 eller
703 2164 17 30 3
742 2165 12 29 i
775 2165 370 40 byggnadsstyrelsens
1166 2167 188 39 utredning
1378 2167 238 40 »Riksdagens
1638 2168 99 30 hus».

301 2217 57 30 Ett
382 2218 282 39 programarbete
689 2218 54 30 för
768 2219 330 41 arkitekttävlingen
1122 2220 107 40 pågår
1253 2230 48 20 nu
1325 2220 66 31 och
1413 2221 138 31 bedrivs
1576 2222 95 30 inom
1695 2231 42 21 en

256 2271 229 40 arbetsgrupp
510 2272 186 30 bestående
721 2283 42 20 av
787 2273 215 40 tjänstemän
1030 2274 79 30 från
1133 2275 206 39 riksdagens
1366 2276 369 39 förvaltningskontor,

257 2325 219 30 Stockholms
502 2328 74 28 stad
600 2326 65 30 och
689 2327 352 40 byggnadsstyrelsen
1066 2328 111 30 under
1202 2329 301 40 ordförandeskap
1530 2339 42 20 av
1596 2330 140 30 förvalt-

256 2380 283 39 ningskontorets
562 2380 164 30 direktör.

299 2434 115 29 Under
433 2435 316 38 programarbetets
769 2435 89 40 gång
877 2435 64 30 har
960 2436 79 29 från
1061 2436 140 30 stadens
1222 2437 75 30 sida
1316 2437 151 31 lämnats
1487 2447 42 20 en
1547 2439 189 39 redogörel-

255 2496 34 20 se
311 2487 55 30 för
386 2488 92 29 vissa
500 2488 355 40 stadsplanemässiga
875 2489 258 30 konsekvenser
1154 2500 42 20 av
1217 2493 50 27 att
1288 2500 42 20 en
1352 2491 285 40 arkitekttävling
1658 2493 77 29 ord-

255 2551 62 20 nas
333 2550 56 21 om
405 2544 47 27 ett
467 2542 229 39 riksdagshus
712 2543 105 39 enligt
832 2543 105 39 något
951 2553 42 20 av
1008 2544 229 29 alternativen
1253 2544 18 30 3
1287 2554 28 25 a,
1330 2545 21 29 b
1366 2545 65 29 och
1445 2554 27 20 c.
