1887 2829
1582 210 60 32 115

159 282 118 29 kunde
295 282 91 30 låsas
407 283 38 29 så
465 285 49 28 att
533 283 180 38 byggande
732 285 143 30 utanför
893 286 310 37 tävlingsområdet
1222 287 72 31 inte
1313 288 200 31 hindrades.
1533 289 111 38 Något

161 326 124 30 sådant
307 328 158 30 material
488 329 63 29 har
574 330 190 29 emellertid
786 330 72 30 inte
880 334 244 34 presenterats.
1147 332 175 38 Styrelsen
1344 334 64 29 har
1431 334 119 30 därför
1572 335 72 30 inte

159 371 77 30 haft
258 373 182 37 möjlighet
464 375 50 28 att
536 374 146 30 bedöma
705 375 256 38 omfattningen
985 386 41 20 av
1050 377 332 38 återverkningarna
1405 379 143 30 utanför
1571 381 72 29 täv-

160 417 260 37 lingsområdet.
443 419 74 30 Inte
539 419 108 30 heller
669 420 63 30 har
754 421 269 37 möjligheterna
1046 424 49 28 att
1118 422 170 38 begränsa
1310 424 100 30 dessa
1432 425 211 37 verkningar

159 463 136 29 kunnat
318 463 176 30 bedömas.
519 465 64 29 Det
607 465 38 29 är
669 465 88 30 dock
781 466 195 37 uppenbart
1002 469 48 28 att
1076 477 42 20 en
1141 468 256 38 tävlingsgräns
1422 469 11 29 i
1457 470 185 31 Herkules-

159 509 104 35 gatan
292 508 69 29 kan
390 517 39 29 ge
457 509 221 37 möjligheter
706 511 52 29 till
786 512 139 36 mycket
954 513 87 35 goda
1070 513 370 38 riksdagshusprojekt
1470 516 86 29 även
1586 525 56 20 om

157 552 158 30 området
329 553 112 30 måste
455 553 149 32 belastas
619 555 78 30 med
713 565 41 20 en
769 556 61 29 rad
846 556 241 31 restriktioner
1101 557 11 30 i
1127 559 226 36 gränszonen.

157 634 298 37 Kostnadsfrågor

202 696 128 30 Staden
350 707 102 27 synes
473 707 79 21 avse
572 700 49 28 att
641 700 107 29 kräva
767 701 438 38 kostnadskompensation
1226 704 121 30 endast
1368 713 55 20 om
1444 704 198 38 cityplanen

157 741 128 30 rubbas
303 751 83 21 norr
404 752 56 20 om
478 743 248 39 Jakobsgatan.

202 787 267 38 Ersättningens
495 789 130 30 storlek
650 798 97 22 avses
772 790 48 30 bli
845 790 146 31 föremål
1017 792 55 29 för
1097 792 276 39 förhandlingar.
1399 795 242 30 Kostnaderna

158 832 69 28 kan
245 832 95 30 delas
358 832 11 29 i

205 877 27 28 1.
268 884 123 30 genom
416 878 204 38 riksdagens
643 879 113 31 beslut
780 890 56 20 om
860 881 142 30 fortsatt
1026 883 186 38 utredning
1236 884 65 29 och
1325 884 252 31 förberedande
1601 895 41 20 av

156 922 133 37 tävling
306 923 108 29 redan
431 924 170 30 orsakade
618 925 200 36 kostnader,

202 966 30 30 2.
268 967 189 31 kostnader
478 969 57 29 vid
557 969 42 30 de
620 970 93 29 olika
734 972 443 30 norrmalmsalternativen
1200 983 72 20 som
1296 975 144 30 orsakas
1464 984 41 21 av
1527 977 49 28 att
1600 976 41 29 de

156 1012 80 35 görs
254 1011 53 30 till
322 1012 150 36 föremål
487 1013 57 36 för
562 1014 140 38 tävling,

202 1056 29 29 3.
268 1057 188 30 kostnader
474 1068 74 20 som
566 1060 144 29 orsakas
729 1069 41 20 av
787 1063 50 27 att
853 1061 93 30 vissa
963 1061 131 38 förslag
1112 1063 219 37 genomföres
1351 1065 87 35 efter
1456 1064 185 37 tävlingen.

202 1101 12 29 I
232 1101 137 38 princip
388 1112 101 27 synes
507 1112 82 20 man
606 1104 56 29 vid
681 1114 42 20 en
740 1104 210 39 bedömning
969 1116 41 20 av
1029 1107 201 31 samhällets
1249 1109 111 29 ökade
1379 1110 187 29 kostnader
1584 1111 57 28 vid

156 1154 42 20 en
213 1145 220 39 förläggning
448 1156 40 20 av
502 1149 150 36 gränsen
665 1149 11 29 i
690 1150 277 37 Herkulesgatan
982 1152 122 29 endast
1118 1152 133 30 behöva
1264 1153 126 30 beakta

201 1208 44 4 —
266 1191 198 31 skillnaden
485 1193 129 30 mellan
637 1194 236 31 kostnaderna
896 1196 105 37 enligt
1027 1196 26 30 .2
1077 1206 74 20 som
1174 1199 144 29 orsakas
1342 1207 41 21 av
1406 1201 49 27 att
1477 1200 164 37 tävlings-

155 1236 150 36 gränsen
319 1236 153 38 förläggs
486 1238 52 29 till
553 1239 277 37 Herkulesgatan
844 1240 11 29 i
869 1241 115 29 stället
999 1241 54 29 för
1067 1242 239 37 Jakobsgatan
1319 1261 45 3 —

199 1298 45 3 —
261 1281 197 30 skillnaden
475 1283 129 29 mellan
622 1284 148 30 kostnad
789 1285 106 37 enligt
915 1285 27 30 .3
961 1285 54 30 för
1033 1286 57 30 det
1107 1287 140 37 projekt
1266 1297 74 20 som
1359 1288 199 37 genomförs
1577 1290 64 29 och

156 1326 47 29 ett
218 1326 273 37 genomförande
507 1337 41 20 av
563 1330 47 28 ett
626 1329 227 37 riksdagshus
870 1331 100 29 söder
986 1340 56 21 om
1058 1332 248 38 Jakobsgatan.

200 1371 450 39 Borgarrådsberedningen
671 1382 104 29 anger
796 1375 139 30 stadens
955 1377 109 29 totala
1083 1377 189 30 kostnader
1291 1378 51 29 till
1364 1378 107 30 minst
1491 1379 40 30 35
1552 1380 87 29 Mkr.

155 1416 152 29 Bortsett
326 1415 80 31 från
425 1417 189 30 kostnader
632 1418 11 29 i
663 1419 168 30 samband
850 1421 79 28 med
947 1421 331 31 tunnelbanehallen
1297 1424 99 29 torde
1415 1424 114 30 denna
1548 1434 92 20 sum-

155 1469 58 21 ma
228 1469 80 22 avse
323 1462 162 37 samtliga
499 1463 189 30 kostnader
703 1464 57 29 vid
776 1464 56 30 det
848 1465 185 30 alternativ
1049 1475 74 21 som
1140 1475 58 29 ger
1214 1468 106 30 störst
1337 1469 208 37 störningar.
1562 1470 77 29 Med

155 1506 138 37 hänsyn
309 1506 52 30 till
378 1507 66 29 vad
460 1508 147 37 tidigare
624 1508 135 31 anförts
777 1519 55 20 om
850 1510 234 30 relationerna
1100 1512 129 29 mellan
1246 1513 42 30 de
1305 1513 93 30 olika
1415 1515 225 30 norrmalms-

156 1551 230 30 alternativen
418 1552 99 30 torde
548 1553 42 29 de
623 1554 149 36 angivna
805 1555 410 31 kostnadsskillnaderna
1248 1558 120 29 kunna
1400 1558 48 30 bli
1482 1561 157 28 avsevärt

154 1595 137 30 mindre
308 1597 45 28 än
371 1597 177 30 aviserade
566 1597 40 30 35
624 1598 89 30 Mkr.

199 1640 13 29 I
230 1641 216 37 Riksdagens
463 1642 67 30 hus
548 1650 128 30 angavs
694 1643 158 37 följande
869 1644 263 32 årskostnader:

344 1687 59 29 alt.
423 1687 15 28 I
848 1689 58 30 alt.
924 1689 18 30 2
1352 1694 58 29 alt.
1429 1693 18 30 3

325 1731 40 29 14
382 1731 79 29 Mkr
812 1734 71 35 11,5
902 1734 78 30 Mkr
1333 1737 39 29 14
1390 1738 78 30 Mkr

200 1775 78 29 Med
304 1775 195 30 beaktande
526 1785 41 21 av
593 1777 41 30 de
660 1777 63 29 här
751 1778 223 31 diskuterade
1001 1780 237 31 kostnaderna
1265 1782 113 30 skulle
1405 1782 157 37 följande
1589 1793 50 20 re-

155 1819 107 30 sultat
277 1819 149 31 erhållas
441 1821 120 30 varvid
576 1821 58 30 alt.
649 1822 18 29 3
682 1822 101 30 beror
798 1832 42 21 av
853 1823 114 30 beslut
982 1824 65 30 och
1061 1824 266 39 förhandlingar

344 1865 59 30 alt.
423 1865 15 29 1
849 1868 58 30 alt.
925 1868 19 30 2
1353 1872 58 30 alt.
1430 1872 19 30 3

325 1909 40 29 14
382 1910 79 29 Mkr
813 1912 71 35 11,5
903 1914 79 28 Mkr
1290 1916 128 31 14—16
1436 1917 78 30 Mkr

152 1998 318 38 Stadsbildsfrågor

199 2061 50 30 De
277 2071 42 20 av
346 2063 140 29 stadens
515 2072 108 29 organ
651 2073 73 21 som
755 2066 142 29 särskilt
925 2066 144 30 beaktar
1098 2068 320 38 stadsbildsfrågor,
1446 2069 193 38 byggnads-

153 2107 178 29 nämnden
348 2107 64 30 och
430 2108 277 37 skönhetsrådet,
724 2109 64 30 har
805 2110 272 38 uppfattningen
1095 2114 49 28 att
1161 2113 309 38 tävlingsområdet
1488 2115 72 30 inte
1576 2115 63 30 bör

154 2150 189 38 begränsas
364 2152 52 30 till
437 2153 249 38 Jakobsgatan.
708 2155 74 29 Den
804 2164 42 21 av
867 2155 186 38 riksdagen
1075 2157 155 30 önskade
1250 2159 149 36 gränsen
1420 2159 12 29 i
1454 2160 185 30 Herkules-

155 2198 104 35 gatan
281 2196 63 30 bör
366 2197 107 38 enligt
495 2198 100 31 deras
618 2198 227 39 uppfattning
867 2200 191 31 bibehållas
1082 2201 55 30 för
1161 2204 49 28 att
1233 2211 40 29 ge
1295 2205 175 36 utrymme
1493 2204 55 30 för
1571 2205 67 30 till-

154 2241 147 37 räckligt
327 2242 246 31 konstruktiva
600 2244 185 30 alternativ
809 2245 52 29 till
889 2246 348 37 Helgeandsholmen.
1263 2248 123 30 Denna
1412 2249 226 38 uppfattning

153 2286 314 30 överensstämmer
484 2288 78 29 med
579 2289 66 29 vad
662 2288 351 39 byggnadsstyrelsen
1031 2291 117 30 anfört
1165 2292 11 29 i
1196 2292 236 38 »Riksdagens
1450 2294 99 30 hus».

197 2331 14 28 I
232 2332 110 28 andra
360 2332 189 36 yttranden
569 2332 165 31 tillmätes
755 2334 57 29 det
832 2334 176 38 betydelse
1028 2335 55 30 för
1105 2336 373 39 stadsbildsfrågornas
1499 2339 139 29 bedöm-

152 2375 84 37 ning
256 2377 50 28 att
326 2376 322 38 riksbyggnaderna
666 2387 147 21 numera
833 2381 99 28 antas
952 2379 48 30 bli
1020 2381 85 29 kvar
1126 2382 86 29 även
1232 2391 56 20 om
1309 2382 186 39 riksdagen
1515 2383 122 38 flyttar

153 2419 169 30 därifrån.
354 2421 66 29 Vid
452 2421 255 38 bedömningen
740 2432 41 20 av
814 2423 114 30 denna
960 2424 99 38 fråga
1092 2426 119 36 utgick
1243 2426 350 39 byggnadsstyrelsen
1626 2429 11 29 i

154 2465 237 37 »Riksdagens
409 2466 86 29 hus»
516 2466 80 30 från
613 2466 158 38 följande

196 2527 44 3 —
263 2519 42 20 en
329 2510 219 38 ombyggnad
574 2520 41 21 av
639 2511 321 38 riksbyggnaderna
985 2513 54 30 för
1065 2514 186 38 riksdagen
1276 2516 38 29 är
1339 2517 298 31 tekniskt-ekono-

152 2554 108 30 miskt
277 2554 233 39 ofördelaktig
