<?xml version="1.0" encoding="UTF-8"?>
<alto xmlns="http://www.loc.gov/standards/alto/ns-v3#" xmlns:xlink="http://www.w3.org/1999/xlink" xmlns:xsi="http://www.w3.org/2001/XMLSchema-instance" xsi:schemaLocation="http://www.loc.gov/standards/alto/ns-v3# http://www.loc.gov/alto/v3/alto-3-0.xsd">
	<Description>
		<MeasurementUnit>pixel</MeasurementUnit>
		<sourceImageInformation>
			<fileName>/tmp/tess_r67a2bgi_input.PNG</fileName>
		</sourceImageInformation>
		<OCRProcessing ID="OCR_0">
			<ocrProcessingStep>
				<processingSoftware>
					<softwareName>tesseract 5.3.0</softwareName>
				</processingSoftware>
			</ocrProcessingStep>
		</OCRProcessing>
	</Description>
	<Layout>
		<Page WIDTH="1905" HEIGHT="2837" PHYSICAL_IMG_NR="0" ID="page_0">
			<PrintSpace HPOS="0" VPOS="0" WIDTH="1905" HEIGHT="2837">
				<ComposedBlock ID="cblock_0" HPOS="240" VPOS="187" WIDTH="40" HEIGHT="31">
					<TextBlock ID="block_0" HPOS="240" VPOS="187" WIDTH="40" HEIGHT="31">
						<TextLine ID="line_0" HPOS="240" VPOS="187" WIDTH="40" HEIGHT="31">
							<String ID="string_0" HPOS="240" VPOS="187" WIDTH="40" HEIGHT="31" WC="0.95" CONTENT="12"/>
						</TextLine>
					</TextBlock>
				</ComposedBlock>
				<ComposedBlock ID="cblock_1" HPOS="233" VPOS="269" WIDTH="1490" HEIGHT="476">
					<TextBlock ID="block_1" HPOS="236" VPOS="269" WIDTH="1487" HEIGHT="153">
						<TextLine ID="line_1" HPOS="238" VPOS="269" WIDTH="1484" HEIGHT="45">
							<String ID="string_1" HPOS="238" VPOS="277" WIDTH="57" HEIGHT="21" WC="0.95" CONTENT="om"/><SP WIDTH="28" VPOS="277" HPOS="295"/>
							<String ID="string_2" HPOS="323" VPOS="269" WIDTH="185" HEIGHT="31" WC="0.95" CONTENT="alternativ"/><SP WIDTH="27" VPOS="269" HPOS="508"/>
							<String ID="string_3" HPOS="535" VPOS="269" WIDTH="18" HEIGHT="31" WC="0.94" CONTENT="2"/><SP WIDTH="35" VPOS="269" HPOS="553"/>
							<String ID="string_4" HPOS="588" VPOS="269" WIDTH="224" HEIGHT="42" WC="0.94" CONTENT="(nybyggnad"/><SP WIDTH="28" VPOS="269" HPOS="812"/>
							<String ID="string_5" HPOS="840" VPOS="271" WIDTH="45" HEIGHT="41" WC="0.96" CONTENT="på"/><SP WIDTH="27" VPOS="271" HPOS="885"/>
							<String ID="string_6" HPOS="912" VPOS="270" WIDTH="355" HEIGHT="42" WC="0.95" CONTENT="Helgeandsholmen)"/><SP WIDTH="34" VPOS="270" HPOS="1267"/>
							<String ID="string_7" HPOS="1301" VPOS="272" WIDTH="175" HEIGHT="33" WC="0.96" CONTENT="anordnas"/><SP WIDTH="29" VPOS="272" HPOS="1476"/>
							<String ID="string_8" HPOS="1505" VPOS="283" WIDTH="75" HEIGHT="21" WC="0.96" CONTENT="som"/><SP WIDTH="29" VPOS="283" HPOS="1580"/>
							<String ID="string_9" HPOS="1609" VPOS="274" WIDTH="113" HEIGHT="40" WC="0.96" CONTENT="öppen"/>
						</TextLine>
						<TextLine ID="line_2" HPOS="237" VPOS="322" WIDTH="1486" HEIGHT="46">
							<String ID="string_10" HPOS="237" VPOS="322" WIDTH="140" HEIGHT="41" WC="0.93" CONTENT="tävling."/><SP WIDTH="19" VPOS="322" HPOS="377"/>
							<String ID="string_11" HPOS="396" VPOS="324" WIDTH="257" HEIGHT="31" WC="0.48" CONTENT="Prishämnden"/><SP WIDTH="17" VPOS="324" HPOS="653"/>
							<String ID="string_12" HPOS="670" VPOS="326" WIDTH="70" HEIGHT="30" WC="0.96" CONTENT="kan"/><SP WIDTH="18" VPOS="326" HPOS="740"/>
							<String ID="string_13" HPOS="758" VPOS="326" WIDTH="92" HEIGHT="31" WC="0.96" CONTENT="ändå"/><SP WIDTH="17" VPOS="326" HPOS="850"/>
							<String ID="string_14" HPOS="867" VPOS="335" WIDTH="83" HEIGHT="22" WC="0.96" CONTENT="vara"/><SP WIDTH="18" VPOS="335" HPOS="950"/>
							<String ID="string_15" HPOS="968" VPOS="334" WIDTH="200" HEIGHT="33" WC="0.96" CONTENT="gemensam"/><SP WIDTH="18" VPOS="334" HPOS="1168"/>
							<String ID="string_16" HPOS="1186" VPOS="328" WIDTH="65" HEIGHT="30" WC="0.96" CONTENT="och"/><SP WIDTH="17" VPOS="328" HPOS="1251"/>
							<String ID="string_17" HPOS="1268" VPOS="327" WIDTH="12" HEIGHT="31" WC="0.93" CONTENT="i"/><SP WIDTH="17" VPOS="327" HPOS="1280"/>
							<String ID="string_18" HPOS="1297" VPOS="327" WIDTH="271" HEIGHT="41" WC="0.43" CONTENT="prishämndens"/><SP WIDTH="18" VPOS="327" HPOS="1568"/>
							<String ID="string_19" HPOS="1586" VPOS="330" WIDTH="137" HEIGHT="29" WC="0.91" CONTENT="rekom-"/>
						</TextLine>
						<TextLine ID="line_3" HPOS="236" VPOS="377" WIDTH="1314" HEIGHT="45">
							<String ID="string_20" HPOS="236" VPOS="377" WIDTH="202" HEIGHT="31" WC="0.92" CONTENT="mendation"/><SP WIDTH="20" VPOS="377" HPOS="438"/>
							<String ID="string_21" HPOS="458" VPOS="379" WIDTH="63" HEIGHT="30" WC="0.96" CONTENT="bör"/><SP WIDTH="21" VPOS="379" HPOS="521"/>
							<String ID="string_22" HPOS="542" VPOS="380" WIDTH="86" HEIGHT="29" WC="0.96" CONTENT="även"/><SP WIDTH="20" VPOS="380" HPOS="628"/>
							<String ID="string_23" HPOS="648" VPOS="379" WIDTH="81" HEIGHT="41" WC="0.96" CONTENT="ingå"/><SP WIDTH="21" VPOS="379" HPOS="729"/>
							<String ID="string_24" HPOS="750" VPOS="390" WIDTH="42" HEIGHT="21" WC="0.96" CONTENT="en"/><SP WIDTH="21" VPOS="390" HPOS="792"/>
							<String ID="string_25" HPOS="813" VPOS="380" WIDTH="184" HEIGHT="42" WC="0.96" CONTENT="värdering"/><SP WIDTH="21" VPOS="380" HPOS="997"/>
							<String ID="string_26" HPOS="1018" VPOS="391" WIDTH="42" HEIGHT="21" WC="0.93" CONTENT="av"/><SP WIDTH="21" VPOS="391" HPOS="1060"/>
							<String ID="string_27" HPOS="1081" VPOS="382" WIDTH="469" HEIGHT="40" WC="0.87" CONTENT="ombyggnadsalternativet."/>
						</TextLine>
					</TextBlock>
					<TextBlock ID="block_2" HPOS="233" VPOS="431" WIDTH="1488" HEIGHT="314">
						<TextLine ID="line_4" HPOS="279" VPOS="431" WIDTH="1442" HEIGHT="44">
							<String ID="string_28" HPOS="279" VPOS="431" WIDTH="247" HEIGHT="31" WC="0.91" CONTENT="Prisdomarna"/><SP WIDTH="30" VPOS="431" HPOS="526"/>
							<String ID="string_29" HPOS="556" VPOS="432" WIDTH="64" HEIGHT="30" WC="0.96" CONTENT="har"/><SP WIDTH="27" VPOS="432" HPOS="620"/>
							<String ID="string_30" HPOS="647" VPOS="433" WIDTH="132" HEIGHT="39" WC="0.96" CONTENT="viktiga"/><SP WIDTH="29" VPOS="433" HPOS="779"/>
							<String ID="string_31" HPOS="808" VPOS="434" WIDTH="176" HEIGHT="39" WC="0.96" CONTENT="uppgifter"/><SP WIDTH="29" VPOS="434" HPOS="984"/>
							<String ID="string_32" HPOS="1013" VPOS="435" WIDTH="11" HEIGHT="29" WC="0.96" CONTENT="i"/><SP WIDTH="31" VPOS="435" HPOS="1024"/>
							<String ID="string_33" HPOS="1055" VPOS="435" WIDTH="168" HEIGHT="30" WC="0.95" CONTENT="samband"/><SP WIDTH="30" VPOS="435" HPOS="1223"/>
							<String ID="string_34" HPOS="1253" VPOS="436" WIDTH="79" HEIGHT="29" WC="0.92" CONTENT="med"/><SP WIDTH="29" VPOS="436" HPOS="1332"/>
							<String ID="string_35" HPOS="1361" VPOS="436" WIDTH="360" HEIGHT="39" WC="0.90" CONTENT="tävlingsförberedel-"/>
						</TextLine>
						<TextLine ID="line_5" HPOS="236" VPOS="486" WIDTH="1484" HEIGHT="45">
							<String ID="string_36" HPOS="236" VPOS="493" WIDTH="101" HEIGHT="21" WC="0.95" CONTENT="serna"/><SP WIDTH="25" VPOS="493" HPOS="337"/>
							<String ID="string_37" HPOS="362" VPOS="486" WIDTH="65" HEIGHT="29" WC="0.96" CONTENT="och"/><SP WIDTH="27" VPOS="486" HPOS="427"/>
							<String ID="string_38" HPOS="454" VPOS="486" WIDTH="244" HEIGHT="31" WC="0.96" CONTENT="utarbetandet"/><SP WIDTH="28" VPOS="486" HPOS="698"/>
							<String ID="string_39" HPOS="726" VPOS="497" WIDTH="42" HEIGHT="21" WC="0.93" CONTENT="av"/><SP WIDTH="25" VPOS="497" HPOS="768"/>
							<String ID="string_40" HPOS="793" VPOS="488" WIDTH="397" HEIGHT="41" WC="0.90" CONTENT="tävlingsprogrammet,"/><SP WIDTH="30" VPOS="488" HPOS="1190"/>
							<String ID="string_41" HPOS="1220" VPOS="499" WIDTH="74" HEIGHT="21" WC="0.96" CONTENT="som"/><SP WIDTH="27" VPOS="499" HPOS="1294"/>
							<String ID="string_42" HPOS="1321" VPOS="490" WIDTH="11" HEIGHT="30" WC="0.96" CONTENT="i"/><SP WIDTH="28" VPOS="490" HPOS="1332"/>
							<String ID="string_43" HPOS="1360" VPOS="490" WIDTH="137" HEIGHT="40" WC="0.96" CONTENT="princip"/><SP WIDTH="27" VPOS="490" HPOS="1497"/>
							<String ID="string_44" HPOS="1524" VPOS="490" WIDTH="88" HEIGHT="30" WC="0.93" CONTENT="skall"/><SP WIDTH="29" VPOS="490" HPOS="1612"/>
							<String ID="string_45" HPOS="1641" VPOS="490" WIDTH="79" HEIGHT="41" WC="0.92" CONTENT="god-"/>
						</TextLine>
						<TextLine ID="line_6" HPOS="235" VPOS="539" WIDTH="1485" HEIGHT="43">
							<String ID="string_46" HPOS="235" VPOS="539" WIDTH="138" HEIGHT="30" WC="0.96" CONTENT="kännas"/><SP WIDTH="20" VPOS="539" HPOS="373"/>
							<String ID="string_47" HPOS="393" VPOS="549" WIDTH="42" HEIGHT="21" WC="0.93" CONTENT="av"/><SP WIDTH="20" VPOS="549" HPOS="435"/>
							<String ID="string_48" HPOS="455" VPOS="540" WIDTH="262" HEIGHT="40" WC="0.90" CONTENT="prisnämnden."/><SP WIDTH="24" VPOS="540" HPOS="717"/>
							<String ID="string_49" HPOS="741" VPOS="541" WIDTH="176" HEIGHT="41" WC="0.96" CONTENT="Styrelsen"/><SP WIDTH="21" VPOS="541" HPOS="917"/>
							<String ID="string_50" HPOS="938" VPOS="552" WIDTH="98" HEIGHT="21" WC="0.96" CONTENT="avser"/><SP WIDTH="22" VPOS="552" HPOS="1036"/>
							<String ID="string_51" HPOS="1058" VPOS="543" WIDTH="119" HEIGHT="30" WC="0.96" CONTENT="därför"/><SP WIDTH="22" VPOS="543" HPOS="1177"/>
							<String ID="string_52" HPOS="1199" VPOS="545" WIDTH="60" HEIGHT="33" WC="0.96" CONTENT="att,"/><SP WIDTH="23" VPOS="545" HPOS="1259"/>
							<String ID="string_53" HPOS="1282" VPOS="544" WIDTH="87" HEIGHT="30" WC="0.96" CONTENT="efter"/><SP WIDTH="22" VPOS="544" HPOS="1369"/>
							<String ID="string_54" HPOS="1391" VPOS="545" WIDTH="155" HEIGHT="29" WC="0.96" CONTENT="hörande"/><SP WIDTH="21" VPOS="545" HPOS="1546"/>
							<String ID="string_55" HPOS="1567" VPOS="555" WIDTH="43" HEIGHT="20" WC="0.93" CONTENT="av"/><SP WIDTH="22" VPOS="555" HPOS="1610"/>
							<String ID="string_56" HPOS="1632" VPOS="545" WIDTH="88" HEIGHT="30" WC="0.91" CONTENT="före-"/>
						</TextLine>
						<TextLine ID="line_7" HPOS="233" VPOS="593" WIDTH="1487" HEIGHT="45">
							<String ID="string_57" HPOS="233" VPOS="593" WIDTH="139" HEIGHT="31" WC="0.91" CONTENT="trädare"/><SP WIDTH="26" VPOS="593" HPOS="372"/>
							<String ID="string_58" HPOS="398" VPOS="594" WIDTH="56" HEIGHT="30" WC="0.96" CONTENT="för"/><SP WIDTH="26" VPOS="594" HPOS="454"/>
							<String ID="string_59" HPOS="480" VPOS="594" WIDTH="219" HEIGHT="31" WC="0.95" CONTENT="Stockholms"/><SP WIDTH="27" VPOS="594" HPOS="699"/>
							<String ID="string_60" HPOS="726" VPOS="596" WIDTH="77" HEIGHT="30" WC="0.96" CONTENT="stad"/><SP WIDTH="27" VPOS="596" HPOS="803"/>
							<String ID="string_61" HPOS="830" VPOS="597" WIDTH="64" HEIGHT="29" WC="0.96" CONTENT="och"/><SP WIDTH="26" VPOS="597" HPOS="894"/>
							<String ID="string_62" HPOS="920" VPOS="596" WIDTH="126" HEIGHT="40" WC="0.93" CONTENT="Kungl."/><SP WIDTH="26" VPOS="596" HPOS="1046"/>
							<String ID="string_63" HPOS="1072" VPOS="598" WIDTH="361" HEIGHT="40" WC="0.91" CONTENT="byggnadsstyrelsen,"/><SP WIDTH="28" VPOS="598" HPOS="1433"/>
							<String ID="string_64" HPOS="1461" VPOS="601" WIDTH="76" HEIGHT="28" WC="0.96" CONTENT="utse"/><SP WIDTH="27" VPOS="601" HPOS="1537"/>
							<String ID="string_65" HPOS="1564" VPOS="608" WIDTH="42" HEIGHT="21" WC="0.93" CONTENT="en"/><SP WIDTH="27" VPOS="608" HPOS="1606"/>
							<String ID="string_66" HPOS="1633" VPOS="599" WIDTH="87" HEIGHT="39" WC="0.92" CONTENT="pris-"/>
						</TextLine>
						<TextLine ID="line_8" HPOS="234" VPOS="648" WIDTH="1485" HEIGHT="41">
							<String ID="string_67" HPOS="234" VPOS="648" WIDTH="132" HEIGHT="29" WC="0.96" CONTENT="nämnd"/><SP WIDTH="22" VPOS="648" HPOS="366"/>
							<String ID="string_68" HPOS="388" VPOS="657" WIDTH="57" HEIGHT="21" WC="0.96" CONTENT="om"/><SP WIDTH="22" VPOS="657" HPOS="445"/>
							<String ID="string_69" HPOS="467" VPOS="648" WIDTH="203" HEIGHT="41" WC="0.96" CONTENT="förslagsvis"/><SP WIDTH="22" VPOS="648" HPOS="670"/>
							<String ID="string_70" HPOS="692" VPOS="650" WIDTH="101" HEIGHT="39" WC="0.96" CONTENT="högst"/><SP WIDTH="22" VPOS="650" HPOS="793"/>
							<String ID="string_71" HPOS="815" VPOS="651" WIDTH="74" HEIGHT="30" WC="0.96" CONTENT="elva"/><SP WIDTH="22" VPOS="651" HPOS="889"/>
							<String ID="string_72" HPOS="911" VPOS="651" WIDTH="201" HEIGHT="31" WC="0.96" CONTENT="ledamöter."/><SP WIDTH="22" VPOS="651" HPOS="1112"/>
							<String ID="string_73" HPOS="1134" VPOS="652" WIDTH="52" HEIGHT="30" WC="0.96" CONTENT="Av"/><SP WIDTH="21" VPOS="652" HPOS="1186"/>
							<String ID="string_74" HPOS="1207" VPOS="652" WIDTH="100" HEIGHT="31" WC="0.96" CONTENT="dessa"/><SP WIDTH="24" VPOS="652" HPOS="1307"/>
							<String ID="string_75" HPOS="1331" VPOS="652" WIDTH="185" HEIGHT="31" WC="0.93" CONTENT="förutsätts"/><SP WIDTH="22" VPOS="652" HPOS="1516"/>
							<String ID="string_76" HPOS="1538" VPOS="653" WIDTH="181" HEIGHT="30" WC="0.91" CONTENT="åtminsto-"/>
						</TextLine>
						<TextLine ID="line_9" HPOS="234" VPOS="702" WIDTH="992" HEIGHT="43">
							<String ID="string_77" HPOS="234" VPOS="711" WIDTH="42" HEIGHT="21" WC="0.96" CONTENT="ne"/><SP WIDTH="13" VPOS="711" HPOS="276"/>
							<String ID="string_78" HPOS="289" VPOS="702" WIDTH="78" HEIGHT="41" WC="0.96" CONTENT="fyra"/><SP WIDTH="14" VPOS="702" HPOS="367"/>
							<String ID="string_79" HPOS="381" VPOS="703" WIDTH="177" HEIGHT="31" WC="0.96" CONTENT="företräda"/><SP WIDTH="12" VPOS="703" HPOS="558"/>
							<String ID="string_80" HPOS="570" VPOS="704" WIDTH="187" HEIGHT="41" WC="0.96" CONTENT="riksdagen"/><SP WIDTH="14" VPOS="704" HPOS="757"/>
							<String ID="string_81" HPOS="771" VPOS="705" WIDTH="64" HEIGHT="30" WC="0.96" CONTENT="och"/><SP WIDTH="13" VPOS="705" HPOS="835"/>
							<String ID="string_82" HPOS="848" VPOS="714" WIDTH="43" HEIGHT="22" WC="0.97" CONTENT="en"/><SP WIDTH="15" VPOS="714" HPOS="891"/>
							<String ID="string_83" HPOS="906" VPOS="706" WIDTH="219" HEIGHT="32" WC="0.96" CONTENT="Stockholms"/><SP WIDTH="15" VPOS="706" HPOS="1125"/>
							<String ID="string_84" HPOS="1140" VPOS="706" WIDTH="86" HEIGHT="32" WC="0.96" CONTENT="stad."/>
						</TextLine>
					</TextBlock>
				</ComposedBlock>
				<ComposedBlock ID="cblock_2" HPOS="232" VPOS="801" WIDTH="961" HEIGHT="40">
					<TextBlock ID="block_3" HPOS="232" VPOS="801" WIDTH="961" HEIGHT="40">
						<TextLine ID="line_10" HPOS="232" VPOS="801" WIDTH="961" HEIGHT="40">
							<String ID="string_85" HPOS="232" VPOS="801" WIDTH="340" HEIGHT="37" WC="0.91" CONTENT="Lokalprogrammet"/><SP WIDTH="24" VPOS="801" HPOS="572"/>
							<String ID="string_86" HPOS="596" VPOS="803" WIDTH="56" HEIGHT="30" WC="0.96" CONTENT="för"/><SP WIDTH="23" VPOS="803" HPOS="652"/>
							<String ID="string_87" HPOS="675" VPOS="806" WIDTH="46" HEIGHT="27" WC="0.96" CONTENT="ett"/><SP WIDTH="23" VPOS="806" HPOS="721"/>
							<String ID="string_88" HPOS="744" VPOS="807" WIDTH="200" HEIGHT="33" WC="0.96" CONTENT="permanent"/><SP WIDTH="24" VPOS="807" HPOS="944"/>
							<String ID="string_89" HPOS="968" VPOS="805" WIDTH="225" HEIGHT="36" WC="0.95" CONTENT="riksdagshus"/>
						</TextLine>
					</TextBlock>
				</ComposedBlock>
				<ComposedBlock ID="cblock_3" HPOS="218" VPOS="864" WIDTH="1500" HEIGHT="1714">
					<TextBlock ID="block_4" HPOS="230" VPOS="864" WIDTH="1488" HEIGHT="204">
						<TextLine ID="line_11" HPOS="276" VPOS="864" WIDTH="1440" HEIGHT="44">
							<String ID="string_90" HPOS="276" VPOS="864" WIDTH="64" HEIGHT="29" WC="0.96" CONTENT="Det"/><SP WIDTH="23" VPOS="864" HPOS="340"/>
							<String ID="string_91" HPOS="363" VPOS="864" WIDTH="96" HEIGHT="30" WC="0.93" CONTENT="inom"/><SP WIDTH="26" VPOS="864" HPOS="459"/>
							<String ID="string_92" HPOS="485" VPOS="866" WIDTH="394" HEIGHT="39" WC="0.91" CONTENT="förvaltningskontoret"/><SP WIDTH="25" VPOS="866" HPOS="879"/>
							<String ID="string_93" HPOS="904" VPOS="869" WIDTH="203" HEIGHT="28" WC="0.96" CONTENT="utarbetade"/><SP WIDTH="25" VPOS="869" HPOS="1107"/>
							<String ID="string_94" HPOS="1132" VPOS="870" WIDTH="65" HEIGHT="27" WC="0.96" CONTENT="och"/><SP WIDTH="24" VPOS="870" HPOS="1197"/>
							<String ID="string_95" HPOS="1221" VPOS="879" WIDTH="42" HEIGHT="19" WC="0.96" CONTENT="av"/><SP WIDTH="26" VPOS="879" HPOS="1263"/>
							<String ID="string_96" HPOS="1289" VPOS="870" WIDTH="168" HEIGHT="38" WC="0.95" CONTENT="styrelsen"/><SP WIDTH="25" VPOS="870" HPOS="1457"/>
							<String ID="string_97" HPOS="1482" VPOS="871" WIDTH="12" HEIGHT="27" WC="0.96" CONTENT="i"/><SP WIDTH="25" VPOS="871" HPOS="1494"/>
							<String ID="string_98" HPOS="1519" VPOS="870" WIDTH="88" HEIGHT="38" WC="0.96" CONTENT="april"/><SP WIDTH="28" VPOS="870" HPOS="1607"/>
							<String ID="string_99" HPOS="1635" VPOS="870" WIDTH="81" HEIGHT="29" WC="0.96" CONTENT="1967"/>
						</TextLine>
						<TextLine ID="line_12" HPOS="232" VPOS="916" WIDTH="1486" HEIGHT="47">
							<String ID="string_100" HPOS="232" VPOS="916" WIDTH="199" HEIGHT="32" WC="0.93" CONTENT="fastställda"/><SP WIDTH="21" VPOS="916" HPOS="431"/>
							<String ID="string_101" HPOS="452" VPOS="918" WIDTH="258" HEIGHT="41" WC="0.91" CONTENT="lokalprogram"/><SP WIDTH="23" VPOS="918" HPOS="710"/>
							<String ID="string_102" HPOS="733" VPOS="920" WIDTH="54" HEIGHT="30" WC="0.96" CONTENT="för"/><SP WIDTH="22" VPOS="920" HPOS="787"/>
							<String ID="string_103" HPOS="809" VPOS="920" WIDTH="197" HEIGHT="40" WC="0.95" CONTENT="riksdagen,"/><SP WIDTH="24" VPOS="920" HPOS="1006"/>
							<String ID="string_104" HPOS="1030" VPOS="930" WIDTH="75" HEIGHT="21" WC="0.96" CONTENT="som"/><SP WIDTH="21" VPOS="930" HPOS="1105"/>
							<String ID="string_105" HPOS="1126" VPOS="922" WIDTH="89" HEIGHT="40" WC="0.96" CONTENT="legat"/><SP WIDTH="22" VPOS="922" HPOS="1215"/>
							<String ID="string_106" HPOS="1237" VPOS="922" WIDTH="52" HEIGHT="30" WC="0.95" CONTENT="till"/><SP WIDTH="24" VPOS="922" HPOS="1289"/>
							<String ID="string_107" HPOS="1313" VPOS="922" WIDTH="113" HEIGHT="40" WC="0.96" CONTENT="grund"/><SP WIDTH="23" VPOS="922" HPOS="1426"/>
							<String ID="string_108" HPOS="1449" VPOS="922" WIDTH="54" HEIGHT="31" WC="0.93" CONTENT="för"/><SP WIDTH="21" VPOS="922" HPOS="1503"/>
							<String ID="string_109" HPOS="1524" VPOS="923" WIDTH="194" HEIGHT="40" WC="0.91" CONTENT="byggnads-"/>
						</TextLine>
						<TextLine ID="line_13" HPOS="231" VPOS="972" WIDTH="1487" HEIGHT="45">
							<String ID="string_110" HPOS="231" VPOS="972" WIDTH="188" HEIGHT="39" WC="0.93" CONTENT="styrelsens"/><SP WIDTH="26" VPOS="972" HPOS="419"/>
							<String ID="string_111" HPOS="445" VPOS="973" WIDTH="389" HEIGHT="32" WC="0.92" CONTENT="teknisk-ekonomiska"/><SP WIDTH="25" VPOS="973" HPOS="834"/>
							<String ID="string_112" HPOS="859" VPOS="974" WIDTH="196" HEIGHT="41" WC="0.96" CONTENT="utredning,"/><SP WIDTH="28" VPOS="974" HPOS="1055"/>
							<String ID="string_113" HPOS="1083" VPOS="985" WIDTH="62" HEIGHT="21" WC="0.96" CONTENT="var"/><SP WIDTH="27" VPOS="985" HPOS="1145"/>
							<String ID="string_114" HPOS="1172" VPOS="976" WIDTH="229" HEIGHT="40" WC="0.93" CONTENT="preliminärt."/><SP WIDTH="28" VPOS="976" HPOS="1401"/>
							<String ID="string_115" HPOS="1429" VPOS="977" WIDTH="289" HEIGHT="40" WC="0.91" CONTENT="Lokalprogram-"/>
						</TextLine>
						<TextLine ID="line_14" HPOS="230" VPOS="1025" WIDTH="831" HEIGHT="43">
							<String ID="string_116" HPOS="230" VPOS="1027" WIDTH="70" HEIGHT="27" WC="0.96" CONTENT="met"/><SP WIDTH="27" VPOS="1027" HPOS="300"/>
							<String ID="string_117" HPOS="327" VPOS="1025" WIDTH="217" HEIGHT="31" WC="0.96" CONTENT="innefattade"/><SP WIDTH="29" VPOS="1025" HPOS="544"/>
							<String ID="string_118" HPOS="573" VPOS="1027" WIDTH="86" HEIGHT="30" WC="0.92" CONTENT="även"/><SP WIDTH="28" VPOS="1027" HPOS="659"/>
							<String ID="string_119" HPOS="687" VPOS="1028" WIDTH="374" HEIGHT="40" WC="0.92" CONTENT="riksdagsbiblioteket."/>
						</TextLine>
					</TextBlock>
					<TextBlock ID="block_5" HPOS="229" VPOS="1079" WIDTH="1489" HEIGHT="205">
						<TextLine ID="line_15" HPOS="273" VPOS="1079" WIDTH="1445" HEIGHT="45">
							<String ID="string_120" HPOS="273" VPOS="1079" WIDTH="64" HEIGHT="30" WC="0.96" CONTENT="Det"/><SP WIDTH="24" VPOS="1079" HPOS="337"/>
							<String ID="string_121" HPOS="361" VPOS="1079" WIDTH="227" HEIGHT="40" WC="0.91" CONTENT="preliminära"/><SP WIDTH="22" VPOS="1079" HPOS="588"/>
							<String ID="string_122" HPOS="610" VPOS="1081" WIDTH="331" HEIGHT="40" WC="0.91" CONTENT="lokalprogrammet"/><SP WIDTH="23" VPOS="1081" HPOS="941"/>
							<String ID="string_123" HPOS="964" VPOS="1082" WIDTH="180" HEIGHT="32" WC="0.96" CONTENT="bearbetas"/><SP WIDTH="25" VPOS="1082" HPOS="1144"/>
							<String ID="string_124" HPOS="1169" VPOS="1093" WIDTH="48" HEIGHT="21" WC="0.96" CONTENT="nu"/><SP WIDTH="25" VPOS="1093" HPOS="1217"/>
							<String ID="string_125" HPOS="1242" VPOS="1084" WIDTH="95" HEIGHT="30" WC="0.92" CONTENT="inom"/><SP WIDTH="24" VPOS="1084" HPOS="1337"/>
							<String ID="string_126" HPOS="1361" VPOS="1084" WIDTH="357" HEIGHT="40" WC="0.91" CONTENT="förvaltningskonto-"/>
						</TextLine>
						<TextLine ID="line_16" HPOS="230" VPOS="1134" WIDTH="1486" HEIGHT="44">
							<String ID="string_127" HPOS="230" VPOS="1135" WIDTH="52" HEIGHT="28" WC="0.96" CONTENT="ret"/><SP WIDTH="25" VPOS="1135" HPOS="282"/>
							<String ID="string_128" HPOS="307" VPOS="1135" WIDTH="12" HEIGHT="29" WC="0.96" CONTENT="i"/><SP WIDTH="25" VPOS="1135" HPOS="319"/>
							<String ID="string_129" HPOS="344" VPOS="1134" WIDTH="140" HEIGHT="31" WC="0.95" CONTENT="samråd"/><SP WIDTH="25" VPOS="1134" HPOS="484"/>
							<String ID="string_130" HPOS="509" VPOS="1136" WIDTH="79" HEIGHT="29" WC="0.93" CONTENT="med"/><SP WIDTH="24" VPOS="1136" HPOS="588"/>
							<String ID="string_131" HPOS="612" VPOS="1136" WIDTH="353" HEIGHT="40" WC="0.92" CONTENT="byggnadsstyrelsen"/><SP WIDTH="30" VPOS="1136" HPOS="965"/>
							<String ID="string_132" HPOS="995" VPOS="1138" WIDTH="67" HEIGHT="39" WC="0.93" CONTENT="(jfr"/><SP WIDTH="26" VPOS="1138" HPOS="1062"/>
							<String ID="string_133" HPOS="1088" VPOS="1138" WIDTH="237" HEIGHT="40" WC="0.41" CONTENT="»&gt;Riksdagens"/><SP WIDTH="26" VPOS="1138" HPOS="1325"/>
							<String ID="string_134" HPOS="1351" VPOS="1139" WIDTH="86" HEIGHT="30" WC="0.84" CONTENT="hus»"/><SP WIDTH="30" VPOS="1139" HPOS="1437"/>
							<String ID="string_135" HPOS="1467" VPOS="1149" WIDTH="25" HEIGHT="20" WC="0.89" CONTENT="s."/><SP WIDTH="27" VPOS="1149" HPOS="1492"/>
							<String ID="string_136" HPOS="1519" VPOS="1139" WIDTH="41" HEIGHT="31" WC="0.96" CONTENT="20"/><SP WIDTH="27" VPOS="1139" HPOS="1560"/>
							<String ID="string_137" HPOS="1587" VPOS="1139" WIDTH="129" HEIGHT="31" WC="0.96" CONTENT="avsnitt"/>
						</TextLine>
						<TextLine ID="line_17" HPOS="230" VPOS="1187" WIDTH="1486" HEIGHT="46">
							<String ID="string_138" HPOS="230" VPOS="1187" WIDTH="113" HEIGHT="34" WC="0.94" CONTENT="3.125)"/><SP WIDTH="29" VPOS="1187" HPOS="343"/>
							<String ID="string_139" HPOS="372" VPOS="1196" WIDTH="74" HEIGHT="21" WC="0.96" CONTENT="som"/><SP WIDTH="24" VPOS="1196" HPOS="446"/>
							<String ID="string_140" HPOS="470" VPOS="1190" WIDTH="48" HEIGHT="28" WC="0.95" CONTENT="ett"/><SP WIDTH="22" VPOS="1190" HPOS="518"/>
							<String ID="string_141" HPOS="540" VPOS="1189" WIDTH="55" HEIGHT="29" WC="0.96" CONTENT="led"/><SP WIDTH="22" VPOS="1189" HPOS="595"/>
							<String ID="string_142" HPOS="617" VPOS="1189" WIDTH="11" HEIGHT="30" WC="0.96" CONTENT="i"/><SP WIDTH="25" VPOS="1189" HPOS="628"/>
							<String ID="string_143" HPOS="653" VPOS="1189" WIDTH="297" HEIGHT="31" WC="0.96" CONTENT="förberedelserna"/><SP WIDTH="24" VPOS="1189" HPOS="950"/>
							<String ID="string_144" HPOS="974" VPOS="1190" WIDTH="54" HEIGHT="31" WC="0.93" CONTENT="för"/><SP WIDTH="24" VPOS="1190" HPOS="1028"/>
							<String ID="string_145" HPOS="1052" VPOS="1191" WIDTH="340" HEIGHT="40" WC="0.88" CONTENT="arkitekttävlingen."/><SP WIDTH="25" VPOS="1191" HPOS="1392"/>
							<String ID="string_146" HPOS="1417" VPOS="1192" WIDTH="64" HEIGHT="30" WC="0.96" CONTENT="Det"/><SP WIDTH="25" VPOS="1192" HPOS="1481"/>
							<String ID="string_147" HPOS="1506" VPOS="1192" WIDTH="141" HEIGHT="41" WC="0.92" CONTENT="slutliga"/><SP WIDTH="22" VPOS="1192" HPOS="1647"/>
							<String ID="string_148" HPOS="1669" VPOS="1193" WIDTH="47" HEIGHT="29" WC="0.59" CONTENT="1o-"/>
						</TextLine>
						<TextLine ID="line_18" HPOS="229" VPOS="1241" WIDTH="987" HEIGHT="43">
							<String ID="string_149" HPOS="229" VPOS="1241" WIDTH="295" HEIGHT="40" WC="0.91" CONTENT="kalprogrammet"/><SP WIDTH="30" VPOS="1241" HPOS="524"/>
							<String ID="string_150" HPOS="554" VPOS="1243" WIDTH="88" HEIGHT="29" WC="0.96" CONTENT="skall"/><SP WIDTH="28" VPOS="1243" HPOS="642"/>
							<String ID="string_151" HPOS="670" VPOS="1243" WIDTH="82" HEIGHT="40" WC="0.96" CONTENT="ingå"/><SP WIDTH="27" VPOS="1243" HPOS="752"/>
							<String ID="string_152" HPOS="779" VPOS="1245" WIDTH="11" HEIGHT="28" WC="0.93" CONTENT="i"/><SP WIDTH="29" VPOS="1245" HPOS="790"/>
							<String ID="string_153" HPOS="819" VPOS="1244" WIDTH="397" HEIGHT="40" WC="0.92" CONTENT="tävlingsprogrammet."/>
						</TextLine>
					</TextBlock>
					<TextBlock ID="block_6" HPOS="228" VPOS="1295" WIDTH="1488" HEIGHT="369">
						<TextLine ID="line_19" HPOS="275" VPOS="1295" WIDTH="1441" HEIGHT="45">
							<String ID="string_154" HPOS="275" VPOS="1295" WIDTH="113" HEIGHT="31" WC="0.96" CONTENT="Sedan"/><SP WIDTH="31" VPOS="1295" HPOS="388"/>
							<String ID="string_155" HPOS="419" VPOS="1295" WIDTH="57" HEIGHT="31" WC="0.96" CONTENT="det"/><SP WIDTH="33" VPOS="1295" HPOS="476"/>
							<String ID="string_156" HPOS="509" VPOS="1296" WIDTH="227" HEIGHT="40" WC="0.91" CONTENT="preliminära"/><SP WIDTH="32" VPOS="1296" HPOS="736"/>
							<String ID="string_157" HPOS="768" VPOS="1298" WIDTH="330" HEIGHT="40" WC="0.91" CONTENT="lokalprogrammet"/><SP WIDTH="34" VPOS="1298" HPOS="1098"/>
							<String ID="string_158" HPOS="1132" VPOS="1299" WIDTH="237" HEIGHT="40" WC="0.96" CONTENT="upprättades,"/><SP WIDTH="35" VPOS="1299" HPOS="1369"/>
							<String ID="string_159" HPOS="1404" VPOS="1300" WIDTH="64" HEIGHT="30" WC="0.96" CONTENT="har"/><SP WIDTH="33" VPOS="1300" HPOS="1468"/>
							<String ID="string_160" HPOS="1501" VPOS="1300" WIDTH="124" HEIGHT="40" WC="0.95" CONTENT="frågan"/><SP WIDTH="34" VPOS="1300" HPOS="1625"/>
							<String ID="string_161" HPOS="1659" VPOS="1310" WIDTH="57" HEIGHT="21" WC="0.96" CONTENT="om"/>
						</TextLine>
						<TextLine ID="line_20" HPOS="231" VPOS="1349" WIDTH="1484" HEIGHT="43">
							<String ID="string_162" HPOS="231" VPOS="1349" WIDTH="382" HEIGHT="40" WC="0.90" CONTENT="riksdagsbibliotekets"/><SP WIDTH="21" VPOS="1349" HPOS="613"/>
							<String ID="string_163" HPOS="634" VPOS="1351" WIDTH="219" HEIGHT="40" WC="0.96" CONTENT="anknytning"/><SP WIDTH="19" VPOS="1351" HPOS="853"/>
							<String ID="string_164" HPOS="872" VPOS="1352" WIDTH="52" HEIGHT="29" WC="0.96" CONTENT="till"/><SP WIDTH="20" VPOS="1352" HPOS="924"/>
							<String ID="string_165" HPOS="944" VPOS="1353" WIDTH="187" HEIGHT="39" WC="0.95" CONTENT="riksdagen"/><SP WIDTH="20" VPOS="1353" HPOS="1131"/>
							<String ID="string_166" HPOS="1151" VPOS="1354" WIDTH="247" HEIGHT="29" WC="0.95" CONTENT="aktualiserats"/><SP WIDTH="20" VPOS="1354" HPOS="1398"/>
							<String ID="string_167" HPOS="1418" VPOS="1356" WIDTH="11" HEIGHT="28" WC="0.96" CONTENT="i"/><SP WIDTH="20" VPOS="1356" HPOS="1429"/>
							<String ID="string_168" HPOS="1449" VPOS="1363" WIDTH="42" HEIGHT="20" WC="0.96" CONTENT="en"/><SP WIDTH="20" VPOS="1363" HPOS="1491"/>
							<String ID="string_169" HPOS="1511" VPOS="1354" WIDTH="96" HEIGHT="29" WC="0.92" CONTENT="inom"/><SP WIDTH="19" VPOS="1354" HPOS="1607"/>
							<String ID="string_170" HPOS="1626" VPOS="1355" WIDTH="89" HEIGHT="28" WC="0.92" CONTENT="riks-"/>
						</TextLine>
						<TextLine ID="line_21" HPOS="231" VPOS="1403" WIDTH="1480" HEIGHT="43">
							<String ID="string_171" HPOS="231" VPOS="1403" WIDTH="129" HEIGHT="39" WC="0.96" CONTENT="dagens"/><SP WIDTH="18" VPOS="1403" HPOS="360"/>
							<String ID="string_172" HPOS="378" VPOS="1403" WIDTH="187" HEIGHT="31" WC="0.95" CONTENT="revisorers"/><SP WIDTH="19" VPOS="1403" HPOS="565"/>
							<String ID="string_173" HPOS="584" VPOS="1404" WIDTH="115" HEIGHT="30" WC="0.95" CONTENT="kansli"/><SP WIDTH="19" VPOS="1404" HPOS="699"/>
							<String ID="string_174" HPOS="718" VPOS="1405" WIDTH="189" HEIGHT="39" WC="0.93" CONTENT="upprättad"/><SP WIDTH="19" VPOS="1405" HPOS="907"/>
							<String ID="string_175" HPOS="926" VPOS="1406" WIDTH="470" HEIGHT="40" WC="0.90" CONTENT="granskningspromemoria"/><SP WIDTH="24" VPOS="1406" HPOS="1396"/>
							<String ID="string_176" HPOS="1420" VPOS="1407" WIDTH="76" HEIGHT="35" WC="0.92" CONTENT="(2:a"/><SP WIDTH="19" VPOS="1407" HPOS="1496"/>
							<String ID="string_177" HPOS="1515" VPOS="1408" WIDTH="75" HEIGHT="30" WC="0.96" CONTENT="avd."/><SP WIDTH="23" VPOS="1408" HPOS="1590"/>
							<String ID="string_178" HPOS="1613" VPOS="1408" WIDTH="98" HEIGHT="29" WC="0.96" CONTENT="1968:"/>
						</TextLine>
						<TextLine ID="line_22" HPOS="230" VPOS="1457" WIDTH="1484" HEIGHT="44">
							<String ID="string_179" HPOS="230" VPOS="1457" WIDTH="37" HEIGHT="34" WC="0.96" CONTENT="6)"/><SP WIDTH="35" VPOS="1457" HPOS="267"/>
							<String ID="string_180" HPOS="302" VPOS="1466" WIDTH="55" HEIGHT="21" WC="0.93" CONTENT="om"/><SP WIDTH="30" VPOS="1466" HPOS="357"/>
							<String ID="string_181" HPOS="387" VPOS="1457" WIDTH="222" HEIGHT="31" WC="0.93" CONTENT="bibliotekets"/><SP WIDTH="29" VPOS="1457" HPOS="609"/>
							<String ID="string_182" HPOS="638" VPOS="1459" WIDTH="165" HEIGHT="40" WC="0.95" CONTENT="ställning"/><SP WIDTH="29" VPOS="1459" HPOS="803"/>
							<String ID="string_183" HPOS="832" VPOS="1460" WIDTH="65" HEIGHT="29" WC="0.96" CONTENT="och"/><SP WIDTH="30" VPOS="1460" HPOS="897"/>
							<String ID="string_184" HPOS="927" VPOS="1460" WIDTH="176" HEIGHT="40" WC="0.96" CONTENT="uppgifter"/><SP WIDTH="29" VPOS="1460" HPOS="1103"/>
							<String ID="string_185" HPOS="1132" VPOS="1461" WIDTH="96" HEIGHT="29" WC="0.96" CONTENT="inom"/><SP WIDTH="30" VPOS="1461" HPOS="1228"/>
							<String ID="string_186" HPOS="1258" VPOS="1461" WIDTH="57" HEIGHT="30" WC="0.96" CONTENT="det"/><SP WIDTH="31" VPOS="1461" HPOS="1315"/>
							<String ID="string_187" HPOS="1346" VPOS="1461" WIDTH="139" HEIGHT="40" WC="0.93" CONTENT="statliga"/><SP WIDTH="29" VPOS="1461" HPOS="1485"/>
							<String ID="string_188" HPOS="1514" VPOS="1462" WIDTH="200" HEIGHT="30" WC="0.92" CONTENT="biblioteks-"/>
						</TextLine>
						<TextLine ID="line_23" HPOS="228" VPOS="1511" WIDTH="1485" HEIGHT="45">
							<String ID="string_189" HPOS="228" VPOS="1511" WIDTH="175" HEIGHT="30" WC="0.96" CONTENT="väsendet."/><SP WIDTH="29" VPOS="1511" HPOS="403"/>
							<String ID="string_190" HPOS="432" VPOS="1512" WIDTH="262" HEIGHT="30" WC="0.96" CONTENT="Promemorian"/><SP WIDTH="26" VPOS="1512" HPOS="694"/>
							<String ID="string_191" HPOS="720" VPOS="1513" WIDTH="192" HEIGHT="30" WC="0.96" CONTENT="innefattar"/><SP WIDTH="27" VPOS="1513" HPOS="912"/>
							<String ID="string_192" HPOS="939" VPOS="1516" WIDTH="48" HEIGHT="28" WC="0.93" CONTENT="ett"/><SP WIDTH="26" VPOS="1516" HPOS="987"/>
							<String ID="string_193" HPOS="1013" VPOS="1515" WIDTH="270" HEIGHT="40" WC="0.91" CONTENT="principförslag"/><SP WIDTH="27" VPOS="1515" HPOS="1283"/>
							<String ID="string_194" HPOS="1310" VPOS="1525" WIDTH="57" HEIGHT="20" WC="0.95" CONTENT="om"/><SP WIDTH="27" VPOS="1525" HPOS="1367"/>
							<String ID="string_195" HPOS="1394" VPOS="1516" WIDTH="250" HEIGHT="40" WC="0.94" CONTENT="överflyttning"/><SP WIDTH="27" VPOS="1516" HPOS="1644"/>
							<String ID="string_196" HPOS="1671" VPOS="1525" WIDTH="42" HEIGHT="20" WC="0.96" CONTENT="av"/>
						</TextLine>
						<TextLine ID="line_24" HPOS="229" VPOS="1565" WIDTH="1484" HEIGHT="45">
							<String ID="string_197" HPOS="229" VPOS="1565" WIDTH="363" HEIGHT="40" WC="0.91" CONTENT="riksdagsbiblioteket"/><SP WIDTH="17" VPOS="1565" HPOS="592"/>
							<String ID="string_198" HPOS="609" VPOS="1566" WIDTH="52" HEIGHT="30" WC="0.96" CONTENT="till"/><SP WIDTH="17" VPOS="1566" HPOS="661"/>
							<String ID="string_199" HPOS="678" VPOS="1566" WIDTH="66" HEIGHT="30" WC="0.96" CONTENT="den"/><SP WIDTH="17" VPOS="1566" HPOS="744"/>
							<String ID="string_200" HPOS="761" VPOS="1567" WIDTH="126" HEIGHT="40" WC="0.95" CONTENT="Kungl."/><SP WIDTH="17" VPOS="1567" HPOS="887"/>
							<String ID="string_201" HPOS="904" VPOS="1568" WIDTH="105" HEIGHT="39" WC="0.96" CONTENT="Maj:t"/><SP WIDTH="18" VPOS="1568" HPOS="1009"/>
							<String ID="string_202" HPOS="1027" VPOS="1568" WIDTH="239" HEIGHT="31" WC="0.93" CONTENT="underställda"/><SP WIDTH="18" VPOS="1568" HPOS="1266"/>
							<String ID="string_203" HPOS="1284" VPOS="1569" WIDTH="348" HEIGHT="41" WC="0.92" CONTENT="statsförvaltningen"/><SP WIDTH="17" VPOS="1569" HPOS="1632"/>
							<String ID="string_204" HPOS="1649" VPOS="1571" WIDTH="64" HEIGHT="29" WC="0.96" CONTENT="och"/>
						</TextLine>
						<TextLine ID="line_25" HPOS="229" VPOS="1620" WIDTH="1422" HEIGHT="44">
							<String ID="string_205" HPOS="229" VPOS="1620" WIDTH="199" HEIGHT="29" WC="0.89" CONTENT="ersättande"/><SP WIDTH="19" VPOS="1620" HPOS="428"/>
							<String ID="string_206" HPOS="447" VPOS="1620" WIDTH="78" HEIGHT="29" WC="0.96" CONTENT="med"/><SP WIDTH="19" VPOS="1620" HPOS="525"/>
							<String ID="string_207" HPOS="544" VPOS="1622" WIDTH="47" HEIGHT="28" WC="0.92" CONTENT="ett"/><SP WIDTH="18" VPOS="1622" HPOS="591"/>
							<String ID="string_208" HPOS="609" VPOS="1621" WIDTH="324" HEIGHT="30" WC="0.92" CONTENT="referensbibliotek"/><SP WIDTH="18" VPOS="1621" HPOS="933"/>
							<String ID="string_209" HPOS="951" VPOS="1622" WIDTH="54" HEIGHT="30" WC="0.96" CONTENT="för"/><SP WIDTH="19" VPOS="1622" HPOS="1005"/>
							<String ID="string_210" HPOS="1024" VPOS="1623" WIDTH="205" HEIGHT="40" WC="0.93" CONTENT="riksdagens"/><SP WIDTH="19" VPOS="1623" HPOS="1229"/>
							<String ID="string_211" HPOS="1248" VPOS="1623" WIDTH="403" HEIGHT="41" WC="0.90" CONTENT="litteraturförsörjning."/>
						</TextLine>
					</TextBlock>
					<TextBlock ID="block_7" HPOS="223" VPOS="1674" WIDTH="1490" HEIGHT="416">
						<TextLine ID="line_26" HPOS="271" VPOS="1674" WIDTH="1442" HEIGHT="42">
							<String ID="string_212" HPOS="271" VPOS="1674" WIDTH="175" HEIGHT="40" WC="0.96" CONTENT="Styrelsen"/><SP WIDTH="23" VPOS="1674" HPOS="446"/>
							<String ID="string_213" HPOS="469" VPOS="1675" WIDTH="66" HEIGHT="30" WC="0.96" CONTENT="har"/><SP WIDTH="21" VPOS="1675" HPOS="535"/>
							<String ID="string_214" HPOS="556" VPOS="1675" WIDTH="11" HEIGHT="30" WC="0.96" CONTENT="i"/><SP WIDTH="23" VPOS="1675" HPOS="567"/>
							<String ID="string_215" HPOS="590" VPOS="1676" WIDTH="289" HEIGHT="39" WC="0.96" CONTENT="remissyttrande"/><SP WIDTH="23" VPOS="1676" HPOS="879"/>
							<String ID="string_216" HPOS="902" VPOS="1676" WIDTH="53" HEIGHT="30" WC="0.96" CONTENT="till"/><SP WIDTH="24" VPOS="1676" HPOS="955"/>
							<String ID="string_217" HPOS="979" VPOS="1676" WIDTH="207" HEIGHT="40" WC="0.96" CONTENT="riksdagens"/><SP WIDTH="21" VPOS="1676" HPOS="1186"/>
							<String ID="string_218" HPOS="1207" VPOS="1677" WIDTH="170" HEIGHT="31" WC="0.96" CONTENT="revisorer"/><SP WIDTH="24" VPOS="1677" HPOS="1377"/>
							<String ID="string_219" HPOS="1401" VPOS="1678" WIDTH="126" HEIGHT="31" WC="0.96" CONTENT="uttalat"/><SP WIDTH="24" VPOS="1678" HPOS="1527"/>
							<String ID="string_220" HPOS="1551" VPOS="1681" WIDTH="49" HEIGHT="28" WC="0.93" CONTENT="att"/><SP WIDTH="25" VPOS="1681" HPOS="1600"/>
							<String ID="string_221" HPOS="1625" VPOS="1679" WIDTH="88" HEIGHT="30" WC="0.91" CONTENT="riks-"/>
						</TextLine>
						<TextLine ID="line_27" HPOS="226" VPOS="1729" WIDTH="1486" HEIGHT="44">
							<String ID="string_222" HPOS="226" VPOS="1729" WIDTH="112" HEIGHT="40" WC="0.96" CONTENT="dagen"/><SP WIDTH="28" VPOS="1729" HPOS="338"/>
							<String ID="string_223" HPOS="366" VPOS="1731" WIDTH="86" HEIGHT="28" WC="0.96" CONTENT="även"/><SP WIDTH="29" VPOS="1731" HPOS="452"/>
							<String ID="string_224" HPOS="481" VPOS="1730" WIDTH="10" HEIGHT="29" WC="0.96" CONTENT="i"/><SP WIDTH="29" VPOS="1730" HPOS="491"/>
							<String ID="string_225" HPOS="520" VPOS="1730" WIDTH="273" HEIGHT="40" WC="0.96" CONTENT="fortsättningen"/><SP WIDTH="27" VPOS="1730" HPOS="793"/>
							<String ID="string_226" HPOS="820" VPOS="1731" WIDTH="62" HEIGHT="29" WC="0.96" CONTENT="bör"/><SP WIDTH="28" VPOS="1731" HPOS="882"/>
							<String ID="string_227" HPOS="910" VPOS="1740" WIDTH="83" HEIGHT="21" WC="0.96" CONTENT="vara"/><SP WIDTH="27" VPOS="1740" HPOS="993"/>
							<String ID="string_228" HPOS="1020" VPOS="1731" WIDTH="206" HEIGHT="30" WC="0.96" CONTENT="huvudman"/><SP WIDTH="29" VPOS="1731" HPOS="1226"/>
							<String ID="string_229" HPOS="1255" VPOS="1732" WIDTH="54" HEIGHT="30" WC="0.93" CONTENT="för"/><SP WIDTH="28" VPOS="1732" HPOS="1309"/>
							<String ID="string_230" HPOS="1337" VPOS="1733" WIDTH="375" HEIGHT="40" WC="0.91" CONTENT="riksdagsbiblioteket."/>
						</TextLine>
						<TextLine ID="line_28" HPOS="225" VPOS="1782" WIDTH="1488" HEIGHT="42">
							<String ID="string_231" HPOS="225" VPOS="1782" WIDTH="78" HEIGHT="30" WC="0.96" CONTENT="Med"/><SP WIDTH="22" VPOS="1782" HPOS="303"/>
							<String ID="string_232" HPOS="325" VPOS="1782" WIDTH="139" HEIGHT="40" WC="0.96" CONTENT="hänsyn"/><SP WIDTH="22" VPOS="1782" HPOS="464"/>
							<String ID="string_233" HPOS="486" VPOS="1783" WIDTH="52" HEIGHT="29" WC="0.93" CONTENT="till"/><SP WIDTH="24" VPOS="1783" HPOS="538"/>
							<String ID="string_234" HPOS="562" VPOS="1783" WIDTH="383" HEIGHT="39" WC="0.91" CONTENT="riksdagsbibliotekets"/><SP WIDTH="23" VPOS="1783" HPOS="945"/>
							<String ID="string_235" HPOS="968" VPOS="1784" WIDTH="195" HEIGHT="40" WC="0.93" CONTENT="betydande"/><SP WIDTH="23" VPOS="1784" HPOS="1163"/>
							<String ID="string_236" HPOS="1186" VPOS="1785" WIDTH="207" HEIGHT="31" WC="0.91" CONTENT="lokalbehov"/><SP WIDTH="21" VPOS="1785" HPOS="1393"/>
							<String ID="string_237" HPOS="1414" VPOS="1804" WIDTH="45" HEIGHT="4" WC="0.92" CONTENT="—"/><SP WIDTH="22" VPOS="1804" HPOS="1459"/>
							<String ID="string_238" HPOS="1481" VPOS="1795" WIDTH="40" HEIGHT="21" WC="0.96" CONTENT="ca"/><SP WIDTH="23" VPOS="1795" HPOS="1521"/>
							<String ID="string_239" HPOS="1544" VPOS="1786" WIDTH="18" HEIGHT="30" WC="0.90" CONTENT="3"/><SP WIDTH="17" VPOS="1786" HPOS="1562"/>
							<String ID="string_240" HPOS="1579" VPOS="1786" WIDTH="59" HEIGHT="30" WC="0.90" CONTENT="175"/><SP WIDTH="26" VPOS="1786" HPOS="1638"/>
							<String ID="string_241" HPOS="1664" VPOS="1790" WIDTH="49" HEIGHT="26" WC="0.91" CONTENT="m?"/>
						</TextLine>
						<TextLine ID="line_29" HPOS="224" VPOS="1835" WIDTH="1488" HEIGHT="43">
							<String ID="string_242" HPOS="224" VPOS="1835" WIDTH="11" HEIGHT="29" WC="0.96" CONTENT="i"/><SP WIDTH="26" VPOS="1835" HPOS="235"/>
							<String ID="string_243" HPOS="261" VPOS="1837" WIDTH="48" HEIGHT="28" WC="0.96" CONTENT="ett"/><SP WIDTH="25" VPOS="1837" HPOS="309"/>
							<String ID="string_244" HPOS="334" VPOS="1838" WIDTH="207" HEIGHT="37" WC="0.96" CONTENT="permanent"/><SP WIDTH="25" VPOS="1838" HPOS="541"/>
							<String ID="string_245" HPOS="566" VPOS="1836" WIDTH="230" HEIGHT="40" WC="0.96" CONTENT="riksdagshus"/><SP WIDTH="27" VPOS="1836" HPOS="796"/>
							<String ID="string_246" HPOS="823" VPOS="1838" WIDTH="65" HEIGHT="28" WC="0.96" CONTENT="och"/><SP WIDTH="25" VPOS="1838" HPOS="888"/>
							<String ID="string_247" HPOS="913" VPOS="1846" WIDTH="40" HEIGHT="21" WC="0.96" CONTENT="ca"/><SP WIDTH="26" VPOS="1846" HPOS="953"/>
							<String ID="string_248" HPOS="979" VPOS="1837" WIDTH="96" HEIGHT="30" WC="0.93" CONTENT="2100"/><SP WIDTH="27" VPOS="1837" HPOS="1075"/>
							<String ID="string_249" HPOS="1102" VPOS="1842" WIDTH="48" HEIGHT="25" WC="0.93" CONTENT="m?"/><SP WIDTH="26" VPOS="1842" HPOS="1150"/>
							<String ID="string_250" HPOS="1176" VPOS="1839" WIDTH="110" HEIGHT="29" WC="0.96" CONTENT="härav"/><SP WIDTH="26" VPOS="1839" HPOS="1286"/>
							<String ID="string_251" HPOS="1312" VPOS="1838" WIDTH="54" HEIGHT="31" WC="0.93" CONTENT="för"/><SP WIDTH="26" VPOS="1838" HPOS="1366"/>
							<String ID="string_252" HPOS="1392" VPOS="1840" WIDTH="229" HEIGHT="38" WC="0.92" CONTENT="bokmagasin"/><SP WIDTH="26" VPOS="1840" HPOS="1621"/>
							<String ID="string_253" HPOS="1647" VPOS="1840" WIDTH="65" HEIGHT="30" WC="0.96" CONTENT="och"/>
						</TextLine>
						<TextLine ID="line_30" HPOS="225" VPOS="1889" WIDTH="1487" HEIGHT="43">
							<String ID="string_254" HPOS="225" VPOS="1889" WIDTH="120" HEIGHT="30" WC="0.93" CONTENT="förråd"/><SP WIDTH="17" VPOS="1889" HPOS="345"/>
							<String ID="string_255" HPOS="362" VPOS="1907" WIDTH="45" HEIGHT="3" WC="0.92" CONTENT="—"/><SP WIDTH="17" VPOS="1907" HPOS="407"/>
							<String ID="string_256" HPOS="424" VPOS="1890" WIDTH="66" HEIGHT="29" WC="0.96" CONTENT="har"/><SP WIDTH="17" VPOS="1890" HPOS="490"/>
							<String ID="string_257" HPOS="507" VPOS="1890" WIDTH="206" HEIGHT="40" WC="0.96" CONTENT="riksdagens"/><SP WIDTH="19" VPOS="1890" HPOS="713"/>
							<String ID="string_258" HPOS="732" VPOS="1891" WIDTH="11" HEIGHT="29" WC="0.96" CONTENT="i"/><SP WIDTH="19" VPOS="1891" HPOS="743"/>
							<String ID="string_259" HPOS="762" VPOS="1891" WIDTH="258" HEIGHT="39" WC="0.96" CONTENT="promemorian"/><SP WIDTH="20" VPOS="1891" HPOS="1020"/>
							<String ID="string_260" HPOS="1040" VPOS="1892" WIDTH="135" HEIGHT="39" WC="0.96" CONTENT="belysta"/><SP WIDTH="17" VPOS="1892" HPOS="1175"/>
							<String ID="string_261" HPOS="1192" VPOS="1892" WIDTH="146" HEIGHT="31" WC="0.96" CONTENT="relativa"/><SP WIDTH="17" VPOS="1892" HPOS="1338"/>
							<String ID="string_262" HPOS="1355" VPOS="1893" WIDTH="101" HEIGHT="39" WC="0.96" CONTENT="ringa"/><SP WIDTH="19" VPOS="1893" HPOS="1456"/>
							<String ID="string_263" HPOS="1475" VPOS="1893" WIDTH="101" HEIGHT="30" WC="0.95" CONTENT="andel"/><SP WIDTH="20" VPOS="1893" HPOS="1576"/>
							<String ID="string_264" HPOS="1596" VPOS="1894" WIDTH="11" HEIGHT="29" WC="0.93" CONTENT="i"/><SP WIDTH="20" VPOS="1894" HPOS="1607"/>
							<String ID="string_265" HPOS="1627" VPOS="1894" WIDTH="85" HEIGHT="29" WC="0.93" CONTENT="kon-"/>
						</TextLine>
						<TextLine ID="line_31" HPOS="224" VPOS="1943" WIDTH="1487" HEIGHT="45">
							<String ID="string_266" HPOS="224" VPOS="1943" WIDTH="199" HEIGHT="30" WC="0.92" CONTENT="sumtionen"/><SP WIDTH="26" VPOS="1943" HPOS="423"/>
							<String ID="string_267" HPOS="449" VPOS="1953" WIDTH="43" HEIGHT="20" WC="0.96" CONTENT="av"/><SP WIDTH="23" VPOS="1953" HPOS="492"/>
							<String ID="string_268" HPOS="515" VPOS="1944" WIDTH="222" HEIGHT="31" WC="0.96" CONTENT="bibliotekets"/><SP WIDTH="23" VPOS="1944" HPOS="737"/>
							<String ID="string_269" HPOS="760" VPOS="1944" WIDTH="150" HEIGHT="39" WC="0.96" CONTENT="tjänster"/><SP WIDTH="27" VPOS="1944" HPOS="910"/>
							<String ID="string_270" HPOS="937" VPOS="1945" WIDTH="191" HEIGHT="30" WC="0.93" CONTENT="emellertid"/><SP WIDTH="27" VPOS="1945" HPOS="1128"/>
							<String ID="string_271" HPOS="1155" VPOS="1948" WIDTH="69" HEIGHT="37" WC="0.96" CONTENT="gett"/><SP WIDTH="27" VPOS="1948" HPOS="1224"/>
							<String ID="string_272" HPOS="1251" VPOS="1947" WIDTH="171" HEIGHT="39" WC="0.96" CONTENT="styrelsen"/><SP WIDTH="25" VPOS="1947" HPOS="1422"/>
							<String ID="string_273" HPOS="1447" VPOS="1947" WIDTH="188" HEIGHT="41" WC="0.96" CONTENT="anledning"/><SP WIDTH="27" VPOS="1947" HPOS="1635"/>
							<String ID="string_274" HPOS="1662" VPOS="1950" WIDTH="49" HEIGHT="28" WC="0.96" CONTENT="att"/>
						</TextLine>
						<TextLine ID="line_32" HPOS="223" VPOS="1997" WIDTH="1488" HEIGHT="43">
							<String ID="string_275" HPOS="223" VPOS="1997" WIDTH="168" HEIGHT="39" WC="0.96" CONTENT="ompröva"/><SP WIDTH="26" VPOS="1997" HPOS="391"/>
							<String ID="string_276" HPOS="417" VPOS="1997" WIDTH="124" HEIGHT="39" WC="0.96" CONTENT="frågan"/><SP WIDTH="27" VPOS="1997" HPOS="541"/>
							<String ID="string_277" HPOS="568" VPOS="2006" WIDTH="57" HEIGHT="21" WC="0.96" CONTENT="om"/><SP WIDTH="27" VPOS="2006" HPOS="625"/>
							<String ID="string_278" HPOS="652" VPOS="1997" WIDTH="80" HEIGHT="30" WC="0.96" CONTENT="hela"/><SP WIDTH="25" VPOS="1997" HPOS="732"/>
							<String ID="string_279" HPOS="757" VPOS="1998" WIDTH="201" HEIGHT="30" WC="0.96" CONTENT="biblioteket"/><SP WIDTH="26" VPOS="1998" HPOS="958"/>
							<String ID="string_280" HPOS="984" VPOS="1999" WIDTH="62" HEIGHT="30" WC="0.96" CONTENT="bör"/><SP WIDTH="28" VPOS="1999" HPOS="1046"/>
							<String ID="string_281" HPOS="1074" VPOS="2000" WIDTH="176" HEIGHT="39" WC="0.96" CONTENT="förläggas"/><SP WIDTH="25" VPOS="2000" HPOS="1250"/>
							<String ID="string_282" HPOS="1275" VPOS="2002" WIDTH="11" HEIGHT="29" WC="0.95" CONTENT="i"/><SP WIDTH="28" VPOS="2002" HPOS="1286"/>
							<String ID="string_283" HPOS="1314" VPOS="2002" WIDTH="48" HEIGHT="28" WC="0.95" CONTENT="ett"/><SP WIDTH="28" VPOS="2002" HPOS="1362"/>
							<String ID="string_284" HPOS="1390" VPOS="2003" WIDTH="205" HEIGHT="37" WC="0.93" CONTENT="permanent"/><SP WIDTH="27" VPOS="2003" HPOS="1595"/>
							<String ID="string_285" HPOS="1622" VPOS="2002" WIDTH="89" HEIGHT="29" WC="0.92" CONTENT="riks-"/>
						</TextLine>
						<TextLine ID="line_33" HPOS="223" VPOS="2050" WIDTH="164" HEIGHT="40">
							<String ID="string_286" HPOS="223" VPOS="2050" WIDTH="164" HEIGHT="40" WC="0.91" CONTENT="dagshus."/>
						</TextLine>
					</TextBlock>
					<TextBlock ID="block_8" HPOS="219" VPOS="2104" WIDTH="1491" HEIGHT="299">
						<TextLine ID="line_34" HPOS="266" VPOS="2104" WIDTH="1443" HEIGHT="43">
							<String ID="string_287" HPOS="266" VPOS="2105" WIDTH="70" HEIGHT="29" WC="0.95" CONTENT="När"/><SP WIDTH="22" VPOS="2105" HPOS="336"/>
							<String ID="string_288" HPOS="358" VPOS="2104" WIDTH="124" HEIGHT="40" WC="0.96" CONTENT="frågan"/><SP WIDTH="22" VPOS="2104" HPOS="482"/>
							<String ID="string_289" HPOS="504" VPOS="2114" WIDTH="56" HEIGHT="20" WC="0.92" CONTENT="om"/><SP WIDTH="22" VPOS="2114" HPOS="560"/>
							<String ID="string_290" HPOS="582" VPOS="2105" WIDTH="385" HEIGHT="39" WC="0.92" CONTENT="riksdagsbibliotekets"/><SP WIDTH="20" VPOS="2105" HPOS="967"/>
							<String ID="string_291" HPOS="987" VPOS="2106" WIDTH="224" HEIGHT="41" WC="0.93" CONTENT="lokalisering"/><SP WIDTH="23" VPOS="2106" HPOS="1211"/>
							<String ID="string_292" HPOS="1234" VPOS="2109" WIDTH="117" HEIGHT="28" WC="0.48" CONTENT="scnast"/><SP WIDTH="21" VPOS="2109" HPOS="1351"/>
							<String ID="string_293" HPOS="1372" VPOS="2117" WIDTH="62" HEIGHT="20" WC="0.96" CONTENT="var"/><SP WIDTH="21" VPOS="2117" HPOS="1434"/>
							<String ID="string_294" HPOS="1455" VPOS="2109" WIDTH="131" HEIGHT="29" WC="0.92" CONTENT="aktuell"/><SP WIDTH="29" VPOS="2109" HPOS="1586"/>
							<String ID="string_295" HPOS="1615" VPOS="2109" WIDTH="94" HEIGHT="34" WC="0.92" CONTENT="(BaU"/>
						</TextLine>
						<TextLine ID="line_35" HPOS="224" VPOS="2158" WIDTH="1486" HEIGHT="42">
							<String ID="string_296" HPOS="224" VPOS="2158" WIDTH="99" HEIGHT="30" WC="0.74" CONTENT="1966:"/><SP WIDTH="18" VPOS="2158" HPOS="323"/>
							<String ID="string_297" HPOS="341" VPOS="2158" WIDTH="71" HEIGHT="35" WC="0.90" CONTENT="47),"/><SP WIDTH="29" VPOS="2158" HPOS="412"/>
							<String ID="string_298" HPOS="441" VPOS="2158" WIDTH="181" HEIGHT="31" WC="0.90" CONTENT="tillmättes"/><SP WIDTH="29" VPOS="2158" HPOS="622"/>
							<String ID="string_299" HPOS="651" VPOS="2159" WIDTH="191" HEIGHT="39" WC="0.96" CONTENT="tillgången"/><SP WIDTH="28" VPOS="2159" HPOS="842"/>
							<String ID="string_300" HPOS="870" VPOS="2159" WIDTH="95" HEIGHT="30" WC="0.96" CONTENT="inom"/><SP WIDTH="29" VPOS="2159" HPOS="965"/>
							<String ID="string_301" HPOS="994" VPOS="2160" WIDTH="265" HEIGHT="40" WC="0.96" CONTENT="riksdagshuset"/><SP WIDTH="29" VPOS="2160" HPOS="1259"/>
							<String ID="string_302" HPOS="1288" VPOS="2161" WIDTH="52" HEIGHT="30" WC="0.96" CONTENT="till"/><SP WIDTH="30" VPOS="2161" HPOS="1340"/>
							<String ID="string_303" HPOS="1370" VPOS="2162" WIDTH="222" HEIGHT="31" WC="0.93" CONTENT="bibliotekets"/><SP WIDTH="29" VPOS="2162" HPOS="1592"/>
							<String ID="string_304" HPOS="1621" VPOS="2172" WIDTH="89" HEIGHT="20" WC="0.91" CONTENT="sam-"/>
						</TextLine>
						<TextLine ID="line_36" HPOS="222" VPOS="2211" WIDTH="1488" HEIGHT="45">
							<String ID="string_305" HPOS="222" VPOS="2211" WIDTH="79" HEIGHT="31" WC="0.96" CONTENT="lade"/><SP WIDTH="23" VPOS="2211" HPOS="301"/>
							<String ID="string_306" HPOS="324" VPOS="2212" WIDTH="128" HEIGHT="30" WC="0.96" CONTENT="service"/><SP WIDTH="24" VPOS="2212" HPOS="452"/>
							<String ID="string_307" HPOS="476" VPOS="2214" WIDTH="48" HEIGHT="28" WC="0.96" CONTENT="ett"/><SP WIDTH="24" VPOS="2214" HPOS="524"/>
							<String ID="string_308" HPOS="548" VPOS="2212" WIDTH="76" HEIGHT="30" WC="0.96" CONTENT="icke"/><SP WIDTH="24" VPOS="2212" HPOS="624"/>
							<String ID="string_309" HPOS="648" VPOS="2213" WIDTH="100" HEIGHT="39" WC="0.96" CONTENT="ringa"/><SP WIDTH="23" VPOS="2213" HPOS="748"/>
							<String ID="string_310" HPOS="771" VPOS="2213" WIDTH="115" HEIGHT="35" WC="0.96" CONTENT="värde,"/><SP WIDTH="24" VPOS="2213" HPOS="886"/>
							<String ID="string_311" HPOS="910" VPOS="2213" WIDTH="87" HEIGHT="31" WC="0.95" CONTENT="bl.a."/><SP WIDTH="26" VPOS="2213" HPOS="997"/>
							<String ID="string_312" HPOS="1023" VPOS="2214" WIDTH="78" HEIGHT="30" WC="0.96" CONTENT="med"/><SP WIDTH="25" VPOS="2214" HPOS="1101"/>
							<String ID="string_313" HPOS="1126" VPOS="2214" WIDTH="138" HEIGHT="40" WC="0.96" CONTENT="hänsyn"/><SP WIDTH="24" VPOS="2214" HPOS="1264"/>
							<String ID="string_314" HPOS="1288" VPOS="2215" WIDTH="52" HEIGHT="30" WC="0.93" CONTENT="till"/><SP WIDTH="26" VPOS="2215" HPOS="1340"/>
							<String ID="string_315" HPOS="1366" VPOS="2216" WIDTH="344" HEIGHT="40" WC="0.91" CONTENT="upplysningstjäns-"/>
						</TextLine>
						<TextLine ID="line_37" HPOS="222" VPOS="2266" WIDTH="1487" HEIGHT="44">
							<String ID="string_316" HPOS="222" VPOS="2267" WIDTH="75" HEIGHT="28" WC="0.96" CONTENT="tens"/><SP WIDTH="26" VPOS="2267" HPOS="297"/>
							<String ID="string_317" HPOS="323" VPOS="2266" WIDTH="121" HEIGHT="30" WC="0.94" CONTENT="behov."/><SP WIDTH="29" VPOS="2266" HPOS="444"/>
							<String ID="string_318" HPOS="473" VPOS="2266" WIDTH="174" HEIGHT="39" WC="0.95" CONTENT="Styrelsen"/><SP WIDTH="28" VPOS="2266" HPOS="647"/>
							<String ID="string_319" HPOS="675" VPOS="2266" WIDTH="185" HEIGHT="30" WC="0.96" CONTENT="förordade"/><SP WIDTH="28" VPOS="2266" HPOS="860"/>
							<String ID="string_320" HPOS="888" VPOS="2267" WIDTH="120" HEIGHT="30" WC="0.95" CONTENT="därför"/><SP WIDTH="28" VPOS="2267" HPOS="1008"/>
							<String ID="string_321" HPOS="1036" VPOS="2277" WIDTH="43" HEIGHT="20" WC="0.92" CONTENT="en"/><SP WIDTH="27" VPOS="2277" HPOS="1079"/>
							<String ID="string_322" HPOS="1106" VPOS="2268" WIDTH="146" HEIGHT="30" WC="0.91" CONTENT="allenast"/><SP WIDTH="27" VPOS="2268" HPOS="1252"/>
							<String ID="string_323" HPOS="1279" VPOS="2269" WIDTH="195" HEIGHT="40" WC="0.96" CONTENT="begränsad"/><SP WIDTH="27" VPOS="2269" HPOS="1474"/>
							<String ID="string_324" HPOS="1501" VPOS="2270" WIDTH="208" HEIGHT="40" WC="0.96" CONTENT="utflyttning"/>
						</TextLine>
						<TextLine ID="line_38" HPOS="221" VPOS="2319" WIDTH="1488" HEIGHT="41">
							<String ID="string_325" HPOS="221" VPOS="2329" WIDTH="42" HEIGHT="19" WC="0.95" CONTENT="av"/><SP WIDTH="28" VPOS="2329" HPOS="263"/>
							<String ID="string_326" HPOS="291" VPOS="2319" WIDTH="211" HEIGHT="34" WC="0.95" CONTENT="biblioteket,"/><SP WIDTH="31" VPOS="2319" HPOS="502"/>
							<String ID="string_327" HPOS="533" VPOS="2329" WIDTH="120" HEIGHT="20" WC="0.96" CONTENT="varom"/><SP WIDTH="29" VPOS="2329" HPOS="653"/>
							<String ID="string_328" HPOS="682" VPOS="2320" WIDTH="187" HEIGHT="39" WC="0.96" CONTENT="riksdagen"/><SP WIDTH="30" VPOS="2320" HPOS="869"/>
							<String ID="string_329" HPOS="899" VPOS="2321" WIDTH="46" HEIGHT="39" WC="0.96" CONTENT="på"/><SP WIDTH="28" VPOS="2321" HPOS="945"/>
							<String ID="string_330" HPOS="973" VPOS="2322" WIDTH="211" HEIGHT="29" WC="0.95" CONTENT="hemställan"/><SP WIDTH="30" VPOS="2322" HPOS="1184"/>
							<String ID="string_331" HPOS="1214" VPOS="2332" WIDTH="41" HEIGHT="20" WC="0.96" CONTENT="av"/><SP WIDTH="30" VPOS="2332" HPOS="1255"/>
							<String ID="string_332" HPOS="1285" VPOS="2323" WIDTH="288" HEIGHT="31" WC="0.96" CONTENT="bankoutskottet"/><SP WIDTH="30" VPOS="2323" HPOS="1573"/>
							<String ID="string_333" HPOS="1603" VPOS="2324" WIDTH="106" HEIGHT="29" WC="0.96" CONTENT="också"/>
						</TextLine>
						<TextLine ID="line_39" HPOS="219" VPOS="2373" WIDTH="121" HEIGHT="30">
							<String ID="string_334" HPOS="219" VPOS="2373" WIDTH="121" HEIGHT="30" WC="0.96" CONTENT="beslöt."/>
						</TextLine>
					</TextBlock>
					<TextBlock ID="block_9" HPOS="218" VPOS="2427" WIDTH="1491" HEIGHT="151">
						<TextLine ID="line_40" HPOS="264" VPOS="2427" WIDTH="1445" HEIGHT="44">
							<String ID="string_335" HPOS="264" VPOS="2428" WIDTH="54" HEIGHT="29" WC="0.96" CONTENT="En"/><SP WIDTH="26" VPOS="2428" HPOS="318"/>
							<String ID="string_336" HPOS="344" VPOS="2427" WIDTH="97" HEIGHT="30" WC="0.91" CONTENT="inom"/><SP WIDTH="28" VPOS="2427" HPOS="441"/>
							<String ID="string_337" HPOS="469" VPOS="2427" WIDTH="395" HEIGHT="40" WC="0.89" CONTENT="förvaltningskontoret"/><SP WIDTH="30" VPOS="2427" HPOS="864"/>
							<String ID="string_338" HPOS="894" VPOS="2436" WIDTH="124" HEIGHT="32" WC="0.93" CONTENT="genom"/><SP WIDTH="28" VPOS="2436" HPOS="1018"/>
							<String ID="string_339" HPOS="1046" VPOS="2430" WIDTH="390" HEIGHT="40" WC="0.89" CONTENT="upplysningstjänsten"/><SP WIDTH="29" VPOS="2430" HPOS="1436"/>
							<String ID="string_340" HPOS="1465" VPOS="2432" WIDTH="11" HEIGHT="29" WC="0.96" CONTENT="i"/><SP WIDTH="29" VPOS="2432" HPOS="1476"/>
							<String ID="string_341" HPOS="1505" VPOS="2432" WIDTH="204" HEIGHT="39" WC="0.96" CONTENT="anslutning"/>
						</TextLine>
						<TextLine ID="line_41" HPOS="220" VPOS="2481" WIDTH="1487" HEIGHT="45">
							<String ID="string_342" HPOS="220" VPOS="2481" WIDTH="53" HEIGHT="30" WC="0.96" CONTENT="till"/><SP WIDTH="26" VPOS="2481" HPOS="273"/>
							<String ID="string_343" HPOS="299" VPOS="2482" WIDTH="171" HEIGHT="29" WC="0.96" CONTENT="remissen"/><SP WIDTH="27" VPOS="2482" HPOS="470"/>
							<String ID="string_344" HPOS="497" VPOS="2482" WIDTH="179" HEIGHT="39" WC="0.93" CONTENT="företagen"/><SP WIDTH="26" VPOS="2482" HPOS="676"/>
							<String ID="string_345" HPOS="702" VPOS="2482" WIDTH="273" HEIGHT="32" WC="0.92" CONTENT="referensstudie"/><SP WIDTH="26" VPOS="2482" HPOS="975"/>
							<String ID="string_346" HPOS="1001" VPOS="2484" WIDTH="65" HEIGHT="30" WC="0.96" CONTENT="har"/><SP WIDTH="27" VPOS="2484" HPOS="1066"/>
							<String ID="string_347" HPOS="1093" VPOS="2494" WIDTH="47" HEIGHT="20" WC="0.96" CONTENT="nu"/><SP WIDTH="28" VPOS="2494" HPOS="1140"/>
							<String ID="string_348" HPOS="1168" VPOS="2484" WIDTH="88" HEIGHT="31" WC="0.96" CONTENT="visat"/><SP WIDTH="29" VPOS="2484" HPOS="1256"/>
							<String ID="string_349" HPOS="1285" VPOS="2486" WIDTH="49" HEIGHT="28" WC="0.93" CONTENT="att"/><SP WIDTH="29" VPOS="2486" HPOS="1334"/>
							<String ID="string_350" HPOS="1363" VPOS="2486" WIDTH="344" HEIGHT="40" WC="0.91" CONTENT="upplysningstjäns-"/>
						</TextLine>
						<TextLine ID="line_42" HPOS="218" VPOS="2534" WIDTH="1489" HEIGHT="44">
							<String ID="string_351" HPOS="218" VPOS="2536" WIDTH="77" HEIGHT="28" WC="0.96" CONTENT="tens"/><SP WIDTH="26" VPOS="2536" HPOS="295"/>
							<String ID="string_352" HPOS="321" VPOS="2534" WIDTH="170" HEIGHT="30" WC="0.96" CONTENT="beroende"/><SP WIDTH="27" VPOS="2534" HPOS="491"/>
							<String ID="string_353" HPOS="518" VPOS="2544" WIDTH="42" HEIGHT="20" WC="0.93" CONTENT="av"/><SP WIDTH="24" VPOS="2544" HPOS="560"/>
							<String ID="string_354" HPOS="584" VPOS="2535" WIDTH="364" HEIGHT="39" WC="0.90" CONTENT="riksdagsbiblioteket"/><SP WIDTH="27" VPOS="2535" HPOS="948"/>
							<String ID="string_355" HPOS="975" VPOS="2537" WIDTH="63" HEIGHT="29" WC="0.96" CONTENT="har"/><SP WIDTH="27" VPOS="2537" HPOS="1038"/>
							<String ID="string_356" HPOS="1065" VPOS="2537" WIDTH="139" HEIGHT="40" WC="0.93" CONTENT="avtagit."/><SP WIDTH="27" VPOS="2537" HPOS="1204"/>
							<String ID="string_357" HPOS="1231" VPOS="2537" WIDTH="310" HEIGHT="31" WC="0.91" CONTENT="Referensstudien"/><SP WIDTH="25" VPOS="2537" HPOS="1541"/>
							<String ID="string_358" HPOS="1566" VPOS="2547" WIDTH="57" HEIGHT="31" WC="0.96" CONTENT="ger"/><SP WIDTH="26" VPOS="2547" HPOS="1623"/>
							<String ID="string_359" HPOS="1649" VPOS="2539" WIDTH="58" HEIGHT="30" WC="0.96" CONTENT="vid"/>
						</TextLine>
					</TextBlock>
				</ComposedBlock>
			</PrintSpace>
		</Page>
	</Layout>
</alto>
