2200 2576
407 156 61 30 136
878 153 253 32 Statsutskottets
1162 152 172 32 Ullåtande
1357 152 64 32 N:o
1446 156 28 27 35.

925 340 122 58 Öfriga
1077 348 180 40 ordinarie
1287 348 144 48 anslag.

142 467 142 30 Angående
300 475 32 15 en
469 453 99 36 26:0.
624 453 17 36 I
676 466 47 23 en
760 452 103 36 inom
901 452 131 36 Andra
1070 451 235 36 Kammaren
1340 450 125 46 väckt,
1495 448 57 36 till
1580 448 190 36 utskottet
1797 448 188 36 hänvisad

151 503 72 56 inom
226 501 100 57 Andra
362 504 146 36 motion
546 505 68 36 har
651 505 88 36 herr
772 506 44 34 A.
858 503 41 37 G.
939 504 158 36 Jönsson
1134 503 12 35 i
1183 502 151 48 Mårarp
1365 501 201 47 föreslagit
1594 500 221 48 Riksdagen
1844 504 54 31 att
1926 500 60 36 för

133 571 79 22 väckt
231 570 111 23 motion.
365 556 58 36 Sin
454 556 61 36 del
544 556 161 47 besluta,
735 557 77 36 dels
840 560 55 32 att
924 555 309 48 beväringsman,
1264 567 83 23 som
1375 558 91 31 utan
1495 557 90 43 eget
1604 551 236 37 förvållande
1860 551 129 37 blifvit

363 608 240 36 urståndsatt
632 613 57 31 att
715 607 238 49 vapenöfvas
984 606 86 36 hela
1099 606 75 36 den
1193 605 256 48 lagstadgade
1471 603 277 49 öfningstiden,
1769 606 116 33 måtte
1905 603 81 36 utfå

364 659 47 36 de
442 661 49 34 30
521 665 66 31 öre
615 673 71 35 per
714 659 77 47 dag
819 659 61 35 för
909 659 73 35 den
1013 658 67 46 tid,
1110 658 77 35 han
1215 656 207 48 undergått
1451 656 148 47 öfning,
1628 655 131 36 hvilka
1789 654 124 37 skolat
1927 655 56 35 in-

363 716 121 31 sättas
526 712 13 35 i
580 711 348 49 postsparbanken,
966 710 13 35 i
1020 709 66 36 fall
1115 709 188 47 öfningen
1331 708 162 48 fortgått
1520 707 12 35 i
1563 709 48 34 90
1641 707 131 48 dagar,
1804 707 98 35 dock
1930 711 56 31 att

363 763 85 36 från
490 763 127 36 denna
659 763 168 36 förmåns
857 762 222 49 åtnjutande
1109 760 123 37 skulle
1261 760 186 36 uteslutas
1477 759 85 46 den,
1592 759 157 36 hvilken
1777 758 121 35 under
1927 758 56 36 öf-

362 815 225 47 ningstiden
627 814 204 36 förklarats
870 813 160 48 oduglig
1065 812 58 36 till
1157 812 230 48 krigstjenst
1417 811 72 35 och
1519 810 86 37 med
1634 810 211 48 anledning
1873 810 114 35 deraf

362 866 128 36 blifvit
518 866 151 36 befriad
698 865 84 36 från
811 865 129 36 vidare
970 864 281 50 vapenöfning;
1284 864 75 35 dels
1389 863 61 36 ock
1479 867 55 31 att
1559 862 347 36 rättsinnehafvare
1925 861 59 36 till

363 918 313 48 beväringsman,
707 930 83 23 som
818 923 90 30 utan
939 921 90 43 eget
1056 915 239 37 förvållande
1325 914 132 47 aflidit,
1486 914 117 35 innan
1632 914 165 47 stadgad
1813 913 173 47 öfnings-

363 969 56 36 tid
448 969 138 36 hunnit
614 970 60 35 för
703 968 214 37 ändamålet
946 968 208 46 användas,
1184 970 117 33 måtte
1330 965 186 37 likaledes
1545 965 212 48 berättigas
1778 970 55 30 att
1852 965 11 35 i
1883 964 102 36 stad-

364 1021 78 47 gad
473 1021 167 48 ordning
667 1021 173 48 uppbära
870 1022 47 34 30
948 1025 65 31 öre
1043 1019 61 36 för
1132 1019 134 48 hvarje
1295 1018 76 36 den
1391 1017 159 37 aflidnes
1572 1016 245 48 öfningsdag,
1839 1019 41 33 så
1898 1016 88 36 vida

365 1073 75 36 den
469 1073 139 36 aflidne
637 1073 84 35 icke
750 1072 98 36 varit
875 1072 13 35 i
916 1071 223 49 åtnjutande
1161 1070 41 36 af
1218 1069 223 37 läkarevård
1463 1071 48 47 på
1530 1073 261 43 regementets
1813 1068 170 48 sjukhus.

470 1124 242 36 Motionären
753 1124 70 36 har
864 1124 184 48 åberopat
1089 1123 75 35 den
1207 1122 42 36 af
1280 1122 141 35 honom
1451 1120 63 37 vid
1544 1120 165 36 sistlidet
1738 1123 60 32 års
1828 1119 159 48 riksdag

364 1176 139 36 väckta
532 1176 158 46 motion,
719 1188 64 23 n:o
813 1178 61 42 23,
905 1175 73 36 och
1007 1174 46 36 de
1083 1173 131 46 motiv,
1243 1174 76 35 han
1349 1172 77 37 deri
1456 1172 219 44 framhållit,
1707 1177 99 30 samt
1835 1171 65 36 det
1928 1184 57 23 er-

365 1227 205 37 kännande
599 1227 43 37 af
668 1227 215 36 motionens
913 1226 115 49 syfte,
1058 1226 148 36 hvilket
1233 1225 121 36 under
1384 1224 73 36 den
1486 1224 111 35 korta
1626 1223 181 36 debatten
1834 1223 13 35 i
1874 1222 110 37 Riks-

365 1280 148 48 dagens
543 1279 133 36 Andra
704 1279 204 36 Kammare
937 1278 115 48 gifvit
1081 1277 60 48 sig
1160 1277 57 36 till
1236 1277 138 46 känna,
1396 1275 201 36 äfvensom
1619 1275 74 36 den
1709 1274 276 46 modifikation,

364 1332 78 35 han
469 1331 13 35 i
511 1331 128 36 denna
667 1331 145 35 motion
840 1335 126 31 ansett
995 1329 177 49 lämpligt
1199 1328 169 48 vidtaga.

471 1384 55 34 Af
547 1383 225 48 jemförelse
801 1382 88 36 med
918 1380 282 38 ofvanberörda
1226 1380 146 35 motion
1400 1379 66 35 vid
1493 1380 94 35 1897
1612 1380 61 33 års
1694 1378 159 46 riksdag
1872 1377 115 36 fram-

365 1437 82 46 går,
477 1439 55 32 att
560 1434 47 36 de
637 1434 42 36 af
704 1434 239 36 motionären
972 1446 52 22 nu
1052 1432 185 47 vidtagna
1266 1431 305 36 modifikationer
1600 1429 110 36 bestå
1739 1429 133 46 deruti,
1903 1429 80 35 att
1961 1425 24 62 i

365 1487 123 36 första
517 1486 151 48 stycket
698 1486 135 35 orden:
863 1485 121 35 »dock
1011 1489 55 31 att
1094 1505 50 4 —
1174 1482 284 49 vapenöfning»
1478 1481 221 36 tillkommit
1719 1486 98 31 samt
1835 1480 12 36 i
1866 1480 119 36 andra

367 1539 154 48 stycket
549 1538 136 35 orden:
715 1540 63 33 »så
807 1536 87 37 vida
923 1536 72 36 den
1028 1535 137 36 aflidne
1195 1540 93 31 etc.»
1318 1534 126 36 blifvit
1471 1533 169 36 tillsatta.

473 1639 197 36 Ehuruväl
702 1640 95 35 1897
830 1641 60 33 års
920 1637 249 37 statsutskott
1197 1636 127 36 funnit
1344 1636 60 48 sig
1423 1635 94 36 böra
1537 1634 171 48 afstyrka
1727 1634 259 36 motionärens

366 1692 12 34 i
415 1691 123 37 första
575 1691 151 48 stycket
756 1690 42 36 af
824 1690 75 36 den
928 1690 47 36 då
1003 1689 139 36 väckta
1170 1688 196 36 motionen
1394 1686 214 48 framlagda
1636 1685 149 48 förslag
1814 1688 52 44 så,
1897 1690 91 31 enär

366 1742 287 49 billighetsskäl
681 1742 110 36 torde
820 1742 127 36 kunna
976 1741 153 36 anföras
1158 1740 60 36 för
1247 1745 56 30 att
1331 1738 308 48 beväringsman,
1670 1750 94 34 som,
1781 1736 115 37 innan
1911 1737 76 35 han

367 1795 175 48 fullgjort
584 1794 87 36 hela
714 1794 57 36 sin
814 1793 207 48 värnpligt,
1065 1792 40 36 af
1143 1791 88 47 laga
1274 1790 141 47 förfall,
1451 1793 126 33 såsom
1612 1788 188 49 sjukdom,
1836 1789 151 47 olycks-

367 1846 185 36 händelse
582 1846 93 36 eller
704 1845 133 49 dylikt,
865 1844 157 36 hindras
1051 1848 55 31 att
1121 1843 220 36 densamma
1356 1841 177 48 fullgöra,
1550 1843 60 33 må
1629 1840 269 48 tillgodonjuta
1914 1840 74 36 den

369 1897 262 49 dagaflöning,
662 1910 81 24 som
775 1896 126 37 skolat
929 1896 138 47 belöpa
1095 1897 49 46 på
1173 1895 74 36 den
1275 1894 68 46 tid,
1372 1893 217 36 hvarunder
1616 1893 74 35 han
1712 1892 118 36 redan
1846 1905 140 35 vapen-

369 1950 139 45 öfvats,
541 1950 70 35 har
639 1949 200 44 utskottet,
870 1961 61 22 om
961 1952 50 31 än
1040 1946 142 36 antalet
1211 1946 142 36 sådana
1381 1944 66 37 fall
1476 1944 83 36 icke
1587 1944 110 36 torde
1718 1957 91 23 vara
1829 1956 158 36 synner-

368 2001 104 49 ligen
502 2001 210 47 afsevärdt,
741 2004 128 32 ansett
897 2012 48 23 en
973 1998 207 48 utredning
1207 1998 12 35 i
1248 1998 138 47 frågan
1418 2009 91 23 vara
1542 1996 203 36 önskvärd.

474 2052 112 37 Hvad
629 2053 172 35 deremot
843 2050 179 37 beträffar
1064 2050 259 35 motionärens
1365 2049 12 35 i
1415 2048 118 36 andra
1561 2048 153 48 stycket
1742 2048 41 35 af
1808 2060 50 22 nu
1886 2046 101 35 före-

367 2104 184 50 liggande
589 2104 148 36 motion
774 2102 225 37 framstälda
1039 2101 185 50 yrkande,
1254 2101 68 35 har
1350 2100 190 36 utskottet
1568 2100 32 47 ej
1631 2099 127 36 funnit
1787 2098 82 37 skäl
1898 2110 90 23 vara

370 2156 173 46 anförda,
574 2169 83 23 som
686 2155 128 36 kunna
843 2153 200 37 föranleda
1071 2158 54 31 ett
1153 2152 271 49 tillstyrkande
1454 2151 57 36 till
1540 2152 222 35 detsamma.
