2208 2585
748 160 251 30 Statsutskottets
1030 156 170 34 Utlåtande
1224 159 63 31 N:o
1312 161 27 27 5.
1750 158 59 30 165

827 347 418 40 Intendenturbehof.

341 456 98 34 36:0.
497 454 143 47 Kongl.
672 454 109 47 Maj:t
810 453 67 36 har
908 452 198 49 föreslagit
1134 452 223 49 Riksdagen
1386 457 56 31 att
1471 455 48 45 på
1548 457 108 31 extra
1687 457 76 31 stat
1792 452 60 36 för

233 510 40 33 år
305 508 97 34 1899
433 506 132 36 anvisa
595 507 54 35 till
679 507 234 47 anskaffning
942 505 46 47 af
1012 505 434 48 intendenturutrustning
1476 506 38 34 åt
1541 505 123 35 armén
1687 505 165 46 194,570

234 560 150 35 kronor.

338 610 73 36 Vid
450 610 279 48 föredragning
767 609 41 35 af
833 609 106 36 detta
967 609 140 36 ärende
1136 609 102 36 inför
1267 608 144 49 Kongl.
1444 608 107 49 Maj:t
1580 608 68 36 har
1677 608 175 49 departe-

235 662 262 37 mentschefen
527 662 129 36 anfört
686 660 180 49 följande.

338 714 16 35 I
384 714 58 36 sin
478 713 283 37 ofvannämnda
796 713 204 36 skrifvelse
1030 713 72 36 den
1133 715 46 34 23
1211 712 175 37 sistlidne
1417 712 162 36 oktober
1607 712 98 37 hade
1734 726 119 35 gene-

234 766 307 37 ralintendenten
571 765 153 47 erinrat,
753 765 183 36 hurusom
964 778 142 35 genom
1136 765 64 36 det
1228 764 44 37 af
1300 766 95 35 1897
1429 767 59 34 års
1518 764 173 48 Riksdag
1711 765 57 35 till
1788 778 65 22 an-

235 818 196 48 skaffning
459 818 42 36 af
526 817 470 48 intendenturutrustning
1025 820 37 33 åt
1090 817 131 35 armén
1249 816 191 49 beviljade
1471 816 136 49 anslag
1637 819 20 33 å
1687 818 165 44 536,980

234 872 144 34 kronor
421 870 228 47 visserligen
692 874 75 31 rätt
808 869 201 48 ansenliga
1049 868 140 37 brister
1225 868 12 36 i
1275 868 166 42 nämnda
1479 868 221 48 utrustning
1728 868 126 37 blifvit

236 922 82 36 dels
359 922 81 36 helt
482 922 71 36 och
596 920 117 37 hållet
742 920 116 48 fylda,
900 921 82 36 dels
1012 920 10 36 i
1052 925 122 32 större
1213 919 93 37 eller
1340 920 147 36 mindre
1523 923 86 33 mån
1640 920 212 47 minskade,

236 988 87 23 men
351 978 56 32 att
434 974 12 35 i
475 974 66 35 allt
569 973 67 36 fall
665 977 103 32 ännu
796 972 102 36 inom
929 972 46 36 de
1007 972 99 36 olika
1135 972 194 48 persedel-
1360 972 68 36 och
1459 972 394 49 materialgrupperna

237 1026 204 48 qvarstode
483 1026 118 47 högst
642 1024 150 49 vigtiga
830 1024 128 47 behof,
988 1024 128 36 hvilka
1144 1024 85 36 icke
1258 1023 126 37 blifvit
1412 1023 295 49 tillgodosedda.
1765 1024 87 36 Med

236 1078 182 36 afseende
448 1080 20 33 å
497 1076 338 50 angelägenheten
864 1076 41 35 af
929 1081 56 31 att
1014 1081 148 31 snarast
1191 1076 152 48 möjligt
1369 1075 38 36 få
1428 1075 73 37 alla
1521 1076 114 36 dessa
1655 1076 198 48 persedlar

236 1144 48 22 m.
314 1143 48 22 m.
400 1128 233 47 anskaffade,
664 1127 148 49 vågade
842 1128 73 36 han
945 1128 159 36 hänvisa
1132 1127 55 36 till
1217 1127 99 37 hvad
1347 1128 76 35 han
1452 1128 12 35 i
1493 1126 202 38 skrifvelse
1726 1127 73 37 den
1830 1129 20 34 5

238 1181 201 37 december
479 1182 96 34 1896
611 1180 139 47 anfört,
780 1187 98 29 samt
908 1179 182 36 särskildt
1122 1179 158 50 påpeka,
1310 1183 56 31 att
1393 1179 190 37 bristerna
1611 1179 12 36 i
1652 1179 201 37 intenden-

237 1233 343 47 turutrustningen,
623 1232 131 36 hvilka
795 1231 323 48 hufvudsakligen
1154 1231 183 36 härrörde
1368 1231 42 36 af
1436 1231 194 48 ökningen
1660 1231 12 35 i
1702 1232 151 35 arméns

237 1285 242 49 krigsstyrka
506 1284 13 35 i
548 1283 96 50 följd
673 1283 41 36 af
739 1283 322 48 genomförandet
1088 1283 87 36 med
1208 1285 96 34 1897
1337 1285 60 33 års
1427 1285 147 46 utgång
1603 1283 41 36 af
1673 1285 97 34 1892
1792 1286 60 33 års

237 1336 234 37 förbättrade
514 1335 248 48 härordning,
805 1336 111 35 måste
956 1335 127 48 fyllas,
1127 1348 60 23 om
1230 1334 85 37 icke
1353 1334 122 37 under
1508 1335 88 48 krig
1624 1340 228 44 truppernas

237 1388 147 37 välfärd
427 1387 122 37 skulle
592 1392 119 31 sättas
749 1390 48 45 på
840 1386 93 49 spel,
977 1386 71 36 och
1082 1391 55 31 att
1170 1386 114 36 dessa
1320 1386 151 47 brister,
1502 1387 86 36 med
1617 1387 151 48 hänsyn
1797 1386 57 37 till

240 1440 103 37 såväl
372 1440 110 36 deras
514 1439 146 36 storlek
689 1451 82 24 som
800 1438 315 37 beskaffenheten
1145 1438 43 36 af
1209 1438 74 36 den
1304 1438 151 36 felande
1477 1438 234 47 materielen,
1734 1439 119 48 omöj-

237 1493 105 48 ligen
383 1492 127 36 kunde
548 1504 68 23 ens
649 1490 252 37 närmelsevis
931 1489 186 49 afhjelpas
1147 1490 121 36 under
1297 1490 75 36 den
1400 1490 112 36 korta
1543 1490 310 36 beredelsetiden

238 1544 57 36 till
324 1548 54 31 ett
406 1543 132 36 nutida
566 1543 98 47 krig.
722 1541 419 37 Generalintendenten
1168 1541 98 37 hade
1297 1541 188 48 härjemte
1515 1542 117 36 fästat
1647 1542 206 49 uppmärk-

240 1595 197 37 samheten
480 1595 128 48 derpå,
652 1599 67 41 att,
763 1594 117 36 ehuru
922 1593 183 37 behofvet
1147 1593 61 36 för
1237 1594 151 36 arméns
1418 1593 266 49 mobilisering
1712 1594 43 36 af
1779 1594 74 36 den

238 1647 291 48 ifrågavarande
571 1645 469 37 intendenturmaterielen
1081 1644 216 49 veterligen
1339 1645 125 49 aldrig
1504 1645 129 37 blifvit
1677 1646 175 46 bestridt,

240 1699 66 36 det
340 1699 174 36 deremot
541 1698 104 35 inom
675 1697 221 48 Riksdagen
925 1697 190 49 uttryckts
1145 1696 136 37 tvifvel
1308 1697 12 36 i
1350 1697 108 48 fråga
1488 1711 61 23 om
1577 1697 276 49 lämpligheten

239 1752 41 35 af
306 1756 54 30 att
387 1751 12 35 i
428 1750 150 36 arméns
608 1749 128 36 förråd
767 1749 240 47 magasinera
1035 1749 64 36 det
1128 1749 103 35 antal
1260 1748 143 48 stöflar,
1431 1748 161 49 tillhopa
1612 1751 140 46 30,000
1773 1763 80 35 par,

241 1816 82 23 som
364 1802 120 36 borde
527 1802 60 35 för
629 1801 151 36 arméns
823 1800 165 49 räkning
1029 1800 209 48 tillverkas,
1274 1805 91 31 enär
1399 1800 65 37 det
1492 1801 87 36 med
1609 1801 83 36 skäl
1721 1807 133 44 syntes

240 1855 127 36 kunna
409 1854 163 46 befaras,
616 1858 56 31 att
714 1852 46 36 de
802 1852 121 37 skulle
965 1858 89 42 taga
1092 1852 119 37 skada
1244 1852 122 36 under
1394 1852 90 48 lång
1511 1853 75 36 tids
1617 1853 238 49 förvaring
1831 1848 26 58 i

239 1906 189 37 förråden.
485 1906 61 35 Nu
575 1917 91 24 vore
696 1904 212 37 emellertid
937 1903 264 47 förhållandet,
1232 1909 55 31 att
1316 1904 199 36 skodonen
1543 1905 13 35 i
1583 1905 121 47 fråga,
1724 1905 131 36 hvilka

240 1958 118 37 borde
400 1957 167 36 fördelas
610 1956 138 36 mellan
790 1956 152 36 arméns
979 1961 252 43 regementen
1267 1956 71 36 och
1367 1969 167 36 corpser,
1566 1956 150 37 hvadan
1744 1956 112 37 alltså

240 2010 82 37 icke
351 2010 12 35 i
391 2012 117 45 något
548 2008 126 37 förråd
712 2007 121 37 skulle
867 2008 154 36 komma
1049 2013 54 31 att
1130 2007 208 38 förefinnas
1368 2013 122 32 större
1519 2008 99 49 parti
1648 2008 130 37 stöflar
1806 2014 47 31 än

240 2065 119 46 några
400 2059 202 38 hundratal
644 2073 79 36 par,
766 2072 91 24 vore
900 2060 160 36 afsedda
1093 2065 56 31 att
1174 2060 139 49 jemväl
1335 2060 65 47 för
1421 2060 332 50 fredsöfningarna
1781 2060 74 37 till-

241 2113 247 37 handahållas
532 2112 103 37 såväl
678 2111 270 37 stamsoldater
990 2125 81 23 som
1114 2111 310 49 beväringsmän.
1481 2112 91 37 Man
1599 2115 122 34 måste
1749 2126 105 23 nem-

241 2165 103 49 ligen
373 2164 238 47 hädanefter,
643 2163 103 37 såväl
774 2163 11 35 i
815 2164 191 37 anseende
1035 2164 57 36 till
1119 2164 334 47 fältmässigheten
1483 2164 13 36 i
1516 2164 339 49 fredsöfningarna

242 2231 81 23 som
365 2218 41 36 af
445 2215 449 49 mobiliseringshänsyn,
936 2215 170 50 tillämpa
1141 2216 87 37 vida
1258 2220 199 44 strängare
1488 2216 291 37 bestämmelser
1806 2221 48 32 än

242 2269 147 48 hittills,
425 2268 182 39 särskildt
634 2268 12 38 i
675 2268 109 50 fråga
813 2280 61 24 om
903 2268 239 38 infanteriets
1172 2268 294 46 fotbeklädnad;
1498 2269 71 36 och
1600 2269 46 36 då
1675 2269 64 42 det
1766 2269 86 38 icke

1905 465 140 28 Angående

1899 500 90 28 anslag
2009 499 42 22 till

1890 535 178 22 intendentur-

1894 569 161 28 utrustning.

1932 602 95 47 [34.]
