2187 2576
407 160 41 31 32
882 158 253 32 Statsutskottets
1166 157 172 31 Utlåtande
1362 157 65 32 N:o
1452 160 28 28 5.

363 245 223 48 bristfällig,
631 244 125 37 ehvad
794 244 75 36 den
907 244 121 47 högre
1059 242 290 47 förvaltningen
1378 241 364 48 omorganiserades
1773 241 93 36 eller
1894 241 98 46 icke,

363 305 43 43 ty
434 299 335 48 tjenstemännens
813 295 204 49 duglighet
1059 307 91 23 vore
1196 294 41 36 af
1273 294 87 36 vida
1390 299 124 31 större
1545 293 200 48 betydelse
1774 298 48 30 än
1853 293 140 49 sjelfva

365 349 316 49 organisationen
724 348 42 36 af
806 347 302 47 förvaltningen.
1166 346 61 35 En
1269 358 125 23 annan
1438 345 96 36 brist
1572 345 64 36 vid
1666 345 75 36 den
1770 344 222 37 nuvarande

365 401 316 49 organisationen
721 400 41 36 af
800 399 417 47 intendenturcorpsen
1259 410 107 33 vore,
1410 402 55 31 att
1507 397 47 35 de
1583 397 78 35 fast
1689 396 176 36 anstälda
1893 397 99 47 tjen-

366 458 250 32 stemännens
660 452 102 36 antal
805 464 93 23 vore
941 451 61 35 för
1046 450 97 45 litet,
1186 449 12 35 1
1241 449 65 36 det
1348 454 55 31 att
1445 448 121 48 enligt
1605 449 98 35 1896
1735 451 60 33 års
1826 448 168 36 svenska

366 506 153 35 arméns
562 504 97 37 rulla
688 500 768 51 regementsintendentsbefattningarna
1485 500 64 36 vid
1581 503 18 32 7
1632 500 42 35 af
1698 500 153 36 arméns
1882 512 111 35 rege-

365 562 158 31 menten
566 557 72 36 och
677 568 157 35 corpser
863 553 282 49 upprätthölles
1175 553 42 36 af
1241 552 247 36 intendenter
1517 557 91 30 utan
1636 552 79 35 fast
1744 551 249 48 anställning,

365 607 446 49 intendentsaspiranter
853 606 94 35 eller
987 604 247 49 tillfälligtvis
1277 604 121 36 under
1433 604 104 36 vissa
1564 603 305 49 truppförbands
1898 616 96 36 upp-

366 660 174 47 sättning
577 660 43 36 af
653 658 258 44 intendenter,
960 670 80 23 som
1078 656 200 48 samtidigt
1318 655 257 50 tjenstgjorde
1617 655 64 36 vid
1719 659 115 31 annat
1862 659 131 44 trupp-

366 712 177 46 förband,
574 711 71 36 och
680 711 103 35 detta
812 709 117 37 ehuru
957 708 316 36 intendenternas
1304 708 102 35 antal
1431 708 63 35 vid
1517 706 230 49 tidpunkten
1768 706 61 36 för
1848 706 144 36 rullans

365 764 211 47 tryckning
617 762 118 37 redan
777 774 94 23 vore
914 760 122 47 enligt
1079 760 90 48 plan
1212 759 77 48 (om
1323 759 138 36 chefen
1489 759 60 36 för
1577 758 415 47 arméförvaltningens

365 815 516 47 intendentsdepartements
912 812 234 48 militärbyrå
1166 812 71 35 och
1257 810 447 49 fästningsintendenten
1725 812 21 33 å
1764 809 227 49 Karlsborg,

365 867 132 36 hvilka
532 866 97 36 båda
658 864 209 49 qvarstodo
897 866 49 46 på
974 863 168 49 gammal
1171 868 86 42 stat,
1289 862 305 46 medräknades),
1626 862 71 35 och
1728 861 119 36 ehuru
1874 861 119 48 ingen

365 918 204 36 intendent
599 930 90 23 vore
718 916 181 49 placerad
928 915 56 36 till
1013 915 264 49 tjenstgöring
1307 917 126 33 såsom
1461 913 149 37 biträde
1641 913 64 35 vid
1734 913 259 48 fördelnings-

365 970 262 36 intendentur.

474 1021 116 36 Detta
635 1033 93 23 vore
772 1018 288 48 otvifvelaktigt
1103 1023 55 31 ett
1200 1017 348 46 missförhållande,
1592 1016 162 36 emedan
1802 1016 192 48 åtskilliga

367 1073 151 48 vigtiga
550 1071 436 48 förvaltningsärenden
1021 1070 119 36 redan
1175 1082 92 23 vore
1298 1072 41 33 så
1368 1068 358 46 decentraliserade,
1757 1072 56 32 att
1841 1068 64 36 det
1934 1068 60 36 för

367 1124 246 48 fullgörande
655 1123 42 36 af
735 1136 49 23 en
830 1121 448 49 regementsintendents
1326 1120 255 37 ansvarsfulla
1631 1120 71 36 och
1751 1120 242 47 mångsidiga

368 1176 235 48 åligganden
645 1174 156 37 kräfdes
845 1187 48 23 en
923 1173 232 46 erfarenhet,
1185 1172 176 49 praktisk
1390 1172 202 48 duglighet
1621 1171 71 36 och
1723 1171 269 48 författnings-

367 1228 190 48 kunskap,
593 1241 80 22 som
710 1239 87 23 man
827 1226 34 47 ej
892 1225 128 36 kunde
1051 1225 102 36 finna
1182 1225 70 36 hos
1282 1238 47 23 en
1358 1237 94 35 nyss
1482 1223 244 37 examinerad
1753 1223 240 36 intendents-

368 1280 184 48 aspirant,
583 1278 168 46 hvilken,
781 1277 117 36 innan
926 1277 77 35 han
1031 1276 186 36 utsändes
1246 1282 54 30 att
1331 1288 84 24 som
1443 1275 425 49 regementsintendent
1888 1275 105 48 sjelf-

369 1331 175 48 ständigt
585 1330 221 48 handlägga
840 1328 445 48 förvaltningsärenden,
1315 1327 118 37 borde
1462 1327 116 36 hafva
1607 1326 120 36 under
1756 1326 103 36 äldre
1890 1327 103 35 kam-

368 1389 123 30 raters
533 1382 161 47 ledning
734 1381 226 48 tjenstgjort
995 1393 89 23 vare
1113 1380 62 48 sig
1202 1379 65 36 vid
1297 1378 378 49 centralmyndighet
1703 1378 92 36 eller
1824 1378 63 35 vid
1917 1378 76 36 för-

369 1434 431 49 delningsintendentur
842 1432 72 36 och
955 1431 103 37 helst
1099 1431 65 36 vid
1205 1431 200 36 bådadera.
1463 1431 152 36 Bristen
1643 1432 50 46 på
1718 1430 276 36 arbetskrafter

368 1486 137 48 gjorde
550 1486 62 47 sig
654 1485 114 36 äfven
810 1483 180 49 gällande
1034 1483 63 36 vid
1130 1483 435 48 intendenturcorpsens
1599 1481 292 36 hufvudstation
1921 1482 72 35 och

368 1537 598 47 fördelningsintendenturerna,
1003 1535 68 36 der
1105 1535 46 35 de
1182 1535 148 47 vigtiga
1359 1534 181 36 arbetena
1569 1533 60 36 för
1658 1532 334 48 mobiliseringens

368 1589 284 36 förberedande
684 1588 71 36 och
784 1588 65 36 det
879 1587 214 36 statistiska
1121 1586 234 36 materialets
1383 1585 260 37 bearbetande
1674 1585 33 48 ej
1738 1585 121 35 under
1880 1585 113 36 dessa

369 1644 40 33 år
438 1640 220 36 fortskridit
687 1642 51 43 så,
770 1652 83 23 som
884 1638 172 48 önskligt
1085 1638 107 36 varit.

476 1691 91 37 Som
599 1691 142 37 bekant
768 1691 98 36 hade
896 1690 295 48 ifrågavarande
1220 1689 263 49 organisation
1511 1688 42 36 af
1578 1688 415 48 intendenturcorpsen

368 1744 162 36 kommit
571 1743 58 36 till
672 1742 110 37 stånd
825 1743 66 35 vid
926 1744 99 34 1892
1056 1744 60 33 års
1145 1741 138 36 urtima
1312 1741 159 47 riksdag
1497 1753 143 35 genom
1668 1739 326 48 inskränkningar

368 1796 12 34 i
423 1796 74 35 den
541 1795 42 36 af
621 1795 141 47 Kongl.
807 1794 109 48 Maj:t
959 1794 59 36 för
1060 1793 223 48 Riksdagen
1311 1792 214 48 framlagda
1553 1791 438 49 organisationsplanen,

368 1847 158 36 hvilken
564 1847 98 36 varit
695 1846 202 36 utarbetad
931 1845 88 36 med
1047 1845 160 47 ledning
1235 1845 42 35 af
1304 1850 54 31 ett
1387 1844 147 48 förslag
1563 1843 85 36 från
1678 1843 73 36 den
1781 1856 28 22 s.
1840 1843 36 35 k.
1907 1842 86 36 fält-

368 1898 435 48 förvaltningskomitén
832 1898 42 35 af
900 1900 40 33 år
971 1899 118 42 1888;
1121 1897 71 35 och
1221 1899 143 45 ansåge
1388 1896 188 47 förslaget
1597 1899 67 42 att,
1687 1895 117 36 sedan
1825 1894 167 37 erfaren-

369 1951 117 35 heten
517 1963 49 22 nu
596 1950 142 48 tydligt
766 1949 219 48 ådagalagt,
1015 1953 56 31 att
1100 1948 113 36 dessa
1241 1948 324 47 inskränkningar
1593 1947 100 36 visat
1713 1946 62 48 sig
1794 1946 200 36 framkalla

370 2005 111 33 svåra
523 2001 264 49 olägenheter,
824 2014 48 22 en
906 2000 165 48 förnyad
1105 2000 285 48 framställning
1417 2000 119 35 borde
1565 2003 114 43 göras
1709 1998 199 47 angående
1936 1997 56 35 in-

369 2054 384 48 tendenturcorpsen,
787 2052 181 36 hvilande
1000 2052 12 35 i
1046 2051 219 36 hufvudsak
1293 2054 50 46 på
1371 2064 145 23 samma
1544 2051 168 47 grunder
1742 2062 83 23 som
1853 2062 140 36 propo-

369 2105 169 37 sitionen
566 2105 58 36 till
656 2106 98 34 1892
785 2107 60 33 års
876 2104 137 36 urtima
1041 2103 183 48 Riksdag.

475 2157 70 35 Att
586 2170 52 22 nu
679 2156 227 47 ifrågasätta
936 2169 146 22 samma
1111 2155 103 36 antal
1243 2154 326 46 fältintendenter,
1601 2166 81 23 som
1713 2152 142 47 Kongl.
1885 2151 108 49 Maj:t

372 2209 202 47 föreslagit
606 2210 98 35 1892
736 2208 61 47 (11
828 2208 12 35 i
870 2214 46 30 st.
948 2207 25 36 f.
1003 2206 191 50 beviljade
1224 2206 50 47 9),
1304 2209 161 41 ansåges
1495 2205 33 47 ej
1558 2218 93 22 vara
1679 2204 188 48 lämpligt,
1896 2203 97 36 huru

370 2260 234 49 välbehöflig
646 2273 48 23 en
736 2259 107 49 dylik
886 2259 149 48 ökning
1073 2264 48 30 än
1149 2258 127 36 kunde
1304 2271 103 33 vara,
1437 2269 89 23 men
1555 2256 171 35 deremot
1755 2259 145 44 syntes,
1931 2267 62 24 om
