2160 2582
695 159 252 32 Statsutskottets
978 160 171 32 Utlåtande
1172 160 64 32 N:o
1260 163 29 29 5.
1716 164 41 31 65

285 244 58 36 De
371 245 221 48 kostnader,
623 258 81 23 som
735 245 244 37 föranleddes
1010 245 42 36 af
1077 245 74 37 den
1179 245 200 49 förslagna
1398 246 313 50 hästlegningen,
1733 248 65 36 be-

179 297 156 48 tingade
365 297 116 48 ingen
511 297 148 48 ökning
688 297 40 36 af
754 297 185 49 anslaget.

285 349 16 36 I
341 349 406 37 öfverensstämmelse
790 350 86 36 med
912 350 46 36 de
989 350 180 47 grunder,
1200 351 75 36 han
1305 350 160 37 sålunda
1493 351 176 49 angifvit,
1699 352 99 36 hade

180 407 25 30 t.
250 402 24 35 f.
320 401 136 37 chefen
488 402 59 36 för
579 401 297 49 generalstaben
904 402 84 36 låtit
1015 402 176 37 utarbeta
1221 402 149 49 förslag
1398 402 57 36 till
1483 417 76 34 nya
1589 409 121 31 stater
1737 405 62 36 för

182 453 190 37 Gotlands
401 454 406 48 infanteriregemente
837 454 71 36 och
938 454 272 49 artillericorps
1241 459 98 32 samt
1356 455 208 37 verkställa
1583 456 215 49 beräkning

180 505 42 36 af
260 506 46 36 de
351 506 122 36 ökade
516 506 220 48 kostnader,
780 520 83 23 som
907 507 75 36 den
1024 506 222 48 föreslagna
1275 507 334 48 organisationens
1638 521 159 35 genom-

179 558 160 36 förande
383 558 122 36 skulle
542 559 190 45 medföra;
772 559 71 36 och
872 558 173 37 utvisade
1076 558 123 36 denna
1228 559 228 48 beräkning,
1486 564 56 31 att
1571 560 74 36 den
1675 560 122 38 ökade

180 609 119 49 årliga
327 610 216 37 kostnaden
574 610 122 37 skulle
724 614 130 46 uppgå
881 610 57 37 till
969 612 139 46 77,524
1137 611 142 36 kronor
1309 613 48 34 80
1387 616 77 32 öre.

285 704 119 47 Öfver
446 714 105 36 detta
593 714 148 48 förslag
782 714 111 48 hade,
924 714 121 48 enligt
1072 714 101 36 hvad
1204 715 430 48 departementschefen
1664 715 130 38 vidare

181 766 171 47 anförde,
395 765 396 50 arméförvaltningen
821 769 20 33 å
870 766 184 46 artilleri,
1097 766 241 36 intendents-
1374 767 72 36 och
1481 767 111 37 civila
1622 768 173 49 departe-

180 824 155 29 menten
378 818 155 47 afgifvit
570 818 195 36 utlåtande
810 823 99 31 samt
951 818 131 37 dervid
1124 819 129 35 anfört
1282 819 334 48 hufvudsakligen,
1646 825 54 31 att
1730 820 65 36 det

179 869 97 36 hade
307 875 108 42 synts
445 870 407 48 arméförvaltningen,
883 883 81 23 som
994 884 61 22 om
1084 870 221 36 nuvarande
1334 874 64 32 två
1431 876 121 31 stater
1584 872 61 36 för
1663 876 132 45 trupp-

179 921 211 37 förbanden
435 924 20 33 å
499 922 169 36 Gotland
702 922 120 36 borde
854 922 277 36 sammanföras
1160 922 56 36 till
1247 936 47 22 en
1323 930 71 28 stat
1415 925 65 47 för
1514 923 177 37 Gotlands
1712 926 82 47 för-

178 975 253 48 svarskrafter,
475 974 169 47 hvilken,
688 974 10 35 i
728 974 254 36 betraktande
1011 974 42 36 af
1078 974 220 46 innehållet,
1328 974 211 49 lämpligen
1569 975 118 36 borde
1716 976 79 36 för-

180 1025 103 36 delas
312 1025 12 36 1
355 1025 170 49 följande
556 1026 85 48 fyra
669 1039 183 36 grupper,
881 1026 213 47 nemligen:

322 1129 27 35 I.
406 1129 405 36 Militärbefälhafvare
841 1130 87 36 med
958 1130 84 36 stab
1072 1130 71 35 och
1173 1129 86 36 civil
1290 1130 194 48 personal;

305 1180 47 35 I.
409 1180 447 49 Infanteriregementet;

287 1231 65 36 III.
410 1232 352 50 Artillericorpsen;
794 1238 98 31 samt

286 1283 64 37 IV.
409 1283 195 37 Särskilda
636 1284 146 50 anslag.

281 1387 17 36 I
328 1393 24 30 t.
383 1387 26 36 f.
441 1387 159 37 chefens
630 1388 59 36 för
717 1388 297 48 generalstaben
1043 1388 149 49 förslag
1221 1388 98 37 hade
1340 1389 212 47 förutsatts,
1574 1394 56 32 att
1650 1389 139 38 chefen

177 1439 59 36 för
264 1438 338 50 artillericorpsen,
634 1442 126 34 såsom
789 1440 147 47 hittills,
957 1440 133 47 skulle,
1118 1440 5 35 i
1144 1441 197 49 egenskap
1362 1441 42 36 af
1420 1446 250 44 tygmästare,
1701 1456 89 22 vara

177 1491 89 36 chef
300 1491 60 36 för
397 1496 199 43 tygstaten
636 1494 47 46 på
713 1492 178 36 Gotland.
948 1492 134 36 Denna
1112 1493 217 48 anordning
1359 1492 116 37 borde
1505 1493 196 37 betraktas
1731 1497 58 33 så-

177 1556 80 22 som
278 1556 47 22 en
344 1543 318 48 nödfallsåtgärd,
684 1557 84 22 som
789 1544 197 36 medförde
1006 1543 217 49 väsentliga
1244 1544 260 48 olägenheter,
1526 1558 86 23 men
1633 1546 156 36 hvilken

178 1608 86 22 man
307 1594 61 36 för
408 1596 241 35 närvarande
679 1596 178 48 nödgates,
888 1596 104 36 detta
1021 1596 165 45 oaktadt,
1218 1596 169 49 tillgripa
1417 1599 48 45 på
1493 1598 126 47 grund
1647 1598 41 36 af
1715 1597 74 37 den

176 1647 152 48 knappa
370 1646 213 48 tillgången
627 1651 48 44 på
712 1650 81 34 året
822 1661 60 22 om
910 1648 293 48 tjenstgörande
1234 1649 209 35 officerare.
1501 1649 107 36 Inom
1640 1649 64 36 det
1733 1650 55 35 öf-

176 1698 85 47 riga
302 1698 197 36 artilleriet
542 1698 99 48 egde
685 1704 53 30 ett
762 1699 274 53 motsvarande
1065 1699 238 36 förhållande
1332 1713 81 22 rum
1444 1700 136 36 endast
1609 1703 20 33 å
1658 1701 130 36 Karls-

175 1750 98 46 borg
303 1750 71 35 och
403 1750 11 34 i
445 1750 262 36 Landskrona.
751 1753 35 33 A
816 1752 235 35 sistnämnda
1080 1756 59 31 ort
1167 1764 91 23 vore
1289 1752 213 36 emellertid
1522 1753 265 48 anordningen

175 1802 42 35 af
254 1801 168 48 tillfällig
463 1807 112 30 natur
611 1802 71 36 och
713 1803 136 36 afsedd
878 1808 55 31 att
961 1803 101 35 inom
1092 1803 88 36 kort
1209 1803 191 49 upphöra;
1431 1806 21 33 å
1480 1804 215 49 Karlsborg
1723 1805 64 36 be-

175 1853 117 36 rodde
335 1853 71 36 den
452 1854 81 35 helt
575 1854 71 35 och
688 1854 118 36 hållet
847 1858 49 45 på
925 1855 64 35 det
1016 1860 142 43 ytterst
1186 1855 112 47 ringa
1325 1855 144 36 antalet
1497 1856 197 36 officerare
1722 1856 65 36 vid

175 1905 74 36 den
279 1905 67 36 der
372 1905 178 48 förlagda
579 1905 333 50 artillericorpsen.
965 1906 406 48 Arméförvaltningen
1401 1910 142 45 ansåge
1574 1908 141 47 derför,
1731 1913 56 31 att

175 1971 47 22 en
254 1957 40 36 af
319 1957 237 49 kaptenerna
575 1958 63 35 vid
660 1957 189 37 Gotlands
871 1958 269 50 artillericorps
1163 1958 129 46 borde,
1309 1961 49 46 på
1373 1972 144 23 samma
1533 1964 76 31 sätt
1625 1973 80 23 som
1723 1960 63 35 vid

174 2008 432 49 artilleriregementena
637 2012 46 45 på
710 2009 207 37 fastlandet
946 2009 118 49 (utom
1093 2011 137 36 Första
1260 2010 99 36 Svea
1389 2011 396 49 artilleriregemente)

175 2062 72 36 och
289 2061 209 37 Vaxholms
543 2061 284 49 artillericorps,
870 2062 188 48 påräknas
1102 2066 125 33 såsom
1263 2068 236 42 tygmästare
1528 2064 11 35 i
1569 2063 127 36 stället
1726 2064 60 36 för

173 2113 364 49 tygförrådsofficer,
569 2113 71 36 och
669 2114 111 36 torde
810 2114 11 35 i
850 2114 134 36 sådant
1013 2114 66 36 fall
1107 2115 60 35 för
1194 2115 142 35 honom
1365 2115 93 36 böra
1485 2115 212 36 tillkomma
1730 2120 55 31 ett

174 2165 168 45 arfvode,
377 2165 147 37 hvilket
557 2165 212 48 lämpligen
806 2171 132 43 syntes
968 2166 127 36 kunna
1124 2166 231 36 bestämmas
1385 2166 58 37 till
1472 2180 143 23 samma
1643 2167 85 36 belo

175 2230 81 23 som
285 2217 63 36 vid
378 2217 210 37 Vaxholms
618 2217 271 49 artillericorps
920 2218 91 36 eller
1038 2218 147 37 hälften
1214 2218 42 36 af
1282 2218 99 37 hvad
1409 2218 64 37 vid
1504 2219 45 35 de
1578 2219 205 48 nybildade

172 2275 273 42 regementena
474 2273 20 33 å
522 2269 209 37 fastlandet
759 2271 172 46 utginge,
961 2270 91 37 eller
1081 2270 147 36 således
1260 2272 73 34 300
1362 2271 152 35 kronor.

256 2330 65 27 Bih.
346 2330 46 27 till
419 2331 92 27 Riksd.
535 2331 78 28 Prot.
639 2329 91 29 1898.
777 2329 19 29 4
819 2332 85 26 Saml.
951 2330 17 28 1
991 2332 68 27 Atd.
1107 2330 19 28 9
1151 2331 83 36 Hijt.
1723 2334 16 26 9
