2176 2585
711 160 250 33 Statsutskottets
993 160 170 34 Utlåtande
1186 162 65 31 N:o
1277 165 27 28 5.
1733 162 41 31 23

303 247 196 51 Derjemte
517 248 117 36 borde
652 248 182 48 påpekas,
855 253 56 30 att
933 247 326 49 sjukvårdsbyrån
1281 248 121 36 skulle
1425 248 174 48 utbrytas
1621 262 42 22 ur
1691 248 125 37 inten-

199 300 363 53 dentursstyrelsen.

301 352 128 36 Åfven
449 366 60 22 om
540 352 46 36 de
616 352 41 35 af
687 351 391 49 arméförvaltningen
1111 352 86 36 med
1228 351 255 37 misstroende
1513 357 198 43 mottagna
1739 352 77 36 för-

198 405 132 48 slagen
374 404 56 36 till
474 404 339 36 decentralisation
857 404 33 48 ej
932 417 92 22 vore
1059 404 10 35 i
1104 409 122 31 större
1257 404 235 48 omfattning
1519 404 298 48 genomförbara

197 458 70 35 och
297 457 238 36 revisionens
567 455 254 49 förläggande
852 455 55 36 till
936 455 313 49 fördelningarna
1279 456 33 48 ej
1345 455 122 37 skulle
1496 456 173 36 medföra
1689 460 128 44 någon

196 509 210 36 nämnvärd
441 508 224 48 minskning
698 508 55 35 uti
789 508 296 48 byråchefernas
1121 509 71 35 och
1220 508 380 49 kanslipersonalens
1629 509 187 47 göromål,

198 561 121 36 skulle
354 561 98 36 dock
496 560 148 37 således
675 560 223 47 göromålen
928 560 60 35 för
1017 560 46 35 de
1094 560 109 36 civila
1233 561 312 48 tjenstemännen
1574 560 117 37 blifva
1719 561 13 35 i
1761 561 55 35 af-

196 613 137 36 sevärd
375 613 96 47 grad
509 612 200 36 minskade
746 612 72 36 och
856 625 44 23 cen
931 612 203 36 reduktion
1163 613 42 35 af
1229 614 334 47 tjenstemännens
1594 613 101 35 antal
1724 626 92 23 vara

195 665 285 47 genomförbar,
524 678 61 23 om
629 664 71 36 ock
743 664 83 36 icke
870 667 40 33 så
951 664 108 48 långt
1101 677 83 23 som
1228 665 73 36 den
1336 665 10 35 i
1380 664 188 49 förslaget
1602 664 214 48 framlagda

196 722 125 31 staten
352 717 175 48 angåfve.

300 769 83 36 Den
425 768 178 49 personal
645 768 10 35 1
690 767 219 37 nuvarande
937 767 411 52 arméförvaltningen,
1385 780 83 24 som
1498 767 99 37 visat
1626 768 61 48 sig
1717 767 98 37 otill-

195 821 147 47 räcklig
378 834 91 23 vore
501 820 223 49 egentligen
754 820 137 36 endast
918 819 434 48 revisionspersonalen,
1384 819 166 47 hvilken,
1581 820 232 36 åtminstone

194 872 121 36 under
357 886 134 23 senare
535 876 50 42 år,
622 873 33 47 ej
692 871 224 36 medhunnit
946 876 54 31 att
1028 871 173 36 revidera
1231 871 74 35 alla
1334 871 281 47 redogörelser,
1647 885 83 22 som
1758 871 56 36 in-

193 924 172 38 kommit.
413 924 75 36 Det
513 937 90 22 vore
639 923 232 47 visserligen
905 929 98 41 sant,
1025 928 54 31 att
1099 923 343 36 revisionsarbetet
1462 923 31 48 ej
1516 923 128 36 blefve
1665 923 148 37 mindre

194 989 141 34 genom
357 975 439 49 revisionspersonalens
825 975 243 49 förflyttning
1097 974 56 36 till
1181 975 327 47 fördelningarna,
1538 981 92 30 utan
1660 988 153 23 snarare

194 1040 104 24 mera
339 1027 242 47 tidsödande,
625 1027 160 36 emedan
822 1027 133 48 hvarje
989 1027 148 36 revisor
1165 1026 63 36 vid
1259 1040 45 22 en
1335 1027 329 47 arméfördelning
1692 1030 121 33 måste

193 1079 173 36 revidera
395 1079 72 36 alla
496 1079 105 47 slags
630 1078 274 49 räkenskaper,
934 1078 122 36 under
1085 1078 64 36 det
1178 1084 56 30 att
1260 1078 62 36 vid
1343 1091 47 23 en
1412 1079 145 35 central
1576 1079 168 36 revision
1766 1079 46 35 de

194 1131 101 36 olika
337 1131 313 47 räkenskaperna
692 1130 218 36 fördelades
954 1130 140 36 mellan
1131 1130 242 36 revisorerna
1410 1130 98 36 efter
1538 1130 66 36 sitt
1631 1130 180 36 innehåll.

193 1183 115 36 Detta
336 1183 239 36 förhållande
605 1195 91 23 vore
726 1182 10 35 i
765 1182 188 48 förslaget
983 1182 113 36 också
1123 1182 185 36 beaktadt
1336 1182 11 35 i
1377 1182 65 36 det
1471 1186 66 43 att,
1567 1182 12 35 i
1604 1182 127 36 stället
1753 1182 60 36 för

193 1238 21 33 2
244 1234 190 37 revisorer
463 1237 20 33 å
511 1234 535 48 intendentsdepartementet
1074 1234 71 36 och
1176 1236 20 33 2
1227 1233 191 37 revisorer
1447 1236 21 33 å
1497 1234 111 36 civila
1637 1234 176 48 departe-

192 1291 156 42 mentet,
377 1287 12 35 i
417 1286 187 48 förslaget
633 1298 91 24 vore
753 1291 195 43 upptagna
980 1287 20 34 6
1030 1286 191 36 revisorer
1250 1285 63 36 vid
1342 1285 317 48 fördelningarna
1688 1286 71 36 och
1792 1288 17 33 1

190 1338 146 36 revisor
363 1338 12 36 1
402 1338 452 48 intendenturstyrelsen,
886 1338 71 36 och
987 1350 81 23 som
1098 1337 112 36 dessa
1235 1337 213 36 revisorers
1479 1337 176 36 biträden
1690 1337 121 36 skulle

192 1390 122 48 enligt
346 1389 187 49 förslaget
567 1389 182 37 anställas
785 1390 32 48 ej
854 1389 147 36 mindre
1031 1394 47 31 än
1110 1391 45 34 10
1186 1389 268 36 examinerade
1486 1389 325 50 intendentsaspi-

192 1447 139 39 ranter,
375 1444 36 33 åt
452 1441 130 36 hvilka
624 1441 167 36 revision
833 1441 43 36 af
913 1441 260 48 räkenskaper
1215 1440 75 36 lika
1325 1440 61 36 väl
1421 1440 127 37 kunde
1576 1441 233 49 uppdragas,

192 1507 80 23 som
317 1496 37 33 åt
396 1492 46 37 de
477 1493 112 36 civila
626 1506 265 34 amanuenser,
925 1493 130 36 hvilka
1090 1492 58 36 för
1189 1492 240 36 närvarande
1458 1493 152 36 utförde
1640 1493 171 48 åtskillig

191 1545 169 35 revision
389 1545 10 35 i
430 1544 404 49 arméförvaltningen.
893 1544 138 48 Någon
1059 1544 217 48 berättigad
1306 1544 257 46 anmärkning
1584 1545 108 35 öfver
1711 1545 100 35 revi-

191 1597 359 47 sionspersonalens
581 1596 103 37 antal
711 1596 12 36 i
752 1597 65 35 det
846 1596 213 48 framlagda
1087 1596 190 48 förslaget
1305 1596 118 36 borde
1454 1595 148 37 således
1625 1597 33 47 ej
1682 1597 128 35 kunna

189 1648 243 48 framställas,
475 1661 86 23 men
607 1648 64 36 det
706 1648 159 36 oaktadt
892 1648 148 48 yrkade
1069 1647 396 49 arméförvaltningen
1494 1650 48 46 på
1570 1648 239 36 anställande

190 1701 41 35 af
255 1700 224 48 ytterligare
508 1703 64 32 två
600 1700 191 36 revisorer
819 1700 11 35 i
858 1698 451 50 intendenturstyrelsen.
1365 1700 77 35 För
1472 1705 55 30 att
1561 1699 83 36 visa
1676 1699 133 37 behof-

189 1756 64 32 vet
295 1752 41 35 af
374 1752 113 36 dessa
529 1754 64 33 två
629 1752 204 46 revisorer,
870 1751 174 36 lemnade
1073 1751 291 48 förvaltningen
1394 1764 46 23 en
1470 1751 250 48 redogörelse
1748 1752 61 35 för

189 1803 73 36 alla
305 1804 46 35 de
393 1804 274 47 räkenskaper,
711 1816 81 23 som
833 1803 121 48 enligt
987 1803 89 36 dess
1104 1803 253 49 uppfattning
1385 1806 121 33 måste
1536 1803 188 48 granskas
1754 1804 55 35 uti

187 1855 475 48 intendentursstyrelsen,
692 1868 89 23 men
812 1868 47 22 en
888 1855 60 36 del
979 1855 41 36 af
1045 1855 193 36 desamma
1266 1868 93 23 vore
1390 1856 40 35 af
1449 1855 115 36 sådan
1593 1855 214 36 beskaffen-

188 1907 76 46 het,
308 1912 56 31 att
405 1907 46 36 de
495 1907 154 47 mycket
691 1907 59 35 väl
795 1907 126 36 kunde
963 1907 188 48 granskas
1194 1907 64 35 vid
1301 1906 316 48 fördelningarna
1652 1907 74 36 och
1760 1907 46 37 de

188 1959 123 48 öfriga
339 1958 57 36 till
425 1964 142 31 största
598 1959 111 35 delen
731 1959 41 35 af
790 1962 40 32 så
851 1959 108 47 ringa
986 1958 244 49 omfattning,
1258 1963 54 31 att
1331 1959 308 48 förvaltningens
1658 1959 149 47 förslag

189 2011 32 48 ej
266 2024 90 23 vore
397 2010 57 36 till
483 2010 92 37 fullo
606 2010 242 47 motiveradt,
878 2011 225 47 isynnerhet
1133 2023 81 23 som
1246 2011 74 35 den
1350 2010 204 48 rullföring
1583 2011 42 36 af
1655 2012 151 35 arméns

187 2063 318 48 pensionstagare
534 2062 42 36 af
602 2062 379 49 manskapsklassen,
1009 2062 278 49 pensionerade
1312 2062 227 36 svärdsmän
1560 2063 70 36 och
1653 2063 153 36 svärds-

187 2114 239 48 medaljörer,
462 2114 255 49 uppsättning
751 2114 43 36 af
817 2114 147 48 förslag
992 2114 55 36 till
1077 2113 273 50 pensionsbref
1375 2127 48 23 m.
1455 2128 47 22 m.
1535 2127 83 23 som
1647 2115 158 36 förvalt-

185 2167 145 47 ningen
372 2169 142 46 ansåge
549 2167 90 35 böra
672 2166 147 36 utföras
856 2166 41 36 af
924 2180 47 23 en
1000 2167 157 45 revisor,
1188 2165 210 49 lämpligen
1427 2172 133 43 syntes
1589 2166 93 36 böra
1710 2180 95 35 upp-

187 2219 138 48 dragas
368 2221 37 33 åt
446 2222 127 45 någon
604 2225 106 30 extra
744 2219 232 43 tjensteman
1006 2218 92 37 eller
1127 2223 102 31 ännu
1257 2217 120 37 hellre
1408 2221 37 34 åt
1474 2232 47 23 en
1549 2219 254 49 pensionerad

188 2270 142 37 officer.
