2168 2585
707 166 251 31 Statsutskottets
990 165 171 32 Utlåtande
1184 165 65 32 N:o
1274 169 27 27 5.
1732 166 41 31 43

195 256 9 35 i
243 257 128 45 någon
408 253 42 36 af
485 252 46 36 de
569 251 222 48 föreslagna
819 264 76 36 nya
925 251 249 48 styrelserna,
1205 256 90 31 utan
1328 251 125 36 blefve
1484 251 64 36 det
1575 251 242 49 nödvändigt

194 312 56 31 att
278 306 87 45 han,
395 304 130 37 derest
554 304 75 36 den
660 303 223 48 föreslagna
904 316 76 35 nya
1002 303 314 48 organisationen
1335 302 166 47 bifölles,
1524 303 291 47 öfverflyttades

195 362 20 33 å
242 356 345 48 indragningsstat.

300 409 152 50 Högsta
488 408 168 48 gradens
699 405 164 48 tjenster
902 405 93 37 eller
1028 406 515 48 krigsrådsbefattningarna
1572 419 91 23 vore
1694 406 121 49 enligt

196 462 73 36 den
311 460 220 38 nuvarande
576 458 316 50 organisationen
935 458 43 36 af
1015 458 393 48 arméförvaltningen
1448 461 34 44 3,
1519 458 120 36 under
1669 458 64 36 det
1761 463 55 31 att

195 514 136 36 endast
362 516 19 33 2
413 512 129 49 dylika
569 511 266 48 befattningar
865 510 138 37 funnes
1032 515 199 44 upptagna
1260 510 10 36 i
1302 515 169 31 staterna
1492 510 61 35 för
1574 511 46 35 de
1640 523 75 35 nya
1736 515 78 43 sty-

195 566 187 45 relserna;
427 578 87 23 men
557 577 84 23 som
684 576 47 23 en
775 563 40 35 af
853 562 293 48 ifrågavarande
1188 562 275 48 befattningar,
1508 562 121 48 enligt
1671 562 141 48 Kongl.

194 617 128 47 Maj:ts
364 617 139 46 beslut,
545 616 12 35 i
599 615 185 37 afvaktan
822 617 47 45 på
907 614 75 36 den
1019 613 224 49 ifrågasatta
1282 614 379 48 omorganisationen
1696 627 118 36 uppe-

194 669 123 37 hölles
348 672 47 45 på
423 667 272 46 förordnande,
725 666 128 36 kunde
882 666 235 48 indragning
1146 666 43 36 af
1214 679 47 23 en
1291 665 322 49 krigsrådstjenst
1635 667 67 35 ske
1722 671 91 30 utan

196 721 205 49 svårighet.

301 776 33 33 2.
373 772 167 49 gradens
577 772 121 48 tjenst
739 769 212 37 innehades
988 769 61 36 för
1086 769 238 36 närvarande
1363 769 42 35 af
1430 771 21 34 8
1483 782 195 35 personer,
1708 782 105 23 nem-

195 825 105 49 ligen
338 827 22 33 4
398 824 254 44 sekreterare,
693 824 20 34 3
752 822 219 36 kamrerare
1009 821 72 36 och
1121 823 18 34 1
1180 821 258 48 krigskassör,
1477 821 41 36 af
1549 821 129 36 hvilka
1714 821 99 36 dock

195 880 64 32 två
296 877 41 35 af
371 888 144 24 samma
550 874 95 47 skäl,
685 887 84 23 som
808 886 93 35 nyss
940 873 191 46 anfördes,
1170 873 97 35 hade
1297 873 168 48 tjeusten
1496 873 136 36 endast
1662 875 47 46 på
1737 873 76 36 för-

196 928 207 46 ordnande,
439 926 195 48 nemligen
676 928 18 33 1
735 926 218 35 kamrerare
993 925 71 35 och
1098 925 311 48 krigskassören,
1440 925 72 35 och
1542 925 149 35 således
1719 937 93 23 vore

197 980 176 49 skyldige
414 984 54 31 att
506 981 132 44 återgå
675 977 57 36 till
771 977 46 36 de
854 977 176 48 tjenster,
1069 989 83 23 som
1191 976 47 36 de
1275 976 190 36 innehade
1495 979 48 46 på
1573 981 85 31 stat.
1716 976 96 36 Mot-

197 1031 187 37 svarande
422 1031 162 46 tjenster
622 1029 64 36 vid
716 1029 46 36 de
794 1028 222 48 föreslagna
1045 1028 234 48 styrelserna
1309 1028 123 36 skulle
1462 1028 118 36 blifva
1610 1028 137 36 endast
1777 1030 34 44 5,

195 1083 194 48 nemligen
429 1085 20 33 3
490 1082 237 36 sekreterare
767 1080 72 36 och
878 1082 21 33 2
940 1081 225 46 kamrerare,
1204 1079 153 36 hvadan
1396 1080 64 35 det
1498 1079 56 36 till
1592 1093 47 22 en
1678 1080 134 48 början

196 1137 152 35 komme
385 1139 56 32 att
478 1134 121 35 finnas
633 1135 16 33 1
683 1132 207 48 öfvertalig
917 1132 232 48 tjensteman
1178 1131 43 36 af
1247 1134 33 33 2.
1311 1131 158 48 graden,
1501 1131 131 36 såvida
1661 1131 150 48 organi-

197 1188 173 35 gsationen
398 1186 153 35 komme
581 1189 56 32 att
666 1184 108 36 träda
802 1184 12 35 1
843 1184 103 35 kraft
975 1184 82 35 från
1088 1184 71 35 och
1188 1183 88 36 med
1305 1186 39 33 år
1377 1185 115 43 1899;
1523 1196 87 23 men
1640 1183 46 36 då
1707 1196 46 23 en
1773 1183 43 36 at

195 1238 276 37 innehafvarne
515 1237 41 36 af
596 1237 45 35 de
679 1235 293 49 ifrågavarande
1010 1235 310 47 befattningarna
1358 1248 92 23 vore
1488 1235 93 35 född
1619 1238 40 33 år
1699 1236 111 45 1835,

195 1290 127 37 kunde
352 1290 104 36 detta
485 1288 236 37 förhållande
750 1287 119 37 blifva
899 1287 41 35 af
965 1287 135 36 endast
1127 1287 88 36 kort
1243 1287 255 47 varaktighet.

301 1342 144 48 Lägsta
472 1340 168 49 gradens
669 1340 165 48 tjenster
864 1339 121 35 skulle
1015 1339 174 36 deremot
1216 1338 118 37 blifva
1362 1338 179 36 talrikare
1571 1343 46 31 än
1647 1338 60 36 för
1726 1343 84 31 när-

195 1394 178 46 varande,
412 1392 195 48 nemligen
647 1393 45 34 16
733 1391 36 49 (9
808 1391 203 47 revisorer,
1051 1392 20 34 3
1109 1390 282 49 registratorer,
1431 1393 20 33 3
1492 1390 217 36 bokhållare
1739 1390 72 36 och

200 1450 15 32 1
248 1446 163 44 notarie)
440 1445 11 35 i
482 1443 128 37 stället
638 1443 61 36 för
728 1445 20 34 9
780 1443 39 47 (4
848 1442 200 46 revisorer,
1080 1444 21 34 3
1131 1443 193 35 revisorer
1354 1442 73 35 och
1456 1441 219 37 bokhållare
1696 1442 71 35 och
1789 1444 20 33 2

198 1496 247 48 bokhållare),
476 1498 42 33 så
546 1500 56 31 att
631 1495 65 36 det
724 1494 33 49 ej
789 1507 46 23 en
865 1497 106 45 gång
998 1494 125 36 blefve
1152 1494 243 47 nödvändigt
1415 1499 56 30 att
1492 1494 172 48 förflytta
1683 1496 125 45 någon

196 1550 41 36 af
262 1550 47 35 de
337 1548 220 36 nuvarande
586 1547 279 36 innehafvarne
894 1546 42 36 af
962 1546 125 36 denna
1115 1545 169 48 gradens
1305 1545 120 48 tjenst
1443 1545 57 36 till
1521 1545 290 48 revisorstjenst

195 1601 64 36 vid
288 1598 334 49 arméfördelning.

304 1652 148 36 Genom
502 1650 345 49 sjukvårdsbyråns
890 1649 226 49 utbrytning
1156 1649 84 36 från
1277 1649 534 48 1intendentsdepartementet

196 1705 71 35 och
296 1702 197 38 bildandet
520 1702 42 36 af
588 1702 73 36 den
681 1715 76 35 nya
779 1701 397 49 sjukvårdsstyrelsen
1207 1700 121 36 skulle
1348 1700 85 36 icke
1456 1701 67 35 ske
1544 1703 127 44 någon
1692 1700 118 36 sådan

194 1807 105 48 talig.

302 1859 56 36 De
380 1857 187 37 ordinarie
588 1857 306 36 vaktmästarnes
915 1856 12 36 i
947 1855 392 48 arméförvaltningen
1361 1855 102 35 autal
1492 1867 92 23 vore
1606 1868 50 22 nu
1687 1856 20 34 6
1738 1855 71 36 och

198 1910 121 37 skulle
357 1910 121 47 enligt
516 1909 69 36 den
629 1908 261 49 organisation
929 1908 41 35 af
1002 1908 45 36 de
1076 1921 75 35 nya
1181 1907 247 48 styrelserna,
1459 1919 83 23 som
1573 1906 235 48 föreslagits,

197 1963 117 36 blifva
341 1962 76 36 lika
447 1964 148 44 många.

303 2014 72 36 Det
413 2012 121 37 skulle
571 2012 161 46 således,
764 2025 61 22 om
854 2010 187 49 förslaget
1068 2010 58 36 till
1155 2010 208 36 förändrad
1392 2009 260 49 organisation
1685 2009 41 36 af
1752 2022 56 22 ar-

196 2067 108 36 méns
342 2064 235 48 förvaltning
611 2064 240 48 godkändes,
887 2063 165 36 förutom
1080 2062 577 49 generalkrigskommissarien,
1686 2061 121 36 finnas

196 2118 160 37 allenast
399 2130 47 23 en
484 2117 231 48 tjensteman
752 2116 12 35 i
802 2114 405 49 arméförvaltningen,
1244 2115 61 35 för
1344 2113 155 37 hvilken
1537 2113 270 36 motsvarande

196 2172 119 47 tjenst
344 2170 33 48 ej
409 2168 125 37 kunde
563 2168 162 36 beredas
754 2168 12 35 i
793 2169 127 46 någon
951 2167 40 36 af
1007 2167 46 36 de
1074 2180 76 35 nya
1170 2165 245 50 styrelserna.
1461 2166 205 35 Dessutom
1687 2164 120 37 skulle

197 2236 46 22 en
282 2222 236 36 sekreterare
558 2220 72 36 och
667 2220 150 36 auditör
854 2224 99 30 samt
989 2233 47 22 en
1072 2219 137 36 kassör
1247 2218 71 36 och
1348 2218 230 47 redogörare
1608 2217 63 36 vid
1703 2216 104 36 forti-

196 2273 206 37 fikationen
431 2273 118 36 blifva
579 2272 240 48 öfvertaliga.
866 2270 75 37 För
969 2271 112 36 dessa
1109 2270 234 48 tjenstemän
1363 2273 121 33 måste
1507 2268 110 36 alltså
1639 2268 169 48 aflöning
