2200 2576
398 169 19 31 2
874 168 253 32 Statsutskottets
1158 167 171 32 Ullåtande
1353 169 62 31 N:o
1440 172 28 28 5.

354 254 59 37 till
441 254 353 49 artilleristyrelsen
826 285 691 6 onssmsssmsmsns
1105 250 68 57 ser
1212 250 125 57 krisen
1361 250 126 57 sesssiearrr
1490 250 29 57 ana
1548 255 142 36 kronor
1745 256 152 46 20,300:
1927 277 51 4 —

382 319 16 21 »
441 306 471 49 fortifikatlonsstyrelsen
931 337 585 5 =msssmsm
1104 302 65 57 see
1186 302 23 57 se
1225 302 41 57 ee
1286 337 230 5 reses
1618 319 16 21 »
1746 308 151 46 16,800:
1929 329 46 3 —

382 372 16 21 »
440 359 446 48 intendenturstyrelgen
915 391 3 2 >
948 389 41 4 ss
1009 389 110 4 secsee
1139 389 85 4 see
1244 389 272 4 senses
1619 371 14 20 »
1744 360 152 45 89,000:
1927 381 51 3 —

381 423 17 22 »
441 411 153 36 arméns
626 410 369 49 sjukvårdsstyrelse
1045 441 472 4 =momemmmmmmsmmsesessessescn
1618 422 17 18 »
1748 413 149 44 17,670:
1929 433 49 5 —

462 464 77 36 dels
574 465 72 46 ock,
679 463 62 36 vid
769 463 108 36 bifall
905 461 140 46 härtill,
1076 475 45 22 ur
1151 461 207 36 riksstaten
1388 461 59 36 för
1476 474 145 23 samma
1650 464 41 33 år
1719 462 166 37 utesluta
1913 476 65 23 an-

355 515 126 48 slaget
508 514 57 36 till
596 514 406 48 arméförvaltningen,
1033 514 143 35 kronor
1208 514 176 46 147,265.

462 567 134 48 Enligt
636 567 102 36 hvad
782 565 207 37 statsrådet
1031 565 71 36 och
1132 565 139 41 chefen
1300 565 59 36 för
1387 565 592 49 landtförsvarsdepartementet

356 618 56 36 till
443 619 282 36 ofvanberörda
754 617 386 48 statsrådsprotokoll
1169 617 154 46 erinrat,
1352 617 98 36 hade
1478 617 121 36 under
1628 617 46 36 de
1705 622 153 31 senaste
1888 621 90 33 åren

356 670 11 35 1
396 670 244 49 Riksdagens
683 670 210 37 revisorers
935 669 240 46 berättelser,
1217 669 13 35 1
1273 669 185 36 samband
1501 669 86 36 med
1616 669 292 48 granskningen
1937 670 44 35 af

356 722 417 48 arméförvaltningens
808 721 275 48 räkenskaper,
1117 721 248 36 förekommit
1398 721 222 36 uttalanden
1650 721 40 36 af
1714 721 180 47 innehåll,
1925 726 55 31 att

358 774 168 36 svenska
568 775 152 35 arméns
763 773 168 37 centrala
972 773 239 48 förvaltning
1255 773 116 36 borde
1414 773 308 48 omorganiseras
1751 773 12 35 i
1793 773 101 48 syfte
1924 778 55 32 att

357 826 264 47 åvägabringa
663 830 123 32 större
817 824 192 48 enkelhet,
1038 824 93 36 reda
1161 824 71 36 och
1261 824 330 48 öfverskådlighet
1619 825 11 35 i
1659 825 110 47 fråga
1799 838 61 22 om
1890 825 88 36 hus-

356 878 224 48 hållningen
623 877 87 36 med
752 877 71 36 och
865 876 300 48 redovisningen
1207 876 41 36 af
1287 877 46 35 de
1376 876 55 36 till
1466 876 299 37 landtförsvaret
1792 877 187 47 anslagna

358 930 136 35 medel.
550 930 61 35 En
650 929 180 36 liknande
861 929 100 47 åsigt
989 928 99 36 hade
1119 929 115 35 äfven
1263 928 212 36 framstälts
1504 928 12 36 1
1545 928 74 36 den
1650 928 214 47 skrifvelse,
1896 942 81 22 som

356 981 264 36 ledamöterna
648 982 41 35 af
715 981 241 47 Riksdagens
975 979 140 37 Första
1135 979 216 47 Kammare,
1372 980 311 36 kammarherren
1702 994 48 22 m.
1773 993 47 22 m.
1843 980 135 47 grefve

359 1034 51 35 N.
462 1032 41 37 G.
547 1035 45 34 A.
637 1033 139 47 Sparre
819 1033 72 35 och
932 1032 264 48 bruksegaren
1231 1045 47 22 m.
1310 1046 48 21 m.
1394 1031 81 37 Chr.
1505 1033 213 48 Lundeberg
1748 1036 99 32 samt
1876 1032 101 37 leda-

358 1089 174 31 möterna
560 1085 42 35 af
627 1084 243 49 Riksdagens
898 1084 130 35 Andra
1048 1083 217 46 Kammare,
1287 1083 343 48 hemmansegaren
1650 1085 43 34 A.
1714 1085 42 34 P.
1776 1085 201 36 Danielson

357 1137 11 35 i
398 1136 175 49 Dyestad
616 1136 72 36 och
730 1135 477 48 riksbanksfullmägtigen
1255 1134 40 37 ÖO.
1338 1137 156 35 Jonsson
1525 1136 10 34 1
1565 1135 83 35 Hof
1683 1135 112 36 afläto
1826 1136 73 36 den
1930 1138 47 34 28

359 1188 162 36 oktober
566 1189 97 35 1895
708 1188 98 36 efter
847 1187 202 48 fullgjordt
1089 1187 178 48 uppdrag
1308 1192 56 30 att
1399 1187 143 48 afgifva
1576 1187 178 47 yttrande
1784 1187 110 36 öfver
1923 1193 55 31 ett

360 1240 148 47 förslag
549 1239 59 36 till
650 1239 206 36 förändrad
890 1238 268 49 uppställning
1186 1239 42 35 af
1252 1238 230 37 riksstatens
1512 1238 123 49 fjerde
1664 1238 242 37 hufvudtitel.
1963 1239 16 35 I

359 1292 126 35 denna
528 1291 214 46 skrifvelse,
782 1291 168 46 hvilken,
989 1290 11 36 i
1029 1290 100 36 hvad
1161 1291 73 35 den
1264 1291 110 47 afsåg
1402 1303 48 23 en
1481 1291 204 35 förändrad
1713 1291 266 48 uppställning

358 1344 42 35 af
427 1343 167 36 nämnda
623 1343 243 46 hufvudtitel,
897 1342 196 36 anmäldes
1122 1342 102 36 inför
1246 1342 139 48 Kongl.
1407 1342 107 47 Maj:t
1534 1343 74 35 den
1630 1344 46 34 13
1692 1342 153 47 januari
1867 1344 110 46 1896,

359 1395 98 36 hade
500 1395 116 35 äfven
660 1395 63 36 det
766 1399 88 42 sätt,
897 1395 146 47 hvarpå
1070 1394 58 35 till
1157 1394 222 36 densamma
1406 1394 171 36 hörande
1607 1394 235 48 statsanslag
1869 1395 108 35 redo-

359 1447 165 46 visades,
555 1446 127 36 blifvit
710 1445 160 37 föremål
898 1446 59 36 för
985 1445 208 47 uttalande,
1224 1446 7 35 i
1251 1446 277 48 sammanhang
1552 1445 182 37 hvarmed
1757 1445 111 36 äfven
1892 1446 87 36 med

359 1502 118 44 några
521 1498 69 36 ord
631 1498 183 36 berördes
845 1498 74 36 den
947 1497 184 48 rigtning,
1162 1497 10 35 i
1201 1497 155 36 hvilken
1389 1497 228 37 förändrade
1646 1498 292 36 bestämmelser
1966 1498 12 35 i

358 1550 183 36 afseende
576 1553 20 32 å
625 1549 429 49 räkenskapsväsendet
1083 1549 103 36 inom
1214 1549 392 48 arméförvaltningen
1636 1554 132 43 syntes
1797 1550 92 35 böra
1916 1552 60 45 gå.

361 1602 142 36 Dervid
544 1602 154 48 yttrade
742 1602 47 36 de
823 1601 85 49 fyra
937 1601 441 48 granskningsmännen,
1409 1606 55 31 att
1493 1601 45 36 de
1567 1606 95 30 trott
1692 1601 60 47 sig
1779 1600 114 48 finna,
1923 1607 56 30 att

361 1653 289 48 förvaltningen
690 1653 40 36 af
760 1653 47 37 de
836 1653 122 36 under
985 1653 231 36 riksstatens
1247 1652 122 49 fjerde
1398 1653 229 36 hufvudtitel
1656 1653 169 36 hörande
1856 1653 123 36 medel

358 1705 132 47 borde,
516 1705 121 47 jemte
658 1705 227 36 dithörande
904 1704 269 49 räkenskaps-,
1193 1705 299 47 redovisnings-,
1515 1705 72 35 och
1607 1704 371 47 revisionsväsende,

359 1757 200 48 förläggas
603 1760 20 33 å
665 1759 127 34 endast
818 1765 45 29 ett
891 1757 265 49 departement
1184 1757 9 34 i
1223 1756 406 47 arméförvaltningen,
1659 1756 58 36 till
1744 1756 148 36 hvilket
1922 1759 57 33 så-

358 1808 116 36 lunda
515 1808 73 37 alla
627 1809 105 47 slags
761 1808 272 49 redogörelser
1061 1808 60 36 för
1150 1808 129 48 dylika
1308 1808 123 37 medel
1463 1808 121 36 skulle
1613 1808 91 48 ingå
1733 1808 71 36 och
1834 1808 145 36 hvilket

359 1861 8 35 i
398 1860 97 49 följd
538 1860 112 36 häraf
690 1861 116 36 också
848 1861 98 48 egde
975 1866 56 30 att
1060 1859 61 36 för
1149 1859 125 37 denna
1303 1860 250 48 redovisning
1581 1860 151 36 utfärda
1761 1860 46 36 de
1836 1860 144 48 nödiga

359 1912 304 36 föreskrifterna.

464 1964 58 35 Då
563 1964 149 48 förslag
752 1964 12 36 1i
807 1964 123 49 dylikt
972 1963 103 49 syfte
1118 1963 115 36 äfven
1274 1963 126 36 blifvit
1441 1963 219 37 framstäldt
1698 1963 41 36 af
1764 1963 46 36 de
1840 1976 139 34 genom

358 2016 131 47 kongl.
522 2016 153 36 brefvet
704 2016 72 36 den
807 2019 18 32 7
859 2015 95 50 april
986 2017 98 34 1893
1114 2015 231 37 förordnade
1374 2016 237 36 komiterade
1641 2016 61 35 för
1729 2015 249 36 utarbetande

359 2068 42 36 af
424 2067 148 48 förslag
601 2067 57 36 till
688 2068 142 35 sådana
859 2067 206 48 ändringar
1096 2066 11 36 i
1128 2067 46 36 de
1194 2067 164 36 rörande
1378 2068 151 36 arméns
1550 2067 236 48 förvaltning
1800 2066 179 49 gällande

358 2119 267 49 reglementen
655 2120 72 35 och
756 2119 252 49 stadganden,
1039 2132 82 22 som
1142 2119 218 48 påkallades
1382 2120 40 35 af
1437 2119 436 48 intendenturcorpsens
1902 2118 77 36 för-

359 2171 168 36 ändrade
567 2171 262 48 organisation
859 2172 70 35 och
959 2171 324 48 förändringarna
1311 2171 12 36 1
1352 2171 118 48 öfrigt
1497 2171 55 36 uti
1580 2170 398 48 härorganisationen,

359 2224 99 36 hade
501 2223 208 37 statsrådet
751 2223 71 36 och
865 2223 139 36 chefen
1046 2220 61 39 för
1143 2223 597 47 landtförsvarsdepartementen
1770 2224 47 45 på
1847 2221 132 37 derom

358 2276 116 47 gjord
505 2275 284 49 framställning
818 2275 74 36 den
925 2279 17 32 7
974 2275 168 37 februari
1174 2277 98 35 1896
1303 2275 150 37 erbållit
1481 2273 311 49 bemyndigande
1821 2278 56 31 att
1905 2274 74 36 till-
