2209 2576
411 148 61 45 100
886 154 250 32 Statsutskottets
1167 155 171 32 Utlåtande
1360 156 63 31 N:o
1447 159 27 29 5.

365 236 59 37 till
452 238 173 36 »arméns
655 251 137 36 vapen,
823 239 252 37 ammunition
1104 240 71 37 och
1197 241 285 49 skjutöfningar
1503 248 100 31 samt
1623 244 218 37 artilleriets
1863 244 124 37 öfnin-

365 303 71 35 gar
466 290 71 36 och
567 291 193 36 materiel»
789 291 120 37 borde
939 292 93 36 ökas
1063 293 86 36 med
1178 293 165 36 nämnda
1372 307 146 23 summa
1538 295 94 36 eller
1663 298 139 46 10,000
1831 297 154 37 kronor.

472 393 75 37 Det
577 394 149 47 förslag
753 394 58 37 till
846 409 51 35 ny
941 396 261 48 organisation
1240 397 41 36 af
1307 397 243 48 skjutskolan
1580 398 59 37 för
1666 398 221 38 infanteriet
1916 401 72 36 och

365 444 239 49 kavalleriet,
625 447 61 35 för
704 446 147 37 hvilket
872 447 157 37 sålunda
1052 448 11 36 i
1083 448 217 37 hufvudsak
1320 449 232 50 redogjorts,
1574 450 89 36 ville
1684 451 303 49 departements-

366 497 139 37 chefen
534 501 48 46 på
612 499 66 35 det
705 504 193 31 varmaste
927 499 205 50 tillstyrka,
1163 501 161 37 emedan
1353 501 76 36 han
1449 505 143 45 ansåge
1613 502 107 37 detta
1735 504 146 49 förslag
1896 518 91 23 vara

368 549 144 48 egnadt
555 555 56 31 att
650 551 11 35 i
691 551 193 48 väsentlig
925 552 96 47 grad
1050 552 90 49 höja
1169 552 267 48 utbildningen
1465 553 102 37 inom
1598 555 131 36 armén
1757 555 12 36 i
1799 569 45 23 en
1875 557 41 36 af
1940 557 47 36 de

366 601 214 49 vigtigaste
623 603 349 48 tjenstegrenarne.
1029 603 68 37 Att
1138 604 142 37 föreslå
1322 605 162 50 höjning
1513 606 42 36 af
1582 606 63 36 det
1672 608 221 36 nuvarande
1923 622 64 23 an-

368 653 126 47 slaget
536 654 57 35 till
635 654 294 48 ifrågavarande
968 656 119 46 skola,
1132 658 139 45 31,000
1314 657 153 47 kronor,
1510 658 88 36 med
1627 659 86 36 hela
1743 659 63 37 det
1834 660 151 50 belopp,

366 705 157 36 hvartill
565 706 306 37 kommissionen
899 707 172 47 kommit,
1102 708 93 36 eller
1224 711 141 45 21,000
1395 709 154 48 kronor,
1580 723 91 24 vore
1701 711 99 37 dock
1829 712 33 48 ej
1892 713 95 36 nöd-

366 757 174 49 vändigt,
571 762 94 32 enär
694 758 258 37 kostnaderna
982 760 61 36 för
1072 759 73 37 den
1175 760 324 50 volontärpluton,
1531 775 81 23 som
1634 762 122 37 skulle
1776 763 58 36 till
1853 764 134 37 skolan

366 809 197 46 beordras,
593 809 121 37 borde
743 811 191 36 bestridas
963 812 84 36 från
1083 812 186 48 anslagen
1297 813 57 36 till
1383 813 64 36 det
1475 814 85 36 icke
1589 815 299 47 garnisonerade
1930 816 56 36 in-

366 861 203 36 fanteriets
599 862 72 36 och
701 862 64 36 det
793 862 145 37 indelta
967 863 244 37 kavalleriets
1242 871 100 30 samt
1371 865 56 36 till
1456 866 46 36 de
1532 866 283 50 värnpligtiges
1847 881 139 36 vapen-

367 913 181 48 öfningar
577 914 86 36 med
683 914 149 36 hälften
852 914 83 37 från
956 915 206 37 hvartdera
1181 916 187 48 anslaget,
1390 917 48 36 då
1452 918 43 48 ju
1517 918 215 37 ändamålet
1751 920 87 36 med
1854 921 131 36 volon-

367 969 173 32 tärernas
569 965 320 49 kommendering
917 967 57 36 till
1003 968 240 48 skjutskolan
1271 982 92 23 vore
1393 969 33 47 ej
1458 970 137 36 endast
1619 976 55 30 att
1701 971 141 37 bereda
1868 972 118 49 skjut-

368 1017 156 36 skolans
568 1017 129 37 elever
739 1018 231 49 erforderlig
1012 1019 487 50 undervisningsmateriel,
1530 1026 89 32 utan
1648 1022 76 37 lika
1754 1024 152 47 mycket
1933 1029 55 32 att

366 1069 146 36 utbilda
553 1069 274 37 volontärerna
869 1070 55 36 till
968 1071 373 49 skjutinstruktörer.
1398 1073 59 36 Då
1485 1074 114 36 dessa
1627 1074 210 38 kostnader
1865 1076 121 36 skulle

367 1123 131 46 uppgå
536 1121 56 35 till
628 1121 177 48 omkring
842 1124 114 44 8,500
986 1123 152 47 kronor,
1167 1124 167 36 behöfde
1363 1124 112 37 alltså
1503 1125 178 49 anslaget
1709 1127 55 35 till
1796 1127 190 48 skjutsko-

367 1172 62 37 lan
458 1173 85 36 icke
572 1173 111 47 höjas
713 1174 87 36 med
829 1187 105 24 mera
964 1179 48 31 än
1045 1177 138 45 12,500
1211 1176 153 36 kronor.

473 1224 83 37 Den
586 1225 118 48 utgift
731 1226 60 36 för
820 1239 48 23 en
897 1229 116 46 gång,
1045 1240 83 23 som
1150 1228 378 48 omorganisationen
1548 1230 43 36 af
1603 1230 241 48 skjutskolan
1865 1232 121 36 skulle

367 1276 136 36 kräfva
533 1277 72 36 och
635 1290 83 23 som
748 1278 121 36 skulle
899 1282 131 45 uppgå
1058 1279 57 35 till
1147 1281 138 45 19,000
1314 1281 155 46 kronor,
1499 1281 118 36 borde
1646 1282 130 37 kunna
1795 1283 190 37 bestridas

368 1328 42 36 af
448 1329 59 36 för
548 1328 155 37 handen
739 1330 168 36 varande
950 1330 253 50 besparingar
1232 1335 20 33 å
1281 1332 269 48 hufvudtiteln,
1594 1339 91 31 utan
1714 1340 55 30 att
1799 1335 187 36 särskilda

369 1381 123 36 medel
524 1380 127 36 dertill
679 1381 167 37 behöfde
876 1382 43 36 af
942 1382 224 48 Riksdagen
1195 1384 125 36 äskas.

474 1432 182 37 Deremot
699 1433 116 36 funne
859 1434 427 47 departementschefen
1328 1435 174 48 anslaget
1542 1436 57 36 till
1641 1438 173 36 »arméns
1851 1452 134 35 vapen,

368 1484 252 36 ammunition
664 1485 71 36 och
778 1485 286 49 skjutöfningar
1106 1492 98 31 samt
1240 1487 216 37 artilleriets
1487 1488 179 48 öfningar
1695 1490 72 36 och
1796 1491 189 36 materiel»

369 1536 105 47 böra,
503 1536 12 36 i
546 1536 173 48 enlighet
747 1538 87 36 med
854 1538 100 36 hvad
976 1539 394 49 arméförvaltningen
1389 1540 193 47 hemstält,
1600 1541 170 49 förhöjas
1788 1543 32 48 ej
1840 1543 145 36 mindre

368 1587 88 37 med
499 1588 47 35 de
592 1590 139 45 10,000
765 1590 153 46 kronor,
949 1604 82 22 som
1062 1590 73 37 den
1165 1591 121 36 ökade
1315 1592 578 49 ammunitionsförbrukningen
1922 1595 64 36 vid

369 1640 243 48 skjutskolan
657 1640 122 37 skulle
820 1641 156 37 komma
1011 1648 56 30 att
1095 1643 125 46 kosta,
1251 1648 89 32 utan
1371 1644 72 36 ock
1473 1645 84 35 med
1587 1645 227 48 ytterligare
1847 1648 138 46 18,000

370 1692 143 35 kronor
556 1691 57 36 till
642 1693 239 36 betäckande
911 1694 41 36 af
978 1694 46 36 de
1054 1694 221 48 kostnader,
1306 1708 81 24 som
1418 1695 121 37 skulle
1570 1700 139 45 uppstå
1738 1697 55 36 till
1822 1698 95 50 följd
1948 1699 41 36 af

369 1756 47 23 en
446 1743 61 36 del
536 1757 76 35 nya
642 1744 286 49 skjutöfningar
956 1746 65 36 vid
1050 1752 284 43 regementena,
1357 1761 83 23 som
1460 1748 302 38 kommissionen
1781 1755 128 31 ansett
1925 1751 61 47 sig

368 1795 93 36 böra
490 1795 143 36 föreslå
662 1796 73 36 och
763 1797 393 49 arméförvaltningen
1181 1798 195 50 tillstyrkt.
1435 1799 311 39 Kommissionen
1764 1802 97 36 hade
1882 1816 103 23 nem-

367 1846 107 48 ligen
516 1847 214 49 föreslagit,
773 1853 67 42 att,
884 1852 47 45 på
966 1850 65 35 det
1065 1850 144 36 befälet
1238 1854 114 33 måtte
1383 1851 189 37 bibehålla
1603 1853 72 36 och
1702 1854 180 37 utveckla
1910 1855 74 36 den

369 1898 352 50 skjutskicklighet,
765 1914 83 22 som
877 1901 213 48 bibringats
1120 1902 211 37 detsamma
1359 1904 121 35 under
1508 1904 90 36 dess
1626 1905 231 49 utbildning,
1888 1914 98 29 samt

369 1955 93 31 enär
491 1950 65 35 det
585 1951 84 37 icke
698 1965 91 23 vore
820 1953 150 47 möjligt
999 1953 93 36 eller
1119 1953 175 50 lämpligt
1322 1961 54 30 att
1406 1956 72 35 öka
1498 1956 239 37 officerarnes
1758 1958 70 36 och
1849 1959 136 35 under-

368 2002 243 37 officerarnes
655 2003 284 49 skjutöfningar
981 2007 116 34 under
1131 2007 390 48 vapenöfningstiden
1550 2009 154 36 utöfver
1733 2010 46 36 de
1807 2024 51 21 nu
1885 2011 100 35 före-

369 2053 158 48 skrifna,
567 2055 47 35 då
638 2056 43 48 ju
711 2056 109 36 deras
856 2056 54 35 tid
938 2056 191 37 derunder
1157 2071 90 23 vore
1277 2059 53 36 till
1365 2059 92 36 fullo
1486 2066 198 43 upptagen
1714 2061 43 36 af
1782 2062 117 36 andra
1928 2061 56 36 öf-

368 2105 150 48 ningar,
562 2106 133 50 hvarje
726 2107 126 37 officer
883 2108 70 36 och
982 2108 227 37 underfficer
1236 2110 63 36 vid
1327 2111 222 37 infanteriet
1578 2113 72 35 och
1678 2112 222 38 kavalleriet
1929 2116 55 33 år-

367 2157 104 48 ligen
516 2158 122 37 skulle
674 2159 38 36 få
741 2159 61 49 sig
829 2160 196 36 tilldelade
1058 2162 48 35 60
1136 2161 138 49 skarpa
1302 2169 182 42 patroner
1512 2164 57 36 till
1600 2164 71 36 fria
1700 2164 285 49 skjutöfningar

367 2210 134 36 mellan
530 2211 449 48 vapenöfningstiderna.
1021 2211 139 38 Vidare
1189 2213 98 37 hade
1307 2215 304 37 kommissionen
1628 2215 207 37 framhållit
1854 2217 129 48 vigten
