1902 2774
257 133 19 30 6
654 133 123 39 Tredje
800 133 246 39 lagutskottets
1071 133 178 30 utlåtande
1272 142 43 21 nr
1337 134 30 29 3.

952 417 58 41 Nr
1035 418 37 40 3.

481 519 186 31 Utlåtande
686 520 10 29 i
712 519 191 39 anledning
919 528 43 21 av
978 518 127 40 Kungl.
1123 518 124 40 Maj:ts
1264 518 216 40 proposition
1501 518 52 30 till
1571 518 186 40 riksdagen

703 570 80 30 med
799 569 134 40 förslag
953 569 51 30 till
1023 570 56 39 lag
1096 569 178 39 angående
1294 569 135 30 ändrad
1448 568 128 40 lydelse
1595 578 43 21 av
1656 569 20 29 3
1695 568 65 31 och

704 620 19 30 4
740 624 41 36 $$
798 620 100 39 lagen
917 620 65 30 den
1000 620 42 29 26
1060 619 77 40 maj
1154 619 83 30 1933
1259 619 61 34 (nr
1337 619 81 34 231)
1440 628 55 21 om
1515 619 185 30 utrotande
1717 628 43 21 av

702 670 152 30 berberis
873 670 21 30 å
914 670 68 30 viss
1003 669 114 31 mark.

304 771 129 30 Genom
452 781 42 20 en
512 772 69 30 den
602 771 38 30 13
658 771 141 39 januari
820 771 84 30 1950
923 770 219 40 dagtecknad
1160 769 226 41 proposition,
1406 779 41 20 nr
1466 769 51 34 38,
1537 769 117 30 vilken
1672 769 86 30 hän-

261 821 108 31 visats
387 822 52 30 till
456 822 194 39 lagutskott
667 821 65 30 och
748 821 207 30 behandlats
974 830 42 21 av
1032 820 114 40 tredje
1163 820 237 39 lagutskottet,
1417 820 64 30 har
1498 820 126 39 Kungl.
1643 819 116 39 Maj:t,

261 873 113 30 under
402 872 220 40 åberopande
653 881 43 21 av
722 871 264 40 propositionen
1014 871 108 39 bilagt
1151 871 125 39 utdrag
1305 879 42 21 av
1375 870 385 39 statsrådsprotokollet

256 923 84 30 över
360 922 357 41 jordbruksärenden,
740 921 181 40 föreslagit
942 921 188 39 riksdagen
1152 923 51 28 att
1224 922 126 38 antaga
1374 920 156 39 följande
1553 920 131 39 förslag
1705 920 52 29 till

958 1040 101 43 Lag

301 1118 206 45 angående
530 1118 158 34 ändrad
711 1117 153 44 lydelse
887 1128 49 23 av
959 1118 22 33 3
1004 1116 77 34 och
1104 1118 21 32 4
1148 1115 41 44 $$
1213 1116 116 44 lagen
1355 1116 76 34 den
1454 1116 43 33 26
1522 1115 80 43 maj
1626 1115 88 34 1933

468 1179 68 44 (vr
559 1178 84 44 231)
667 1190 64 23 om
756 1178 216 34 utrotande
995 1189 49 23 av
1069 1177 181 34 berberis
1275 1176 23 35 å
1321 1177 82 33 viss
1427 1177 127 33 mark.

304 1264 211 39 Härigenom
532 1263 196 35 förordnas,
748 1264 51 29 att
816 1263 20 30 3
856 1263 64 29 och
939 1262 20 30 4
979 1262 37 37 $$
1037 1262 102 39 lagen
1157 1262 66 29 den
1240 1261 41 30 26
1299 1261 70 40 maj
1393 1261 82 31 1933
1497 1270 58 21 om
1571 1261 186 30 utrotande

256 1323 45 21 av
317 1315 152 30 berberis
487 1314 21 31 å
526 1314 71 30 viss
615 1314 112 30 mark"
744 1313 100 30 skola
863 1312 132 31 erhålla
1013 1312 158 39 följande
1190 1312 154 30 ändrade
1362 1312 139 39 lydelse.

444 1373 186 36 (Gällande
653 1372 145 41 lydelse)

588 1432 72 38 38.

301 1484 199 30 Uraktlåter
522 1483 186 40 jordägare
729 1482 83 30 eller
836 1480 155 40 nyttjan-

256 1535 276 33 derättshavare,
563 1542 76 21 som
667 1541 97 21 avses
792 1531 12 30 i
835 1532 15 29 1
882 1531 28 37 8,
938 1532 50 28 att

255 1585 190 30 verkställa
480 1583 219 31 föreskriven
733 1581 181 40 utrotning
949 1590 42 21 av

256 1635 164 35 berberis,
442 1634 144 31 straffes
608 1634 79 30 med
706 1633 98 30 böter
824 1632 81 30 från
924 1631 66 31 och

256 1686 80 30 med
356 1685 48 30 tio
424 1685 52 30 till
498 1685 67 30 och
589 1684 79 30 med
691 1683 199 31 tvåhundra
911 1682 79 30 kro-

255 1744 80 27 nor;
360 1736 64 30 och
444 1735 58 31 må
524 1735 67 30 den
612 1734 204 41 försumlige
837 1732 153 40 åliggan-

255 1786 43 30 de
323 1786 170 39 åtgärder,
518 1786 109 29 sedan
650 1785 69 30 han
744 1784 98 31 blivit
867 1784 124 29 under-

256 1836 126 37 rättad,
400 1836 206 30 verkställas
623 1844 123 30 genom
764 1834 227 31 vederböran-

257 1886 40 30 de
323 1886 368 39 åklagarmyndighets
716 1885 148 40 försorg.
889 1884 102 30 Kost-

255 1936 115 30 naden
393 1936 122 39 härför
538 1936 59 30 må
620 1945 42 21 av
686 1934 303 40 åklagarmyndig-

257 1986 103 30 heten
378 1986 214 30 omedelbart
608 1988 136 37 uttagas
759 1986 64 30 hos
839 1986 66 30 den
919 1985 71 40 för-

254 2036 159 40 sumlige.

296 2457 8 15 1
324 2459 109 24 Senaste
451 2458 103 31 lydelse
573 2464 35 18 av
627 2456 16 26 3
662 2456 12 32 $
694 2464 26 17 se
738 2457 59 26 SFS
817 2454 74 27 1944:
902 2455 55 26 112.

1200 1371 224 38 (Föreslagen
1445 1370 147 40 lydelse)

1359 1428 19 30 3
1403 1428 28 37 8.

1072 1479 199 29 Uraktlåter
1293 1479 185 39 jordägare
1499 1479 83 29 eller
1606 1477 156 40 nyttjan-

1026 1530 272 34 derättshavare,
1337 1539 74 21 som
1447 1538 100 22 avses
1572 1529 12 31 i
1612 1530 16 30 1
1657 1529 29 38 8,
1709 1530 52 30 att

1027 1580 189 29 verkställa
1251 1579 217 30 föreskriven
1502 1579 182 40 utrotning
1719 1588 43 21 av

1028 1630 164 34 berberis,
1215 1630 142 30 straffes
1378 1630 79 30 med
1477 1630 98 30 böter
1596 1629 80 30 från
1695 1629 66 31 och

1027 1680 80 29 med
1128 1679 48 30 tio
1196 1680 52 29 till
1270 1680 65 30 och
1359 1681 79 29 med
1460 1680 200 30 tvåhundra
1682 1680 78 29 kro-

1026 1739 79 26 nor;
1129 1731 63 30 och
1213 1731 61 38 äge
1296 1731 113 30 rätten
1434 1730 111 30 tillika
1565 1731 45 39 på
1633 1730 127 40 yrkan-

1027 1781 41 29 de
1084 1790 42 21 av
1140 1781 187 39 åklagaren
1345 1781 56 30 vid
1417 1781 66 30 vite
1499 1781 178 40 förelägga
1693 1781 66 29 den

1025 1831 206 39 försumlige
1266 1833 51 28 att
1352 1831 93 30 inom
1482 1831 69 30 viss
1587 1831 50 30 tid
1670 1831 89 30 hava

1027 1881 182 30 verkställt
1229 1881 129 31 honom
1384 1882 181 38 åliggande
1587 1881 172 39 åtgärder.

1069 1932 126 30 Därest
1228 1931 91 40 givet
1342 1931 247 40 föreläggande
1615 1932 75 30 icke
1713 1931 48 40 ef-

1030 1982 222 36 terkommes,
1274 1983 57 29 må
1353 1982 188 39 åklagaren
1562 1982 78 40 föra
1666 1981 93 30 talan

1031 2042 56 20 om
1114 2033 100 30 vitets
1239 2033 211 30 utdömande
1474 2034 93 29 samt
1589 2042 56 20 om
1671 2032 92 40 före-

1031 2083 167 40 läggande
1229 2092 44 21 av
1301 2085 78 38 nytt
1408 2083 77 30 vite.
1514 2083 17 30 I
1558 2083 118 30 stället
1704 2082 57 41 för

1029 2135 52 28 alt
1101 2134 87 39 yrka
1210 2135 78 38 nytt
1309 2134 66 30 vite
1395 2135 57 29 må
1475 2133 189 40 åklagaren
1685 2133 76 36 ock,

1028 2184 109 30 sedan
1156 2185 65 29 den
1240 2184 204 40 försumlige
1463 2184 98 30 blivit
1579 2183 182 31 underrät-

1036 2235 69 36 tad,
1135 2235 92 39 själv
1258 2234 69 30 låta
1360 2235 187 30 verkställa
1577 2234 42 30 de
1653 2235 109 28 utrot-

1031 2285 267 40 ningsåtgärder
1314 2295 75 20 som
1409 2285 187 40 erfordras.
1614 2284 150 30 Kostna-

1032 2336 67 30 den
1121 2335 123 40 härför
1263 2336 58 30 må
1341 2345 43 21 av
1404 2335 189 39 åklagaren
1614 2334 150 31 omedel-

1032 2387 78 29 bart
1131 2387 137 38 uttagas
1288 2386 64 30 hos
1373 2386 67 30 den
1459 2384 217 42 försumlige.
