1906 2822
294 191 19 29 4
719 192 275 31 Statsutskottets
1019 192 174 30 utlåtande
1219 192 49 30 Nr
1290 192 73 31 219.

342 278 73 29 Den
440 277 252 30 eftersträvade
716 276 325 36 effektiviseringen
1066 277 111 29 skulle
1200 276 105 35 enligt
1328 274 371 36 sakkunnigförslaget
1722 275 79 29 när-

298 323 87 27 mast
402 320 123 30 vinnas
543 328 121 27 genom
681 329 42 20 en
741 319 68 30 fast
827 319 178 36 indelning
1021 328 41 20 av
1079 320 128 28 rättens
1225 319 188 29 ledamöter
1429 316 47 38 på
1493 317 194 35 divisioner,
1705 317 96 30 inom

299 362 92 30 vilka
418 371 43 20 en
488 361 214 31 ordförande
730 361 111 29 skulle
866 362 106 29 utöva
999 360 238 36 kontinuerlig
1264 360 141 35 ledning
1433 369 42 20 av
1502 359 143 31 arbetet.
1674 358 127 30 Ordfö-

298 404 130 31 randen
451 405 110 29 skulle
580 403 138 37 åläggas
742 407 48 26 att
811 404 134 35 deltaga
966 402 11 30 i
999 403 300 35 handläggningen
1321 411 41 21 av
1385 402 69 30 alla
1476 400 70 31 mål
1567 400 20 31 å
1608 400 194 31 divisionen

297 455 78 21 men
398 447 9 29 i
430 446 146 36 gengäld
596 446 129 29 befrias
750 444 78 31 från
849 444 468 37 föredragningsskyldighet.
1341 444 67 30 För
1431 442 306 38 upprätthållande
1760 452 41 21 av

299 489 289 29 kammarrättens
605 487 289 36 arbetskapacitet
911 488 111 30 skulle
1038 487 9 29 i
1064 486 198 36 anslutning
1279 486 114 30 därtill
1407 486 146 29 inrättas
1568 485 237 36 befattningar

299 530 112 31 såsom
432 534 97 27 extra
549 530 261 37 föredragande.

342 573 77 31 Med
441 573 161 36 förslaget
622 583 58 20 om
700 582 43 21 en
763 572 68 30 fast
851 571 345 37 divisionsindelning
1214 572 62 30 bör
1297 571 278 31 sammanställas
1597 571 55 29 det
1673 570 130 35 förslag

298 625 55 20 om
376 615 173 36 enhetliga
570 615 325 35 domförhetsregler
917 615 65 29 och
1005 614 67 30 viss
1096 614 220 35 likställighet
1340 613 129 30 mellan
1492 611 311 32 kammarrättsråd

299 658 63 29 och
386 666 198 27 assessorer,
612 667 74 20 som
711 658 101 34 utgör
836 657 54 30 det
916 656 109 31 andra
1050 656 210 30 huvudledet
1285 656 10 30 i
1321 656 66 30 den
1412 664 43 21 av
1480 655 42 30 de
1548 654 218 36 sakkunniga
1791 653 11 30 i

299 698 380 37 effektiviseringssyfte
702 699 184 30 förordade
910 698 184 31 reformen.

343 742 114 35 Enligt
482 740 360 37 sakkunnigförslaget
865 741 88 30 skall
978 741 271 29 kammarrätten
1274 740 9 29 i
1310 739 52 31 sin
1387 738 173 32 dömande
1583 738 220 31 verksamhet

299 784 116 29 arbeta
438 783 45 37 på
506 783 223 37 avdelningar
751 782 184 31 bestående
958 792 104 20 envar
1083 792 42 20 av
1148 791 42 21 en
1214 781 378 31 divisionsordförande
1613 780 65 30 och
1701 783 101 33 ytter-

298 825 104 36 ligare
421 825 58 31 två
498 826 196 29 ledamöter.
715 825 14 30 I
750 824 97 36 fråga
866 835 57 20 om
942 825 128 30 antalet
1088 825 173 29 dömande
1279 824 190 30 ledamöter
1486 823 145 30 innebär
1649 823 93 30 detta
1761 832 42 21 en

299 867 253 37 inskränkning
576 868 11 29 i
611 866 221 31 förhållande
855 866 51 31 till
931 867 157 36 gällande
1112 866 259 30 bestämmelser
1395 866 122 29 endast
1541 864 66 30 vad
1632 864 172 30 beträffar

298 910 263 36 anmärknings-
582 910 64 30 och
668 908 306 37 avlöningsmålen.
998 909 14 29 I
1034 908 96 36 fråga
1152 918 58 21 om
1231 908 127 31 antalet
1379 907 11 30 i
1410 907 304 36 handläggningen
1735 906 68 30 del-

298 952 146 35 tagande
467 950 311 32 kammarrättsråd
800 951 71 30 åter
892 951 144 36 betyder
1057 951 162 35 förslaget
1243 960 41 20 en
1306 949 254 36 inskränkning
1582 948 223 30 beträffande

299 993 92 31 såväl
415 993 263 36 anmärknings-
704 993 65 30 och
794 992 295 37 avlöningsmålen
1114 1002 74 21 som
1213 991 217 37 fattigvårds-
1456 992 63 29 och
1544 990 258 31 mantalsskriv-

300 1035 226 36 ningsmålen.

344 1078 73 30 Den
441 1078 195 35 föreslagna
661 1076 399 37 divisionsindelningen
1084 1086 102 26 synes
1210 1076 70 36 mig
1303 1076 115 36 ägnad
1442 1078 50 27 att
1516 1075 144 36 bidraga
1684 1075 52 30 till
1761 1083 42 21 en

300 1120 169 30 snabbare
491 1120 257 36 handiäggning
769 1129 41 21 av
832 1119 70 30 mål
925 1120 66 29 och
1013 1120 150 29 ärenden
1185 1119 94 30 inom
1301 1119 282 34 kammarrätten,
1607 1116 120 31 varför
1747 1116 57 37 jag

298 1163 187 35 tillstyrker
509 1161 274 37 genomförande
806 1171 41 21 av
873 1162 67 29 vad
965 1161 43 30 de
1033 1161 217 36 sakkunniga
1275 1160 215 30 härutinnan
1513 1159 186 36 föreslagit.
1725 1159 78 30 Med

300 1205 134 35 hänsyn
456 1204 51 30 till
529 1207 48 27 att
599 1204 66 30 den
688 1203 195 36 föreslagna
905 1202 252 36 enhetligheten
1180 1203 9 29 i
1214 1202 371 35 domförhetsreglerna
1608 1203 40 28 är
1670 1210 42 21 en
1735 1200 68 31 för-

299 1246 190 36 utsättning
508 1246 54 30 för
580 1246 193 35 skapandet
791 1254 42 21 av
851 1246 67 29 den
936 1244 159 37 åsyftade
1111 1245 173 29 fastheten
1301 1245 10 29 i
1330 1243 390 36 divisionsindelningen
1739 1243 65 30 och

299 1289 76 30 med
397 1288 196 30 beaktande
611 1297 41 21 av
673 1288 68 30 vad
761 1288 272 29 kammarrätten
1053 1286 115 31 anfört
1190 1296 57 21 om
1267 1285 264 37 möjligheterna
1552 1288 48 28 att
1621 1285 95 30 inom
1738 1285 66 30 den

299 1340 41 21 av
360 1331 41 29 de
422 1329 217 36 sakkunniga
659 1330 205 35 uppdragna
885 1338 120 21 ramen
1027 1328 129 31 erhålla
1177 1338 44 20 en
1240 1328 232 36 betryggande
1494 1327 311 36 sammansättning

300 1382 41 20 av
362 1373 174 30 dömande
554 1372 193 36 avdelning,
770 1372 96 29 torde
887 1370 361 36 sakkunnigförslaget
1269 1371 86 29 även
1377 1370 9 30 i
1408 1371 114 30 denna
1544 1370 53 30 del
1618 1370 85 30 böra
1724 1370 80 35 god-

300 1418 103 33 tagas,
428 1418 85 27 trots
536 1415 41 29 de
597 1414 193 35 erinringar
810 1413 49 30 till
881 1412 94 32 vilka
996 1413 266 36 försvagningen
1285 1422 42 20 av
1349 1412 41 31 de
1413 1412 173 30 dömande
1606 1411 198 36 avdelning-

299 1466 83 21 arna
403 1456 11 30 i
436 1457 92 30 vissa
549 1455 68 31 mål
640 1456 70 30 kan
734 1463 39 29 ge
795 1455 195 36 anledning.
1014 1455 257 30 Assessorernas
1293 1455 204 35 kompetens
1519 1454 63 30 bör
1603 1454 202 30 förutsättas

301 1499 190 30 förändrad
514 1498 45 37 på
583 1499 64 29 sätt
672 1499 43 29 de
738 1498 217 35 sakkunniga
979 1497 183 36 föreslagit.
1188 1496 189 31 Föreskrift
1401 1497 64 29 bör
1488 1496 116 30 vidare
1629 1496 176 30 meddelas

301 1543 47 28 att
379 1542 4 29 i
407 1540 308 36 handläggningen
742 1540 66 30 och
833 1540 215 35 avgörandet
1073 1549 42 19 av
1141 1538 116 30 målen
1282 1539 64 29 bör
1373 1537 105 31 såvitt
1504 1537 137 36 möjligt
1667 1538 138 35 deltaga

302 1583 103 36 jämte
426 1583 236 30 ordföranden
683 1582 106 30 minst
810 1592 41 20 en
872 1582 161 34 ledamot,
1056 1591 73 20 som
1151 1582 39 29 är
1212 1581 162 36 antingen
1396 1579 321 36 kammarrättsråd,
1741 1580 64 30 till-

301 1625 180 30 förordnat
502 1623 309 32 kammarrättsråd
832 1624 81 30 eller
933 1624 64 30 ock
1020 1633 159 21 assessor.

878 1745 358 39 Specialdivisioner.

345 1835 138 30 Jämväl
509 1834 54 31 för
589 1834 169 30 särskilda
784 1832 163 32 ändamål
972 1833 241 36 organiserade
1239 1832 314 36 specialdivisioner
1579 1832 97 30 skola
1702 1832 105 35 enligt

302 1885 359 36 sakkunnigförslaget
689 1886 119 29 kunna
834 1885 144 30 inrättas
1004 1884 94 30 inom
1125 1884 282 31 kammarrätten.
1436 1882 119 31 Såsom
1583 1884 153 34 exempel
1762 1881 45 37 på

302 1936 127 35 dylika,
457 1936 106 30 redan
589 1935 215 30 existerande
830 1934 314 37 specialdivisioner
1170 1935 129 29 nämna
1324 1935 42 28 de
1392 1932 218 36 sakkunniga
1636 1933 170 35 lagavdel-

302 1986 125 35 ningen
448 1986 65 30 och
533 1985 582 36 fastighetstaxeringsavdelningen
1142 1984 109 38 (prop.
1272 1984 61 30 sid.
1359 1984 38 29 15
1419 1984 66 30 och
1508 1983 66 39 16).

346 2036 96 30 Efter
460 2036 287 36 genomförandet
766 2046 42 21 av
828 2036 65 30 den
913 2035 199 36 föreslagna
1133 2034 285 36 organisationen
1438 2033 46 36 på
1504 2034 91 29 fasta
1615 2033 192 30 divisioner

301 2086 185 31 förutsätta
505 2087 42 30 de
566 2085 228 37 sakkunniga,
814 2089 47 27 att
881 2086 112 30 under
1012 2086 40 30 de
1071 2085 95 35 tider,
1188 2084 44 31 då
1251 2083 554 37 fastighetstaxeringsavdelning-

302 2147 42 20 en
363 2138 88 29 skall
473 2137 268 35 sammanträda,
763 2137 128 30 arbetet
910 2135 46 38 på
978 2146 41 21 en
1038 2145 42 21 av
1100 2136 42 30 de
1161 2135 171 31 ordinarie
1353 2134 233 31 divisionerna
1606 2135 114 36 lägges
1741 2133 67 30 ned

303 2188 63 29 och
392 2188 115 30 denna
533 2187 146 30 division
704 2188 10 29 i
742 2187 110 30 stället
877 2186 214 37 organiseras
1117 2186 114 31 såsom
1256 2184 550 37 fastighetstaxeringsavdelning.

346 2238 298 36 Lagavdelningen
666 2236 145 31 föreslås
832 2247 41 21 av
896 2237 42 30 de
961 2237 216 35 sakkunniga
1199 2235 195 31 avskaffad.
1419 2235 96 30 Efter
1535 2234 273 38 genomförande

303 2298 41 20 av
375 2289 66 28 den
474 2297 43 21 av
547 2289 41 29 de
617 2288 219 35 sakkunniga
866 2287 196 36 föreslagna
1092 2286 338 37 omorganisationen
1462 2296 42 20 av
1535 2286 273 30 kammarrätten

303 2339 109 29 skulle
432 2337 172 37 nämligen
624 2338 304 36 lagavdelningens
949 2338 282 29 sammanträden
1250 2337 105 31 verka
1375 2336 119 31 alltför
1514 2335 295 37 sönderbrytande

302 2388 44 37 på
365 2389 56 29 det
442 2388 69 30 fast
530 2388 241 36 organiserade
790 2388 337 36 divisionssystemet.
1150 2387 127 31 Därför
1295 2386 155 37 föreslås,
1472 2390 48 27 att
1540 2386 130 30 sådana
1691 2385 116 31 remis-

304 2448 60 26 ser,
383 2448 76 21 som
476 2447 48 21 nu
539 2438 192 31 behandlas
748 2438 20 31 å
785 2438 294 37 lagavdelningen,
1097 2439 97 29 skola
1211 2437 10 30 i
1238 2439 148 29 närvaro
1402 2447 43 21 av
1462 2436 219 38 presidenten
1698 2435 109 31 hand-

304 2490 113 35 läggas
440 2488 44 37 på
506 2488 65 30 den
591 2488 158 37 division,
772 2490 47 29 till
842 2488 115 31 vilken
981 2490 65 29 den
1067 2488 56 31 vid
1145 2488 183 30 remissens
1350 2487 185 37 utlottning
1556 2486 144 31 utsedde
1722 2485 85 30 refe-
