1872 2806
278 166 19 29 4
439 163 118 32 Andra
577 164 195 31 kammarens
803 163 144 31 andra
979 161 164 39 tillfälliga
1167 160 138 32 utskotts
1324 159 168 33 utlåtande
1512 171 43 19 nr
1577 163 16 27 7

363 253 63 30 Till
449 252 343 38 medicinalstyrelsens
817 251 153 39 yttrande
994 252 107 30 finnes
1126 251 91 38 fogat
1241 249 154 39 yttrande
1420 249 77 31 från
1522 248 163 31 institutet
1711 249 52 29 för

278 307 190 37 folkhälsan,
490 316 66 21 som
575 305 170 38 vitsordar,
768 309 49 29 att
837 304 323 38 hälsovårdsstadgan
1182 304 122 30 företer
1324 303 119 31 brister
1464 303 11 29 i
1495 302 161 37 åtskilliga
1678 311 84 20 avse-

279 360 111 39 enden,
407 360 84 31 vilka
511 360 82 31 dock
608 359 69 31 icke
694 359 174 31 inskränka
884 359 49 38 sig
949 358 50 32 till
1015 358 73 38 kap.
1108 358 17 29 2
1143 361 79 27 utan
1239 357 113 31 beröra
1370 358 80 29 även
1466 356 72 38 kap.
1559 356 26 30 1.
1605 355 52 30 En
1675 356 86 29 över-

279 413 172 39 arbetning
475 413 60 31 bör
559 413 114 31 därför
695 413 126 30 komma
844 412 49 31 till
917 412 102 37 stånd,
1046 411 112 30 varför
1183 410 166 32 institutet
1373 408 180 39 tillstyrker
1578 418 39 21 en
1643 407 119 32 allmän

278 467 186 38 utredning.

361 520 240 39 Länsstyrelsen
618 521 10 30 i
643 519 213 33 Norrbottens
872 519 55 31 län
944 519 212 38 ifrågasätter,
1176 528 50 21 om
1244 517 179 38 skärpning
1441 516 58 31 och
1516 514 248 39 komplettering

277 585 43 20 av
334 574 149 40 gällande
497 574 204 32 föreskrifter
716 573 62 32 alla
796 574 122 38 gånger
933 574 110 30 kunna
1060 572 73 31 leda
1147 572 50 31 till
1212 570 107 32 målet.
1339 570 138 38 Hänsyn
1492 569 52 31 till
1561 567 202 39 förefintliga

279 628 202 32 ekonomiska
504 638 142 22 resurser
668 628 101 31 måste
793 627 95 31 också
911 631 100 34 tagas.
1039 626 52 31 En
1116 626 107 31 bättre
1249 623 216 39 övervakning
1490 633 39 21 av
1554 625 49 29 att
1628 622 135 31 bestäm-

278 682 157 32 melserna
458 681 100 39 följas
578 683 40 30 är
639 682 82 30 dock
746 680 168 39 önskvärd,
940 690 75 21 men
1040 679 226 38 länsstyrelsen
1291 688 94 21 anser
1410 677 56 31 det
1490 675 201 38 nödvändigt
1716 677 47 29 att

279 737 84 32 först
388 736 136 31 avvakta
549 735 167 39 lösningen
740 745 39 21 av
803 733 466 38 kommunindelningsfrågan.

363 792 260 39 Socialstyrelsen
643 792 172 39 förklarar,
837 795 47 30 att
903 790 56 33 det
977 791 175 38 föreligger
1169 789 87 32 klart
1274 788 102 32 behov
1396 798 40 20 av
1455 796 40 21 en
1516 785 248 38 effektivisering

278 857 40 21 av
336 846 351 39 bostadsinspektionen
705 846 44 38 på
769 845 231 38 landsbygden.
1022 844 167 38 Förslaget
1209 853 51 21 om
1279 841 208 39 obligatorisk
1506 838 257 38 bostadsinspek-

278 901 71 31 tion
364 900 12 31 i
391 901 62 31 alla
468 901 191 30 kommuner
673 901 37 30 är
724 899 228 31 beaktansvärt
966 898 130 32 särskilt
1111 897 75 31 med
1202 896 99 31 tanke
1319 896 43 38 på
1379 894 157 40 planerad
1553 892 212 39 nyindelning

278 965 42 20 av
341 954 98 31 rikets
458 954 198 31 kommuner.
679 954 16 30 I
718 953 106 38 övrigt
845 952 190 31 framhåller
1056 953 78 30 även
1155 949 267 39 socialstyrelsen,
1445 952 50 28 att
1516 947 126 37 hänsyn
1663 946 103 30 måste

278 1011 93 35 tagas
391 1007 50 32 till
462 1007 203 38 förefintliga
686 1016 148 22 resurser.
859 1005 185 39 Tillräcklig
1064 1005 178 38 anledning
1266 1007 49 28 att
1339 1003 54 31 för
1416 1001 206 33 närvarande
1644 1001 120 38 ifråga-

279 1063 87 29 sätta
383 1061 177 38 utredning
580 1061 171 38 föreligger
769 1060 180 31 emellertid
969 1059 100 38 enligt
1088 1058 158 38 styrelsen
1266 1058 169 37 knappast.

363 1114 252 32 Bostadssociala
637 1114 218 38 utredningen
876 1118 53 27 tar
948 1113 115 33 endast
1085 1113 153 38 ställning
1260 1112 50 31 till
1333 1112 118 37 frågan
1474 1121 52 21 om
1548 1110 217 32 bostadsöver-

281 1169 148 38 vakning.
459 1168 356 38 Hälsovårdsstadgans
842 1167 324 39 bostadsparagrafer
1193 1170 134 34 antogos
1353 1164 57 33 vid
1437 1165 81 30 1936
1545 1165 54 31 års
1625 1163 139 39 riksdag.

279 1222 114 32 Under
411 1222 61 32 den
491 1222 58 39 tid,
568 1232 68 21 som
653 1222 145 31 därefter
817 1221 156 38 förflutit,
994 1221 42 31 ha
1056 1221 38 32 de
1115 1220 116 32 endast
1253 1219 100 32 delvis
1373 1219 118 31 hunnit
1514 1219 35 30 få
1568 1227 89 21 mera
1677 1217 88 38 bety-

278 1276 106 31 dande
404 1275 144 32 resultat.
571 1275 361 39 Bostadsinspektionen
952 1285 58 21 var
1030 1275 70 31 före
1119 1274 108 38 kriget
1248 1272 186 39 bristfällig,
1456 1272 60 31 och
1538 1271 106 32 under
1664 1270 101 39 krigs-

278 1331 80 30 åren
383 1330 60 31 har
469 1329 249 32 bostadsbristen
746 1329 143 31 hämmat
917 1327 470 39 hälsovårdsmyndigheternas
1413 1325 204 39 möjligheter
1645 1328 48 29 att
1720 1324 46 30 in-

280 1384 102 38 gripa.
409 1384 227 38 Utredningen
662 1393 94 21 anser
783 1383 183 39 emellertid,
996 1385 49 29 att
1070 1382 281 31 bestämmelserna
1377 1380 11 30 i
1415 1380 60 30 och
1503 1380 54 30 för
1582 1378 50 39 sig
1657 1378 110 31 kunna

281 1439 116 37 utgöra
417 1442 46 27 ett
484 1437 147 34 effektivt
654 1437 192 31 instrument
870 1438 11 30 i
904 1436 122 32 arbetet
1049 1440 47 28 att
1116 1446 113 21 sanera
1249 1435 307 37 bostadsbeståndet,
1579 1434 113 31 endast
1713 1429 53 58 bo-

281 1491 349 38 stadsövervakningen
651 1492 141 30 kommer
816 1491 10 30 i
850 1490 304 32 tillfredsställande
1175 1490 98 31 skick.
1299 1490 97 31 Först
1417 1488 100 32 sedan
1541 1498 75 21 man
1639 1487 65 32 fått
1728 1473 39 44 en

280 1544 106 32 bättre
405 1545 205 38 organiserad
629 1545 101 31 sådan
751 1545 217 38 övervakning
987 1545 66 30 kan
1071 1543 137 32 behovet
1229 1553 41 21 av
1289 1543 136 38 skärpta
1444 1541 236 32 bestämmelser
1699 1541 68 31 säk-

281 1609 72 21 rare
377 1598 156 32 bedömas.
568 1599 225 38 Utredningen
819 1599 142 30 kommer
988 1602 47 27 att
1065 1598 115 30 föreslå
1208 1607 39 21 en
1272 1597 74 31 med
1373 1596 124 38 statligt
1523 1595 74 32 stöd
1621 1594 147 39 utbyggd

280 1652 312 39 vostadsinspektion
617 1652 54 31 för
694 1652 229 38 landsbygden.
953 1651 234 38 Omarbetning
1212 1661 41 20 av
1277 1650 154 39 stadgans
1455 1648 237 32 bestämmelser
1717 1658 50 21 om

280 1706 149 31 bostäder
453 1706 60 31 bör
537 1706 117 32 därför
678 1706 37 31 få
741 1707 94 30 anstå
858 1706 69 31 tills
952 1716 75 20 man
1053 1705 126 31 kunnat
1204 1705 186 30 konstatera
1415 1703 90 31 vilka
1530 1702 145 37 resultat,
1702 1711 65 22 som

281 1760 112 31 kunna
411 1760 115 31 vinnas
546 1770 113 28 genom
680 1770 38 21 en
739 1760 106 31 bättre
867 1759 320 39 bostadsinspektion.

365 1816 354 31 Landskommunernas
740 1816 146 31 förbund
905 1817 98 37 hyser
1022 1816 61 32 den
1103 1816 268 38 uppfattningen,
1393 1819 47 28 att
1462 1814 143 32 rådande
1625 1814 142 31 missför-

280 1869 174 32 hållanden
480 1870 116 32 endast
623 1870 49 31 till
700 1870 96 38 ringa
826 1870 51 31 del
905 1870 111 31 kunna
1045 1869 175 31 tillskrivas
1248 1869 118 31 brister
1394 1870 10 30 i
1434 1867 333 39 hälsovårdsstadgan.

281 1923 371 32 Hälsovårdsområdena
666 1924 56 31 äro
741 1924 54 30 för
811 1924 78 30 små.
907 1924 54 31 En
979 1923 116 39 stadga
1114 1923 103 31 sådan
1236 1933 68 21 som
1323 1921 326 38 hälsovårdsstadgan
1667 1921 101 31 måste

282 1976 176 32 emellertid
482 1976 214 32 underkastas
721 1976 158 39 grundlig
904 1979 134 36 översyn
1062 1976 72 32 med
1159 1977 129 31 relativt
1312 1977 92 31 korta
1428 1975 202 39 mellanrum,
1658 1974 111 31 varför

281 2030 176 32 förbundet
476 2030 30 39 ej
527 2031 58 30 vill
603 2031 96 31 ställa
717 2031 48 39 sig
783 2030 175 32 avvisande
978 2031 51 31 till
1047 2031 311 38 utredningskravet.

365 2082 90 33 Även
481 2083 363 39 landstingsförbundet
871 2094 93 22 anser
989 2084 62 31 den
1075 2095 47 21 nu
1145 2084 150 39 gällande
1321 2083 326 39 hälsovårdsstadgan
1674 2083 93 31 brist-

282 2138 104 38 fällig,
405 2148 73 21 men
497 2138 211 39 ifrågasätter
726 2148 51 21 om
795 2138 160 32 bristerna
974 2138 68 32 icke
1060 2148 88 21 mera
1166 2138 76 31 bero
1263 2139 44 37 på
1325 2138 154 38 stadgans
1499 2137 208 39 tillämpning
1728 2137 41 31 än

280 2192 44 38 på
343 2192 70 31 dess
429 2191 214 40 utformning.
664 2191 373 32 Hälsovårdsområdena
1055 2193 55 30 äro
1130 2192 54 31 för
1202 2192 76 37 små,
1299 2192 57 31 och
1375 2191 54 32 det
1448 2192 38 30 är
1503 2191 88 31 svårt
1608 2194 50 28 att
1676 2190 93 31 finna

280 2245 153 40 lämpliga
458 2255 154 29 personer
637 2245 53 32 för
715 2245 395 32 hälsovårdsnämnderna.
1139 2246 48 30 De
1214 2255 112 22 senare
1353 2246 92 30 årens
1470 2244 212 32 bostadsbrist
1709 2243 59 30 har

282 2298 161 33 dessutom
466 2299 131 38 tvingat
621 2298 385 32 hälsovårdsnämnderna
1031 2302 48 29 att
1104 2299 128 38 framgå
1257 2299 73 31 med
1356 2302 66 28 stor
1448 2297 213 39 försiktighet.
1689 2296 79 31 För-

281 2352 125 33 bundet
422 2363 91 22 anser
531 2352 83 32 dock
629 2352 138 39 stadgan
783 2354 12 31 i
811 2352 103 31 behov
930 2363 39 21 av
986 2353 142 38 översyn.

365 2441 161 32 Utskottet
546 2441 93 32 delar
657 2440 64 32 den
742 2441 224 39 uppfattning,
990 2451 66 21 som
1077 2446 53 27 tar
1150 2441 49 38 sig
1222 2441 131 38 uttryck
1375 2441 88 31 såväl
1485 2440 12 30 i
1517 2439 163 31 motionen
1702 2447 66 22 som

282 2495 9 30 i
312 2494 206 39 yttrandena.
541 2495 64 31 Det
624 2495 38 30 är
683 2494 185 39 uppenbart
885 2495 44 38 så,
950 2497 48 31 att
1018 2494 144 38 alltjämt
1182 2493 163 38 åtskilliga
1364 2491 302 33 missförhållanden
1688 2490 80 31 råda
