1908 2808
499 161 398 34 Jordbruksutskottets
923 164 188 33 utlåtande
1140 166 51 31 Nr
1214 166 50 30 62.
1536 169 39 29 15

116 236 104 31 derna
237 255 39 3 —
294 237 190 37 Danmark,
503 238 201 37 Frankrike,
722 240 122 36 Norge,
862 241 160 36 Holland,
1040 242 151 32 Schweiz
1207 244 59 30 och
1285 244 275 32 Storbritannien
1600 265 14 2 -—

115 280 12 30 1
161 280 57 31 det
258 283 174 29 närmaste
470 282 154 31 avslutat
662 284 76 29 sina
773 284 413 36 hjälpkreditleveranser.
1234 288 73 30 Den
1342 288 276 32 internationella

115 323 204 31 kommittén
344 325 171 35 upplöstes
539 326 12 30 i
575 326 138 31 oktober
737 328 95 35 1921,
856 328 102 31 sedan
979 329 64 31 den
1061 330 52 30 för
1129 331 54 30 sin
1200 330 53 31 del
1270 331 148 36 godkänt
1436 342 40 21 en
1493 343 42 19 av
1553 333 64 30 den

115 367 147 31 svenska
285 368 204 31 kommittén
514 369 171 37 framlagd
711 372 208 34 provisorisk
939 372 80 36 plan
1036 373 55 30 till
1107 373 64 31 den
1188 375 146 30 svenska
1350 375 269 36 hjälpkreditens

114 411 239 37 användning,
377 412 276 38 huvudsakligen
678 415 166 31 avseende
868 416 192 32 leveranser
1084 417 54 31 till
1162 418 115 36 Polen,
1295 419 141 31 Estland
1454 420 59 31 och
1531 420 87 31 Lett-

113 455 81 30 land
210 465 45 20 av
272 456 133 31 diverse
421 457 192 31 lantbruks-
629 458 61 31 och
706 458 107 31 andra
831 460 180 36 maskiner,
1030 464 154 32 motorer,
1202 463 291 36 gödningsäimnen
1510 474 44 20 m.
1572 475 45 20 m.

114 498 54 31 En
203 499 84 36 följd
321 510 45 20 av
401 500 218 37 förseningen
643 502 11 30 i
679 502 40 30 de
753 503 147 30 svenska
935 504 456 38 hjälpkreditleveranserna,
1427 508 95 30 vilka
1546 509 73 29 icke

114 542 136 30 kommo
274 543 124 36 riktigt
420 544 13 30 i
456 545 92 34 gång
571 545 117 30 förrän
712 546 109 30 under
846 547 94 34 1922,
966 547 76 30 blev
1065 549 100 29 också
1188 551 49 28 att
1258 550 360 36 återbetalningstiden

114 585 52 30 för
200 585 39 31 de
266 586 89 30 allra
379 587 97 30 flesta
498 597 44 20 av
566 588 39 30 de
630 588 54 30 till
708 588 142 37 Sverige
873 591 240 31 överlämnade
1137 592 480 37 hjälpkreditobligationerna

113 639 44 20 av
181 629 132 37 Kungl.
338 630 101 36 Maj:t
463 632 202 30 utsträcktes
688 633 201 35 ytterligare
913 633 68 31 fem
1004 635 39 30 år
1066 635 82 30 eller
1166 636 53 30 till
1236 639 111 28 senast
1364 637 63 30 den
1444 639 16 29 1
1479 638 137 35 januari

115 672 95 31 1930.

157 717 56 29 Av
237 716 41 31 de
302 717 12 30 i
338 717 55 31 det
417 717 200 36 föregående
639 720 153 35 angivna
816 720 130 36 länder,
970 721 95 31 vilka
1089 724 267 36 ursprungligen
1376 725 115 30 tänkts
1506 726 111 30 såsom

114 759 143 31 föremål
293 760 54 31 för
381 761 157 35 Sveriges
557 762 370 38 hjälpkreditgivning,
951 765 113 31 visade
1088 766 55 30 det
1166 767 53 35 sig
1243 767 103 31 redan
1369 768 111 35 tidigt,
1504 771 50 28 att
1578 769 39 30 de

113 803 119 35 längre
267 803 76 31 bort
377 803 146 37 belägna
557 805 165 31 länderna
748 824 38 4 —
820 808 311 37 Tjeckoslovakien,
1166 808 180 38 Österrike,
1381 811 140 36 Ungern
1556 813 61 29 och

113 846 197 31 Rumänien
335 864 39 4 —
399 857 44 21 av
467 849 93 30 olika
583 849 227 37 anledningar
833 851 74 30 icke
931 852 135 30 kommo
1091 853 11 30 i
1128 853 96 36 fråga
1248 854 54 30 till
1319 854 298 36 hjälpkreditleve-

113 899 118 21 ranser
266 891 78 30 från
369 892 78 30 vårt
471 892 90 31 land.
608 892 51 31 På
690 894 112 35 grund
826 894 108 31 därav
957 895 61 30 och
1043 896 74 31 med
1142 896 134 37 hänsyn
1299 898 128 35 jämväl
1452 899 55 30 till
1533 900 82 30 1921

112 935 56 29 års
203 934 156 36 riksdags
394 935 112 31 beslut
538 936 61 31 har
633 936 64 31 den
731 938 146 30 svenska
904 938 472 37 hjälpkreditverksamheten
1400 942 143 31 kommit
1566 945 50 29 att

112 978 183 35 begränsas
319 978 54 31 till
396 978 106 32 Polen
526 980 61 30 och
611 980 40 31 de
674 983 50 28 tre
748 981 148 31 baltiska
920 985 156 28 staterna.
1123 984 52 31 Då
1198 986 161 35 samtliga
1382 986 92 30 dessa
1498 986 118 31 länder

112 1023 60 28 äro
196 1022 11 29 i
230 1022 238 36 övervägande
503 1024 82 35 grad
620 1024 346 37 jordbruksidkande,
1000 1027 90 30 hava
1124 1028 40 30 de
1198 1029 99 30 också
1332 1029 90 31 visat
1449 1030 50 35 sig
1524 1040 91 21 mera

111 1065 225 31 intresserade
358 1075 46 20 av
427 1068 52 29 att
502 1068 153 35 utnyttja
678 1068 253 36 hjälpkrediten
957 1070 52 30 för
1030 1071 335 36 industriprodukter
1382 1073 75 30 från
1475 1073 140 36 Sverige

111 1110 45 28 än
190 1108 54 30 för
277 1110 51 29 att
358 1109 131 31 erhålla
521 1110 39 31 de
582 1111 300 36 jordbruksalster,
906 1123 72 20 som
1001 1115 79 29 vårt
1096 1115 80 30 land
1201 1115 113 31 kunde
1338 1126 82 20 vara
1443 1117 11 29 i
1478 1117 137 30 tillfälle

112 1152 51 29 att
186 1153 108 29 avstå.

155 1194 49 31 De
237 1195 122 35 försök,
384 1205 72 21 som
480 1196 74 31 med
578 1197 187 36 anledning
788 1208 44 20 av
856 1199 83 31 1921
964 1201 54 29 års
1042 1201 155 36 riksdags
1221 1202 111 30 beslut
1355 1202 116 30 därom
1494 1204 43 34 på
1560 1204 54 30 sin

111 1238 51 30 tid
186 1238 135 36 gjordes
345 1239 54 30 för
421 1242 52 28 att
496 1241 108 30 vinna
626 1242 201 36 avsättning
855 1242 55 31 för
933 1244 122 30 svensk
1076 1244 72 37 fisk,
1169 1245 135 31 kröntes
1320 1246 73 30 icke
1409 1246 75 31 med
1501 1248 113 35 någon

111 1281 193 37 framgång.

155 1325 76 31 Vad
258 1326 167 30 beträffar
450 1326 210 37 jordbruket,
684 1328 92 31 hava
800 1329 76 31 med
900 1329 73 31 stöd
997 1340 43 20 av
1064 1331 209 36 hjälpkredit
1296 1334 46 28 ett
1365 1343 60 25 par
1449 1333 166 30 leverans-

111 1369 164 31 kontrakt
309 1370 144 31 rörande
486 1370 371 38 jordbruksprodukter
890 1373 145 32 kommit
1066 1375 56 30 till
1150 1376 97 30 stånd
1273 1376 175 36 nämligen
1472 1377 72 30 dels
1567 1379 48 29 ett

110 1413 136 30 mindre
271 1413 190 37 betydande
483 1414 164 32 kontrakt
669 1416 177 36 angående
868 1417 241 32 utsädeshavre
1133 1419 53 30 till
1210 1420 106 30 Polen
1339 1421 108 36 (1921)
1468 1421 58 30 och
1545 1421 70 30 dels

110 1459 49 29 ett
193 1459 107 28 större
334 1458 164 31 kontrakt
532 1468 55 21 om
623 1459 156 31 leverans
814 1461 53 30 för
901 1463 49 28 ett
977 1462 232 37 sammanlagt
1232 1464 105 30 värde
1359 1474 43 20 av
1426 1474 41 20 en
1492 1465 121 35 miljon

110 1501 126 30 kronor
270 1511 43 20 av
349 1501 127 36 hästar,
510 1503 208 36 nötkreatur,
744 1504 53 30 får
820 1504 62 30 och
906 1505 78 30 svin
1008 1505 54 30 till
1086 1506 158 36 Litauen,
1269 1507 108 31 vilket
1400 1508 125 30 avslöts
1550 1509 63 30 den

111 1544 18 30 6
154 1544 137 30 oktober
315 1545 84 30 1923
424 1546 62 29 och
511 1546 51 30 för
586 1546 107 31 vilket
716 1556 42 21 en
777 1547 211 36 hjälpkredit
1003 1558 43 20 av
1063 1549 138 34 750,000
1220 1551 186 35 beviljades
1421 1561 43 20 av
1481 1552 131 35 Kungl.

110 1587 101 36 Maj:t
244 1587 65 31 den
346 1589 40 29 20
421 1598 132 21 samma
587 1590 135 30 månad.
769 1591 214 31 Leveransen
1018 1592 110 30 skulle
1162 1594 110 35 enligt
1306 1594 196 31 kontraktet
1525 1595 88 30 hava

109 1631 158 30 slutförts
292 1632 71 30 före
386 1631 64 31 den
476 1634 17 29 1
519 1634 181 30 november
724 1634 94 36 1924,
836 1644 78 21 men
931 1637 42 33 på
990 1636 257 37 framställning
1264 1637 78 31 från
1358 1638 166 36 köparnas
1540 1638 73 31 sida

110 1674 63 31 har
205 1674 198 32 kontraktet
436 1676 234 36 prolongerats
705 1678 55 30 till
784 1680 175 34 utgången
983 1689 42 20 av
1049 1680 38 29 år
1112 1680 94 36 1925,
1230 1681 102 31 sedan
1356 1682 124 30 inemot
1505 1682 11 17 ?
1533 1712 10 8 3;
1568 1693 44 19 av

111 1718 199 31 leveransen
345 1719 205 31 verkställts.
598 1720 176 36 Därjämte
809 1722 59 30 bör
903 1724 152 34 nämnas,
1090 1725 51 29 att
1176 1724 78 31 från
1283 1725 159 30 Estlands
1466 1725 73 31 sida
1563 1728 50 28 ut-

109 1761 105 31 talats
237 1762 92 30 vissa
352 1763 176 30 önskemål
552 1773 54 21 om
630 1764 135 31 mindre
789 1765 195 31 leveranser
1007 1776 44 20 av
1074 1767 178 36 avelsdjur
1272 1768 61 30 och
1350 1769 138 30 utsäden
1506 1769 108 30 under

110 1805 95 30 1925.
256 1805 271 37 Sammanlagda
562 1807 152 36 beloppet
748 1818 44 20 av
827 1809 64 31 den
927 1809 219 37 hjälpkredit,
1181 1821 72 21 som
1289 1812 67 30 kan
1391 1813 137 30 komma
1562 1815 51 28 att

110 1850 96 34 tagas
230 1849 11 30 i
265 1850 149 35 anspråk
439 1850 53 30 för
514 1852 161 35 samtliga
698 1852 63 30 här
785 1853 151 30 nämnda
960 1854 193 31 leveranser
1173 1866 43 20 av
1233 1856 379 36 jordbruksprodukter,

110 1893 134 35 uppgår
277 1893 56 30 till
368 1894 128 30 inemot
520 1896 17 28 1
562 1895 122 36 miljon
720 1896 136 36 kronor,
883 1898 239 30 motsvarande
1146 1901 46 29 ett
1217 1900 328 36 försäljningsvärde
1568 1911 44 20 av

109 1937 98 30 eirka
230 1936 173 36 1,300,000
429 1938 134 30 kronor.

154 1980 17 30 I
205 1980 116 36 övrigt
355 1981 64 30 har
453 1982 366 37 hjälpkreditanslaget
853 1986 148 29 använts
1033 1986 215 31 uteslutande
1272 1987 51 30 för
1347 1989 50 29 att
1420 1988 190 31 underlätta

110 2024 194 30 leveranser
327 2034 45 20 av
396 2025 145 30 svenska
564 2026 337 36 industriprodukter
928 2046 27 3 —
992 2047 35 2 —
1055 2047 50 12 —.

153 2067 77 30 Allt
261 2077 72 20 som
367 2068 66 30 allt
467 2071 59 27 äro
554 2069 53 30 för
630 2071 218 30 närvarande
870 2081 43 20 av
937 2071 362 38 hjälpkreditanslaget
1323 2074 94 30 cirka
1441 2073 170 36 8,340,000

109 2110 126 30 kronor
248 2111 232 36 disponerade,
494 2113 241 30 motsvarande
752 2124 40 20 en
810 2114 361 37 försäljningssumma
1187 2127 44 19 av
1245 2118 39 29 12
1302 2117 159 36 miljoner
1477 2118 134 35 kronor,

109 2153 62 31 och
205 2155 145 29 återstår
384 2155 216 36 odisponerat
634 2158 46 29 ett
705 2157 116 35 belopp
838 2168 43 19 av
898 2159 170 35 1,660,000
1086 2160 134 30 kronor.
1259 2161 114 29 Därav
1390 2163 57 28 äro
1463 2162 149 30 emeller-

109 2197 50 30 tid
183 2198 111 29 såsom
318 2208 90 20 ovan
432 2199 130 30 anförts
588 2201 170 34 1,500,000
783 2201 124 30 kronor
929 2202 108 36 enligt
1061 2203 130 35 Kungl.
1217 2204 114 35 Maj:ts
1354 2204 110 30 beslut
1487 2205 64 30 den
1569 2206 40 29 20

72 2248 4 4 '
109 2240 138 31 oktober
283 2241 83 30 1923
403 2243 215 30 reserverade
652 2243 54 31 för
737 2245 231 35 exportkredit
992 2246 58 30 vid
1075 2246 193 31 leveranser
1290 2258 44 19 av
1358 2248 143 30 svenska
1524 2248 88 36 jord-

110 2284 294 36 bruksprodukter
426 2286 55 30 till
505 2286 41 31 de
569 2287 146 30 baltiska
740 2288 175 31 länderna.

153 2327 49 31 De
237 2329 147 30 svenska
418 2330 204 36 leveranser,
657 2331 94 30 vilka
788 2332 127 30 hittills
943 2335 58 33 ägt
1028 2343 77 20 rum
1130 2334 74 30 med
1228 2334 71 31 stöd
1323 2345 44 20 av
1391 2335 219 36 hjälpkredit,

108 2373 60 28 äro
202 2382 45 20 av
282 2382 132 21 samma
446 2375 55 28 art
531 2384 72 20 som
628 2374 50 36 de,
702 2375 97 30 vilka
823 2377 42 34 på
889 2376 53 30 sin
967 2377 50 30 tid
1041 2377 195 36 godkändes
1260 2388 42 20 av
1327 2378 63 30 den
1413 2379 197 30 internatio-

108 2415 92 30 nella
234 2416 425 35 hjälpkreditkommittén.
706 2418 18 31 I
758 2421 338 30 överensstämmelse
1130 2421 76 31 med
1240 2422 54 30 det
1318 2423 96 35 syfte,
1439 2433 70 20 som
1534 2423 76 30 hela

108 2458 65 30 den
197 2459 280 32 internationella
497 2461 375 36 hjälpkreditaktionen
889 2464 110 30 skulle
1015 2465 106 35 tjäna,
1138 2465 89 30 hava
1245 2465 38 30 de
1299 2467 144 29 svenska
1461 2467 150 30 leveran-
