1890 2820
538 167 276 31 Statsutskottets
839 164 175 31 utlåtande
1039 173 41 21 nr
1102 165 49 29 23.
1580 156 15 29 1

767 463 59 40 Nr
854 463 63 39 23.

632 568 110 24 Ankom
761 567 41 23 till
822 567 154 29 riksdagens
994 564 87 24 kansli
1101 565 50 22 den
1170 562 15 24 2
1205 562 120 25 februari
1344 559 65 26 1945
1427 561 35 23 kl.
1480 558 17 26 3
1514 566 51 17 em.

315 648 182 33 Utlåtande
520 648 10 29 i
552 646 186 37 anledning
758 654 43 22 av
823 643 123 38 Kungl.
969 643 120 37 Maj:ts
1110 642 217 37 proposition
1347 637 178 39 angående
1545 640 51 28 ut-

533 698 102 36 gifter
667 696 21 30 å
721 696 203 36 tilläggsstat
955 695 33 30 II
1022 694 50 30 till
1104 693 185 30 riksstaten
1322 691 56 37 för
1399 688 197 38 budgetåret

538 743 152 41 1944/45,
712 748 11 29 i
740 746 67 31 vad
826 746 259 37 propositionen
1103 752 100 22 avser
1223 739 373 37 ecklesiastikdeparte-

535 801 145 28 mentets
700 794 392 34 verksamhetsområde.

1373 841 70 40 (2:a
1459 839 88 39 avd.)

668 1012 357 51 Driftbudgeten.

616 1124 175 45 Åttonde
815 1132 263 35 huvudtiteln.

140 1236 66 40 1:0)
232 1226 216 46 Vitterhets-,
469 1233 160 32 historie-
652 1234 68 29 och
744 1229 430 34 antikvitetsakademien:
1198 1226 402 32 Riksantikvarieämbe-

95 1289 61 29 tet:
182 1286 96 32 Vård
305 1287 67 30 och
396 1283 187 33 underhåll
607 1293 43 22 av
676 1282 283 36 fornlämningar
986 1282 68 30 och
1080 1277 482 40 byggnadsminnesmärken,
1587 1276 11 30 I

96 1338 151 37 enlighet
264 1338 82 31 med
365 1337 122 36 Kungl.
508 1335 119 37 Maj:ts
646 1335 11 30 i
676 1333 260 38 propositionen
953 1342 43 22 nr
1016 1333 18 29 2
1053 1330 197 37 framlagda
1270 1329 130 36 förslag
1422 1326 128 39 (bilaga
1569 1327 30 35 8,

96 1390 112 36 punkt
232 1390 26 35 1,
281 1398 25 21 s.
329 1389 39 30 57
390 1388 65 30 och
478 1388 41 30 58
541 1396 42 20 av
603 1386 108 35 bilagt
730 1385 124 35 utdrag
876 1393 42 21 av
939 1381 375 37 statsrådsprotokollet
1337 1381 81 29 över
1438 1373 161 46 ecklesia-

98 1439 221 32 stikärenden
334 1439 56 30 för
406 1438 67 30 den
488 1439 19 29 4
524 1436 140 37 januari
682 1434 112 41 1945),
812 1434 105 31 vilket
930 1443 102 21 avser
1047 1432 190 31 anvisande
1253 1441 43 21 av
1314 1430 112 31 medel
1443 1429 51 31 till
1509 1428 92 32 vissa

96 1489 221 32 brådskande
348 1486 511 40 grundförstärkningsarbeten
890 1484 21 31 å
942 1484 67 32 den
1040 1482 21 32 å
1093 1482 196 39 Månstorps
1321 1479 210 38 kungsgård,
1562 1478 37 30 V.

99 1541 188 36 Ingelstads
304 1540 127 31 socken
445 1539 12 30 i
473 1537 114 32 Skåne
601 1537 147 36 belägna
766 1534 222 33 slottsruinen
1007 1532 214 36 »Månstorps
1238 1533 149 36 gavlar»>,
1404 1526 199 45 hemställer

98 1592 173 36 utskottet,

451 1677 50 27 att
523 1673 185 35 riksdagen
731 1670 59 32 må
814 1670 50 31 till
888 1669 208 36 Vitterhets-,
1120 1668 156 30 historie-
1301 1666 66 31 och
1390 1665 211 31 antikvitets-

408 1721 220 33 akademien:
657 1719 443 34 Riksantikvarieämbetet:
1131 1717 92 33 Vård
1253 1715 65 34 och
1350 1715 181 32 underhåll
1560 1725 41 21 av

408 1773 277 38 fornlämningar
699 1772 66 31 och
781 1769 461 39 byggnadsminnesmärken
1256 1768 21 31 å
1290 1768 203 36 tilläggsstat
1508 1767 31 31 II
1553 1766 50 31 till

408 1826 186 29 riksstaten
608 1824 56 30 för
678 1822 202 37 budgetåret
897 1819 143 33 1944/45
1057 1820 120 31 anvisa
1192 1823 47 27 ett
1253 1818 351 35 reservationsanslag

409 1885 43 21 av
473 1876 20 30 6
506 1876 64 29 000
591 1875 139 29 kronor.

644 2010 414 53 Kapitalbudgeten.

488 2117 155 34 Statens
668 2116 206 33 allmänna
897 2112 318 45 fastighetsfond.

145 2217 67 39 2:0)
239 2217 155 30 Förvärv
413 2225 42 21 av
472 2215 103 30 mark
593 2214 51 30 till
665 2212 246 31 institutionen
932 2212 56 29 för
1007 2208 387 38 ärftlighetsforskning
1413 2208 57 30 vid
1488 2208 121 29 Lunds

102 2266 216 32 universitet.
337 2267 15 29 I
373 2266 152 35 enlighet
544 2265 80 29 med
646 2264 124 35 Kungl.
795 2262 118 35 Maj:ts
935 2261 132 35 förslag
1091 2260 127 39 (bilaga
1241 2261 50 34 17,
1311 2259 115 36 punkt
1450 2259 27 33 1,
1498 2267 25 20 s.
1547 2258 59 29 117

104 2319 65 30 och
195 2318 60 30 118
275 2327 42 20 av
337 2317 105 35 bilagt
461 2315 123 35 utdrag
604 2324 42 20 av
667 2312 376 36 statsrådsprotokollet
1062 2312 81 28 över
1162 2308 371 32 ecklesiastikärenden
1553 2307 56 30 för

106 2370 66 29 den
198 2369 19 28 4
243 2366 139 37 januari
409 2365 111 38 1945),
548 2365 104 29 vilket
677 2373 100 20 avser
803 2362 189 30 anvisande
1017 2371 43 20 av
1086 2360 113 31 medel
1223 2359 56 31 för
1304 2358 163 36 täckning
1494 2367 42 21 av
1560 2360 47 27 ett

105 2419 20 31 å
142 2418 130 31 allmän
290 2417 234 30 förskottsstat
543 2415 28 30 II
591 2415 55 29 för
662 2413 234 30 innevarande
913 2410 167 37 budgetår
1099 2411 55 30 för
1170 2410 154 30 nämnda
1342 2407 163 32 ändamål
1522 2416 85 28 upp-

106 2470 69 31 fört
196 2468 120 36 anslag
339 2477 42 20 av
402 2467 41 30 80
457 2467 64 30 000
543 2466 138 33 kronor,
704 2463 199 31 hemställer
923 2463 174 33 utskottet,

145 2533 111 31 Bihang
267 2533 42 24 till
320 2532 167 31 riksdagens
499 2530 145 32 protokoll
657 2529 73 25 1945.
752 2530 15 23 6
779 2528 79 24 saml.
888 2528 38 22 Nr
943 2527 39 23 23.
1567 2521 10 24 1
