1894 2786
521 174 289 30 Statsutskottets
836 174 182 29 utlåtande
1043 182 44 20 nr
1113 173 70 28 145.
1593 172 40 29 43

116 262 159 39 registret
302 261 39 31 (t.
362 270 51 20 ex.
436 260 79 30 från
535 259 348 40 polismyndigheter,
905 258 326 39 försäkringsbolag
1252 267 45 20 m.
1319 258 62 32 m.)
1409 258 9 28 i
1440 256 192 31 allmänhet

111 312 100 30 torde
235 321 80 21 avse
339 310 285 41 ägareuppgifter
648 310 65 29 och
738 310 181 30 dessutom
943 309 108 40 enligt
1076 309 140 39 uppgift
1241 308 116 40 uppgå
1381 309 53 29 till
1458 308 10 29 i
1493 316 141 31 genom-

115 363 86 30 snitt
224 363 124 29 endast
372 371 39 20 ca
436 362 73 30 åtta
532 370 61 31 per
617 361 77 38 dag,
719 361 70 29 kan
813 360 238 39 ifrågasättas,
1076 369 57 20 om
1158 359 269 39 ifrågavarande
1452 358 146 38 register
1623 358 10 28 i

115 414 80 29 dess
214 413 204 29 nuvarande
438 412 92 30 form
549 412 65 29 har
633 413 49 28 ett
701 411 115 34 värde,
838 420 75 20 som
932 411 199 29 motsvarar
1150 410 240 30 kostnaderna
1410 409 55 30 för
1485 409 79 29 dess
1584 408 49 29 bi-

115 463 217 33 behållande,
357 465 11 29 i
393 462 190 40 synnerhet
608 471 76 20 som
709 460 225 40 tillförlitliga
959 461 66 29 och
1050 460 156 30 aktuella
1231 460 178 40 uppgifter
1434 460 122 29 kunna
1582 468 51 20 er-

114 514 114 29 hållas
267 513 81 30 från
389 512 261 31 vederbörande
680 510 237 40 länsstyrelse.
958 511 53 30 Då
1040 510 176 40 därjämte
1247 510 229 39 möjligheten
1506 509 53 29 till
1590 519 43 20 en

115 563 273 41 komplettering
407 573 42 20 av
469 563 56 29 det
545 562 179 30 manuella
744 562 162 39 registret
926 562 79 29 med
1025 561 180 40 uppgifter
1226 562 87 29 även
1333 560 11 29 i
1364 560 269 39 ifrågavarande

114 614 225 30 hänseenden
361 624 42 19 av
424 613 252 30 kostnadsskäl
698 613 178 39 knappast
897 613 70 28 kan
989 613 145 28 komma
1155 612 11 29 i
1188 612 100 38 fråga
1310 611 98 30 torde
1431 611 84 29 böra
1537 611 97 29 över-

116 666 105 38 vägas
248 674 43 19 en
318 664 205 38 avveckling
549 673 43 20 av
618 664 116 29 denna
761 662 352 40 registreringsform.
1142 661 131 30 Genom
1301 671 42 20 en
1372 661 109 30 sådan
1509 661 123 38 åtgärd

116 724 106 30 synas
240 715 77 29 icke
336 715 88 29 blott
443 714 41 30 de
503 714 205 30 nuvarande
728 713 406 40 personalkostnaderna
1154 713 56 29 för
1230 712 95 30 detta
1345 712 145 39 register
1510 712 123 28 kunna

115 766 186 29 reduceras
321 766 80 29 med
423 765 108 39 enligt
551 764 142 40 uppgift
714 773 39 20 ca
775 764 41 29 50
837 765 146 39 procent
1004 764 87 28 utan
1113 763 175 38 därjämte
1310 772 42 21 en
1375 762 171 30 snabbare
1568 762 64 29 och

115 815 263 40 tillförlitligare
404 814 354 31 automobilstatistik
782 815 124 29 kunna
931 813 153 30 erhållas
1111 821 124 31 genom
1263 814 41 29 de
1330 813 223 39 möjligheter
1580 812 53 29 till

114 866 202 39 förenkling
337 866 65 30 och
423 865 263 39 mekanisering
708 875 42 20 av
771 865 68 29 den
860 865 205 29 nuvarande
1088 863 272 34 arbetsrutinen,
1384 872 75 21 som
1481 865 48 27 ett
1551 863 83 29 ned-

115 917 169 39 läggande
304 926 43 21 av
366 917 95 29 detta
481 915 146 40 register
648 914 113 31 skulle
781 915 181 29 innebära.

159 967 13 29 I
194 967 231 30 betraktande
447 976 42 20 av
510 967 57 29 det
589 966 150 29 anförda
760 965 102 31 finna
883 965 219 29 revisorerna
1124 965 58 29 det
1203 964 167 40 påkallat,
1393 965 51 28 att
1465 973 43 20 en
1529 964 105 29 ratio-

113 1017 132 30 nellare
267 1018 65 29 och
354 1017 138 31 mindre
515 1017 354 29 kostnadskrävande
892 1014 241 40 organisation
1156 1016 55 29 för
1235 1016 67 29 den
1325 1015 156 29 centrala
1504 1016 130 28 motor-

114 1068 420 38 fordonsregistreringen
563 1068 46 28 än
638 1067 68 29 den
735 1066 205 30 nuvarande
969 1066 239 29 eftersträvas.
1239 1065 94 30 även
1362 1065 271 38 möjligheterna

113 1118 51 30 till
190 1128 43 20 en
256 1117 284 40 rationalisering
564 1127 43 20 av
631 1117 313 39 länsstyrelsernas
968 1115 200 40 befattning
1192 1117 80 28 med
1297 1115 337 30 motorfordonsfrå-

113 1177 61 31 gor
196 1185 45 5 —
262 1170 24 28 t.
309 1178 51 20 ex.
384 1176 125 31 genom
534 1167 312 31 sammanförande
871 1177 42 20 av
937 1166 211 30 hithörande
1172 1166 155 29 ärenden
1350 1166 53 29 till
1428 1175 42 20 en
1495 1173 138 31 gemen-

114 1229 75 20 sam
218 1219 186 39 avdelning
431 1219 56 29 för
514 1219 51 29 att
592 1217 159 30 undvika
779 1217 205 30 nuvarande
1013 1216 180 40 splittring
1221 1217 65 29 och
1314 1215 248 31 dubbelarbete
1589 1233 44 3 —

112 1270 63 29 bör
196 1270 345 39 uppmärksammas.
562 1268 66 30 Det
650 1277 103 30 synes
774 1267 194 30 emellertid
988 1268 124 29 kunna
1133 1267 238 39 ifrågasättas,
1393 1276 57 20 om
1470 1266 77 30 icke
1568 1266 65 29 här

113 1320 149 30 berörda
284 1319 173 41 spörsmål
479 1319 85 30 böra
586 1319 93 29 lösas
700 1319 11 29 i
734 1320 49 29 ett
804 1318 119 30 vidare
947 1318 268 39 sammanhang,
1238 1317 122 30 varvid
1382 1317 251 39 lämpligheten

113 1379 43 21 av
176 1370 67 30 den
262 1370 205 29 nuvarande
487 1369 264 40 uppdelningen
771 1378 43 21 av
833 1368 422 30 motorfordonsärenden
1276 1368 81 29 över
1378 1367 120 30 huvud
1519 1367 45 39 på
1584 1368 49 28 ett

113 1420 118 30 flertal
249 1420 245 39 myndigheter
512 1421 172 38 upptages
702 1419 53 28 till
773 1420 164 28 närmare
955 1418 185 40 prövning.
1159 1418 132 39 Frågor
1309 1417 150 30 rörande
1479 1417 155 29 använd-

113 1471 129 38 ningen
265 1470 65 30 och
353 1470 272 39 registreringen
650 1479 42 20 av
715 1469 255 33 motorfordon,
996 1468 156 30 statistik
1177 1469 81 29 över
1282 1468 112 33 dessa,
1420 1467 213 30 utfärdande

113 1530 43 20 av
183 1520 228 39 anvisningar
438 1520 66 30 och
530 1518 472 41 tillämpningsföreskrifter
1030 1518 11 29 i
1070 1519 114 29 skilda
1212 1518 236 33 hänseenden,
1478 1517 155 30 faststäl-

114 1571 103 31 lande
242 1580 42 21 av
307 1571 199 29 blanketter
529 1579 46 20 m.
600 1579 47 20 m.
672 1569 218 39 handläggas
915 1569 150 29 sålunda
1089 1569 53 29 till
1168 1569 94 29 olika
1288 1568 96 30 delar
1409 1568 156 29 förutom
1591 1577 43 20 av

113 1621 304 39 länsstyrelserna,
446 1620 157 30 centrala
630 1619 213 40 bilregistret
870 1619 65 30 och
963 1619 297 39 militärregistret
1287 1618 134 39 jämväl
1450 1628 41 20 av
1519 1627 114 20 exem-

113 1671 110 40 pelvis
242 1672 80 38 väg-
342 1671 65 30 och
427 1670 489 41 vattenbyggnadsstyrelsen,
939 1671 133 28 statens
1094 1669 263 40 bilinspektion,
1378 1668 256 30 civilförsvars-

114 1722 181 39 styrelsen,
313 1721 257 30 riksnämnden
588 1721 56 29 för
662 1720 210 30 ekonomisk
889 1720 355 39 försvarsberedskap
1263 1720 66 29 och
1346 1719 288 29 biltrafiknämn-

113 1773 78 33 den,
212 1772 95 29 vilka
329 1772 245 39 myndigheter
595 1771 10 29 i
628 1772 55 28 sin
704 1772 58 29 tur
783 1780 75 21 mer
880 1770 83 30 eller
984 1770 138 29 mindre
1144 1770 154 39 påverka
1321 1769 312 39 länsstyrelsernas

113 1822 263 39 handläggning
406 1831 42 20 av
478 1821 270 39 ifrågavarande
779 1821 165 29 ärenden.
975 1820 132 29 Genom
1137 1822 51 27 att
1218 1819 211 40 exempelvis
1459 1819 174 29 formulär

114 1872 52 29 till
199 1871 312 41 länsstyrelsernas
543 1871 277 40 specialregister
851 1872 82 28 över
963 1870 245 29 motorfordon
1240 1870 196 29 fastställas
1467 1879 41 20 av
1539 1869 94 29 olika

113 1922 156 30 centrala
289 1922 255 39 myndigheter,
566 1922 71 29 kan
658 1931 42 19 en
722 1921 229 39 omflyttning
972 1930 42 20 av
1034 1920 128 29 fordon
1184 1920 129 30 mellan
1335 1920 41 29 de
1397 1919 93 30 olika
1512 1920 122 38 regist-

114 1982 61 20 ren
198 1972 76 29 icke
296 1972 210 29 verkställas
528 1973 86 28 utan
638 1973 50 27 att
713 1971 96 38 varje
832 1971 91 39 gång
945 1980 46 29 ny
1013 1969 147 30 utskrift
1185 1971 90 28 sker.
1299 1969 94 30 även
1416 1979 57 20 om
1497 1979 42 19 en
1562 1969 71 30 viss

113 2023 278 39 organisatorisk
416 2022 218 39 uppdelning
659 2032 42 19 av
726 2021 432 39 motorfordonsfrågorna
1185 2021 176 39 knappast
1387 2020 98 30 torde
1511 2020 122 29 kunna

115 2073 184 33 undvikas,
325 2073 112 29 måste
463 2073 88 28 dock
578 2073 67 28 den
673 2072 203 29 nuvarande
904 2071 223 39 splittringen
1154 2081 43 19 av
1222 2071 101 29 dessa
1350 2071 153 29 ärenden
1530 2079 103 20 anses

113 2123 202 39 påfallande
342 2125 82 31 stor,
451 2122 107 30 vilket
585 2122 278 39 uppenbarligen
890 2124 10 28 i
927 2121 177 38 åtskilliga
1130 2121 227 29 hänseenden
1383 2121 112 29 måste
1522 2120 112 29 föror-

115 2174 84 28 saka
222 2172 247 30 dubbelarbete
492 2173 64 28 och
578 2172 224 37 olägenheter
825 2182 42 19 av
889 2171 110 29 andra
1023 2172 83 37 slag.
1130 2171 52 29 En
1205 2171 113 29 bättre
1341 2170 229 38 samordning
1592 2180 42 19 av

115 2223 209 29 hithörande
349 2223 153 28 ärenden
528 2222 113 29 skulle
667 2223 85 27 utan
778 2221 103 29 tvivel
907 2230 82 20 vara
1016 2222 113 36 ägnad
1155 2221 160 29 medföra
1341 2230 42 20 en
1410 2220 223 29 rationellare

113 2272 150 38 ordning
289 2275 90 26 samt
407 2271 192 38 nedbringa
627 2271 559 29 administrationskostnaderna.
1214 2270 64 29 Det
1306 2279 102 29 synes
1435 2270 121 29 därför
1584 2279 50 19 re-

115 2323 178 28 visorerna
317 2321 190 38 angeläget,
532 2323 50 26 att
605 2321 64 28 här
692 2321 145 29 berörda
862 2321 171 38 spörsmål
1060 2321 98 35 göres
1183 2320 49 28 till
1259 2320 146 29 föremål
1430 2320 54 28 för
1507 2329 41 19 en
1574 2320 58 28 all-

113 2371 90 36 sidig
222 2371 62 28 och
305 2371 163 37 grundlig
488 2370 219 37 utredning.»
