1858 2780
258 161 40 31 10
628 164 120 29 Andra
774 164 245 39 lagutskottets
1044 166 179 30 utlåtande
1249 175 44 21 nr
1315 168 51 30 26.

911 463 65 41 Nr
1009 464 69 41 26.

454 570 185 32 Utlåtande
662 572 11 30 i
694 572 190 41 anledning
906 583 43 21 av
969 574 127 40 Kungl.
1118 575 126 40 Maj:ts
1266 577 217 39 proposition
1508 578 80 30 med
1609 578 134 40 förslag

652 633 53 30 till
730 634 208 41 förordning
964 645 57 21 om
1050 638 195 39 ersättning
1273 639 11 29 i
1310 639 189 40 anledning
1525 649 44 21 av
1595 640 147 41 kropps-

650 696 121 37 skada,
793 697 150 40 ådragen
967 698 111 31 under
1101 699 234 41 tjänstgöring
1357 701 12 29 i
1389 701 264 39 civilförsvaret.

298 834 130 32 Genom
448 846 44 20 en
513 837 68 30 den
602 838 18 30 5
642 847 95 22 mars
762 839 83 30 1954
866 839 218 40 dagtecknad
1104 842 229 39 proposition,
1355 852 42 20 nr
1422 843 71 35 138,
1516 844 117 30 vilken
1655 844 87 30 hän-

253 888 108 31 visats
391 889 51 30 till
473 890 193 40 lagutskott
697 892 67 29 och
794 892 207 32 behandlats
1033 903 42 21 av
1104 895 111 30 andra
1247 896 238 39 lagutskottet,
1517 897 65 30 har
1613 897 127 41 Kungl.

252 941 116 40 Maj:t,
390 942 111 31 under
523 944 220 40 åberopande
765 955 43 21 av
827 947 262 39 propositionen
1110 948 109 40 bilagt
1240 949 125 40 utdrag
1387 959 43 20 av
1451 950 291 40 statsrådsproto-

252 994 108 31 kollet
379 996 80 30 över
479 997 273 36 socialärenden,
774 998 178 41 föreslagit
972 1001 188 40 riksdagen
1180 1004 52 28 att
1252 1003 126 39 antaga
1397 1003 58 30 vid
1476 1003 264 40 propositionen

252 1047 96 40 fogat
375 1048 131 41 förslag
535 1050 52 30 till
616 1050 207 42 förordning
850 1062 57 21 om
935 1054 194 40 ersättning
1157 1055 12 29 i
1197 1055 188 40 anledning
1413 1065 43 21 av
1483 1053 256 47 kroppsskada,

251 1100 152 40 ådragen
429 1103 112 30 under
566 1103 236 42 tjänstgöring
827 1106 12 30 i
863 1106 262 31 civilförsvaret.

295 1208 13 29 I
332 1208 97 40 fråga
452 1219 60 20 om
534 1212 281 39 propositionens
838 1213 256 41 huvudsakliga
1116 1215 156 30 innehåll
1296 1216 57 30 må
1375 1217 65 30 här
1463 1218 190 30 anmärkas
1676 1218 64 30 föl-

248 1260 118 40 jande.

294 1314 130 31 Genom
449 1317 263 40 propositionen
739 1328 42 20 nr
808 1319 40 30 60
874 1320 52 29 till
951 1320 235 32 innevarande
1211 1322 58 30 års
1297 1322 141 41 riksdag
1464 1323 65 30 har
1555 1324 185 40 framlagts

249 1366 133 42 förslag
400 1369 52 30 till
470 1369 56 40 lag
546 1379 58 21 om
623 1371 428 42 yrkesskadeförsäkring,
1071 1375 129 29 avsedd
1221 1377 50 28 att
1291 1375 43 30 fr.
1354 1385 31 21 o.
1404 1385 46 21 m.
1471 1376 69 30 den
1561 1377 15 29 1
1596 1377 143 39 januari

251 1420 83 31 1955
360 1422 117 30 avlösa
501 1423 46 30 bl.
573 1432 29 21 a.
629 1424 82 30 1916
736 1424 58 30 års
820 1425 54 40 lag
897 1435 58 20 om
979 1426 200 41 försäkring
1204 1428 56 30 för
1284 1428 185 40 olycksfall
1494 1430 12 29 i
1532 1430 115 30 arbete
1672 1430 66 30 och

251 1473 84 31 1929
357 1474 56 31 års
434 1475 56 40 lag
512 1485 58 21 om
594 1476 201 41 försäkring
817 1478 53 30 för
891 1478 94 31 vissa
1007 1480 325 40 yrkessjukdomar.
1354 1481 68 30 Till
1444 1482 69 30 den
1536 1482 203 31 nuvarande

248 1526 265 42 lagstiftningen
532 1530 38 29 är
587 1530 184 31 anknutna
791 1531 171 31 särskilda
980 1533 477 40 ersättningsbestämmelser
1476 1536 169 30 avseende
1663 1536 75 35 fall,

247 1579 46 31 då
313 1580 114 40 någon
448 1581 148 41 ådrager
620 1583 50 40 sig
692 1583 244 41 kroppsskada
959 1585 111 31 under
1093 1586 235 40 tjänstgöring
1351 1587 11 30 i
1385 1588 264 35 civilförsvaret,
1673 1589 66 30 lik-

248 1641 75 22 som
347 1634 105 31 också
474 1635 94 30 vissa
591 1636 246 31 motsvarande
859 1638 110 39 regler
993 1639 168 30 avseende
1184 1640 225 31 verksamhet
1430 1641 58 30 vid
1511 1641 227 31 brandsläck-

248 1685 84 41 ning
349 1696 45 21 m.
412 1696 46 21 m.

294 1739 13 29 I
327 1739 228 32 förevarande
575 1742 219 39 proposition
814 1742 145 31 föreslås
980 1753 58 25 nu,
1060 1746 49 28 att
1130 1745 251 40 förordningen
1401 1747 68 29 den
1489 1747 42 30 28
1550 1748 79 39 juni
1652 1748 82 30 1941

254 1791 59 33 (nr
333 1792 80 35 595)
437 1803 58 20 om
515 1795 194 39 ersättning
729 1796 11 29 i
761 1795 187 41 anledning
968 1806 43 21 av
1030 1797 254 40 kroppsskada,
1305 1799 152 40 ådragen
1477 1800 112 30 under
1609 1801 128 39 tjänst-

247 1845 122 40 göring
390 1846 12 30 i
423 1846 263 36 civilförsvaret,
710 1848 82 30 från
813 1850 64 29 och
900 1851 80 29 med
1002 1851 68 30 den
1095 1852 14 28 1
1133 1851 143 40 januari
1302 1853 81 30 1955
1408 1853 90 30 skall
1522 1855 148 29 ersättas
1693 1863 44 21 av

246 1907 45 20 en
312 1908 47 30 ny
379 1901 246 30 motsvarande
647 1901 216 41 förordning,
886 1903 179 31 utformad
1087 1905 11 29 i
1120 1905 205 40 anslutning
1346 1906 52 30 till
1420 1907 68 29 den
1510 1915 124 31 genom
1656 1916 80 31 pro-

246 1951 197 40 positionen
464 1963 43 20 nr
530 1953 41 31 60
593 1953 199 41 föreslagna
814 1965 68 30 nya
902 1956 549 43 yrkesskadeförsäkringslagen.

290 2005 126 40 Kungl.
443 2007 107 39 Maj:t
579 2007 205 31 förutsättes
814 2009 97 30 skola
938 2010 12 29 i
979 2010 203 41 anslutning
1211 2012 54 30 till
1292 2012 68 30 den
1386 2022 68 30 nya
1484 2013 252 40 förordningen

245 2058 143 31 utfärda
420 2068 69 31 nya
521 2060 266 31 bestämmelser
818 2071 57 21 om
907 2063 195 40 ersättning
1135 2064 12 30 i
1181 2064 189 41 anledning
1403 2075 44 21 av
1480 2066 254 41 kroppsskada,

244 2110 152 41 ådragen
423 2112 112 31 under
560 2113 224 31 verksamhet
808 2115 57 30 vid
890 2115 296 41 brandsläckning
1214 2127 47 20 m.
1287 2127 46 21 m.

288 2217 64 30 Det
371 2218 56 30 vid
447 2219 263 40 propositionen
730 2220 125 40 fogade
874 2221 399 42 författningsförslaget
1292 2225 39 30 är
1350 2234 42 20 av
1411 2224 158 40 följande
1589 2226 141 40 lydelse.
