2204 2618
709 226 234 38 Lagutskottets
970 225 166 31 utlåtande
1161 226 51 29 Nr
1235 228 52 28 25.
1786 226 35 28 13

215 307 190 44 arrenden,
450 308 226 35 beträffande
716 308 95 34 vilka
850 307 177 36 särskilda
1066 307 255 35 förhållanden
1364 315 62 27 äro
1463 306 55 35 för
1548 306 156 43 handen,
1736 308 84 46 giva

219 361 53 35 för
301 361 83 35 dem
417 361 168 47 lämpade
615 362 348 34 särbestämmelser.
1009 359 161 37 Givetvis
1201 362 165 33 kommer
1395 360 74 43 det,
1500 363 117 32 såsom
1647 361 97 33 1917
1764 364 57 30 års

217 416 200 46 lagutskott
454 415 107 34 också
590 413 184 43 framhöll,
806 419 51 30 att
887 419 94 30 stöta
1010 417 46 44 på
1085 414 227 47 svårigheter
1341 418 53 30 att
1423 414 11 33 i
1464 414 60 46 lag
1554 412 190 48 uppdraga
1774 426 43 21 en

217 467 166 36 bestämd
413 475 111 40 gräns
554 468 132 34 mellan
719 472 20 30 å
768 480 68 21 ena
865 467 103 35 sidan
999 467 44 34 de
1065 468 187 34 allmänna
1268 466 294 47 jordarrendena
1581 466 67 34 och
1669 468 20 32 å
1709 465 114 35 andra

215 521 103 35 sidan
359 521 96 42 dem,
487 523 20 31 å
535 521 97 34 vilka
671 520 43 34 de
753 520 157 34 avsedda
939 520 387 34 särbestämmelserna
1355 520 100 34 skola
1483 520 196 45 tillämpas.
1738 518 82 35 Men

215 574 67 34 den
315 572 334 48 omständigheten,
691 577 52 30 att
781 573 194 46 lösningen
1016 585 42 22 av
1088 572 121 34 denna
1238 570 408 49 lagstiftningsuppgift
1677 578 39 27 är
1746 570 75 35 för-

215 626 93 35 enad
339 626 83 35 med
454 626 233 47 svårigheter,
720 626 93 34 lärer
841 625 79 34 icke
951 630 131 42 utgöra
1102 629 111 43 något
1234 625 78 35 skäl
1334 624 57 35 för
1410 629 53 30 att
1483 624 120 47 skjuta
1624 622 196 48 uppgiften

216 679 81 36 från
337 680 67 47 sig.
468 677 70 36 Vid
567 678 69 35 den
669 678 171 35 blivande
872 678 247 47 utredningen
1149 678 115 43 torde,
1303 681 46 44 på
1379 682 72 30 sätt
1483 679 97 33 1917
1613 679 57 32 års
1700 677 123 47 lagut-

215 734 97 34 skott
348 732 228 49 ifrågasatte,
614 733 11 33 i
656 731 152 36 främsta
838 737 160 29 rummet
1027 731 89 35 böra
1145 732 147 34 komma
1322 731 117 34 under
1468 729 250 48 övervägande
1749 728 74 36 frå-

215 799 115 35 gorna
359 799 61 22 om
450 785 214 49 lagstadgad
695 787 134 33 minsta
857 785 210 35 arrendetid
1096 790 95 30 samt
1220 797 59 22 om
1310 784 68 35 och
1399 785 12 34 i
1427 784 69 35 vad
1518 787 83 31 mån
1627 782 196 48 jordägare

217 840 65 35 bör
319 852 133 35 genom
491 839 338 48 lagbestämmelser
865 852 43 21 av
946 838 200 48 tvingande
1180 843 111 29 natur
1320 836 195 49 förpliktas
1554 841 52 30 att
1635 849 102 23 svara
1767 835 57 36 för

217 892 266 49 nybyggnads-
513 893 66 34 och
611 891 371 35 underhållskostnad
1012 894 46 44 på
1078 891 225 47 fastigheten
1326 897 171 28 ävensom
1517 891 13 33 i
1545 890 70 35 vad
1635 892 83 32 mån
1750 890 70 34 han

217 946 65 35 bör
320 946 149 46 åläggas
509 949 132 30 ersätta
680 944 238 35 arrendatorn
957 944 56 34 för
1050 947 19 31 å
1094 943 133 47 jorden
1257 943 183 47 nedlagda
1469 942 277 47 förbättringar.
1807 942 15 34 I

216 998 201 48 anledning
447 1011 41 22 av
519 1003 52 29 ett
599 997 62 35 vid
691 996 98 36 förra
817 997 195 47 riksdagen
1042 1002 116 43 yppat
1187 995 258 36 missförstånd
1474 995 155 36 rörande
1648 995 175 35 innebör-

215 1052 70 36 den
316 1065 43 22 av
389 1051 62 36 det
480 1050 211 49 ifrågasatta
730 1050 218 48 stadgandet
977 1063 59 22 om
1067 1049 204 36 minimitid
1301 1048 57 36 för
1388 1049 252 36 arrendeavtal
1668 1049 64 34 vill
1763 1054 60 29 ut-

216 1107 137 35 skottet
382 1104 206 45 framhålla,
619 1109 53 30 att
701 1104 151 35 därmed
882 1105 74 34 lika
982 1105 82 34 litet
1085 1116 78 23 som
1185 1103 84 36 med
1290 1103 257 36 motsvarande
1567 1102 256 35 bestämmelse

216 1162 11 32 i
256 1159 244 36 norrländska
528 1157 264 48 arrendelagen
823 1164 38 28 är
892 1157 102 36 fallet
1024 1156 137 49 åsyftas
1191 1162 53 30 att
1273 1156 134 36 hindra
1436 1155 212 37 arrendator
1667 1154 82 36 från
1771 1160 53 30 att

217 1212 207 36 förbehålla
453 1213 57 47 sig
538 1216 73 31 rätt
641 1216 52 30 att
722 1211 157 47 tidigare
910 1210 191 35 frånträda
1130 1210 181 35 arrendet.

352 1266 51 35 På
432 1265 122 48 grund
584 1278 42 22 av
655 1264 69 36 vad
754 1264 155 35 sålunda
938 1263 139 36 anförts
1109 1263 55 36 får
1195 1264 179 35 utskottet
1404 1263 204 40 hemställa,

779 1376 54 29 att
872 1371 192 47 riksdagen
1106 1374 112 32 måtte
1257 1371 159 42 anhålla,
1458 1375 52 30 att
1549 1369 134 47 Kungl.
1715 1368 104 48 Maj:t

645 1425 85 34 ville
760 1423 93 36 efter
872 1423 200 36 verkställd
1095 1423 201 48 utredning
1315 1428 86 43 taga
1421 1423 119 34 under
1555 1422 262 47 övervägande,

645 1479 12 33 i
686 1477 69 35 vad
794 1480 83 32 mån
917 1478 106 47 lagen
1064 1490 59 22 om
1155 1475 270 50 nyttjanderätt
1453 1477 58 34 till
1540 1474 71 37 fast
1640 1475 179 48 egendom

646 1531 69 35 den
750 1533 45 32 14
822 1531 86 47 juni
941 1532 98 34 1907
1072 1534 59 31 må
1156 1530 126 35 kunna
1297 1530 146 47 jämkas
1463 1531 13 33 i
1496 1528 97 50 syfte
1614 1533 52 31 att
1686 1528 134 36 bereda

645 1583 395 49 bolagsarrendatorer,
1072 1589 146 43 torpare
1247 1584 69 34 och
1345 1582 83 36 med
1459 1583 83 35 dem
1571 1583 127 35 socialt
1722 1583 100 47 jäm-

645 1637 132 36 ställda
797 1637 255 36 arrendatorer
1072 1650 45 23 en
1137 1639 13 33 i
1170 1637 161 47 rättsligt
1352 1637 178 35 avseende
1551 1649 99 22 mera
1664 1635 158 49 tryggad

645 1691 188 47 ställning,
871 1696 94 30 samt
1002 1689 58 37 för
1098 1690 195 48 riksdagen
1334 1690 204 48 framlägga
1576 1689 60 36 det
1671 1688 149 48 förslag,

645 1745 122 35 vartill
797 1744 249 48 utredningen
1076 1745 71 35 kan
1178 1742 200 37 föranleda.

350 1824 212 37 Stockholm
593 1824 70 36 den
699 1826 44 33 12
776 1837 96 23 mars
906 1825 112 34 1918.

761 1931 50 36 På
839 1933 262 47 lagutskottets
1131 1939 154 39 vägnar:

761 2038 161 37 JAKOB
952 2036 319 38 PETTERSSON.
