1888 2786
259 141 39 30 28
721 144 264 28 Statsutskottets
1008 143 166 28 utlåtande
1196 151 37 19 nr
1257 145 27 26 6.

259 217 301 42 Femårsplanerna
580 218 183 30 förutsätta
782 227 40 21 en
839 216 455 42 brobyggnadsverksamhet
1311 217 236 30 motsvarande
1567 219 47 28 ett
1631 216 127 41 belopp

261 280 41 21 av
325 269 41 31 20
388 269 155 39 miljoner
566 268 123 31 kronor
711 279 60 30 per
794 270 44 29 år.
875 268 79 31 Med
975 268 135 41 hänsyn
1132 268 54 32 till
1210 268 57 31 det
1289 268 164 37 tillstånd,
1479 268 12 30 i
1515 268 105 31 vilket
1642 267 116 32 brobe-

261 320 137 32 ståndet
416 321 52 30 för
485 320 207 31 närvarande
711 320 157 31 befinner
886 320 61 41 sig,
968 329 98 22 anser
1086 319 164 41 styrelsen
1272 319 56 32 det
1347 319 218 41 nödvändigt,
1588 321 50 29 att
1659 319 99 31 dessa

260 371 241 42 femårsplaner
520 374 137 29 snarast
677 371 34 31 få
733 371 224 41 genomföras.

313 423 126 31 Därest
456 423 337 41 byggnadstillstånd
814 423 54 30 för
886 422 381 41 brobyggnadsarbeten
1288 422 168 31 meddelas
1479 423 11 30 i
1513 422 64 31 den
1598 422 160 32 utsträck-

259 474 84 42 ning
362 474 165 41 styrelsen
548 474 171 38 förutsatt,
740 474 164 31 beräknar
925 473 173 42 styrelsen,
1122 476 50 29 att
1194 473 63 31 den
1280 484 58 31 per
1360 473 63 31 den
1446 474 16 30 1
1485 473 65 41 juli
1573 473 79 31 1948
1675 474 82 31 före-

259 525 139 42 fintliga
425 525 238 42 behållningen
692 536 40 21 av
761 526 70 37 32,8
862 525 154 41 miljoner
1044 525 123 31 kronor
1195 527 19 29 å
1243 524 154 42 anslaget
1424 524 55 32 till
1508 525 178 41 byggande
1717 536 41 21 av

258 577 103 31 broar
382 577 57 31 vid
460 577 164 41 ingången
646 588 40 20 av
708 577 189 31 arbetsåret
920 577 80 31 1950
1023 576 88 32 skall
1134 587 77 21 vara
1233 576 186 32 förbrukad
1442 577 82 31 eller
1546 577 11 30 i
1580 576 92 42 varje
1697 576 60 32 fall

258 628 73 32 helt
352 628 206 42 disponerad
580 630 43 40 på
644 629 139 41 företag,
811 629 51 31 för
881 628 90 32 vilka
992 628 339 42 byggnadstillstånd
1353 628 194 32 meddelats.

312 679 116 32 Under
450 680 143 31 sålunda
617 680 143 41 angivna
784 680 286 41 förutsättningar
1094 680 143 31 föreslår
1261 679 173 42 styrelsen,
1462 683 51 28 att
1538 680 219 31 förevarande

259 731 122 41 anslag
403 731 52 31 för
475 731 201 42 budgetåret
698 731 138 32 1949/50
859 732 134 31 anvisas
1017 732 78 31 med
1118 732 39 31 20
1170 732 60 31 000
1244 732 61 30 000
1328 731 131 31 kronor.
1679 744 3 3 |

309 789 380 40 Departementschefen
711 790 63 31 har
798 790 122 32 uttalat
944 791 161 41 följande.

312 854 13 15 »
331 841 68 31 Vid
417 841 155 31 anmälan
590 842 12 30 1
623 842 78 31 1948
721 844 55 29 års
796 842 404 41 statsverksproposition
1219 853 41 20 av
1280 844 73 39 väg-
1374 842 61 31 och
1455 843 305 41 vattenbyggnads-

257 892 185 41 styrelsens
467 892 188 42 beräkning
679 904 39 20 av
743 893 278 32 medelsbehovet
1047 893 54 31 för
1125 893 178 42 byggande
1330 904 41 21 av
1394 894 102 31 broar
1522 894 157 31 framhöll
1704 895 58 41 jag

256 944 12 30 i
296 944 195 41 anslutning
516 945 56 31 till
599 944 185 42 styrelsens
812 945 224 41 redogörelse,
1066 947 50 30 att
1142 956 41 20 en
1209 945 125 32 allmän
1359 945 143 43 höjning
1529 957 41 20 av
1596 946 164 31 broarnas

257 996 164 31 standard
449 1007 78 20 vore
559 996 65 31 den
653 996 53 31 för
732 997 210 31 närvarande
971 997 127 31 kanske
1128 1000 86 28 mest
1243 997 185 41 angelägna
1456 998 182 41 uppgiften
1668 998 92 31 inom

255 1048 236 40 vägväsendet.
527 1048 83 31 Med
634 1048 255 41 utgångspunkt
912 1048 73 31 från
1010 1049 66 30 den
1100 1059 138 21 numera
1262 1049 169 31 slutförda
1452 1049 229 42 utredningen
1704 1061 57 20 om

258 1099 197 41 bärigheten
477 1099 64 31 hos
567 1099 132 32 landets
724 1100 103 31 broar
851 1100 61 31 har
936 1100 169 41 styrelsen
1132 1101 11 30 i
1167 1099 75 33 sina
1268 1101 108 41 petita
1402 1101 53 31 för
1479 1101 280 32 nästkommande

254 1150 169 41 budgetår
448 1151 77 31 med
553 1151 121 42 skärpa
699 1151 198 42 ytterligare
925 1151 235 32 understrukit
1184 1152 150 32 behovet
1360 1164 39 19 ur
1425 1153 94 31 såväl
1545 1153 215 32 trafiksäker-

254 1201 90 32 hets-
374 1213 73 20 som
477 1203 377 41 transportekonomisk
882 1203 177 41 synpunkt
1090 1214 40 20 av
1161 1215 41 19 en
1234 1204 195 31 omedelbar
1458 1205 230 41 upprustning
1719 1216 41 20 av

254 1253 251 32 brobeståndet.
554 1255 127 41 Tyvärr
715 1256 110 30 måste
859 1255 57 41 jag
951 1254 191 32 emellertid
1175 1267 46 19 nu
1257 1256 123 31 liksom
1414 1256 53 31 för
1502 1258 49 30 ett
1585 1259 36 29 år
1654 1257 106 31 sedan

255 1306 194 31 konstatera
479 1309 51 29 att
560 1307 163 31 material-
755 1307 64 31 och
850 1307 314 33 arbetskraftsbrist
1194 1311 88 29 samt
1312 1310 77 30 över
1419 1309 117 31 huvud
1567 1312 94 39 taget
1692 1309 63 31 den

255 1357 150 32 rådande
425 1358 217 32 ekonomiska
663 1359 208 31 situationen
893 1359 210 32 fortfarande
1124 1360 257 41 nödvändiggör
1403 1371 39 20 en
1466 1363 116 39 sträng
1603 1361 152 31 återhåll-

256 1409 132 31 samhet
407 1411 81 29 även
507 1409 214 32 beträffande
740 1410 42 31 de
803 1410 183 42 angelägna
1005 1411 245 41 investeringar
1270 1422 114 20 varom
1403 1412 61 31 här
1484 1414 36 29 är
1541 1413 103 41 fråga.
1678 1413 77 31 Vad

256 1462 106 39 angår
381 1460 414 43 materialförsörjningen,
818 1473 73 20 som
911 1463 53 30 för
984 1462 517 42 brobyggnadsverksamhetens
1524 1464 53 31 del
1599 1466 35 29 är
1658 1464 63 31 den
1743 1465 11 30 i

255 1512 195 31 nuvarande
471 1512 74 41 läge
567 1513 125 31 kanske
716 1516 88 29 mest
826 1513 142 32 kritiska
991 1513 146 39 faktorn,
1160 1514 62 31 har
1245 1514 201 42 visserligen
1470 1515 75 31 från
1570 1516 183 41 styrelsens

256 1563 76 31 sida
350 1563 214 39 framhållits,
584 1567 51 29 att
650 1565 304 32 materialbehovet
971 1566 55 30 för
1044 1565 57 32 det
1118 1576 40 20 av
1176 1566 165 41 styrelsen
1359 1566 189 42 framlagda
1566 1567 187 41 byggnads-

255 1618 226 38 programmet
503 1615 111 32 skulle
635 1616 11 31 i
668 1616 167 42 väsentlig
857 1617 204 40 omfattning
1081 1616 111 31 kunna
1213 1617 116 31 täckas
1353 1620 80 29 utan
1456 1619 135 40 import.
1627 1617 93 33 Även
1743 1619 10 30 i

254 1666 97 41 fråga
388 1678 52 19 om
476 1667 64 31 den
575 1667 175 32 inhemska
787 1668 249 41 produktionen
1061 1667 106 42 gäller
1192 1668 194 38 emellertid,
1414 1671 113 29 såsom
1552 1670 162 41 påpekats
1742 1670 11 30 i

252 1716 430 32 industrikommissionens
709 1719 44 38 på
780 1729 25 19 s.
835 1717 36 30 17
899 1716 175 42 återgivna
1099 1717 165 41 yttrande,
1293 1720 51 29 att
1369 1717 267 43 förbrukningen
1662 1719 92 31 inom

253 1769 120 32 landet
396 1770 22 30 f.
442 1780 29 20 n.
497 1772 109 29 måste
630 1770 182 41 begränsas
838 1772 37 29 så
900 1771 92 41 långt
1017 1771 93 32 detta
1136 1773 35 29 är
1195 1772 137 41 möjligt
1356 1773 61 31 och
1443 1772 157 42 lämpligt
1624 1774 52 30 för
1703 1776 51 29 att

254 1820 203 42 möjliggöra
480 1821 88 31 ökad
591 1824 125 38 export.

291 1870 100 33 "Med
409 1872 130 42 hänsyn
559 1871 55 32 till
634 1872 64 32 vad
720 1873 144 32 sålunda
886 1874 129 31 anförts
1040 1884 96 21 anser
1157 1874 56 41 jag
1235 1874 70 42 mig
1327 1875 70 31 icke
1418 1875 112 32 kunna
1553 1876 101 32 räkna
1677 1877 75 31 med

254 1925 51 29 att
324 1925 111 39 någon
454 1934 90 21 mera
566 1924 161 31 avsevärd
748 1925 203 41 utvidgning
972 1936 40 20 av
1035 1925 292 32 tillståndsramen
1348 1927 53 30 för
1420 1927 332 42 brobyggnadsverk-

251 1974 177 31 samheten
447 1975 149 32 kommer
617 1978 49 29 att
685 1975 93 32 bliva
800 1976 119 42 möjlig
939 1987 78 21 vare
1039 1977 54 41 sig
1115 1977 52 31 för
1189 1977 187 33 arbetsåret
1397 1978 80 31 1949
1500 1979 80 31 eller
1602 1979 57 32 det
1681 1980 70 31 där-

251 2027 45 40 på
319 2026 151 41 följande
492 2029 79 29 året.
606 2027 53 31 En
681 2027 70 32 viss
776 2028 129 31 mindre
927 2028 208 42 kvotökning
1157 2029 52 31 för
1231 2029 63 31 här
1316 2029 257 42 ifrågavarande
1596 2031 155 31 ändamål

251 2077 64 31 har
334 2077 85 32 dock
436 2078 180 32 beräknats
636 2078 57 31 vid
713 2079 244 41 upprättandet
977 2090 41 21 av
1037 2080 347 42 tillståndsbudgeten
1405 2081 53 31 för
1478 2084 36 29 år
1536 2082 88 31 1949.
1657 2081 94 33 Även

252 2128 77 32 med
350 2130 253 41 utgångspunkt
622 2131 73 30 från
716 2130 102 32 dessa
840 2131 286 42 förutsättningar
1145 2131 66 32 kan
1235 2132 184 32 emellertid
1442 2144 40 20 en
1504 2134 246 41 jämförelsevis

252 2183 73 28 stor
353 2180 124 42 ökning
505 2192 41 20 av
573 2181 498 42 brobyggnadsverksamheten
1100 2183 146 32 förutses
1276 2184 54 31 för
1358 2186 77 30 åren
1466 2185 81 31 1949
1577 2185 62 31 och
1669 2185 82 32 1950

253 2232 74 31 dels
349 2243 41 20 av
410 2232 62 31 den
491 2232 224 42 anledningen
737 2236 52 29 att
809 2236 50 29 ett
880 2234 90 31 antal
991 2234 132 42 företag
1143 2235 74 31 med
1238 2235 93 32 äldre
1351 2235 335 42 byggnadstillstånd
1708 2237 43 31 då

251 2285 121 30 väntas
390 2284 132 31 komma
540 2284 56 31 till
615 2285 187 37 utförande,
824 2285 71 32 dels
914 2285 139 32 emedan
1073 2286 137 31 arbeten
1229 2287 76 31 med
1325 2298 65 30 nya
1408 2287 159 32 tillstånd
1585 2288 164 32 beräknas

250 2334 136 32 komma
410 2337 50 29 att
482 2334 210 42 igångsättas
717 2336 11 31 i
753 2336 167 32 snabbare
945 2337 76 32 takt
1045 2339 42 29 än
1112 2337 124 32 hittills
1263 2338 63 31 och
1353 2338 71 32 dels
1449 2338 163 43 slutligen
1636 2342 113 29 såsom

250 2386 91 41 följd
365 2397 40 20 av
430 2386 62 31 den
516 2387 229 41 nyssnämnda
771 2388 259 42 kvotökningen.
1068 2389 50 31 På
1143 2389 167 41 grundval
1337 2401 39 20 av
1401 2390 92 31 vissa
1521 2401 41 21 av
1586 2393 73 39 väg-
1686 2391 63 32 och

250 2437 460 42 vattenbyggnadsstyrelsen
730 2439 11 31 i
761 2440 180 31 november
962 2440 81 31 1948
1064 2441 155 31 lämnade
1241 2441 173 41 uppgifter
1434 2452 100 31 synes
1556 2442 192 32 medelsför-
