1902 2820
604 181 229 28 Statsutskottets
855 182 149 27 utlåtande
1026 183 47 26 Nr
1102 184 64 27 126.
1618 182 19 29 5

145 257 264 37 fiygmaterielen
440 257 53 32 vid
523 258 219 31 kustflottans
772 258 199 38 flygstation
1003 260 85 36 ånyo
1119 260 203 31 understiälla
1352 261 133 31 ärendet
1514 260 125 37 Kungl.

143 298 115 37 Maj:ts
300 299 162 38 prövning
504 300 57 31 och
604 300 116 31 därvid
766 301 178 31 framhålla
977 300 285 38 nödvändigheten
1295 314 39 19 av
1365 304 50 30 att
1443 302 198 37 erforderlig

141 340 152 37 skyddad
316 341 336 38 uppställningsplats
671 342 155 32 bereddes
849 344 49 29 för
918 343 62 31 den
1001 343 236 37 flygmateriel,
1257 355 66 20 som
1344 343 185 33 tilldelades
1549 344 90 31 kust-

144 382 129 32 flottan.

197 424 15 30 T
237 425 192 36 anslutning
453 425 51 31 till
532 426 59 31 vad
617 425 138 31 sålunda
782 425 137 38 anförts,
945 426 195 31 hemställde
1168 427 247 38 flygstyrelsen,
1441 430 48 29 att
1517 428 122 36 Kungl.

144 465 97 37 Maj:t
269 467 99 30 måtte
395 467 120 30 föreslå
542 466 176 37 riksdagen
747 470 49 28 att
825 467 49 31 för
900 468 207 36 uppförande
1133 480 40 19 av
1200 469 284 37 hangarbyggnad
1511 476 19 24 å
1555 470 84 31 Mäs-

139 518 83 25 garn
251 508 53 31 vid
332 507 219 37 Hårsfjärden
577 509 52 30 för
654 508 195 36 budgetåret
880 507 177 39 1929/1930
1081 509 115 32 anvisa
1221 514 46 27 ett
1291 514 92 28 extra
1410 511 229 31 reservations-

140 549 116 37 anslag
281 561 39 20 av
349 551 137 36 136,000
510 550 128 31 kronor.

198 640 190 33 Sedermera
414 642 60 31 har
498 641 113 38 högste
641 641 234 38 befälhavaren
900 645 76 29 över
1002 643 201 37 kustflottan
1230 643 7 31 i
1265 644 158 32 skrivelse
1448 644 51 32 till
1525 645 115 31 chefen

143 691 51 30 för
221 690 406 39 försvarsdepartementet
654 692 61 31 den
745 693 39 31 23
812 692 136 32 oktober
978 694 81 30 1928
1085 693 9 30 i
1122 696 105 29 ämnet
1257 694 120 38 anfört,
1405 695 98 32 bland
1530 698 109 29 annat.

143 740 155 38 följande.

197 799 258 38 Behövligheten
483 812 39 20 av
549 800 257 38 ifrågavarande
831 801 285 38 hangarbyggnad
1146 803 84 31 hade
1255 803 102 31 under
1383 804 36 30 år
1447 803 81 32 1928
1553 803 88 37 gjort

142 840 51 38 sig
216 842 131 31 alltmer
371 842 163 38 gällande,
560 843 105 31 såsom
692 847 82 27 även
799 842 188 38 framginge
1011 856 40 19 av
1075 844 134 31 chefens
1234 844 51 31 för
1307 844 220 33 kustflottans
1551 846 89 37 flyg-

142 882 122 32 station
285 883 60 31 den
369 884 38 30 18
428 884 135 31 oktober
585 885 82 30 1928
689 884 144 37 avgivna
852 885 214 37 slutrapport.

199 925 17 31 I
246 925 106 32 denna
381 928 134 35 rapport
544 926 84 31 hade
659 926 214 38 framhållits,
905 929 50 29 att
986 927 39 31 de
1056 928 18 30 å
1105 927 158 37 Mäsgarn
1292 931 157 34 uppsatta
1478 940 54 20 sex
1564 929 76 32 tält-

141 968 216 37 hangarerna,
385 968 91 34 vilka
501 968 176 38 betingade
704 971 46 29 ett
776 969 189 38 inköpspris
993 981 39 20 av
1060 969 89 32 cirka
1181 971 94 35 7,000
1302 971 120 31 kronor
1448 982 56 26 per
1531 971 107 38 styck,

142 1008 100 33 alltså
268 1010 219 37 sammanlagt
514 1010 117 37 42,000
657 1009 129 39 kronor,
815 1022 75 20 vore
917 1011 11 30 i
956 1013 47 29 ett
1029 1011 213 37 synnerligen
1269 1012 105 37 dåligt
1401 1012 102 32 skick.
1542 1013 99 31 Vissa

142 1062 76 20 vore
241 1051 52 32 till
318 1052 61 31 allt
402 1052 113 31 vidare
537 1052 86 31 bruk
647 1052 242 38 oanvändbara,
915 1053 103 32 under
1042 1054 54 31 det
1120 1056 49 29 att
1195 1056 47 29 ett
1264 1065 59 27 par
1348 1054 156 38 möjligen
1528 1057 113 35 syntes

141 1093 222 39 användbara,
387 1094 82 32 dock
492 1094 83 32 först
598 1094 84 32 efter
706 1095 211 37 synnerligen
940 1095 201 32 kostsamma
1166 1096 231 37 reparationer.
1434 1097 113 32 Skälet
1567 1097 72 31 här-

142 1135 52 31 till
215 1147 76 20 vore
311 1136 61 32 den
393 1136 98 37 långa
509 1136 49 32 tid
583 1136 105 36 (cirka
708 1135 62 40 5!/;
791 1134 182 41 månader),
994 1138 39 31 de
1052 1137 89 32 varit
1164 1138 5 30 i
1188 1138 85 31 bruk
1292 1138 173 32 oavbrutet
1484 1142 157 35 uppsatta

141 1178 59 31 och
224 1179 164 31 därunder
411 1181 125 29 utsatta
559 1179 53 31 för
634 1179 57 37 sol,
716 1190 77 27 regn
818 1180 58 31 och
899 1180 77 31 hårt
998 1180 110 32 väder.
1144 1180 66 32 Vid
1235 1184 46 28 ett
1303 1181 145 32 tillfälle.
1474 1182 41 31 då
1537 1184 101 29 storm

143 1221 76 36 rått,
248 1220 73 32 hade
339 1223 50 39 tre
407 1221 161 36 hangarer
588 1221 88 31 blåst
695 1221 135 38 omkull,
851 1221 118 32 varvid
989 1225 47 28 ett
1054 1222 11 30 i
1084 1233 38 20 en
1142 1234 40 20 av
1203 1223 71 31 dem
1293 1222 173 38 befintligt
1485 1223 156 38 flygplan

142 1261 145 33 skadats.
322 1262 124 38 Övriga
469 1262 161 37 hangarer
653 1263 84 32 hade
761 1264 41 31 då
826 1263 87 32 varit
936 1266 131 29 tomma.
1102 1263 65 32 För
1189 1267 49 29 att
1260 1265 89 31 hålla
1371 1266 271 37 tälthangarerna

142 1304 75 31 hela
239 1308 84 28 samt
346 1304 55 32 vid
426 1305 75 30 hårt
525 1305 100 32 väder
649 1305 68 31 fast
741 1306 19 30 å
783 1304 70 32 sina
878 1305 126 37 platser
1025 1306 84 31 hade
1134 1306 258 38 flygstationens
1416 1308 149 36 personal
1588 1308 52 31 be-

142 1347 135 35 tungats
300 1347 72 31 med
394 1349 48 29 ett
463 1348 93 30 extra
578 1347 103 37 drygt
705 1346 119 39 arbete,
849 1359 79 25 som,
952 1348 63 31 vad
1039 1347 162 38 lappning
1224 1360 40 19 av
1286 1349 133 31 tältduk
1442 1349 198 37 beträffade,

142 1387 111 32 kunde
273 1392 95 33 sägas
389 1388 84 32 hava
494 1389 117 37 pågått
630 1389 37 31 så
687 1391 72 35 gott
780 1400 66 20 som
869 1389 183 32 oavbrutet.
1085 1389 125 32 Därtill
1230 1390 128 32 komme
1377 1390 110 32 risken
1508 1391 51 32 för
1579 1392 62 31 den

143 1429 144 38 dyrbara
317 1430 358 38 flygplanmaterielen,
706 1430 53 32 för
789 1431 60 32 den
880 1431 156 32 händelse
1067 1432 193 37 personalen
1290 1432 70 32 ieke
1390 1433 107 31 skulle
1525 1434 116 37 lyckas

142 1471 119 33 hindra
280 1472 222 37 hangarernas
522 1472 231 33 kullblåsande
773 1472 10 31 i
803 1473 74 31 hårt
897 1473 110 32 väder.
1039 1474 47 30 På
1106 1474 108 37 grund
1236 1475 101 31 härav
1359 1476 120 36 ansåge
1498 1475 51 38 sig
1569 1475 71 32 che-

142 1514 55 32 fen
219 1514 52 31 för
292 1514 241 38 flygstationen
553 1514 79 32 böra
654 1514 178 33 framhålla
854 1516 56 31 det
933 1516 92 31 såväl
1048 1515 147 32 riskabla
1218 1527 66 22 som
1307 1516 230 33 oekonomiska
1559 1517 10 32 i
1592 1520 49 29 att

141 1556 151 32 använda
319 1556 226 38 tälthangarer
573 1557 104 31 under
704 1557 106 31 denna
838 1556 183 39 periodiskt
1048 1558 277 39 återkommande,
1353 1559 194 38 långvariga
1574 1560 66 31 för-

141 1598 170 38 läggning.
350 1598 219 33 Beträffande
596 1599 61 32 den
683 1598 205 33 sistnämnda
917 1599 95 32 sidan
1039 1612 40 20 av
1106 1599 131 39 frågan,
1266 1601 164 38 nämligen
1458 1602 182 32 kostnaden

141 1640 53 31 för
216 1640 399 38 tälthangarmaterielens
639 1641 185 38 förnyande
845 1642 59 31 och
926 1641 198 38 reparation,
1147 1644 113 36 syntes
1281 1643 182 32 kostnaden
1485 1643 51 33 för
1558 1655 81 26 upp-

142 1682 153 32 förandet
314 1695 40 19 av
373 1694 40 20 en
432 1683 68 31 fast
519 1683 127 38 hangar
664 1683 112 32 kunna
796 1683 161 32 beräknas
976 1683 122 38 intjänt
1117 1685 43 37 på
1179 1683 89 33 cirka
1291 1686 19 30 4
1327 1686 53 30 års
1399 1685 58 32 tid.

197 1724 74 33 Med
301 1724 239 33 instämmande
569 1724 11 31 i
609 1725 63 32 vad
702 1725 148 32 bemälde
881 1725 76 32 chef
987 1726 140 32 sålunda
1156 1726 112 32 anfört
1297 1727 120 38 ansåge
1446 1727 51 38 sig
1525 1728 115 38 högste

141 1766 236 33 befälhavaren
396 1772 75 27 över
491 1766 204 33 kustflottan
714 1767 79 32 böra
812 1767 182 32 framhålla
1012 1768 69 31 dels
1103 1768 40 32 de
1162 1768 114 38 risker,
1299 1769 51 31 för
1369 1768 92 33 vilka
1481 1771 61 31 den
1562 1771 77 37 dyr-

141 1808 80 33 bara
243 1807 266 39 flygmaterielen
532 1820 77 21 vore
631 1811 105 30 utsatt
757 1809 56 32 vid
837 1809 177 38 långvarig
1038 1810 173 38 förvaring
1231 1810 12 31 i
1264 1811 201 39 tälthangar,
1489 1812 68 32 dels
1580 1812 59 32 ock

141 1851 62 32 den
221 1850 211 33 ekonomiska
451 1850 97 32 vinst.
567 1862 68 21 som
656 1851 198 32 statsverket
871 1851 109 32 skulle
998 1856 80 34 göra
1095 1863 116 26 genom
1231 1853 207 38 uppförande
1456 1866 40 19 av
1515 1866 38 20 en
1572 1855 67 32 fast

141 1893 127 37 hangar
284 1893 11 31 i
313 1893 111 32 stället
442 1893 51 32 för
511 1895 49 30 att
579 1893 207 38 nyanskaffa
805 1893 237 39 tälthangarer,
1061 1905 66 21 som
1148 1895 126 38 hastigt
1293 1896 160 32 försletes.

192 1978 117 38 Enligt
331 1979 63 32 vad
416 1978 161 33 utskottet
599 1978 172 32 inhämtat.
795 1979 83 32 hava
900 1980 221 31 kostnaderna
1144 1981 53 31 för
1219 1980 255 38 ifrågavarande
1496 1981 138 38 hangar-

136 2029 112 38 bygge
269 2029 176 32 beräknats
468 2030 42 38 på
533 2030 147 39 följande
703 2032 78 30 sätt:

140 2106 135 37 Hangar
293 2118 39 19 av
350 2108 52 30 trä
419 2107 72 31 med
508 2106 294 32 takkonstruktion
820 2119 39 19 av
879 2106 276 39 Törebodabågar
1172 2108 79 31 eller

182 2157 73 37 järn
285 2157 122 32 avsedd
439 2157 50 31 för
520 2158 17 30 6
569 2157 174 38 flygbåtar
780 2182 470 8 ......................
1280 2159 120 32 kronor
1431 2161 204 30 104.000:
1605 2155 34 45 —

138 2207 269 38 Komplettering
437 2219 40 21 av
508 2208 103 37 slipar
649 2233 602 8 .ossssssssssssssssss
1088 2203 57 47 ers
1156 2203 33 47 ss
1200 2203 54 47 sans
1329 2226 8 13 »
1450 2211 185 32 14.500:
1607 2207 32 46 —

141 2258 197 38 Anordning
375 2258 51 32 för
462 2258 199 38 sjösättning
688 2259 58 32 och
774 2259 208 38 upptagning
1008 2272 39 19 av
1076 2260 174 38 flygbåtar

184 2306 99 41 [65512
340 2334 910 9 DR
1328 2336 9 5 »
1469 2314 108 36 3,000:
1592 2334 44 4 —

137 2360 520 39 Bensinförvaringsanläggning
693 2386 559 8 .o.ssessserrrssersrrs
1156 2356 33 48 rs
1198 2356 57 48 est
1329 2377 11 14 »
1469 2364 108 37 8,500:
1593 2385 43 3 —

138 2410 224 34 Oförulsedda
391 2411 176 32 kostnader
604 2437 647 7 .......sosssssseresssssers
1156 2406 33 47 rs
1200 2406 54 47 ess
1469 2417 167 34 6.000:
1608 2411 33 46 —

1122 2483 134 31 Summa
1280 2482 120 32 kronor
1427 2484 150 36 136,000:
1593 2504 43 3 —

1694 1992 135 24 Utskottets

1699 2028 128 28 yltrande.
