1872 2840
344 170 18 31 8
665 172 127 35 Andra
814 175 253 38 lagutskottets
1088 177 189 34 utlåtande
1300 179 52 32 Nr
1376 180 53 31 21.

340 248 18 32 I
372 249 63 32 sitt
451 252 84 29 över
550 251 41 31 de
607 261 49 21 nu
672 251 248 38 föreliggande
935 254 222 32 motionerna
1176 256 159 36 avgivna
1349 258 169 36 yttrande
1535 259 65 31 har
1616 260 187 32 lantmäte-

300 300 210 37 ristyrelsen
528 304 193 35 omnämnt,
740 304 54 31 att
812 305 175 35 styrelsen
1005 306 12 31 i
1035 306 54 32 sin
1109 308 59 30 tur
1189 307 180 33 infordrat
1388 310 196 35 yttranden
1603 311 84 32 från
1706 314 96 29 över-

300 351 245 34 lantmätarna
569 354 12 31 i
606 355 171 36 samtliga
801 356 110 32 rikets
937 358 70 36 län,
1032 359 79 31 med
1135 359 186 38 undantag
1344 371 48 21 av
1417 359 279 41 Östergötlands,
1723 364 79 31 Got-

300 403 111 37 lands,
432 404 183 38 Blekinge,
633 406 277 39 Kristianstads,
928 408 203 34 Malmöhus
1149 411 65 31 och
1232 412 177 32 Hallands
1429 413 71 36 län,
1517 414 182 32 huruvida
1717 417 84 35 någ-

300 465 43 21 ra
364 456 227 36 olägenheter
615 458 175 37 försports
810 470 47 21 av
879 461 58 32 det
959 461 87 37 slag,
1068 472 75 22 som
1164 463 13 30 i
1200 463 237 33 förevarande
1458 466 176 31 motioner
1655 466 147 32 berörts.

300 506 252 39 Anledningen
570 510 55 31 till
643 511 53 31 att
715 511 331 33 överlantmätarna
1063 514 11 30 i
1092 514 42 32 de
1151 525 95 21 ovan
1263 516 146 31 särskilt
1425 517 158 31 nämnda
1601 517 107 32 länen
1726 519 75 31 icke

300 559 104 32 blivit
421 560 114 32 hörda
551 562 66 31 har
635 563 106 36 varit,
760 565 54 30 att
830 563 102 33 dessa
948 565 13 30 i
978 565 78 32 sina
1073 566 56 31 till
1146 566 79 32 1928
1242 568 59 30 års
1317 569 410 37 ägogränssakkunniga
1741 580 60 21 av-

298 611 110 36 givna
427 614 195 35 yttranden
641 615 179 37 uppgivit,
841 616 53 31 att
917 617 218 36 upplåtelser
1155 628 46 21 av
1222 618 227 38 skogsfångs-
1471 621 65 30 och
1556 621 245 32 mulbetesser-

299 663 94 34 vitut
420 664 5 31 i
447 665 175 32 samband
641 666 82 32 med
744 667 218 38 avsöndring
982 679 48 21 av
1050 669 80 36 jord
1151 670 78 31 icke
1252 671 216 32 förekomme
1489 672 97 31 inom
1608 674 102 31 dessa
1731 673 70 32 län.

336 714 238 35 Beträffande
597 718 349 34 överlantmätarnas
973 721 192 36 yttranden
1190 722 67 31 har
1280 722 388 39 lantmäteristyrelsen
1691 725 110 31 inled-

298 767 163 37 ningsvis
486 769 122 32 anfört
630 769 111 33 bland
764 773 123 30 annat:

336 827 51 32 De
401 828 172 32 inkomna
588 830 219 36 yttrandena
825 841 107 27 synas
949 832 85 36 giva
1049 833 62 31 vid
1125 834 144 32 handen
1286 836 63 35 att,
1365 835 114 32 såvitt
1493 836 57 31 till
1568 836 232 32 vederböran-

298 870 41 31 de
355 871 321 33 överlantmätares
692 873 199 33 kännedom
909 875 160 37 kommit,
1085 877 78 32 icke
1178 878 13 30 i
1208 878 109 36 något
1333 879 61 30 län
1412 879 174 36 försports
1602 881 119 35 någon
1738 880 63 31 all-

295 915 171 31 männare
491 915 135 36 klagan
650 919 95 35 över,
770 919 53 30 att
848 918 370 38 skogsfångsservitut
1242 921 239 37 äventyrades
1506 931 126 28 genom
1655 925 55 31 att
1733 923 68 31 den

297 956 171 37 tjänande
486 958 238 37 fastighetens
742 960 86 38 skog
847 961 106 32 blivit
970 963 56 30 för
1042 963 82 32 hårt
1140 964 194 32 avverkad.
1371 965 53 32 På
1442 966 118 36 grund
1576 976 45 21 av
1639 966 67 32 den
1724 967 76 31 obe-

297 999 139 37 tydliga
467 1000 240 34 förekomsten
737 1014 47 21 av
814 1004 369 38 skogsfångsservitut
1212 1008 68 31 har
1308 1008 69 32 den
1406 1009 220 37 ifrågasatta
1654 1010 146 36 lagänd-

296 1042 128 37 ringen
442 1044 160 35 angivits
621 1055 90 22 vara
731 1056 46 22 av
798 1047 106 37 ringa
923 1048 180 37 betydelse
1124 1050 56 31 för
1200 1050 73 32 alla
1293 1051 59 31 län
1373 1053 98 30 utom
1489 1052 43 31 de
1552 1049 248 46 norrländska,

295 1085 67 32 där
381 1086 125 37 dylika
524 1089 152 32 servitut
696 1092 64 29 äro
780 1091 156 37 vanliga,
957 1092 146 31 särskilt
1129 1094 5 30 i
1154 1093 324 34 Västernorrlands
1498 1095 70 32 län.

334 1128 76 33 Den
432 1130 207 37 föreslagna
661 1132 263 38 lagändringen
945 1134 68 32 har
1035 1135 195 37 tillstyrkts
1252 1137 125 31 endast
1399 1148 47 21 av
1468 1139 332 32 överlantmätarna

296 1171 13 31 i
328 1172 235 39 Jönköpings,
582 1174 239 40 Kronobergs,
843 1177 153 32 Kalmar
1015 1178 64 32 och
1098 1179 207 33 Jämtlands
1323 1180 70 32 län.

337 1239 334 37 Överlantmätaren
693 1246 14 31 i
728 1245 224 40 Jönköpings
974 1247 62 32 län
1057 1248 66 32 har
1145 1249 133 37 anfört,
1300 1249 110 33 bland
1430 1252 127 30 annat:

336 1301 235 38 Skogsfångs-
591 1304 64 31 och
676 1305 329 34 mulbetesservitut
1029 1308 98 31 torde
1147 1308 13 31 i
1179 1308 199 34 allmänhet
1398 1310 78 32 icke
1497 1321 89 21 vara
1607 1311 57 32 till
1686 1312 114 32 fördel

297 1344 56 32 för
372 1355 85 22 vare
475 1346 56 37 sig
552 1348 66 31 den
636 1347 206 33 härskande
858 1349 87 32 eller
961 1350 70 32 den
1050 1350 172 37 tjänande
1242 1352 219 37 fastigheten
1481 1354 64 31 och
1564 1354 96 32 leder
1679 1355 34 36 ej
1733 1355 67 31 säl-

295 1387 61 32 lan
378 1388 57 32 till
455 1388 166 39 skövling
642 1401 46 21 av
709 1390 87 39 skog
817 1392 64 31 och
899 1392 169 37 oenighet
1087 1394 134 31 mellan
1240 1395 291 33 intressenterna.
1570 1397 76 32 Där
1669 1398 130 31 endera

295 1432 126 35 parten
439 1432 131 32 önskar
587 1434 172 32 servituts
777 1435 226 37 utbrytande,
1022 1446 103 27 synes
1142 1437 74 31 han
1232 1438 126 32 därför
1375 1439 87 32 böra
1479 1442 70 35 äga
1568 1441 137 31 vitsord
1720 1442 79 31 där-

294 1474 66 31 till.
405 1474 125 38 Några
557 1476 157 33 bärande
740 1477 78 32 skäl
844 1479 56 31 för
929 1479 195 32 åtskillnad
1149 1480 134 32 mellan
1306 1482 204 33 härskande
1536 1484 64 31 och
1627 1484 172 37 tjänande

295 1517 172 37 fastighet
492 1519 100 32 torde
616 1529 152 22 numera
791 1521 179 37 knappast
993 1522 121 33 kunna
1141 1524 157 32 anföras.
1342 1525 75 32 Mot
1442 1536 44 21 en
1510 1527 219 37 utvidgning
1753 1538 47 22 av

293 1560 411 38 utbrytningsvitsordet
736 1564 58 31 för
822 1565 68 31 den
919 1566 399 38 servitutsberättigade
1347 1568 76 32 tala
1453 1569 172 37 möjligen
1654 1571 46 31 de
1730 1581 69 22 ser-

295 1604 390 38 vitutsbestämmelser,
703 1616 75 22 som
795 1607 207 33 tillkommit
1018 1609 13 31 i
1050 1611 261 37 sammanhang
1327 1612 81 32 med
1425 1612 138 32 inlösen
1580 1623 47 22 av
1642 1614 157 36 kolonat,

292 1646 204 39 kronotorp,
517 1649 187 37 skogstorp
741 1651 66 31 och
825 1651 349 37 odlingslägenheter
1196 1655 22 30 å
1237 1654 244 36 kronoparker
1500 1656 12 30 i
1532 1656 182 33 Norrland
1733 1658 65 31 och

291 1689 170 38 Dalarna,
484 1702 81 21 men
590 1692 102 33 dessa
716 1703 108 27 synas
847 1695 88 30 utan
958 1695 189 36 olägenhet
1169 1696 124 32 kunna
1316 1698 228 37 undantagas
1569 1700 83 31 från
1675 1700 123 38 lagens

293 1732 241 40 tillämpning.

335 1800 334 36 Överlantmätaren
690 1806 13 31 i
725 1805 229 39 Kronobergs
974 1807 60 32 län
1054 1808 65 31 har
1139 1808 154 33 allenast
1312 1811 125 37 yttrat,
1458 1812 53 31 att
1532 1812 71 31 han
1624 1813 112 32 funne
1754 1814 43 32 de

292 1863 48 22 av
359 1855 265 33 motionärerna
645 1857 155 32 anförda
819 1858 158 32 motiven
1001 1859 55 31 för
1075 1860 70 31 den
1165 1871 46 21 av
1230 1861 80 31 dem
1330 1863 183 35 påyrkade
1534 1864 264 38 lagändringen

292 1906 259 37 välgrundade.

334 1957 333 35 Överlantmätaren
688 1962 12 31 i
722 1961 153 32 Kalmar
898 1962 61 32 län
979 1963 66 32 har
1066 1964 132 37 anfört,
1221 1964 109 33 bland
1351 1967 126 30 annat:

331 2018 123 37 Några
480 2019 227 37 olägenheter
731 2021 57 32 för
812 2023 66 31 den
901 2022 172 36 tjänande
1095 2024 219 37 fastigheten
1336 2036 109 26 synas
1469 2027 77 32 icke
1569 2024 226 45 uppkomma,

291 2060 118 34 därest
429 2062 70 33 den
520 2062 203 34 härskande
745 2064 218 38 fastigheten
984 2069 91 29 även
1096 2067 12 31 i
1131 2068 76 37 fall,
1228 2068 47 32 då
1297 2069 191 32 servitutet
1509 2070 209 33 tillkommit
1740 2080 55 28 ge-

290 2113 83 23 nom
393 2106 111 37 avtal,
525 2106 234 33 tillerkännes
779 2110 74 30 rätt
876 2110 53 31 att
950 2109 38 32 få
1007 2110 191 33 servitutet
1219 2111 161 32 utbrutet
1401 2121 128 28 genom
1549 2114 155 32 särskild
1726 2115 69 32 för-

291 2148 173 37 rättning,
481 2149 92 32 blott
588 2150 59 32 det
664 2151 141 32 medför
823 2153 104 35 nytta
945 2153 64 31 och
1024 2153 71 31 kan
1112 2154 62 31 ske
1191 2156 90 30 utan
1298 2155 147 38 förfång
1464 2157 57 31 för
1537 2157 68 32 den
1622 2158 172 36 tjänande

291 2191 228 37 fastigheten.

330 2287 403 38 Lantmäteristyrelsen
763 2289 67 32 har
859 2290 230 32 beträffande
1119 2300 50 22 nu
1199 2292 158 32 nämnda
1387 2294 54 30 tre
1475 2294 319 33 överlantmätares

291 2338 193 37 yttranden
505 2340 212 37 framhållit,
737 2342 54 31 att
812 2341 100 32 dessa
930 2343 303 31 överlantmätare
1253 2343 162 38 tydligen
1437 2345 76 31 icke
1534 2346 184 36 grundade
1738 2348 55 31 sin

290 2391 235 37 uppfattning
546 2394 45 34 på
613 2401 89 28 egen
721 2393 205 32 erfarenhet
946 2394 84 31 från
1049 2394 201 37 respektive
1271 2395 69 37 län,
1360 2399 87 28 enär
1466 2397 155 31 servitut
1640 2409 46 20 av
1706 2399 87 32 ifrå-

290 2442 205 36 gavarande
522 2443 77 37 slag
623 2444 189 33 därstädes
837 2445 216 33 förekomme
1078 2446 168 37 ytterligt
1271 2449 186 35 sparsamt.
