1882 2792
249 128 37 33 16
610 128 406 41 Bevillningsutskottets
1036 130 221 30 betänkande
1276 140 44 20 nr
1339 131 53 30 45.

291 220 118 30 Under
427 220 219 40 åberopande
666 230 43 21 av
728 222 66 29 vad
814 221 148 31 sålunda
983 221 137 31 anförts
1139 222 56 30 får
1215 222 171 30 utskottet
1406 222 196 34 hemställa,

600 305 46 33 A)
670 307 50 28 att
740 305 187 40 riksdagen
946 306 108 30 måtte
1073 306 12 30 i
1104 306 189 40 anledning
1312 316 43 20 av
1376 306 41 30 de
1438 306 224 40 likalydande
1683 317 73 20 mo-

556 355 162 31 tionerna
745 356 29 30 I:
791 356 40 29 76
860 366 43 20 av
928 356 81 30 herr
1038 356 77 30 Ivar
1143 356 150 30 Persson
1321 366 47 20 m.
1397 357 38 29 fl.
1466 357 66 30 och
1560 357 46 30 II:
1625 358 59 29 151
1714 367 42 21 av

555 405 82 30 herr
664 406 163 30 Hansson
854 407 11 29 i
892 407 140 39 Skegrie
1060 416 47 20 m.
1134 407 50 34 fl.,
1214 408 41 29 de
1282 407 225 40 likalydande
1534 408 221 30 motionerna

556 456 29 29 I:
604 456 61 30 185
690 466 42 21 av
755 457 81 29 herr
860 457 112 30 Domö
997 467 46 20 m.
1067 457 38 30 fl.
1129 458 66 29 och
1218 458 46 29 II:
1280 457 63 31 300
1367 467 43 21 av
1431 458 82 30 herr
1537 458 218 31 Henriksson

555 516 46 20 m.
626 507 39 29 fl.
689 509 90 28 samt
801 508 179 29 motionen
1002 508 29 29 I:
1048 508 63 29 226
1135 517 43 21 av
1198 508 80 30 herr
1301 508 156 39 Näsgård
1479 509 11 29 i
1514 509 167 30 skrivelse
1702 509 52 30 till

555 557 128 39 Kungl.
710 558 105 39 Maj:t
838 558 151 34 anhålla,
1014 560 50 28 att
1090 558 126 39 Kungl.
1241 558 105 40 Maj:t
1370 559 90 34 ville,
1485 560 80 29 med
1588 559 168 31 beaktan-

556 608 42 29 de
626 617 42 21 av
695 609 66 29 vad
788 609 12 29 i
826 609 95 30 detta
950 609 221 30 betänkande
1202 609 146 34 anförts,
1378 610 211 30 föranstalta
1617 619 57 21 om
1702 612 53 28 ut-

555 659 149 39 redning
728 659 148 30 rörande
900 660 42 29 de
967 660 10 29 i
1001 659 220 31 motionerna
1246 660 148 30 berörda
1419 661 218 39 spörsmålen
1665 663 90 28 samt

555 708 56 30 för
633 709 188 40 riksdagen
845 710 195 39 framlägga
1061 710 41 30 de
1125 710 141 39 förslag,
1289 710 116 30 vartill
1426 711 235 39 utredningen
1684 712 71 29 kan

555 759 198 36 föranleda;
780 762 90 28 samt

600 810 43 33 B)
675 813 50 28 att
752 811 178 29 motionen
959 811 45 30 II:
1023 810 61 31 196
1112 820 44 21 av
1182 811 81 30 herr
1289 811 164 30 Hansson
1481 812 12 29 i
1521 812 148 39 Skediga
1696 821 58 21 om

555 861 70 29 rätt
656 861 54 29 till
743 862 128 38 avdrag
901 861 58 30 vid
992 862 362 39 inkomsttaxeringen
1386 862 55 30 för
1474 862 282 40 nyanskaffning

555 920 43 21 av
620 911 180 30 maskiner
822 912 96 30 inom
939 912 210 39 jordbruket
1173 912 118 35 måtte,
1317 913 11 29 i
1353 913 67 29 den
1442 913 84 30 mån
1548 914 206 29 densamma

555 962 77 29 icke
659 962 71 30 kan
756 971 102 21 anses
883 962 169 30 besvarad
1079 970 124 32 genom
1228 964 67 29 vad
1322 963 171 30 utskottet
1518 972 89 21 ovan
1636 964 118 30 anfört

554 1012 65 29 och
642 1012 189 35 hemställt,
855 1022 43 21 av
922 1013 187 39 riksdagen
1134 1013 136 30 lämnas
1294 1015 86 28 utan
1403 1014 133 39 åtgärd.

293 1104 201 30 Stockholm
515 1104 67 30 den
603 1104 42 30 20
664 1104 72 40 maj
763 1104 94 30 1948.

677 1197 48 30 På
749 1197 400 39 bevillningsutskottets
1171 1198 146 39 vägnar:

821 1297 153 30 ADOLV
993 1297 181 31 OLSSON.

873 1548 243 31 Närvarande:

292 1624 82 29 från
408 1624 166 30 första
607 1624 223 30 kammaren:
854 1624 122 30 herrar
998 1624 89 30 Elon
1110 1624 212 35 Andersson,
1346 1625 156 39 Sjödahl,
1524 1625 229 39 Björnsson”,

247 1666 171 35 Heiman,
441 1667 191 34 Franzon”,
656 1666 180 39 Ramberg,
857 1666 167 39 Näsgård,
1047 1666 147 30 Widner
1215 1667 64 29 och
1302 1667 203 35 Isaksson";
1531 1669 90 28 samt

288 1725 81 30 från
431 1726 119 30 andra
579 1726 223 30 kammaren:
821 1726 122 30 herrar
960 1725 127 30 Olsson
1104 1727 11 30 i
1133 1726 114 35 Gävle,
1264 1726 160 39 Hagberg
1439 1726 12 29 i
1471 1726 140 35 Malmö,
1629 1726 125 40 Björk-

248 1768 95 34 lund,
378 1769 186 38 Sandberg,
596 1768 146 39 Orgård,
775 1768 250 34 Henriksson",
1057 1768 153 30 Jonsson
1241 1769 11 29 i
1285 1768 212 40 Skedsbygd,
1531 1768 220 33 Sundström,

247 1810 154 31 Ohlsson
419 1812 11 29 i
449 1811 180 30 Kastlösa"
653 1811 65 29 och
738 1811 152 29 Larsson
908 1811 12 29 i
939 1810 134 30 Luttra.

285 1915 12 13 +»
317 1915 63 23 Icke
399 1915 123 24 närvarit
539 1915 48 23 vid
605 1915 132 30 justering
755 1921 34 17 av
808 1914 194 24 betänkandet.

476 2452 106 23 487706,
619 2451 176 29 Stockholm,
813 2430 90 56 Isaac
912 2447 112 39 Marcus
1043 2432 187 55 Boktryckeri
1251 2432 174 55 Aktiebolag,
1446 2452 74 26 1948.
