<?xml version="1.0" encoding="UTF-8"?>
<alto xmlns="http://www.loc.gov/standards/alto/ns-v3#" xmlns:xlink="http://www.w3.org/1999/xlink" xmlns:xsi="http://www.w3.org/2001/XMLSchema-instance" xsi:schemaLocation="http://www.loc.gov/standards/alto/ns-v3# http://www.loc.gov/alto/v3/alto-3-0.xsd">
	<Description>
		<MeasurementUnit>pixel</MeasurementUnit>
		<sourceImageInformation>
			<fileName>/tmp/tess_asmf6ufb_input.PNG</fileName>
		</sourceImageInformation>
		<OCRProcessing ID="OCR_0">
			<ocrProcessingStep>
				<processingSoftware>
					<softwareName>tesseract 5.3.0</softwareName>
				</processingSoftware>
			</ocrProcessingStep>
		</OCRProcessing>
	</Description>
	<Layout>
		<Page WIDTH="1868" HEIGHT="2776" PHYSICAL_IMG_NR="0" ID="page_0">
			<PrintSpace HPOS="0" VPOS="0" WIDTH="1868" HEIGHT="2776">
				<ComposedBlock ID="cblock_0" HPOS="515" VPOS="171" WIDTH="1056" HEIGHT="39">
					<TextBlock ID="block_0" HPOS="515" VPOS="171" WIDTH="1056" HEIGHT="39">
						<TextLine ID="line_0" HPOS="515" VPOS="171" WIDTH="1056" HEIGHT="39">
							<String ID="string_0" HPOS="515" VPOS="175" WIDTH="298" HEIGHT="35" WC="0.91" CONTENT="Statsutskottets"/><SP WIDTH="19" VPOS="175" HPOS="813"/>
							<String ID="string_1" HPOS="832" VPOS="172" WIDTH="186" HEIGHT="35" WC="0.95" CONTENT="utlåtande"/><SP WIDTH="20" VPOS="172" HPOS="1018"/>
							<String ID="string_2" HPOS="1038" VPOS="184" WIDTH="43" HEIGHT="21" WC="0.95" CONTENT="nr"/><SP WIDTH="19" VPOS="184" HPOS="1081"/>
							<String ID="string_3" HPOS="1100" VPOS="174" WIDTH="32" HEIGHT="31" WC="0.95" CONTENT="8."/><SP WIDTH="398" VPOS="174" HPOS="1132"/>
							<String ID="string_4" HPOS="1530" VPOS="171" WIDTH="41" HEIGHT="30" WC="0.96" CONTENT="61"/>
						</TextLine>
					</TextBlock>
				</ComposedBlock>
				<ComposedBlock ID="cblock_1" HPOS="81" VPOS="248" WIDTH="1494" HEIGHT="374">
					<TextBlock ID="block_1" HPOS="81" VPOS="248" WIDTH="1494" HEIGHT="214">
						<TextLine ID="line_1" HPOS="128" VPOS="248" WIDTH="1443" HEIGHT="54">
							<String ID="string_5" HPOS="128" VPOS="258" WIDTH="114" HEIGHT="44" WC="0.88" CONTENT="107:0)"/><SP WIDTH="27" VPOS="258" HPOS="242"/>
							<String ID="string_6" HPOS="269" VPOS="255" WIDTH="516" HEIGHT="44" WC="0.91" CONTENT="Tandläkarhögskolorna:"/><SP WIDTH="24" VPOS="255" HPOS="785"/>
							<String ID="string_7" HPOS="809" VPOS="253" WIDTH="151" HEIGHT="43" WC="0.96" CONTENT="Bidrag"/><SP WIDTH="20" VPOS="253" HPOS="960"/>
							<String ID="string_8" HPOS="980" VPOS="252" WIDTH="62" HEIGHT="35" WC="0.96" CONTENT="till"/><SP WIDTH="21" VPOS="252" HPOS="1042"/>
							<String ID="string_9" HPOS="1063" VPOS="252" WIDTH="131" HEIGHT="34" WC="0.96" CONTENT="elever"/><SP WIDTH="20" VPOS="252" HPOS="1194"/>
							<String ID="string_10" HPOS="1214" VPOS="251" WIDTH="66" HEIGHT="34" WC="0.96" CONTENT="för"/><SP WIDTH="20" VPOS="251" HPOS="1280"/>
							<String ID="string_11" HPOS="1300" VPOS="248" WIDTH="271" HEIGHT="36" WC="0.91" CONTENT="anskaffande"/>
						</TextLine>
						<TextLine ID="line_2" HPOS="81" VPOS="304" WIDTH="1494" HEIGHT="49">
							<String ID="string_12" HPOS="81" VPOS="322" WIDTH="51" HEIGHT="24" WC="0.96" CONTENT="av"/><SP WIDTH="22" VPOS="322" HPOS="132"/>
							<String ID="string_13" HPOS="154" VPOS="312" WIDTH="255" HEIGHT="35" WC="0.95" CONTENT="instrument."/><SP WIDTH="25" VPOS="312" HPOS="409"/>
							<String ID="string_14" HPOS="434" VPOS="311" WIDTH="19" HEIGHT="34" WC="0.96" CONTENT="I"/><SP WIDTH="20" VPOS="311" HPOS="453"/>
							<String ID="string_15" HPOS="473" VPOS="310" WIDTH="155" HEIGHT="43" WC="0.96" CONTENT="enlighet"/><SP WIDTH="20" VPOS="310" HPOS="628"/>
							<String ID="string_16" HPOS="648" VPOS="309" WIDTH="81" HEIGHT="34" WC="0.96" CONTENT="med"/><SP WIDTH="21" VPOS="309" HPOS="729"/>
							<String ID="string_17" HPOS="750" VPOS="307" WIDTH="133" HEIGHT="44" WC="0.95" CONTENT="Kungl."/><SP WIDTH="21" VPOS="307" HPOS="883"/>
							<String ID="string_18" HPOS="904" VPOS="306" WIDTH="128" HEIGHT="43" WC="0.95" CONTENT="Maj:ts"/><SP WIDTH="22" VPOS="306" HPOS="1032"/>
							<String ID="string_19" HPOS="1054" VPOS="305" WIDTH="130" HEIGHT="43" WC="0.96" CONTENT="förslag"/><SP WIDTH="23" VPOS="305" HPOS="1184"/>
							<String ID="string_20" HPOS="1207" VPOS="304" WIDTH="132" HEIGHT="43" WC="0.96" CONTENT="(punkt"/><SP WIDTH="23" VPOS="304" HPOS="1339"/>
							<String ID="string_21" HPOS="1362" VPOS="306" WIDTH="76" HEIGHT="36" WC="0.92" CONTENT="109,"/><SP WIDTH="21" VPOS="306" HPOS="1438"/>
							<String ID="string_22" HPOS="1459" VPOS="314" WIDTH="27" HEIGHT="22" WC="0.92" CONTENT="s."/><SP WIDTH="23" VPOS="314" HPOS="1486"/>
							<String ID="string_23" HPOS="1509" VPOS="304" WIDTH="66" HEIGHT="32" WC="0.96" CONTENT="174"/>
						</TextLine>
						<TextLine ID="line_3" HPOS="81" VPOS="355" WIDTH="1490" HEIGHT="54">
							<String ID="string_24" HPOS="81" VPOS="366" WIDTH="67" HEIGHT="34" WC="0.96" CONTENT="och"/><SP WIDTH="20" VPOS="366" HPOS="148"/>
							<String ID="string_25" HPOS="168" VPOS="366" WIDTH="94" HEIGHT="43" WC="0.96" CONTENT="175),"/><SP WIDTH="20" VPOS="366" HPOS="262"/>
							<String ID="string_26" HPOS="282" VPOS="365" WIDTH="113" HEIGHT="34" WC="0.96" CONTENT="vilket"/><SP WIDTH="19" VPOS="365" HPOS="395"/>
							<String ID="string_27" HPOS="414" VPOS="363" WIDTH="146" HEIGHT="35" WC="0.93" CONTENT="innebär"/><SP WIDTH="20" VPOS="363" HPOS="560"/>
							<String ID="string_28" HPOS="580" VPOS="362" WIDTH="193" HEIGHT="34" WC="0.92" CONTENT="anvisande"/><SP WIDTH="21" VPOS="362" HPOS="773"/>
							<String ID="string_29" HPOS="794" VPOS="373" WIDTH="46" HEIGHT="22" WC="0.96" CONTENT="av"/><SP WIDTH="20" VPOS="373" HPOS="840"/>
							<String ID="string_30" HPOS="860" VPOS="372" WIDTH="136" HEIGHT="22" WC="0.93" CONTENT="samma"/><SP WIDTH="19" VPOS="372" HPOS="996"/>
							<String ID="string_31" HPOS="1015" VPOS="358" WIDTH="269" HEIGHT="43" WC="0.92" CONTENT="anslagsbelopp"/><SP WIDTH="22" VPOS="358" HPOS="1284"/>
							<String ID="string_32" HPOS="1306" VPOS="369" WIDTH="76" HEIGHT="21" WC="0.96" CONTENT="som"/><SP WIDTH="20" VPOS="369" HPOS="1382"/>
							<String ID="string_33" HPOS="1402" VPOS="355" WIDTH="54" HEIGHT="35" WC="0.92" CONTENT="för"/><SP WIDTH="19" VPOS="355" HPOS="1456"/>
							<String ID="string_34" HPOS="1475" VPOS="355" WIDTH="96" HEIGHT="33" WC="0.92" CONTENT="inne-"/>
						</TextLine>
						<TextLine ID="line_4" HPOS="84" VPOS="415" WIDTH="787" HEIGHT="47">
							<String ID="string_35" HPOS="84" VPOS="420" WIDTH="154" HEIGHT="34" WC="0.96" CONTENT="varande"/><SP WIDTH="19" VPOS="420" HPOS="238"/>
							<String ID="string_36" HPOS="257" VPOS="419" WIDTH="186" HEIGHT="43" WC="0.96" CONTENT="budgetår,"/><SP WIDTH="18" VPOS="419" HPOS="443"/>
							<String ID="string_37" HPOS="461" VPOS="416" WIDTH="202" HEIGHT="35" WC="0.96" CONTENT="hemställer"/><SP WIDTH="17" VPOS="416" HPOS="663"/>
							<String ID="string_38" HPOS="680" VPOS="415" WIDTH="191" HEIGHT="39" WC="0.96" CONTENT="utskottet,"/>
						</TextLine>
					</TextBlock>
					<TextBlock ID="block_2" HPOS="402" VPOS="462" WIDTH="1172" HEIGHT="160">
						<TextLine ID="line_5" HPOS="447" VPOS="462" WIDTH="1126" HEIGHT="51">
							<String ID="string_39" HPOS="447" VPOS="476" WIDTH="55" HEIGHT="29" WC="0.96" CONTENT="att"/><SP WIDTH="22" VPOS="476" HPOS="502"/>
							<String ID="string_40" HPOS="524" VPOS="470" WIDTH="187" HEIGHT="43" WC="0.96" CONTENT="riksdagen"/><SP WIDTH="22" VPOS="470" HPOS="711"/>
							<String ID="string_41" HPOS="733" VPOS="469" WIDTH="60" HEIGHT="34" WC="0.96" CONTENT="må"/><SP WIDTH="21" VPOS="469" HPOS="793"/>
							<String ID="string_42" HPOS="814" VPOS="468" WIDTH="54" HEIGHT="34" WC="0.93" CONTENT="till"/><SP WIDTH="26" VPOS="468" HPOS="868"/>
							<String ID="string_43" HPOS="894" VPOS="464" WIDTH="450" HEIGHT="44" WC="0.91" CONTENT="Tandläkarhögskolorna:"/><SP WIDTH="21" VPOS="464" HPOS="1344"/>
							<String ID="string_44" HPOS="1365" VPOS="463" WIDTH="131" HEIGHT="42" WC="0.95" CONTENT="Bidrag"/><SP WIDTH="24" VPOS="463" HPOS="1496"/>
							<String ID="string_45" HPOS="1520" VPOS="462" WIDTH="53" HEIGHT="34" WC="0.95" CONTENT="till"/>
						</TextLine>
						<TextLine ID="line_6" HPOS="402" VPOS="516" WIDTH="1172" HEIGHT="51">
							<String ID="string_46" HPOS="402" VPOS="525" WIDTH="113" HEIGHT="35" WC="0.96" CONTENT="elever"/><SP WIDTH="39" VPOS="525" HPOS="515"/>
							<String ID="string_47" HPOS="554" VPOS="524" WIDTH="57" HEIGHT="43" WC="0.90" CONTENT="för"/><SP WIDTH="40" VPOS="524" HPOS="611"/>
							<String ID="string_48" HPOS="651" VPOS="522" WIDTH="231" HEIGHT="42" WC="0.87" CONTENT="anskaffande"/><SP WIDTH="42" VPOS="522" HPOS="882"/>
							<String ID="string_49" HPOS="924" VPOS="533" WIDTH="45" HEIGHT="22" WC="0.96" CONTENT="av"/><SP WIDTH="40" VPOS="533" HPOS="969"/>
							<String ID="string_50" HPOS="1009" VPOS="520" WIDTH="216" HEIGHT="34" WC="0.93" CONTENT="instrument"/><SP WIDTH="41" VPOS="520" HPOS="1225"/>
							<String ID="string_51" HPOS="1266" VPOS="517" WIDTH="55" HEIGHT="35" WC="0.96" CONTENT="för"/><SP WIDTH="41" VPOS="517" HPOS="1321"/>
							<String ID="string_52" HPOS="1362" VPOS="516" WIDTH="212" HEIGHT="43" WC="0.96" CONTENT="budgetåret"/>
						</TextLine>
						<TextLine ID="line_7" HPOS="404" VPOS="571" WIDTH="1045" HEIGHT="51">
							<String ID="string_53" HPOS="404" VPOS="578" WIDTH="156" HEIGHT="44" WC="0.91" CONTENT="1954/55"/><SP WIDTH="20" VPOS="578" HPOS="560"/>
							<String ID="string_54" HPOS="580" VPOS="577" WIDTH="125" HEIGHT="34" WC="0.96" CONTENT="anvisa"/><SP WIDTH="17" VPOS="577" HPOS="705"/>
							<String ID="string_55" HPOS="722" VPOS="580" WIDTH="54" HEIGHT="30" WC="0.93" CONTENT="ett"/><SP WIDTH="17" VPOS="580" HPOS="776"/>
							<String ID="string_56" HPOS="793" VPOS="574" WIDTH="270" HEIGHT="43" WC="0.90" CONTENT="förslagsanslag"/><SP WIDTH="18" VPOS="574" HPOS="1063"/>
							<String ID="string_57" HPOS="1081" VPOS="585" WIDTH="46" HEIGHT="22" WC="0.95" CONTENT="av"/><SP WIDTH="17" VPOS="585" HPOS="1127"/>
							<String ID="string_58" HPOS="1144" VPOS="576" WIDTH="66" HEIGHT="30" WC="0.96" CONTENT="220"/><SP WIDTH="15" VPOS="576" HPOS="1210"/>
							<String ID="string_59" HPOS="1225" VPOS="575" WIDTH="65" HEIGHT="31" WC="0.96" CONTENT="000"/><SP WIDTH="19" VPOS="575" HPOS="1290"/>
							<String ID="string_60" HPOS="1309" VPOS="571" WIDTH="140" HEIGHT="34" WC="0.96" CONTENT="kronor."/>
						</TextLine>
					</TextBlock>
				</ComposedBlock>
				<ComposedBlock ID="cblock_2" HPOS="84" VPOS="697" WIDTH="1493" HEIGHT="369">
					<TextBlock ID="block_3" HPOS="84" VPOS="697" WIDTH="1492" HEIGHT="213">
						<TextLine ID="line_8" HPOS="132" VPOS="697" WIDTH="1442" HEIGHT="51">
							<String ID="string_61" HPOS="132" VPOS="705" WIDTH="114" HEIGHT="43" WC="0.85" CONTENT="108:0)"/><SP WIDTH="27" VPOS="705" HPOS="246"/>
							<String ID="string_62" HPOS="273" VPOS="701" WIDTH="516" HEIGHT="44" WC="0.91" CONTENT="Tandläkarhögskolorna:"/><SP WIDTH="30" VPOS="701" HPOS="789"/>
							<String ID="string_63" HPOS="819" VPOS="699" WIDTH="151" HEIGHT="43" WC="0.96" CONTENT="Bidrag"/><SP WIDTH="25" VPOS="699" HPOS="970"/>
							<String ID="string_64" HPOS="995" VPOS="698" WIDTH="62" HEIGHT="35" WC="0.95" CONTENT="till"/><SP WIDTH="27" VPOS="698" HPOS="1057"/>
							<String ID="string_65" HPOS="1084" VPOS="697" WIDTH="152" HEIGHT="34" WC="0.96" CONTENT="driften"/><SP WIDTH="26" VPOS="697" HPOS="1236"/>
							<String ID="string_66" HPOS="1262" VPOS="705" WIDTH="52" HEIGHT="25" WC="0.93" CONTENT="av"/><SP WIDTH="26" VPOS="705" HPOS="1314"/>
							<String ID="string_67" HPOS="1340" VPOS="704" WIDTH="234" HEIGHT="25" WC="0.91" CONTENT="amanuens-"/>
						</TextLine>
						<TextLine ID="line_9" HPOS="84" VPOS="747" WIDTH="1491" HEIGHT="53">
							<String ID="string_68" HPOS="84" VPOS="759" WIDTH="185" HEIGHT="35" WC="0.96" CONTENT="kliniker."/><SP WIDTH="32" VPOS="759" HPOS="269"/>
							<String ID="string_69" HPOS="301" VPOS="758" WIDTH="19" HEIGHT="34" WC="0.96" CONTENT="I"/><SP WIDTH="19" VPOS="758" HPOS="320"/>
							<String ID="string_70" HPOS="339" VPOS="757" WIDTH="155" HEIGHT="43" WC="0.96" CONTENT="enlighet"/><SP WIDTH="17" VPOS="757" HPOS="494"/>
							<String ID="string_71" HPOS="511" VPOS="756" WIDTH="83" HEIGHT="34" WC="0.96" CONTENT="med"/><SP WIDTH="19" VPOS="756" HPOS="594"/>
							<String ID="string_72" HPOS="613" VPOS="755" WIDTH="133" HEIGHT="42" WC="0.96" CONTENT="Kungl."/><SP WIDTH="19" VPOS="755" HPOS="746"/>
							<String ID="string_73" HPOS="765" VPOS="753" WIDTH="129" HEIGHT="43" WC="0.96" CONTENT="Maj:ts"/><SP WIDTH="20" VPOS="753" HPOS="894"/>
							<String ID="string_74" HPOS="914" VPOS="752" WIDTH="129" HEIGHT="43" WC="0.96" CONTENT="förslag"/><SP WIDTH="23" VPOS="752" HPOS="1043"/>
							<String ID="string_75" HPOS="1066" VPOS="751" WIDTH="132" HEIGHT="44" WC="0.96" CONTENT="(punkt"/><SP WIDTH="21" VPOS="751" HPOS="1198"/>
							<String ID="string_76" HPOS="1219" VPOS="753" WIDTH="77" HEIGHT="37" WC="0.92" CONTENT="110,"/><SP WIDTH="21" VPOS="753" HPOS="1296"/>
							<String ID="string_77" HPOS="1317" VPOS="761" WIDTH="27" HEIGHT="22" WC="0.87" CONTENT="s."/><SP WIDTH="22" VPOS="761" HPOS="1344"/>
							<String ID="string_78" HPOS="1366" VPOS="747" WIDTH="209" HEIGHT="42" WC="0.58" CONTENT="175—177),"/>
						</TextLine>
						<TextLine ID="line_10" HPOS="86" VPOS="801" WIDTH="1490" HEIGHT="48">
							<String ID="string_79" HPOS="86" VPOS="813" WIDTH="113" HEIGHT="34" WC="0.96" CONTENT="vilket"/><SP WIDTH="25" VPOS="813" HPOS="199"/>
							<String ID="string_80" HPOS="224" VPOS="812" WIDTH="148" HEIGHT="35" WC="0.93" CONTENT="innebär"/><SP WIDTH="26" VPOS="812" HPOS="372"/>
							<String ID="string_81" HPOS="398" VPOS="810" WIDTH="193" HEIGHT="35" WC="0.92" CONTENT="anvisande"/><SP WIDTH="28" VPOS="810" HPOS="591"/>
							<String ID="string_82" HPOS="619" VPOS="821" WIDTH="47" HEIGHT="22" WC="0.96" CONTENT="av"/><SP WIDTH="27" VPOS="821" HPOS="666"/>
							<String ID="string_83" HPOS="693" VPOS="819" WIDTH="136" HEIGHT="23" WC="0.93" CONTENT="samma"/><SP WIDTH="27" VPOS="819" HPOS="829"/>
							<String ID="string_84" HPOS="856" VPOS="805" WIDTH="268" HEIGHT="44" WC="0.91" CONTENT="anslagsbelopp"/><SP WIDTH="28" VPOS="805" HPOS="1124"/>
							<String ID="string_85" HPOS="1152" VPOS="816" WIDTH="76" HEIGHT="23" WC="0.96" CONTENT="som"/><SP WIDTH="27" VPOS="816" HPOS="1228"/>
							<String ID="string_86" HPOS="1255" VPOS="803" WIDTH="55" HEIGHT="35" WC="0.96" CONTENT="för"/><SP WIDTH="26" VPOS="803" HPOS="1310"/>
							<String ID="string_87" HPOS="1336" VPOS="801" WIDTH="240" HEIGHT="36" WC="0.96" CONTENT="innevarande"/>
						</TextLine>
						<TextLine ID="line_11" HPOS="88" VPOS="863" WIDTH="610" HEIGHT="47">
							<String ID="string_88" HPOS="88" VPOS="867" WIDTH="186" HEIGHT="43" WC="0.95" CONTENT="budgetår,"/><SP WIDTH="16" VPOS="867" HPOS="274"/>
							<String ID="string_89" HPOS="290" VPOS="865" WIDTH="203" HEIGHT="35" WC="0.96" CONTENT="hemställer"/><SP WIDTH="13" VPOS="865" HPOS="493"/>
							<String ID="string_90" HPOS="506" VPOS="863" WIDTH="192" HEIGHT="39" WC="0.96" CONTENT="utskottet,"/>
						</TextLine>
					</TextBlock>
					<TextBlock ID="block_4" HPOS="405" VPOS="908" WIDTH="1172" HEIGHT="158">
						<TextLine ID="line_12" HPOS="450" VPOS="908" WIDTH="1127" HEIGHT="50">
							<String ID="string_91" HPOS="450" VPOS="922" WIDTH="56" HEIGHT="29" WC="0.96" CONTENT="att"/><SP WIDTH="21" VPOS="922" HPOS="506"/>
							<String ID="string_92" HPOS="527" VPOS="916" WIDTH="188" HEIGHT="42" WC="0.96" CONTENT="riksdagen"/><SP WIDTH="22" VPOS="916" HPOS="715"/>
							<String ID="string_93" HPOS="737" VPOS="915" WIDTH="60" HEIGHT="34" WC="0.96" CONTENT="må"/><SP WIDTH="21" VPOS="915" HPOS="797"/>
							<String ID="string_94" HPOS="818" VPOS="914" WIDTH="54" HEIGHT="34" WC="0.92" CONTENT="till"/><SP WIDTH="26" VPOS="914" HPOS="872"/>
							<String ID="string_95" HPOS="898" VPOS="910" WIDTH="450" HEIGHT="44" WC="0.90" CONTENT="Tandläkarhögskolorna:"/><SP WIDTH="20" VPOS="910" HPOS="1348"/>
							<String ID="string_96" HPOS="1368" VPOS="909" WIDTH="131" HEIGHT="42" WC="0.96" CONTENT="Bidrag"/><SP WIDTH="24" VPOS="909" HPOS="1499"/>
							<String ID="string_97" HPOS="1523" VPOS="908" WIDTH="54" HEIGHT="34" WC="0.96" CONTENT="till"/>
						</TextLine>
						<TextLine ID="line_13" HPOS="405" VPOS="962" WIDTH="1172" HEIGHT="52">
							<String ID="string_98" HPOS="405" VPOS="971" WIDTH="131" HEIGHT="43" WC="0.96" CONTENT="driften"/><SP WIDTH="27" VPOS="971" HPOS="536"/>
							<String ID="string_99" HPOS="563" VPOS="982" WIDTH="46" HEIGHT="22" WC="0.93" CONTENT="av"/><SP WIDTH="28" VPOS="982" HPOS="609"/>
							<String ID="string_100" HPOS="637" VPOS="967" WIDTH="344" HEIGHT="37" WC="0.91" CONTENT="amanuenskliniker"/><SP WIDTH="26" VPOS="967" HPOS="981"/>
							<String ID="string_101" HPOS="1007" VPOS="966" WIDTH="55" HEIGHT="34" WC="0.96" CONTENT="för"/><SP WIDTH="27" VPOS="966" HPOS="1062"/>
							<String ID="string_102" HPOS="1089" VPOS="965" WIDTH="212" HEIGHT="43" WC="0.93" CONTENT="budgetåret"/><SP WIDTH="30" VPOS="965" HPOS="1301"/>
							<String ID="string_103" HPOS="1331" VPOS="962" WIDTH="155" HEIGHT="43" WC="0.89" CONTENT="1954/55"/><SP WIDTH="30" VPOS="962" HPOS="1486"/>
							<String ID="string_104" HPOS="1516" VPOS="974" WIDTH="61" HEIGHT="22" WC="0.92" CONTENT="an-"/>
						</TextLine>
						<TextLine ID="line_14" HPOS="407" VPOS="1020" WIDTH="826" HEIGHT="46">
							<String ID="string_105" HPOS="407" VPOS="1026" WIDTH="77" HEIGHT="34" WC="0.96" CONTENT="visa"/><SP WIDTH="17" VPOS="1026" HPOS="484"/>
							<String ID="string_106" HPOS="501" VPOS="1029" WIDTH="55" HEIGHT="30" WC="0.92" CONTENT="ett"/><SP WIDTH="17" VPOS="1029" HPOS="556"/>
							<String ID="string_107" HPOS="573" VPOS="1023" WIDTH="271" HEIGHT="43" WC="0.91" CONTENT="förslagsanslag"/><SP WIDTH="18" VPOS="1023" HPOS="844"/>
							<String ID="string_108" HPOS="862" VPOS="1033" WIDTH="47" HEIGHT="23" WC="0.96" CONTENT="av"/><SP WIDTH="20" VPOS="1033" HPOS="909"/>
							<String ID="string_109" HPOS="929" VPOS="1024" WIDTH="64" HEIGHT="31" WC="0.96" CONTENT="150"/><SP WIDTH="15" VPOS="1024" HPOS="993"/>
							<String ID="string_110" HPOS="1008" VPOS="1024" WIDTH="67" HEIGHT="31" WC="0.96" CONTENT="000"/><SP WIDTH="18" VPOS="1024" HPOS="1075"/>
							<String ID="string_111" HPOS="1093" VPOS="1020" WIDTH="140" HEIGHT="33" WC="0.96" CONTENT="kronor."/>
						</TextLine>
					</TextBlock>
				</ComposedBlock>
				<ComposedBlock ID="cblock_3" HPOS="88" VPOS="1133" WIDTH="1494" HEIGHT="372">
					<TextBlock ID="block_5" HPOS="88" VPOS="1133" WIDTH="1491" HEIGHT="213">
						<TextLine ID="line_15" HPOS="135" VPOS="1133" WIDTH="1442" HEIGHT="54">
							<String ID="string_112" HPOS="135" VPOS="1144" WIDTH="114" HEIGHT="43" WC="0.83" CONTENT="109:0)"/><SP WIDTH="27" VPOS="1144" HPOS="249"/>
							<String ID="string_113" HPOS="276" VPOS="1141" WIDTH="269" HEIGHT="37" WC="0.96" CONTENT="Anordnande"/><SP WIDTH="24" VPOS="1141" HPOS="545"/>
							<String ID="string_114" HPOS="569" VPOS="1151" WIDTH="52" HEIGHT="24" WC="0.96" CONTENT="av"/><SP WIDTH="22" VPOS="1151" HPOS="621"/>
							<String ID="string_115" HPOS="643" VPOS="1139" WIDTH="227" HEIGHT="42" WC="0.95" CONTENT="utbildning"/><SP WIDTH="23" VPOS="1139" HPOS="870"/>
							<String ID="string_116" HPOS="893" VPOS="1138" WIDTH="66" HEIGHT="34" WC="0.96" CONTENT="för"/><SP WIDTH="22" VPOS="1138" HPOS="959"/>
							<String ID="string_117" HPOS="981" VPOS="1135" WIDTH="285" HEIGHT="36" WC="0.96" CONTENT="tandtekniker"/><SP WIDTH="24" VPOS="1135" HPOS="1266"/>
							<String ID="string_118" HPOS="1290" VPOS="1134" WIDTH="75" HEIGHT="34" WC="0.96" CONTENT="och"/><SP WIDTH="24" VPOS="1134" HPOS="1365"/>
							<String ID="string_119" HPOS="1389" VPOS="1133" WIDTH="188" HEIGHT="35" WC="0.90" CONTENT="tandskö-"/>
						</TextLine>
						<TextLine ID="line_16" HPOS="88" VPOS="1186" WIDTH="1490" HEIGHT="54">
							<String ID="string_120" HPOS="88" VPOS="1199" WIDTH="173" HEIGHT="35" WC="0.92" CONTENT="terskor."/><SP WIDTH="26" VPOS="1199" HPOS="261"/>
							<String ID="string_121" HPOS="287" VPOS="1197" WIDTH="19" HEIGHT="35" WC="0.95" CONTENT="I"/><SP WIDTH="16" VPOS="1197" HPOS="306"/>
							<String ID="string_122" HPOS="322" VPOS="1196" WIDTH="155" HEIGHT="44" WC="0.96" CONTENT="enlighet"/><SP WIDTH="14" VPOS="1196" HPOS="477"/>
							<String ID="string_123" HPOS="491" VPOS="1195" WIDTH="82" HEIGHT="35" WC="0.96" CONTENT="med"/><SP WIDTH="14" VPOS="1195" HPOS="573"/>
							<String ID="string_124" HPOS="587" VPOS="1194" WIDTH="134" HEIGHT="43" WC="0.95" CONTENT="Kungl."/><SP WIDTH="15" VPOS="1194" HPOS="721"/>
							<String ID="string_125" HPOS="736" VPOS="1192" WIDTH="129" HEIGHT="43" WC="0.96" CONTENT="Maj:ts"/><SP WIDTH="16" VPOS="1192" HPOS="865"/>
							<String ID="string_126" HPOS="881" VPOS="1192" WIDTH="129" HEIGHT="42" WC="0.96" CONTENT="förslag"/><SP WIDTH="19" VPOS="1192" HPOS="1010"/>
							<String ID="string_127" HPOS="1029" VPOS="1190" WIDTH="132" HEIGHT="44" WC="0.96" CONTENT="(punkt"/><SP WIDTH="17" VPOS="1190" HPOS="1161"/>
							<String ID="string_128" HPOS="1178" VPOS="1192" WIDTH="77" HEIGHT="37" WC="0.93" CONTENT="111,"/><SP WIDTH="17" VPOS="1192" HPOS="1255"/>
							<String ID="string_129" HPOS="1272" VPOS="1201" WIDTH="26" HEIGHT="21" WC="0.93" CONTENT="s."/><SP WIDTH="19" VPOS="1201" HPOS="1298"/>
							<String ID="string_130" HPOS="1317" VPOS="1191" WIDTH="66" HEIGHT="31" WC="0.96" CONTENT="177"/><SP WIDTH="16" VPOS="1191" HPOS="1383"/>
							<String ID="string_131" HPOS="1399" VPOS="1187" WIDTH="66" HEIGHT="34" WC="0.96" CONTENT="och"/><SP WIDTH="18" VPOS="1187" HPOS="1465"/>
							<String ID="string_132" HPOS="1483" VPOS="1186" WIDTH="95" HEIGHT="41" WC="0.78" CONTENT="178),"/>
						</TextLine>
						<TextLine ID="line_17" HPOS="88" VPOS="1241" WIDTH="1491" HEIGHT="50">
							<String ID="string_133" HPOS="88" VPOS="1252" WIDTH="114" HEIGHT="34" WC="0.95" CONTENT="vilket"/><SP WIDTH="33" VPOS="1252" HPOS="202"/>
							<String ID="string_134" HPOS="235" VPOS="1251" WIDTH="149" HEIGHT="34" WC="0.95" CONTENT="innebär"/><SP WIDTH="34" VPOS="1251" HPOS="384"/>
							<String ID="string_135" HPOS="418" VPOS="1262" WIDTH="44" HEIGHT="22" WC="0.91" CONTENT="en"/><SP WIDTH="35" VPOS="1262" HPOS="462"/>
							<String ID="string_136" HPOS="497" VPOS="1247" WIDTH="343" HEIGHT="44" WC="0.91" CONTENT="anslagsminskning"/><SP WIDTH="35" VPOS="1247" HPOS="840"/>
							<String ID="string_137" HPOS="875" VPOS="1246" WIDTH="81" HEIGHT="34" WC="0.96" CONTENT="med"/><SP WIDTH="27" VPOS="1246" HPOS="956"/>
							<String ID="string_138" HPOS="983" VPOS="1248" WIDTH="123" HEIGHT="31" WC="0.81" CONTENT="10000"/><SP WIDTH="25" VPOS="1248" HPOS="1106"/>
							<String ID="string_139" HPOS="1131" VPOS="1244" WIDTH="140" HEIGHT="39" WC="0.96" CONTENT="kronor,"/><SP WIDTH="25" VPOS="1244" HPOS="1271"/>
							<String ID="string_140" HPOS="1296" VPOS="1241" WIDTH="202" HEIGHT="35" WC="0.93" CONTENT="hemställer"/><SP WIDTH="24" VPOS="1241" HPOS="1498"/>
							<String ID="string_141" HPOS="1522" VPOS="1244" WIDTH="57" HEIGHT="30" WC="0.92" CONTENT="ut-"/>
						</TextLine>
						<TextLine ID="line_18" HPOS="90" VPOS="1306" WIDTH="148" HEIGHT="40">
							<String ID="string_142" HPOS="90" VPOS="1306" WIDTH="148" HEIGHT="40" WC="0.96" CONTENT="skottet,"/>
						</TextLine>
					</TextBlock>
					<TextBlock ID="block_6" HPOS="410" VPOS="1347" WIDTH="1172" HEIGHT="158">
						<TextLine ID="line_19" HPOS="456" VPOS="1347" WIDTH="1124" HEIGHT="51">
							<String ID="string_143" HPOS="456" VPOS="1361" WIDTH="55" HEIGHT="29" WC="0.96" CONTENT="att"/><SP WIDTH="16" VPOS="1361" HPOS="511"/>
							<String ID="string_144" HPOS="527" VPOS="1355" WIDTH="187" HEIGHT="43" WC="0.96" CONTENT="riksdagen"/><SP WIDTH="15" VPOS="1355" HPOS="714"/>
							<String ID="string_145" HPOS="729" VPOS="1355" WIDTH="60" HEIGHT="33" WC="0.96" CONTENT="må"/><SP WIDTH="15" VPOS="1355" HPOS="789"/>
							<String ID="string_146" HPOS="804" VPOS="1353" WIDTH="54" HEIGHT="34" WC="0.96" CONTENT="till"/><SP WIDTH="15" VPOS="1353" HPOS="858"/>
							<String ID="string_147" HPOS="873" VPOS="1351" WIDTH="239" HEIGHT="36" WC="0.96" CONTENT="Anordnande"/><SP WIDTH="17" VPOS="1351" HPOS="1112"/>
							<String ID="string_148" HPOS="1129" VPOS="1363" WIDTH="45" HEIGHT="21" WC="0.96" CONTENT="av"/><SP WIDTH="16" VPOS="1363" HPOS="1174"/>
							<String ID="string_149" HPOS="1190" VPOS="1349" WIDTH="203" HEIGHT="43" WC="0.95" CONTENT="utbildning"/><SP WIDTH="13" VPOS="1349" HPOS="1393"/>
							<String ID="string_150" HPOS="1406" VPOS="1348" WIDTH="55" HEIGHT="43" WC="0.93" CONTENT="för"/><SP WIDTH="16" VPOS="1348" HPOS="1461"/>
							<String ID="string_151" HPOS="1477" VPOS="1347" WIDTH="103" HEIGHT="35" WC="0.92" CONTENT="tand-"/>
						</TextLine>
						<TextLine ID="line_20" HPOS="410" VPOS="1400" WIDTH="1172" HEIGHT="47">
							<String ID="string_152" HPOS="410" VPOS="1410" WIDTH="161" HEIGHT="35" WC="0.96" CONTENT="tekniker"/><SP WIDTH="16" VPOS="1410" HPOS="571"/>
							<String ID="string_153" HPOS="587" VPOS="1409" WIDTH="67" HEIGHT="34" WC="0.93" CONTENT="och"/><SP WIDTH="18" VPOS="1409" HPOS="654"/>
							<String ID="string_154" HPOS="672" VPOS="1406" WIDTH="291" HEIGHT="36" WC="0.91" CONTENT="tandsköterskor"/><SP WIDTH="17" VPOS="1406" HPOS="963"/>
							<String ID="string_155" HPOS="980" VPOS="1405" WIDTH="54" HEIGHT="34" WC="0.96" CONTENT="för"/><SP WIDTH="17" VPOS="1405" HPOS="1034"/>
							<String ID="string_156" HPOS="1051" VPOS="1404" WIDTH="213" HEIGHT="43" WC="0.93" CONTENT="budgetåret"/><SP WIDTH="18" VPOS="1404" HPOS="1264"/>
							<String ID="string_157" HPOS="1282" VPOS="1402" WIDTH="157" HEIGHT="43" WC="0.62" CONTENT="1954/55"/><SP WIDTH="19" VPOS="1402" HPOS="1439"/>
							<String ID="string_158" HPOS="1458" VPOS="1400" WIDTH="124" HEIGHT="35" WC="0.96" CONTENT="anvisa"/>
						</TextLine>
						<TextLine ID="line_21" HPOS="411" VPOS="1459" WIDTH="725" HEIGHT="46">
							<String ID="string_159" HPOS="411" VPOS="1468" WIDTH="54" HEIGHT="30" WC="0.91" CONTENT="ett"/><SP WIDTH="16" VPOS="1468" HPOS="465"/>
							<String ID="string_160" HPOS="481" VPOS="1461" WIDTH="270" HEIGHT="44" WC="0.90" CONTENT="förslagsanslag"/><SP WIDTH="18" VPOS="1461" HPOS="751"/>
							<String ID="string_161" HPOS="769" VPOS="1472" WIDTH="45" HEIGHT="23" WC="0.96" CONTENT="av"/><SP WIDTH="19" VPOS="1472" HPOS="814"/>
							<String ID="string_162" HPOS="833" VPOS="1463" WIDTH="64" HEIGHT="31" WC="0.95" CONTENT="165"/><SP WIDTH="16" VPOS="1463" HPOS="897"/>
							<String ID="string_163" HPOS="913" VPOS="1463" WIDTH="65" HEIGHT="30" WC="0.96" CONTENT="000"/><SP WIDTH="18" VPOS="1463" HPOS="978"/>
							<String ID="string_164" HPOS="996" VPOS="1459" WIDTH="140" HEIGHT="34" WC="0.96" CONTENT="kronor."/>
						</TextLine>
					</TextBlock>
				</ComposedBlock>
				<ComposedBlock ID="cblock_4" HPOS="91" VPOS="1571" WIDTH="1495" HEIGHT="480">
					<TextBlock ID="block_7" HPOS="91" VPOS="1571" WIDTH="1493" HEIGHT="267">
						<TextLine ID="line_22" HPOS="143" VPOS="1571" WIDTH="1438" HEIGHT="54">
							<String ID="string_165" HPOS="143" VPOS="1582" WIDTH="113" HEIGHT="43" WC="0.58" CONTENT="110:o0)"/><SP WIDTH="29" VPOS="1582" HPOS="256"/>
							<String ID="string_166" HPOS="285" VPOS="1582" WIDTH="305" HEIGHT="35" WC="0.93" CONTENT="Gemensamma"/><SP WIDTH="31" VPOS="1582" HPOS="590"/>
							<String ID="string_167" HPOS="621" VPOS="1574" WIDTH="465" HEIGHT="39" WC="0.91" CONTENT="universitetsändamål:"/><SP WIDTH="36" VPOS="1574" HPOS="1086"/>
							<String ID="string_168" HPOS="1122" VPOS="1574" WIDTH="242" HEIGHT="42" WC="0.95" CONTENT="Ersättning"/><SP WIDTH="31" VPOS="1574" HPOS="1364"/>
							<String ID="string_169" HPOS="1395" VPOS="1571" WIDTH="45" HEIGHT="36" WC="0.91" CONTENT="åt"/><SP WIDTH="30" VPOS="1571" HPOS="1440"/>
							<String ID="string_170" HPOS="1470" VPOS="1573" WIDTH="111" HEIGHT="33" WC="0.91" CONTENT="över-"/>
						</TextLine>
						<TextLine ID="line_23" HPOS="91" VPOS="1625" WIDTH="1491" HEIGHT="53">
							<String ID="string_171" HPOS="91" VPOS="1638" WIDTH="139" HEIGHT="34" WC="0.96" CONTENT="läkare"/><SP WIDTH="22" VPOS="1638" HPOS="230"/>
							<String ID="string_172" HPOS="252" VPOS="1636" WIDTH="69" HEIGHT="35" WC="0.96" CONTENT="vid"/><SP WIDTH="23" VPOS="1636" HPOS="321"/>
							<String ID="string_173" HPOS="344" VPOS="1636" WIDTH="111" HEIGHT="34" WC="0.96" CONTENT="vissa"/><SP WIDTH="22" VPOS="1636" HPOS="455"/>
							<String ID="string_174" HPOS="477" VPOS="1633" WIDTH="343" HEIGHT="45" WC="0.96" CONTENT="epidemisjukhus"/><SP WIDTH="23" VPOS="1633" HPOS="820"/>
							<String ID="string_175" HPOS="843" VPOS="1632" WIDTH="66" HEIGHT="33" WC="0.96" CONTENT="för"/><SP WIDTH="23" VPOS="1632" HPOS="909"/>
							<String ID="string_176" HPOS="932" VPOS="1630" WIDTH="149" HEIGHT="34" WC="0.96" CONTENT="klinisk"/><SP WIDTH="23" VPOS="1630" HPOS="1081"/>
							<String ID="string_177" HPOS="1104" VPOS="1627" WIDTH="288" HEIGHT="43" WC="0.96" CONTENT="undervisning"/><SP WIDTH="24" VPOS="1627" HPOS="1392"/>
							<String ID="string_178" HPOS="1416" VPOS="1627" WIDTH="13" HEIGHT="33" WC="0.92" CONTENT="i"/><SP WIDTH="24" VPOS="1627" HPOS="1429"/>
							<String ID="string_179" HPOS="1453" VPOS="1625" WIDTH="129" HEIGHT="43" WC="0.90" CONTENT="epide-"/>
						</TextLine>
						<TextLine ID="line_24" HPOS="91" VPOS="1679" WIDTH="1493" HEIGHT="55">
							<String ID="string_180" HPOS="91" VPOS="1690" WIDTH="163" HEIGHT="44" WC="0.90" CONTENT="miologi"/><SP WIDTH="21" VPOS="1690" HPOS="254"/>
							<String ID="string_181" HPOS="275" VPOS="1688" WIDTH="45" HEIGHT="37" WC="0.96" CONTENT="åt"/><SP WIDTH="19" VPOS="1688" HPOS="320"/>
							<String ID="string_182" HPOS="339" VPOS="1689" WIDTH="193" HEIGHT="34" WC="0.96" CONTENT="medicine"/><SP WIDTH="19" VPOS="1689" HPOS="532"/>
							<String ID="string_183" HPOS="551" VPOS="1686" WIDTH="252" HEIGHT="35" WC="0.96" CONTENT="kandidater."/><SP WIDTH="32" VPOS="1686" HPOS="803"/>
							<String ID="string_184" HPOS="835" VPOS="1685" WIDTH="20" HEIGHT="34" WC="0.95" CONTENT="I"/><SP WIDTH="19" VPOS="1685" HPOS="855"/>
							<String ID="string_185" HPOS="874" VPOS="1684" WIDTH="153" HEIGHT="43" WC="0.96" CONTENT="enlighet"/><SP WIDTH="20" VPOS="1684" HPOS="1027"/>
							<String ID="string_186" HPOS="1047" VPOS="1683" WIDTH="82" HEIGHT="34" WC="0.96" CONTENT="med"/><SP WIDTH="20" VPOS="1683" HPOS="1129"/>
							<String ID="string_187" HPOS="1149" VPOS="1682" WIDTH="134" HEIGHT="42" WC="0.95" CONTENT="Kungl."/><SP WIDTH="21" VPOS="1682" HPOS="1283"/>
							<String ID="string_188" HPOS="1304" VPOS="1680" WIDTH="129" HEIGHT="43" WC="0.96" CONTENT="Maj:ts"/><SP WIDTH="20" VPOS="1680" HPOS="1433"/>
							<String ID="string_189" HPOS="1453" VPOS="1679" WIDTH="131" HEIGHT="42" WC="0.96" CONTENT="förslag"/>
						</TextLine>
						<TextLine ID="line_25" HPOS="98" VPOS="1734" WIDTH="1486" HEIGHT="54">
							<String ID="string_190" HPOS="98" VPOS="1745" WIDTH="131" HEIGHT="43" WC="0.96" CONTENT="(punkt"/><SP WIDTH="18" VPOS="1745" HPOS="229"/>
							<String ID="string_191" HPOS="247" VPOS="1747" WIDTH="77" HEIGHT="37" WC="0.92" CONTENT="112,"/><SP WIDTH="19" VPOS="1747" HPOS="324"/>
							<String ID="string_192" HPOS="343" VPOS="1756" WIDTH="26" HEIGHT="22" WC="0.92" CONTENT="s."/><SP WIDTH="19" VPOS="1756" HPOS="369"/>
							<String ID="string_193" HPOS="388" VPOS="1743" WIDTH="95" HEIGHT="42" WC="0.96" CONTENT="178),"/><SP WIDTH="17" VPOS="1743" HPOS="483"/>
							<String ID="string_194" HPOS="500" VPOS="1742" WIDTH="112" HEIGHT="33" WC="0.96" CONTENT="vilket"/><SP WIDTH="17" VPOS="1742" HPOS="612"/>
							<String ID="string_195" HPOS="629" VPOS="1740" WIDTH="146" HEIGHT="35" WC="0.93" CONTENT="innebär"/><SP WIDTH="18" VPOS="1740" HPOS="775"/>
							<String ID="string_196" HPOS="793" VPOS="1738" WIDTH="192" HEIGHT="35" WC="0.91" CONTENT="anvisande"/><SP WIDTH="18" VPOS="1738" HPOS="985"/>
							<String ID="string_197" HPOS="1003" VPOS="1749" WIDTH="46" HEIGHT="22" WC="0.96" CONTENT="av"/><SP WIDTH="18" VPOS="1749" HPOS="1049"/>
							<String ID="string_198" HPOS="1067" VPOS="1748" WIDTH="136" HEIGHT="23" WC="0.95" CONTENT="samma"/><SP WIDTH="17" VPOS="1748" HPOS="1203"/>
							<String ID="string_199" HPOS="1220" VPOS="1734" WIDTH="269" HEIGHT="43" WC="0.90" CONTENT="anslagsbelopp"/><SP WIDTH="18" VPOS="1734" HPOS="1489"/>
							<String ID="string_200" HPOS="1507" VPOS="1745" WIDTH="77" HEIGHT="22" WC="0.96" CONTENT="som"/>
						</TextLine>
						<TextLine ID="line_26" HPOS="94" VPOS="1792" WIDTH="940" HEIGHT="46">
							<String ID="string_201" HPOS="94" VPOS="1798" WIDTH="55" HEIGHT="34" WC="0.96" CONTENT="för"/><SP WIDTH="17" VPOS="1798" HPOS="149"/>
							<String ID="string_202" HPOS="166" VPOS="1797" WIDTH="241" HEIGHT="35" WC="0.96" CONTENT="innevarande"/><SP WIDTH="17" VPOS="1797" HPOS="407"/>
							<String ID="string_203" HPOS="424" VPOS="1796" WIDTH="184" HEIGHT="42" WC="0.96" CONTENT="budgetår,"/><SP WIDTH="18" VPOS="1796" HPOS="608"/>
							<String ID="string_204" HPOS="626" VPOS="1794" WIDTH="201" HEIGHT="34" WC="0.96" CONTENT="hemställer"/><SP WIDTH="18" VPOS="1794" HPOS="827"/>
							<String ID="string_205" HPOS="845" VPOS="1792" WIDTH="189" HEIGHT="39" WC="0.96" CONTENT="utskottet,"/>
						</TextLine>
					</TextBlock>
					<TextBlock ID="block_8" HPOS="412" VPOS="1839" WIDTH="1174" HEIGHT="212">
						<TextLine ID="line_27" HPOS="458" VPOS="1839" WIDTH="1126" HEIGHT="51">
							<String ID="string_206" HPOS="458" VPOS="1853" WIDTH="55" HEIGHT="30" WC="0.96" CONTENT="att"/><SP WIDTH="18" VPOS="1853" HPOS="513"/>
							<String ID="string_207" HPOS="531" VPOS="1848" WIDTH="187" HEIGHT="42" WC="0.96" CONTENT="riksdagen"/><SP WIDTH="17" VPOS="1848" HPOS="718"/>
							<String ID="string_208" HPOS="735" VPOS="1847" WIDTH="60" HEIGHT="33" WC="0.96" CONTENT="må"/><SP WIDTH="18" VPOS="1847" HPOS="795"/>
							<String ID="string_209" HPOS="813" VPOS="1846" WIDTH="54" HEIGHT="33" WC="0.95" CONTENT="till"/><SP WIDTH="20" VPOS="1846" HPOS="867"/>
							<String ID="string_210" HPOS="887" VPOS="1845" WIDTH="272" HEIGHT="34" WC="0.93" CONTENT="Gemensamma"/><SP WIDTH="17" VPOS="1845" HPOS="1159"/>
							<String ID="string_211" HPOS="1176" VPOS="1839" WIDTH="408" HEIGHT="37" WC="0.88" CONTENT="universitetsändamål:"/>
						</TextLine>
						<TextLine ID="line_28" HPOS="412" VPOS="1892" WIDTH="1173" HEIGHT="51">
							<String ID="string_212" HPOS="412" VPOS="1901" WIDTH="209" HEIGHT="42" WC="0.96" CONTENT="Ersättning"/><SP WIDTH="22" VPOS="1901" HPOS="621"/>
							<String ID="string_213" HPOS="643" VPOS="1902" WIDTH="38" HEIGHT="33" WC="0.96" CONTENT="åt"/><SP WIDTH="22" VPOS="1902" HPOS="681"/>
							<String ID="string_214" HPOS="703" VPOS="1899" WIDTH="201" HEIGHT="35" WC="0.96" CONTENT="överläkare"/><SP WIDTH="22" VPOS="1899" HPOS="904"/>
							<String ID="string_215" HPOS="926" VPOS="1898" WIDTH="60" HEIGHT="33" WC="0.96" CONTENT="vid"/><SP WIDTH="21" VPOS="1898" HPOS="986"/>
							<String ID="string_216" HPOS="1007" VPOS="1898" WIDTH="95" HEIGHT="33" WC="0.96" CONTENT="vissa"/><SP WIDTH="22" VPOS="1898" HPOS="1102"/>
							<String ID="string_217" HPOS="1124" VPOS="1894" WIDTH="302" HEIGHT="44" WC="0.95" CONTENT="epidemisjukhus"/><SP WIDTH="19" VPOS="1894" HPOS="1426"/>
							<String ID="string_218" HPOS="1445" VPOS="1894" WIDTH="56" HEIGHT="42" WC="0.93" CONTENT="för"/><SP WIDTH="20" VPOS="1894" HPOS="1501"/>
							<String ID="string_219" HPOS="1521" VPOS="1892" WIDTH="64" HEIGHT="34" WC="0.82" CONTENT="kli-"/>
						</TextLine>
						<TextLine ID="line_29" HPOS="413" VPOS="1946" WIDTH="1172" HEIGHT="49">
							<String ID="string_220" HPOS="413" VPOS="1956" WIDTH="78" HEIGHT="34" WC="0.91" CONTENT="nisk"/><SP WIDTH="26" VPOS="1956" HPOS="491"/>
							<String ID="string_221" HPOS="517" VPOS="1954" WIDTH="252" HEIGHT="41" WC="0.95" CONTENT="undervisning"/><SP WIDTH="28" VPOS="1954" HPOS="769"/>
							<String ID="string_222" HPOS="797" VPOS="1953" WIDTH="12" HEIGHT="33" WC="0.95" CONTENT="i"/><SP WIDTH="28" VPOS="1953" HPOS="809"/>
							<String ID="string_223" HPOS="837" VPOS="1950" WIDTH="244" HEIGHT="45" WC="0.96" CONTENT="epidemiologi"/><SP WIDTH="27" VPOS="1950" HPOS="1081"/>
							<String ID="string_224" HPOS="1108" VPOS="1950" WIDTH="39" HEIGHT="33" WC="0.95" CONTENT="åt"/><SP WIDTH="26" VPOS="1950" HPOS="1147"/>
							<String ID="string_225" HPOS="1173" VPOS="1948" WIDTH="173" HEIGHT="34" WC="0.96" CONTENT="medicine"/><SP WIDTH="28" VPOS="1948" HPOS="1346"/>
							<String ID="string_226" HPOS="1374" VPOS="1946" WIDTH="211" HEIGHT="35" WC="0.96" CONTENT="kandidater"/>
						</TextLine>
						<TextLine ID="line_30" HPOS="416" VPOS="2000" WIDTH="1170" HEIGHT="51">
							<String ID="string_227" HPOS="416" VPOS="2009" WIDTH="54" HEIGHT="34" WC="0.96" CONTENT="för"/><SP WIDTH="17" VPOS="2009" HPOS="470"/>
							<String ID="string_228" HPOS="487" VPOS="2009" WIDTH="212" HEIGHT="42" WC="0.93" CONTENT="budgetåret"/><SP WIDTH="19" VPOS="2009" HPOS="699"/>
							<String ID="string_229" HPOS="718" VPOS="2006" WIDTH="154" HEIGHT="43" WC="0.73" CONTENT="1934/55"/><SP WIDTH="20" VPOS="2006" HPOS="872"/>
							<String ID="string_230" HPOS="892" VPOS="2004" WIDTH="122" HEIGHT="35" WC="0.96" CONTENT="anvisa"/><SP WIDTH="18" VPOS="2004" HPOS="1014"/>
							<String ID="string_231" HPOS="1032" VPOS="2008" WIDTH="54" HEIGHT="29" WC="0.96" CONTENT="ett"/><SP WIDTH="16" VPOS="2008" HPOS="1086"/>
							<String ID="string_232" HPOS="1102" VPOS="2003" WIDTH="121" HEIGHT="42" WC="0.96" CONTENT="anslag"/><SP WIDTH="18" VPOS="2003" HPOS="1223"/>
							<String ID="string_233" HPOS="1241" VPOS="2014" WIDTH="46" HEIGHT="22" WC="0.96" CONTENT="av"/><SP WIDTH="18" VPOS="2014" HPOS="1287"/>
							<String ID="string_234" HPOS="1305" VPOS="2004" WIDTH="44" HEIGHT="31" WC="0.83" CONTENT="20"/><SP WIDTH="15" VPOS="2004" HPOS="1349"/>
							<String ID="string_235" HPOS="1364" VPOS="2004" WIDTH="66" HEIGHT="31" WC="0.83" CONTENT="100"/><SP WIDTH="16" VPOS="2004" HPOS="1430"/>
							<String ID="string_236" HPOS="1446" VPOS="2000" WIDTH="140" HEIGHT="33" WC="0.96" CONTENT="kronor."/>
						</TextLine>
					</TextBlock>
				</ComposedBlock>
				<ComposedBlock ID="cblock_5" HPOS="98" VPOS="2115" WIDTH="1491" HEIGHT="370">
					<TextBlock ID="block_9" HPOS="98" VPOS="2115" WIDTH="1490" HEIGHT="208">
						<TextLine ID="line_31" HPOS="143" VPOS="2115" WIDTH="1444" HEIGHT="54">
							<String ID="string_237" HPOS="143" VPOS="2127" WIDTH="114" HEIGHT="42" WC="0.58" CONTENT="111:0)"/><SP WIDTH="29" VPOS="2127" HPOS="257"/>
							<String ID="string_238" HPOS="286" VPOS="2126" WIDTH="304" HEIGHT="34" WC="0.91" CONTENT="Gemensamma"/><SP WIDTH="23" VPOS="2126" HPOS="590"/>
							<String ID="string_239" HPOS="613" VPOS="2118" WIDTH="463" HEIGHT="39" WC="0.80" CONTENT="universitetsändamål:"/><SP WIDTH="28" VPOS="2118" HPOS="1076"/>
							<String ID="string_240" HPOS="1104" VPOS="2120" WIDTH="153" HEIGHT="32" WC="0.96" CONTENT="Kurser"/><SP WIDTH="23" VPOS="2120" HPOS="1257"/>
							<String ID="string_241" HPOS="1280" VPOS="2118" WIDTH="13" HEIGHT="33" WC="0.96" CONTENT="i"/><SP WIDTH="23" VPOS="2118" HPOS="1293"/>
							<String ID="string_242" HPOS="1316" VPOS="2115" WIDTH="271" HEIGHT="44" WC="0.92" CONTENT="krigskirurgi"/>
						</TextLine>
						<TextLine ID="line_32" HPOS="98" VPOS="2168" WIDTH="1490" HEIGHT="53">
							<String ID="string_243" HPOS="98" VPOS="2191" WIDTH="53" HEIGHT="24" WC="0.85" CONTENT="m."/><SP WIDTH="24" VPOS="2191" HPOS="151"/>
							<String ID="string_244" HPOS="175" VPOS="2191" WIDTH="51" HEIGHT="23" WC="0.86" CONTENT="m."/><SP WIDTH="38" VPOS="2191" HPOS="226"/>
							<String ID="string_245" HPOS="264" VPOS="2181" WIDTH="19" HEIGHT="32" WC="0.96" CONTENT="I"/><SP WIDTH="25" VPOS="2181" HPOS="283"/>
							<String ID="string_246" HPOS="308" VPOS="2179" WIDTH="154" HEIGHT="42" WC="0.96" CONTENT="enlighet"/><SP WIDTH="24" VPOS="2179" HPOS="462"/>
							<String ID="string_247" HPOS="486" VPOS="2178" WIDTH="81" HEIGHT="33" WC="0.96" CONTENT="med"/><SP WIDTH="25" VPOS="2178" HPOS="567"/>
							<String ID="string_248" HPOS="592" VPOS="2176" WIDTH="133" HEIGHT="42" WC="0.95" CONTENT="Kungl."/><SP WIDTH="24" VPOS="2176" HPOS="725"/>
							<String ID="string_249" HPOS="749" VPOS="2175" WIDTH="129" HEIGHT="42" WC="0.96" CONTENT="Maj:ts"/><SP WIDTH="25" VPOS="2175" HPOS="878"/>
							<String ID="string_250" HPOS="903" VPOS="2173" WIDTH="129" HEIGHT="42" WC="0.96" CONTENT="förslag"/><SP WIDTH="25" VPOS="2173" HPOS="1032"/>
							<String ID="string_251" HPOS="1057" VPOS="2172" WIDTH="117" HEIGHT="43" WC="0.96" CONTENT="punkt"/><SP WIDTH="26" VPOS="2172" HPOS="1174"/>
							<String ID="string_252" HPOS="1200" VPOS="2175" WIDTH="77" HEIGHT="35" WC="0.92" CONTENT="113,"/><SP WIDTH="26" VPOS="2175" HPOS="1277"/>
							<String ID="string_253" HPOS="1303" VPOS="2182" WIDTH="27" HEIGHT="21" WC="0.92" CONTENT="s."/><SP WIDTH="27" VPOS="2182" HPOS="1330"/>
							<String ID="string_254" HPOS="1357" VPOS="2170" WIDTH="94" HEIGHT="41" WC="0.95" CONTENT="178),"/><SP WIDTH="26" VPOS="2170" HPOS="1451"/>
							<String ID="string_255" HPOS="1477" VPOS="2168" WIDTH="111" HEIGHT="34" WC="0.96" CONTENT="vilket"/>
						</TextLine>
						<TextLine ID="line_33" HPOS="98" VPOS="2222" WIDTH="1489" HEIGHT="48">
							<String ID="string_256" HPOS="98" VPOS="2234" WIDTH="147" HEIGHT="33" WC="0.93" CONTENT="innebär"/><SP WIDTH="17" VPOS="2234" HPOS="245"/>
							<String ID="string_257" HPOS="262" VPOS="2232" WIDTH="194" HEIGHT="34" WC="0.90" CONTENT="anvisande"/><SP WIDTH="18" VPOS="2232" HPOS="456"/>
							<String ID="string_258" HPOS="474" VPOS="2243" WIDTH="46" HEIGHT="21" WC="0.96" CONTENT="av"/><SP WIDTH="18" VPOS="2243" HPOS="520"/>
							<String ID="string_259" HPOS="538" VPOS="2242" WIDTH="137" HEIGHT="22" WC="0.93" CONTENT="samma"/><SP WIDTH="19" VPOS="2242" HPOS="675"/>
							<String ID="string_260" HPOS="694" VPOS="2228" WIDTH="266" HEIGHT="42" WC="0.91" CONTENT="anslagsbelopp"/><SP WIDTH="20" VPOS="2228" HPOS="960"/>
							<String ID="string_261" HPOS="980" VPOS="2238" WIDTH="75" HEIGHT="21" WC="0.96" CONTENT="som"/><SP WIDTH="18" VPOS="2238" HPOS="1055"/>
							<String ID="string_262" HPOS="1073" VPOS="2225" WIDTH="55" HEIGHT="33" WC="0.96" CONTENT="för"/><SP WIDTH="18" VPOS="2225" HPOS="1128"/>
							<String ID="string_263" HPOS="1146" VPOS="2223" WIDTH="238" HEIGHT="35" WC="0.96" CONTENT="innevarande"/><SP WIDTH="19" VPOS="2223" HPOS="1384"/>
							<String ID="string_264" HPOS="1403" VPOS="2222" WIDTH="184" HEIGHT="42" WC="0.48" CONTENT="budgetår,"/>
						</TextLine>
						<TextLine ID="line_34" HPOS="99" VPOS="2285" WIDTH="407" HEIGHT="38">
							<String ID="string_265" HPOS="99" VPOS="2287" WIDTH="202" HEIGHT="33" WC="0.96" CONTENT="hemställer"/><SP WIDTH="15" VPOS="2287" HPOS="301"/>
							<String ID="string_266" HPOS="316" VPOS="2285" WIDTH="190" HEIGHT="38" WC="0.95" CONTENT="utskottet,"/>
						</TextLine>
					</TextBlock>
					<TextBlock ID="block_10" HPOS="417" VPOS="2327" WIDTH="1172" HEIGHT="158">
						<TextLine ID="line_35" HPOS="463" VPOS="2327" WIDTH="1126" HEIGHT="50">
							<String ID="string_267" HPOS="463" VPOS="2341" WIDTH="54" HEIGHT="29" WC="0.96" CONTENT="att"/><SP WIDTH="19" VPOS="2341" HPOS="517"/>
							<String ID="string_268" HPOS="536" VPOS="2336" WIDTH="186" HEIGHT="41" WC="0.96" CONTENT="riksdagen"/><SP WIDTH="19" VPOS="2336" HPOS="722"/>
							<String ID="string_269" HPOS="741" VPOS="2335" WIDTH="59" HEIGHT="33" WC="0.96" CONTENT="må"/><SP WIDTH="18" VPOS="2335" HPOS="800"/>
							<String ID="string_270" HPOS="818" VPOS="2334" WIDTH="52" HEIGHT="33" WC="0.95" CONTENT="till"/><SP WIDTH="22" VPOS="2334" HPOS="870"/>
							<String ID="string_271" HPOS="892" VPOS="2333" WIDTH="272" HEIGHT="33" WC="0.93" CONTENT="Gemensamma"/><SP WIDTH="17" VPOS="2333" HPOS="1164"/>
							<String ID="string_272" HPOS="1181" VPOS="2327" WIDTH="408" HEIGHT="36" WC="0.89" CONTENT="universitetsändamål:"/>
						</TextLine>
						<TextLine ID="line_36" HPOS="417" VPOS="2380" WIDTH="1172" HEIGHT="50">
							<String ID="string_273" HPOS="417" VPOS="2391" WIDTH="134" HEIGHT="33" WC="0.96" CONTENT="Kurser"/><SP WIDTH="19" VPOS="2391" HPOS="551"/>
							<String ID="string_274" HPOS="570" VPOS="2390" WIDTH="11" HEIGHT="33" WC="0.93" CONTENT="i"/><SP WIDTH="21" VPOS="2390" HPOS="581"/>
							<String ID="string_275" HPOS="602" VPOS="2388" WIDTH="225" HEIGHT="42" WC="0.92" CONTENT="krigskirurgi"/><SP WIDTH="19" VPOS="2388" HPOS="827"/>
							<String ID="string_276" HPOS="846" VPOS="2400" WIDTH="47" HEIGHT="20" WC="0.92" CONTENT="m."/><SP WIDTH="20" VPOS="2400" HPOS="893"/>
							<String ID="string_277" HPOS="913" VPOS="2399" WIDTH="46" HEIGHT="20" WC="0.91" CONTENT="m."/><SP WIDTH="22" VPOS="2399" HPOS="959"/>
							<String ID="string_278" HPOS="981" VPOS="2385" WIDTH="53" HEIGHT="33" WC="0.96" CONTENT="för"/><SP WIDTH="21" VPOS="2385" HPOS="1034"/>
							<String ID="string_279" HPOS="1055" VPOS="2384" WIDTH="210" HEIGHT="42" WC="0.93" CONTENT="budgetåret"/><SP WIDTH="23" VPOS="2384" HPOS="1265"/>
							<String ID="string_280" HPOS="1288" VPOS="2381" WIDTH="155" HEIGHT="43" WC="0.74" CONTENT="1954/55"/><SP WIDTH="23" VPOS="2381" HPOS="1443"/>
							<String ID="string_281" HPOS="1466" VPOS="2380" WIDTH="123" HEIGHT="34" WC="0.96" CONTENT="anvisa"/>
						</TextLine>
						<TextLine ID="line_37" HPOS="421" VPOS="2441" WIDTH="526" HEIGHT="44">
							<String ID="string_282" HPOS="421" VPOS="2449" WIDTH="53" HEIGHT="29" WC="0.96" CONTENT="ett"/><SP WIDTH="17" VPOS="2449" HPOS="474"/>
							<String ID="string_283" HPOS="491" VPOS="2444" WIDTH="121" HEIGHT="41" WC="0.96" CONTENT="anslag"/><SP WIDTH="17" VPOS="2444" HPOS="612"/>
							<String ID="string_284" HPOS="629" VPOS="2455" WIDTH="45" HEIGHT="21" WC="0.96" CONTENT="av"/><SP WIDTH="17" VPOS="2455" HPOS="674"/>
							<String ID="string_285" HPOS="691" VPOS="2445" WIDTH="20" HEIGHT="31" WC="0.88" CONTENT="7"/><SP WIDTH="15" VPOS="2445" HPOS="711"/>
							<String ID="string_286" HPOS="726" VPOS="2446" WIDTH="64" HEIGHT="29" WC="0.88" CONTENT="500"/><SP WIDTH="18" VPOS="2446" HPOS="790"/>
							<String ID="string_287" HPOS="808" VPOS="2441" WIDTH="139" HEIGHT="33" WC="0.96" CONTENT="kronor."/>
						</TextLine>
					</TextBlock>
				</ComposedBlock>
			</PrintSpace>
		</Page>
	</Layout>
</alto>
