1868 2776
570 170 297 36 Statsutskottets
886 167 188 35 utlåtande
1094 178 41 21 nr
1154 168 32 32 8.
1584 163 42 30 53

180 256 177 35 Kanslern
373 255 64 34 har
452 274 47 5 —
515 253 81 34 med
614 249 273 37 överlämnande
905 260 46 22 av
968 259 45 22 en
1031 246 52 34 till
1100 246 132 34 honom
1249 244 79 34 från
1346 241 278 42 landsorganisa-

136 311 138 34 tionens
299 305 466 45 arbetarskyddskommitté
790 303 204 34 inkommen
1020 300 114 39 skrift,
1160 298 75 34 vari
1260 296 213 35 kommittén
1499 295 125 33 under-

138 364 130 34 strukit
285 361 310 45 angelägenheten,
611 359 30 43 ej
659 358 110 35 minst
786 369 41 22 ur
843 352 473 45 arbetarskyddssynpunkt,
1334 362 45 22 av
1396 350 45 34 de
1457 361 46 22 av
1520 349 105 33 lärar-

136 418 166 43 kollegiet
317 417 198 41 föreslagna
532 414 211 43 åtgärderna
759 412 54 33 till
830 409 247 35 förstärkande
1095 419 45 22 av
1157 399 470 52 forskningsmöjligheterna

137 473 96 33 inom
251 472 42 34 de
312 470 183 43 allergiska
512 468 271 43 sjukdomarnas
801 464 143 35 område
961 483 46 5 —
1024 461 118 35 anfört
1159 458 281 42 huvudsakligen
1458 455 168 43 följande.

181 535 69 42 Jag
271 534 62 34 vill
353 533 54 34 för
429 544 87 32 egen
539 531 55 34 del
616 529 150 43 kraftigt
788 526 237 43 understryka
1049 522 297 45 angelägenheten
1368 533 45 22 av
1437 524 57 30 att
1516 519 111 41 skapa

138 580 118 34 bättre
281 578 209 43 betingelser
514 576 55 34 för
591 574 242 35 intensifierad
857 570 254 43 undervisning
1134 569 66 34 och
1225 566 183 42 forskning
1432 565 98 33 inom
1555 575 71 22 om-

139 626 100 33 rådet
258 624 55 34 för
331 624 42 34 de
393 621 185 43 allergiska
597 620 254 42 sjukdomarna
869 628 127 32 genom
1016 627 43 21 en
1078 612 237 45 upprustning
1334 623 45 22 av
1398 608 230 36 laboratoriet

139 670 11 34 i
168 669 189 44 personellt
375 667 66 35 och
459 665 190 36 materiellt
666 663 210 35 hänseende.
895 661 124 41 Enligt
1036 659 74 34 min
1128 658 143 41 mening
1289 656 100 34 torde
1408 659 90 29 utan
1518 656 111 30 större

141 714 187 44 olägenhet
354 713 122 34 kunna
504 711 83 34 med
615 708 223 36 inrättandet
866 718 45 22 av
940 706 69 34 den
1038 704 210 42 ifrågasatta
1275 700 222 44 professuren
1526 697 103 34 anstå

139 761 110 41 något
269 759 67 34 och
357 757 187 42 ledningen
567 767 45 22 av
633 752 230 36 laboratoriet
884 751 128 34 liksom
1034 748 125 35 hittills
1182 747 71 34 tills
1277 745 119 34 vidare
1418 743 210 35 handhavas

140 817 46 22 av
207 805 204 34 laboratorn
432 802 11 34 i
466 800 204 43 allergilära.
693 798 69 35 Om
783 797 61 43 jag
866 795 150 35 sålunda
1037 794 76 34 icke
1136 796 38 31 är
1195 791 132 35 beredd
1349 794 55 30 att
1426 788 55 34 för
1503 790 125 31 närva-

141 850 108 34 rande
275 848 141 35 biträda
442 847 168 41 förslaget
636 856 59 23 om
722 842 206 35 inrättande
955 852 46 22 av
1028 851 44 22 en
1098 837 179 44 professur
1302 835 12 34 i
1340 834 130 34 klinisk
1497 831 131 44 experi-

139 894 144 35 mentell
307 891 208 43 allergologi,
539 889 197 35 föranleder
758 888 73 42 mig
852 886 85 35 mitt
960 882 338 43 ställningstagande
1322 880 53 34 till
1398 876 230 37 förevarande

141 939 261 44 frågekomplex
419 941 56 30 att
492 936 11 34 i
521 934 204 42 anslutning
741 933 55 33 till
813 932 70 34 vad
899 928 257 43 lärarkollegiet
1173 926 183 35 hemställt
1372 923 143 35 förorda
1532 921 97 34 såväl

143 989 55 30 att
215 984 203 43 ytterligare
434 982 116 34 medel
567 980 117 34 ställes
702 978 54 34 till
774 976 206 43 förfogande
998 974 54 34 för
1069 973 86 35 drift
1171 971 66 35 och
1256 968 224 42 anskaffning
1497 979 46 22 av
1559 966 70 34 viss

142 1027 356 46 apparatutrustning
523 1037 76 22 som
620 1036 44 22 en
688 1022 241 42 förstärkning
954 1032 45 22 av
1025 1020 69 33 den
1118 1018 54 34 för
1197 1012 348 45 allergilaboratoriet
1571 1023 59 21 av-

145 1075 109 34 sedda
270 1072 206 45 personalen
493 1071 82 34 med
593 1082 43 21 en
653 1067 306 36 försöksassistent
975 1065 11 33 i
1004 1065 50 34 Ce
1068 1066 42 31 20
1128 1062 66 35 och
1211 1065 55 30 ett
1281 1055 352 39 Iaboratoriebiträde

143 1120 11 34 i
173 1120 118 33 Ce1l.

188 1183 204 35 Sedermera
416 1181 65 34 har
506 1176 406 45 landsorganisationens
937 1170 466 45 arbetarskyddskommitté
1427 1169 11 34 i
1466 1168 165 34 skrivelse

145 1237 67 34 den
233 1240 42 31 19
294 1235 149 35 oktober
462 1237 88 31 1933
570 1232 144 39 uttalat,
734 1235 57 30 att
808 1229 175 39 kanslern,
1003 1227 112 34 såvitt
1132 1225 214 35 kommittén
1364 1224 140 33 kunnat
1522 1221 110 40 finna,

144 1291 75 33 icke
245 1289 119 35 anfört
387 1289 110 42 några
522 1286 133 43 sakliga
680 1285 76 33 skäl
780 1288 78 30 mot
881 1282 168 41 förslaget
1074 1285 56 29 att
1154 1292 48 21 nu
1227 1279 135 33 inrätta
1385 1278 68 33 den
1479 1275 153 43 begärda

144 1343 221 44 professuren
383 1342 11 33 i
412 1340 210 43 allergologi,
640 1343 94 29 samt
751 1338 120 33 vidare
888 1336 120 33 anfört
1025 1334 107 34 bland
1151 1337 111 30 annat
1280 1331 166 43 följande.

190 1414 226 35 Kommittén
435 1413 115 33 finner
568 1411 144 42 mycket
731 1408 122 35 starka
871 1407 75 34 skäl
965 1406 167 42 föreligga
1151 1409 55 29 att
1226 1404 75 33 icke
1321 1402 121 42 skjuta
1461 1401 108 34 saken
1588 1400 47 43 på

145 1460 202 34 framtiden.
372 1458 93 33 Från
489 1455 163 45 praktisk
677 1453 185 44 synpunkt
886 1452 101 34 torde
1014 1451 61 34 det
1100 1462 85 21 vara
1211 1447 176 43 betydligt
1410 1446 143 35 enklare
1579 1449 56 29 att

145 1505 74 34 lösa
238 1504 123 42 frågan
380 1515 60 27 nu,
460 1502 47 34 då
525 1499 357 42 laboratorstjänsten
902 1500 38 30 är
957 1495 148 40 vakant,
1125 1498 44 30 än
1190 1494 61 33 det
1269 1493 142 33 komme
1430 1496 58 29 att
1506 1490 49 34 bli
1574 1489 60 34 vid

147 1555 53 29 ett
217 1561 121 22 senare
355 1547 148 34 tillfälle.

191 1595 74 33 Det
285 1605 102 31 synes
407 1604 86 22 vara
512 1590 202 44 uppenbart
734 1593 56 29 att
809 1586 222 35 inrättandet
1052 1597 45 22 av
1117 1596 42 21 en
1177 1583 177 43 professur
1372 1582 65 33 har
1455 1579 179 44 påtagliga

146 1639 152 34 fördelar
316 1637 146 35 framför
479 1637 69 33 den
565 1635 206 34 nuvarande
790 1632 194 42 ordningen
1006 1631 90 42 (som
1116 1629 57 33 väl
1192 1628 54 34 för
1265 1627 116 42 övrigt
1398 1626 108 34 också
1525 1624 109 34 skulle

147 1685 112 33 kräva
297 1688 55 29 att
389 1679 446 41 laboratorsbefattningen
873 1677 112 33 under
1023 1676 117 41 längre
1178 1673 54 36 tid
1270 1671 220 35 fortfarande
1527 1670 108 33 hölles

148 1729 164 42 vakant).
344 1727 89 34 Man
454 1727 72 33 kan
546 1726 86 41 utgå
652 1724 78 33 från
750 1727 57 30 att
826 1720 296 42 undervisningen
1143 1719 141 33 komme
1306 1721 55 29 att
1380 1716 124 33 kunna
1523 1715 112 33 inten-

148 1774 132 33 sifieras
305 1773 65 33 och
395 1776 55 29 att
474 1783 44 21 en
543 1769 212 41 enhetligare
780 1767 142 41 ledning
947 1778 45 21 av
1017 1763 245 43 diagnostiken
1287 1762 65 33 och
1377 1759 258 42 behandlingen

149 1819 100 34 bleve
265 1817 123 42 möjlig
403 1828 127 31 genom
548 1827 43 21 en
608 1813 185 44 professor,
812 1824 75 21 som
904 1811 115 33 tillika
1036 1821 84 22 vore
1137 1807 202 35 överläkare
1358 1806 59 33 vid
1434 1803 203 35 karolinska

149 1863 196 42 sjukhuset.
377 1862 51 33 Ur
448 1857 387 44 forskningssynpunkt
855 1856 99 33 torde
977 1855 58 32 väl
1057 1854 105 33 också
1181 1865 44 20 en
1246 1851 172 43 professor
1440 1853 67 38 äga
1528 1851 108 30 större

148 1907 222 42 möjligheter
391 1910 55 29 att
467 1903 165 43 utnyttja
653 1904 43 33 de
718 1913 151 22 resurser
890 1912 75 22 som
987 1899 114 33 finnes
1123 1898 65 33 och
1211 1901 56 29 att
1287 1894 244 44 upprätthålla
1551 1893 86 33 kon-

150 1952 80 34 takt
251 1952 81 33 med
354 1949 225 42 forskningen
601 1949 11 32 i
634 1947 111 34 andra
766 1946 131 34 länder.
919 1943 146 35 Kanske
1087 1946 91 30 mest
1199 1940 157 44 påtaglig
1377 1943 38 29 är
1437 1939 68 33 den
1527 1937 110 34 fördel

151 2009 74 22 som
244 1997 110 33 skulle
372 1996 92 41 ligga
480 1994 8 33 i
509 1998 56 29 att
584 2005 42 21 en
644 1992 175 43 professor
836 1991 64 32 har
918 1993 77 29 säte
1013 1988 65 33 och
1098 1990 152 30 stämma
1269 1986 10 32 i
1298 1982 256 42 lärarkollegiet
1572 1981 65 35 och

151 2042 203 42 därigenom
378 2040 71 33 kan
474 2039 183 40 tillgodose
684 2036 64 34 sitt
774 2034 283 35 ämnesområdes
1083 2033 169 33 intressen
1279 2031 45 41 på
1350 2033 53 29 ett
1428 2028 75 33 helt
1529 2030 110 30 annat

152 2091 73 29 sätt
243 2090 45 30 än
306 2098 74 22 som
398 2088 38 30 är
452 2084 140 41 möjligt
610 2083 53 33 för
679 2094 43 21 en
741 2081 189 34 laborator.

196 2156 403 45 Departementschefen
616 2155 64 33 har
698 2153 119 34 anfört
834 2152 168 42 följande.

197 2220 308 42 Angelägenheten
526 2230 45 21 av
590 2230 42 20 en
652 2215 237 44 upprustning
906 2235 46 4 —
970 2214 97 32 såväl
1087 2213 189 42 personellt
1295 2224 74 20 som
1389 2210 189 34 materiellt
1596 2230 45 3 —

153 2279 44 20 av
223 2263 348 43 allergilaboratoriet
596 2262 63 32 har
684 2260 150 41 kraftigt
859 2258 271 34 understrukits.
1157 2257 82 33 Som
1266 2261 53 28 ett
1344 2256 54 32 led
1424 2256 9 32 i
1460 2267 44 20 en
1530 2255 108 32 sådan

152 2310 237 43 upprustning
412 2309 64 32 har
500 2307 77 32 från
603 2306 198 32 institutets
826 2304 75 32 sida
924 2302 184 40 framlagts
1133 2300 129 41 förslag
1285 2312 57 21 om
1366 2304 53 28 ett
1441 2299 129 41 utbyte
1596 2310 44 21 av

153 2356 65 32 den
243 2353 204 34 nuvarande
470 2352 225 33 laboraturen
718 2350 9 31 i
752 2349 192 39 allergilära
965 2351 78 29 mot
1065 2358 39 20 en
1129 2345 176 43 professur
1327 2344 9 32 i
1359 2343 128 33 klinisk
1511 2342 129 42 experi-

153 2399 142 33 mentell
329 2396 208 42 allergologi.
569 2394 98 34 Även
700 2406 57 21 om
791 2393 93 32 vissa
916 2392 73 32 skäl
1024 2390 9 33 i
1066 2390 63 32 och
1151 2390 53 32 för
1225 2390 51 40 sig
1295 2389 90 32 talar
1405 2388 54 33 för
1480 2399 43 21 en
1543 2386 97 41 dylik

154 2444 136 41 åtgärd,
311 2454 100 22 anser
429 2442 61 41 jag
510 2440 72 40 mig
602 2440 105 32 likväl
731 2438 75 33 icke
829 2438 84 32 böra
933 2435 176 42 tillstyrka
1133 2435 100 32 detta
1254 2433 137 41 förslag.
1412 2432 228 33 Laborators-
