<?xml version="1.0" encoding="UTF-8"?>
<alto xmlns="http://www.loc.gov/standards/alto/ns-v3#" xmlns:xlink="http://www.w3.org/1999/xlink" xmlns:xsi="http://www.w3.org/2001/XMLSchema-instance" xsi:schemaLocation="http://www.loc.gov/standards/alto/ns-v3# http://www.loc.gov/alto/v3/alto-3-0.xsd">
	<Description>
		<MeasurementUnit>pixel</MeasurementUnit>
		<sourceImageInformation>
			<fileName>/tmp/tess_sw6961y6_input.PNG</fileName>
		</sourceImageInformation>
		<OCRProcessing ID="OCR_0">
			<ocrProcessingStep>
				<processingSoftware>
					<softwareName>tesseract 5.3.0</softwareName>
				</processingSoftware>
			</ocrProcessingStep>
		</OCRProcessing>
	</Description>
	<Layout>
		<Page WIDTH="2216" HEIGHT="2622" PHYSICAL_IMG_NR="0" ID="page_0">
			<PrintSpace HPOS="0" VPOS="0" WIDTH="2216" HEIGHT="2622">
				<ComposedBlock ID="cblock_0" HPOS="613" VPOS="148" WIDTH="1171" HEIGHT="35">
					<TextBlock ID="block_0" HPOS="613" VPOS="148" WIDTH="1171" HEIGHT="35">
						<TextLine ID="line_0" HPOS="613" VPOS="148" WIDTH="1171" HEIGHT="35">
							<String ID="string_0" HPOS="613" VPOS="150" WIDTH="460" HEIGHT="33" WC="0.91" CONTENT="Konstitutionsutskottets"/><SP WIDTH="26" VPOS="150" HPOS="1073"/>
							<String ID="string_1" HPOS="1099" VPOS="151" WIDTH="186" HEIGHT="32" WC="0.96" CONTENT="utlåtande"/><SP WIDTH="26" VPOS="151" HPOS="1285"/>
							<String ID="string_2" HPOS="1311" VPOS="150" WIDTH="52" HEIGHT="31" WC="0.92" CONTENT="Nr"/><SP WIDTH="31" VPOS="150" HPOS="1363"/>
							<String ID="string_3" HPOS="1394" VPOS="150" WIDTH="49" HEIGHT="30" WC="0.76" CONTENT="15."/><SP WIDTH="301" VPOS="150" HPOS="1443"/>
							<String ID="string_4" HPOS="1744" VPOS="148" WIDTH="40" HEIGHT="30" WC="0.96" CONTENT="29"/>
						</TextLine>
					</TextBlock>
				</ComposedBlock>
				<ComposedBlock ID="cblock_1" HPOS="217" VPOS="227" WIDTH="1616" HEIGHT="2064">
					<TextBlock ID="block_1" HPOS="223" VPOS="227" WIDTH="1608" HEIGHT="563">
						<TextLine ID="line_1" HPOS="224" VPOS="227" WIDTH="1604" HEIGHT="49">
							<String ID="string_5" HPOS="224" VPOS="230" WIDTH="149" HEIGHT="37" WC="0.95" CONTENT="formell"/><SP WIDTH="43" VPOS="230" HPOS="373"/>
							<String ID="string_6" HPOS="416" VPOS="229" WIDTH="268" HEIGHT="47" WC="0.95" CONTENT="omarbetning"/><SP WIDTH="42" VPOS="229" HPOS="684"/>
							<String ID="string_7" HPOS="726" VPOS="229" WIDTH="67" HEIGHT="35" WC="0.96" CONTENT="har"/><SP WIDTH="30" VPOS="229" HPOS="793"/>
							<String ID="string_8" HPOS="823" VPOS="228" WIDTH="184" HEIGHT="36" WC="0.96" CONTENT="utskottet"/><SP WIDTH="30" VPOS="228" HPOS="1007"/>
							<String ID="string_9" HPOS="1037" VPOS="228" WIDTH="56" HEIGHT="36" WC="0.96" CONTENT="för"/><SP WIDTH="30" VPOS="228" HPOS="1093"/>
							<String ID="string_10" HPOS="1123" VPOS="228" WIDTH="70" HEIGHT="36" WC="0.96" CONTENT="den"/><SP WIDTH="30" VPOS="228" HPOS="1193"/>
							<String ID="string_11" HPOS="1223" VPOS="227" WIDTH="99" HEIGHT="36" WC="0.96" CONTENT="skull"/><SP WIDTH="30" VPOS="227" HPOS="1322"/>
							<String ID="string_12" HPOS="1352" VPOS="227" WIDTH="127" HEIGHT="36" WC="0.95" CONTENT="funnit"/><SP WIDTH="30" VPOS="227" HPOS="1479"/>
							<String ID="string_13" HPOS="1509" VPOS="227" WIDTH="117" HEIGHT="35" WC="0.96" CONTENT="under"/><SP WIDTH="29" VPOS="227" HPOS="1626"/>
							<String ID="string_14" HPOS="1655" VPOS="227" WIDTH="72" HEIGHT="35" WC="0.93" CONTENT="alla"/><SP WIDTH="30" VPOS="227" HPOS="1727"/>
							<String ID="string_15" HPOS="1757" VPOS="228" WIDTH="71" HEIGHT="34" WC="0.93" CONTENT="för-"/>
						</TextLine>
						<TextLine ID="line_2" HPOS="224" VPOS="278" WIDTH="1605" HEIGHT="50">
							<String ID="string_16" HPOS="224" VPOS="281" WIDTH="199" HEIGHT="37" WC="0.90" CONTENT="hållanden"/><SP WIDTH="29" VPOS="281" HPOS="423"/>
							<String ID="string_17" HPOS="452" VPOS="280" WIDTH="268" HEIGHT="48" WC="0.90" CONTENT="ofrånkomlig."/><SP WIDTH="58" VPOS="280" HPOS="720"/>
							<String ID="string_18" HPOS="778" VPOS="280" WIDTH="83" HEIGHT="36" WC="0.96" CONTENT="Vad"/><SP WIDTH="30" VPOS="280" HPOS="861"/>
							<String ID="string_19" HPOS="891" VPOS="280" WIDTH="152" HEIGHT="36" WC="0.96" CONTENT="särskilt"/><SP WIDTH="30" VPOS="280" HPOS="1043"/>
							<String ID="string_20" HPOS="1073" VPOS="282" WIDTH="119" HEIGHT="45" WC="0.93" CONTENT="angår"/><SP WIDTH="28" VPOS="282" HPOS="1192"/>
							<String ID="string_21" HPOS="1220" VPOS="279" WIDTH="301" HEIGHT="47" WC="0.89" CONTENT="terminologien,"/><SP WIDTH="32" VPOS="279" HPOS="1521"/>
							<String ID="string_22" HPOS="1553" VPOS="278" WIDTH="66" HEIGHT="36" WC="0.96" CONTENT="har"/><SP WIDTH="26" VPOS="278" HPOS="1619"/>
							<String ID="string_23" HPOS="1645" VPOS="278" WIDTH="184" HEIGHT="36" WC="0.94" CONTENT="utskottet"/>
						</TextLine>
						<TextLine ID="line_3" HPOS="223" VPOS="330" WIDTH="1606" HEIGHT="51">
							<String ID="string_24" HPOS="223" VPOS="333" WIDTH="82" HEIGHT="37" WC="0.96" CONTENT="icke"/><SP WIDTH="28" VPOS="333" HPOS="305"/>
							<String ID="string_25" HPOS="333" VPOS="333" WIDTH="147" HEIGHT="36" WC="0.93" CONTENT="kunnat"/><SP WIDTH="38" VPOS="333" HPOS="480"/>
							<String ID="string_26" HPOS="518" VPOS="332" WIDTH="168" HEIGHT="49" WC="0.89" CONTENT="godtaga"/><SP WIDTH="29" VPOS="332" HPOS="686"/>
							<String ID="string_27" HPOS="715" VPOS="332" WIDTH="63" HEIGHT="36" WC="0.96" CONTENT="det"/><SP WIDTH="28" VPOS="332" HPOS="778"/>
							<String ID="string_28" HPOS="806" VPOS="332" WIDTH="103" HEIGHT="35" WC="0.96" CONTENT="äldre"/><SP WIDTH="29" VPOS="332" HPOS="909"/>
							<String ID="string_29" HPOS="938" VPOS="331" WIDTH="70" HEIGHT="36" WC="0.96" CONTENT="och"/><SP WIDTH="29" VPOS="331" HPOS="1008"/>
							<String ID="string_30" HPOS="1037" VPOS="332" WIDTH="11" HEIGHT="34" WC="0.96" CONTENT="i"/><SP WIDTH="29" VPOS="332" HPOS="1048"/>
							<String ID="string_31" HPOS="1077" VPOS="332" WIDTH="60" HEIGHT="47" WC="0.96" CONTENT="sig"/><SP WIDTH="28" VPOS="332" HPOS="1137"/>
							<String ID="string_32" HPOS="1165" VPOS="332" WIDTH="11" HEIGHT="34" WC="0.96" CONTENT="i"/><SP WIDTH="30" VPOS="332" HPOS="1176"/>
							<String ID="string_33" HPOS="1206" VPOS="331" WIDTH="103" HEIGHT="36" WC="0.96" CONTENT="detta"/><SP WIDTH="29" VPOS="331" HPOS="1309"/>
							<String ID="string_34" HPOS="1338" VPOS="330" WIDTH="277" HEIGHT="47" WC="0.96" CONTENT="sammanhang"/><SP WIDTH="30" VPOS="330" HPOS="1615"/>
							<String ID="string_35" HPOS="1645" VPOS="330" WIDTH="184" HEIGHT="48" WC="0.96" CONTENT="felaktiga"/>
						</TextLine>
						<TextLine ID="line_4" HPOS="224" VPOS="381" WIDTH="1604" HEIGHT="53">
							<String ID="string_36" HPOS="224" VPOS="384" WIDTH="191" HEIGHT="50" WC="0.92" CONTENT="uttrycket"/><SP WIDTH="43" VPOS="384" HPOS="415"/>
							<String ID="string_37" HPOS="458" VPOS="383" WIDTH="344" HEIGHT="48" WC="0.75" CONTENT="»medborgarrätt»"/><SP WIDTH="42" VPOS="383" HPOS="802"/>
							<String ID="string_38" HPOS="844" VPOS="389" WIDTH="90" HEIGHT="30" WC="0.95" CONTENT="utan"/><SP WIDTH="43" VPOS="389" HPOS="934"/>
							<String ID="string_39" HPOS="977" VPOS="388" WIDTH="124" HEIGHT="30" WC="0.95" CONTENT="ansett"/><SP WIDTH="35" VPOS="388" HPOS="1101"/>
							<String ID="string_40" HPOS="1136" VPOS="382" WIDTH="225" HEIGHT="48" WC="0.95" CONTENT="lämpligare"/><SP WIDTH="30" VPOS="382" HPOS="1361"/>
							<String ID="string_41" HPOS="1391" VPOS="387" WIDTH="54" HEIGHT="30" WC="0.95" CONTENT="att"/><SP WIDTH="29" VPOS="387" HPOS="1445"/>
							<String ID="string_42" HPOS="1474" VPOS="381" WIDTH="174" HEIGHT="36" WC="0.93" CONTENT="använda"/><SP WIDTH="30" VPOS="381" HPOS="1648"/>
							<String ID="string_43" HPOS="1678" VPOS="381" WIDTH="150" HEIGHT="36" WC="0.92" CONTENT="beteck-"/>
						</TextLine>
						<TextLine ID="line_5" HPOS="224" VPOS="433" WIDTH="1605" HEIGHT="52">
							<String ID="string_44" HPOS="224" VPOS="437" WIDTH="144" HEIGHT="48" WC="0.92" CONTENT="ningen"/><SP WIDTH="46" VPOS="437" HPOS="368"/>
							<String ID="string_45" HPOS="414" VPOS="435" WIDTH="377" HEIGHT="47" WC="0.89" CONTENT="»medborgarskap»,"/><SP WIDTH="44" VPOS="435" HPOS="791"/>
							<String ID="string_46" HPOS="835" VPOS="434" WIDTH="89" HEIGHT="36" WC="0.1" CONTENT="celler"/><SP WIDTH="47" VPOS="434" HPOS="924"/>
							<String ID="string_47" HPOS="971" VPOS="434" WIDTH="119" HEIGHT="36" WC="0.93" CONTENT="bättre"/><SP WIDTH="46" VPOS="434" HPOS="1090"/>
							<String ID="string_48" HPOS="1136" VPOS="433" WIDTH="379" HEIGHT="48" WC="0.90" CONTENT="»statsborgarskap»"/><SP WIDTH="49" VPOS="433" HPOS="1515"/>
							<String ID="string_49" HPOS="1564" VPOS="433" WIDTH="89" HEIGHT="36" WC="0.82" CONTENT="eller"/><SP WIDTH="45" VPOS="433" HPOS="1653"/>
							<String ID="string_50" HPOS="1698" VPOS="438" WIDTH="131" HEIGHT="31" WC="0.82" CONTENT="»stats-"/>
						</TextLine>
						<TextLine ID="line_6" HPOS="225" VPOS="483" WIDTH="1603" HEIGHT="52">
							<String ID="string_51" HPOS="225" VPOS="488" WIDTH="245" HEIGHT="47" WC="0.44" CONTENT="borgarrätt»."/><SP WIDTH="62" VPOS="488" HPOS="470"/>
							<String ID="string_52" HPOS="532" VPOS="486" WIDTH="79" HEIGHT="36" WC="0.90" CONTENT="Mot"/><SP WIDTH="42" VPOS="486" HPOS="611"/>
							<String ID="string_53" HPOS="653" VPOS="486" WIDTH="293" HEIGHT="46" WC="0.96" CONTENT="användningen"/><SP WIDTH="49" VPOS="486" HPOS="946"/>
							<String ID="string_54" HPOS="995" VPOS="499" WIDTH="45" HEIGHT="21" WC="0.96" CONTENT="av"/><SP WIDTH="35" VPOS="499" HPOS="1040"/>
							<String ID="string_55" HPOS="1075" VPOS="485" WIDTH="234" HEIGHT="35" WC="0.96" CONTENT="sistnämnda"/><SP WIDTH="43" VPOS="485" HPOS="1309"/>
							<String ID="string_56" HPOS="1352" VPOS="484" WIDTH="95" HEIGHT="36" WC="0.96" CONTENT="båda"/><SP WIDTH="37" VPOS="484" HPOS="1447"/>
							<String ID="string_57" HPOS="1484" VPOS="484" WIDTH="149" HEIGHT="47" WC="0.96" CONTENT="uttryck"/><SP WIDTH="37" VPOS="484" HPOS="1633"/>
							<String ID="string_58" HPOS="1670" VPOS="483" WIDTH="72" HEIGHT="36" WC="0.90" CONTENT="kan"/><SP WIDTH="38" VPOS="483" HPOS="1742"/>
							<String ID="string_59" HPOS="1780" VPOS="485" WIDTH="48" HEIGHT="34" WC="0.90" CONTENT="in-"/>
						</TextLine>
						<TextLine ID="line_7" HPOS="226" VPOS="535" WIDTH="1603" HEIGHT="49">
							<String ID="string_60" HPOS="226" VPOS="538" WIDTH="153" HEIGHT="45" WC="0.95" CONTENT="vändas,"/><SP WIDTH="31" VPOS="538" HPOS="379"/>
							<String ID="string_61" HPOS="410" VPOS="542" WIDTH="54" HEIGHT="31" WC="0.96" CONTENT="att"/><SP WIDTH="30" VPOS="542" HPOS="464"/>
							<String ID="string_62" HPOS="494" VPOS="538" WIDTH="44" HEIGHT="35" WC="0.96" CONTENT="de"/><SP WIDTH="25" VPOS="538" HPOS="538"/>
							<String ID="string_63" HPOS="563" VPOS="542" WIDTH="62" HEIGHT="30" WC="0.96" CONTENT="äro"/><SP WIDTH="22" VPOS="542" HPOS="625"/>
							<String ID="string_64" HPOS="647" VPOS="538" WIDTH="58" HEIGHT="34" WC="0.96" CONTENT="för"/><SP WIDTH="17" VPOS="538" HPOS="705"/>
							<String ID="string_65" HPOS="722" VPOS="537" WIDTH="351" HEIGHT="47" WC="0.96" CONTENT="regeringsformen"/><SP WIDTH="23" VPOS="537" HPOS="1073"/>
							<String ID="string_66" HPOS="1096" VPOS="536" WIDTH="76" HEIGHT="35" WC="0.96" CONTENT="helt"/><SP WIDTH="21" VPOS="536" HPOS="1172"/>
							<String ID="string_67" HPOS="1193" VPOS="536" WIDTH="160" HEIGHT="46" WC="0.96" CONTENT="okända,"/><SP WIDTH="22" VPOS="536" HPOS="1353"/>
							<String ID="string_68" HPOS="1375" VPOS="548" WIDTH="85" HEIGHT="23" WC="0.96" CONTENT="men"/><SP WIDTH="21" VPOS="548" HPOS="1460"/>
							<String ID="string_69" HPOS="1481" VPOS="548" WIDTH="45" HEIGHT="23" WC="0.96" CONTENT="en"/><SP WIDTH="21" VPOS="548" HPOS="1526"/>
							<String ID="string_70" HPOS="1547" VPOS="535" WIDTH="106" HEIGHT="48" WC="0.93" CONTENT="dylik"/><SP WIDTH="19" VPOS="535" HPOS="1653"/>
							<String ID="string_71" HPOS="1672" VPOS="535" WIDTH="157" HEIGHT="36" WC="0.92" CONTENT="invänd-"/>
						</TextLine>
						<TextLine ID="line_8" HPOS="225" VPOS="586" WIDTH="1604" HEIGHT="52">
							<String ID="string_72" HPOS="225" VPOS="590" WIDTH="94" HEIGHT="48" WC="0.95" CONTENT="ning"/><SP WIDTH="42" VPOS="590" HPOS="319"/>
							<String ID="string_73" HPOS="361" VPOS="589" WIDTH="159" HEIGHT="36" WC="0.96" CONTENT="förlorar"/><SP WIDTH="42" VPOS="589" HPOS="520"/>
							<String ID="string_74" HPOS="562" VPOS="588" WIDTH="57" HEIGHT="36" WC="0.96" CONTENT="sin"/><SP WIDTH="43" VPOS="588" HPOS="619"/>
							<String ID="string_75" HPOS="662" VPOS="588" WIDTH="113" HEIGHT="46" WC="0.95" CONTENT="kraft,"/><SP WIDTH="37" VPOS="588" HPOS="775"/>
							<String ID="string_76" HPOS="812" VPOS="601" WIDTH="60" HEIGHT="22" WC="0.95" CONTENT="om"/><SP WIDTH="31" VPOS="601" HPOS="872"/>
							<String ID="string_77" HPOS="903" VPOS="587" WIDTH="10" HEIGHT="35" WC="0.95" CONTENT="i"/><SP WIDTH="30" VPOS="587" HPOS="913"/>
							<String ID="string_78" HPOS="943" VPOS="587" WIDTH="114" HEIGHT="47" WC="0.96" CONTENT="lagen"/><SP WIDTH="29" VPOS="587" HPOS="1057"/>
							<String ID="string_79" HPOS="1086" VPOS="587" WIDTH="157" HEIGHT="36" WC="0.95" CONTENT="insattes"/><SP WIDTH="25" VPOS="587" HPOS="1243"/>
							<String ID="string_80" HPOS="1268" VPOS="592" WIDTH="53" HEIGHT="31" WC="0.96" CONTENT="ett"/><SP WIDTH="27" VPOS="592" HPOS="1321"/>
							<String ID="string_81" HPOS="1348" VPOS="587" WIDTH="12" HEIGHT="35" WC="0.96" CONTENT="i"/><SP WIDTH="30" VPOS="587" HPOS="1360"/>
							<String ID="string_82" HPOS="1390" VPOS="586" WIDTH="70" HEIGHT="36" WC="0.96" CONTENT="och"/><SP WIDTH="30" VPOS="586" HPOS="1460"/>
							<String ID="string_83" HPOS="1490" VPOS="586" WIDTH="58" HEIGHT="36" WC="0.96" CONTENT="för"/><SP WIDTH="27" VPOS="586" HPOS="1548"/>
							<String ID="string_84" HPOS="1575" VPOS="586" WIDTH="61" HEIGHT="48" WC="0.96" CONTENT="sig"/><SP WIDTH="27" VPOS="586" HPOS="1636"/>
							<String ID="string_85" HPOS="1663" VPOS="587" WIDTH="61" HEIGHT="35" WC="0.93" CONTENT="väl"/><SP WIDTH="30" VPOS="587" HPOS="1724"/>
							<String ID="string_86" HPOS="1754" VPOS="586" WIDTH="75" HEIGHT="36" WC="0.92" CONTENT="för-"/>
						</TextLine>
						<TextLine ID="line_9" HPOS="225" VPOS="637" WIDTH="1604" HEIGHT="52">
							<String ID="string_87" HPOS="225" VPOS="641" WIDTH="159" HEIGHT="48" WC="0.90" CONTENT="svarligt"/><SP WIDTH="46" VPOS="641" HPOS="384"/>
							<String ID="string_88" HPOS="430" VPOS="639" WIDTH="445" HEIGHT="49" WC="0.90" CONTENT="inledningsstadgande,"/><SP WIDTH="30" VPOS="639" HPOS="875"/>
							<String ID="string_89" HPOS="905" VPOS="643" WIDTH="55" HEIGHT="32" WC="0.95" CONTENT="att"/><SP WIDTH="27" VPOS="643" HPOS="960"/>
							<String ID="string_90" HPOS="987" VPOS="639" WIDTH="139" HEIGHT="35" WC="0.93" CONTENT="svensk"/><SP WIDTH="30" VPOS="639" HPOS="1126"/>
							<String ID="string_91" HPOS="1156" VPOS="638" WIDTH="303" HEIGHT="48" WC="0.92" CONTENT="medborgarrätt"/><SP WIDTH="27" VPOS="638" HPOS="1459"/>
							<String ID="string_92" HPOS="1486" VPOS="637" WIDTH="229" HEIGHT="36" WC="0.96" CONTENT="tillkommer"/><SP WIDTH="29" VPOS="637" HPOS="1715"/>
							<String ID="string_93" HPOS="1744" VPOS="637" WIDTH="85" HEIGHT="42" WC="0.96" CONTENT="den,"/>
						</TextLine>
						<TextLine ID="line_10" HPOS="224" VPOS="689" WIDTH="1607" HEIGHT="50">
							<String ID="string_94" HPOS="224" VPOS="706" WIDTH="80" HEIGHT="23" WC="0.96" CONTENT="som"/><SP WIDTH="31" VPOS="706" HPOS="304"/>
							<String ID="string_95" HPOS="335" VPOS="697" WIDTH="41" HEIGHT="31" WC="0.96" CONTENT="är"/><SP WIDTH="29" VPOS="697" HPOS="376"/>
							<String ID="string_96" HPOS="405" VPOS="691" WIDTH="138" HEIGHT="36" WC="0.93" CONTENT="svensk"/><SP WIDTH="29" VPOS="691" HPOS="543"/>
							<String ID="string_97" HPOS="572" VPOS="691" WIDTH="266" HEIGHT="48" WC="0.89" CONTENT="statsborgare,"/><SP WIDTH="25" VPOS="691" HPOS="838"/>
							<String ID="string_98" HPOS="863" VPOS="690" WIDTH="164" HEIGHT="36" WC="0.92" CONTENT="varefter"/><SP WIDTH="29" VPOS="690" HPOS="1027"/>
							<String ID="string_99" HPOS="1056" VPOS="690" WIDTH="391" HEIGHT="48" WC="0.90" CONTENT="statsborgarskapets"/><SP WIDTH="29" VPOS="690" HPOS="1447"/>
							<String ID="string_100" HPOS="1476" VPOS="689" WIDTH="152" HEIGHT="36" WC="0.96" CONTENT="förvärv"/><SP WIDTH="30" VPOS="689" HPOS="1628"/>
							<String ID="string_101" HPOS="1658" VPOS="689" WIDTH="70" HEIGHT="36" WC="0.87" CONTENT="och"/><SP WIDTH="30" VPOS="689" HPOS="1728"/>
							<String ID="string_102" HPOS="1758" VPOS="689" WIDTH="73" HEIGHT="35" WC="0.87" CONTENT="för-"/>
						</TextLine>
						<TextLine ID="line_11" HPOS="224" VPOS="741" WIDTH="1249" HEIGHT="49">
							<String ID="string_103" HPOS="224" VPOS="745" WIDTH="76" HEIGHT="35" WC="0.96" CONTENT="lust"/><SP WIDTH="28" VPOS="745" HPOS="300"/>
							<String ID="string_104" HPOS="328" VPOS="744" WIDTH="79" HEIGHT="36" WC="0.96" CONTENT="helt"/><SP WIDTH="28" VPOS="744" HPOS="407"/>
							<String ID="string_105" HPOS="435" VPOS="743" WIDTH="185" HEIGHT="47" WC="0.96" CONTENT="naturligt"/><SP WIDTH="29" VPOS="743" HPOS="620"/>
							<String ID="string_106" HPOS="649" VPOS="742" WIDTH="109" HEIGHT="37" WC="0.96" CONTENT="bleve"/><SP WIDTH="30" VPOS="742" HPOS="758"/>
							<String ID="string_107" HPOS="788" VPOS="742" WIDTH="154" HEIGHT="36" WC="0.96" CONTENT="föremål"/><SP WIDTH="30" VPOS="742" HPOS="942"/>
							<String ID="string_108" HPOS="972" VPOS="742" WIDTH="57" HEIGHT="35" WC="0.96" CONTENT="för"/><SP WIDTH="29" VPOS="742" HPOS="1029"/>
							<String ID="string_109" HPOS="1058" VPOS="741" WIDTH="135" HEIGHT="49" WC="0.96" CONTENT="övriga"/><SP WIDTH="28" VPOS="741" HPOS="1193"/>
							<String ID="string_110" HPOS="1221" VPOS="741" WIDTH="252" HEIGHT="49" WC="0.96" CONTENT="stadganden."/>
						</TextLine>
					</TextBlock>
					<TextBlock ID="block_2" HPOS="222" VPOS="792" WIDTH="1610" HEIGHT="774">
						<TextLine ID="line_12" HPOS="354" VPOS="792" WIDTH="1476" HEIGHT="50">
							<String ID="string_111" HPOS="354" VPOS="795" WIDTH="86" HEIGHT="36" WC="0.96" CONTENT="Men"/><SP WIDTH="46" VPOS="795" HPOS="440"/>
							<String ID="string_112" HPOS="486" VPOS="800" WIDTH="47" HEIGHT="30" WC="0.96" CONTENT="än"/><SP WIDTH="38" VPOS="800" HPOS="533"/>
							<String ID="string_113" HPOS="571" VPOS="808" WIDTH="103" HEIGHT="23" WC="0.96" CONTENT="mera"/><SP WIDTH="40" VPOS="808" HPOS="674"/>
							<String ID="string_114" HPOS="714" VPOS="808" WIDTH="44" HEIGHT="22" WC="0.96" CONTENT="ur"/><SP WIDTH="29" VPOS="808" HPOS="758"/>
							<String ID="string_115" HPOS="787" VPOS="793" WIDTH="184" HEIGHT="36" WC="0.96" CONTENT="materiell"/><SP WIDTH="29" VPOS="793" HPOS="971"/>
							<String ID="string_116" HPOS="1000" VPOS="793" WIDTH="196" HEIGHT="49" WC="0.96" CONTENT="synpunkt"/><SP WIDTH="28" VPOS="793" HPOS="1196"/>
							<String ID="string_117" HPOS="1224" VPOS="793" WIDTH="68" HEIGHT="36" WC="0.96" CONTENT="har"/><SP WIDTH="28" VPOS="793" HPOS="1292"/>
							<String ID="string_118" HPOS="1320" VPOS="793" WIDTH="184" HEIGHT="36" WC="0.96" CONTENT="utskottet"/><SP WIDTH="30" VPOS="793" HPOS="1504"/>
							<String ID="string_119" HPOS="1534" VPOS="792" WIDTH="124" HEIGHT="36" WC="0.93" CONTENT="funnit"/><SP WIDTH="29" VPOS="792" HPOS="1658"/>
							<String ID="string_120" HPOS="1687" VPOS="792" WIDTH="143" HEIGHT="48" WC="0.88" CONTENT="lagför-"/>
						</TextLine>
						<TextLine ID="line_13" HPOS="224" VPOS="843" WIDTH="1606" HEIGHT="52">
							<String ID="string_121" HPOS="224" VPOS="848" WIDTH="122" HEIGHT="47" WC="0.96" CONTENT="slaget"/><SP WIDTH="41" VPOS="848" HPOS="346"/>
							<String ID="string_122" HPOS="387" VPOS="860" WIDTH="91" HEIGHT="22" WC="0.96" CONTENT="vara"/><SP WIDTH="42" VPOS="860" HPOS="478"/>
							<String ID="string_123" HPOS="520" VPOS="846" WIDTH="126" HEIGHT="37" WC="0.94" CONTENT="alltför"/><SP WIDTH="41" VPOS="846" HPOS="646"/>
							<String ID="string_124" HPOS="687" VPOS="845" WIDTH="223" HEIGHT="48" WC="0.95" CONTENT="bristfälligt"/><SP WIDTH="44" VPOS="845" HPOS="910"/>
							<String ID="string_125" HPOS="954" VPOS="845" WIDTH="56" HEIGHT="35" WC="0.95" CONTENT="för"/><SP WIDTH="41" VPOS="845" HPOS="1010"/>
							<String ID="string_126" HPOS="1051" VPOS="850" WIDTH="54" HEIGHT="31" WC="0.96" CONTENT="att"/><SP WIDTH="42" VPOS="850" HPOS="1105"/>
							<String ID="string_127" HPOS="1147" VPOS="858" WIDTH="49" HEIGHT="22" WC="0.95" CONTENT="nu"/><SP WIDTH="30" VPOS="858" HPOS="1196"/>
							<String ID="string_128" HPOS="1226" VPOS="845" WIDTH="129" HEIGHT="35" WC="0.93" CONTENT="kunna"/><SP WIDTH="28" VPOS="845" HPOS="1355"/>
							<String ID="string_129" HPOS="1383" VPOS="843" WIDTH="210" HEIGHT="50" WC="0.92" CONTENT="tillstyrkas"/><SP WIDTH="30" VPOS="843" HPOS="1593"/>
							<String ID="string_130" HPOS="1623" VPOS="857" WIDTH="66" HEIGHT="23" WC="0.96" CONTENT="ens"/><SP WIDTH="28" VPOS="857" HPOS="1689"/>
							<String ID="string_131" HPOS="1717" VPOS="844" WIDTH="11" HEIGHT="35" WC="0.93" CONTENT="i"/><SP WIDTH="30" VPOS="844" HPOS="1728"/>
							<String ID="string_132" HPOS="1758" VPOS="857" WIDTH="72" HEIGHT="22" WC="0.93" CONTENT="om-"/>
						</TextLine>
						<TextLine ID="line_14" HPOS="225" VPOS="895" WIDTH="1606" HEIGHT="49">
							<String ID="string_133" HPOS="225" VPOS="898" WIDTH="144" HEIGHT="36" WC="0.96" CONTENT="arbetat"/><SP WIDTH="29" VPOS="898" HPOS="369"/>
							<String ID="string_134" HPOS="398" VPOS="898" WIDTH="118" HEIGHT="35" WC="0.96" CONTENT="skick."/><SP WIDTH="58" VPOS="898" HPOS="516"/>
							<String ID="string_135" HPOS="574" VPOS="897" WIDTH="197" HEIGHT="37" WC="0.96" CONTENT="Utskottet"/><SP WIDTH="28" VPOS="897" HPOS="771"/>
							<String ID="string_136" HPOS="799" VPOS="897" WIDTH="68" HEIGHT="35" WC="0.96" CONTENT="har"/><SP WIDTH="29" VPOS="897" HPOS="867"/>
							<String ID="string_137" HPOS="896" VPOS="896" WIDTH="131" HEIGHT="36" WC="0.96" CONTENT="härvid"/><SP WIDTH="31" VPOS="896" HPOS="1027"/>
							<String ID="string_138" HPOS="1058" VPOS="897" WIDTH="133" HEIGHT="35" WC="0.96" CONTENT="främst"/><SP WIDTH="29" VPOS="897" HPOS="1191"/>
							<String ID="string_139" HPOS="1220" VPOS="896" WIDTH="75" HEIGHT="35" WC="0.96" CONTENT="fäst"/><SP WIDTH="28" VPOS="896" HPOS="1295"/>
							<String ID="string_140" HPOS="1323" VPOS="896" WIDTH="57" HEIGHT="36" WC="0.96" CONTENT="sin"/><SP WIDTH="30" VPOS="896" HPOS="1380"/>
							<String ID="string_141" HPOS="1410" VPOS="895" WIDTH="338" HEIGHT="49" WC="0.95" CONTENT="uppmärksamhet"/><SP WIDTH="18" VPOS="895" HPOS="1748"/>
							<String ID="string_142" HPOS="1766" VPOS="895" WIDTH="65" HEIGHT="35" WC="0.96" CONTENT="vid"/>
						</TextLine>
						<TextLine ID="line_15" HPOS="224" VPOS="946" WIDTH="1606" HEIGHT="51">
							<String ID="string_143" HPOS="224" VPOS="950" WIDTH="78" HEIGHT="36" WC="0.96" CONTENT="dels"/><SP WIDTH="29" VPOS="950" HPOS="302"/>
							<String ID="string_144" HPOS="331" VPOS="950" WIDTH="73" HEIGHT="35" WC="0.96" CONTENT="den"/><SP WIDTH="28" VPOS="950" HPOS="404"/>
							<String ID="string_145" HPOS="432" VPOS="948" WIDTH="197" HEIGHT="49" WC="0.96" CONTENT="påtagliga"/><SP WIDTH="29" VPOS="948" HPOS="629"/>
							<String ID="string_146" HPOS="658" VPOS="948" WIDTH="142" HEIGHT="36" WC="0.96" CONTENT="bristen"/><SP WIDTH="29" VPOS="948" HPOS="800"/>
							<String ID="string_147" HPOS="829" VPOS="950" WIDTH="48" HEIGHT="46" WC="0.96" CONTENT="på"/><SP WIDTH="29" VPOS="950" HPOS="877"/>
							<String ID="string_148" HPOS="906" VPOS="948" WIDTH="277" HEIGHT="47" WC="0.95" CONTENT="sammanhang"/><SP WIDTH="19" VPOS="948" HPOS="1183"/>
							<String ID="string_149" HPOS="1202" VPOS="947" WIDTH="71" HEIGHT="36" WC="0.92" CONTENT="och"/><SP WIDTH="20" VPOS="947" HPOS="1273"/>
							<String ID="string_150" HPOS="1293" VPOS="946" WIDTH="285" HEIGHT="49" WC="0.91" CONTENT="följdriktighet"/><SP WIDTH="18" VPOS="946" HPOS="1578"/>
							<String ID="string_151" HPOS="1596" VPOS="946" WIDTH="11" HEIGHT="36" WC="0.96" CONTENT="i"/><SP WIDTH="21" VPOS="946" HPOS="1607"/>
							<String ID="string_152" HPOS="1628" VPOS="946" WIDTH="202" HEIGHT="49" WC="0.96" CONTENT="förslagets"/>
						</TextLine>
						<TextLine ID="line_16" HPOS="224" VPOS="998" WIDTH="1606" HEIGHT="51">
							<String ID="string_153" HPOS="224" VPOS="1001" WIDTH="99" HEIGHT="36" WC="0.96" CONTENT="olika"/><SP WIDTH="46" VPOS="1001" HPOS="323"/>
							<String ID="string_154" HPOS="369" VPOS="1000" WIDTH="250" HEIGHT="49" WC="0.96" CONTENT="stadganden,"/><SP WIDTH="44" VPOS="1000" HPOS="619"/>
							<String ID="string_155" HPOS="663" VPOS="999" WIDTH="78" HEIGHT="37" WC="0.96" CONTENT="dels"/><SP WIDTH="36" VPOS="999" HPOS="741"/>
							<String ID="string_156" HPOS="777" VPOS="1000" WIDTH="74" HEIGHT="35" WC="0.96" CONTENT="den"/><SP WIDTH="29" VPOS="1000" HPOS="851"/>
							<String ID="string_157" HPOS="880" VPOS="998" WIDTH="146" HEIGHT="37" WC="0.96" CONTENT="kanske"/><SP WIDTH="29" VPOS="998" HPOS="1026"/>
							<String ID="string_158" HPOS="1055" VPOS="999" WIDTH="145" HEIGHT="36" WC="0.96" CONTENT="mindre"/><SP WIDTH="28" VPOS="999" HPOS="1200"/>
							<String ID="string_159" HPOS="1228" VPOS="999" WIDTH="199" HEIGHT="48" WC="0.96" CONTENT="påtagliga"/><SP WIDTH="29" VPOS="999" HPOS="1427"/>
							<String ID="string_160" HPOS="1456" VPOS="1012" WIDTH="85" HEIGHT="23" WC="0.96" CONTENT="men"/><SP WIDTH="29" VPOS="1012" HPOS="1541"/>
							<String ID="string_161" HPOS="1570" VPOS="998" WIDTH="77" HEIGHT="36" WC="0.93" CONTENT="lika"/><SP WIDTH="27" VPOS="998" HPOS="1647"/>
							<String ID="string_162" HPOS="1674" VPOS="998" WIDTH="156" HEIGHT="36" WC="0.93" CONTENT="betänk-"/>
						</TextLine>
						<TextLine ID="line_17" HPOS="223" VPOS="1049" WIDTH="1608" HEIGHT="52">
							<String ID="string_163" HPOS="223" VPOS="1053" WIDTH="80" HEIGHT="48" WC="0.92" CONTENT="liga"/><SP WIDTH="29" VPOS="1053" HPOS="303"/>
							<String ID="string_164" HPOS="332" VPOS="1052" WIDTH="221" HEIGHT="36" WC="0.92" CONTENT="oklarheten"/><SP WIDTH="30" VPOS="1052" HPOS="553"/>
							<String ID="string_165" HPOS="583" VPOS="1052" WIDTH="10" HEIGHT="35" WC="0.96" CONTENT="i"/><SP WIDTH="31" VPOS="1052" HPOS="593"/>
							<String ID="string_166" HPOS="624" VPOS="1052" WIDTH="108" HEIGHT="48" WC="0.96" CONTENT="fråga"/><SP WIDTH="29" VPOS="1052" HPOS="732"/>
							<String ID="string_167" HPOS="761" VPOS="1064" WIDTH="61" HEIGHT="23" WC="0.96" CONTENT="om"/><SP WIDTH="29" VPOS="1064" HPOS="822"/>
							<String ID="string_168" HPOS="851" VPOS="1051" WIDTH="218" HEIGHT="47" WC="0.96" CONTENT="grunderna"/><SP WIDTH="29" VPOS="1051" HPOS="1069"/>
							<String ID="string_169" HPOS="1098" VPOS="1051" WIDTH="57" HEIGHT="35" WC="0.97" CONTENT="för"/><SP WIDTH="29" VPOS="1051" HPOS="1155"/>
							<String ID="string_170" HPOS="1184" VPOS="1051" WIDTH="120" HEIGHT="35" WC="0.94" CONTENT="dessa."/><SP WIDTH="57" VPOS="1051" HPOS="1304"/>
							<String ID="string_171" HPOS="1361" VPOS="1050" WIDTH="241" HEIGHT="36" WC="0.96" CONTENT="Beträffande"/><SP WIDTH="29" VPOS="1050" HPOS="1602"/>
							<String ID="string_172" HPOS="1631" VPOS="1049" WIDTH="71" HEIGHT="37" WC="0.96" CONTENT="den"/><SP WIDTH="29" VPOS="1049" HPOS="1702"/>
							<String ID="string_173" HPOS="1731" VPOS="1050" WIDTH="100" HEIGHT="36" WC="0.96" CONTENT="förra"/>
						</TextLine>
						<TextLine ID="line_18" HPOS="223" VPOS="1100" WIDTH="1608" HEIGHT="50">
							<String ID="string_174" HPOS="223" VPOS="1104" WIDTH="167" HEIGHT="37" WC="0.96" CONTENT="behöver"/><SP WIDTH="28" VPOS="1104" HPOS="390"/>
							<String ID="string_175" HPOS="418" VPOS="1104" WIDTH="183" HEIGHT="36" WC="0.96" CONTENT="utskottet"/><SP WIDTH="28" VPOS="1104" HPOS="601"/>
							<String ID="string_176" HPOS="629" VPOS="1103" WIDTH="97" HEIGHT="37" WC="0.96" CONTENT="blott"/><SP WIDTH="27" VPOS="1103" HPOS="726"/>
							<String ID="string_177" HPOS="753" VPOS="1102" WIDTH="212" HEIGHT="48" WC="0.94" CONTENT="framhålla,"/><SP WIDTH="31" VPOS="1102" HPOS="965"/>
							<String ID="string_178" HPOS="996" VPOS="1107" WIDTH="53" HEIGHT="31" WC="0.96" CONTENT="att"/><SP WIDTH="29" VPOS="1107" HPOS="1049"/>
							<String ID="string_179" HPOS="1078" VPOS="1115" WIDTH="46" HEIGHT="23" WC="0.96" CONTENT="en"/><SP WIDTH="24" VPOS="1115" HPOS="1124"/>
							<String ID="string_180" HPOS="1148" VPOS="1102" WIDTH="222" HEIGHT="48" WC="0.96" CONTENT="jämförelse"/><SP WIDTH="29" VPOS="1102" HPOS="1370"/>
							<String ID="string_181" HPOS="1399" VPOS="1102" WIDTH="136" HEIGHT="36" WC="0.96" CONTENT="mellan"/><SP WIDTH="29" VPOS="1102" HPOS="1535"/>
							<String ID="string_182" HPOS="1564" VPOS="1100" WIDTH="204" HEIGHT="49" WC="0.96" CONTENT="förslagets"/><SP WIDTH="20" VPOS="1100" HPOS="1768"/>
							<String ID="string_183" HPOS="1788" VPOS="1100" WIDTH="43" HEIGHT="50" WC="0.95" CONTENT="$$"/>
						</TextLine>
						<TextLine ID="line_19" HPOS="225" VPOS="1153" WIDTH="1606" HEIGHT="48">
							<String ID="string_184" HPOS="225" VPOS="1158" WIDTH="21" HEIGHT="34" WC="0.96" CONTENT="2"/><SP WIDTH="42" VPOS="1158" HPOS="246"/>
							<String ID="string_185" HPOS="288" VPOS="1156" WIDTH="71" HEIGHT="37" WC="0.96" CONTENT="och"/><SP WIDTH="29" VPOS="1156" HPOS="359"/>
							<String ID="string_186" HPOS="388" VPOS="1158" WIDTH="21" HEIGHT="34" WC="0.96" CONTENT="9"/><SP WIDTH="30" VPOS="1158" HPOS="409"/>
							<String ID="string_187" HPOS="439" VPOS="1155" WIDTH="92" HEIGHT="36" WC="0.96" CONTENT="eller"/><SP WIDTH="33" VPOS="1155" HPOS="531"/>
							<String ID="string_188" HPOS="564" VPOS="1155" WIDTH="138" HEIGHT="37" WC="0.95" CONTENT="mellan"/><SP WIDTH="29" VPOS="1155" HPOS="702"/>
							<String ID="string_189" HPOS="731" VPOS="1155" WIDTH="85" HEIGHT="36" WC="0.93" CONTENT="dess"/><SP WIDTH="29" VPOS="1155" HPOS="816"/>
							<String ID="string_190" HPOS="845" VPOS="1155" WIDTH="41" HEIGHT="46" WC="0.79" CONTENT="8$"/><SP WIDTH="29" VPOS="1155" HPOS="886"/>
							<String ID="string_191" HPOS="915" VPOS="1157" WIDTH="21" HEIGHT="33" WC="0.96" CONTENT="3"/><SP WIDTH="31" VPOS="1157" HPOS="936"/>
							<String ID="string_192" HPOS="967" VPOS="1155" WIDTH="68" HEIGHT="35" WC="0.96" CONTENT="och"/><SP WIDTH="30" VPOS="1155" HPOS="1035"/>
							<String ID="string_193" HPOS="1065" VPOS="1155" WIDTH="21" HEIGHT="35" WC="0.96" CONTENT="8"/><SP WIDTH="31" VPOS="1155" HPOS="1086"/>
							<String ID="string_194" HPOS="1117" VPOS="1153" WIDTH="231" HEIGHT="37" WC="0.96" CONTENT="omedelbart"/><SP WIDTH="30" VPOS="1153" HPOS="1348"/>
							<String ID="string_195" HPOS="1378" VPOS="1154" WIDTH="101" HEIGHT="36" WC="0.93" CONTENT="visar"/><SP WIDTH="28" VPOS="1154" HPOS="1479"/>
							<String ID="string_196" HPOS="1507" VPOS="1153" WIDTH="324" HEIGHT="48" WC="0.91" CONTENT="anmärkningens"/>
						</TextLine>
						<TextLine ID="line_20" HPOS="223" VPOS="1204" WIDTH="1608" HEIGHT="52">
							<String ID="string_197" HPOS="223" VPOS="1207" WIDTH="203" HEIGHT="49" WC="0.88" CONTENT="riktighet;"/><SP WIDTH="31" VPOS="1207" HPOS="426"/>
							<String ID="string_198" HPOS="457" VPOS="1208" WIDTH="31" HEIGHT="48" WC="0.96" CONTENT="ej"/><SP WIDTH="32" VPOS="1208" HPOS="488"/>
							<String ID="string_199" HPOS="520" VPOS="1207" WIDTH="116" HEIGHT="37" WC="0.96" CONTENT="heller"/><SP WIDTH="29" VPOS="1207" HPOS="636"/>
							<String ID="string_200" HPOS="665" VPOS="1206" WIDTH="189" HEIGHT="49" WC="0.95" CONTENT="föreligga"/><SP WIDTH="29" VPOS="1206" HPOS="854"/>
							<String ID="string_201" HPOS="883" VPOS="1208" WIDTH="119" HEIGHT="46" WC="0.96" CONTENT="några"/><SP WIDTH="27" VPOS="1208" HPOS="1002"/>
							<String ID="string_202" HPOS="1029" VPOS="1205" WIDTH="166" HEIGHT="37" WC="0.96" CONTENT="bärande"/><SP WIDTH="20" VPOS="1205" HPOS="1195"/>
							<String ID="string_203" HPOS="1215" VPOS="1205" WIDTH="82" HEIGHT="37" WC="0.67" CONTENT="skäl"/><SP WIDTH="20" VPOS="1205" HPOS="1297"/>
							<String ID="string_204" HPOS="1317" VPOS="1211" WIDTH="25" HEIGHT="30" WC="0.67" CONTENT="t."/><SP WIDTH="23" VPOS="1211" HPOS="1342"/>
							<String ID="string_205" HPOS="1365" VPOS="1219" WIDTH="56" HEIGHT="23" WC="0.95" CONTENT="ex."/><SP WIDTH="24" VPOS="1219" HPOS="1421"/>
							<String ID="string_206" HPOS="1445" VPOS="1205" WIDTH="57" HEIGHT="36" WC="0.93" CONTENT="för"/><SP WIDTH="19" VPOS="1205" HPOS="1502"/>
							<String ID="string_207" HPOS="1521" VPOS="1204" WIDTH="310" HEIGHT="49" WC="0.90" CONTENT="åldersgränsens"/>
						</TextLine>
						<TextLine ID="line_21" HPOS="225" VPOS="1257" WIDTH="1607" HEIGHT="46">
							<String ID="string_208" HPOS="225" VPOS="1259" WIDTH="263" HEIGHT="37" WC="0.96" CONTENT="fastställande"/><SP WIDTH="41" VPOS="1259" HPOS="488"/>
							<String ID="string_209" HPOS="529" VPOS="1259" WIDTH="11" HEIGHT="35" WC="0.96" CONTENT="i"/><SP WIDTH="41" VPOS="1259" HPOS="540"/>
							<String ID="string_210" HPOS="581" VPOS="1259" WIDTH="101" HEIGHT="36" WC="0.95" CONTENT="vissa"/><SP WIDTH="40" VPOS="1259" HPOS="682"/>
							<String ID="string_211" HPOS="722" VPOS="1258" WIDTH="65" HEIGHT="36" WC="0.96" CONTENT="fall"/><SP WIDTH="38" VPOS="1258" HPOS="787"/>
							<String ID="string_212" HPOS="825" VPOS="1258" WIDTH="56" HEIGHT="36" WC="0.96" CONTENT="till"/><SP WIDTH="33" VPOS="1258" HPOS="881"/>
							<String ID="string_213" HPOS="914" VPOS="1260" WIDTH="58" HEIGHT="43" WC="0.95" CONTENT="18,"/><SP WIDTH="30" VPOS="1260" HPOS="972"/>
							<String ID="string_214" HPOS="1002" VPOS="1258" WIDTH="11" HEIGHT="35" WC="0.95" CONTENT="i"/><SP WIDTH="29" VPOS="1258" HPOS="1013"/>
							<String ID="string_215" HPOS="1042" VPOS="1257" WIDTH="115" HEIGHT="36" WC="0.95" CONTENT="andra"/><SP WIDTH="31" VPOS="1257" HPOS="1157"/>
							<String ID="string_216" HPOS="1188" VPOS="1257" WIDTH="55" HEIGHT="36" WC="0.96" CONTENT="till"/><SP WIDTH="30" VPOS="1257" HPOS="1243"/>
							<String ID="string_217" HPOS="1273" VPOS="1259" WIDTH="44" HEIGHT="34" WC="0.95" CONTENT="21"/><SP WIDTH="33" VPOS="1259" HPOS="1317"/>
							<String ID="string_218" HPOS="1350" VPOS="1260" WIDTH="49" HEIGHT="33" WC="0.91" CONTENT="år."/><SP WIDTH="57" VPOS="1260" HPOS="1399"/>
							<String ID="string_219" HPOS="1456" VPOS="1257" WIDTH="306" HEIGHT="36" WC="0.89" CONTENT="Understundom"/><SP WIDTH="30" VPOS="1257" HPOS="1762"/>
							<String ID="string_220" HPOS="1792" VPOS="1262" WIDTH="40" HEIGHT="30" WC="0.96" CONTENT="är"/>
						</TextLine>
						<TextLine ID="line_22" HPOS="224" VPOS="1308" WIDTH="1607" HEIGHT="51">
							<String ID="string_221" HPOS="224" VPOS="1311" WIDTH="143" HEIGHT="36" WC="0.95" CONTENT="bristen"/><SP WIDTH="29" VPOS="1311" HPOS="367"/>
							<String ID="string_222" HPOS="396" VPOS="1317" WIDTH="84" HEIGHT="30" WC="0.96" CONTENT="rent"/><SP WIDTH="29" VPOS="1317" HPOS="480"/>
							<String ID="string_223" HPOS="509" VPOS="1324" WIDTH="46" HEIGHT="22" WC="0.96" CONTENT="av"/><SP WIDTH="28" VPOS="1324" HPOS="555"/>
							<String ID="string_224" HPOS="583" VPOS="1310" WIDTH="193" HEIGHT="49" WC="0.95" CONTENT="avsiktlig,"/><SP WIDTH="30" VPOS="1310" HPOS="776"/>
							<String ID="string_225" HPOS="806" VPOS="1312" WIDTH="126" HEIGHT="34" WC="0.93" CONTENT="såsom"/><SP WIDTH="30" VPOS="1312" HPOS="932"/>
							<String ID="string_226" HPOS="962" VPOS="1314" WIDTH="25" HEIGHT="31" WC="0.81" CONTENT="t."/><SP WIDTH="32" VPOS="1314" HPOS="987"/>
							<String ID="string_227" HPOS="1019" VPOS="1322" WIDTH="56" HEIGHT="23" WC="0.96" CONTENT="ex."/><SP WIDTH="31" VPOS="1322" HPOS="1075"/>
							<String ID="string_228" HPOS="1106" VPOS="1308" WIDTH="235" HEIGHT="37" WC="0.93" CONTENT="beträffande"/><SP WIDTH="28" VPOS="1308" HPOS="1341"/>
							<String ID="string_229" HPOS="1369" VPOS="1308" WIDTH="21" HEIGHT="49" WC="0.91" CONTENT="$"/><SP WIDTH="24" VPOS="1308" HPOS="1390"/>
							<String ID="string_230" HPOS="1414" VPOS="1310" WIDTH="23" HEIGHT="34" WC="0.96" CONTENT="4"/><SP WIDTH="21" VPOS="1310" HPOS="1437"/>
							<String ID="string_231" HPOS="1458" VPOS="1309" WIDTH="90" HEIGHT="36" WC="0.96" CONTENT="sista"/><SP WIDTH="21" VPOS="1309" HPOS="1548"/>
							<String ID="string_232" HPOS="1569" VPOS="1309" WIDTH="161" HEIGHT="48" WC="0.96" CONTENT="stycket,"/><SP WIDTH="21" VPOS="1309" HPOS="1730"/>
							<String ID="string_233" HPOS="1751" VPOS="1321" WIDTH="80" HEIGHT="24" WC="0.96" CONTENT="som"/>
						</TextLine>
						<TextLine ID="line_23" HPOS="223" VPOS="1360" WIDTH="1608" HEIGHT="50">
							<String ID="string_234" HPOS="223" VPOS="1363" WIDTH="120" HEIGHT="47" WC="0.96" CONTENT="enligt"/><SP WIDTH="42" VPOS="1363" HPOS="343"/>
							<String ID="string_235" HPOS="385" VPOS="1362" WIDTH="166" HEIGHT="36" WC="0.96" CONTENT="motiven"/><SP WIDTH="42" VPOS="1362" HPOS="551"/>
							<String ID="string_236" HPOS="593" VPOS="1362" WIDTH="132" HEIGHT="36" WC="0.96" CONTENT="endast"/><SP WIDTH="34" VPOS="1362" HPOS="725"/>
							<String ID="string_237" HPOS="759" VPOS="1361" WIDTH="95" HEIGHT="36" WC="0.96" CONTENT="skall"/><SP WIDTH="30" VPOS="1361" HPOS="854"/>
							<String ID="string_238" HPOS="884" VPOS="1361" WIDTH="190" HEIGHT="48" WC="0.96" CONTENT="tillämpas"/><SP WIDTH="39" VPOS="1361" HPOS="1074"/>
							<String ID="string_239" HPOS="1113" VPOS="1360" WIDTH="120" HEIGHT="36" WC="0.96" CONTENT="under"/><SP WIDTH="29" VPOS="1360" HPOS="1233"/>
							<String ID="string_240" HPOS="1262" VPOS="1360" WIDTH="328" HEIGHT="49" WC="0.96" CONTENT="förutsättningar,"/><SP WIDTH="30" VPOS="1360" HPOS="1590"/>
							<String ID="string_241" HPOS="1620" VPOS="1360" WIDTH="103" HEIGHT="36" WC="0.93" CONTENT="vilka"/><SP WIDTH="27" VPOS="1360" HPOS="1723"/>
							<String ID="string_242" HPOS="1750" VPOS="1360" WIDTH="81" HEIGHT="48" WC="0.92" CONTENT="lag-"/>
						</TextLine>
						<TextLine ID="line_24" HPOS="222" VPOS="1411" WIDTH="1608" HEIGHT="51">
							<String ID="string_243" HPOS="222" VPOS="1418" WIDTH="129" HEIGHT="32" WC="0.96" CONTENT="texten"/><SP WIDTH="39" VPOS="1418" HPOS="351"/>
							<String ID="string_244" HPOS="390" VPOS="1413" WIDTH="83" HEIGHT="37" WC="0.96" CONTENT="icke"/><SP WIDTH="29" VPOS="1413" HPOS="473"/>
							<String ID="string_245" HPOS="502" VPOS="1426" WIDTH="118" HEIGHT="36" WC="0.96" CONTENT="anger"/><SP WIDTH="28" VPOS="1426" HPOS="620"/>
							<String ID="string_246" HPOS="648" VPOS="1413" WIDTH="71" HEIGHT="36" WC="0.96" CONTENT="och"/><SP WIDTH="28" VPOS="1413" HPOS="719"/>
							<String ID="string_247" HPOS="747" VPOS="1426" WIDTH="82" HEIGHT="23" WC="0.96" CONTENT="som"/><SP WIDTH="30" VPOS="1426" HPOS="829"/>
							<String ID="string_248" HPOS="859" VPOS="1412" WIDTH="127" HEIGHT="36" WC="0.96" CONTENT="därför"/><SP WIDTH="28" VPOS="1412" HPOS="986"/>
							<String ID="string_249" HPOS="1014" VPOS="1413" WIDTH="152" HEIGHT="35" WC="0.96" CONTENT="komma"/><SP WIDTH="29" VPOS="1413" HPOS="1166"/>
							<String ID="string_250" HPOS="1195" VPOS="1417" WIDTH="54" HEIGHT="31" WC="0.95" CONTENT="att"/><SP WIDTH="28" VPOS="1417" HPOS="1249"/>
							<String ID="string_251" HPOS="1277" VPOS="1412" WIDTH="119" HEIGHT="36" WC="0.95" CONTENT="sakna"/><SP WIDTH="28" VPOS="1412" HPOS="1396"/>
							<String ID="string_252" HPOS="1424" VPOS="1412" WIDTH="48" HEIGHT="35" WC="0.94" CONTENT="all"/><SP WIDTH="28" VPOS="1412" HPOS="1472"/>
							<String ID="string_253" HPOS="1500" VPOS="1411" WIDTH="191" HEIGHT="37" WC="0.95" CONTENT="bindande"/><SP WIDTH="28" VPOS="1411" HPOS="1691"/>
							<String ID="string_254" HPOS="1719" VPOS="1412" WIDTH="111" HEIGHT="41" WC="0.94" CONTENT="kraft,"/>
						</TextLine>
						<TextLine ID="line_25" HPOS="222" VPOS="1463" WIDTH="1609" HEIGHT="51">
							<String ID="string_255" HPOS="222" VPOS="1465" WIDTH="12" HEIGHT="35" WC="0.96" CONTENT="i"/><SP WIDTH="29" VPOS="1465" HPOS="234"/>
							<String ID="string_256" HPOS="263" VPOS="1465" WIDTH="95" HEIGHT="49" WC="0.96" CONTENT="följd"/><SP WIDTH="28" VPOS="1465" HPOS="358"/>
							<String ID="string_257" HPOS="386" VPOS="1478" WIDTH="117" HEIGHT="23" WC="0.96" CONTENT="varav"/><SP WIDTH="30" VPOS="1478" HPOS="503"/>
							<String ID="string_258" HPOS="533" VPOS="1465" WIDTH="149" HEIGHT="48" WC="0.96" CONTENT="stycket"/><SP WIDTH="27" VPOS="1465" HPOS="682"/>
							<String ID="string_259" HPOS="709" VPOS="1464" WIDTH="71" HEIGHT="36" WC="0.96" CONTENT="kan"/><SP WIDTH="32" VPOS="1464" HPOS="780"/>
							<String ID="string_260" HPOS="812" VPOS="1465" WIDTH="37" HEIGHT="35" WC="0.96" CONTENT="få"/><SP WIDTH="29" VPOS="1465" HPOS="849"/>
							<String ID="string_261" HPOS="878" VPOS="1477" WIDTH="46" HEIGHT="23" WC="0.96" CONTENT="en"/><SP WIDTH="30" VPOS="1477" HPOS="924"/>
							<String ID="string_262" HPOS="954" VPOS="1464" WIDTH="77" HEIGHT="36" WC="0.96" CONTENT="helt"/><SP WIDTH="29" VPOS="1464" HPOS="1031"/>
							<String ID="string_263" HPOS="1060" VPOS="1477" WIDTH="124" HEIGHT="23" WC="0.96" CONTENT="annan"/><SP WIDTH="29" VPOS="1477" HPOS="1184"/>
							<String ID="string_264" HPOS="1213" VPOS="1463" WIDTH="186" HEIGHT="37" WC="0.95" CONTENT="innebörd"/><SP WIDTH="29" VPOS="1463" HPOS="1399"/>
							<String ID="string_265" HPOS="1428" VPOS="1469" WIDTH="47" HEIGHT="30" WC="0.96" CONTENT="än"/><SP WIDTH="29" VPOS="1469" HPOS="1475"/>
							<String ID="string_266" HPOS="1504" VPOS="1476" WIDTH="80" HEIGHT="23" WC="0.96" CONTENT="som"/><SP WIDTH="20" VPOS="1476" HPOS="1584"/>
							<String ID="string_267" HPOS="1604" VPOS="1463" WIDTH="227" HEIGHT="49" WC="0.96" CONTENT="principiellt"/>
						</TextLine>
						<TextLine ID="line_26" HPOS="223" VPOS="1517" WIDTH="279" HEIGHT="49">
							<String ID="string_268" HPOS="223" VPOS="1517" WIDTH="98" HEIGHT="36" WC="0.93" CONTENT="varit"/><SP WIDTH="28" VPOS="1517" HPOS="321"/>
							<String ID="string_269" HPOS="349" VPOS="1517" WIDTH="153" HEIGHT="49" WC="0.91" CONTENT="åsyftat."/>
						</TextLine>
					</TextBlock>
					<TextBlock ID="block_3" HPOS="217" VPOS="1566" WIDTH="1616" HEIGHT="725">
						<TextLine ID="line_27" HPOS="352" VPOS="1566" WIDTH="1479" HEIGHT="51">
							<String ID="string_270" HPOS="352" VPOS="1569" WIDTH="82" HEIGHT="36" WC="0.96" CONTENT="Vad"/><SP WIDTH="44" VPOS="1569" HPOS="434"/>
							<String ID="string_271" HPOS="478" VPOS="1571" WIDTH="80" HEIGHT="34" WC="0.96" CONTENT="åter"/><SP WIDTH="43" VPOS="1571" HPOS="558"/>
							<String ID="string_272" HPOS="601" VPOS="1571" WIDTH="117" HEIGHT="46" WC="0.93" CONTENT="angår"/><SP WIDTH="41" VPOS="1571" HPOS="718"/>
							<String ID="string_273" HPOS="759" VPOS="1568" WIDTH="223" HEIGHT="36" WC="0.92" CONTENT="oklarheten"/><SP WIDTH="42" VPOS="1568" HPOS="982"/>
							<String ID="string_274" HPOS="1024" VPOS="1568" WIDTH="11" HEIGHT="35" WC="0.96" CONTENT="i"/><SP WIDTH="40" VPOS="1568" HPOS="1035"/>
							<String ID="string_275" HPOS="1075" VPOS="1568" WIDTH="106" HEIGHT="48" WC="0.95" CONTENT="fråga"/><SP WIDTH="29" VPOS="1568" HPOS="1181"/>
							<String ID="string_276" HPOS="1210" VPOS="1580" WIDTH="60" HEIGHT="23" WC="0.96" CONTENT="om"/><SP WIDTH="29" VPOS="1580" HPOS="1270"/>
							<String ID="string_277" HPOS="1299" VPOS="1566" WIDTH="229" HEIGHT="49" WC="0.96" CONTENT="grunderna,"/><SP WIDTH="29" VPOS="1566" HPOS="1528"/>
							<String ID="string_278" HPOS="1557" VPOS="1567" WIDTH="65" HEIGHT="36" WC="0.96" CONTENT="vill"/><SP WIDTH="29" VPOS="1567" HPOS="1622"/>
							<String ID="string_279" HPOS="1651" VPOS="1567" WIDTH="180" HEIGHT="36" WC="0.96" CONTENT="utskottet"/>
						</TextLine>
						<TextLine ID="line_28" HPOS="223" VPOS="1618" WIDTH="1608" HEIGHT="50">
							<String ID="string_280" HPOS="223" VPOS="1621" WIDTH="98" HEIGHT="36" WC="0.96" CONTENT="först"/><SP WIDTH="27" VPOS="1621" HPOS="321"/>
							<String ID="string_281" HPOS="348" VPOS="1620" WIDTH="134" HEIGHT="47" WC="0.95" CONTENT="erinra,"/><SP WIDTH="22" VPOS="1620" HPOS="482"/>
							<String ID="string_282" HPOS="504" VPOS="1626" WIDTH="53" HEIGHT="30" WC="0.96" CONTENT="att"/><SP WIDTH="20" VPOS="1626" HPOS="557"/>
							<String ID="string_283" HPOS="577" VPOS="1620" WIDTH="72" HEIGHT="36" WC="0.96" CONTENT="den"/><SP WIDTH="21" VPOS="1620" HPOS="649"/>
							<String ID="string_284" HPOS="670" VPOS="1620" WIDTH="182" HEIGHT="36" WC="0.96" CONTENT="moderna"/><SP WIDTH="20" VPOS="1620" HPOS="852"/>
							<String ID="string_285" HPOS="872" VPOS="1619" WIDTH="272" HEIGHT="49" WC="0.96" CONTENT="utvecklingen"/><SP WIDTH="20" VPOS="1619" HPOS="1144"/>
							<String ID="string_286" HPOS="1164" VPOS="1619" WIDTH="206" HEIGHT="48" WC="0.96" CONTENT="väsentligt"/><SP WIDTH="20" VPOS="1619" HPOS="1370"/>
							<String ID="string_287" HPOS="1390" VPOS="1619" WIDTH="192" HEIGHT="36" WC="0.96" CONTENT="förändrat"/><SP WIDTH="20" VPOS="1619" HPOS="1582"/>
							<String ID="string_288" HPOS="1602" VPOS="1618" WIDTH="45" HEIGHT="37" WC="0.96" CONTENT="de"/><SP WIDTH="19" VPOS="1618" HPOS="1647"/>
							<String ID="string_289" HPOS="1666" VPOS="1619" WIDTH="165" HEIGHT="36" WC="0.96" CONTENT="faktiska"/>
						</TextLine>
						<TextLine ID="line_29" HPOS="224" VPOS="1670" WIDTH="1608" HEIGHT="51">
							<String ID="string_290" HPOS="224" VPOS="1672" WIDTH="367" HEIGHT="49" WC="0.90" CONTENT="förutsättningarna"/><SP WIDTH="41" VPOS="1672" HPOS="591"/>
							<String ID="string_291" HPOS="632" VPOS="1672" WIDTH="58" HEIGHT="35" WC="0.92" CONTENT="för"/><SP WIDTH="42" VPOS="1672" HPOS="690"/>
							<String ID="string_292" HPOS="732" VPOS="1671" WIDTH="396" HEIGHT="49" WC="0.90" CONTENT="statsborgarskapets"/><SP WIDTH="28" VPOS="1671" HPOS="1128"/>
							<String ID="string_293" HPOS="1156" VPOS="1670" WIDTH="177" HEIGHT="49" WC="0.96" CONTENT="rättsliga"/><SP WIDTH="27" VPOS="1670" HPOS="1333"/>
							<String ID="string_294" HPOS="1360" VPOS="1671" WIDTH="205" HEIGHT="48" WC="0.96" CONTENT="reglering,"/><SP WIDTH="30" VPOS="1671" HPOS="1565"/>
							<String ID="string_295" HPOS="1595" VPOS="1670" WIDTH="71" HEIGHT="37" WC="0.96" CONTENT="och"/><SP WIDTH="30" VPOS="1670" HPOS="1666"/>
							<String ID="string_296" HPOS="1696" VPOS="1675" WIDTH="55" HEIGHT="32" WC="0.96" CONTENT="att"/><SP WIDTH="27" VPOS="1675" HPOS="1751"/>
							<String ID="string_297" HPOS="1778" VPOS="1676" WIDTH="54" HEIGHT="31" WC="0.95" CONTENT="ett"/>
						</TextLine>
						<TextLine ID="line_30" HPOS="222" VPOS="1722" WIDTH="1610" HEIGHT="51">
							<String ID="string_298" HPOS="222" VPOS="1724" WIDTH="223" HEIGHT="49" WC="0.94" CONTENT="lagförslag,"/><SP WIDTH="31" VPOS="1724" HPOS="445"/>
							<String ID="string_299" HPOS="476" VPOS="1737" WIDTH="81" HEIGHT="24" WC="0.95" CONTENT="som"/><SP WIDTH="28" VPOS="1737" HPOS="557"/>
							<String ID="string_300" HPOS="585" VPOS="1724" WIDTH="83" HEIGHT="36" WC="0.95" CONTENT="icke"/><SP WIDTH="28" VPOS="1724" HPOS="668"/>
							<String ID="string_301" HPOS="696" VPOS="1723" WIDTH="155" HEIGHT="37" WC="0.96" CONTENT="beaktar"/><SP WIDTH="29" VPOS="1723" HPOS="851"/>
							<String ID="string_302" HPOS="880" VPOS="1723" WIDTH="101" HEIGHT="36" WC="0.96" CONTENT="detta"/><SP WIDTH="30" VPOS="1723" HPOS="981"/>
							<String ID="string_303" HPOS="1011" VPOS="1722" WIDTH="246" HEIGHT="46" WC="0.95" CONTENT="förhållande,"/><SP WIDTH="31" VPOS="1722" HPOS="1257"/>
							<String ID="string_304" HPOS="1288" VPOS="1722" WIDTH="215" HEIGHT="48" WC="0.96" CONTENT="säkerligen"/><SP WIDTH="28" VPOS="1722" HPOS="1503"/>
							<String ID="string_305" HPOS="1531" VPOS="1722" WIDTH="82" HEIGHT="37" WC="0.96" CONTENT="icke"/><SP WIDTH="24" VPOS="1722" HPOS="1613"/>
							<String ID="string_306" HPOS="1637" VPOS="1723" WIDTH="75" HEIGHT="35" WC="0.95" CONTENT="kan"/><SP WIDTH="20" VPOS="1723" HPOS="1712"/>
							<String ID="string_307" HPOS="1732" VPOS="1722" WIDTH="100" HEIGHT="36" WC="0.95" CONTENT="bliva"/>
						</TextLine>
						<TextLine ID="line_31" HPOS="223" VPOS="1774" WIDTH="1609" HEIGHT="49">
							<String ID="string_308" HPOS="223" VPOS="1781" WIDTH="116" HEIGHT="31" WC="0.95" CONTENT="annat"/><SP WIDTH="42" VPOS="1781" HPOS="339"/>
							<String ID="string_309" HPOS="381" VPOS="1781" WIDTH="48" HEIGHT="31" WC="0.96" CONTENT="än"/><SP WIDTH="37" VPOS="1781" HPOS="429"/>
							<String ID="string_310" HPOS="466" VPOS="1781" WIDTH="54" HEIGHT="31" WC="0.96" CONTENT="ett"/><SP WIDTH="27" VPOS="1781" HPOS="520"/>
							<String ID="string_311" HPOS="547" VPOS="1781" WIDTH="83" HEIGHT="31" WC="0.96" CONTENT="rent"/><SP WIDTH="28" VPOS="1781" HPOS="630"/>
							<String ID="string_312" HPOS="658" VPOS="1775" WIDTH="261" HEIGHT="48" WC="0.94" CONTENT="provisorium."/><SP WIDTH="57" VPOS="1775" HPOS="919"/>
							<String ID="string_313" HPOS="976" VPOS="1774" WIDTH="196" HEIGHT="37" WC="0.96" CONTENT="Utskottet"/><SP WIDTH="28" VPOS="1774" HPOS="1172"/>
							<String ID="string_314" HPOS="1200" VPOS="1774" WIDTH="121" HEIGHT="48" WC="0.96" CONTENT="syftar"/><SP WIDTH="28" VPOS="1774" HPOS="1321"/>
							<String ID="string_315" HPOS="1349" VPOS="1775" WIDTH="131" HEIGHT="36" WC="0.96" CONTENT="härvid"/><SP WIDTH="30" VPOS="1775" HPOS="1480"/>
							<String ID="string_316" HPOS="1510" VPOS="1774" WIDTH="145" HEIGHT="36" WC="0.96" CONTENT="mindre"/><SP WIDTH="27" VPOS="1774" HPOS="1655"/>
							<String ID="string_317" HPOS="1682" VPOS="1777" WIDTH="48" HEIGHT="46" WC="0.96" CONTENT="på"/><SP WIDTH="29" VPOS="1777" HPOS="1730"/>
							<String ID="string_318" HPOS="1759" VPOS="1774" WIDTH="73" HEIGHT="36" WC="0.96" CONTENT="den"/>
						</TextLine>
						<TextLine ID="line_32" HPOS="223" VPOS="1826" WIDTH="1608" HEIGHT="50">
							<String ID="string_319" HPOS="223" VPOS="1828" WIDTH="305" HEIGHT="48" WC="0.90" CONTENT="privaträttsliga"/><SP WIDTH="42" VPOS="1828" HPOS="528"/>
							<String ID="string_320" HPOS="570" VPOS="1827" WIDTH="270" HEIGHT="48" WC="0.91" CONTENT="utvecklingen"/><SP WIDTH="43" VPOS="1827" HPOS="840"/>
							<String ID="string_321" HPOS="883" VPOS="1840" WIDTH="46" HEIGHT="22" WC="0.91" CONTENT="av"/><SP WIDTH="29" VPOS="1840" HPOS="929"/>
							<String ID="string_322" HPOS="958" VPOS="1826" WIDTH="248" HEIGHT="49" WC="0.90" CONTENT="äktenskaps-"/><SP WIDTH="29" VPOS="1826" HPOS="1206"/>
							<String ID="string_323" HPOS="1235" VPOS="1826" WIDTH="71" HEIGHT="36" WC="0.96" CONTENT="och"/><SP WIDTH="28" VPOS="1826" HPOS="1306"/>
							<String ID="string_324" HPOS="1334" VPOS="1826" WIDTH="282" HEIGHT="49" WC="0.95" CONTENT="familjerätten,"/><SP WIDTH="30" VPOS="1826" HPOS="1616"/>
							<String ID="string_325" HPOS="1646" VPOS="1831" WIDTH="95" HEIGHT="31" WC="0.96" CONTENT="även"/><SP WIDTH="28" VPOS="1831" HPOS="1741"/>
							<String ID="string_326" HPOS="1769" VPOS="1838" WIDTH="62" HEIGHT="24" WC="0.96" CONTENT="om"/>
						</TextLine>
						<TextLine ID="line_33" HPOS="223" VPOS="1877" WIDTH="1609" HEIGHT="50">
							<String ID="string_327" HPOS="223" VPOS="1879" WIDTH="125" HEIGHT="37" WC="0.96" CONTENT="denna"/><SP WIDTH="28" VPOS="1879" HPOS="348"/>
							<String ID="string_328" HPOS="376" VPOS="1879" WIDTH="83" HEIGHT="36" WC="0.96" CONTENT="icke"/><SP WIDTH="30" VPOS="1879" HPOS="459"/>
							<String ID="string_329" HPOS="489" VPOS="1879" WIDTH="74" HEIGHT="36" WC="0.96" CONTENT="kan"/><SP WIDTH="29" VPOS="1879" HPOS="563"/>
							<String ID="string_330" HPOS="592" VPOS="1879" WIDTH="145" HEIGHT="36" WC="0.96" CONTENT="lämnas"/><SP WIDTH="30" VPOS="1879" HPOS="737"/>
							<String ID="string_331" HPOS="767" VPOS="1878" WIDTH="154" HEIGHT="37" WC="0.93" CONTENT="alldeles"/><SP WIDTH="30" VPOS="1878" HPOS="921"/>
							<String ID="string_332" HPOS="951" VPOS="1878" WIDTH="198" HEIGHT="46" WC="0.92" CONTENT="obeaktad,"/><SP WIDTH="27" VPOS="1878" HPOS="1149"/>
							<String ID="string_333" HPOS="1176" VPOS="1883" WIDTH="46" HEIGHT="31" WC="0.93" CONTENT="än"/><SP WIDTH="23" VPOS="1883" HPOS="1222"/>
							<String ID="string_334" HPOS="1245" VPOS="1878" WIDTH="179" HEIGHT="36" WC="0.91" CONTENT="fastmera"/><SP WIDTH="18" VPOS="1878" HPOS="1424"/>
							<String ID="string_335" HPOS="1442" VPOS="1881" WIDTH="49" HEIGHT="46" WC="0.96" CONTENT="på"/><SP WIDTH="20" VPOS="1881" HPOS="1491"/>
							<String ID="string_336" HPOS="1511" VPOS="1878" WIDTH="71" HEIGHT="36" WC="0.93" CONTENT="den"/><SP WIDTH="17" VPOS="1878" HPOS="1582"/>
							<String ID="string_337" HPOS="1599" VPOS="1877" WIDTH="233" HEIGHT="48" WC="0.91" CONTENT="omständig-"/>
						</TextLine>
						<TextLine ID="line_34" HPOS="223" VPOS="1929" WIDTH="1608" HEIGHT="50">
							<String ID="string_338" HPOS="223" VPOS="1931" WIDTH="127" HEIGHT="48" WC="0.96" CONTENT="heten,"/><SP WIDTH="44" VPOS="1931" HPOS="350"/>
							<String ID="string_339" HPOS="394" VPOS="1936" WIDTH="53" HEIGHT="31" WC="0.96" CONTENT="att"/><SP WIDTH="43" VPOS="1936" HPOS="447"/>
							<String ID="string_340" HPOS="490" VPOS="1936" WIDTH="185" HEIGHT="32" WC="0.96" CONTENT="staternas"/><SP WIDTH="41" VPOS="1936" HPOS="675"/>
							<String ID="string_341" HPOS="716" VPOS="1930" WIDTH="227" HEIGHT="49" WC="0.96" CONTENT="befolkning"/><SP WIDTH="28" VPOS="1930" HPOS="943"/>
							<String ID="string_342" HPOS="971" VPOS="1930" WIDTH="111" HEIGHT="36" WC="0.96" CONTENT="blivit"/><SP WIDTH="28" VPOS="1930" HPOS="1082"/>
							<String ID="string_343" HPOS="1110" VPOS="1930" WIDTH="169" HEIGHT="36" WC="0.96" CONTENT="alltmera"/><SP WIDTH="26" VPOS="1930" HPOS="1279"/>
							<String ID="string_344" HPOS="1305" VPOS="1930" WIDTH="122" HEIGHT="49" WC="0.96" CONTENT="rörlig"/><SP WIDTH="27" VPOS="1930" HPOS="1427"/>
							<String ID="string_345" HPOS="1454" VPOS="1930" WIDTH="70" HEIGHT="36" WC="0.96" CONTENT="och"/><SP WIDTH="28" VPOS="1930" HPOS="1524"/>
							<String ID="string_346" HPOS="1552" VPOS="1930" WIDTH="12" HEIGHT="35" WC="0.96" CONTENT="i"/><SP WIDTH="28" VPOS="1930" HPOS="1564"/>
							<String ID="string_347" HPOS="1592" VPOS="1929" WIDTH="94" HEIGHT="49" WC="0.96" CONTENT="följd"/><SP WIDTH="29" VPOS="1929" HPOS="1686"/>
							<String ID="string_348" HPOS="1715" VPOS="1929" WIDTH="116" HEIGHT="37" WC="0.96" CONTENT="därav"/>
						</TextLine>
						<TextLine ID="line_35" HPOS="222" VPOS="1981" WIDTH="1609" HEIGHT="50">
							<String ID="string_349" HPOS="222" VPOS="1983" WIDTH="216" HEIGHT="37" WC="0.93" CONTENT="individens"/><SP WIDTH="34" VPOS="1983" HPOS="438"/>
							<String ID="string_350" HPOS="472" VPOS="1981" WIDTH="316" HEIGHT="50" WC="0.91" CONTENT="statsborgerliga"/><SP WIDTH="27" VPOS="1981" HPOS="788"/>
							<String ID="string_351" HPOS="815" VPOS="1982" WIDTH="231" HEIGHT="37" WC="0.96" CONTENT="förbindelse"/><SP WIDTH="29" VPOS="1982" HPOS="1046"/>
							<String ID="string_352" HPOS="1075" VPOS="1981" WIDTH="85" HEIGHT="37" WC="0.95" CONTENT="med"/><SP WIDTH="28" VPOS="1981" HPOS="1160"/>
							<String ID="string_353" HPOS="1188" VPOS="1982" WIDTH="96" HEIGHT="36" WC="0.96" CONTENT="visst"/><SP WIDTH="27" VPOS="1982" HPOS="1284"/>
							<String ID="string_354" HPOS="1311" VPOS="1982" WIDTH="89" HEIGHT="36" WC="0.96" CONTENT="land"/><SP WIDTH="30" VPOS="1982" HPOS="1400"/>
							<String ID="string_355" HPOS="1430" VPOS="1981" WIDTH="171" HEIGHT="37" WC="0.96" CONTENT="alltmera"/><SP WIDTH="29" VPOS="1981" HPOS="1601"/>
							<String ID="string_356" HPOS="1630" VPOS="1982" WIDTH="102" HEIGHT="36" WC="0.96" CONTENT="oviss"/><SP WIDTH="29" VPOS="1982" HPOS="1732"/>
							<String ID="string_357" HPOS="1761" VPOS="1982" WIDTH="70" HEIGHT="35" WC="0.96" CONTENT="och"/>
						</TextLine>
						<TextLine ID="line_36" HPOS="223" VPOS="2033" WIDTH="1610" HEIGHT="51">
							<String ID="string_358" HPOS="223" VPOS="2035" WIDTH="244" HEIGHT="49" WC="0.95" CONTENT="föränderlig."/><SP WIDTH="56" VPOS="2035" HPOS="467"/>
							<String ID="string_359" HPOS="523" VPOS="2034" WIDTH="17" HEIGHT="36" WC="0.95" CONTENT="I"/><SP WIDTH="29" VPOS="2034" HPOS="540"/>
							<String ID="string_360" HPOS="569" VPOS="2034" WIDTH="76" HEIGHT="37" WC="0.96" CONTENT="viss"/><SP WIDTH="30" VPOS="2034" HPOS="645"/>
							<String ID="string_361" HPOS="675" VPOS="2037" WIDTH="85" HEIGHT="34" WC="0.96" CONTENT="mån"/><SP WIDTH="29" VPOS="2037" HPOS="760"/>
							<String ID="string_362" HPOS="789" VPOS="2034" WIDTH="69" HEIGHT="36" WC="0.96" CONTENT="har"/><SP WIDTH="27" VPOS="2034" HPOS="858"/>
							<String ID="string_363" HPOS="885" VPOS="2035" WIDTH="102" HEIGHT="36" WC="0.96" CONTENT="inom"/><SP WIDTH="29" VPOS="2035" HPOS="987"/>
							<String ID="string_364" HPOS="1016" VPOS="2034" WIDTH="171" HEIGHT="48" WC="0.96" CONTENT="lagrådet"/><SP WIDTH="28" VPOS="2034" HPOS="1187"/>
							<String ID="string_365" HPOS="1215" VPOS="2033" WIDTH="62" HEIGHT="37" WC="0.93" CONTENT="vid"/><SP WIDTH="25" VPOS="2033" HPOS="1277"/>
							<String ID="string_366" HPOS="1302" VPOS="2034" WIDTH="269" HEIGHT="48" WC="0.90" CONTENT="lagförslagets"/><SP WIDTH="20" VPOS="2034" HPOS="1571"/>
							<String ID="string_367" HPOS="1591" VPOS="2033" WIDTH="242" HEIGHT="49" WC="0.95" CONTENT="granskning"/>
						</TextLine>
						<TextLine ID="line_37" HPOS="217" VPOS="2085" WIDTH="1615" HEIGHT="50">
							<String ID="string_368" HPOS="217" VPOS="2087" WIDTH="257" HEIGHT="48" WC="0.92" CONTENT="justitierådet"/><SP WIDTH="40" VPOS="2087" HPOS="474"/>
							<String ID="string_369" HPOS="514" VPOS="2086" WIDTH="192" HEIGHT="36" WC="0.23" CONTENT="Koérsner"/><SP WIDTH="28" VPOS="2086" HPOS="706"/>
							<String ID="string_370" HPOS="734" VPOS="2086" WIDTH="155" HEIGHT="37" WC="0.96" CONTENT="beaktat"/><SP WIDTH="29" VPOS="2086" HPOS="889"/>
							<String ID="string_371" HPOS="918" VPOS="2086" WIDTH="103" HEIGHT="36" WC="0.96" CONTENT="detta"/><SP WIDTH="30" VPOS="2086" HPOS="1021"/>
							<String ID="string_372" HPOS="1051" VPOS="2085" WIDTH="236" HEIGHT="36" WC="0.96" CONTENT="förhållande"/><SP WIDTH="30" VPOS="2085" HPOS="1287"/>
							<String ID="string_373" HPOS="1317" VPOS="2085" WIDTH="69" HEIGHT="37" WC="0.96" CONTENT="och"/><SP WIDTH="30" VPOS="2085" HPOS="1386"/>
							<String ID="string_374" HPOS="1416" VPOS="2086" WIDTH="11" HEIGHT="35" WC="0.95" CONTENT="i"/><SP WIDTH="30" VPOS="2086" HPOS="1427"/>
							<String ID="string_375" HPOS="1457" VPOS="2086" WIDTH="221" HEIGHT="48" WC="0.95" CONTENT="anslutning"/><SP WIDTH="28" VPOS="2086" HPOS="1678"/>
							<String ID="string_376" HPOS="1706" VPOS="2085" WIDTH="126" HEIGHT="36" WC="0.95" CONTENT="härtill"/>
						</TextLine>
						<TextLine ID="line_38" HPOS="222" VPOS="2137" WIDTH="1610" HEIGHT="50">
							<String ID="string_377" HPOS="222" VPOS="2138" WIDTH="180" HEIGHT="49" WC="0.95" CONTENT="framlagt"/><SP WIDTH="13" VPOS="2138" HPOS="402"/>
							<String ID="string_378" HPOS="415" VPOS="2138" WIDTH="250" HEIGHT="49" WC="0.95" CONTENT="synpunkter,"/><SP WIDTH="11" VPOS="2138" HPOS="665"/>
							<String ID="string_379" HPOS="676" VPOS="2151" WIDTH="80" HEIGHT="24" WC="0.96" CONTENT="som"/><SP WIDTH="13" VPOS="2151" HPOS="756"/>
							<String ID="string_380" HPOS="769" VPOS="2138" WIDTH="95" HEIGHT="36" WC="0.96" CONTENT="efter"/><SP WIDTH="10" VPOS="2138" HPOS="864"/>
							<String ID="string_381" HPOS="874" VPOS="2138" WIDTH="203" HEIGHT="36" WC="0.96" CONTENT="utskottets"/><SP WIDTH="12" VPOS="2138" HPOS="1077"/>
							<String ID="string_382" HPOS="1089" VPOS="2137" WIDTH="156" HEIGHT="49" WC="0.96" CONTENT="mening"/><SP WIDTH="9" VPOS="2137" HPOS="1245"/>
							<String ID="string_383" HPOS="1254" VPOS="2138" WIDTH="98" HEIGHT="36" WC="0.95" CONTENT="varit"/><SP WIDTH="13" VPOS="2138" HPOS="1352"/>
							<String ID="string_384" HPOS="1365" VPOS="2138" WIDTH="180" HEIGHT="48" WC="0.96" CONTENT="förtjänta"/><SP WIDTH="12" VPOS="2138" HPOS="1545"/>
							<String ID="string_385" HPOS="1557" VPOS="2150" WIDTH="45" HEIGHT="23" WC="0.96" CONTENT="av"/><SP WIDTH="11" VPOS="2150" HPOS="1602"/>
							<String ID="string_386" HPOS="1613" VPOS="2137" WIDTH="88" HEIGHT="36" WC="0.96" CONTENT="vida"/><SP WIDTH="11" VPOS="2137" HPOS="1701"/>
							<String ID="string_387" HPOS="1712" VPOS="2142" WIDTH="120" HEIGHT="31" WC="0.96" CONTENT="större"/>
						</TextLine>
						<TextLine ID="line_39" HPOS="222" VPOS="2189" WIDTH="1610" HEIGHT="49">
							<String ID="string_388" HPOS="222" VPOS="2189" WIDTH="215" HEIGHT="38" WC="0.96" CONTENT="beaktande"/><SP WIDTH="29" VPOS="2189" HPOS="437"/>
							<String ID="string_389" HPOS="466" VPOS="2195" WIDTH="46" HEIGHT="31" WC="0.96" CONTENT="än"/><SP WIDTH="30" VPOS="2195" HPOS="512"/>
							<String ID="string_390" HPOS="542" VPOS="2203" WIDTH="50" HEIGHT="23" WC="0.96" CONTENT="nu"/><SP WIDTH="29" VPOS="2203" HPOS="592"/>
							<String ID="string_391" HPOS="621" VPOS="2190" WIDTH="109" HEIGHT="36" WC="0.95" CONTENT="skett."/><SP WIDTH="57" VPOS="2190" HPOS="730"/>
							<String ID="string_392" HPOS="787" VPOS="2190" WIDTH="60" HEIGHT="36" WC="0.94" CONTENT="En"/><SP WIDTH="29" VPOS="2190" HPOS="847"/>
							<String ID="string_393" HPOS="876" VPOS="2190" WIDTH="169" HEIGHT="48" WC="0.96" CONTENT="naturlig"/><SP WIDTH="29" VPOS="2190" HPOS="1045"/>
							<String ID="string_394" HPOS="1074" VPOS="2189" WIDTH="94" HEIGHT="48" WC="0.96" CONTENT="följd"/><SP WIDTH="30" VPOS="2189" HPOS="1168"/>
							<String ID="string_395" HPOS="1198" VPOS="2203" WIDTH="47" HEIGHT="23" WC="0.96" CONTENT="av"/><SP WIDTH="28" VPOS="2203" HPOS="1245"/>
							<String ID="string_396" HPOS="1273" VPOS="2189" WIDTH="123" HEIGHT="37" WC="0.96" CONTENT="denna"/><SP WIDTH="28" VPOS="2189" HPOS="1396"/>
							<String ID="string_397" HPOS="1424" VPOS="2189" WIDTH="221" HEIGHT="49" WC="0.96" CONTENT="utveckling"/><SP WIDTH="27" VPOS="2189" HPOS="1645"/>
							<String ID="string_398" HPOS="1672" VPOS="2189" WIDTH="84" HEIGHT="47" WC="0.95" CONTENT="blir,"/><SP WIDTH="21" VPOS="2189" HPOS="1756"/>
							<String ID="string_399" HPOS="1777" VPOS="2194" WIDTH="55" HEIGHT="31" WC="0.97" CONTENT="att"/>
						</TextLine>
						<TextLine ID="line_40" HPOS="223" VPOS="2240" WIDTH="1609" HEIGHT="51">
							<String ID="string_400" HPOS="223" VPOS="2255" WIDTH="87" HEIGHT="23" WC="0.95" CONTENT="man"/><SP WIDTH="42" VPOS="2255" HPOS="310"/>
							<String ID="string_401" HPOS="352" VPOS="2241" WIDTH="63" HEIGHT="37" WC="0.93" CONTENT="vid"/><SP WIDTH="30" VPOS="2241" HPOS="415"/>
							<String ID="string_402" HPOS="445" VPOS="2241" WIDTH="382" HEIGHT="50" WC="0.92" CONTENT="statsborgarrättens"/><SP WIDTH="29" VPOS="2241" HPOS="827"/>
							<String ID="string_403" HPOS="856" VPOS="2241" WIDTH="195" HEIGHT="49" WC="0.96" CONTENT="reglering"/><SP WIDTH="27" VPOS="2241" HPOS="1051"/>
							<String ID="string_404" HPOS="1078" VPOS="2240" WIDTH="84" HEIGHT="38" WC="0.96" CONTENT="icke"/><SP WIDTH="28" VPOS="2240" HPOS="1162"/>
							<String ID="string_405" HPOS="1190" VPOS="2242" WIDTH="132" HEIGHT="48" WC="0.96" CONTENT="längre"/><SP WIDTH="29" VPOS="2242" HPOS="1322"/>
							<String ID="string_406" HPOS="1351" VPOS="2241" WIDTH="108" HEIGHT="37" WC="0.96" CONTENT="torde"/><SP WIDTH="28" VPOS="2241" HPOS="1459"/>
							<String ID="string_407" HPOS="1487" VPOS="2241" WIDTH="129" HEIGHT="36" WC="0.96" CONTENT="kunna"/><SP WIDTH="27" VPOS="2241" HPOS="1616"/>
							<String ID="string_408" HPOS="1643" VPOS="2241" WIDTH="189" HEIGHT="49" WC="0.96" CONTENT="begränsa"/>
						</TextLine>
					</TextBlock>
				</ComposedBlock>
			</PrintSpace>
		</Page>
	</Layout>
</alto>
