1888 2832
315 190 19 30 8
762 190 275 28 Bankoutskottets
1057 192 158 27 utlåtande
1236 192 44 28 Nr
1299 193 46 27 36.

314 279 119 33 texter,
463 276 96 30 inser
581 276 68 39 jag,
675 279 51 28 att
752 286 42 21 en
823 276 261 41 framställning
1112 278 111 31 sådan
1253 289 75 22 som
1353 281 68 30 den
1446 282 59 39 jag
1533 282 121 39 gjorde
1684 284 10 29 i
1723 285 73 29 min

314 321 154 30 nämnda
496 321 239 38 promemoria
764 331 42 21 av
834 322 66 30 den
930 323 40 29 22
1001 323 89 38 april
1117 324 81 29 1941
1227 324 77 31 icke
1330 326 101 30 torde
1456 327 106 31 vinna
1587 327 209 32 beaktande.

313 365 51 31 Då
383 366 195 30 emellertid
601 366 134 30 arbetet
757 367 80 29 med
858 367 263 39 publiceringen
1142 378 43 20 av
1208 369 80 30 1731
1314 369 56 31 års
1393 373 114 28 texter
1529 381 48 20 nu
1597 372 201 31 fortskridit

313 409 37 31 så
374 409 106 40 långt,
507 413 49 27 att
584 411 42 29 de
650 410 171 39 föreligga
846 411 11 30 i
884 412 283 38 spaltkorrektur
1190 414 68 29 och
1283 417 49 27 att
1361 415 89 30 även
1478 416 318 40 kollationeringen

312 455 107 30 därav
441 455 10 30 i
475 455 197 39 betydande
696 455 214 40 omfattning
929 457 237 36 medhunnits,
1190 467 105 21 anser
1315 459 58 39 jag
1395 460 73 39 mig
1487 461 121 31 kunna
1628 462 168 34 beräkna,

312 502 49 28 att
381 503 47 27 ett
448 500 128 38 belopp
599 510 42 20 av
659 500 99 31 cirka
781 501 94 35 7,000
897 501 135 30 kronor
1048 512 42 20 av
1108 503 57 29 det
1185 502 42 31 år
1246 504 82 30 1939
1346 504 175 39 beviljade
1543 506 157 38 anslaget
1719 506 77 30 icke

311 545 153 29 behöver
482 548 98 35 tagas
599 545 11 29 i
629 544 165 39 anspråk.
830 545 66 31 Om
918 547 101 30 dessa
1042 547 113 30 medel
1175 547 97 39 finge
1294 549 180 31 användas
1498 549 58 31 för
1577 549 219 41 påbörjande

311 599 41 20 av
371 589 135 31 arbetet
528 590 79 29 med
629 590 83 29 1734
733 589 55 31 års
810 590 283 39 riksdagstexter,
1113 592 114 31 skulle
1247 593 144 31 därmed
1415 594 78 30 icke
1515 595 88 30 blott
1623 599 48 27 ett
1695 596 101 29 snab-

311 634 83 30 bare
416 634 214 30 bedrivande
655 644 42 20 av
722 635 372 39 publiceringsarbetet
1120 637 11 29 i
1157 637 54 30 sin
1233 637 118 31 helhet
1376 638 103 31 ernås
1504 642 85 28 utan
1615 641 88 29 även
1726 641 70 29 olä-

311 679 172 38 genheten
502 688 42 21 av
562 682 126 27 tvenne
710 680 147 38 register
877 679 60 40 (ett
958 680 58 30 för
1040 682 78 29 1731
1140 682 67 30 och
1227 685 48 28 ett
1295 682 57 31 för
1372 682 95 40 1734)
1496 684 5 30 i
1523 693 135 22 samma
1678 685 117 38 volym

310 723 184 30 undvikas.
527 723 226 31 Sistnämnda
777 725 259 39 omständighet
1059 726 112 30 skulle
1196 726 108 32 också
1324 728 171 31 innebära
1520 738 43 21 en
1587 739 62 21 ren
1674 730 121 38 bespa-

312 776 85 31 ring.

354 812 79 30 Med
459 813 79 30 stöd
564 822 42 21 av
628 814 67 29 vad
718 823 91 20 ovan
835 814 137 30 anförts
998 814 57 31 får
1079 815 58 39 jag
1160 816 180 31 vördsamt
1365 817 197 37 hemställa,
1586 821 50 28 att
1664 819 131 30 Herrar

310 857 235 39 Fullmäktige
568 858 11 29 i
605 858 352 39 Riksgäldskontoret
984 860 79 30 ville
1086 861 64 29 hos
1174 860 189 40 riksdagen
1388 862 159 36 utverka,
1571 866 50 27 att
1645 864 68 30 den
1742 863 52 30 del

310 911 42 20 av
368 902 57 31 det
444 901 40 31 år
504 903 83 29 1939
607 902 58 31 för
680 903 181 39 utgivning
880 913 43 21 av
940 904 93 31 band
1054 906 18 29 2
1093 915 41 21 av
1156 905 279 32 Bondeståndets
1452 907 343 39 riksdagsprotokoll

310 946 174 39 beviljade
512 948 167 38 anslaget,
708 957 76 21 som
809 949 76 30 icke
914 948 101 40 åtgår
1038 949 57 31 för
1120 950 221 40 publicering
1369 961 43 20 av
1440 952 81 30 1731
1551 951 57 31 års
1633 953 162 38 riksdags

309 991 177 38 protokoll
510 993 80 29 med
611 992 138 39 bilagor
768 993 108 39 jämte
900 994 155 38 register,
1081 994 95 39 finge
1202 998 98 36 tagas
1322 996 10 29 i
1356 995 156 40 anspråk
1535 996 58 31 för
1616 997 178 38 iordning-

310 1036 172 30 ställande
506 1046 40 20 av
575 1037 82 30 1734
680 1037 57 31 års
763 1038 283 39 riksdagstexter.

354 1116 205 31 Stockholm
579 1118 67 30 den
673 1119 37 28 17
734 1118 155 31 februari
916 1119 93 30 1942.

1476 1202 81 30 Sten
1580 1202 168 31 Landahl.

742 2468 92 22 Statens
847 2468 279 27 Reproduktionsanstalt,
1142 2469 136 22 Stockholm
1293 2470 51 21 1942

987 2505 100 21 90042
