1890 2812
504 157 121 31 Första
647 156 238 36 lagutskottets
907 154 177 31 utlåtande
1105 165 42 20 nr
1167 155 52 31 37.
1597 147 18 30 9

241 242 140 37 (Kungl.
405 242 120 36 Maj:ts
549 239 161 39 förslag:)
1043 238 208 37 (Utskottets
1274 236 161 39 förslag:)

818 331 39 31 14
881 331 29 38 8.

156 401 67 30 Vill
242 401 209 37 gäldenären
469 400 109 30 kvitta
598 400 53 30 sin
670 399 103 31 skuld
792 402 71 27 mot
884 398 145 31 fordran
1047 399 64 29 hos
1130 398 211 36 borgenären
1362 397 66 30 och
1446 398 38 29 är
1505 396 112 31 denna

112 451 144 32 fordran
281 450 108 32 sådan
414 454 49 28 att
488 451 66 30 den
577 450 71 30 kan
671 450 165 30 utkrävas
860 458 123 28 genom
1008 448 213 37 lagsökning,
1245 447 163 31 förordne
1431 448 112 30 rätten
1568 450 49 28 att

113 503 66 30 den
196 502 67 36 må,
283 501 37 32 så
338 501 95 37 långt
451 502 66 30 den
535 502 130 35 räcker,
684 500 127 31 kvittas
828 504 72 27 mot
919 500 156 30 skulden.

157 554 41 36 Ej
221 552 58 31 må
301 553 76 31 klar
400 553 67 30 och
489 551 161 31 förfallen
671 551 145 31 fordran
839 549 205 38 uppehållas
1067 549 55 31 för
1144 551 56 29 det
1221 559 76 22 som
1319 550 39 30 är
1380 549 134 36 stridigt
1535 549 82 30 eller

112 604 76 31 icke
210 603 162 31 förfallet.

818 669 39 30 15
881 669 29 38 8.

158 739 14 30 I
194 737 97 38 fråga
312 748 56 20 om
389 737 150 31 kostnad
557 737 11 31 i
586 735 295 38 lagsökningsmål
902 736 87 36 gälle
1010 735 68 31 vad
1097 735 10 30 i
1127 734 323 37 rättegångsbalken
1469 735 39 29 är
1527 734 90 30 stad-

112 794 57 32 gat
192 799 58 21 om
273 787 345 38 rättegångskostnad
643 787 12 30 i
678 785 185 37 tvistemål;
888 786 204 39 hänskjutes
1117 784 105 31 målet
1245 785 51 30 till
1318 783 187 38 rättegång,
1531 783 89 31 skall

114 839 122 38 frågan
259 849 58 21 om
337 839 189 36 ersättning
549 839 54 30 för
626 838 109 31 sådan
756 837 149 31 kostnad
926 838 126 36 prövas
1075 836 11 30 i
1106 835 228 37 rättegången.

820 939 39 30 16
883 938 28 38 8.

159 1009 14 30 I
200 1007 293 38 lagsökningsmål
519 1006 57 31 må
601 1008 112 29 rätten
741 1006 166 31 förordna
932 1015 58 21 om
1016 1005 163 30 kvarstad
1206 1004 65 30 och
1297 1002 323 38 skingringsförbud

116 1069 74 21 som
209 1068 96 21 avses
321 1059 12 30 i
351 1059 39 30 15
409 1058 80 36 kap.
509 1056 332 37 rättegångsbalken,
862 1056 37 30 så
917 1056 65 30 ock
1000 1056 76 36 giva
1095 1055 264 36 handräckning
1376 1063 120 21 varom
1514 1054 77 36 sägs
1609 1052 12 30 i

119 1111 59 29 192
200 1111 17 36 8
237 1110 318 35 utsökningslagen;
577 1118 58 20 om
651 1106 110 32 sådan
779 1106 120 37 åtgärd
919 1107 88 36 gälle
1025 1106 68 31 vad
1112 1106 11 30 i
1141 1104 323 38 rättegångsbalken
1483 1104 65 31 och
1569 1107 50 27 ut-

116 1161 265 36 sökningslagen
400 1161 39 29 är
456 1159 55 30 för
529 1158 244 31 motsvarande
791 1158 63 30 fall
871 1158 144 36 stadgat.

819 1259 38 30 17
885 1259 29 37 8.

161 1329 14 29 I
194 1326 294 38 lagsökningsmål
507 1327 88 30 skall
613 1327 111 36 utslag
744 1326 92 36 givas
856 1325 249 39 ofördröjligen
1124 1326 107 30 sedan
1249 1324 104 32 målet
1370 1325 148 31 kommit
1537 1325 11 30 i
1567 1325 56 30 det

117 1379 98 30 skick
237 1382 48 27 att
309 1379 55 30 det
385 1378 72 30 kan
477 1379 153 35 avgöras.
652 1376 401 36 Fordringshandlingen
1075 1377 81 29 eller
1176 1376 66 30 den
1264 1376 53 30 del
1340 1376 107 30 därav
1469 1385 120 21 varom
1610 1374 12 31 i

117 1429 104 32 målet
243 1431 39 29 är
305 1428 98 37 fråga
425 1429 88 30 skall
535 1428 186 36 ordagrant
745 1427 134 36 intagas
902 1428 11 30 i
937 1427 146 35 utslaget
1105 1427 81 29 eller
1209 1426 177 30 avskrivas
1410 1426 213 30 omedelbart

116 1480 160 31 därefter.

593 1574 60 26 Om
672 1572 473 34 betalningsföreläggande.

824 1637 39 30 18
886 1636 29 38 $.

163 1706 67 30 För
252 1704 163 32 utfående
436 1715 42 20 av
497 1703 298 38 penningfordran
817 1713 72 20 som
912 1703 31 36 ej
967 1703 151 37 grundar
1140 1703 49 36 sig
1211 1701 21 31 å
1253 1702 163 37 skriftligt
1436 1702 187 37 fordrings-

118 1758 94 30 bevis
236 1758 66 30 och
326 1757 76 30 icke
427 1766 99 21 avser
550 1755 210 31 skadestånd
786 1757 61 34 äge
872 1755 214 36 borgenären
1114 1753 144 31 utverka
1282 1752 340 37 betalningsföreläg-

118 1809 111 36 gande
250 1808 103 37 enligt
374 1809 69 29 vad
464 1808 114 30 nedan
600 1808 86 35 sägs.

826 1881 38 29 19
890 1881 29 37 8.

162 1949 201 35 Ansökning
387 1958 58 20 om
468 1947 438 36 betalningsföreläggande
932 1947 88 29 skall
1043 1947 100 35 göras
1169 1946 192 36 skriftligen
1384 1947 81 29 eller
1486 1945 138 30 muntli-

119 2008 63 28 gen
204 2001 64 29 hos
289 2000 128 30 allmän
440 1999 186 30 underrätt.
650 1998 245 35 Ansökningen
918 1997 89 30 skall
1028 1995 175 31 innehålla
1224 1996 137 36 uppgift
1382 2006 58 20 om
1460 1996 165 36 borgenä-

120 2060 77 21 rens
216 2060 117 25 namn,
354 2050 94 37 yrke,
470 2049 147 30 hemvist
636 2049 65 29 och
720 2048 195 36 postadress
933 2050 90 28 samt
1041 2047 226 36 gäldenärens
1285 2056 109 21 namn
1412 2047 76 35 och,
1509 2046 63 30 där
1588 2046 38 31 så

120 2101 70 30 kan
209 2101 69 35 ske,
299 2101 128 29 dennes
447 2101 92 35 yrke,
560 2099 148 30 hemvist
726 2100 65 28 och
812 2098 205 36 postadress,
1038 2097 37 31 så
1095 2098 64 29 ock
1178 2097 216 35 fordringens
1414 2097 125 36 belopp
1561 2097 65 30 och

116 2152 67 29 den
200 2153 99 29 ränta
319 2161 73 20 som
409 2151 146 30 fordras.
573 2150 219 38 Borgenären
807 2149 120 35 angive
943 2148 112 30 tillika
1071 2148 10 29 i
1099 2147 237 36 ansökningen
1354 2147 82 30 eller
1450 2147 11 29 i
1476 2146 149 35 räkning

119 2212 74 20 som
218 2202 168 36 åberopas
411 2201 120 36 tydligt
554 2202 64 28 och
643 2199 216 35 fullständigt
881 2199 158 36 grunden
1063 2198 54 29 för
1142 2198 200 35 fordringen
1364 2199 65 28 och
1457 2197 92 30 tiden
1572 2197 55 29 för

121 2252 75 29 dess
223 2251 166 29 tillkomst
417 2254 88 25 samt
531 2250 41 29 de
599 2249 292 35 omständigheter
916 2258 75 20 som
1017 2248 136 35 betinga
1177 2248 128 29 rättens
1332 2247 211 35 behörighet,
1570 2256 58 20 om

122 2302 111 29 denna
253 2300 32 36 ej
309 2300 155 35 framgår
483 2309 41 20 av
546 2300 66 29 vad
634 2298 96 36 eljest
752 2298 148 30 anföres.

165 2351 201 34 Ansökning
391 2360 75 20 som
492 2351 95 33 göres
613 2348 192 35 skriftligen
829 2349 88 28 skall
941 2348 178 30 avlämnas
1143 2347 9 29 i
1176 2345 56 31 två
1255 2347 176 35 exemplar
1455 2347 65 29 och
1545 2355 82 21 vara

118 2401 227 38 egenhändigt
367 2400 259 30 undertecknad
650 2408 42 21 av
716 2399 212 35 borgenären
962 2398 80 29 eller
1076 2398 86 29 hans
1196 2396 139 30 ombud.
1369 2392 45 33 Är
1439 2396 121 30 endast
1582 2399 46 26 ett

120 2453 177 35 exemplar
319 2451 136 34 ingivet,
480 2449 133 38 besörje
635 2450 110 28 rätten
770 2451 70 27 mot
862 2448 143 35 stadgad
1030 2447 106 35 avgift
1158 2447 200 35 erforderlig
1382 2446 156 35 avskrift,
1563 2447 65 29 och
