2204 2634
157 553 171 31 Försöksloge

157 588 44 23 vid
222 588 107 23 Ultuna.

210 624 64 45 (3)

180 1746 134 24 Utskotte!.

411 194 61 30 138
806 192 348 31 Jordbruksutskottets
1177 190 166 32 utlåtande
1368 190 52 31 Nr
1443 191 44 30 24
1499 190 42 32 B.

498 263 100 45 Över
641 271 125 36 denna
807 270 285 47 framställning
1130 270 171 35 kommer
1328 269 188 36 utskottet
1545 273 55 30 att
1628 267 200 36 framdeles
1857 266 121 36 under

366 323 204 48 riksdagen
609 323 138 48 avgiva
780 321 206 47 utlåtande,
1015 321 117 36 vilket
1159 321 186 36 utskottet
1375 320 154 35 härmed
1560 319 99 35 velat
1688 318 58 36 för
1773 317 205 48 riksdagen

902 409 159 35 anmäla.

499 548 73 48 3:0o)
607 547 129 37 Under
765 547 121 49 punkt
915 549 21 33 3
967 547 68 35 har
1064 546 141 47 Kungl.
1238 545 107 48 Maj:t
1374 543 198 49 föreslagit
1601 543 205 47 riksdagen
1837 548 56 30 att
1922 543 58 34 för

367 599 257 49 uppförandet
665 598 64 37 vid
772 599 140 37 Ultuna
955 612 46 22 av
1043 611 46 23 en
1130 596 255 50 logbyggnad
1415 596 59 35 för
1502 595 234 36 därvarande
1764 593 217 37 lantbruks-

367 651 172 37 instituts
581 651 71 36 och
695 649 179 49 Sveriges
912 649 355 48 utsädesförenings
1295 647 110 36 filials
1434 645 402 38 försöksverksamhet
1861 650 119 43 ytter-

366 703 122 48 ligare
517 703 131 36 anvisa
677 705 20 33 å
726 703 235 47 tilläggsstat
991 701 58 36 för
1076 704 40 33 år
1147 702 98 34 1920
1275 706 54 29 ett
1356 698 396 48 reservationsanslag
1771 710 47 22 av
1842 697 138 45 14,900

367 755 150 36 kronor.

497 806 75 37 För
603 808 97 34 1918
730 809 59 33 års
817 806 161 47 lagtima
1005 804 159 49 riksdag
1192 803 183 36 framlade
1405 802 141 48 Kungl.
1575 801 106 49 Maj:t
1700 801 11 35 i
1732 800 170 49 punkten
1934 802 43 33 11

367 858 119 37 under
502 858 140 36 nionde
661 857 240 37 huvudtiteln
921 857 145 47 förslag
1081 869 60 23 om
1159 855 136 48 anslag
1310 855 53 35 till
1382 853 238 50 uppförande
1634 852 65 36 vid
1713 852 144 37 Ultuna
1873 865 47 22 av
1935 864 45 23 en

367 910 256 49 logbyggnad
665 910 60 36 för
766 908 234 38 därvarande
1041 907 373 37 lantbruksinstituts
1443 905 71 36 och
1545 905 178 48 Sveriges
1751 902 230 38 utsädesför-

368 962 136 48 enings
546 962 110 36 fiials
699 959 406 39 försöksverksamhet.
1161 958 134 48 Enligt
1331 963 54 31 ett
1420 957 73 36 den
1522 958 48 34 23
1595 956 73 48 juli
1699 957 96 35 1917
1827 954 154 49 avgivet

369 1013 126 37 anbud
525 1013 122 37 skulle
674 1012 236 49 byggnaden
938 1011 130 36 kunna
1096 1010 182 49 uppföras
1307 1010 59 35 för
1396 1010 138 45 19,843
1563 1008 141 36 kronor
1707 1002 21 63 i
1750 1012 54 31 ett
1824 1006 59 36 för
1903 1006 76 35 allt.

371 1066 14 35 I
412 1065 172 48 enlighet
626 1064 85 37 med
752 1063 139 49 Kungl.
938 1062 130 49 Maj:ts
1107 1062 145 47 förslag
1281 1060 179 36 anvisade
1488 1059 207 47 riksdagen
1725 1061 21 33 å
1773 1064 105 30 extra
1906 1062 77 31 stat

368 1117 59 36 för
468 1119 41 34 år
554 1117 98 36 1919
694 1116 59 35 för
793 1115 215 37 ändamålet
1049 1120 54 30 ett
1143 1112 393 47 reservationsanslag
1578 1124 45 22 av
1663 1111 138 46 19,000
1830 1110 151 35 kronor.

369 1168 143 49 Kungl.
549 1168 108 48 Maj:t
684 1166 283 50 bemyndigade
996 1165 72 36 den
1100 1167 43 34 11
1175 1164 68 49 juli
1276 1165 96 34 1918
1401 1163 210 35 institutets
1640 1162 159 49 styrelse
1827 1166 56 30 att
1907 1160 75 36 för-

370 1221 163 35 anstalta
575 1233 61 23 om
674 1218 253 50 byggnadens
955 1216 238 50 uppförande
1223 1216 59 35 för
1310 1215 209 36 institutets
1548 1214 167 48 räkning
1743 1219 98 30 samt
1869 1212 114 36 anbe-

370 1272 114 36 fallde
513 1284 146 24 samma
692 1271 158 48 styrelse
878 1270 112 46 tillse,
1019 1274 55 31 att
1102 1280 141 36 genom
1272 1265 234 50 vidtagande
1536 1279 45 22 av
1611 1264 275 48 förenklingar,
1916 1264 68 36 där

370 1324 141 36 sådana
539 1323 126 36 kunde
693 1322 66 37 ske
787 1328 91 30 utan
906 1326 124 32 större
1058 1319 217 49 olägenhet,
1305 1319 70 36 och
1399 1331 141 35 genom
1561 1323 54 30 att
1632 1317 145 37 Ultuna
1796 1315 186 49 egendom

370 1381 92 31 utan
490 1375 215 48 ersättning
732 1373 172 37 biträdde
933 1372 86 37 med
1048 1372 227 37 åtminstone
1304 1385 46 22 en
1379 1369 60 36 del
1467 1374 237 44 transporter
1732 1367 71 37 och
1836 1367 148 36 körslor

370 1427 212 37 kostnaden
611 1425 255 49 begränsades
895 1424 157 47 därhän,
1082 1429 56 30 att
1168 1423 174 48 anslaget
1369 1421 110 36 bleve
1508 1420 234 49 tillräckligt.

538 1492 19 22 r
587 1479 98 35 1919
716 1476 179 37 anvisade
923 1476 208 48 riksdagen
1159 1474 138 49 anslag
1325 1474 56 36 till
1410 1472 239 49 uppförande
1677 1485 47 22 av
1744 1484 47 24 en
1810 1470 173 48 lärlings-

371 1530 186 50 byggnad
588 1530 64 36 vid
692 1529 153 45 Ultuna,
874 1527 143 37 avsedd
1048 1533 53 30 att
1130 1527 199 48 förläggas
1359 1528 20 33 å
1404 1524 73 36 den
1506 1524 111 48 plats,
1647 1523 67 37 där
1741 1523 72 36 den
1843 1522 139 48 gamla,

370 1582 187 49 odugliga
599 1581 251 49 logbyggnad
889 1585 41 30 är
959 1579 173 48 belägen,
1163 1592 82 22 som
1275 1578 119 35 skulle
1424 1580 160 32 ersättas
1622 1575 157 37 medelst
1808 1574 72 36 den
1909 1587 74 35 nya

370 1633 313 49 logbyggnaden.

501 1737 59 36 Då
600 1737 87 36 med
729 1736 253 49 byggnadens
1024 1733 236 50 uppförande
1288 1733 82 36 icke
1400 1745 114 36 synes
1543 1732 129 35 kunna
1701 1733 107 33 anstå
1836 1730 71 35 och
1937 1730 46 35 då

371 1791 124 47 lägsta
536 1788 218 37 infordrade
796 1787 126 37 anbud
964 1787 91 36 därå
1096 1785 128 37 ställer
1265 1785 61 48 sig
1362 1784 137 47 14,900
1528 1783 141 36 kronor
1696 1782 120 48 högre
1844 1786 49 31 än
1922 1781 63 36 det

371 1841 140 50 belopp
552 1840 209 48 riksdagen
802 1842 39 33 år
885 1840 98 35 1918
1025 1837 158 49 beviljat
1227 1836 58 36 för
1313 1835 227 47 ändamålet,
1575 1847 109 23 anser
1711 1834 62 47 sig
1801 1833 184 36 utskottet

372 1893 91 35 böra
491 1891 193 50 tillstyrka
713 1890 204 37 anvisande
947 1903 45 23 av
1022 1890 62 36 det
1111 1888 168 48 begärda
1309 1886 355 50 fyllnadsanslaget.

503 1943 198 37 Utsköttet
728 1942 217 37 hemställer
976 1942 106 35 alltså

907 2033 54 31 att
990 2027 205 48 riksdagen
1225 2029 62 32 må
1315 2026 58 35 för
1401 2024 257 50 uppförandet
1686 2024 64 36 vid
1777 2023 142 36 Ultuna
1938 2037 47 21 av

777 2094 45 22 en
864 2079 252 50 logbyggnad
1158 2078 59 36 för
1254 2077 236 36 därvarande
1517 2075 373 37 lantbruksinstituts
1914 2075 70 35 och

778 2131 178 48 Sveriges
971 2129 355 48 utsädesförenings
1341 2129 112 36 filials
1467 2127 396 37 försöksverksamhet
1870 2131 116 44 ytter-

777 2183 120 49 ligare
925 2182 134 37 anvisa
1082 2185 20 33 å
1130 2181 238 49 tilläggsstat
1387 2180 59 36 för
1466 2182 41 33 år
1529 2180 98 35 1920
1648 2184 53 31 ett
1715 2178 271 36 reservations-

778 2235 133 47 anslag
939 2248 48 22 av
1019 2234 136 46 14,900
1184 2233 151 35 kronor.
