1956 2852
275 172 41 29 24
700 172 109 28 Andra
830 172 221 34 lagutskottets
1072 172 162 29 utlåtande
1255 172 47 28 Nr
1323 175 48 26 30.

277 258 131 37 grunda
435 259 109 37 någon
569 257 94 32 talan
688 269 51 20 om
764 257 304 38 nyttjanderättens
1096 257 233 32 förverkande.
1379 257 168 40 Slutligen
1571 259 54 31 må
1652 258 128 33 erinras

283 309 123 38 därom,
426 313 50 29 att
493 308 105 38 enligt
616 308 165 38 förslaget
799 308 100 38 fråga
916 308 165 32 huruvida
1101 308 223 33 förverkande
1342 308 182 39 föreligger
1543 309 73 34 icke
1635 309 56 32 får
1708 314 75 33 prö-

276 370 60 20 vas
354 358 57 32 vid
431 357 247 38 förrättningen
695 361 83 28 utan
797 357 88 32 skall
902 357 176 33 ankomma
1097 358 19 32 å
1136 357 153 39 domstol,
1308 361 50 28 att
1379 359 109 31 såsom
1508 359 116 32 hinder
1645 359 53 32 för
1717 359 63 32 lös-

276 409 168 37 ningsrätt
462 407 118 33 endast
599 408 53 32 må
671 407 161 39 åberopas
851 407 231 42 förverkande,
1103 419 68 21 som
1192 411 60 35 ägt
1270 420 82 27 rum,
1372 408 101 32 innan
1493 408 287 39 lösningsansprå-

276 458 56 32 ket
356 458 291 39 anhängiggjorts,
674 461 88 29 samt
787 461 50 29 att
862 458 207 38 invändning
1094 458 114 32 härom
1235 458 89 32 skall
1351 458 210 32 framställas
1585 459 58 32 vid
1672 459 108 32 första

276 508 263 32 sammanträdet
560 509 104 32 under
688 508 247 39 förrättningen
958 508 54 32 för
1035 512 50 28 att
1106 508 101 32 vinna
1229 508 196 33 beaktande.
1472 508 120 38 Enligt
1615 509 165 37 förslaget

282 571 99 25 synes
407 559 141 33 sålunda
573 571 82 21 vara
680 559 206 38 tillbörligen
914 559 81 38 sörjt
1022 559 53 32 för
1101 559 94 33 såväl
1222 563 51 29 att
1301 559 121 38 frågan
1450 558 66 33 blir
1542 559 153 39 allsidigt
1722 559 60 32 och

280 608 165 38 objektivt
471 608 139 33 bedömd
634 616 70 25 som
727 609 62 32 ock
813 613 50 29 att
887 608 178 39 obehöriga
1088 609 248 38 invändningar
1361 609 76 32 från
1462 608 219 39 jordägarnas
1709 609 73 33 sida

282 658 103 33 såvitt
403 658 135 38 möjligt
557 658 218 38 förebyggas.

320 723 115 33 Såsom
460 724 92 32 förut
575 725 221 37 omförmälts,
821 725 60 31 har
904 724 77 32 herr
1004 725 180 32 Luterkort
1209 725 126 38 jämväl
1357 724 157 40 påyrkat,
1541 728 51 28 att
1615 737 40 19 ur
1680 725 100 38 lagen

280 775 102 32 måtte
400 775 84 38 utgå
502 775 210 38 stadgandet,
730 779 52 29 att
799 775 220 38 lösningsrätt
1037 776 29 37 ej
1086 781 80 33 äger
1184 788 84 26 rum,
1289 776 110 32 därest
1417 776 12 31 i
1448 776 56 32 det
1523 775 73 37 fall,
1617 775 42 33 då
1677 776 104 37 något

274 822 159 40 bevisligt
456 823 92 33 avtal
572 835 51 20 om
647 823 188 39 upplåtelse
859 824 29 38 ej
915 824 192 40 föreligger,
1131 825 212 38 jordägaren,
1367 825 102 31 innan
1492 824 197 39 lägenheten
1710 836 70 20 mer

275 878 41 27 än
335 874 46 32 tio
400 875 37 31 år
455 874 12 32 i
487 874 86 39 följd
590 874 172 33 innehafts
781 887 42 20 av
840 886 108 21 annan
968 879 41 28 än
1029 879 133 35 ägaren,
1183 875 54 32 för
1255 875 241 32 innehavarens
1517 875 165 38 skiljande
1701 875 79 31 från

274 923 55 32 det
350 924 189 32 innehavda
561 925 148 32 området
731 925 148 39 vidtagit
901 925 131 39 åtgärd,
1057 937 67 20 som
1146 925 149 33 därefter
1317 925 90 32 leder
1429 925 55 32 till
1508 925 103 32 sådan
1634 924 145 39 påföljd.

274 974 103 32 Detta
405 974 186 39 stadgande
618 979 100 35 utgör
745 976 183 31 emellertid
954 976 106 38 enligt
1086 975 182 33 utskottets
1297 976 133 38 mening
1458 988 38 19 en
1525 975 110 39 logisk
1662 975 116 33 konse-

279 1025 103 33 kvens
407 1037 41 20 av
471 1026 60 32 den
553 1027 11 31 i
592 1027 16 30 1
635 1025 18 39 8
675 1039 42 20 av
739 1026 224 38 lagförslaget
986 1027 148 32 uttalade
1157 1027 184 37 principen,
1366 1030 50 29 att
1439 1027 13 31 i
1475 1038 45 20 nu
1545 1027 144 32 avsedda
1715 1026 65 33 fall

279 1076 54 31 för
352 1075 221 38 lösningsrätt
594 1076 208 37 förutsättes,
823 1080 50 28 att
892 1076 196 38 lägenheten
1108 1077 104 32 under
1231 1088 70 20 mer
1321 1081 41 27 än
1383 1077 46 32 tio
1451 1077 37 31 år
1509 1077 11 31 i
1543 1076 85 38 följd
1649 1077 132 37 opåtalt

278 1125 171 32 innehafts
468 1137 42 20 av
529 1137 109 20 annan
659 1130 42 27 än
720 1130 134 33 ägaren,
876 1126 60 32 och
955 1126 92 32 torde
1068 1126 141 32 sålunda
1228 1126 74 32 icke
1321 1129 80 29 utan
1424 1126 167 37 rubbning
1610 1139 42 20 av
1672 1126 109 33 denna

278 1174 131 39 princip
430 1174 114 33 kunna
566 1176 83 36 utgå
668 1187 40 20 ur
728 1175 108 37 lagen.

322 1222 49 34 På
394 1225 108 37 grund
525 1231 42 25 av
589 1225 66 32 vad
680 1224 142 33 sålunda
844 1225 128 32 anförts
997 1225 110 32 finner
1130 1225 165 32 utskottet
1319 1225 38 33 de
1380 1226 12 31 i
1416 1224 221 34 omförmälda
1662 1226 117 32 motio-

277 1285 58 20 ner
362 1273 110 32 I:252
500 1274 60 32 och
588 1274 62 31 253
677 1274 171 37 angående
874 1274 108 32 första
1009 1274 131 38 stycket
1167 1287 42 20 av
1237 1275 218 32 förevarande
1483 1276 163 37 paragraf
1675 1276 104 37 fram-

279 1323 123 32 ställda
422 1323 194 38 yrkandena
636 1323 79 32 böra
735 1323 129 33 lämnas
885 1327 81 29 utan
986 1324 110 32 bifall.

884 1406 118 32 Andra
1024 1407 143 38 stycket.

317 1471 120 39 Enligt
458 1473 85 31 1918
564 1473 54 31 års
639 1472 201 39 ensittarlag
860 1473 83 38 ägde
963 1473 199 39 jordägaren
1184 1473 198 33 oinskränkt
1403 1478 68 28 rätt
1491 1478 61 36 att,
1574 1475 59 32 där
1653 1475 67 32 han
1742 1476 37 31 så

272 1522 156 39 önskade,
455 1534 117 27 genom
598 1526 50 29 att
675 1522 88 39 själv
788 1523 107 32 inlösa
920 1523 431 38 nyttjanderättshavarens
1377 1524 199 39 byggnader
1601 1526 176 32 förhindra

272 1572 120 32 dennes
412 1572 127 33 inlösen
561 1584 43 21 av
625 1573 126 38 jorden.
796 1573 118 33 Denna
937 1577 68 28 rätt
1028 1574 223 38 begränsades
1273 1574 12 32 i
1309 1575 83 32 1920
1416 1576 55 31 års
1494 1575 58 39 lag
1574 1576 53 31 till
1651 1576 127 32 sådana

272 1622 74 39 fall,
363 1623 11 31 i
391 1622 94 33 vilka
502 1623 199 39 jordägaren
719 1624 19 31 å
755 1623 321 39 huvudfastigheten
1094 1624 79 32 eller
1191 1624 137 32 därmed
1345 1625 214 39 sambrukad,
1577 1625 200 39 jordägaren

271 1672 153 39 tillhörig
447 1673 165 39 fastighet
635 1674 94 31 såväl
754 1674 61 32 den
840 1675 16 30 1
881 1674 132 38 januari
1038 1675 83 31 1919
1147 1686 69 20 som
1239 1675 58 32 vid
1322 1675 61 32 den
1406 1675 61 39 tid,
1491 1676 42 31 då
1556 1676 221 39 lösningsrätt

272 1723 54 31 för
354 1723 413 38 nyttjanderättshavaren
796 1724 105 39 enligt
928 1724 99 39 lagen
1054 1724 164 40 inträdde,
1248 1725 84 38 ägde
1357 1725 216 40 boningshus,
1601 1726 175 38 tomtplats

271 1772 80 33 eller
374 1773 163 39 trädgård
561 1775 43 37 på
628 1774 128 32 mindre
781 1774 141 32 avstånd
947 1779 41 27 än
1015 1775 63 31 200
1102 1778 103 29 meter
1230 1775 77 31 från
1333 1776 147 32 området
1504 1776 81 32 eller
1609 1777 166 32 områdets

270 1823 128 32 inlösen
419 1823 95 38 eljest
535 1823 109 33 skulle
664 1824 152 32 medföra
835 1825 163 32 avsevärd
1018 1824 174 39 olägenhet
1213 1825 54 32 för
1288 1825 102 32 sådan
1411 1826 175 39 fastighet,
1607 1838 66 21 som
1694 1839 82 27 nyss

272 1877 105 35 sagts.

316 1923 195 39 Förslagets
541 1924 249 33 bestämmelser
819 1925 11 31 i
860 1925 232 39 föreliggande
1121 1926 161 32 avseende
1311 1926 186 33 innehållas
1530 1927 69 32 dels
1628 1927 11 31 i
1670 1927 105 32 andra

276 1975 132 38 stycket
428 1987 42 20 av
487 1987 45 20 nu
550 1975 219 33 förevarande
789 1976 173 38 paragraf,
983 1976 69 33 dels
1072 1976 60 32 ock
1150 1977 12 31 i
1183 1977 40 31 16
1245 1975 18 39 $
1283 1989 42 20 av
1343 1977 236 38 lagförslaget.
1615 1977 49 33 De
1684 1978 92 32 inne-

269 2023 82 32 bära
375 2024 36 31 så
435 2024 54 31 till
510 2024 80 32 vida
612 2024 170 33 avvikelse
805 2024 76 32 från
901 2025 156 38 gällande
1080 2029 77 35 rätt,
1180 2029 50 29 att
1254 2026 61 32 den
1338 2027 287 38 omständigheten
1646 2031 51 28 att
1720 2028 56 32 det

269 2073 55 32 till
341 2074 169 39 inlösning
527 2074 206 39 ifrågasatta
752 2075 148 32 området
916 2075 110 39 ligger
1042 2076 86 31 inom
1147 2077 63 31 200
1228 2080 103 28 meter
1350 2077 76 31 från
1444 2076 215 40 boningshus,
1677 2081 97 29 tomt-

269 2123 90 38 plats
385 2124 80 32 eller
489 2124 163 39 trädgård
678 2126 19 30 å
722 2125 322 39 huvudfastigheten
1070 2126 79 32 eller
1174 2126 137 32 därmed
1335 2126 213 40 sambrukad,
1573 2128 200 38 jordägaren

271 2173 152 40 tillhörig
441 2174 175 40 fastighet,
633 2174 73 33 icke
723 2175 12 31 i
750 2175 61 33 och
828 2175 53 32 för
900 2176 52 38 sig
969 2180 100 35 utgör
1086 2176 117 32 hinder
1223 2176 53 33 för
1294 2177 411 38 nyttjanderättshavaren
1723 2182 51 28 att

269 2223 72 33 lösa
362 2225 159 33 området.
563 2225 130 32 Endast
714 2225 112 33 därest
846 2226 53 32 det
919 2227 43 37 på
982 2226 109 39 grund
1110 2238 42 20 av
1172 2226 108 33 denna
1299 2227 80 32 eller
1397 2239 109 20 annan
1527 2228 247 38 omständighet

268 2273 67 32 kan
357 2286 106 27 anses,
486 2278 50 29 att
558 2275 165 32 områdets
745 2275 127 33 inlösen
894 2276 108 32 skulle
1023 2276 149 32 medföra
1194 2277 163 32 avsevärd
1379 2277 176 39 olägenhet
1577 2278 53 32 för
1652 2279 121 38 fastig-

269 2324 66 39 het,
355 2336 68 20 som
441 2336 82 27 nyss
540 2328 104 36 sagts,
662 2325 148 33 kommer
828 2326 103 32 sådan
950 2330 68 28 mot
1036 2327 217 38 jordägarens
1271 2327 212 33 bestridande
1500 2328 74 32 icke
1591 2329 54 31 till
1664 2329 110 32 stånd.

268 2374 18 31 I
309 2374 112 38 dylikt
442 2374 63 32 fall
526 2375 159 39 inträder,
708 2376 112 32 därest
841 2376 412 38 nyttjanderättshavaren
1276 2377 55 32 det
1351 2378 189 39 påfordrar,
1562 2378 105 39 enligt
1690 2380 41 31 16
1754 2378 18 39 $

270 2424 212 38 förpliktelse
499 2425 53 32 för
568 2426 200 38 jordägaren
785 2430 51 28 att
852 2427 57 32 vid
926 2427 375 39 nyttjanderättstidens
1320 2428 67 32 slut
1402 2428 109 32 inlösa
1527 2429 38 31 de
1582 2429 189 38 nyttjande-

269 2474 233 33 rättshavaren
528 2476 175 39 tillhöriga
728 2476 240 39 byggnaderna
997 2478 19 31 å
1042 2478 147 32 området
1216 2482 153 28 ävensom
1393 2481 51 29 att
1471 2482 155 35 gottgöra
1653 2479 118 32 honom
