1940 2840
105 944 151 27 Utskottet.

283 143 41 30 44
706 152 109 28 Andra
835 154 222 33 lagutskottets
1076 158 164 29 utlåtande
1260 160 47 29 Nr
1327 164 48 26 30.

285 229 66 34 Det
371 231 169 35 allmänna
559 233 184 34 initiativet
762 237 133 34 uteblir.
938 239 252 38 Majoriteterna
1210 243 88 32 inom
1318 257 38 19 en
1376 245 157 36 kommun
1553 249 80 32 eller
1652 251 137 33 munici-

284 273 221 37 palsamhälle
521 275 114 32 kunna
652 276 30 38 ej
701 277 125 34 förmås
844 283 51 29 att
910 283 81 36 taga
1008 282 160 34 initiativ.
1209 285 154 34 Kronans
1382 292 69 28 rätt
1470 290 114 33 därtill
1602 296 38 27 är
1656 292 75 32 icke
1746 295 43 36 på

283 315 102 38 något
408 328 68 20 som
498 316 86 33 helst
607 322 69 28 sätt
695 320 216 38 organiserad
933 322 12 32 i
967 323 128 34 saknad
1117 326 222 40 förmodligen
1361 341 43 20 av
1426 330 140 35 intresse
1589 334 118 32 därför
1730 335 58 32 hos

282 357 256 34 vederbörande.
581 359 104 34 Detta
707 365 90 30 stora
818 363 173 38 spektakel
1011 366 12 31 i
1044 367 306 42 lagstiftningsväg
1370 371 56 32 får
1447 372 123 41 fortgå,
1591 376 60 32 och
1673 376 117 33 oaktat

283 400 190 37 upprepade
489 400 188 40 erinringar
693 403 113 33 därom
820 405 87 33 inom
925 406 189 42 riksdagen,
1129 410 12 31 i
1156 411 177 37 petitioner
1347 413 55 32 till
1419 416 194 39 regeringen
1630 418 59 32 och
1705 423 83 28 även

281 440 88 32 inom
390 441 331 37 Jordkommissionen
743 446 60 33 har
824 447 54 33 det
898 447 159 35 hitintills
1076 452 29 37 ej
1128 451 131 34 funnits
1279 454 174 39 möjlighet
1474 461 51 28 att
1544 458 113 34 kunna
1679 460 110 33 förmå

281 483 110 37 någon
408 484 244 35 vederbörande
670 491 50 29 att
739 500 56 20 ens
814 489 106 33 låtsas
939 503 50 20 om
1010 492 112 34 saken.

326 524 51 33 De
404 525 86 33 båda
517 527 141 39 lagarna
685 534 57 28 äro
770 531 37 31 så
834 531 147 40 skrivna,
1009 537 49 29 att
1085 535 55 33 det
1167 537 152 33 enskilda
1346 539 184 34 initiativet
1556 541 66 34 kan
1649 556 138 21 numera

281 571 81 33 göra
389 568 52 38 sig
464 569 157 38 gällande
647 571 12 31 i
684 572 92 33 vissa
802 573 64 32 fall
892 578 83 29 även
1001 576 88 32 inom
1116 578 61 32 den
1205 579 168 33 allmänna
1400 584 386 40 expropriationslagens

280 608 375 37 verksamhetsområde.
699 614 177 39 Husägare
894 617 75 32 med
988 617 214 35 ekonomiska
1222 633 147 21 resurser
1386 623 73 33 lära
1478 629 82 28 även
1578 626 110 38 börjat
1705 631 82 35 taga

279 650 150 33 initiativ
447 653 11 30 i
476 653 91 32 vissa
586 654 64 32 fall
667 655 11 31 i
696 655 86 33 brist
799 658 44 36 på
859 657 199 40 ingripande
1077 660 76 33 från
1174 662 55 32 det
1248 663 178 35 allmänna.
1468 666 116 34 Denna
1602 675 107 32 utväg
1728 671 59 31 bör

280 692 120 39 vidgas
419 705 117 26 genom
556 699 50 29 att
624 696 71 33 låta
714 697 126 38 jämväl
857 700 239 40 ensittarlagen
1117 704 37 31 få
1175 704 82 33 fullt
1275 706 91 38 gälla
1385 709 44 36 på
1449 708 67 33 alla
1536 711 166 37 områden,
1723 712 62 32 lik-

281 745 67 21 som
368 746 82 21 ovan
471 736 205 40 föreslagits,
696 743 51 29 att
766 741 37 31 så
822 741 87 32 skall
929 742 57 33 ske
1005 748 82 28 även
1104 746 75 32 med
1198 747 54 32 det
1271 748 185 34 allmännas
1474 751 173 39 möjlighet
1665 754 55 31 till
1739 758 47 28 ett

279 776 209 38 ingripande.
536 778 67 34 Det
627 781 170 33 allmänna
824 784 59 31 och
908 785 152 33 enskilda
1084 787 184 34 initiativet
1292 790 89 39 böra,
1408 804 100 26 synes
1532 794 79 38 mig,
1637 794 87 33 båda
1749 797 36 31 få

279 823 81 33 göra
382 819 52 39 sig
453 820 157 38 gällande
629 823 12 31 i
661 823 76 33 hela
757 824 96 39 riket,
875 831 128 28 oavsett
1022 839 51 20 om
1095 829 54 32 det
1169 831 107 37 gäller
1296 832 231 40 landsbygden
1548 836 79 32 eller
1647 840 138 36 trängre

278 860 178 40 bebyggda
478 863 216 34 samhällen.»

321 943 224 36 Beträffande
564 947 168 38 yrkandet
750 962 51 19 om
820 951 131 39 förslag
967 953 54 32 till
1039 954 116 38 lagens
1175 956 223 41 finansiering
1417 959 62 32 vill
1498 961 163 33 utskottet
1680 963 102 32 fram-

276 993 101 40 hålla,
403 999 51 29 att
479 998 417 37 nyttjanderättshavarna
921 1014 116 27 genom
1061 1004 127 34 inlösen
1215 1019 42 19 av
1282 1007 59 33 den
1366 1009 107 40 mark,
1500 1011 80 33 därå
1606 1012 97 33 deras
1728 1014 53 32 bo-

275 1044 162 39 ningshus
461 1051 57 28 äro
542 1047 152 41 belägna,
716 1050 136 34 beredas
877 1052 61 32 den
962 1055 189 39 väsentliga
1176 1056 173 34 förmånen
1373 1063 49 28 att
1445 1060 113 34 kunna
1581 1063 129 33 erhålla
1734 1065 47 31 in-

275 1094 233 41 teckningslån
535 1098 12 31 i
574 1099 247 39 lägenheterna.
871 1102 116 33 Såsom
1015 1105 99 32 redan
1142 1106 94 33 förut
1262 1108 136 41 berörts,
1427 1112 71 31 står
1524 1112 98 33 också
1649 1115 131 38 möjlig-

274 1144 95 33 heten
396 1151 106 34 öppen
530 1152 50 28 att
605 1149 129 34 erhålla
761 1152 235 38 egnahemslån
1023 1155 54 32 för
1103 1156 224 35 förvärvande
1354 1172 41 20 av
1423 1162 125 32 sådana
1575 1163 205 41 lägenheter,

274 1207 114 21 varom
407 1197 62 32 här
487 1202 38 28 är
544 1198 111 40 fråga.
698 1200 120 40 Någon
839 1206 105 30 större
964 1205 171 39 svårighet
1151 1207 54 32 för
1224 1209 415 38 nyttjanderättshavarna
1658 1218 51 29 att
1727 1227 53 27 ge-

274 1256 73 21 nom
368 1247 56 31 lån
445 1248 163 33 anskaffa
630 1250 61 32 den
711 1251 12 32 i
744 1251 181 35 allmänhet
945 1254 54 32 till
1020 1255 153 40 beloppet
1195 1258 30 38 ej
1247 1261 183 32 avsevärda
1453 1261 252 42 löseskillingen
1727 1266 54 32 för

273 1296 136 32 marken
432 1299 92 32 torde
547 1299 211 34 fördenskull
780 1303 12 31 i
815 1304 89 38 regel
925 1304 30 38 ej
977 1309 100 30 möta.

320 1373 18 31 I
363 1373 60 33 sitt
447 1375 183 33 anförande
653 1376 55 32 till
732 1379 365 39 statsrådsprotokollet
1123 1383 61 32 den
1209 1385 41 31 23
1275 1385 132 38 januari
1433 1388 84 31 1925
1543 1389 59 31 har
1627 1390 151 39 departe-

275 1424 225 33 mentschefen
520 1425 199 41 framhållit,
740 1431 52 29 att
817 1429 4 31 i
839 1431 241 39 sammanhang
1098 1433 73 32 med
1191 1434 115 38 lagens
1326 1436 203 34 utfärdande
1552 1438 107 34 skulle
1679 1444 98 35 tagas

275 1474 104 32 under
402 1477 230 37 övervägande
655 1477 39 32 de
717 1479 167 39 åtgärder,
908 1492 69 20 som
1001 1481 109 34 kunde
1134 1484 170 33 erfordras
1328 1486 53 32 för
1405 1491 51 28 att
1480 1488 97 38 lagen
1600 1489 110 34 skulle
1734 1493 44 36 på

274 1528 47 28 ett
340 1525 162 33 effektivt
522 1530 67 29 sätt
608 1527 137 39 bringas
767 1529 53 32 till
840 1530 104 32 därav
962 1532 238 34 intresserades
1222 1534 182 34 kännedom
1427 1541 55 29 ute
1502 1538 12 31 i
1536 1543 141 29 orterna.
1709 1541 67 32 En-

272 1572 64 39 ligt
359 1574 181 33 utskottets
565 1576 215 34 förmenande
804 1578 109 41 ligger
937 1581 54 33 det
1013 1582 74 32 vikt
1110 1585 102 38 uppå,
1237 1589 50 28 att
1310 1586 72 33 icke
1407 1587 85 33 blott
1515 1589 262 39 ifrågavarande

275 1624 73 38 lags
375 1626 266 34 förhandenvaro
666 1632 82 29 utan
774 1630 61 32 ock
861 1631 73 32 dess
960 1632 146 33 innehåll
1132 1636 44 36 på
1202 1639 48 28 ett
1276 1637 160 33 effektivt
1464 1642 68 29 sätt
1557 1639 136 39 bringas
1721 1642 55 31 till

273 1675 240 34 allmänhetens
536 1677 196 34 kännedom.
778 1679 147 34 Sålunda
948 1694 97 26 synes
1069 1684 159 39 önskligt,
1250 1690 50 28 att
1322 1699 38 20 en
1382 1688 186 40 lättfattlig
1591 1690 184 34 framställ-

272 1724 81 38 ning
372 1737 42 20 av
432 1726 306 39 huvudgrunderna
757 1730 11 31 i
786 1730 97 39 lagen
901 1732 170 33 utarbetas
1090 1734 59 32 och
1168 1738 51 29 att
1239 1736 53 32 det
1310 1738 42 36 på
1370 1737 159 40 lämpligt
1548 1743 67 29 sätt
1632 1741 145 38 avgifts-

272 1773 77 33 fritt
370 1775 134 33 beredes
525 1778 176 40 spridning
722 1781 35 31 åt
780 1780 189 34 densamma
990 1787 55 28 ute
1067 1784 11 31 i
1100 1788 143 30 orterna.
1288 1787 116 38 Några
1428 1788 167 34 särskilda
1618 1791 159 38 åtgärder

273 1824 54 32 för
341 1825 256 38 inspekterande
613 1841 41 20 av
670 1830 116 38 lagens
802 1831 204 40 verkningar
1021 1834 80 32 eller
1116 1834 184 34 beredande
1316 1849 41 20 av
1373 1837 94 39 hjälp
1485 1839 52 33 för
1554 1840 53 32 det
1623 1841 155 33 enskilda

269 1874 183 35 initiativet
472 1878 11 31 i
502 1878 115 32 vidare
637 1880 237 40 utsträckning
894 1887 52 34 än,
968 1883 104 39 enligt
1092 1885 66 32 vad
1179 1885 164 34 utskottet
1363 1899 84 21 ovan
1468 1891 103 31 under
1592 1892 17 31 d
1632 1891 18 38 $
1672 1892 102 32 fram-

274 1926 108 39 hållit,
408 1927 76 32 från
508 1929 53 31 det
583 1930 187 33 allmännas
794 1932 71 32 sida
889 1933 100 32 redan
1013 1939 79 33 äger
1115 1948 82 26 rum,
1221 1948 101 27 synas
1346 1938 165 34 utskottet
1534 1941 145 33 däremot
1702 1942 74 32 icke

269 1989 82 20 vara
371 1990 42 20 av
433 1979 137 33 behovet
590 1980 190 38 påkallade.

317 2026 285 36 Statsmakternas
621 2031 92 38 syfte
731 2036 50 28 att
800 2033 53 31 för
872 2039 100 33 ägare
990 2035 53 32 till
1059 2036 206 39 boningshus
1283 2039 19 31 å
1317 2051 126 21 annans
1462 2041 96 32 mark
1574 2043 201 39 möjliggöra

271 2081 50 29 att
341 2080 79 31 ernå
438 2080 161 38 trygghet
619 2081 12 32 i
650 2082 223 39 besittningen
893 2097 42 19 av
955 2085 94 33 deras
1069 2087 72 31 hem
1163 2088 61 31 har
1244 2088 138 34 kommit
1403 2091 55 31 till
1479 2092 137 38 uttryck
1635 2094 30 37 ej
1688 2094 86 32 blott

271 2128 11 31 i
318 2141 44 19 nu
398 2130 218 34 förevarande
652 2132 57 38 lag
734 2137 81 29 utan
840 2135 61 32 ock
925 2136 12 31 i
962 2136 97 38 lagen
1086 2137 61 32 den
1174 2139 39 30 12
1240 2139 67 38 maj
1335 2141 82 31 1917
1445 2153 52 20 om
1523 2144 249 37 expropriation

276 2177 35 40 (1
337 2179 18 38 $
378 2182 28 36 7,
431 2185 86 28 samt
538 2182 150 33 99—101
716 2183 73 40 $$).
836 2185 120 32 Medan
979 2187 103 38 enligt
1107 2188 61 32 den
1192 2189 92 32 förra
1307 2190 96 38 lagen
1426 2191 181 33 initiativet
1629 2193 55 32 till
1708 2194 64 31 lös-

270 2229 312 38 ningsförfarandet
600 2233 90 38 lagts
708 2234 69 32 helt
793 2235 11 31 i
822 2236 428 38 nyttjanderättshavarens
1268 2252 79 25 egen
1367 2240 99 39 hand,
1487 2242 197 33 förutsätter
1702 2244 71 31 åter

270 2281 374 41 expropriationslagen,
668 2287 51 29 att
741 2296 125 21 samma
890 2286 195 34 förfarande
1107 2288 210 39 igångsättes
1339 2291 115 32 enbart
1477 2303 43 20 av
1541 2292 126 32 kronan
1691 2293 83 32 eller

269 2331 244 33 vederbörande
533 2332 157 33 kommun
711 2335 81 32 eller
812 2336 356 39 municipalsamhälle.
1212 2340 340 39 Förutsättningarna
1576 2342 53 32 för
1650 2346 51 28 att
1724 2347 48 28 ett

270 2380 348 39 lösningsförfarande
644 2384 88 32 skall
757 2385 37 32 få
820 2391 64 33 äga
908 2399 72 20 rum
1007 2393 55 27 äro
1087 2389 11 31 i
1123 2389 86 32 båda
1235 2390 302 39 lagstiftningarna
1561 2393 209 38 väsentligen

270 2430 100 34 olika.
414 2431 53 33 Då
489 2433 53 32 det
564 2434 183 33 emellertid
768 2437 73 31 med
864 2437 130 39 hänsyn
1015 2438 53 32 till
1090 2441 286 36 gemensamheten
1397 2442 11 30 i
1431 2442 200 38 syftemålen
1656 2443 54 31 för
1732 2443 38 32 de
