1888 2824
310 189 40 29 10
619 190 394 32 Jordbruksutskottets
1043 190 185 31 utlåtande
1257 191 53 31 Nr
1336 190 51 31 69.

309 264 117 31 Innan
457 265 173 31 utskottet
661 264 106 36 ingår
796 267 46 34 på
864 266 249 36 övervägande
1135 277 45 20 av
1202 267 68 30 den
1293 267 126 36 gjorda
1443 268 326 39 framställningen,

271 315 57 31 får
350 316 173 32 utskottet
544 318 109 34 något
675 317 127 31 beröra
825 317 130 36 frågan
978 326 56 22 om
1055 317 211 37 riksdagens
1288 318 209 37 behörighet
1518 322 47 34 på
1588 321 181 37 ifrågava-

269 368 111 32 rande
398 368 152 31 område.
594 369 17 30 I
634 368 97 32 detta
748 369 174 31 avseende
939 370 100 31 torde
1057 370 37 31 få
1111 370 171 32 hänvisas
1300 371 55 31 till
1375 371 159 35 följande
1553 383 44 20 av
1616 372 153 36 justitie-

269 420 169 31 kanslern
458 421 68 31 den
545 422 18 30 5
584 420 67 36 juli
672 421 78 30 1851
769 421 12 30 i
802 421 67 31 den
888 421 111 31 redan
1020 421 44 31 då
1085 422 246 36 föreliggande
1352 423 130 36 frågan
1502 433 58 21 om
1580 424 188 32 skatteför-

270 472 159 36 säljning
448 483 46 20 av
510 472 97 31 vissa
627 472 444 37 stipendieinrättningens
1091 474 212 36 fastigheter
1325 474 94 36 gjort
1438 475 331 37 principuttalande

270 533 46 20 av
335 523 289 37 huvudsakligen
645 524 160 36 följande
826 525 173 31 innehåll:

310 583 189 33 Sannolikt
519 585 129 31 funnes
664 595 150 21 numera
832 586 78 31 icke
927 587 109 35 något
1055 587 59 30 väl
1133 586 127 32 ordnat
1280 587 181 35 samhälle,
1479 586 66 31 där
1564 587 204 36 lagstiftan-

269 626 43 33 de
332 628 85 32 eller
436 628 266 32 verkställande
721 629 146 32 makten
886 630 86 36 icke,
992 630 42 31 de
1054 630 80 36 jure
1154 631 85 30 eller
1261 630 42 31 de
1325 631 103 35 facto,
1448 630 108 31 blivit
1575 631 194 30 tillerkänd

269 671 175 35 rättighet
478 673 54 29 att
565 671 196 32 bestämma
794 683 55 20 om
883 673 64 30 och
980 675 46 33 på
1049 674 70 30 vad
1141 673 132 31 villkor
1299 674 150 30 fromma
1472 674 173 31 stiftelser
1669 674 99 36 finge

269 717 180 34 emottaga
472 716 64 30 och
560 716 130 31 besitta
713 715 72 32 fast
809 716 179 36 egendom,
1012 719 168 29 ävensom
1203 719 54 30 att
1281 717 12 31 i
1317 717 95 31 vissa
1436 718 65 30 fall
1525 718 65 31 och
1613 718 156 31 särdeles

269 757 45 32 då
338 769 71 26 nya
434 758 230 33 oförutsedda
687 759 251 32 förhållanden
963 759 198 33 inträffade
1186 763 86 33 göra
1297 760 153 37 ändring
1475 761 87 31 eller
1586 762 146 31 rättelse
1756 761 13 30 i

269 802 135 31 sådana
425 803 236 36 föreskrifter,
682 813 74 21 som
777 803 105 32 blivit
903 803 204 32 meddelade
1126 815 45 20 av
1191 814 178 26 personer,
1389 804 99 31 vilka
1510 813 126 27 genom
1657 806 111 35 gåvor

269 845 87 31 eller
382 847 236 30 testamenten
642 846 137 32 lämnat
805 847 169 35 egendom
1000 847 58 31 till
1083 847 122 35 dylika
1232 848 182 31 stiftelser.
1456 847 78 31 Den
1560 848 107 36 makt,
1694 858 74 22 som

268 888 107 33 blivit
395 889 129 36 tillagd
544 889 300 36 myndigheterna
864 891 12 30 i
897 890 41 32 de
959 891 177 31 särskilda
1156 891 208 36 samhällen,
1384 893 122 29 varest
1527 891 160 31 bestämd
1707 892 61 35 lag

269 933 12 30 i
305 935 119 30 ämnet
448 933 138 37 funnes,
610 943 84 22 vore
718 934 198 31 emellertid
941 934 57 31 till
1021 935 182 35 omfånget
1228 934 137 35 ganska
1389 935 104 30 olika.
1537 934 18 31 I
1579 936 82 30 vårt
1683 936 85 30 land

269 976 175 33 saknades
465 978 55 30 för
540 977 41 32 de
601 977 106 32 flesta
728 978 66 30 fall
814 977 131 36 nödiga
965 977 263 32 bestämmelser
1249 978 12 30 i
1280 978 150 31 berörda
1449 978 210 36 hänseende,
1679 978 89 31 dock

269 1022 157 35 antoges,
448 1023 54 29 att
524 1021 59 31 det
604 1021 12 30 i
638 1022 197 30 allmänhet
858 1031 83 21 vore
964 1022 212 35 Konungen,
1198 1031 75 21 som
1296 1021 89 36 ägde
1408 1023 53 30 att
1484 1022 11 30 i
1519 1022 102 31 dessa
1645 1022 123 35 frågor

270 1066 87 29 utan
381 1064 217 31 medverkan
623 1074 45 21 av
693 1064 192 36 riksdagen
910 1073 121 23 ensam
1056 1064 147 32 besluta.
1246 1064 107 32 Detta
1380 1064 226 32 förhållande
1631 1065 136 31 inhäm-

267 1107 100 32 tades
388 1106 75 33 dels
482 1110 88 29 utav
590 1107 194 36 ordalagen
806 1118 74 21 som
901 1108 105 31 blivit
1027 1107 206 37 begagnade
1254 1108 55 31 uti
1330 1108 42 31 de
1394 1108 249 36 försäkringar
1664 1108 108 36 varje

269 1150 93 32 Svea
386 1151 95 31 rikes
505 1151 145 36 konung
677 1151 138 31 fordom
840 1151 62 31 vid
927 1152 56 30 sin
1008 1152 287 36 tronbestigning
1321 1152 157 31 brukade
1504 1153 165 35 avlägga,
1694 1152 75 31 dels

268 1193 114 32 därav
404 1197 54 29 att
481 1195 12 30 i
518 1194 236 32 förevarande
777 1195 104 29 ämne
914 1194 182 32 allmänna
1120 1195 262 36 författningar
1406 1197 92 29 samt
1522 1195 246 36 förklaringar

271 1239 56 30 för
345 1238 178 32 särskilda
540 1238 66 32 fall
624 1238 106 32 blivit
746 1238 53 31 tid
817 1239 91 30 efter
926 1248 118 21 annan
1064 1249 46 20 av
1128 1239 204 35 Konungen
1350 1238 204 32 meddelade
1572 1239 64 31 och
1654 1240 113 30 utfär-

268 1280 100 32 dade.
410 1282 58 30 Av
487 1281 153 32 anförda
658 1281 304 36 omständigheter
980 1291 86 22 vore
1084 1281 104 37 klart,
1208 1284 54 29 att
1282 1282 134 36 Kungl.
1435 1282 111 36 Maj:t
1566 1282 129 31 dittills
1714 1284 53 29 ut-

268 1327 84 30 övat
373 1325 221 36 rättigheten
615 1327 53 29 att
690 1325 12 30 i
725 1325 123 36 frågor
869 1335 45 20 av
936 1325 157 31 likartad
1114 1325 250 31 beskaffenhet
1386 1325 149 36 besluta,
1556 1326 64 30 och
1643 1325 44 31 då
1709 1325 59 32 det

269 1368 78 33 icke
366 1369 118 31 kunde
502 1370 132 35 påstås,
653 1371 54 29 att
725 1369 68 31 den
813 1369 12 30 i
844 1369 149 31 berörda
1013 1369 173 31 avseende
1206 1369 114 35 följda
1340 1369 122 35 praxis
1481 1379 85 21 vore
1585 1369 184 31 stridande

268 1412 137 31 varken
421 1415 73 28 mot
512 1413 60 35 lag
589 1413 85 30 eller
692 1413 109 35 något
820 1412 12 30 i
850 1412 126 31 sakens
995 1414 108 29 natur
1122 1412 155 36 grundat
1296 1412 236 36 förhållande,
1551 1414 119 34 syntes
1688 1413 78 30 där-

268 1466 47 21 av
336 1455 122 32 kunna
479 1456 112 31 slutas
613 1457 53 30 att
687 1457 91 30 även
800 1455 97 31 intill
919 1455 77 32 dess
1017 1455 12 31 i
1051 1455 295 36 grundlagsenlig
1368 1455 151 36 ordning
1542 1456 225 30 annorlunda

268 1499 103 32 bleve
388 1510 46 21 av
452 1500 42 31 de
512 1499 235 36 lagstiftande
767 1499 186 31 makterna
971 1499 161 36 bestämt,
1150 1499 203 35 Konungen
1372 1498 88 36 ägde
1479 1501 111 28 utöva
1601 1508 43 21 en
1656 1499 111 31 sådan

268 1543 84 30 rätt.
395 1543 83 31 Men
500 1542 91 32 efter
613 1542 220 35 antagandet
856 1552 45 21 av
924 1541 115 32 denna
1061 1542 132 36 Kungl.
1217 1541 129 36 Maj:ts
1368 1542 92 36 höga
1483 1544 84 34 rätt,
1590 1542 177 31 återstode

267 1589 55 30 att
355 1586 211 36 undersöka,
598 1597 56 20 om
686 1586 65 30 och
774 1588 46 33 på
842 1586 71 30 vad
935 1587 71 30 sätt
1029 1584 204 32 densamma
1256 1585 107 31 borde
1386 1586 191 35 begagnas.
1619 1585 70 31 För
1712 1586 55 30 be-

270 1629 192 33 fordrande
482 1640 46 21 av
549 1631 110 34 gåvor
681 1630 64 30 och
766 1631 234 30 testamenten
1021 1629 57 31 till
1100 1629 151 31 fromma
1272 1629 172 31 stiftelser
1465 1631 122 34 syntes
1608 1629 159 36 följande

267 1673 86 33 böra
379 1673 191 37 iakttagas,
597 1673 195 36 nämligen:
821 1674 53 30 att
900 1672 167 35 givarens
1092 1672 141 36 yttrade
1257 1672 93 36 vilja
1374 1674 179 34 noggrant
1579 1672 186 31 efterkom-

270 1726 83 27 mes,
378 1719 39 30 så
442 1717 111 32 framt
578 1716 204 31 densamma
806 1715 79 32 icke
909 1716 128 30 funnes
1062 1715 182 32 stridande
1267 1718 73 28 mot
1365 1717 108 34 något
1498 1717 135 29 statens
1658 1716 110 36 högre

269 1760 179 37 ändamål,
465 1761 60 36 lag
545 1761 85 30 eller
651 1759 90 36 goda
766 1759 109 37 seder,
895 1762 91 29 samt
1005 1760 64 35 att,
1088 1769 56 21 om
1162 1759 178 31 stiftelsen
1360 1759 183 36 upphörde
1563 1759 85 31 eller
1667 1759 101 31 bleve

268 1806 39 30 så
331 1804 205 36 förändrad,
559 1806 54 29 att
637 1803 216 36 egendomen
876 1803 31 36 ej
932 1802 118 32 kunde
1072 1802 90 31 efter
1185 1802 169 35 givarens
1377 1802 188 31 föreskrift
1586 1802 180 36 begagnas

271 1848 64 30 och
376 1847 149 36 givaren
566 1847 94 35 själv
702 1847 31 36 ej
764 1846 112 31 heller
897 1845 152 37 stadgat,
1071 1845 93 31 huru
1184 1846 11 30 i
1217 1846 129 31 sådant
1368 1846 64 30 fall
1452 1845 79 31 med
1552 1846 215 35 egendomen

270 1891 116 32 gkulle
412 1891 184 32 förhållas,
622 1890 206 31 densamma
854 1889 45 32 då
923 1890 107 31 borde
1055 1889 56 31 till
1137 1891 121 34 annat,
1283 1891 74 29 mot
1382 1889 168 36 givarens
1576 1889 191 31 tillkänna-

271 1935 110 35 givna
399 1935 120 31 avsikt
536 1936 159 29 närmast
715 1933 177 32 svarande
911 1933 167 31 ändamål
1096 1932 194 31 användas.

309 1997 17 30 I
361 1996 91 31 detta
487 1996 250 35 sammanhang
773 1995 70 30 kan
866 1997 87 27 även
976 1994 143 35 erinras,
1143 1995 50 29 att
1216 1992 295 37 landshövdingen
1536 1992 199 36 Holmquist
1759 1993 11 30 i

263 2050 55 30 sin
341 2049 65 30 den
430 2048 40 31 30
491 2048 184 31 november
692 2048 84 30 1900
794 2046 194 36 framlagda
1005 2045 184 36 utredning
1206 2045 145 30 rörande
1367 2045 400 35 stipendieinrättningen

263 2100 151 31 uttalade
448 2100 66 30 den
543 2100 274 35 uppfattningen,
846 2100 51 29 att
920 2108 41 20 ur
985 2098 139 35 rättslig
1148 2097 176 37 synpunkt
1346 2097 121 30 hinder
1491 2097 75 30 icke
1590 2098 104 29 mötte
1718 2097 54 30 för

265 2152 131 36 Kungl.
422 2152 101 36 Maj:t
546 2153 50 29 att
619 2152 128 30 besluta
764 2160 56 21 om
837 2150 206 36 försäljning
1059 2160 45 20 av
1120 2149 422 36 stipendieinrättningens
1559 2149 211 36 fastigheter.

265 2205 17 30 I
308 2204 98 36 fråga
431 2214 55 20 om
511 2203 244 36 lämpligheten
780 2212 45 20 av
850 2201 228 32 omförmälda
1098 2201 206 36 försäljning
1326 2202 105 35 ansåg
1446 2201 190 31 emellertid
1653 2202 118 30 Holm-

264 2256 93 36 quist
375 2274 37 3 —
429 2255 109 31 under
556 2254 254 31 framhållande
827 2256 49 28 att
889 2254 261 36 sätesgårdarna
1162 2253 160 37 Sundsby
1336 2254 61 30 och
1410 2252 77 38 Åby
1501 2254 159 35 utgjorde
1671 2255 38 29 så
1720 2255 52 29 att

263 2310 84 34 säga
364 2308 55 30 det
434 2308 199 36 principala
649 2308 12 29 i
678 2306 206 31 donationen
897 2324 38 3 —
949 2306 54 30 det
1018 2307 84 29 utan
1119 2305 107 31 tvivel
1239 2306 148 30 alldeles
1399 2307 148 35 säregna
1561 2306 211 35 omständig-

264 2360 100 31 heter
387 2359 109 31 skulle
520 2359 143 31 inträffa
687 2359 53 30 för
762 2360 52 29 att
834 2358 131 36 Kungl.
983 2358 100 35 Maj:t
1099 2357 74 31 med
1189 2358 222 35 begagnande
1427 2368 43 20 av
1488 2358 55 30 sin
1560 2357 211 36 höghetsrätt

264 2412 113 30 skulle
400 2411 128 36 nödgas
552 2412 11 29 i
588 2411 99 36 fråga
710 2420 56 21 om
783 2410 95 31 dessa
894 2410 87 31 båda
997 2409 212 37 sätesgårdar
1226 2410 144 36 vidtaga
1386 2409 386 37 försäljningsåtgärder

265 2464 53 30 för
352 2465 51 30 att
437 2463 236 37 upprätthålla
708 2463 56 30 det
799 2462 76 31 med
899 2462 167 31 stiftelsen
1090 2462 147 31 avsedda
1261 2461 227 37 huvudsyftet
1511 2462 83 30 eller
1617 2461 156 36 tillgodo-

265 2516 135 31 seendet
422 2526 44 20 av
490 2515 64 31 den
580 2514 203 32 studerande
806 2514 211 36 ungdomens
1042 2514 104 31 bästa.
