2204 2626
432 146 18 29 2
925 143 230 41 Lagutskottets
1178 143 158 30 utlåtande
1357 141 54 31 Nr
1434 143 50 30 19.

1151 245 24 44 &
1205 248 31 33 1.

525 332 124 37 Såsom
677 345 45 22 av
749 332 274 47 propositionen
1051 329 171 49 framgår,
1250 329 92 36 hade
1369 331 13 33 i
1410 329 62 35 det
1499 328 200 51 lagförslag
1725 332 13 33 i
1756 330 244 37 förevarande

388 391 118 37 ämne,
535 396 77 22 som
641 386 40 32 år
711 383 93 34 1916
834 381 252 44 utarbetades,
1101 381 284 47 ursprungligen
1405 381 153 46 intagits
1578 379 258 38 bestämmelse
1855 381 142 42 därom,

387 440 55 29 att
481 435 96 34 aktie
616 433 12 35 i
670 432 218 44 aktiebolag,
927 444 79 23 som
1034 430 91 49 ägde
1152 430 124 49 fartyg
1301 431 90 35 eller
1418 430 107 35 andel
1553 430 91 43 däri,
1673 432 80 34 icke
1780 433 97 47 finge
1905 436 90 30 utan

387 485 139 45 Kungl.
567 483 123 47 Maj:ts
730 482 166 36 tillstånd
936 494 132 35 genom
1096 482 176 46 teckning
1298 482 88 34 eller
1413 480 213 35 överlåtelse
1654 479 184 38 förvärvas
1864 495 45 22 av
1938 485 62 31 ut-

386 535 155 47 länning
567 535 89 34 eller
683 546 44 23 av
754 534 145 34 svenskt
927 532 217 47 aktiebolag,
1173 544 81 22 vars
1277 531 118 35 aktier
1412 544 87 22 vore
1517 530 132 36 ställda
1669 531 58 35 till
1745 532 249 36 innehavaren

386 586 91 34 eller
511 585 57 34 till
595 585 74 34 viss
698 583 59 36 del
784 596 85 22 vore
897 583 12 35 i
938 582 173 36 utländsk
1137 590 82 39 ägo.
1274 581 129 36 Denna
1430 581 255 35 bestämmelse
1713 583 152 35 uteslöts
1891 584 13 33 i
1934 582 62 35 det

387 635 153 47 förslag,
580 647 78 23 som
700 633 178 37 förelades
919 633 205 47 riksdagen,
1166 632 67 36 och
1265 633 82 34 kom
1376 632 32 47 ej
1440 637 53 30 att
1519 632 131 47 inflyta
1676 632 13 34 i
1719 633 93 34 1916
1840 636 60 32 års
1923 633 75 45 lag.

386 685 52 36 På
478 685 70 36 den
587 692 81 40 väg,
711 697 77 23 som
829 684 157 35 sålunda
1025 682 189 36 lämnades
1254 689 130 41 öppen,
1417 682 92 35 hava
1535 681 113 36 sedan
1677 681 81 36 dess
1785 682 213 49 betydande

386 736 179 48 mängder
604 736 150 35 svenskt
794 740 159 42 tonnage
981 734 155 35 kommit
1164 732 119 36 under
1311 732 189 36 utländskt
1525 731 219 50 inflytande.
1797 732 74 35 Till
1899 732 100 36 före-

385 786 220 36 kommande
634 786 112 35 därav
772 790 53 30 att
852 787 46 46 på
925 784 174 35 liknande
1127 789 73 30 sätt
1227 783 60 36 det
1313 783 119 35 under
1451 783 129 35 svensk
1600 782 217 48 disposition
1835 782 165 36 varande

385 842 180 41 tonnaget
590 837 213 48 ytterligare
830 835 151 47 nedgår,
1010 835 65 35 har
1100 835 13 34 i
1141 834 71 35 den
1239 846 50 22 nu
1316 833 207 48 framlagda
1542 833 126 44 kungl.
1688 833 308 47 propositionen
1974 829 24 60 i

385 886 24 45 8
440 889 17 33 1
484 900 33 35 p.
539 888 21 34 3
579 888 151 46 intagits
749 886 255 35 bestämmelse
1022 885 138 42 därom,
1181 889 54 30 att
1254 889 87 30 utan
1362 884 225 47 Konungens
1606 883 102 36 förut
1725 885 111 46 givna
1855 884 61 35 lov
1936 886 61 32 må

385 938 32 47 ej
460 936 60 37 för
554 938 199 46 utlänning
779 937 88 35 eller
893 936 148 35 svenskt
1067 935 220 45 aktiebolag,
1315 947 78 23 som
1420 936 13 33 i
1460 933 215 50 paragrafen
1703 946 113 31 avses,
1843 934 152 35 tecknas

386 989 97 34 aktie
522 989 13 34 i
575 987 150 36 svenskt
764 986 218 48 aktiebolag,
1023 998 78 23 som
1142 985 67 35 har
1248 986 55 34 till
1330 984 155 36 föremål
1513 984 57 36 för
1597 985 57 34 sin
1682 984 233 36 verksamhet
1943 989 55 30 att

384 1039 89 35 idka
500 1038 257 36 rederirörelse
784 1038 89 34 eller
899 1049 92 31 som,
1020 1041 89 30 utan
1136 1041 56 30 att
1219 1035 80 36 dess
1326 1035 232 36 verksamhet
1585 1035 67 34 har
1679 1034 129 36 sådant
1827 1033 169 44 föremål,

385 1097 89 39 äger
514 1088 134 48 fartyg,
690 1100 82 23 vars
806 1087 342 47 bruttodräktighet
1177 1089 142 45 uppgår
1345 1087 57 34 till
1431 1085 198 36 etthundra
1657 1087 219 46 registerton
1905 1085 94 34 eller

385 1139 209 43 därutöver,
635 1140 90 34 eller
764 1138 105 35 andel
896 1139 13 33 i
937 1137 131 36 sådant
1095 1136 137 48 fartyg.
1284 1135 108 36 Aven
1420 1136 120 35 denna
1566 1135 257 35 bestämmelse
1850 1135 149 35 lämnar

385 1189 207 36 emellertid
619 1189 12 35 i
658 1190 75 35 viss
762 1191 80 33 mån
873 1193 114 41 utväg
1013 1194 117 42 öppen
1159 1187 59 36 för
1244 1186 190 36 utländskt
1462 1186 151 35 intresse
1632 1191 54 30 att
1705 1185 81 36 med
1806 1185 192 35 anlitande

384 1253 45 22 av
469 1238 372 49 aktiebolagsformen
869 1237 176 36 förskaffa
1070 1238 57 48 sig
1153 1236 352 37 bestämmanderätt
1531 1243 87 28 över
1645 1237 148 35 svenskt
1819 1241 177 39 tonnage,

385 1290 186 48 nämligen
598 1291 13 34 i
635 1289 106 48 fråga
767 1302 58 23 om
854 1288 126 50 fartyg
1006 1288 117 36 under
1153 1289 71 34 100
1251 1288 231 47 registerton,
1511 1299 78 22 som
1608 1286 128 35 tillhör
1754 1291 112 30 annat
1884 1286 115 46 bolag

384 1348 47 28 än
472 1340 243 47 rederibolag.
770 1339 70 36 Det
880 1339 68 35 har
980 1345 102 43 synts
1110 1339 184 35 utskottet
1320 1338 175 35 önskvärt
1521 1342 53 30 att
1601 1338 80 34 icke
1708 1349 130 36 genom
1868 1337 132 47 lagens

384 1390 210 49 avfattning
633 1391 151 35 avskära
815 1390 243 48 möjligheten
1085 1394 65 38 att,
1180 1402 59 22 om
1267 1391 38 32 så
1330 1389 120 34 finnes
1477 1387 140 46 nödigt,
1648 1386 229 36 förekomma
1904 1393 91 29 även

385 1442 105 48 dylik
529 1442 119 35 trafik.
703 1440 155 37 Särskilt
900 1440 67 35 har
1007 1440 99 35 detta
1137 1444 138 31 ansetts
1302 1438 132 48 nödigt
1461 1437 228 36 beträffande
1716 1436 281 49 fiskefartygen,

384 1492 100 36 vilka
510 1493 44 46 ju
585 1493 13 34 i
630 1491 201 36 allmänhet
859 1490 90 36 falla
976 1490 116 36 under
1118 1490 73 35 den
1219 1490 156 46 angivna
1402 1496 156 40 gränsen
1587 1488 67 35 och
1683 1487 98 36 vilka
1807 1490 121 33 såsom
1953 1500 45 22 av

385 1543 280 48 propositionen
693 1541 163 48 framgår
883 1541 121 35 under
1030 1540 213 36 nuvarande
1271 1539 312 48 utomordentliga
1611 1537 253 36 förhållanden
1885 1550 112 36 synas

383 1606 86 22 vara
496 1593 151 35 föremål
675 1591 60 36 för
761 1590 226 48 efterfrågan
1016 1590 81 36 från
1125 1590 180 36 utlandet.
1345 1590 189 36 Utskottet
1561 1590 65 34 har
1645 1588 126 36 därför
1789 1588 207 47 föreslagit,

384 1648 56 30 att
471 1642 221 48 stadgandet
718 1643 12 34 i
758 1641 22 44 $
811 1644 16 33 1
858 1655 35 35 p.
923 1643 21 33 3
975 1641 203 36 utsträckes
1207 1646 54 30 att
1288 1653 82 23 avse
1397 1641 117 34 aktier
1540 1640 13 35 i
1580 1639 98 47 varje
1705 1640 147 34 svenskt
1875 1638 122 47 bolag,

385 1706 80 23 som
494 1700 85 40 äger
607 1693 123 48 fartyg
757 1693 86 35 eller
869 1692 110 35 andel
1007 1692 88 35 däri.

522 1743 225 48 Visserligen
792 1743 167 35 kommer
999 1754 132 36 genom
1160 1755 46 22 en
1233 1741 254 47 utsträckning
1511 1742 13 33 i
1551 1740 166 47 enlighet
1744 1739 82 35 med
1855 1738 141 48 Kungl.

385 1794 124 47 Maj:ts
537 1794 66 35 och
633 1795 198 34 utskottets
857 1792 138 48 förslag
1020 1793 105 47 lagen
1155 1797 54 30 att
1232 1792 98 35 bliva
1348 1791 201 48 tillämplig
1562 1790 139 47 jämväl
1720 1793 21 32 å
1758 1791 95 34 vissa
1871 1789 124 47 bolag,

384 1846 13 33 i
425 1844 177 36 avseende
630 1847 21 32 å
679 1844 98 35 vilka
802 1842 279 49 ifrågavarande
1108 1841 351 48 försiktighetsmått
1498 1845 143 44 strängt
1668 1845 100 43 taget
1794 1840 71 35 kan
1889 1851 108 23 anses

387 1895 223 45 obehövligt,
638 1895 188 47 nämligen
854 1894 136 35 sådana
1016 1893 120 47 bolag,
1166 1906 79 22 som
1273 1893 91 35 hava
1390 1896 112 31 annat
1529 1890 154 37 föremål
1713 1890 57 36 för
1804 1892 56 33 sin
1889 1890 105 35 verk-

384 1945 144 36 samhet
555 1953 46 27 än
628 1945 267 43 rederirörelse,
927 1957 84 22 men
1037 1944 97 34 vilka
1162 1943 93 36 dock
1283 1942 57 37 för
1367 1942 293 36 verksamhetens
1688 1940 224 36 bedrivande
1930 1947 64 28 äro

384 1997 13 33 i
424 1996 120 35 behov
571 2008 43 22 av
641 2000 54 31 ett
724 1996 87 34 eller
838 1995 88 35 flera
953 1993 134 50 fartyg.
1132 1993 85 37 Men
1236 1994 70 35 den
1325 1994 153 46 möjliga
1496 1992 241 47 olägenheten
1759 1992 110 34 härav
1888 1989 109 36 torde

384 2047 130 34 kunna
540 2045 246 36 förekommas
811 2057 135 34 genom
975 2045 176 47 lämpliga
1179 2044 289 47 begränsningar
1493 2044 13 34 i
1534 2043 44 35 de
1606 2041 287 43 förordnanden,
1913 2052 80 23 som

384 2096 208 48 Konungen
635 2099 47 45 på
722 2096 120 48 grund
882 2108 45 23 av
963 2096 106 46 lagen
1099 2094 176 44 utfärdar,
1304 2095 89 35 eller
1420 2106 132 35 genom
1582 2092 62 36 det
1671 2093 70 43 lov,
1769 2104 77 23 som
1875 2091 120 46 enligt

384 2160 142 22 samma
564 2147 59 47 lag
655 2147 72 34 kan
755 2148 150 33 lämnas.
961 2145 97 36 Intet
1083 2147 96 34 lärer
1207 2144 138 44 hindra,
1374 2149 54 31 att
1454 2149 54 30 ett
1536 2143 135 48 Kungl.
1699 2142 120 46 Maj:ts
1846 2140 148 36 förord-

384 2198 123 35 nande
534 2198 196 47 begränsas
758 2202 53 31 att
837 2209 83 23 avse
948 2195 243 37 aktieförvärv
1217 2196 11 35 i
1257 2196 152 35 allenast
1436 2194 134 35 sådana
1588 2193 221 46 aktiebolag,
1827 2204 78 23 som
1926 2198 71 40 äga
