1866 2780
461 141 314 30 Bankoutskottets
800 140 178 30 utlåtande
1001 148 42 20 nr
1066 139 41 30 22
1129 138 40 30 år
1195 138 80 29 1957
1598 137 18 29 5

110 230 110 28 större
243 227 300 40 sparbenägenhet
566 225 142 30 särskilt
730 225 63 28 hos
817 224 135 39 fysiska
975 232 165 30 personer
1163 223 70 28 kan
1258 222 128 29 tänkas
1406 221 47 29 bli
1477 220 134 38 följden

111 291 41 19 av
175 281 93 30 såväl
290 280 105 38 högre
417 279 176 37 ränteläge
616 286 74 20 som
712 286 42 19 av
775 276 83 29 ökat
879 275 200 29 förtroende
1103 274 51 28 till
1176 273 286 39 penningvärdet.
1486 272 52 28 En
1560 272 56 29 be-

112 330 189 38 gränsning
325 338 42 19 av
391 327 273 29 konsumtionen
688 326 70 28 kan
783 324 192 30 emellertid
1000 323 150 29 framför
1175 323 60 28 allt
1260 322 136 39 uppnås
1421 329 125 31 genom
1571 330 43 20 en

112 381 171 29 successiv
304 379 203 38 avveckling
528 387 41 21 av
591 378 40 29 de
653 376 172 40 generella
847 374 304 33 subventionerna,
1174 374 42 31 då
1238 373 9 29 i
1269 373 110 29 första
1400 372 95 29 band
1517 371 94 29 inom

111 431 312 30 bostadsområdet.
464 428 183 38 Samtidigt
688 427 110 29 måste
829 425 143 40 givetvis
1004 425 146 29 allmänt
1179 421 434 41 konsumtionsstegrande

112 483 127 29 sociala
257 483 168 28 reformer
445 479 223 40 uppskjutas.
688 479 64 28 Det
770 479 38 28 är
824 477 119 29 vidare
961 477 190 38 angeläget,
1171 477 50 27 att
1240 474 282 39 skattesystemet
1541 481 71 20 om-

112 534 113 38 lägges
252 534 46 32 så,
325 534 49 27 att
399 532 78 28 dess
503 529 202 30 nuvarande
732 526 296 41 sparhämmande
1053 526 211 38 verkningar
1290 524 155 30 mildras.
1472 524 67 29 För
1564 524 50 28 att

112 585 94 28 detta
229 584 89 38 syfte
344 583 87 29 skall
456 582 134 34 vinnas,
615 580 61 29 bör
701 589 42 20 en
768 577 258 39 omfördelning
1050 586 42 20 av
1116 575 252 39 skattetrycket
1393 574 80 29 från
1498 573 115 30 direkt

113 635 51 30 till
195 635 153 28 indirekt
378 632 226 38 beskattning
634 631 198 38 övervägas.
865 629 93 29 Även
991 628 114 29 direkt
1137 625 284 41 sparfrämjande
1453 624 161 39 åtgärder

116 685 94 30 torde
231 694 83 20 vara
337 693 43 20 av
400 684 86 29 visst
510 682 115 33 värde,
650 683 21 27 t.
696 690 50 20 ex.
770 678 291 31 skattelättnader
1084 678 55 29 för
1164 676 275 40 målsparande.»

157 735 306 39 Bankföreningen
496 733 129 29 uttalar
658 732 54 29 sin
744 730 242 30 oreserverade
1018 728 203 38 anslutning
1252 727 51 29 till
1335 726 280 29 motionärernas

114 796 63 30 syn
199 787 43 39 på
263 787 66 28 den
350 784 217 30 ekonomska
587 783 170 40 politiken
778 781 64 29 och
863 781 102 29 anför
986 779 137 30 därvid:

159 845 279 30 Vidkommande
459 843 155 30 härefter
635 842 218 29 motionerna
875 842 28 28 I:
920 840 62 30 379
1004 839 64 29 och
1089 839 45 29 II:
1152 838 61 30 465
1234 837 60 29 vill
1313 835 305 38 bankföreningen

117 890 108 28 uttala
248 889 50 29 sin
324 887 243 30 oreserverade
591 885 204 38 anslutning
818 884 52 29 till
894 883 279 29 motionärernas
1197 880 102 33 åsikt,
1323 881 50 27 att
1399 880 67 28 den
1491 878 126 29 ekono-

116 932 113 29 miska
247 931 169 40 politiken
434 930 63 29 bör
515 930 177 37 omläggas
711 927 80 29 från
810 928 50 28 att
879 926 119 29 arbeta
1017 924 78 30 med
1115 923 189 39 dirigering
1321 922 64 29 och
1406 920 211 40 regleringar

115 976 52 29 till
184 977 49 27 att
250 974 149 29 inriktas
417 972 44 40 på
480 973 109 29 större
608 970 186 39 smidighet
812 969 79 30 med
907 968 106 29 bland
1031 968 109 28 annat
1156 965 106 39 rörlig
1280 966 110 32 ränta,
1411 962 207 30 marknads-

116 1017 129 39 mässig
274 1015 233 41 prisbildning
538 1015 91 28 samt
657 1012 200 39 främjande
887 1020 41 20 av
958 1010 172 39 sparande
1159 1008 65 29 och
1253 1006 191 40 produktiv
1471 1005 147 29 investe-

116 1059 330 40 ringsverksamhet.
478 1056 309 38 Bankföreningen
817 1054 95 29 delar
943 1053 106 29 också
1079 1051 279 30 motionärernas
1390 1047 228 40 uppfattning

115 1111 58 22 om
193 1101 114 31 vådan
330 1110 42 21 av
393 1102 51 28 att
467 1101 41 29 de
531 1099 172 40 åtgärder,
728 1106 76 21 som
827 1096 125 30 hittills
975 1094 164 40 vidtagits
1163 1093 10 29 i
1198 1090 357 40 stabiliseringssyfte,
1581 1088 38 30 så

112 1145 149 39 ensidigt
283 1144 85 39 tagit
390 1144 89 29 sikte
502 1143 45 39 på
568 1141 246 39 näringslivets
837 1137 263 39 investeringar.
1125 1138 12 28 I
1161 1136 114 29 stället
1298 1135 54 28 för
1375 1135 50 27 att
1446 1132 172 39 begränsa

117 1189 100 29 dessa
234 1188 63 29 bör
316 1196 92 24 man,
430 1185 116 29 såsom
566 1184 108 29 redan
692 1184 143 38 antytts,
856 1182 86 29 söka
959 1180 127 30 bereda
1104 1179 79 29 dem
1203 1176 221 39 erforderligt
1443 1177 176 37 utrymme

118 1239 122 31 genom
267 1232 50 28 att
343 1229 106 30 verka
476 1228 54 30 för
558 1226 91 31 ökad
676 1224 295 42 kapitalbildning
997 1223 65 29 och
1089 1221 106 30 friare
1222 1219 143 40 tillgång
1392 1218 52 29 till
1471 1216 149 40 kapital-

117 1273 217 29 marknaden
359 1272 53 29 för
436 1270 164 30 ändamål
625 1278 74 21 som
724 1270 38 28 är
785 1267 170 38 naturligt
978 1264 170 31 räntabla.
1175 1265 13 28 I
1213 1262 109 30 likhet
1346 1261 77 29 med
1449 1259 171 31 motionä-

117 1325 102 20 rerna
241 1324 102 20 anser
365 1313 313 38 bankföreningen,
702 1313 50 29 att
775 1311 242 38 uppmuntran
1039 1317 42 20 av
1104 1306 158 39 frivilligt
1288 1303 171 41 sparande
1483 1301 137 39 avgjort

118 1359 37 28 är
174 1360 50 28 ati
243 1358 185 38 föredraga
447 1355 150 30 framför
617 1354 132 39 statligt
769 1350 310 41 tvångssparande.
1100 1350 59 29 Ett
1179 1348 125 30 sådant
1325 1348 38 28 är
1384 1345 107 39 enligt
1511 1343 109 30 bank-

118 1401 223 38 föreningens
366 1399 141 38 mening
533 1398 137 29 förenat
696 1396 78 29 med
800 1395 119 29 alltför
945 1393 127 38 många
1096 1391 222 39 olägenheter
1343 1388 55 30 för
1423 1389 50 28 att
1498 1387 122 28 kunna

117 1443 318 30 rekommenderas.

162 1508 410 41 Sparbanksföreningen
606 1506 102 30 anför
739 1504 222 31 beträffande
994 1503 206 39 sparandets
1232 1502 64 29 roll
1327 1501 10 29 i
1369 1500 251 31 samhällseko-

119 1561 139 29 nomien
281 1559 171 40 följande:

163 1621 48 28 De
232 1619 212 30 kommande
466 1618 83 30 åren
571 1617 110 30 måste
704 1619 94 27 stora
820 1613 345 40 investeringsbehov
1185 1613 42 39 på
1250 1612 92 29 olika
1364 1611 168 30 områden
1556 1611 66 29 till-

120 1663 152 38 godoses,
296 1671 56 21 om
373 1662 45 38 på
439 1661 118 38 längre
580 1660 69 29 sikt
672 1657 347 39 standardökningen
1040 1656 88 30 både
1149 1656 10 29 i
1182 1655 98 39 fråga
1303 1663 55 21 om
1381 1655 68 28 den
1472 1653 149 39 löpande

120 1704 272 30 konsumtionen
417 1703 65 29 och
508 1702 222 30 beträffande
757 1701 238 38 kapitalvaror
1022 1698 89 30 skall
1136 1698 122 29 kunna
1283 1697 174 30 fortsätta.
1485 1696 52 29 En
1563 1696 59 29 ök-

120 1747 82 39 ning
223 1756 41 20 av
285 1745 188 40 sparandet
493 1747 38 28 är
551 1744 120 30 därför
692 1743 208 39 nödvändig,
923 1752 55 20 om
1000 1743 48 27 ett
1069 1741 70 29 fast
1160 1739 260 41 penningvärde
1442 1738 180 38 samtidigt

120 1790 90 29 skall
233 1790 119 28 kunna
377 1787 269 40 upprätthållas.
670 1787 123 28 Denna
818 1783 306 41 sparandeökning
1148 1784 37 28 är
1208 1782 20 30 å
1251 1782 109 29 andra
1384 1781 101 29 sidan
1510 1780 113 29 starkt

120 1831 169 30 beroende
314 1841 41 19 av
379 1833 50 27 att
452 1830 276 39 penningvärdet
752 1828 109 29 hålles
885 1827 128 29 stabilt.

166 1873 247 38 Otvivelaktigt
435 1872 168 29 förhåller
626 1871 56 29 det
706 1871 50 38 sig
779 1870 38 29 så
840 1879 74 20 som
937 1870 205 28 framhålles
1164 1870 10 28 i
1198 1869 228 34 motionerna,
1450 1871 50 27 att
1524 1870 100 28 moti-

122 1926 63 20 ven
206 1916 54 29 för
279 1925 42 19 en
340 1916 55 28 del
416 1915 72 37 slag
509 1924 42 19 av
572 1913 172 39 sparande
765 1922 41 19 av
827 1912 94 29 olika
942 1911 231 39 anledningar
1193 1912 45 28 ha
1259 1911 195 38 försvagats
1476 1911 148 39 jämfört

123 1960 77 28 med
228 1959 82 28 förr.
339 1958 74 28 Den
440 1957 106 38 högre
574 1955 361 30 levnadsstandarden
962 1954 64 28 och
1056 1954 68 28 den
1152 1953 214 31 förhättrade
1397 1954 128 28 sociala
1553 1962 70 20 om-

120 2001 200 30 vårdnaden
338 2000 96 29 torde
452 1999 43 29 ha
517 1998 202 29 medverkat
736 1997 130 29 härtill.
900 1996 9 29 Å
929 1996 109 29 andra
1058 1996 100 29 sidan
1177 1996 43 29 ha
1240 2005 67 29 nya
1327 1995 193 39 sparmotiv
1538 2004 86 30 upp-

123 2043 147 29 kommit
296 2042 82 29 eller
404 2041 87 29 förts
518 2041 95 28 inom
639 2040 167 29 räckhåll.
832 2039 48 29 De
906 2038 155 31 samlade
1087 2038 151 30 motiven
1266 2038 53 29 för
1345 2038 56 30 det
1426 2038 199 39 personliga

123 2085 186 39 sparandet
334 2084 121 29 kunna
479 2083 120 30 därför
623 2092 81 19 vara
729 2082 108 28 minst
862 2082 71 28 lika
957 2081 120 29 starka
1102 2090 46 19 nu
1174 2090 73 20 som
1273 2080 83 29 förr.
1382 2080 117 39 Enligt
1526 2080 98 40 Spar-

122 2127 339 37 banksföreningens
481 2126 141 36 mening
642 2125 61 28 har
723 2134 80 19 man
823 2124 88 28 dock
931 2123 188 38 anledning
1138 2122 134 40 påpeka
1292 2124 48 27 att
1360 2122 66 29 den
1446 2123 179 28 allmänna

122 2169 228 29 ekonomiska
371 2168 170 39 politiken
561 2168 64 29 och
646 2166 288 39 skattepolitiken
952 2165 187 29 innefattat
1160 2165 64 28 och
1246 2165 191 28 innefattar
1458 2166 166 31 moment,

123 2212 132 37 ägnade
279 2213 47 27 att
356 2211 141 29 hämma
522 2219 43 20 en
590 2208 324 30 tillfredsställande
939 2207 199 38 utveckling
1163 2216 40 19 av
1229 2207 197 39 sparandet.

168 2295 138 29 Verkan
333 2304 40 19 av
399 2294 136 29 direkta
561 2292 161 39 åtgärder
750 2293 52 28 för
830 2293 241 38 uppmuntran
1097 2300 42 19 av
1165 2291 186 38 sparandet
1380 2290 145 30 förfelas
1553 2291 72 32 lätt,

123 2347 56 19 om
200 2338 75 28 icke
298 2336 287 38 skattepolitiken
606 2335 64 28 och
692 2335 66 28 den
780 2334 177 29 allmänna
979 2332 230 30 ekonomiska
1230 2332 168 39 politiken
1421 2332 128 38 skapar
1570 2331 56 29 det

125 2379 218 37 nödvändiga
366 2378 214 38 underlaget.
605 2376 292 39 Skattepolitiken
921 2375 109 29 måste
1054 2375 50 29 till
1129 2375 52 28 sin
1205 2375 177 28 allmänna
1407 2373 219 38 utformning

124 2431 80 19 vara
229 2421 119 33 sådan,
372 2423 48 27 alt
445 2420 66 29 den
536 2420 200 28 stimulerar
760 2419 49 28 till
835 2419 82 28 ökat
941 2418 172 38 sparande
1136 2417 63 28 och
1224 2416 109 30 ökade
1358 2416 267 29 arbetsinsatser

124 2464 62 28 och
216 2464 73 28 icke
317 2464 158 28 tvärtom.
504 2463 47 28 De
577 2461 241 40 psykologiskt
846 2460 150 38 menliga
1022 2459 258 38 verkningarna
1307 2468 41 19 av
1376 2457 251 30 inkomstskat-
