1870 2780
268 128 36 29 10
613 133 315 35 Bankoutskottets
952 141 178 33 utlåtande
1153 154 42 20 nr
1217 147 41 29 22
1280 147 40 30 år
1343 149 84 29 1937

267 211 59 30 der
346 213 248 41 divergerande
617 219 266 41 uppfattningar
906 232 56 21 om
984 224 156 32 effekten
1160 237 43 22 av
1222 230 93 30 olika
1337 231 162 40 åtgärder
1520 237 64 28 och
1606 247 57 20 om
1686 240 79 29 rim-

267 262 151 39 ligheten
446 274 41 22 av
513 266 41 30 de
581 267 231 41 ingripanden
839 273 66 28 och
933 274 191 32 kostnader
1152 287 75 21 som
1256 281 101 30 dessa
1385 283 216 33 förutsätter.
1631 288 135 31 Omfat-

266 313 103 30 tande
396 316 228 40 utredningar
651 320 39 29 är
718 320 9 29 i
755 321 89 40 gång
870 323 45 39 på
942 324 147 32 berörda
1116 329 177 35 områden,
1321 333 119 31 varför
1468 335 41 30 de
1537 338 228 41 utredningar

265 372 74 21 som
357 367 256 32 motionärerna
633 370 160 32 förordar
812 375 105 37 enligt
936 376 235 41 fullmäktiges
1190 383 138 38 mening
1348 385 61 29 bör
1430 387 99 30 anstå
1549 388 70 30 tills
1640 390 127 32 vidare.

308 413 63 30 Vid
398 415 238 42 fullmäktiges
661 422 163 37 yttrande
850 424 38 29 är
913 425 96 39 fogat
1035 429 47 28 ett
1107 430 332 44 protokollsutdrag,
1466 445 106 21 varav
1597 434 166 49 framgår,

262 465 49 28 att
330 464 82 30 herr
432 467 162 41 Kollberg
614 476 192 27 reserverat
826 474 51 39 sig
898 478 73 27 mot
992 476 239 43 fullmäktiges
1252 491 89 20 ovan
1362 484 180 40 återgivna
1562 488 114 31 beslut
1698 492 65 28 och

262 514 126 35 anfört,
412 519 50 29 att
484 518 220 42 fullmäktige
727 523 106 39 enligt
855 525 89 30 hans
968 528 140 39 mening
1129 529 78 31 bort
1228 532 176 40 tillstyrka
1427 538 50 27 att
1500 538 40 28 de
1564 538 197 42 föreslagna

261 565 275 41 utredningarna
559 570 139 31 komme
721 573 53 29 till
797 574 112 32 stånd.

303 615 117 41 Enligt
440 619 368 43 kommerskollegium
829 625 62 30 bör
912 627 305 43 undersökningar
1238 642 56 20 om
1316 635 228 40 möjligheten
1565 641 50 27 att
1635 648 124 31 genom

259 666 174 31 särskilda
462 670 160 38 åtgärder
650 673 68 29 öka
747 676 188 37 sparandet
965 679 187 40 lämpligen
1181 682 121 31 kunna
1332 686 100 38 göras
1462 687 94 30 inom
1590 690 81 31 1955
1702 691 56 30 års

258 716 453 46 stabiliseringsutredning.

301 767 49 29 Av
373 769 120 39 övriga
518 772 301 34 remissinstanser
843 776 64 31 har
929 779 357 44 Industriförbundet,
1311 786 319 42 Bankföreningen,
1655 791 102 39 Spar-

256 816 329 44 banksföreningen,
603 824 381 43 Försäkringbolagens
1003 830 229 40 riksförbund
1251 835 64 28 och
1334 836 422 45 Arbetsgivareförening-

254 875 41 21 en
322 868 171 41 tillstyrkt
520 873 237 32 motionernas
785 876 229 34 förevarande
1042 881 139 41 förslag,
1210 885 125 29 medan
1362 887 394 42 Lantbruksförbundet

252 918 65 29 och
339 919 279 40 Riksförbundet
640 924 274 42 Landsbygdens
937 930 77 39 folk
1038 933 155 39 uttryckt
1218 935 220 32 tveksamhet
1464 947 56 20 om
1545 940 210 32 effektivite-

253 969 57 28 ten
329 978 43 21 av
391 971 41 29 de
454 972 197 40 föreslagna
672 975 218 40 åtgärderna.

294 1069 348 42 Industriförbundet
667 1076 205 32 framhåller
898 1080 149 31 sålunda
1072 1084 283 33 önskvärdheten
1381 1097 42 20 av
1449 1091 50 28 att
1526 1091 228 41 kontantspa-

252 1121 122 29 randet
400 1126 234 36 uppmuntras
662 1126 10 29 i
699 1128 90 30 ökad
818 1131 255 41 utsträckning,
1102 1136 178 40 samtidigt
1308 1147 76 20 som
1411 1139 58 30 det
1497 1141 38 29 är
1562 1139 191 49 angeläget,

249 1171 50 28 att
321 1171 66 29 den
410 1173 228 41 erforderliga
660 1178 269 32 adminstrativa
951 1182 199 32 kontrollen
1172 1187 210 40 nedbringas
1407 1189 38 30 så
1468 1190 95 40 långt
1588 1193 60 29 ske
1670 1193 81 30 kan.

248 1220 63 30 Det
334 1223 99 29 torde
454 1224 75 30 icke
550 1234 82 21 vara
652 1228 139 40 möjligt
811 1232 50 27 att
882 1233 86 28 utan
989 1242 43 20 en
1053 1236 160 30 närmare
1235 1238 264 42 undersökning
1520 1251 42 20 av
1583 1243 93 30 olika
1698 1245 52 29 till

246 1270 88 31 buds
356 1273 144 31 stående
520 1275 185 32 alternativ
726 1280 120 30 anvisa
866 1281 95 30 vilka
981 1283 131 31 former
1131 1295 76 20 som
1226 1287 123 31 härvid
1372 1289 61 30 bör
1453 1291 142 31 komma
1618 1294 50 29 till
1690 1304 60 20 an-

246 1322 188 41 vändning.

290 1373 72 31 Vad
385 1384 101 21 avser
508 1378 236 33 motionernas
767 1383 130 41 förslag
919 1395 57 20 om
1000 1388 268 44 skatltelindring
1292 1394 54 29 för
1369 1397 293 32 extrainkomster
1686 1411 62 20 un-

244 1423 201 40 derstryker
465 1427 197 37 förbundet,
684 1433 51 28 att
756 1434 313 39 marginalskatten
1090 1441 110 29 under
1222 1451 120 22 senare
1364 1445 38 30 år
1423 1446 9 29 i
1454 1448 61 29 allt
1536 1449 105 40 högre
1662 1454 84 36 grad

242 1471 148 32 kommit
413 1477 51 28 att
488 1479 121 37 utgöra
632 1481 49 28 ett
704 1481 124 31 hinder
851 1484 55 29 för
929 1495 43 20 en
995 1487 91 30 ökad
1109 1489 228 34 arbetsinsats
1361 1494 79 31 från
1468 1498 93 30 stora
1584 1500 96 30 delar
1704 1512 42 20 av

242 1521 260 43 befolkningen.
522 1528 63 29 Det
604 1529 196 33 framförda
820 1534 166 41 förslaget
1004 1537 62 30 bör
1084 1539 121 31 därför
1223 1543 173 41 allvarligt
1414 1546 155 32 beaktas.
1590 1551 156 30 Förbun-

241 1572 56 30 det
318 1574 225 40 ifrågasätter
562 1581 203 36 emellertid,
789 1593 56 20 om
866 1594 43 20 en
932 1587 324 37 tillfredsställande
1277 1594 138 41 lösning
1436 1597 70 30 kan
1529 1599 141 32 komma
1691 1603 52 30 till

241 1623 101 31 stånd
370 1626 45 39 på
440 1628 67 29 den
533 1630 164 31 anvisade
722 1634 110 38 vägen
858 1636 64 29 och
948 1638 59 29 vill
1033 1639 10 29 i
1070 1641 114 30 stället
1211 1643 141 32 förorda
1378 1656 42 20 en
1447 1652 295 39 genomgripande

240 1674 148 32 revision
413 1686 43 22 av
480 1679 291 34 skatteskalorna.

281 1725 117 40 Enligt
423 1728 308 44 Bankföreningen
759 1736 38 28 är
823 1736 177 41 förslagen
1026 1749 56 20 om
1110 1744 211 40 premiering
1347 1756 42 21 av
1416 1752 172 36 sparande
1616 1761 124 31 genom

237 1774 292 35 skattelättnader
548 1782 53 29 väl
621 1783 108 31 värda
750 1787 49 27 att
820 1788 162 32 närmare
1002 1786 197 50 övervägas.

279 1826 411 46 Sparbanksföreningen
719 1835 102 30 anför
850 1837 167 33 liknande
1046 1844 218 38 synpunkter
1290 1847 65 29 och
1384 1848 204 34 framhåller
1616 1854 122 31 därvid

236 1875 171 40 följande:

279 1939 142 41 Förslag
444 1951 58 20 om
525 1944 160 39 åtgärder
708 1948 54 29 för
785 1959 41 19 en
849 1951 133 42 ökning
1005 1963 42 20 av
1069 1956 56 30 det
1150 1957 164 41 frivilliga
1338 1965 188 35 sparandet
1550 1966 116 30 såsom
1689 1970 48 28 ett

236 1982 109 29 medel
373 1986 74 28 mot
474 1986 163 31 inflation
664 1989 114 31 bruka
805 1993 73 29 ofta
906 1996 113 30 mötas
1050 2006 41 20 av
1117 1999 67 29 den
1213 2001 272 43 invändningen,
1514 2009 49 28 att
1591 2010 41 30 de
1661 2011 75 29 icke

233 2023 120 32 kunna
373 2026 36 30 få
429 2037 43 20 en
493 2028 37 30 så
550 2030 108 30 snabb
679 2033 65 29 och
763 2035 219 34 omfattande
1002 2039 121 35 effekt,
1144 2051 75 21 som
1239 2044 56 30 det
1316 2046 154 32 aktuella
1490 2049 90 40 läget
1600 2052 135 31 kräver.

234 2066 76 30 Men
333 2068 68 30 den
422 2071 232 32 ekonomiska
676 2075 170 39 politiken
870 2079 111 30 måste
1004 2082 105 30 också
1133 2084 158 32 bedrivas
1314 2088 45 39 på
1383 2089 81 40 lång
1486 2091 80 41 sikt,
1590 2095 65 28 och
1678 2096 55 29 det

232 2109 38 28 är
290 2119 45 20 nu
354 2112 44 36 på
416 2113 94 30 tiden
529 2117 47 27 att
594 2125 94 21 mera
707 2119 158 38 allsidiga
883 2121 159 38 åtgärder
1060 2126 51 29 till
1132 2126 194 39 främjande
1346 2140 41 21 av
1408 2135 183 34 sparandet
1611 2138 123 30 snabbt

231 2154 230 35 genomföres.
486 2156 59 29 Att
568 2157 121 32 därvid
713 2160 170 40 åtgärder,
908 2174 76 20 som
1008 2167 92 38 syfta
1127 2169 50 29 till
1200 2180 43 20 en
1267 2173 132 40 ökning
1422 2184 43 20 av
1488 2177 57 30 det
1569 2178 164 41 frivilliga

230 2196 197 37 sparandet,
447 2198 10 28 i
476 2198 110 30 första
603 2200 95 31 hand
716 2202 83 31 böra
817 2206 125 38 prövas
962 2209 38 28 är
1019 2210 106 39 enligt
1144 2212 428 45 Sparbanksföreningens
1592 2223 141 38 mening

229 2238 205 37 uppenbart.
457 2241 12 28 I
491 2242 218 32 motionerna
728 2245 202 33 hemställes
951 2259 56 20 om
1029 2253 303 42 undersökningar
1353 2258 222 35 beträffande
1596 2264 137 39 möjlig-

227 2278 144 31 heterna
392 2283 52 28 att
465 2285 204 36 genomföra
690 2287 131 31 sådana
843 2290 163 40 åtgärder
1026 2294 55 30 för
1104 2295 200 41 främjande
1325 2309 42 20 av
1386 2301 60 31 det
1468 2302 164 42 frivilliga
1655 2316 76 30 spa-

228 2322 131 33 randet,
386 2333 77 20 som
488 2326 74 30 icke
588 2329 107 29 redan
722 2331 59 29 äro
808 2332 202 42 tillräckligt
1036 2338 147 30 utredda
1208 2340 55 29 för
1287 2343 50 28 att
1364 2343 121 31 kunna
1510 2345 46 31 bli
1583 2348 146 31 föremål

226 2363 54 29 för
304 2364 114 31 beslut
441 2368 58 29 vid
523 2368 91 31 årets
638 2371 153 41 riksdag,
816 2378 91 27 samt
931 2378 150 32 rörande
1106 2381 268 40 möjligheterna
1399 2386 51 29 till
1476 2388 254 42 lagstiftnings-

224 2405 161 39 åtgärder
406 2409 56 30 för
485 2412 49 28 att
555 2413 199 32 underlätta
776 2416 217 33 tillkomsten
1015 2430 42 21 av
1078 2423 328 41 aktiesparklubbar
1428 2431 62 28 etc.
1514 2432 215 39 Sparbanks-

224 2447 206 42 föreningen
451 2452 70 30 kan
541 2454 190 33 instämma
751 2458 10 29 i
782 2459 114 31 denna
917 2461 210 33 hemställan
1149 2467 64 28 och
1234 2468 57 29 vill
1314 2469 188 33 framhålla
1524 2475 204 39 angelägen-
