2222 2632
435 188 17 28 2
875 182 264 33 Statsutskottets
1160 179 175 33 Memorial
1356 179 64 32 N:o
1442 180 50 30 59.

527 322 74 37 För
639 321 160 48 frågans
840 318 212 50 afgörande
1083 331 143 36 genom
1254 328 224 38 gemensam
1506 313 189 48 votering,
1723 311 59 38 får
1809 313 189 36 utskottet

396 373 142 37 föreslå
564 371 170 50 följande
761 368 455 51 voteringsproposition:

548 473 118 46 »Den,
710 485 94 33 som,
832 471 11 36 i
870 471 122 36 likhet
1018 469 87 37 med
1132 469 138 36 Första
1297 466 245 46 Kammaren,
1570 464 78 48 vill,
1678 468 56 33 att
1761 462 236 49 Riksdagen,

397 525 87 37 med
523 524 108 36 bifall
670 523 59 36 till
769 522 142 49 Kungl.
954 520 128 49 Maj:ts
1109 519 12 36 i
1149 523 130 33 ämnet
1305 517 138 49 gjorda
1470 514 287 49 framställning
1784 518 99 32 samt
1912 513 88 36 med

399 575 127 48 afslag
562 578 20 33 å
618 575 89 36 herr
733 573 248 49 Ljunggrens
1008 571 12 36 i
1049 583 145 24 samma
1223 575 110 31 ämne
1360 567 138 37 väckta
1525 567 157 46 motion,
1710 567 51 47 på
1788 569 107 32 extra
1923 568 78 32 stat

397 627 59 36 för
497 630 39 32 år
571 627 96 35 1905
698 624 153 37 anvisar
877 623 58 37 till
962 619 374 51 handelsstipendier
1364 623 55 32 ett
1445 617 141 49 belopp
1615 617 42 36 af
1682 616 137 47 20,000
1846 615 155 46 kronor,

396 683 125 31 röstar

1166 722 66 46 Ja;

532 828 95 46 Den,
657 827 65 37 det
749 827 35 48 ej
812 826 76 45 vill,
918 831 124 31 röstar

1157 924 90 48 Nej;

537 1030 143 36 Vinner
718 1029 86 49 Nej,
843 1028 68 36 har
943 1026 233 48 Riksdagen,
1205 1025 12 36 i
1244 1024 121 36 likhet
1392 1022 87 37 med
1507 1021 131 37 Andra
1661 1020 254 38 Kammarens
1944 1018 66 37 be-

402 1082 87 46 slut,
517 1081 11 35 i
557 1080 209 48 anledning
795 1079 41 37 af
865 1077 142 50 Kungl.
1036 1077 127 48 Maj:ts
1185 1075 9 36 i
1208 1080 129 32 ämnet
1351 1073 136 50 gjorda
1503 1070 287 49 framställning
1807 1075 99 31 samt
1920 1069 89 36 med

401 1133 109 37 bifall
543 1131 56 37 till
628 1131 89 37 herr
744 1130 247 49 Ljunggrens
1018 1128 11 36 i
1057 1140 147 24 samma
1233 1131 110 32 ämne
1372 1124 138 37 väckta
1537 1121 155 47 motion,
1721 1125 49 45 på
1798 1125 107 32 extra
1933 1125 77 31 stat

401 1185 59 36 för
493 1187 40 33 år
562 1183 95 36 1905
687 1182 150 36 anvisat
864 1180 56 37 till
948 1176 375 51 handelsstipendier
1351 1180 54 32 ett
1432 1174 140 49 belopp
1602 1173 41 37 af
1668 1173 137 47 30,000
1832 1171 174 36 kronor.»

537 1283 222 39 Stockholm
789 1282 74 37 den
890 1283 22 35 8
941 1279 97 50 april
1067 1280 107 36 1904.

913 1382 55 38 På
995 1380 307 38 statsutskottets
1330 1383 166 44 vägnar:

1037 1481 145 39 HUGO
1213 1481 158 37 TAMM.

808 2251 182 35 Stockholm,
1014 2250 36 29 K.
1073 2250 32 29 B.
1128 2249 154 29 Boströms
1297 2247 201 39 Boktryckeri,
1517 2247 89 29 1904.
