1891 2832
250 187 39 30 10
531 188 404 40 Bevillningsutskottets
953 190 219 31 betänkande
1187 201 44 20 nr
1246 193 42 29 40
1305 192 39 30 år
1362 193 83 30 1969

243 269 128 40 ningen
395 278 169 32 anpassas
588 271 53 29 till
665 271 66 30 den
757 272 127 30 sänkta
907 272 355 40 myndighetsåldern.
1288 274 102 30 Detta
1414 275 130 40 förslag
1569 276 63 29 har
1656 275 72 30 inte

243 324 89 29 mött
349 324 108 40 några
474 323 257 42 invändningar
749 327 111 29 under
877 327 382 41 remissbehandlingen
1277 329 65 30 och
1359 329 146 30 innebär
1523 330 39 30 så
1579 330 51 30 till
1648 330 80 30 vida

243 387 42 20 en
308 379 250 30 skattelättnad
580 389 74 21 som
676 382 49 28 att
747 381 294 31 hemmavarande
1062 383 88 29 barn
1171 383 146 40 tidigare
1338 384 45 29 än
1405 393 74 21 som
1501 394 48 20 nu
1572 385 38 29 är
1631 385 97 30 fallet

241 432 68 29 blir
337 432 252 41 självständiga
619 434 257 40 skattesubjekt
905 435 58 30 vid
993 435 540 43 förmögenhetsbeskattningen.
1563 439 79 30 Med
1672 439 56 29 det

242 487 150 29 anförda
407 487 193 40 tillstyrker
618 489 169 30 utskottet
806 489 67 30 den
890 490 11 29 i
920 490 261 40 propositionen
1200 500 42 21 nr
1260 492 39 30 25
1319 491 197 41 föreslagna
1535 493 192 40 ändringen

243 550 43 20 av
301 540 19 30 8
340 540 15 37 8
374 541 49 30 SF
440 542 64 29 och
522 543 180 39 avstyrker
721 543 132 31 således
870 544 98 30 bifall
987 545 50 29 till
1055 546 179 30 motionen
1251 546 45 30 II:
1315 546 81 30 1068
1414 547 11 29 i
1443 547 114 30 denna
1574 548 63 29 del.

286 631 65 30 Det
368 632 11 29 i
396 632 262 40 propositionen
675 642 41 21 nr
734 634 41 30 92
794 634 195 40 framlagda
1008 634 164 41 förslaget
1191 637 52 29 till
1263 637 147 40 ändring
1429 647 41 21 av
1490 638 38 30 12
1549 637 15 37 8
1586 638 14 29 1
1621 647 104 21 mom.

241 685 49 30 SF
318 685 146 30 innebär
493 686 166 40 följande.
690 688 98 30 Skatt
818 688 54 30 för
901 688 250 40 förmögenhet,
1182 699 75 21 som
1286 691 119 30 tillhör
1433 691 293 31 hemmavarande

241 739 87 30 barn
345 740 111 30 under
474 740 40 30 20
532 741 47 35 år,
599 741 88 30 skall
704 760 43 3 —
762 742 10 30 i
790 743 56 29 det
865 743 61 29 fall
943 744 140 30 barnets
1100 744 53 30 till
1173 745 116 40 statlig
1305 745 251 30 inkomstskatt
1574 746 153 30 beskatt-

240 794 188 39 ningsbara
454 794 155 31 inkomst
638 796 134 39 uppgår
801 797 50 29 till
880 797 81 29 eller
990 798 186 39 överstiger
1208 799 59 30 100
1296 800 52 29 kr.
1376 818 44 3 —
1446 800 173 30 beräknas
1647 801 79 29 med

240 848 137 38 hänsyn
398 849 52 28 till
472 848 238 31 föräldrarnas
732 851 65 28 och
817 851 141 30 barnets
981 853 262 38 sammanlagda
1265 852 241 40 förmögenhet
1528 855 64 28 och
1613 855 113 29 förde-

238 900 52 30 las
314 901 87 29 efter
425 901 235 31 förhållandet
685 903 127 30 mellan
837 904 41 30 de
904 904 261 40 skattepliktiga
1190 905 337 40 förmögenheterna.
1553 907 74 30 Den
1653 908 72 29 s.k.

239 955 305 40 30-gångerregeln
567 957 87 29 skall
678 957 121 30 därvid
820 958 177 40 tillämpas
1020 959 78 30 med
1120 960 194 30 beaktande
1337 970 42 20 av
1400 961 239 31 föräldrarnas
1661 962 65 30 och

238 1009 143 29 barnets
403 1010 263 39 sammanlagda
690 1012 262 30 nettoinkomst.
976 1012 177 40 Förslaget
1179 1014 110 39 syftar
1314 1015 10 28 i
1348 1014 110 30 första
1482 1016 95 29 hand
1599 1016 53 29 till
1676 1018 48 27 att

241 1062 184 31 förhindra
461 1064 234 30 omotiverade
734 1065 289 31 skattelättnader
1060 1074 124 32 genom
1222 1067 503 43 förmögenhetsöverföringar

237 1117 53 29 till
312 1117 98 30 barn.

282 1171 217 30 Motionären
522 1173 11 28 i
556 1173 178 29 motionen
759 1174 27 29 I:
806 1174 82 30 1026
912 1183 101 21 anser
1037 1177 50 28 att
1111 1175 165 40 förslaget
1299 1177 11 28 i
1334 1177 260 40 propositionen
1618 1187 41 21 nr
1683 1178 41 30 92

236 1225 62 29 bör
316 1225 114 30 avslås
448 1226 11 29 i
477 1227 173 29 avvaktan
669 1227 43 39 på
730 1228 181 29 resultatet
930 1238 41 20 av
989 1229 504 41 kapitalskatteberedningens
1512 1232 125 30 arbete.
1657 1232 67 30 Om

237 1278 95 30 detta
352 1280 157 38 yrkande
530 1280 70 30 inte
622 1281 69 29 kan
713 1281 139 30 bifallas
874 1283 106 39 yrkar
1002 1283 218 30 motionären
1242 1284 10 29 i
1275 1285 111 29 andra
1406 1285 94 30 hand
1524 1287 49 28 att
1595 1286 129 29 ålders-

236 1333 149 38 gränsen
413 1333 54 29 för
495 1335 234 39 samtaxering
756 1345 43 20 av
825 1335 191 31 föräldrars
1043 1338 64 28 och
1134 1338 105 29 barns
1268 1338 241 39 förmögenhet
1538 1340 106 30 sänks
1671 1340 52 29 till

239 1386 38 29 16
302 1386 47 29 år.
374 1387 66 29 Till
466 1388 76 28 stöd
566 1388 120 29 härför
712 1389 167 39 åberopar
903 1390 70 29 han
997 1392 50 28 att
1071 1400 83 20 man
1178 1392 78 29 med
1281 1401 42 20 en
1348 1392 109 30 sådan
1481 1393 104 39 gräns
1609 1394 114 29 åstad-

236 1440 157 29 kommer
426 1441 112 30 bättre
572 1442 347 31 överensstämmelse
952 1444 79 29 med
1065 1444 56 30 det
1155 1445 276 40 arbetsrättsliga
1463 1447 259 39 regelsystemet

234 1493 65 29 och
321 1494 79 29 med
421 1494 408 41 barnbidragssystemet.
853 1497 13 29 I
889 1498 178 29 motionen
1089 1499 45 29 II:
1153 1498 82 30 1180
1258 1500 181 30 hemställs
1462 1502 49 28 att
1535 1500 187 31 föräldrar-

235 1556 65 20 nas
320 1548 64 28 och
405 1548 141 30 barnets
569 1549 241 39 förmögenhet
831 1551 71 29 inte
926 1552 88 28 skall
1037 1554 223 33 samtaxeras,
1284 1562 56 21 om
1362 1554 141 30 barnets
1526 1555 195 39 förmögen-

234 1601 57 29 het
316 1601 70 30 inte
411 1602 187 39 överstiger
623 1602 40 30 30
679 1603 61 30 000
766 1604 51 29 kr.

277 1655 208 30 Nuvarande
511 1656 150 40 ordning
686 1659 49 28 att
762 1658 293 31 hemmavarande
1082 1660 202 39 underårigt
1310 1662 105 29 barns
1443 1662 240 39 förmögenhet
1710 1663 11 29 i

234 1708 93 29 vissa
350 1708 60 30 fall
436 1710 88 28 skall
548 1710 178 30 beskattas
750 1712 63 29 hos
838 1712 222 31 föräldrarna
1082 1714 65 29 och
1170 1715 10 28 i
1205 1714 109 30 andra
1339 1715 61 30 fall
1424 1716 63 29 hos
1511 1716 122 30 barnet
1657 1717 63 29 har

233 1762 61 29 lett
316 1762 52 29 till
391 1763 219 39 ojämnheter
632 1765 10 28 i
664 1765 278 40 beskattningen,
967 1776 74 20 som
1062 1767 72 30 inte
1157 1769 37 28 är
1217 1768 222 30 försvarbara
1461 1769 80 30 från
1563 1770 157 30 rättvise-

233 1817 190 38 synpunkt.
451 1817 317 31 Bestämmelserna
794 1820 98 29 torde
920 1821 46 29 ha
993 1822 189 38 utnyttjats
1211 1822 150 30 framför
1389 1824 61 29 allt
1478 1833 43 20 av
1549 1825 101 38 ägare
1679 1834 41 20 av

234 1871 109 28 större
363 1870 279 40 förmögenheter
662 1873 9 28 i
692 1873 89 38 syfte
800 1876 49 27 att
869 1875 83 29 ernå
972 1875 299 31 skattelätlnader.
1290 1877 176 29 Utskottet
1485 1878 95 29 delar
1600 1878 121 39 depar-

233 1924 296 30 tementschefens
548 1926 226 40 uppfattning
794 1929 49 28 att
864 1928 55 29 det
940 1929 37 29 är
998 1929 179 39 angeläget
1197 1932 50 27 att
1268 1938 123 31 genom
1411 1931 219 32 omedelbara
1651 1932 69 40 lag-

232 1976 343 41 stiftningsåtgärder
614 1979 180 31 förhindra
833 1983 49 27 alt
920 1982 310 31 bestämmelserna
1268 1993 56 20 om
1363 1984 356 40 förmögenhetsskatt

231 2032 164 39 kringgås
426 2041 123 31 genom
581 2034 500 42 förmögenhetsöverföringar
1111 2037 52 29 till
1195 2038 96 30 barn.
1324 2039 77 29 Med
1432 2039 138 40 hänsyn
1600 2040 118 29 härtill

231 2087 70 28 kan
323 2088 169 29 utskottet
514 2088 70 29 inte
605 2089 138 29 biträda
763 2089 66 30 den
851 2090 10 29 i
883 2090 177 30 motionen
1083 2092 28 29 I:
1130 2091 82 30 1026
1233 2092 278 39 tillkännagivna
1533 2094 186 39 meningen

231 2141 50 28 att
298 2140 177 30 reformen
492 2141 62 30 bör
573 2142 100 29 anstå
690 2143 53 28 till
762 2143 78 30 dess
859 2143 486 41 kapitalskatteberedningen
1364 2146 142 30 slutfört
1526 2147 58 29 sitt
1603 2148 114 29 utred-

230 2193 274 41 ningsuppdrag,
526 2195 106 30 vilket
653 2196 173 30 beräknas
849 2197 60 30 ske
931 2197 87 30 först
1041 2198 38 29 år
1103 2198 93 30 1970.

276 2256 173 30 Utskottet
470 2257 70 29 kan
560 2257 71 30 inte
652 2259 107 28 heller
779 2259 137 30 biträda
937 2260 399 40 andrahandsyrkandet
1357 2262 11 29 i
1388 2263 178 30 motionen
1587 2264 28 28 I:
1634 2264 81 29 1026

230 2318 57 20 om
306 2310 176 40 sänkning
499 2320 42 20 av
559 2311 264 39 åldersgränsen
843 2313 53 29 för
917 2314 234 40 samtaxering
1170 2325 42 19 av
1229 2315 192 31 föräldrars
1441 2317 65 29 och
1523 2317 106 30 barns
1648 2317 68 30 för-

229 2363 186 40 mögenhet
435 2364 53 29 till
514 2365 38 30 16
576 2365 47 30 år.

273 2426 63 29 Det
363 2427 11 28 i
401 2427 261 39 propositionen
689 2438 41 20 nr
755 2429 43 30 92
826 2429 195 40 framlagda
1049 2430 164 40 förslaget
1242 2432 47 34 är,
1319 2432 102 30 såvitt
1449 2434 169 29 utskottet
1646 2434 70 29 kan

228 2480 155 34 bedöma,
413 2481 103 38 ägnat
545 2483 49 27 att
621 2482 45 39 på
693 2484 49 27 ett
771 2483 322 31 tillfredsställande
1122 2486 67 28 sätt
1217 2485 200 40 undanröja
1445 2487 41 29 de
1515 2488 200 29 nuvarande

227 2534 268 39 olägenheterna
523 2535 58 29 vid
608 2535 267 40 beskattningen
905 2547 42 20 av
973 2537 295 31 hemmavarande
1297 2540 188 39 omyndiga
1512 2541 105 29 barns
1647 2541 68 29 för-
