1910 2838
562 148 294 32 Statsutskottets
879 146 187 33 utlåtande
1090 147 53 32 Nr
1164 148 51 29 71.
1576 145 18 31 5

135 227 178 35 åtgärder.
360 226 204 32 Orsakerna
589 236 108 27 synas
723 226 183 36 nämligen
931 227 11 30 i
967 227 72 30 stor
1066 225 252 36 utsträckning
1343 225 101 36 ligga
1471 225 53 31 uti
1551 224 85 31 tids-

134 270 254 36 strömningar,
414 280 74 21 som
512 271 84 35 taga
621 270 55 36 sig
701 270 145 36 uttryck
872 270 11 30 i
908 269 214 36 tilltagande
1145 268 245 36 materialism,
1414 269 150 35 längtan
1588 268 49 30 ef-

135 315 54 30 ter
212 315 132 30 största
368 313 149 37 möjliga
541 313 265 36 bekvämlighet
829 314 65 30 och
916 313 139 31 mindre
1080 313 127 30 känsla
1233 322 44 21 av
1302 322 132 21 ansvar
1459 313 73 29 mot
1555 311 81 31 tidi-

135 366 86 28 gare
247 358 63 30 och
338 357 305 31 efterkommande
669 356 259 37 generationer.
975 357 75 30 Den
1076 356 95 36 flykt
1196 356 83 30 från
1306 355 247 36 landsbygden
1580 354 57 31 till

135 401 255 37 storstäderna,
414 411 74 21 som
510 401 189 30 oavbrutet
721 401 123 36 pågår,
866 400 148 36 medför,
1037 401 53 30 att
1115 400 65 30 allt
1205 400 112 30 större
1342 398 125 31 skaror
1491 398 147 35 bringas

135 444 39 32 in
199 445 11 30 i
236 446 100 30 dessa
360 445 259 36 tankegångar,
645 444 187 36 samtidigt
858 454 74 21 som
958 452 124 27 genom
1108 444 66 30 den
1198 443 129 31 nutida
1353 442 187 31 teknikens
1565 441 74 31 alla

135 488 227 37 möjligheter
384 488 450 36 storstadsbefolkningens
856 487 182 31 tänkesätt
1061 487 64 31 och
1146 486 243 36 åskådningar
1412 486 96 31 föras
1531 486 40 30 ut
1592 486 47 35 på

135 532 258 36 landsbygden.
436 531 164 32 Känslan
623 533 55 29 för
700 531 192 36 familjeliv
914 534 40 28 är
976 530 11 31 i
1009 531 203 35 avtagande
1232 530 65 30 och
1315 530 43 32 de
1378 529 155 37 positiva
1553 529 85 31 and-

136 576 74 36 liga
234 576 149 37 krafter,
407 586 75 21 som
506 578 61 29 äro
590 576 235 35 verksamma,
849 575 126 36 kyrka,
1000 574 108 35 skola,
1136 573 413 36 folkbildningsrörelser
1574 572 64 32 och

135 619 130 32 ideella
288 619 339 36 ungdomsrörelser,
651 619 46 31 ha
722 620 99 30 svårt
846 620 54 29 att
926 618 111 36 bjuda
1060 617 214 36 tillräckligt
1297 617 191 31 motstånd.
1535 617 104 30 Emot

135 664 103 31 dessa
265 663 279 32 tidsföreteelser
570 663 128 30 kräves
724 663 11 30 i
761 663 115 29 första
901 662 96 31 hand
1022 671 43 21 en
1091 661 171 30 moralisk
1289 663 189 29 renässans
1506 660 63 31 och
1595 670 44 21 en

137 706 245 37 mobilisering
408 717 45 20 av
478 706 187 31 nationens
689 706 147 36 andliga
860 705 181 31 livskraft.

177 750 83 31 Men
295 750 213 31 framhållas
544 750 91 30 skall
669 750 114 35 också,
807 750 54 30 att
887 750 132 34 många
1043 748 114 31 andra
1184 748 144 31 orsaker
1353 747 122 32 finnas
1500 747 56 31 till
1579 748 60 31 det

138 794 184 32 minskade
362 794 138 31 antalet
539 793 278 32 barnafödelser.
867 793 52 30 De
957 793 94 35 gång
1080 792 91 30 efter
1200 801 121 21 annan
1349 791 290 31 återkommande

137 838 228 31 ekonomiska
388 837 164 31 kriserna
574 838 79 30 med
676 836 330 31 massarbetslöshet
1028 836 64 30 och
1114 836 69 30 nöd
1207 835 54 30 för
1285 836 96 30 stora
1406 835 233 36 folkgrupper

138 882 13 31 i
173 882 63 31 sitt
259 882 141 36 släptåg
423 882 47 30 ha
491 881 61 31 hos
572 882 133 34 många
725 880 128 36 skapat
876 890 43 20 en
940 879 128 31 känsla
1090 889 46 20 av
1156 879 201 35 otrygghet,
1378 878 122 31 vilken
1523 879 116 30 åstad-

137 926 168 35 kommer,
331 927 53 29 att
409 926 42 31 de
475 925 33 36 ej
534 934 83 21 anse
641 925 55 36 sig
722 924 123 30 kunna
871 925 57 29 stå
954 923 56 31 till
1036 933 102 21 svars
1163 923 79 31 med
1267 923 54 30 att
1345 923 96 29 sätta
1468 923 88 30 barn
1582 921 58 31 till

137 969 160 37 världen,
316 972 67 28 när
404 968 196 32 framtiden
620 968 12 30 i
651 967 222 31 ekonomiskt
891 967 200 31 hänseende
1113 966 122 37 tyckes
1255 966 79 31 dem
1354 967 39 29 så
1412 966 110 30 mörk.
1543 966 96 31 Sam-

138 1013 131 31 bandet
305 1013 133 30 mellan
475 1011 370 32 levnadsstandarden
884 1011 64 30 och
987 1009 310 32 födelsesiffrorna
1324 1012 39 28 är
1392 1009 157 30 omstritt
1576 1009 64 31 och

138 1056 155 36 osäkert;
314 1057 54 30 att
389 1056 88 31 dock
498 1055 151 31 känslan
670 1065 45 20 av
736 1054 206 31 ekonomisk
962 1053 170 36 trygghet
1151 1054 92 30 samt
1263 1052 376 36 försörjningsproble-

138 1102 72 29 met
232 1099 310 37 överhuvudtaget
563 1099 47 31 ha
633 1109 43 20 en
699 1098 151 32 oerhörd
872 1097 179 36 betydelse
1075 1097 72 30 kan
1170 1097 179 35 knappast
1374 1096 186 31 betvivlas.

159 1186 38 41 "I
216 1195 180 31 motionen
418 1195 32 31 I:
466 1195 58 31 230
544 1194 66 31 har
632 1194 223 31 härutinnan
876 1193 140 31 anförts
1038 1192 109 32 bland
1170 1193 111 30 annat
1304 1191 174 37 följande:

179 1247 68 31 Det
270 1247 185 31 förefaller
478 1246 182 32 sannolikt
682 1247 53 29 att
759 1246 154 31 känslan
938 1256 46 20 av
1008 1244 187 31 osäkerhet
1219 1247 11 30 i
1255 1243 386 37 utkomstmöjligheter

138 1291 97 32 varit
258 1301 42 21 en
323 1290 222 37 bidragande
572 1290 119 31 faktor
717 1290 55 31 till
797 1291 54 29 att
875 1290 131 35 många
1031 1288 180 31 föräldrar
1236 1288 79 31 sökt
1338 1288 175 35 begränsa
1537 1287 103 31 barn-

139 1335 146 32 antalet.
330 1335 84 31 Men
440 1335 45 31 då
509 1333 303 32 fruktsamhetens
836 1333 165 36 nedgång
1026 1333 147 30 fortsatt
1196 1331 112 31 under
1332 1341 74 21 mer
1431 1333 46 29 än
1503 1332 61 30 två
1587 1332 54 29 år-

139 1379 146 31 tionden
315 1380 90 29 trots
438 1378 154 36 tidigare
623 1377 12 31 i
667 1378 89 30 stort
787 1378 69 29 sett
886 1385 237 28 gynnsamma
1152 1374 488 37 konjunkturförhållanden,

140 1423 99 31 torde
267 1422 320 32 huvudorsakerna
614 1431 89 21 vara
730 1422 54 30 att
814 1420 86 31 söka
928 1421 46 35 på
1002 1420 114 31 andra
1146 1419 178 31 områden.
1374 1418 267 35 Barnbegräns-

139 1466 134 36 ningen
295 1466 99 31 torde
415 1466 37 30 få
472 1475 53 21 ses
544 1474 74 22 som
640 1474 43 21 en
704 1464 78 31 sida
802 1474 45 20 av
869 1464 68 31 den
957 1463 182 30 allmänna
1160 1462 141 36 mycket
1320 1461 228 36 djupgående
1572 1461 68 30 för-

140 1510 155 36 ändring
326 1519 74 21 som
426 1507 262 33 sambhällslivet
714 1507 196 36 undergått
939 1505 73 33 dels
1041 1508 12 31 i
1082 1505 223 31 ekonomiskt
1334 1505 64 31 och
1427 1504 126 31 socialt
1582 1514 59 20 av-

139 1554 136 36 seende,
293 1552 76 32 dels
387 1552 77 32 icke
482 1552 139 31 mindre
639 1551 12 30 i
672 1551 105 35 fråga
794 1560 57 21 om
871 1549 204 32 individens
1095 1548 214 37 inställning
1327 1548 58 30 till
1403 1548 155 35 tidigare
1579 1547 62 31 all-

139 1598 101 30 mänt
263 1596 199 32 fasthållna
483 1594 195 32 moraliska
700 1595 63 30 och
787 1593 171 37 religiösa
978 1593 146 31 värden.

181 1692 19 31 I
220 1691 247 32 ovanberörda
486 1690 174 32 motioner
681 1690 94 31 hava
796 1689 57 31 till
873 1689 249 36 övervägande
1143 1688 187 32 framförts
1352 1687 185 37 åtskilliga
1558 1697 85 27 upp-

142 1744 77 37 slag
243 1744 56 31 till
323 1744 171 37 åtgärder
518 1743 56 36 för
597 1742 254 32 motverkande
874 1752 44 21 av
941 1741 443 36 nativitetsminskningen
1407 1740 12 30 i
1443 1741 83 30 vårt
1548 1739 95 32 land.

183 1797 18 31 I
228 1796 180 31 motionen
434 1795 65 31 I:1
525 1795 66 31 har
619 1796 12 31 i
657 1794 129 31 sådant
811 1793 209 36 hänseende,
1047 1793 157 31 förutom
1231 1792 98 32 vissa
1356 1791 288 36 skattepolitiska

142 1848 179 36 åtgärder,
344 1847 205 36 föreslagits
569 1846 110 33 bland
700 1847 112 30 annat
835 1845 173 36 följande:

181 1900 19 31 I
222 1900 94 36 syfte
339 1901 55 29 att
416 1898 178 36 befrämja
616 1908 43 21 en
682 1897 325 36 familjevårdande
1030 1896 240 36 socialpolitik
1295 1896 245 36 ifrågasättas,
1564 1895 80 30 med

138 1943 273 36 utgångspunkt
440 1943 81 30 från
551 1942 41 30 de
619 1950 96 27 unga
743 1941 261 35 äktenskapens
1032 1939 179 36 betydelse
1239 1939 12 30 i
1281 1938 366 36 befolkningsproble-

140 1989 81 33 met,
239 1986 108 31 bland
364 1987 112 29 annat
495 1985 158 35 följande
671 1985 183 35 åtgärder:

183 2030 76 30 Den
279 2029 132 31 sociala
431 2028 266 31 omvårdnaden
717 2038 55 20 om
792 2027 195 31 mödrarna
1007 2027 107 30 borde
1132 2026 138 36 vidgas.
1309 2026 77 30 Den
1405 2025 111 31 redan
1537 2026 107 30 fram-

143 2073 175 31 trädande
338 2073 194 31 tendensen
553 2071 56 31 till
632 2082 43 20 en
696 2070 246 37 förskjutning
963 2081 45 20 av
1028 2070 275 36 sjukkassornas
1326 2068 318 32 medlemsklientel

141 2118 38 30 åt
205 2116 258 31 medelklassen
491 2116 56 30 till
575 2115 106 31 borde
709 2114 334 36 uppmärksammas
1071 2114 63 30 och
1162 2113 145 36 stödjas.
1355 2113 68 31 Det
1451 2113 106 31 borde
1585 2122 63 21 un-

142 2161 178 34 dersökas,
347 2159 182 31 huruvida
554 2159 76 30 icke
656 2168 42 22 en
724 2158 155 35 ändring
904 2158 11 29 i
940 2157 354 35 bidragsgrunderna
1320 2156 55 30 för
1403 2156 242 35 moderskaps-

143 2203 101 37 hjälp
267 2204 117 30 kunde
407 2202 167 32 befordra
595 2212 43 20 en
661 2201 223 31 allmännare
908 2200 210 35 anslutning
1141 2200 82 30 från
1245 2199 221 31 kvinnornas
1487 2199 77 31 sida
1589 2198 56 31 till

144 2247 259 36 sjukkassorna
430 2247 91 29 samt
549 2245 189 31 huruledes
767 2245 103 30 dessa
898 2244 122 30 kassor
1049 2244 118 30 kunde
1196 2244 113 30 sättas
1336 2242 11 30 i
1375 2243 105 31 stånd
1510 2244 53 28 att
1591 2243 54 30 be-

143 2290 106 31 driva
274 2300 43 20 en
345 2289 124 31 härtill
496 2289 166 35 syftande
687 2288 152 30 effektiv
865 2286 251 37 upplysnings-
1143 2286 63 30 och
1233 2285 412 36 propagandaverksam-

144 2333 69 31 het.
259 2331 189 33 Önskemål
475 2332 134 30 uttalas
635 2341 55 21 om
715 2340 42 21 en
782 2329 151 36 höjning
958 2340 44 20 av
1030 2330 58 30 det
1114 2328 148 35 statliga
1286 2328 359 35 moderskapsunder-

145 2377 115 30 stödet
284 2376 54 30 till
364 2375 198 30 hustrurna
585 2375 12 30 i
622 2373 160 31 hemmen
806 2374 93 29 samt
921 2382 56 20 om
1002 2372 198 31 beredande
1226 2381 44 20 av
1295 2371 189 35 möjlighet
1508 2373 54 28 att
1584 2371 63 31 vid

144 2418 225 38 prövningen
394 2429 45 20 av
465 2418 148 31 behovet
638 2427 44 20 av
707 2417 128 30 sådant
860 2415 193 31 understöd
1079 2416 84 34 taga
1190 2415 113 29 större
1328 2414 142 36 hänsyn
1494 2414 56 30 till
1578 2415 68 29 för-

146 2462 216 32 hållandena
383 2462 11 30 i
412 2462 44 31 de
475 2460 238 32 individuella
732 2458 120 37 fallen,
874 2457 215 36 exempelvis
1112 2457 229 31 föräldrarna
1363 2457 97 30 förut
1480 2457 166 31 åvilande
