1886 2780
263 133 18 29 4
579 136 389 30 Jordbruksutskottets
991 138 178 29 utlåtande
1191 148 41 20 nr
1253 140 39 28 12
1313 140 39 29 år
1376 141 81 28 1957

266 223 85 29 dens
376 220 217 41 försörjning
615 222 78 30 med
719 221 166 31 elektrisk
908 223 104 30 kraft.
1038 223 121 30 Såsom
1183 223 144 40 tidigare
1354 225 212 30 framhållits
1590 226 102 30 råder
1715 227 55 30 be-

266 264 152 39 tydande
436 263 331 31 missförhållanden
786 264 143 31 särskilt
945 265 92 30 inom
1056 268 68 28 den
1142 267 54 29 del
1213 276 42 21 av
1272 267 405 41 elkraftförsörjningen,
1696 278 72 21 som

266 306 168 29 omfattar
453 306 268 31 distributionen
740 316 41 21 av
799 307 168 30 elektrisk
984 308 96 29 kraft
1097 309 45 39 på
1160 309 249 39 landsbygden.

311 348 106 39 Utgår
437 358 79 19 man
539 349 78 30 från
638 351 50 28 att
708 350 93 29 tiden
820 350 55 29 för
898 360 43 20 en
960 351 207 39 fullständig
1187 351 243 41 förstärkning
1449 353 62 29 och
1533 354 236 39 upprustning

266 400 41 20 av
327 392 41 29 de
391 391 186 30 elektriska
599 391 299 40 anläggningarna
919 394 132 39 uppgår
1072 394 53 29 till
1149 394 40 29 20
1211 394 47 37 år,
1282 395 113 30 skulle
1418 395 11 28 i
1452 395 151 39 enlighet
1624 396 144 30 härmed

266 434 111 28 under
397 434 40 29 de
458 434 76 39 fyra
553 434 48 34 år,
624 443 74 21 som
720 435 152 29 förflutit
894 436 105 29 sedan
1020 436 37 30 år
1081 436 94 35 1953,
1196 437 163 39 omkring
1379 446 42 20 en
1443 438 162 30 femtedel
1629 448 42 21 av
1692 439 77 30 sist-

265 476 155 29 nämnda
441 476 365 40 upprustningsbehov
825 478 45 28 ha
894 478 214 39 genomförts
1130 479 56 30 vid
1208 480 39 29 de
1270 480 111 30 större
1404 480 217 40 bärkraftiga
1643 481 125 31 företa-

265 526 73 31 gen.
368 518 36 29 F.
433 528 32 20 n.
494 518 110 30 skulle
633 520 146 29 sålunda
806 520 145 31 kvarstå
977 521 293 40 arbetsuppgifter
1298 523 246 29 motsvarande
1573 524 102 38 drygt
1705 524 62 30 300

264 560 165 39 miljoner
452 561 137 35 kronor,
613 563 127 29 räknat
761 563 10 28 i
793 563 167 39 prisläget
982 563 10 29 i
1014 563 126 39 början
1164 574 41 21 av
1230 564 194 30 1950-talet.
1448 564 129 31 Härvid
1601 567 39 29 är
1663 567 105 39 enligt

264 602 189 40 kollegium
474 605 49 28 att
543 605 134 33 märka,
698 606 49 28 att
767 615 41 19 en
828 605 172 40 väsentlig
1019 606 229 40 prisstegring
1267 608 57 38 ägt
1342 617 81 20 rum
1447 608 109 29 under
1578 617 120 22 senare
1719 610 48 29 år.

264 645 111 38 Tager
396 655 81 20 man
498 646 136 40 hänsyn
656 647 51 29 till
728 649 50 28 att
798 648 44 29 bl.
865 657 29 21 a.
916 648 206 40 prisökning
1143 649 157 40 uppstått
1322 651 65 28 och
1410 650 218 31 fortfarande
1650 652 116 39 pågår,

263 687 66 29 blir
349 689 67 28 den
434 688 152 40 verkliga
604 690 194 29 kostnaden
816 690 185 39 väsentligt
1019 692 116 37 högre.
1156 692 12 28 I
1187 692 151 39 enlighet
1356 693 145 30 härmed
1521 693 112 29 skulle
1653 693 114 30 sålun-

264 731 42 28 da
323 732 57 28 det
400 732 199 29 nuvarande
617 732 282 39 kapitalbehovet
916 743 42 20 av
974 734 110 29 medel
1104 734 54 29 för
1176 743 41 20 en
1235 735 85 29 total
1339 735 237 39 upprustning
1592 745 43 21 av
1652 735 114 31 lands-

262 772 382 39 bygdsdistributionen
670 775 118 29 kunna
814 775 207 40 uppskattas
1047 775 53 30 till
1125 776 172 30 375—400
1323 778 164 38 miljoner
1512 779 141 29 kronor.
1679 779 87 28 Den-

263 824 44 20 na
329 815 103 30 siffra
455 817 311 29 överensstämmer
789 818 132 38 ganska
943 819 53 29 väl
1018 820 78 28 med
1119 820 41 29 de
1181 819 235 39 beräkningar
1438 821 42 39 på
1502 821 168 34 området,
1693 830 72 20 som

264 857 141 39 nyligen
424 859 197 29 verkställts
641 861 45 38 på
705 862 107 27 annat
831 861 83 29 håll.

306 900 66 30 Vid
398 901 214 39 granskning
637 912 42 19 av
703 903 147 38 angivna
876 903 158 39 kalkyler
1059 904 63 28 bör
1147 904 191 31 emellertid
1365 904 107 39 enligt
1496 905 190 39 kollegium
1712 906 54 29 be-

263 943 109 33 aktas,
395 945 50 27 att
464 953 80 20 man
564 944 76 30 icke
663 945 69 29 kan
752 946 81 38 utgå
853 945 81 30 från
954 947 49 29 att
1023 946 220 39 erforderligt
1263 947 186 30 underhåll
1472 948 62 29 och
1556 947 210 40 förbättring

262 986 69 28 kan
360 986 60 28 ske
448 986 193 39 likformigt
669 988 56 29 vid
753 987 161 39 samtliga
942 988 260 39 anläggningar.
1230 989 48 30 De
1306 991 91 28 mest
1425 989 148 30 lönande
1601 990 164 30 distribu-

262 1028 273 39 tionsföretagen
560 1029 65 29 har
650 1039 42 20 av
717 1030 173 39 naturliga
919 1031 73 28 skäl
1019 1032 40 28 de
1085 1031 100 30 bästa
1211 1032 340 38 förutsättningarna
1580 1033 55 29 för
1663 1033 101 38 själv-

262 1069 240 40 finansiering.
525 1072 169 38 Vanligen
714 1072 78 29 sker
811 1072 96 30 inom
927 1073 134 39 företag
1079 1083 42 20 av
1141 1075 113 28 denna
1275 1075 157 38 kategori
1452 1074 252 40 kontinuerligt
1723 1084 41 21 en

262 1113 217 29 omfattande
498 1114 244 39 upprustning.
763 1115 181 39 Därjämte
963 1116 108 30 måste
1090 1116 154 35 beaktas,
1264 1118 49 28 att
1332 1117 58 30 vid
1410 1117 235 40 upprustning
1665 1127 41 20 av
1725 1118 40 29 de

261 1164 41 20 av
327 1157 113 28 staten
465 1156 10 28 i
501 1164 84 31 egen
609 1157 71 38 regi
707 1158 186 38 övertagna
918 1157 425 41 distributionsföretagen
1372 1161 79 28 sker
1476 1159 10 29 i
1511 1160 92 37 regel
1629 1169 42 20 en
1697 1160 67 29 för-

261 1197 155 39 bättring
438 1208 40 20 av
499 1199 264 39 anläggningen.
784 1200 166 29 Däremot
972 1201 82 29 ökas
1075 1201 161 38 vanligen
1257 1203 79 29 med
1360 1202 83 29 åren
1465 1201 299 40 bristfälligheter-

262 1249 42 20 na
332 1240 58 29 vid
418 1241 134 29 mindre
580 1242 64 29 och
673 1242 208 29 medelstora
908 1242 30 39 ej
969 1243 216 38 bärkraftiga
1214 1243 391 40 distributionsföretag.
1635 1245 65 29 Det
1727 1247 37 27 är

262 1283 147 29 sålunda
428 1282 57 31 vid
505 1283 131 30 sådana
658 1283 141 39 företag,
822 1293 75 21 som
918 1285 105 38 enligt
1043 1285 189 38 kollegium
1253 1287 40 28 de
1315 1286 140 39 statliga
1477 1287 286 39 stödåtgärderna

261 1324 10 28 i
288 1324 113 29 första
417 1324 93 29 hand
527 1324 61 30 bör
607 1326 109 28 sättas
732 1326 46 28 in.

304 1367 176 30 Eftersom
509 1368 391 39 strömförbrukningen
927 1368 93 30 inom
1049 1370 40 29 de
1118 1369 92 30 olika
1237 1370 180 39 företagen
1445 1371 128 40 hastigt
1600 1377 104 25 växer
1737 1372 26 33 (i

260 1410 346 40 detaljförbrukning
626 1411 10 28 i
659 1411 211 39 genomsnitt
891 1412 78 29 med
990 1421 38 20 ca
1052 1412 38 29 10
1118 1413 31 33 Z
1175 1421 59 31 per
1257 1412 69 36 år),
1350 1413 55 30 får
1426 1423 82 21 man
1531 1413 106 40 enligt
1659 1415 103 29 kolle-

260 1452 93 39 gium
377 1453 177 29 dessutom
577 1455 79 37 taga
678 1454 136 38 hänsyn
837 1454 52 28 till
914 1455 56 29 två
993 1454 172 32 särskilda
1188 1455 256 31 förhållanden.
1468 1457 63 29 Det
1555 1465 65 22 ena
1643 1458 47 34 är,
1714 1459 49 28 att

260 1495 439 40 räntabilitetsunderlaget
720 1496 56 31 vid
797 1496 97 39 dylik
918 1496 130 40 ökning
1069 1497 189 30 successivt
1281 1498 200 36 förbättras,
1504 1508 56 21 om
1586 1499 176 40 företagen

259 1537 69 29 kan
346 1537 118 29 skaffa
480 1538 39 29 de
535 1538 144 39 kapital,
698 1548 72 20 som
787 1538 176 30 erfordras
980 1539 53 30 för
1049 1541 50 28 att
1115 1540 36 29 få
1168 1540 299 40 anläggningarna
1483 1541 10 28 i
1511 1542 126 29 sådant
1654 1543 107 32 skick,

259 1581 49 29 att
330 1580 355 30 strömleveranserna
707 1581 68 29 kan
797 1581 168 39 fullgöras
987 1582 42 39 på
1052 1584 49 28 ett
1121 1582 325 32 tillfredsställande
1468 1585 76 28 sätt.
1567 1584 66 30 Det
1653 1585 109 30 andra

259 1623 37 28 är
322 1624 61 34 att,
408 1623 62 29 där
494 1622 204 40 erforderlig
723 1623 235 40 upprustning
981 1624 75 30 icke
1081 1625 71 29 kan
1178 1625 183 39 företagas,
1387 1627 145 39 uppstår
1557 1636 43 20 en
1625 1627 136 30 överbe-

259 1663 155 39 lastning
440 1673 41 20 av
505 1664 277 39 ledningsnäten,
810 1675 76 19 som
912 1666 134 29 medför
1072 1669 51 27 att
1150 1668 108 28 ström
1283 1668 30 39 ej
1344 1668 70 28 kan
1442 1669 284 30 tillhandahållas
1753 1670 8 28 i

259 1706 161 39 nöjaktig
441 1707 212 39 omfattning
673 1707 64 29 och
759 1708 313 30 säkerhetskraven
1093 1709 77 29 icke
1191 1709 210 39 tillgodoses.

302 1750 94 29 Enär
420 1750 187 39 tillgången
631 1752 45 38 på
699 1751 165 30 elektrisk
890 1751 96 30 kraft
1009 1752 110 30 måste
1146 1761 99 22 anses
1269 1762 84 21 vara
1379 1762 43 21 en
1447 1754 249 40 angelägenhet
1720 1764 41 21 av

259 1793 128 29 största
408 1792 83 38 vikt,
513 1793 115 29 finner
650 1793 186 39 kollegium
859 1794 57 29 det
938 1794 220 40 synnerligen
1179 1795 268 40 betydelsefullt,
1470 1799 49 28 att
1541 1797 161 39 åtgärder
1724 1798 36 29 så

258 1837 96 28 snart
379 1844 74 20 som
475 1835 137 40 möjligt
632 1836 154 38 vidtages
809 1836 54 29 för
886 1837 50 29 att
958 1837 163 40 avhjälpa
1145 1839 40 29 de
1207 1838 236 39 föreliggande
1465 1839 183 30 bristerna.
1684 1840 76 30 Icke

258 1877 108 29 minst
390 1879 78 29 med
495 1878 136 39 hänsyn
657 1878 51 29 till
734 1880 49 28 att
808 1878 144 30 särskilt
977 1880 39 29 de
1041 1880 393 40 distributionsföretag,
1462 1891 73 20 som
1561 1883 38 29 är
1625 1881 135 31 mindre

257 1919 227 40 bärkraftiga,
505 1921 96 29 torde
622 1921 45 29 ha
688 1922 188 30 avsevärda
898 1921 210 40 svårigheter
1130 1924 49 27 att
1199 1924 84 28 utan
1304 1923 141 30 bistånd
1467 1924 34 30 få
1522 1924 52 29 till
1595 1925 102 29 stånd
1718 1934 41 20 en

257 1962 205 39 erforderlig
480 1962 209 41 förbättring
706 1973 41 20 av
766 1964 296 39 anläggningarna
1080 1965 62 29 bör
1161 1965 55 29 det
1234 1974 101 21 anses
1355 1966 221 40 synnerligen
1594 1967 164 40 påkallat,

257 2006 49 28 att
332 2006 114 28 staten
471 2005 206 31 medverkar
701 2006 55 30 vid
784 2007 290 40 upprustningen.
1102 2008 59 29 Att
1187 2009 121 30 märka
1335 2011 48 33 är,
1413 2011 49 28 att
1488 2011 189 39 kollegium
1703 2011 55 30 vid

256 2047 240 38 nyssnämnda
517 2048 159 39 kalkyler
697 2049 147 30 rörande
866 2050 236 30 kostnaderna
1125 2052 122 29 endast
1267 2051 87 40 tagit
1375 2053 137 39 hänsyn
1533 2054 53 28 till
1608 2055 41 29 de
1671 2053 88 31 före-

257 2089 159 38 liggande
444 2091 155 29 normala
627 2092 198 39 anspråken
853 2092 64 30 hos
944 2092 473 41 landsbygdsbefolkningen.
1447 2095 12 29 I
1487 2097 67 28 den
1583 2096 83 30 mån
1692 2106 67 29 nya

257 2133 287 29 strömkrävande
564 2133 121 39 objekt
705 2135 154 39 uppstår,
880 2136 124 29 kräves
1025 2136 199 39 ytterligare
1244 2137 134 40 kapital
1399 2139 54 29 för
1474 2139 199 39 utbyggnad
1695 2140 63 29 och

257 2174 242 40 förstärkning
518 2185 40 20 av
579 2176 309 40 anläggningarna.

301 2217 277 30 Statsmakterna
603 2219 64 29 har
693 2220 105 29 sedan
826 2220 80 39 lång
931 2219 49 31 tid
1005 2221 145 30 tillbaka
1176 2222 132 29 lämnat
1334 2222 223 31 ekonomiskt
1582 2223 140 31 bistånd
1748 2224 11 28 i

257 2258 90 30 form
373 2269 42 20 av
438 2261 70 28 dels
533 2261 67 33 lån,
625 2261 74 30 dels
724 2262 130 38 bidrag.
879 2263 49 29 De
954 2272 164 26 summor,
1144 2274 73 20 som
1241 2265 9 29 i
1276 2266 95 29 detta
1397 2266 255 41 sammanhang
1676 2268 82 30 stått

257 2300 49 28 till
328 2301 217 38 förfogande,
565 2302 65 29 har
649 2304 191 29 emellertid
859 2305 91 30 varit
971 2305 213 39 begränsade
1205 2307 49 29 till
1276 2308 301 39 nyanläggningar
1598 2310 65 29 och
1684 2311 75 28 där-

256 2343 53 29 för
336 2344 4 28 i
361 2345 185 30 huvudsak
566 2346 150 29 kommit
736 2347 345 41 nyelektrifieringen
1104 2349 52 29 till
1177 2351 96 38 godo.

299 2385 45 28 År
367 2386 84 29 1918
471 2387 191 30 inrättades
682 2389 66 29 den
768 2390 140 38 statliga
927 2390 211 30 lånefonden
1159 2392 54 28 för
1232 2392 321 39 landsbygdsnäten
1575 2395 110 29 under
1705 2395 54 29 be-

255 2428 213 39 nämningen
490 2430 481 40 kraftledningslånefonden.
993 2434 72 29 Lån
1087 2443 41 20 ur
1150 2435 113 29 denna
1284 2435 85 31 fond
1390 2437 64 29 har
1476 2437 105 29 sedan
1604 2438 78 29 dess
1703 2437 54 30 be-
