1898 2842
353 146 19 31 8
710 149 293 33 Statsutskottets
1027 150 189 33 utlåtande
1238 152 52 32 Nr
1318 152 73 30 144.

751 226 35 37 b)
818 228 217 37 bemyndiga
1066 230 135 36 Kungl.
1231 230 111 37 Maj:t
1372 230 102 32 såväl
1505 232 54 30 att
1591 232 148 33 utfärda
1771 233 40 31 de

712 281 165 30 närmare
906 280 236 37 föreskrifter,
1173 277 83 36 som
1277 282 55 31 för
1362 282 231 38 tillämpning
1623 294 46 21 av
1698 284 113 33 förbe-

711 332 106 31 rörda
834 331 184 33 allmänna
1037 333 156 36 grunder
1210 335 58 30 må
1287 334 166 32 befinnas
1471 335 246 38 erforderliga,
1736 346 75 22 som

335 378 42 22 is
460 376 2 2 ;
637 385 167 30 "även
833 385 55 31 att
920 384 13 31 i
964 384 242 38 huvudsaklig
1238 385 160 38 enlighet
1428 387 80 31 med
1537 388 73 31 vad
1640 398 49 22 nu
1720 389 90 31 före-

710 435 127 37 slagits
874 436 163 32 meddela
1077 440 166 28 närmare
1282 438 265 32 bestämmelser
1577 440 12 30 i
1620 440 105 37 fråga
1754 450 57 21 om

711 487 272 38 dyrtidstillägg
1011 490 38 30 åt
1074 489 97 32 vissa
1198 489 203 32 lärarinnor
1429 490 64 32 vid
1517 491 209 33 fackskolan
1755 493 55 31 för

710 539 119 37 huslig
857 539 164 32 ekonomi
1047 541 13 30 i
1086 541 161 36 Uppsala
1275 544 92 29 samt
1393 542 65 32 vid
1485 543 42 31 de
1555 544 113 31 under
1695 544 115 37 punkt

709 591 58 31 270
787 592 13 30 i
819 592 392 37 statsrådsprotokollet
1230 595 84 30 över
1335 594 386 33 ecklesiastikärenden
1743 597 68 31 den

708 643 19 30 4
745 643 146 37 januari
911 644 78 32 1932
1008 644 159 37 angivna
1187 646 253 31 läroanstalter
1459 647 57 31 för
1534 646 210 34 utbildande
1763 658 48 23 av

708 695 205 32 lärarinnor
936 696 12 31 i
971 696 234 37 handarbete;

747 745 32 38 ce)
802 747 57 34 till
880 748 228 32 bestridande
1127 759 47 22 av
1194 749 242 33 kostnaderna
1458 751 56 31 för
1537 751 271 37 dyrtidstillägg

708 800 37 33 åt
770 800 159 31 nämnda
955 800 258 37 lärargrupper
1240 801 128 33 anvisa
1394 802 57 32 för
1478 803 212 37 budgetåret
1716 803 92 36 1932/

707 851 78 32 1933
808 852 51 31 ett
884 854 104 31 extra
1011 852 284 39 förslagsanslag
1317 864 48 22 av
1388 854 178 38 19,400,000
1588 855 141 33 kronor.

318 970 17 26 ;:
346 953 205 43 Stockholm:
576 954 69 32 den
671 955 37 30 11
734 955 79 36 juni
840 955 89 32 1932.

781 1057 53 31 På
860 1058 285 32 statsutskottets
1171 1061 152 35 vägnar:

809 1161 34 32 8.
869 1161 45 32 H.
942 1142 352 53 KVARNZELIUS.

514 2473 110 21 321836.
662 2471 174 30 Stockholm,
858 2472 81 26 Isaac
961 2473 112 26 Marcus
1096 2455 379 58 Boktryckeri-Aktiebolag,
1500 2457 74 58 1932.
