2194 2630
709 171 251 32 Statsutskottets
983 169 162 32 utlåtande
1172 169 49 31 Nr
1247 169 71 30 139.
1745 165 12 29 1

923 503 57 39 Nr
1010 501 86 40 139.

821 658 111 27 Ankom
952 657 42 27 till
1014 656 167 35 riksdagens
1200 655 93 27 kansli
1313 655 53 26 den
1386 655 35 25 24
1441 654 53 35 maj
1517 653 64 27 1921
1604 653 36 26 kl.
1660 653 17 25 3
1696 662 22 16 e.
1740 662 34 16 m.

421 801 194 36 Utlåtande
643 801 13 34 i
684 800 198 44 anledning
916 811 43 23 av
987 797 138 46 Kungl.
1155 797 131 43 Maj:ts
1308 795 227 46 proposition
1563 795 78 34 med
1665 793 145 45 förslag

613 869 56 35 till
689 868 226 44 förordning
945 867 185 44 angående
1158 865 195 36 understöd
1381 875 44 23 av
1452 863 359 43 skatteutjämnings-

612 937 113 36 medel
753 937 36 34 åt
816 936 200 45 synnerligt
1042 934 250 45 skattetyngda
1324 932 325 35 landskommuner.

1480 999 74 47 (3:e
1583 998 99 49 avd.)

345 1111 64 37 Uti
438 1123 43 23 en
513 1110 57 36 till
597 1109 205 48 riksdagen
830 1107 162 46 avlåten,
1021 1106 73 36 den
1126 1106 45 35 18
1201 1116 100 24 mars
1334 1105 94 34 1921
1459 1100 240 49 dagtecknad
1728 1113 86 36 pro-

216 1163 166 49 position
423 1161 59 49 (nr
525 1161 99 48 202),
659 1160 128 37 vilken
815 1159 196 36 hänvisats
1040 1157 56 36 till
1124 1155 300 37 statsutskottets
1453 1152 272 38 förberedande
1753 1152 63 36 be-

217 1215 197 48 handling,
457 1213 68 37 har
567 1212 140 49 Kungl.
751 1211 121 48 Maj:t,
915 1209 118 36 under
1074 1208 238 48 åberopande
1353 1220 48 22 av
1443 1206 121 48 bilagt
1600 1204 139 48 utdrag
1768 1217 47 22 av

217 1265 413 50 atatsrådsprotokollet
671 1269 89 31 över
801 1261 290 38 finansärenden
1119 1260 58 36 för
1206 1272 145 24 samma
1379 1258 87 48 dag,
1496 1256 197 49 föreslagit
1719 1255 97 36 riks-

218 1318 123 49 dagen
369 1323 56 30 att

347 1370 75 36 dels
449 1374 139 42 antaga
616 1367 167 49 följande

904 1533 230 48 Förslag

994 1623 56 35 till

283 1713 214 41 förordning
520 1710 180 43 angående
724 1710 197 33 understöd
944 1719 41 22 av
1008 1704 460 45 skatteutjämningsmedel
1491 1705 39 31 åt
1552 1698 203 50 synnerligt

717 1761 256 41 skattetyngda
995 1760 329 33 landskommuner.

351 1862 233 49 Härigenom
613 1859 197 37 förordnas
838 1871 81 24 som
948 1857 127 48 följer:

980 1964 17 33 1
1019 1960 42 49 $.

353 2052 322 43 Landskommun,
717 2063 79 23 som
840 2054 41 31 är
922 2062 46 22 av
997 2048 103 36 skatt
1128 2044 214 51 synnerligt
1369 2042 206 49 betungad,
1604 2044 61 34 må
1692 2041 130 37 kunna

224 2105 119 36 under
383 2104 46 36 de
469 2103 137 36 villkor
644 2101 71 37 och
742 2101 12 36 i
782 2101 74 36 den
883 2099 275 47 utsträckning,
1188 2098 67 35 här
1283 2096 125 36 nedan
1437 2095 168 48 stadgas,
1633 2094 96 36 efter
1757 2106 64 23 an-

226 2156 167 48 sökning
433 2155 164 36 tilldelas
638 2152 205 38 understöd
886 2165 47 23 av
973 2151 140 36 sådana
1154 2149 135 46 medel,
1319 2161 82 23 som
1430 2146 244 37 omförmälas
1706 2145 13 35 i
1748 2146 21 35 3
1800 2144 21 49 $

226 2208 117 36 andra
370 2207 148 50 stycket
545 2206 12 36 i
584 2205 273 48 förordningen
886 2204 72 36 den
990 2204 44 35 19
1064 2200 204 38 november
1298 2201 97 35 1920
1423 2198 58 49 (nr
1511 2197 86 49 761)
1627 2210 58 24 om
1717 2196 106 37 kom-

227 2259 128 37 munal
383 2258 327 51 progressivskatt
737 2257 58 36 för
822 2259 89 33 åren
943 2255 268 36 1921—1924.

226 2320 128 41 Bihang
377 2319 48 32 till
448 2319 186 41 riksdagene
651 2317 157 42 protokoll
832 2317 96 31 1921.
975 2317 19 31 6
1017 2315 89 31 saml.
1153 2315 41 30 61
1218 2312 79 41 höft.
1343 2312 67 40 (Nr
1434 2310 197 39 139—140.)
1765 2309 14 31 1
