1892 2824
479 163 394 32 Jordbruksutskottets
905 161 183 31 utlåtande
1118 159 51 31 Nr
1197 159 50 28 65.
1535 155 40 31 25

113 244 156 36 tillhopa,
303 243 188 35 inbegripet
525 243 127 33 räntor,
689 240 95 35 2,150
821 239 135 34 kronor,
992 236 169 36 varjämte
1186 235 148 35 förelåge
1360 233 260 34 framställning

112 306 55 19 om
202 294 283 32 efterskänkande
520 304 41 20 av
599 292 40 30 30
676 293 135 35 procent
847 291 82 29 eller
962 289 95 35 2,400
1094 289 123 29 kronor
1251 298 44 19 av
1331 287 54 30 till
1410 286 55 30 det
1488 295 64 21 ena
1576 294 48 32 av

112 348 152 30 nämnda
288 348 131 34 företag
443 346 173 30 utlämnat
639 345 69 30 lån.

159 441 271 32 Ämbetsverken
464 442 114 29 erinra
612 440 129 33 vidare,
770 440 50 28 att
848 437 182 34 riksdagen
1056 437 10 29 i
1091 436 53 29 sin
1169 433 264 36 ifrågavarande
1456 432 167 31 skrivelse

114 486 150 30 anhållit
287 495 55 20 om
367 484 146 36 förnyad
537 483 188 34 utredning
750 480 174 37 angående
948 481 100 29 sättet
1072 480 54 29 för
1146 480 127 28 statens
1290 477 240 30 mellankomst
1546 475 76 30 med

115 529 164 30 avseende
314 530 20 28 å
370 528 38 30 de
444 527 170 34 förluster,
638 535 73 20 som
735 525 112 30 kunde
871 524 139 29 komma
1033 524 51 28 att
1107 522 94 29 åvila
1225 518 400 36 hushållningssällskap

116 573 43 35 på
194 571 111 37 grund
334 582 44 20 av
407 572 78 29 från
509 569 205 31 lånefonden
740 568 52 30 för
816 567 132 31 mindre
973 564 427 35 linberedningsanstalter
1423 561 201 32 utlämnade

116 616 57 30 lån
198 616 89 29 samt
310 625 54 20 om
389 613 261 36 framläggande
673 622 45 20 av
734 611 55 31 det
806 611 125 34 förslag
956 610 12 30 i
985 611 125 33 ämnet,
1127 608 119 30 vartill
1264 606 229 35 utredningen
1510 605 114 30 kunde

118 659 185 30 föranleda.
344 658 16 30 I
384 658 65 30 den
473 658 79 29 mån
578 656 125 31 förlust
728 654 104 31 redan
856 654 227 30 konstaterats
1108 652 53 29 för
1184 652 48 29 ett
1255 650 150 35 sällskap
1428 648 197 37 påkallades

116 703 127 30 således
267 703 30 35 ej
322 703 114 35 någon
460 700 145 37 förnyad
630 699 186 35 utredning
834 696 209 32 beträffande
1059 696 102 30 sättet
1178 695 52 30 för
1247 694 183 30 förlustens
1446 691 178 32 täckande.

117 747 122 35 Enligt
261 745 278 32 ämbetsverkens
554 745 39 29 år
610 743 85 31 1926
713 741 192 36 framlagda
924 740 129 35 förslag
1073 739 113 31 skulle
1206 738 55 31 det
1277 738 198 30 tillkomma
1491 735 133 36 Kungl.

117 790 101 35 Maj:t
242 791 51 30 att
317 791 42 34 på
384 788 258 34 framställning
665 786 129 35 bevilja
817 784 204 37 gottgörelse
1045 783 53 30 för
1122 782 97 36 dylik
1244 781 134 31 förlust.

160 833 77 31 Vad
269 833 147 30 därefter
450 832 150 36 anginge
635 829 246 36 huvudfrågan
915 828 83 30 eller
1032 827 102 30 sättet
1158 826 53 30 för
1233 827 127 28 statens
1383 823 245 31 mellankomst

118 876 213 31 beträffande
354 875 191 31 eventuella
569 873 167 32 framtida
760 873 161 30 förluster
945 871 54 30 för
1021 868 438 36 hushållningssällskapen
1482 867 43 35 på
1546 865 82 31 ifrå-

119 920 194 36 gavarande
348 919 204 31 lånerörelse
586 917 87 31 hade
708 927 44 20 av
787 916 65 30 den
886 915 108 36 enligt
1017 913 200 36 riksdagens
1241 912 152 30 direktiv
1417 904 211 47 verkställda

118 964 228 35 utredningen
380 961 250 35 framkommit,
666 961 51 30 att
751 959 70 31 alla
855 956 407 37 hushållningssällskap,
1297 957 45 34 på
1376 956 50 29 tre
1449 953 179 35 undantag

118 1010 75 33 när,
228 1017 72 21 som
335 1007 54 30 för
423 1005 217 31 närvarande
675 1013 80 21 vore
778 1001 281 32 låneförmedlare
1083 1000 54 31 för
1160 998 267 38 ifrågavarande
1450 998 69 34 lån,
1544 996 86 31 före-

119 1051 104 36 slagit
256 1050 249 36 nedskrivning
540 1048 78 31 med
653 1048 92 30 olika
779 1047 206 36 procentsats
1017 1054 44 21 av
1086 1043 359 35 linberedningslånen
1467 1041 83 30 eller
1573 1039 57 31 hel

118 1095 239 35 avskrivning.
403 1094 182 35 Härjämte
609 1092 86 30 hade
717 1092 48 29 ett
788 1090 150 36 sällskap
961 1089 121 36 begärt
1105 1087 327 35 räntenedsättning.

164 1154 272 33 Ämbetsverken
459 1154 90 31 hava
573 1154 114 35 utgått
710 1152 79 30 från
813 1153 50 29 att
886 1152 47 29 ett
955 1148 337 32 mellankommande
1316 1147 79 31 från
1411 1147 129 30 statens
1555 1144 76 31 sida

120 1207 228 32 motiverades
382 1217 45 21 av
455 1216 42 21 en
521 1205 156 32 bestämd
701 1204 224 35 särställning
949 1203 52 30 för
1025 1200 266 37 ifrågavarande
1315 1199 59 31 lån
1398 1199 12 30 i
1432 1197 199 37 jämförelse

121 1261 77 30 med
232 1260 108 31 andra
373 1270 45 20 av
452 1260 110 29 staten
586 1259 12 29 i
621 1259 69 29 stor
725 1256 240 34 utsträckning
1000 1254 108 31 under
1142 1252 167 31 kristiden
1340 1250 197 32 utlämnade
1561 1249 69 31 lån.

122 1312 123 36 Någon
272 1311 272 36 räntesänkning
567 1311 128 34 ansåge
718 1308 258 31 ämbetsverken
999 1316 43 21 av
1065 1305 218 37 principiella
1305 1304 76 30 skäl
1404 1303 31 36 ej
1457 1303 85 30 böra
1565 1302 67 30 för-

121 1365 94 31 orda.
261 1364 129 31 Vidare
424 1365 114 35 syntes
567 1363 57 30 det
652 1362 77 31 dem
752 1361 103 35 klart,
878 1361 51 30 att
952 1360 104 35 något
1080 1356 247 32 restituerande
1349 1366 45 20 av
1418 1355 105 31 redan
1545 1356 87 29 åter-

122 1417 105 31 betalt
262 1417 59 30 lån
348 1416 32 36 ej
404 1417 43 35 på
470 1416 68 30 sätt
561 1414 223 35 Kronobergs
808 1413 75 30 läns
907 1409 395 37 hushållningssällskap
1324 1409 181 35 ifrågasatt
1528 1407 104 31 borde

122 1470 138 30 komma
283 1469 13 30 i
319 1469 109 36 fråga.

166 1520 325 36 Kommerskollegii
514 1520 63 30 och
602 1517 363 37 lantbruksstyrelsens
988 1515 186 35 utredning
1196 1515 191 35 utmynnar
1410 1513 7 30 i
1439 1514 48 29 ett
1503 1512 129 36 förslag

123 1584 56 21 om
202 1573 259 36 framställning
485 1573 55 30 till
565 1572 184 36 riksdagen
773 1569 145 32 rörande
941 1566 275 38 bemyndigande
1240 1566 55 31 för
1319 1565 132 36 Kungl.
1468 1564 102 36 Maj:t
1581 1565 52 30 att

123 1627 86 31 efter
232 1626 171 37 prövning
427 1626 12 30 i
463 1625 96 36 varje
583 1624 142 31 särskilt
748 1623 63 31 fall
835 1622 30 36 ej
889 1620 134 32 mindre
1046 1619 161 36 medgiva
1227 1616 405 37 hushållningssällskap,

123 1689 73 21 som
231 1678 79 32 lidit
333 1678 123 30 förlust
478 1679 22 29 å
523 1686 121 27 genom
668 1676 185 35 sällskapet
876 1673 184 31 förmedlat
1083 1673 59 30 lån
1166 1672 78 30 från
1269 1670 135 35 fonden,
1428 1669 206 36 gottgörelse

124 1732 55 31 för
203 1731 168 31 förlusten
395 1729 76 32 med
495 1729 128 36 skäligt
647 1729 120 35 belopp
791 1730 44 28 än
859 1729 87 28 även
970 1725 129 36 bevilja
1122 1723 249 36 nedskrivning
1388 1732 44 20 av
1449 1721 115 37 dylikt
1576 1721 58 30 lån

125 1783 77 32 med
227 1783 92 31 intill
338 1783 39 30 50
394 1783 139 35 procent
548 1792 45 20 av
610 1781 56 31 det
682 1779 243 37 ursprungliga
938 1777 243 36 lånebeloppet.
1211 1775 80 31 Med
1307 1785 41 20 en
1366 1775 97 36 dylik
1475 1774 160 31 maximi-

126 1838 104 35 gräns
254 1836 54 30 för
330 1834 297 36 nedskrivningen
650 1833 110 31 skulle
784 1830 260 37 sammanlagda
1066 1829 156 36 beloppet
1243 1838 43 20 av
1307 1827 292 34 nedskrivningar
1614 1826 20 30 å

126 1889 60 31 lån
220 1888 56 31 till
310 1887 142 36 företag,
488 1886 53 30 för
576 1886 98 30 vilka
702 1895 47 20 nu
773 1884 135 36 begärts
930 1882 222 35 avkortning,
1176 1881 114 36 uppgå
1313 1879 56 31 till
1393 1879 98 36 högst
1516 1878 118 35 40,075

127 1942 136 30 kronor.

171 1992 262 33 Statskontoret
456 1991 63 31 har
542 1990 126 36 anfört,
692 1989 105 31 bland
821 1990 116 34 annat,
962 1987 162 36 följande.

171 2054 56 30 Av
263 2053 66 31 vad
364 2052 261 31 ämbetsverken
649 2052 12 29 i
685 2051 114 35 övrigt
822 2049 116 31 anfört
961 2058 55 21 om
1041 2046 265 37 ifrågavarande
1330 2045 217 31 verksamhet
1574 2044 63 31 och

127 2098 74 31 dess
225 2096 299 37 upprätthållande
547 2097 111 29 såsom
681 2096 47 29 ett
752 2093 139 31 särskilt
915 2093 226 30 statsintresse
1165 2091 59 30 och
1248 2091 12 29 i
1284 2089 222 31 betraktande
1529 2098 44 20 av
1597 2088 40 31 de

128 2140 250 36 förhållanden,
402 2140 109 31 under
532 2139 97 30 vilka
646 2139 111 30 denna
773 2137 202 31 lånerörelse
992 2136 145 30 kommit
1154 2135 54 30 till
1225 2134 110 35 stånd,
1352 2133 84 30 ville
1452 2133 55 30 det
1523 2142 114 26 synas,

127 2195 73 21 som
233 2184 101 32 borde
368 2183 160 37 åtgärder
563 2183 80 30 från
678 2184 126 29 statens
839 2181 73 30 sida
936 2180 159 35 vidtagas
1119 2179 53 30 för
1195 2180 51 29 att
1268 2177 196 31 underlätta
1487 2176 41 31 de
1552 2177 86 29 utan

129 2228 454 36 linberedningsföretagens
612 2225 215 32 förvållande
849 2225 198 35 uppkomna
1070 2223 259 36 svårigheterna
1353 2220 61 32 och
1438 2221 199 35 därigenom

128 2273 133 37 jämväl
297 2272 132 36 skydda
463 2269 438 38 hushållningssällskapen
936 2268 54 30 för
1024 2267 162 31 förluster
1221 2267 43 35 på
1287 2265 112 37 grund
1423 2275 44 20 av
1492 2264 146 30 låneför-

129 2317 203 36 medlingar.

173 2360 74 32 Mot
280 2359 276 31 ämbetsverkens
590 2358 130 35 förslag
749 2367 54 20 om
833 2354 210 33 utverkande
1066 2365 45 20 av
1134 2352 272 38 bemyndigande
1429 2352 53 30 för
1505 2351 133 36 Kungl.

130 2404 102 37 Maj:t
255 2405 51 30 att
340 2403 159 36 medgiva
534 2402 71 30 viss
635 2400 249 36 nedskrivning
912 2410 46 20 av
981 2399 188 30 statslånen
1193 2397 85 31 hade
1300 2396 242 31 statskontoret
1565 2395 74 30 icke

129 2450 105 34 något
257 2449 51 31 att
331 2448 125 35 erinra,
480 2447 44 31 då
547 2456 43 20 en
613 2446 99 36 dylik
735 2443 251 36 nedskrivning
1009 2442 94 31 torde
1127 2442 74 31 visa
1225 2442 52 35 sig
1301 2439 199 36 nödvändig
1518 2439 54 30 för
1588 2440 51 29 att
