2132 2611
366 137 37 30 14
788 132 288 35 Stats-Utskottets
1103 133 174 32 Memorial
1303 133 66 34 N:o
1389 134 54 30 95.

314 232 65 22 som
409 221 151 40 antingen
588 221 50 31 vid
666 232 39 20 en
729 220 160 32 blifvande
916 219 173 33 förändrad
1117 219 217 41 organisation
1363 219 33 31 af
1421 221 88 29 detta
1536 218 76 32 verk
1639 218 78 32 eller
1744 218 92 42 eljest
1855 218 61 31 kan

314 272 99 33 varda
438 273 10 31 i
476 272 177 33 allmänhet
693 272 148 41 stadgad;
881 272 59 32 och
964 271 80 33 böra
1071 272 39 31 de
1138 271 195 39 fullmakter,
1375 282 67 21 som
1481 270 49 32 för
1564 270 354 41 Riksgälds-kontorets

313 326 191 41 tjenstemän
533 324 155 40 utfärdas,
730 324 160 32 innefatta
917 324 156 32 förbehåll
1101 335 50 21 om
1180 323 259 33 vederbörandes
1467 322 181 42 skyldighet
1675 326 48 28 att
1750 325 94 38 åtaga
1870 323 48 40 sig

313 378 38 31 de
379 389 61 31 nya
467 377 78 32 eller
573 376 191 33 förändrade
788 376 154 41 göromål,
971 376 106 32 hvilka
1100 375 109 32 kunna
1231 375 71 32 dem
1331 375 145 40 åläggas;
1954 408 2 6 |

463 431 60 30 2:0.
579 428 126 33 Sådana
744 428 145 42 uppdrag
917 429 59 31 och
1004 428 117 42 bestyr,
1164 438 78 28 som,
1279 427 49 31 till
1355 426 77 42 följd
1461 426 32 32 af
1518 426 112 33 Rikets
1658 425 153 33 Ständers
1840 425 78 32 eller

312 480 200 42 Riksdagens
552 480 222 41 förfoganden,
820 480 76 32 böra
924 479 34 32 af
987 480 256 41 tjenstemännen
1287 479 48 31 vid
1375 468 181 51 Riksgälds-
1569 478 145 32 kontoret
1752 477 164 38 förrättas,

313 533 99 40 skola,
453 532 134 33 oaktadt
627 532 157 32 särskilda
811 532 140 32 arvoden
978 532 49 31 för
1055 531 169 31 enahanda
1251 530 145 41 uppdrag
1424 530 59 32 och
1511 529 140 41 göromål
1679 529 162 32 tillförene
1868 531 50 29 ut-

313 586 78 40 gått,
421 584 191 32 hädanefter
638 584 183 41 inbegripas
849 584 103 31 under
978 582 254 32 vederbörandes
1257 582 167 31 bestämda
1443 580 320 43 tjensteåligganden;
1792 580 125 32 hvadan

312 637 96 31 alltså
435 637 60 31 den
525 636 151 32 framtida
703 635 279 40 vedergällningen
1009 635 50 31 för
1081 634 97 40 sagda
1205 634 147 41 uppdrag
1380 634 58 31 och
1468 633 107 41 bestyr
1602 632 142 32 kommer
1762 635 49 28 att
1828 633 89 30 inne-

312 687 98 32 fattas
437 687 10 31 i
474 687 61 31 den
558 687 155 40 aflöning,
742 686 147 40 gällande
917 689 65 28 stat
1007 689 173 38 upptager;

464 741 57 30 3:0o.
569 739 46 31 De
640 740 18 31 å
685 738 278 41 aflöningsstaten,
1004 738 11 31 i
1042 736 159 42 egenskap
1233 736 34 32 af
1296 735 416 43 tjenstgöringspenningar,
1754 737 165 39 upptagna

312 791 139 33 arvoden
480 791 90 32 skola
596 791 112 41 åtfölja
734 789 189 33 utöfvandet
950 790 35 31 af
1009 788 110 43 sjelfva
1146 787 392 43 tjenstebefattningarne;
1566 786 80 32 dock
1675 785 71 33 med
1764 786 155 40 rättighet

312 843 52 32 för
403 843 215 40 Fullmäktige
659 845 48 29 att
744 841 158 41 medgifva
941 841 62 32 den
1043 840 191 43 tjensteman
1272 839 78 33 eller
1383 838 209 42 vaktbetjent,
1621 849 67 21 som
1711 838 35 32 af
1771 837 146 42 sjukdom

314 894 132 33 hindras
473 894 71 33 från
571 893 205 34 bestridande
803 893 34 33 af
865 893 47 32 sin
940 893 107 42 tjenst,
1077 895 48 29 att
1151 891 147 42 uppbära
1326 891 53 32 det
1405 891 52 32 för
1485 901 121 22 samma
1632 890 97 41 tjenst
1752 889 166 32 bestämda

314 946 130 40 arvode;

464 1002 59 29 4:0.
569 998 283 32 Ombudsmannen
876 1000 83 29 samt
985 995 424 42 kontorsskrifvare-graden
1438 994 194 32 tillhörande
1656 995 190 41 tjenstemän
1866 994 52 31 må

315 1054 141 37 mottaga
483 1050 58 32 och
570 1050 162 32 bibehålla
758 1049 101 32 andra
886 1048 162 33 ordinarie
1075 1048 143 42 tjenster,
1255 1049 35 30 så
1317 1047 73 31 vida
1416 1045 213 41 Fullmäktige
1653 1045 70 32 icke
1751 1045 86 32 finna
1865 1045 51 31 de-

314 1113 122 21 samma
459 1102 49 32 för
535 1102 253 42 tjenstgöringen
815 1101 87 32 inom
930 1099 336 41 Riksgälds-kontoret
1293 1098 194 40 hinderliga;
1516 1108 70 21 men
1614 1097 39 32 de
1670 1097 104 40 öfriga
1788 1097 129 42 tjenste-

313 1157 136 29 männen
478 1153 51 32 vid
557 1153 88 31 detta
673 1152 75 32 verk
776 1153 33 31 få
831 1152 26 41 ej
886 1151 172 32 innehafva
1084 1161 106 21 annan
1218 1150 163 32 ordinarie
1409 1148 306 43 tjenstebefattning.

1068 1341 16 42 $
1111 1343 50 29 24.

464 1461 61 32 Till
553 1460 147 41 belöning
725 1460 56 40 för
809 1463 90 29 extra
941 1460 128 32 arbeten
1109 1460 59 31 och
1196 1459 47 31 till
1273 1460 222 39 uppmuntran
1515 1456 61 42 för
1605 1459 88 29 extra
1722 1456 194 38 ordinarier,

311 1524 67 20 som
406 1512 171 40 ådagalagt
604 1512 161 41 synnerlig
792 1511 48 31 flit
867 1512 59 31 och
954 1511 202 40 skicklighet,
1186 1521 58 29 ega
1266 1509 215 39 Fullmäktige
1501 1512 48 27 att
1567 1508 145 31 använda
1741 1507 65 31 Två
1825 1511 92 26 tusen

311 1563 193 32 femhundra
531 1563 157 31 riksdaler
715 1562 137 40 årligen;
887 1561 81 33 dock
996 1562 48 31 får
1071 1561 82 32 hvad
1182 1561 93 32 häraf
1296 1560 103 32 under
1422 1561 85 29 årets
1535 1559 74 41 lopp
1638 1558 70 32 icke
1731 1558 110 31 behöft
1869 1560 49 28 ut-

311 1615 110 40 gifvas,
465 1614 103 32 under
594 1617 47 29 ett
667 1613 183 43 påföljande
878 1615 36 30 år
936 1614 26 40 ej
992 1613 50 31 för
1069 1623 122 21 samma
1230 1611 148 33 ändamål
1419 1610 172 32 användas.
1647 1610 62 31 För
1736 1609 97 40 öfrigt
1861 1619 58 30 ega

311 1665 214 41 Fullmäktige
552 1665 69 32 icke
650 1669 48 28 att
724 1665 123 31 tilldela
875 1665 202 40 betjeningen
1105 1664 52 31 vid
1180 1662 338 41 Riksgälds-kontoret
1555 1661 139 31 hvarken
1723 1660 197 41 ljuspennin-

311 1727 56 31 gar
394 1717 78 31 eller
512 1716 100 32 andra
647 1716 151 39 arvoden,
827 1719 40 29 än
897 1716 38 31 de
962 1716 9 31 i
1000 1715 306 40 aflöningsstaterna
1340 1714 60 32 och
1429 1713 89 32 detta
1545 1712 194 41 reglemente
1767 1710 153 33 särskildt

311 1767 167 34 bestämda
505 1768 77 32 eller
610 1768 170 40 medgifna.

1070 1957 15 41 $
1112 1957 50 30 25.

462 2076 111 32 Såsom
601 2075 296 41 beygrafningshjelp
921 2075 79 31 eller
1026 2074 179 32 understöd
1229 2073 54 39 för
1305 2072 186 32 sterbhusen
1518 2071 80 31 efter
1625 2070 119 32 aflidne
1772 2069 149 32 obemed-

311 2128 73 32 lade
411 2127 191 42 tjenstemän
631 2127 59 31 och
718 2126 216 42 vaktbetjente
961 2126 51 31 vid
1040 2124 339 42 Riksgälds-kontoret
1402 2123 59 32 och
1485 2122 21 31 f.
1537 2122 29 31 d.
1598 2121 322 32 General-assistans-

314 2179 158 38 kontoret,
513 2188 59 30 ega
597 2177 215 41 Fullmäktige
840 2181 57 35 att,
941 2177 102 32 under
1070 2177 110 41 loppet
1206 2176 35 31 af
1261 2175 108 41 hvarje
1397 2176 45 37 år,
1477 2173 171 41 disponera
1675 2184 38 20 en
1741 2183 123 21 summa
1891 2170 35 33 af

315 2231 94 40 högst
436 2229 348 41 Tvåhundratjugufem
813 2228 165 32 riksdaler.
