2232 2612
730 182 279 31 Bankoutskottets
1034 181 166 31 utlåtande
1223 179 51 31 Nr
1297 181 50 29 65.
1793 176 42 30 453

416 279 129 31 Kungl.
566 277 120 32 Maj:ts
702 276 150 31 förslag.
1263 273 182 25 Utskottets
1462 271 147 31 förslag.

342 348 34 48 a)
405 347 205 49 pensionen
638 348 93 45 utgå
759 349 90 32 utan
878 344 145 47 hänsyn
1056 344 52 35 till
1140 343 70 36 den
1240 341 116 36 andra
1384 340 218 49 pensionen,
1632 352 58 22 om
1714 338 122 36 denna

239 407 40 30 är
307 401 105 47 lägre
441 399 99 47 eller,
570 411 61 23 om
660 397 98 37 båda
786 396 249 49 pensionerna
1064 400 63 31 äro
1159 394 82 47 lika,
1272 394 67 36 den
1372 393 9 35 i
1401 392 72 36 den
1493 391 115 36 andru
1627 390 208 50 pensionen

239 452 185 48 ingående
452 449 305 50 statspensionen
786 454 40 30 är
854 448 114 47 lägre,

342 503 37 47 b)
408 502 134 36 endast
569 500 353 48 avgiftspensionen
949 501 103 44 utgå,
1082 511 60 22 om
1172 497 70 36 den
1273 497 115 35 andra
1416 495 202 48 pensionen
1651 498 40 31 är
1720 493 117 48 högro

240 555 100 45 eller,
370 567 58 23 om
458 553 96 36 båda
582 552 250 48 pensionerna
861 555 63 31 äro
953 549 86 47 lika,
1069 549 71 36 den
1168 548 10 35 i
1199 548 73 35 den
1293 547 113 36 andra
1424 546 207 49 pensionen
1650 544 187 48 ingående

242 605 304 49 statspensionen
574 608 40 31 är
641 604 130 46 högre,

345 657 33 48 c)
406 655 350 50 avgiftspensionen
786 652 71 38 och
886 653 110 36 halva
1024 651 302 48 statspensionen
1355 651 104 46 utgå,
1485 662 60 23 om
1565 647 95 37 både
1680 646 158 49 avgifts-

241 709 159 50 pension
429 708 70 37 och
528 706 257 50 statspension
814 711 63 30 äro
906 705 74 35 lika
1008 704 58 36 för
1093 703 97 36 båda
1218 702 219 48 tjänsterna.

345 760 144 36 Härvid
527 759 94 37 skall
649 758 160 50 pension
838 757 57 36 för
922 756 224 48 statstjänst,
1176 768 81 23 som
1286 754 80 35 icke
1394 752 146 36 medför
1567 750 233 48 delaktighet
1828 749 7 35 i

242 813 110 36 kassa
394 813 56 35 för
490 810 270 51 pensionering
801 822 46 22 av
876 809 11 35 i
916 813 137 31 statens
1096 807 116 49 tjänst
1249 805 159 37 anställd
1437 804 81 36 icke
1546 802 182 37 ordinarie
1757 815 81 36 per-

243 865 117 45 sonal,
390 878 47 22 av
465 863 139 48 Kungl.
635 862 106 48 Maj:t
770 860 160 37 fördelas
959 860 10 36 i
998 864 111 31 stats-
1139 859 69 35 och
1238 856 314 49 avgiftspension.

346 915 71 37 Vid
460 914 242 49 tillämpning
744 926 48 22 av
834 911 107 37 dessa
981 910 283 37 bestämmelser
1304 909 95 36 skall
1428 907 95 37 dock
1551 906 190 48 iakttagas
1770 905 68 36 föl-

238 968 131 50 jande:

350 1018 36 50 3)
427 1018 210 36 Pensionen
678 1019 60 33 må
779 1015 81 37 icke
888 1015 11 36 i
928 1018 117 45 något
1074 1014 63 36 fall
1166 1015 93 46 utgå
1287 1011 83 37 med
1399 1011 104 48 lägre
1530 1010 150 48 belopp,
1710 1013 47 31 än
1786 1012 54 31 att

244 1085 171 23 summan
444 1084 47 23 av
519 1069 158 50 pension
706 1068 70 36 och
804 1068 62 36 lön
895 1067 89 37 eller
1012 1080 47 22 av
1088 1066 45 36 de
1161 1065 96 37 båda
1285 1064 248 49 pensionerna
1561 1062 72 36 blir
1661 1061 75 36 lika
1756 1060 84 36 med

244 1124 228 50 pensionens
500 1122 168 37 normala
695 1120 148 49 belopp.

348 1176 37 47 4)
416 1174 71 37 Om
516 1174 119 48 enligt
664 1173 109 36 dessa
800 1171 284 37 bestämmelser
1112 1182 172 24 summan
1314 1181 45 23 av
1388 1167 155 49 pension
1572 1166 69 36 och
1668 1165 64 36 lön
1752 1163 90 37 eller

245 1241 46 24 av
333 1227 45 37 de
414 1226 96 37 båda
537 1226 247 49 pensionerna
813 1224 119 36 skulle
960 1222 222 48 understiga
1210 1227 55 30 tre
1293 1225 110 31 tusen
1430 1219 150 46 kronor,
1609 1220 60 34 må
1698 1216 144 49 avdrag

246 1283 20 33 å
307 1278 355 50 pensionsbeloppet
704 1282 73 42 äga
817 1289 80 23 rum
939 1274 131 38 endast
1107 1274 11 36 i
1152 1273 71 37 den
1251 1275 98 43 mån,
1379 1284 80 23 som
1487 1270 187 37 erfordras
1703 1269 57 36 för
1788 1273 54 31 att

245 1331 205 50 pensionen
492 1330 245 36 tillsammans
779 1328 84 36 med
904 1328 110 36 lönen
1055 1326 89 37 eller
1184 1325 72 37 den
1297 1324 115 36 andra
1439 1322 206 50 pensionen
1672 1320 82 37 icke
1782 1322 61 34 må

247 1383 188 48 överstiga
463 1387 55 32 tre
547 1387 109 31 tusen
684 1380 150 36 kronor.

989 1463 19 49 g
1038 1465 60 34 24.

351 1556 15 36 I
395 1556 73 35 den
496 1557 86 34 mån
609 1552 338 51 pensionskassans
974 1550 206 36 inkomster
1207 1548 82 37 icke
1318 1547 184 38 erfordras
1531 1546 56 36 för
1607 1545 160 50 löpande
1786 1550 58 31 ut-

248 1608 123 49 gifter,
410 1620 108 23 anses
559 1606 46 36 de
633 1619 81 23 som
742 1606 62 35 lån
832 1604 57 36 till
918 1601 484 48 statsbaneförvaltningen,
1431 1613 80 23 som
1540 1604 40 31 är
1608 1597 154 50 skyldig
1790 1602 54 31 att

249 1661 90 36 därå
366 1664 181 44 gottgöra
575 1658 137 36 kassan
738 1661 110 32 ränta
875 1655 94 37 efter
998 1657 52 45 3,8
1080 1653 41 37 7.

991 1775 20 49 g
1041 1776 59 35 25.

353 1859 93 36 Vart
475 1858 114 36 femte
617 1859 40 33 år
686 1856 96 36 skall
806 1853 368 50 järnvägsstyrelsen
1202 1853 77 35 låta
1306 1864 138 36 genom
1473 1848 215 48 sakkunnig
1710 1860 136 37 person

250 1910 210 37 undersöka
502 1909 156 36 kassans
700 1907 189 48 ställning.
945 1906 109 36 Visar
1081 1904 231 47 ställningen
1340 1902 206 47 överskott,
1571 1902 144 35 lämnas
1744 1899 104 37 detta

251 1963 56 36 till
349 1967 142 32 statens
529 1961 221 48 järnvägar;
793 1959 99 36 visar
933 1958 73 36 den
1046 1957 107 47 brist,
1181 1956 128 37 täckes
1351 1955 121 36 denna
1500 1967 48 23 av
1575 1958 143 31 statens
1743 1952 104 49 järn-

251 2020 138 43 vägars
417 2014 132 36 medel.

993 2094 20 50 8
1043 2097 57 34 26.

355 2185 376 50 Järnvägsstyrelsen
773 2188 89 43 äger
902 2182 168 37 meddela
1113 2181 44 36 de
1198 2186 169 30 närmare
1406 2178 243 48 föreskrifter,
1679 2190 81 24 som
1789 2179 60 35 må

254 2238 187 38 erfordras
468 2237 64 37 vid
561 2236 291 50 tillämpningen
880 2248 45 23 av
954 2234 103 37 detta
1084 2233 239 49 reglemente.
