2224 2618
735 180 281 33 DBankoutskottets
1037 182 167 31 utlåtande
1227 182 53 32 Nr
1304 186 49 29 65.
1798 184 40 30 33

412 342 134 31 Kungl.
567 341 122 33 Maj:ts
706 341 148 32 förslag.
1249 344 182 26 Utskottets
1446 344 149 32 förslag.

1597 432 73 35 Bil.
1702 432 29 35 I.

947 486 181 41 Förslag

1015 566 48 27 till

864 636 350 51 Reglemente

407 729 61 33 för
491 730 133 32 statens
644 729 212 42 järnvägars
879 731 270 41 pensionskassa
1172 732 58 33 för
1252 733 252 40 pensionering
1526 742 42 23 av
1590 733 78 32 icke

852 781 180 33 ordinarie
1059 783 176 40 personal.

996 893 20 49 $
1049 896 30 34 1.

346 975 151 37 Statens
521 976 228 49 järnvägars
776 978 292 48 pensionskassa
1096 979 59 36 för
1182 979 268 50 pensionering
1477 993 48 23 av
1552 980 81 36 icke
1653 980 184 37 ordinarie

241 1028 174 48 personal
442 1028 68 36 har
537 1028 56 36 till
621 1029 173 36 ändamål
823 1035 64 41 att,
916 1033 48 45 på
984 1035 72 32 sätt
1075 1030 12 36 i
1107 1030 102 37 detta
1231 1031 230 49 reglemente
1479 1037 171 31 närmare
1669 1032 167 49 angives,

243 1079 136 37 bereda
406 1080 161 49 pension
596 1083 38 34 åt
662 1081 79 36 viss
769 1081 83 36 icke
881 1082 184 36 ordinarie
1092 1083 173 49 personal
1293 1083 63 36 vid
1386 1089 142 31 statens
1552 1084 219 49 järnvägar.

343 1131 87 37 Med
472 1137 143 31 statens
653 1133 206 49 järnvägar
900 1147 105 23 avses
1034 1134 11 36 i
1074 1134 102 37 detta
1203 1135 230 48 reglemente
1461 1136 104 36 såväl
1593 1141 142 32 statens
1764 1142 73 31 tra-

242 1183 162 37 fikerade
427 1183 208 50 järnvägar
662 1198 81 23 som
771 1189 96 32 även
895 1191 142 31 statens
1061 1186 421 50 järnvägsbyggnader.

996 1305 21 49 g
1047 1308 34 34 2.

343 1389 327 37 Pensionskassan
699 1390 180 37 förvaltas
909 1404 46 22 av
978 1391 385 50 järnvägsstyrelsen.

997 1510 20 50 g
1037 1510 44 50 3.

344 1595 164 50 Skyldig
539 1601 54 31 att
633 1596 149 37 inträda
821 1599 122 34 såsom
981 1597 175 49 delägare
1193 1597 12 36 i
1240 1599 315 48 pensionskassan
1584 1604 41 32 är
1652 1600 84 37 med
1765 1600 72 37 den

242 1647 271 50 begränsning,
551 1661 83 23 som
662 1648 12 36 i
702 1647 21 49 $
750 1650 23 35 4
813 1648 168 49 stadgas,
1019 1649 389 50 befattningshavare,
1447 1664 94 35 som,
1574 1657 90 31 utan
1693 1658 54 30 att
1774 1652 62 37 be-

241 1698 111 37 kläda
380 1699 188 37 ordinarie
599 1699 218 50 befattning
843 1700 63 37 vid
939 1706 142 32 statens
1104 1701 207 51 järnvägar
1339 1703 88 37 eller
1446 1709 116 30 annat
1581 1709 144 31 statens
1745 1705 92 35 verk

242 1751 89 36 eller
358 1751 226 49 inrättning,
614 1751 157 37 innehar
797 1752 234 49 anställning
1059 1756 124 33 såsom

344 1805 32 44 a)
406 1808 104 31 extra
538 1803 186 37 ordinarie
752 1804 226 48 tjänsteman
1006 1804 64 37 vid
1099 1810 142 32 statens
1269 1806 221 37 trafikerade
1513 1806 223 50 järnvägar;

343 1853 38 50 b)
411 1854 74 37 fast
514 1855 162 36 anställd
704 1856 229 48 tjänsteman
960 1856 64 36 vid
1053 1862 143 32 statens
1220 1858 426 50 järnvägsbyggnader;

342 1906 33 48 c)
404 1906 217 37 verkstads-
650 1907 72 37 och
749 1907 317 38 förrådsarbetare
1093 1909 85 37 med
1207 1910 293 48 stadigvarande
1528 1911 242 49 anställning.

994 2036 21 50 g
1044 2039 35 35 4.

341 2121 168 38 Inträdet
537 2122 11 37 i
576 2122 320 50 pensionskassan
924 2123 137 37 räknas
1090 2124 83 36 från
1201 2125 69 36 och
1298 2125 85 36 med
1412 2125 72 37 den
1512 2125 85 50 dag,
1628 2126 47 36 då
1702 2126 134 37 befatt-

239 2173 253 49 ningshavare
520 2174 150 37 tillträtt
699 2175 116 36 sådan
844 2175 242 49 anställning,
1116 2189 81 23 som
1225 2177 12 35 i
1265 2175 21 50 $
1316 2179 20 34 3
1367 2183 101 43 sägs,
1497 2191 61 23 om
1590 2178 74 36 han
1686 2178 46 37 då
1752 2178 85 49 fyllt

242 2226 45 35 18
317 2228 49 44 år,
396 2239 86 23 men
510 2226 108 48 eljest
645 2226 84 37 från
758 2227 70 36 och
855 2227 84 37 med
968 2227 72 37 den
1068 2228 88 49 dag,
1186 2228 46 37 då
1259 2229 75 36 han
1362 2232 161 46 uppnått
1542 2230 164 37 nämnda
1725 2230 110 37 ålder.

344 2287 119 37 Bihang
485 2288 45 28 till
551 2288 171 37 riksdagens
739 2289 146 37 protokoll
908 2289 90 29 1917.
1044 2290 20 28 8
1085 2290 82 29 saml.
1214 2291 41 28 50
1276 2291 72 36 höft.
1394 2288 62 41 (Nr
1480 2289 65 40 65)
1776 2293 18 28 3
