<?xml version="1.0" encoding="UTF-8"?>
<alto xmlns="http://www.loc.gov/standards/alto/ns-v3#" xmlns:xlink="http://www.w3.org/1999/xlink" xmlns:xsi="http://www.w3.org/2001/XMLSchema-instance" xsi:schemaLocation="http://www.loc.gov/standards/alto/ns-v3# http://www.loc.gov/alto/v3/alto-3-0.xsd">
	<Description>
		<MeasurementUnit>pixel</MeasurementUnit>
		<sourceImageInformation>
			<fileName>/tmp/tess_xpykd74i_input.PNG</fileName>
		</sourceImageInformation>
		<OCRProcessing ID="OCR_0">
			<ocrProcessingStep>
				<processingSoftware>
					<softwareName>tesseract 5.3.0</softwareName>
				</processingSoftware>
			</ocrProcessingStep>
		</OCRProcessing>
	</Description>
	<Layout>
		<Page WIDTH="2200" HEIGHT="2610" PHYSICAL_IMG_NR="0" ID="page_0">
			<PrintSpace HPOS="0" VPOS="0" WIDTH="2200" HEIGHT="2610">
				<ComposedBlock ID="cblock_0" HPOS="373" VPOS="220" WIDTH="1105" HEIGHT="37">
					<TextBlock ID="block_0" HPOS="373" VPOS="220" WIDTH="1105" HEIGHT="37">
						<TextLine ID="line_0" HPOS="373" VPOS="220" WIDTH="1105" HEIGHT="37">
							<String ID="string_0" HPOS="373" VPOS="226" WIDTH="38" HEIGHT="31" WC="0.94" CONTENT="16"/><SP WIDTH="447" VPOS="226" HPOS="411"/>
							<String ID="string_1" HPOS="858" VPOS="222" WIDTH="282" HEIGHT="31" WC="0.92" CONTENT="Bankoutskottets"/><SP WIDTH="24" VPOS="222" HPOS="1140"/>
							<String ID="string_2" HPOS="1164" VPOS="220" WIDTH="169" HEIGHT="32" WC="0.96" CONTENT="utlåtande"/><SP WIDTH="22" VPOS="220" HPOS="1333"/>
							<String ID="string_3" HPOS="1355" VPOS="220" WIDTH="53" HEIGHT="31" WC="0.95" CONTENT="Nr"/><SP WIDTH="22" VPOS="220" HPOS="1408"/>
							<String ID="string_4" HPOS="1430" VPOS="222" WIDTH="48" HEIGHT="29" WC="0.75" CONTENT="65."/>
						</TextLine>
					</TextBlock>
				</ComposedBlock>
				<ComposedBlock ID="cblock_1" HPOS="372" VPOS="302" WIDTH="1595" HEIGHT="154">
					<TextBlock ID="block_1" HPOS="372" VPOS="302" WIDTH="1595" HEIGHT="154">
						<TextLine ID="line_1" HPOS="372" VPOS="302" WIDTH="1594" HEIGHT="56">
							<String ID="string_5" HPOS="372" VPOS="316" WIDTH="54" HEIGHT="31" WC="0.96" CONTENT="att"/><SP WIDTH="28" VPOS="316" HPOS="426"/>
							<String ID="string_6" HPOS="454" VPOS="309" WIDTH="211" HEIGHT="49" WC="0.96" CONTENT="pensionen"/><SP WIDTH="42" VPOS="309" HPOS="665"/>
							<String ID="string_7" HPOS="707" VPOS="311" WIDTH="78" HEIGHT="33" WC="0.95" CONTENT="står"/><SP WIDTH="40" VPOS="311" HPOS="785"/>
							<String ID="string_8" HPOS="825" VPOS="307" WIDTH="12" HEIGHT="36" WC="0.95" CONTENT="i"/><SP WIDTH="42" VPOS="307" HPOS="837"/>
							<String ID="string_9" HPOS="879" VPOS="312" WIDTH="54" HEIGHT="31" WC="0.95" CONTENT="ett"/><SP WIDTH="27" VPOS="312" HPOS="933"/>
							<String ID="string_10" HPOS="960" VPOS="307" WIDTH="94" HEIGHT="36" WC="0.96" CONTENT="visst"/><SP WIDTH="30" VPOS="307" HPOS="1054"/>
							<String ID="string_11" HPOS="1084" VPOS="304" WIDTH="234" HEIGHT="38" WC="0.94" CONTENT="förhållande"/><SP WIDTH="41" VPOS="304" HPOS="1318"/>
							<String ID="string_12" HPOS="1359" VPOS="305" WIDTH="56" HEIGHT="36" WC="0.94" CONTENT="till"/><SP WIDTH="40" VPOS="305" HPOS="1415"/>
							<String ID="string_13" HPOS="1455" VPOS="305" WIDTH="114" HEIGHT="36" WC="0.92" CONTENT="lönen"/><SP WIDTH="29" VPOS="305" HPOS="1569"/>
							<String ID="string_14" HPOS="1598" VPOS="326" WIDTH="46" HEIGHT="3" WC="0.92" CONTENT="—"/><SP WIDTH="30" VPOS="326" HPOS="1644"/>
							<String ID="string_15" HPOS="1674" VPOS="315" WIDTH="47" HEIGHT="24" WC="0.96" CONTENT="en"/><SP WIDTH="28" VPOS="315" HPOS="1721"/>
							<String ID="string_16" HPOS="1749" VPOS="302" WIDTH="109" HEIGHT="47" WC="0.96" CONTENT="regel"/><SP WIDTH="28" VPOS="302" HPOS="1858"/>
							<String ID="string_17" HPOS="1886" VPOS="316" WIDTH="80" HEIGHT="23" WC="0.96" CONTENT="som"/>
						</TextLine>
						<TextLine ID="line_2" HPOS="372" VPOS="354" WIDTH="1595" HEIGHT="57">
							<String ID="string_18" HPOS="372" VPOS="362" WIDTH="122" HEIGHT="49" WC="0.96" CONTENT="gäller"/><SP WIDTH="40" VPOS="362" HPOS="494"/>
							<String ID="string_19" HPOS="534" VPOS="361" WIDTH="60" HEIGHT="36" WC="0.96" CONTENT="för"/><SP WIDTH="41" VPOS="361" HPOS="594"/>
							<String ID="string_20" HPOS="635" VPOS="360" WIDTH="72" HEIGHT="36" WC="0.96" CONTENT="den"/><SP WIDTH="42" VPOS="360" HPOS="707"/>
							<String ID="string_21" HPOS="749" VPOS="358" WIDTH="188" HEIGHT="38" WC="0.96" CONTENT="ordinarie"/><SP WIDTH="39" VPOS="358" HPOS="937"/>
							<String ID="string_22" HPOS="976" VPOS="356" WIDTH="225" HEIGHT="51" WC="0.96" CONTENT="personalen"/><SP WIDTH="42" VPOS="356" HPOS="1201"/>
							<String ID="string_23" HPOS="1243" VPOS="356" WIDTH="70" HEIGHT="37" WC="0.96" CONTENT="och"/><SP WIDTH="37" VPOS="356" HPOS="1313"/>
							<String ID="string_24" HPOS="1350" VPOS="361" WIDTH="98" HEIGHT="32" WC="0.96" CONTENT="även"/><SP WIDTH="41" VPOS="361" HPOS="1448"/>
							<String ID="string_25" HPOS="1489" VPOS="360" WIDTH="41" HEIGHT="32" WC="0.96" CONTENT="är"/><SP WIDTH="30" VPOS="360" HPOS="1530"/>
							<String ID="string_26" HPOS="1560" VPOS="354" WIDTH="217" HEIGHT="49" WC="0.96" CONTENT="föreslagen"/><SP WIDTH="30" VPOS="354" HPOS="1777"/>
							<String ID="string_27" HPOS="1807" VPOS="354" WIDTH="59" HEIGHT="36" WC="0.96" CONTENT="för"/><SP WIDTH="28" VPOS="354" HPOS="1866"/>
							<String ID="string_28" HPOS="1894" VPOS="355" WIDTH="73" HEIGHT="36" WC="0.96" CONTENT="den"/>
						</TextLine>
						<TextLine ID="line_3" HPOS="373" VPOS="405" WIDTH="1594" HEIGHT="51">
							<String ID="string_29" HPOS="373" VPOS="420" WIDTH="107" HEIGHT="30" WC="0.95" CONTENT="extra"/><SP WIDTH="29" VPOS="420" HPOS="480"/>
							<String ID="string_30" HPOS="509" VPOS="412" WIDTH="187" HEIGHT="37" WC="0.96" CONTENT="ordinarie"/><SP WIDTH="28" VPOS="412" HPOS="696"/>
							<String ID="string_31" HPOS="724" VPOS="411" WIDTH="64" HEIGHT="36" WC="0.93" CONTENT="vid"/><SP WIDTH="29" VPOS="411" HPOS="788"/>
							<String ID="string_32" HPOS="817" VPOS="410" WIDTH="265" HEIGHT="37" WC="0.91" CONTENT="statsbanorna"/><SP WIDTH="28" VPOS="410" HPOS="1082"/>
							<String ID="string_33" HPOS="1110" VPOS="409" WIDTH="69" HEIGHT="37" WC="0.88" CONTENT="och"/><SP WIDTH="36" VPOS="409" HPOS="1179"/>
							<String ID="string_34" HPOS="1215" VPOS="408" WIDTH="301" HEIGHT="48" WC="0.88" CONTENT="telegrafverket"/><SP WIDTH="28" VPOS="408" HPOS="1516"/>
							<String ID="string_35" HPOS="1544" VPOS="429" WIDTH="47" HEIGHT="3" WC="0.89" CONTENT="—"/><SP WIDTH="30" VPOS="429" HPOS="1591"/>
							<String ID="string_36" HPOS="1621" VPOS="406" WIDTH="118" HEIGHT="37" WC="0.96" CONTENT="skulle"/><SP WIDTH="35" VPOS="406" HPOS="1739"/>
							<String ID="string_37" HPOS="1774" VPOS="405" WIDTH="118" HEIGHT="36" WC="0.95" CONTENT="likväl"/><SP WIDTH="28" VPOS="405" HPOS="1892"/>
							<String ID="string_38" HPOS="1920" VPOS="419" WIDTH="47" HEIGHT="23" WC="0.95" CONTENT="en"/>
						</TextLine>
					</TextBlock>
				</ComposedBlock>
				<ComposedBlock ID="cblock_2" HPOS="373" VPOS="457" WIDTH="1608" HEIGHT="1921">
					<TextBlock ID="block_2" HPOS="373" VPOS="457" WIDTH="1595" HEIGHT="108">
						<TextLine ID="line_4" HPOS="373" VPOS="457" WIDTH="1595" HEIGHT="56">
							<String ID="string_39" HPOS="373" VPOS="464" WIDTH="265" HEIGHT="49" WC="0.91" CONTENT="tillstrypning"/><SP WIDTH="27" VPOS="464" HPOS="638"/>
							<String ID="string_40" HPOS="665" VPOS="477" WIDTH="47" HEIGHT="23" WC="0.93" CONTENT="av"/><SP WIDTH="33" VPOS="477" HPOS="712"/>
							<String ID="string_41" HPOS="745" VPOS="462" WIDTH="308" HEIGHT="50" WC="0.91" CONTENT="statspensionen"/><SP WIDTH="29" VPOS="462" HPOS="1053"/>
							<String ID="string_42" HPOS="1082" VPOS="461" WIDTH="67" HEIGHT="36" WC="0.96" CONTENT="ske"/><SP WIDTH="27" VPOS="461" HPOS="1149"/>
							<String ID="string_43" HPOS="1176" VPOS="460" WIDTH="64" HEIGHT="37" WC="0.96" CONTENT="vid"/><SP WIDTH="28" VPOS="460" HPOS="1240"/>
							<String ID="string_44" HPOS="1268" VPOS="465" WIDTH="92" HEIGHT="32" WC="0.96" CONTENT="över"/><SP WIDTH="28" VPOS="465" HPOS="1360"/>
							<String ID="string_45" HPOS="1388" VPOS="461" WIDTH="46" HEIGHT="35" WC="0.96" CONTENT="55"/><SP WIDTH="30" VPOS="461" HPOS="1434"/>
							<String ID="string_46" HPOS="1464" VPOS="464" WIDTH="82" HEIGHT="31" WC="0.96" CONTENT="öres"/><SP WIDTH="28" VPOS="464" HPOS="1546"/>
							<String ID="string_47" HPOS="1574" VPOS="459" WIDTH="143" HEIGHT="36" WC="0.93" CONTENT="timlön."/><SP WIDTH="57" VPOS="459" HPOS="1717"/>
							<String ID="string_48" HPOS="1774" VPOS="457" WIDTH="90" HEIGHT="37" WC="0.59" CONTENT="Som"/><SP WIDTH="29" VPOS="457" HPOS="1864"/>
							<String ID="string_49" HPOS="1893" VPOS="457" WIDTH="75" HEIGHT="37" WC="0.92" CONTENT="för-"/>
						</TextLine>
						<TextLine ID="line_5" HPOS="373" VPOS="510" WIDTH="1181" HEIGHT="55">
							<String ID="string_50" HPOS="373" VPOS="518" WIDTH="123" HEIGHT="47" WC="0.96" CONTENT="slaget"/><SP WIDTH="27" VPOS="518" HPOS="496"/>
							<String ID="string_51" HPOS="523" VPOS="530" WIDTH="52" HEIGHT="22" WC="0.96" CONTENT="nu"/><SP WIDTH="27" VPOS="530" HPOS="575"/>
							<String ID="string_52" HPOS="602" VPOS="521" WIDTH="54" HEIGHT="41" WC="0.96" CONTENT="är,"/><SP WIDTH="29" VPOS="521" HPOS="656"/>
							<String ID="string_53" HPOS="685" VPOS="515" WIDTH="171" HEIGHT="36" WC="0.96" CONTENT="kommer"/><SP WIDTH="27" VPOS="515" HPOS="856"/>
							<String ID="string_54" HPOS="883" VPOS="514" WIDTH="72" HEIGHT="36" WC="0.96" CONTENT="den"/><SP WIDTH="24" VPOS="514" HPOS="955"/>
							<String ID="string_55" HPOS="979" VPOS="513" WIDTH="42" HEIGHT="48" WC="0.96" CONTENT="ju"/><SP WIDTH="30" VPOS="513" HPOS="1021"/>
							<String ID="string_56" HPOS="1051" VPOS="518" WIDTH="55" HEIGHT="31" WC="0.96" CONTENT="att"/><SP WIDTH="27" VPOS="518" HPOS="1106"/>
							<String ID="string_57" HPOS="1133" VPOS="511" WIDTH="155" HEIGHT="37" WC="0.96" CONTENT="alldeles"/><SP WIDTH="30" VPOS="511" HPOS="1288"/>
							<String ID="string_58" HPOS="1318" VPOS="517" WIDTH="133" HEIGHT="31" WC="0.96" CONTENT="stanna"/><SP WIDTH="25" VPOS="517" HPOS="1451"/>
							<String ID="string_59" HPOS="1476" VPOS="510" WIDTH="78" HEIGHT="37" WC="0.96" CONTENT="där."/>
						</TextLine>
					</TextBlock>
					<TextBlock ID="block_3" HPOS="373" VPOS="559" WIDTH="1596" HEIGHT="263">
						<TextLine ID="line_6" HPOS="475" VPOS="559" WIDTH="1494" HEIGHT="55">
							<String ID="string_60" HPOS="475" VPOS="568" WIDTH="88" HEIGHT="36" WC="0.96" CONTENT="Med"/><SP WIDTH="30" VPOS="568" HPOS="563"/>
							<String ID="string_61" HPOS="593" VPOS="568" WIDTH="46" HEIGHT="36" WC="0.93" CONTENT="de"/><SP WIDTH="28" VPOS="568" HPOS="639"/>
							<String ID="string_62" HPOS="667" VPOS="566" WIDTH="432" HEIGHT="48" WC="0.89" CONTENT="timlönsförhöjningar,"/><SP WIDTH="29" VPOS="566" HPOS="1099"/>
							<String ID="string_63" HPOS="1128" VPOS="577" WIDTH="81" HEIGHT="23" WC="0.96" CONTENT="som"/><SP WIDTH="30" VPOS="577" HPOS="1209"/>
							<String ID="string_64" HPOS="1239" VPOS="563" WIDTH="104" HEIGHT="37" WC="0.96" CONTENT="skett"/><SP WIDTH="27" VPOS="563" HPOS="1343"/>
							<String ID="string_65" HPOS="1370" VPOS="562" WIDTH="117" HEIGHT="38" WC="0.93" CONTENT="sedan"/><SP WIDTH="42" VPOS="562" HPOS="1487"/>
							<String ID="string_66" HPOS="1529" VPOS="561" WIDTH="262" HEIGHT="50" WC="0.91" CONTENT="sakkunniges"/><SP WIDTH="29" VPOS="561" HPOS="1791"/>
							<String ID="string_67" HPOS="1820" VPOS="559" WIDTH="149" HEIGHT="50" WC="0.96" CONTENT="förslag"/>
						</TextLine>
						<TextLine ID="line_7" HPOS="373" VPOS="613" WIDTH="1595" HEIGHT="56">
							<String ID="string_68" HPOS="373" VPOS="619" WIDTH="235" HEIGHT="50" WC="0.96" CONTENT="uppgjordes"/><SP WIDTH="41" VPOS="619" HPOS="608"/>
							<String ID="string_69" HPOS="649" VPOS="619" WIDTH="71" HEIGHT="36" WC="0.96" CONTENT="och"/><SP WIDTH="41" VPOS="619" HPOS="720"/>
							<String ID="string_70" HPOS="761" VPOS="631" WIDTH="81" HEIGHT="23" WC="0.96" CONTENT="som"/><SP WIDTH="41" VPOS="631" HPOS="842"/>
							<String ID="string_71" HPOS="883" VPOS="617" WIDTH="82" HEIGHT="37" WC="0.96" CONTENT="icke"/><SP WIDTH="41" VPOS="617" HPOS="965"/>
							<String ID="string_72" HPOS="1006" VPOS="621" WIDTH="65" HEIGHT="32" WC="0.96" CONTENT="äro"/><SP WIDTH="37" VPOS="621" HPOS="1071"/>
							<String ID="string_73" HPOS="1108" VPOS="621" WIDTH="55" HEIGHT="31" WC="0.96" CONTENT="att"/><SP WIDTH="31" VPOS="621" HPOS="1163"/>
							<String ID="string_74" HPOS="1194" VPOS="615" WIDTH="175" HEIGHT="37" WC="0.96" CONTENT="betrakta"/><SP WIDTH="29" VPOS="615" HPOS="1369"/>
							<String ID="string_75" HPOS="1398" VPOS="628" WIDTH="79" HEIGHT="23" WC="0.95" CONTENT="som"/><SP WIDTH="29" VPOS="628" HPOS="1477"/>
							<String ID="string_76" HPOS="1506" VPOS="613" WIDTH="202" HEIGHT="48" WC="0.95" CONTENT="tillfälliga,"/><SP WIDTH="30" VPOS="613" HPOS="1708"/>
							<String ID="string_77" HPOS="1738" VPOS="613" WIDTH="116" HEIGHT="50" WC="0.93" CONTENT="lyftes"/><SP WIDTH="28" VPOS="613" HPOS="1854"/>
							<String ID="string_78" HPOS="1882" VPOS="625" WIDTH="86" HEIGHT="36" WC="0.91" CONTENT="per-"/>
						</TextLine>
						<TextLine ID="line_8" HPOS="374" VPOS="664" WIDTH="1594" HEIGHT="55">
							<String ID="string_79" HPOS="374" VPOS="672" WIDTH="177" HEIGHT="37" WC="0.91" CONTENT="sonalens"/><SP WIDTH="45" VPOS="672" HPOS="551"/>
							<String ID="string_80" HPOS="596" VPOS="671" WIDTH="176" HEIGHT="48" WC="0.91" CONTENT="löneläge"/><SP WIDTH="41" VPOS="671" HPOS="772"/>
							<String ID="string_81" HPOS="813" VPOS="670" WIDTH="55" HEIGHT="36" WC="0.96" CONTENT="dit"/><SP WIDTH="27" VPOS="670" HPOS="868"/>
							<String ID="string_82" HPOS="895" VPOS="670" WIDTH="87" HEIGHT="46" WC="0.95" CONTENT="hän,"/><SP WIDTH="28" VPOS="670" HPOS="982"/>
							<String ID="string_83" HPOS="1010" VPOS="673" WIDTH="55" HEIGHT="32" WC="0.96" CONTENT="att"/><SP WIDTH="27" VPOS="673" HPOS="1065"/>
							<String ID="string_84" HPOS="1092" VPOS="667" WIDTH="308" HEIGHT="49" WC="0.96" CONTENT="begränsningen"/><SP WIDTH="40" VPOS="667" HPOS="1400"/>
							<String ID="string_85" HPOS="1440" VPOS="666" WIDTH="84" HEIGHT="36" WC="0.95" CONTENT="icke"/><SP WIDTH="42" VPOS="666" HPOS="1524"/>
							<String ID="string_86" HPOS="1566" VPOS="665" WIDTH="133" HEIGHT="36" WC="0.95" CONTENT="endast"/><SP WIDTH="39" VPOS="665" HPOS="1699"/>
							<String ID="string_87" HPOS="1738" VPOS="670" WIDTH="118" HEIGHT="43" WC="0.96" CONTENT="utgör"/><SP WIDTH="40" VPOS="670" HPOS="1856"/>
							<String ID="string_88" HPOS="1896" VPOS="664" WIDTH="72" HEIGHT="36" WC="0.96" CONTENT="den"/>
						</TextLine>
						<TextLine ID="line_9" HPOS="375" VPOS="717" WIDTH="1594" HEIGHT="55">
							<String ID="string_89" HPOS="375" VPOS="724" WIDTH="173" HEIGHT="48" WC="0.95" CONTENT="åsyftade"/><SP WIDTH="29" VPOS="724" HPOS="548"/>
							<String ID="string_90" HPOS="577" VPOS="722" WIDTH="178" HEIGHT="50" WC="0.96" CONTENT="garantin"/><SP WIDTH="27" VPOS="722" HPOS="755"/>
							<String ID="string_91" HPOS="782" VPOS="729" WIDTH="88" HEIGHT="29" WC="0.96" CONTENT="utan"/><SP WIDTH="29" VPOS="729" HPOS="870"/>
							<String ID="string_92" HPOS="899" VPOS="722" WIDTH="174" HEIGHT="35" WC="0.93" CONTENT="dessutom"/><SP WIDTH="41" VPOS="722" HPOS="1073"/>
							<String ID="string_93" HPOS="1114" VPOS="720" WIDTH="203" HEIGHT="48" WC="0.93" CONTENT="otillbörligt"/><SP WIDTH="34" VPOS="720" HPOS="1317"/>
							<String ID="string_94" HPOS="1351" VPOS="720" WIDTH="158" HEIGHT="47" WC="0.96" CONTENT="ingriper"/><SP WIDTH="27" VPOS="720" HPOS="1509"/>
							<String ID="string_95" HPOS="1536" VPOS="719" WIDTH="239" HEIGHT="35" WC="0.95" CONTENT="reducerande"/><SP WIDTH="20" VPOS="719" HPOS="1775"/>
							<String ID="string_96" HPOS="1795" VPOS="717" WIDTH="58" HEIGHT="48" WC="0.85" CONTENT="på"/><SP WIDTH="27" VPOS="717" HPOS="1853"/>
							<String ID="string_97" HPOS="1880" VPOS="721" WIDTH="89" HEIGHT="31" WC="0.96" CONTENT="även"/>
						</TextLine>
						<TextLine ID="line_10" HPOS="375" VPOS="775" WIDTH="575" HEIGHT="47">
							<String ID="string_98" HPOS="375" VPOS="777" WIDTH="68" HEIGHT="35" WC="0.96" CONTENT="den"/><SP WIDTH="28" VPOS="777" HPOS="443"/>
							<String ID="string_99" HPOS="471" VPOS="777" WIDTH="165" HEIGHT="35" WC="0.92" CONTENT="normala"/><SP WIDTH="28" VPOS="777" HPOS="636"/>
							<String ID="string_100" HPOS="664" VPOS="775" WIDTH="286" HEIGHT="47" WC="0.91" CONTENT="statspensionen."/>
						</TextLine>
					</TextBlock>
					<TextBlock ID="block_4" HPOS="374" VPOS="819" WIDTH="1607" HEIGHT="937">
						<TextLine ID="line_11" HPOS="480" VPOS="819" WIDTH="1488" HEIGHT="51">
							<String ID="string_101" HPOS="480" VPOS="827" WIDTH="103" HEIGHT="37" WC="0.96" CONTENT="Utan"/><SP WIDTH="29" VPOS="827" HPOS="583"/>
							<String ID="string_102" HPOS="612" VPOS="826" WIDTH="126" HEIGHT="37" WC="0.96" CONTENT="alltför"/><SP WIDTH="28" VPOS="826" HPOS="738"/>
							<String ID="string_103" HPOS="766" VPOS="831" WIDTH="79" HEIGHT="31" WC="0.96" CONTENT="stor"/><SP WIDTH="28" VPOS="831" HPOS="845"/>
							<String ID="string_104" HPOS="873" VPOS="825" WIDTH="81" HEIGHT="36" WC="0.96" CONTENT="risk"/><SP WIDTH="27" VPOS="825" HPOS="954"/>
							<String ID="string_105" HPOS="981" VPOS="823" WIDTH="108" HEIGHT="37" WC="0.96" CONTENT="torde"/><SP WIDTH="29" VPOS="823" HPOS="1089"/>
							<String ID="string_106" HPOS="1118" VPOS="823" WIDTH="103" HEIGHT="36" WC="0.93" CONTENT="detta"/><SP WIDTH="22" VPOS="823" HPOS="1221"/>
							<String ID="string_107" HPOS="1243" VPOS="821" WIDTH="294" HEIGHT="49" WC="0.92" CONTENT="maximibelopp"/><SP WIDTH="33" VPOS="821" HPOS="1537"/>
							<String ID="string_108" HPOS="1570" VPOS="820" WIDTH="127" HEIGHT="36" WC="0.96" CONTENT="kunna"/><SP WIDTH="32" VPOS="820" HPOS="1697"/>
							<String ID="string_109" HPOS="1729" VPOS="819" WIDTH="79" HEIGHT="36" WC="0.96" CONTENT="helt"/><SP WIDTH="21" VPOS="819" HPOS="1808"/>
							<String ID="string_110" HPOS="1829" VPOS="820" WIDTH="139" HEIGHT="48" WC="0.96" CONTENT="slopas,"/>
						</TextLine>
						<TextLine ID="line_12" HPOS="375" VPOS="872" WIDTH="1594" HEIGHT="56">
							<String ID="string_111" HPOS="375" VPOS="894" WIDTH="47" HEIGHT="22" WC="0.96" CONTENT="en"/><SP WIDTH="29" VPOS="894" HPOS="422"/>
							<String ID="string_112" HPOS="451" VPOS="879" WIDTH="108" HEIGHT="49" WC="0.95" CONTENT="fråga"/><SP WIDTH="28" VPOS="879" HPOS="559"/>
							<String ID="string_113" HPOS="587" VPOS="891" WIDTH="80" HEIGHT="24" WC="0.96" CONTENT="som"/><SP WIDTH="25" VPOS="891" HPOS="667"/>
							<String ID="string_114" HPOS="692" VPOS="878" WIDTH="43" HEIGHT="48" WC="0.96" CONTENT="ju"/><SP WIDTH="28" VPOS="878" HPOS="735"/>
							<String ID="string_115" HPOS="763" VPOS="882" WIDTH="97" HEIGHT="31" WC="0.97" CONTENT="även"/><SP WIDTH="28" VPOS="882" HPOS="860"/>
							<String ID="string_116" HPOS="888" VPOS="875" WIDTH="261" HEIGHT="37" WC="0.96" CONTENT="diskuterades"/><SP WIDTH="36" VPOS="875" HPOS="1149"/>
							<String ID="string_117" HPOS="1185" VPOS="875" WIDTH="104" HEIGHT="36" WC="0.92" CONTENT="inom"/><SP WIDTH="34" VPOS="875" HPOS="1289"/>
							<String ID="string_118" HPOS="1323" VPOS="873" WIDTH="249" HEIGHT="48" WC="0.90" CONTENT="sakkunnige."/><SP WIDTH="56" VPOS="873" HPOS="1572"/>
							<String ID="string_119" HPOS="1628" VPOS="872" WIDTH="87" HEIGHT="36" WC="0.96" CONTENT="Men"/><SP WIDTH="28" VPOS="872" HPOS="1715"/>
							<String ID="string_120" HPOS="1743" VPOS="884" WIDTH="111" HEIGHT="23" WC="0.96" CONTENT="anser"/><SP WIDTH="28" VPOS="884" HPOS="1854"/>
							<String ID="string_121" HPOS="1882" VPOS="884" WIDTH="87" HEIGHT="23" WC="0.96" CONTENT="man"/>
						</TextLine>
						<TextLine ID="line_13" HPOS="374" VPOS="922" WIDTH="1594" HEIGHT="56">
							<String ID="string_122" HPOS="374" VPOS="945" WIDTH="50" HEIGHT="23" WC="0.96" CONTENT="nu"/><SP WIDTH="29" VPOS="945" HPOS="424"/>
							<String ID="string_123" HPOS="453" VPOS="936" WIDTH="55" HEIGHT="31" WC="0.93" CONTENT="ett"/><SP WIDTH="29" VPOS="936" HPOS="508"/>
							<String ID="string_124" HPOS="537" VPOS="929" WIDTH="292" HEIGHT="49" WC="0.91" CONTENT="maximibelopp"/><SP WIDTH="24" VPOS="929" HPOS="829"/>
							<String ID="string_125" HPOS="853" VPOS="927" WIDTH="218" HEIGHT="48" WC="0.96" CONTENT="berättigat,"/><SP WIDTH="28" VPOS="927" HPOS="1071"/>
							<String ID="string_126" HPOS="1099" VPOS="927" WIDTH="68" HEIGHT="36" WC="0.96" CONTENT="bör"/><SP WIDTH="28" VPOS="927" HPOS="1167"/>
							<String ID="string_127" HPOS="1195" VPOS="926" WIDTH="63" HEIGHT="36" WC="0.96" CONTENT="det"/><SP WIDTH="24" VPOS="926" HPOS="1258"/>
							<String ID="string_128" HPOS="1282" VPOS="926" WIDTH="44" HEIGHT="49" WC="0.96" CONTENT="ju"/><SP WIDTH="28" VPOS="926" HPOS="1326"/>
							<String ID="string_129" HPOS="1354" VPOS="930" WIDTH="120" HEIGHT="31" WC="0.96" CONTENT="sättas"/><SP WIDTH="30" VPOS="930" HPOS="1474"/>
							<String ID="string_130" HPOS="1504" VPOS="928" WIDTH="41" HEIGHT="33" WC="0.96" CONTENT="så"/><SP WIDTH="28" VPOS="928" HPOS="1545"/>
							<String ID="string_131" HPOS="1573" VPOS="924" WIDTH="106" HEIGHT="48" WC="0.96" CONTENT="högt,"/><SP WIDTH="30" VPOS="924" HPOS="1679"/>
							<String ID="string_132" HPOS="1709" VPOS="928" WIDTH="55" HEIGHT="30" WC="0.96" CONTENT="att"/><SP WIDTH="28" VPOS="928" HPOS="1764"/>
							<String ID="string_133" HPOS="1792" VPOS="923" WIDTH="66" HEIGHT="35" WC="0.95" CONTENT="det"/><SP WIDTH="27" VPOS="923" HPOS="1858"/>
							<String ID="string_134" HPOS="1885" VPOS="922" WIDTH="83" HEIGHT="37" WC="0.96" CONTENT="icke"/>
						</TextLine>
						<TextLine ID="line_14" HPOS="374" VPOS="974" WIDTH="1595" HEIGHT="54">
							<String ID="string_135" HPOS="374" VPOS="984" WIDTH="133" HEIGHT="36" WC="0.96" CONTENT="verkar"/><SP WIDTH="41" VPOS="984" HPOS="507"/>
							<String ID="string_136" HPOS="548" VPOS="981" WIDTH="227" HEIGHT="47" WC="0.93" CONTENT="otillbörligt"/><SP WIDTH="43" VPOS="981" HPOS="775"/>
							<String ID="string_137" HPOS="818" VPOS="979" WIDTH="233" HEIGHT="38" WC="0.91" CONTENT="beskärande"/><SP WIDTH="27" VPOS="979" HPOS="1051"/>
							<String ID="string_138" HPOS="1078" VPOS="981" WIDTH="48" HEIGHT="47" WC="0.96" CONTENT="på"/><SP WIDTH="28" VPOS="981" HPOS="1126"/>
							<String ID="string_139" HPOS="1154" VPOS="978" WIDTH="62" HEIGHT="36" WC="0.96" CONTENT="det"/><SP WIDTH="29" VPOS="978" HPOS="1216"/>
							<String ID="string_140" HPOS="1245" VPOS="976" WIDTH="150" HEIGHT="49" WC="0.92" CONTENT="rimliga"/><SP WIDTH="41" VPOS="976" HPOS="1395"/>
							<String ID="string_141" HPOS="1436" VPOS="975" WIDTH="301" HEIGHT="37" WC="0.91" CONTENT="statstillskottet"/><SP WIDTH="40" VPOS="975" HPOS="1737"/>
							<String ID="string_142" HPOS="1777" VPOS="974" WIDTH="59" HEIGHT="36" WC="0.92" CONTENT="till"/><SP WIDTH="41" VPOS="974" HPOS="1836"/>
							<String ID="string_143" HPOS="1877" VPOS="987" WIDTH="92" HEIGHT="35" WC="0.91" CONTENT="pen-"/>
						</TextLine>
						<TextLine ID="line_15" HPOS="375" VPOS="1025" WIDTH="1593" HEIGHT="50">
							<String ID="string_144" HPOS="375" VPOS="1037" WIDTH="145" HEIGHT="34" WC="0.95" CONTENT="sionen."/><SP WIDTH="56" VPOS="1037" HPOS="520"/>
							<String ID="string_145" HPOS="576" VPOS="1034" WIDTH="67" HEIGHT="36" WC="0.95" CONTENT="Ett"/><SP WIDTH="28" VPOS="1034" HPOS="643"/>
							<String ID="string_146" HPOS="671" VPOS="1033" WIDTH="156" HEIGHT="37" WC="0.96" CONTENT="allmänt"/><SP WIDTH="26" VPOS="1033" HPOS="827"/>
							<String ID="string_147" HPOS="853" VPOS="1031" WIDTH="237" HEIGHT="38" WC="0.96" CONTENT="bedömande"/><SP WIDTH="29" VPOS="1031" HPOS="1090"/>
							<String ID="string_148" HPOS="1119" VPOS="1043" WIDTH="45" HEIGHT="23" WC="0.96" CONTENT="av"/><SP WIDTH="29" VPOS="1043" HPOS="1164"/>
							<String ID="string_149" HPOS="1193" VPOS="1030" WIDTH="71" HEIGHT="36" WC="0.96" CONTENT="den"/><SP WIDTH="29" VPOS="1030" HPOS="1264"/>
							<String ID="string_150" HPOS="1293" VPOS="1028" WIDTH="228" HEIGHT="37" WC="0.96" CONTENT="reducerade"/><SP WIDTH="20" VPOS="1028" HPOS="1521"/>
							<String ID="string_151" HPOS="1541" VPOS="1027" WIDTH="131" HEIGHT="37" WC="0.96" CONTENT="timlön"/><SP WIDTH="22" VPOS="1027" HPOS="1672"/>
							<String ID="string_152" HPOS="1694" VPOS="1026" WIDTH="61" HEIGHT="49" WC="0.95" CONTENT="(55"/><SP WIDTH="22" VPOS="1026" HPOS="1755"/>
							<String ID="string_153" HPOS="1777" VPOS="1025" WIDTH="91" HEIGHT="48" WC="0.96" CONTENT="öre),"/><SP WIDTH="21" VPOS="1025" HPOS="1868"/>
							<String ID="string_154" HPOS="1889" VPOS="1038" WIDTH="79" HEIGHT="24" WC="0.96" CONTENT="som"/>
						</TextLine>
						<TextLine ID="line_16" HPOS="375" VPOS="1078" WIDTH="1594" HEIGHT="54">
							<String ID="string_155" HPOS="375" VPOS="1086" WIDTH="284" HEIGHT="38" WC="0.94" CONTENT="sammanfaller"/><SP WIDTH="29" VPOS="1086" HPOS="659"/>
							<String ID="string_156" HPOS="688" VPOS="1084" WIDTH="84" HEIGHT="37" WC="0.93" CONTENT="med"/><SP WIDTH="29" VPOS="1084" HPOS="772"/>
							<String ID="string_157" HPOS="801" VPOS="1083" WIDTH="330" HEIGHT="49" WC="0.91" CONTENT="statspensionens"/><SP WIDTH="28" VPOS="1083" HPOS="1131"/>
							<String ID="string_158" HPOS="1159" VPOS="1081" WIDTH="304" HEIGHT="48" WC="0.96" CONTENT="maximum,"/><SP WIDTH="-69" VPOS="1081" HPOS="1463"/>
							<String ID="string_159" HPOS="1394" VPOS="1074" WIDTH="70" HEIGHT="62" WC="0.96" CONTENT="ger"/><SP WIDTH="18" VPOS="1074" HPOS="1464"/>
							<String ID="string_160" HPOS="1482" VPOS="1080" WIDTH="45" HEIGHT="49" WC="0.96" CONTENT="ju"/><SP WIDTH="28" VPOS="1080" HPOS="1527"/>
							<String ID="string_161" HPOS="1555" VPOS="1079" WIDTH="64" HEIGHT="36" WC="0.96" CONTENT="vid"/><SP WIDTH="28" VPOS="1079" HPOS="1619"/>
							<String ID="string_162" HPOS="1647" VPOS="1078" WIDTH="163" HEIGHT="44" WC="0.96" CONTENT="handen,"/><SP WIDTH="29" VPOS="1078" HPOS="1810"/>
							<String ID="string_163" HPOS="1839" VPOS="1083" WIDTH="56" HEIGHT="31" WC="0.96" CONTENT="att"/><SP WIDTH="28" VPOS="1083" HPOS="1895"/>
							<String ID="string_164" HPOS="1923" VPOS="1090" WIDTH="46" HEIGHT="24" WC="0.95" CONTENT="en"/>
						</TextLine>
						<TextLine ID="line_17" HPOS="376" VPOS="1129" WIDTH="1593" HEIGHT="56">
							<String ID="string_165" HPOS="376" VPOS="1139" WIDTH="114" HEIGHT="36" WC="0.93" CONTENT="sådan"/><SP WIDTH="30" VPOS="1139" HPOS="490"/>
							<String ID="string_166" HPOS="520" VPOS="1137" WIDTH="207" HEIGHT="48" WC="0.92" CONTENT="beskäring"/><SP WIDTH="27" VPOS="1137" HPOS="727"/>
							<String ID="string_167" HPOS="754" VPOS="1136" WIDTH="12" HEIGHT="36" WC="0.96" CONTENT="i"/><SP WIDTH="28" VPOS="1136" HPOS="766"/>
							<String ID="string_168" HPOS="794" VPOS="1141" WIDTH="81" HEIGHT="31" WC="0.96" CONTENT="stor"/><SP WIDTH="26" VPOS="1141" HPOS="875"/>
							<String ID="string_169" HPOS="901" VPOS="1134" WIDTH="268" HEIGHT="48" WC="0.96" CONTENT="utsträckning"/><SP WIDTH="27" VPOS="1134" HPOS="1169"/>
							<String ID="string_170" HPOS="1196" VPOS="1134" WIDTH="173" HEIGHT="35" WC="0.96" CONTENT="kommer"/><SP WIDTH="27" VPOS="1134" HPOS="1369"/>
							<String ID="string_171" HPOS="1396" VPOS="1137" WIDTH="54" HEIGHT="31" WC="0.96" CONTENT="att"/><SP WIDTH="28" VPOS="1137" HPOS="1450"/>
							<String ID="string_172" HPOS="1478" VPOS="1132" WIDTH="78" HEIGHT="36" WC="0.96" CONTENT="ske."/><SP WIDTH="47" VPOS="1132" HPOS="1556"/>
							<String ID="string_173" HPOS="1603" VPOS="1131" WIDTH="74" HEIGHT="36" WC="0.96" CONTENT="Det"/><SP WIDTH="18" VPOS="1131" HPOS="1677"/>
							<String ID="string_174" HPOS="1695" VPOS="1130" WIDTH="66" HEIGHT="36" WC="0.96" CONTENT="vill"/><SP WIDTH="25" VPOS="1130" HPOS="1761"/>
							<String ID="string_175" HPOS="1786" VPOS="1129" WIDTH="48" HEIGHT="37" WC="0.96" CONTENT="då"/><SP WIDTH="20" VPOS="1129" HPOS="1834"/>
							<String ID="string_176" HPOS="1854" VPOS="1142" WIDTH="115" HEIGHT="36" WC="0.96" CONTENT="synas"/>
						</TextLine>
						<TextLine ID="line_18" HPOS="375" VPOS="1181" WIDTH="1594" HEIGHT="53">
							<String ID="string_177" HPOS="375" VPOS="1204" WIDTH="79" HEIGHT="23" WC="0.96" CONTENT="som"/><SP WIDTH="29" VPOS="1204" HPOS="454"/>
							<String ID="string_178" HPOS="483" VPOS="1190" WIDTH="147" HEIGHT="35" WC="0.93" CONTENT="mindre"/><SP WIDTH="27" VPOS="1190" HPOS="630"/>
							<String ID="string_179" HPOS="657" VPOS="1188" WIDTH="224" HEIGHT="37" WC="0.91" CONTENT="välbetänkt"/><SP WIDTH="27" VPOS="1188" HPOS="881"/>
							<String ID="string_180" HPOS="908" VPOS="1192" WIDTH="55" HEIGHT="31" WC="0.96" CONTENT="att"/><SP WIDTH="28" VPOS="1192" HPOS="963"/>
							<String ID="string_181" HPOS="991" VPOS="1191" WIDTH="137" HEIGHT="43" WC="0.96" CONTENT="antaga"/><SP WIDTH="28" VPOS="1191" HPOS="1128"/>
							<String ID="string_182" HPOS="1156" VPOS="1198" WIDTH="48" HEIGHT="23" WC="0.96" CONTENT="en"/><SP WIDTH="26" VPOS="1198" HPOS="1204"/>
							<String ID="string_183" HPOS="1230" VPOS="1185" WIDTH="77" HEIGHT="48" WC="0.95" CONTENT="lag,"/><SP WIDTH="22" VPOS="1185" HPOS="1307"/>
							<String ID="string_184" HPOS="1329" VPOS="1197" WIDTH="80" HEIGHT="24" WC="0.95" CONTENT="som"/><SP WIDTH="24" VPOS="1197" HPOS="1409"/>
							<String ID="string_185" HPOS="1433" VPOS="1184" WIDTH="117" HEIGHT="36" WC="0.95" CONTENT="redan"/><SP WIDTH="18" VPOS="1184" HPOS="1550"/>
							<String ID="string_186" HPOS="1568" VPOS="1183" WIDTH="63" HEIGHT="36" WC="0.96" CONTENT="vid"/><SP WIDTH="21" VPOS="1183" HPOS="1631"/>
							<String ID="string_187" HPOS="1652" VPOS="1183" WIDTH="85" HEIGHT="35" WC="0.95" CONTENT="dess"/><SP WIDTH="20" VPOS="1183" HPOS="1737"/>
							<String ID="string_188" HPOS="1757" VPOS="1182" WIDTH="121" HEIGHT="36" WC="0.93" CONTENT="första"/><SP WIDTH="18" VPOS="1182" HPOS="1878"/>
							<String ID="string_189" HPOS="1896" VPOS="1181" WIDTH="73" HEIGHT="36" WC="0.89" CONTENT="till-"/>
						</TextLine>
						<TextLine ID="line_19" HPOS="374" VPOS="1232" WIDTH="1597" HEIGHT="58">
							<String ID="string_190" HPOS="374" VPOS="1241" WIDTH="197" HEIGHT="49" WC="0.92" CONTENT="lämpning"/><SP WIDTH="29" VPOS="1241" HPOS="571"/>
							<String ID="string_191" HPOS="600" VPOS="1243" WIDTH="119" HEIGHT="34" WC="0.96" CONTENT="måste"/><SP WIDTH="27" VPOS="1243" HPOS="719"/>
							<String ID="string_192" HPOS="746" VPOS="1245" WIDTH="38" HEIGHT="32" WC="0.96" CONTENT="te"/><SP WIDTH="29" VPOS="1245" HPOS="784"/>
							<String ID="string_193" HPOS="813" VPOS="1239" WIDTH="60" HEIGHT="49" WC="0.95" CONTENT="sig"/><SP WIDTH="41" VPOS="1239" HPOS="873"/>
							<String ID="string_194" HPOS="914" VPOS="1242" WIDTH="124" HEIGHT="33" WC="0.96" CONTENT="såsom"/><SP WIDTH="41" VPOS="1242" HPOS="1038"/>
							<String ID="string_195" HPOS="1079" VPOS="1237" WIDTH="210" HEIGHT="50" WC="0.91" CONTENT="uppenbart"/><SP WIDTH="41" VPOS="1237" HPOS="1289"/>
							<String ID="string_196" HPOS="1330" VPOS="1234" WIDTH="387" HEIGHT="38" WC="0.91" CONTENT="otillfredsställande."/><SP WIDTH="58" VPOS="1234" HPOS="1717"/>
							<String ID="string_197" HPOS="1775" VPOS="1232" WIDTH="127" HEIGHT="37" WC="0.89" CONTENT="Sedan"/><SP WIDTH="28" VPOS="1232" HPOS="1902"/>
							<String ID="string_198" HPOS="1930" VPOS="1236" WIDTH="41" HEIGHT="33" WC="0.96" CONTENT="år"/>
						</TextLine>
						<TextLine ID="line_20" HPOS="379" VPOS="1285" WIDTH="1591" HEIGHT="53">
							<String ID="string_199" HPOS="379" VPOS="1296" WIDTH="96" HEIGHT="34" WC="0.96" CONTENT="1912"/><SP WIDTH="29" VPOS="1296" HPOS="475"/>
							<String ID="string_200" HPOS="504" VPOS="1293" WIDTH="108" HEIGHT="36" WC="0.93" CONTENT="torde"/><SP WIDTH="28" VPOS="1293" HPOS="612"/>
							<String ID="string_201" HPOS="640" VPOS="1297" WIDTH="26" HEIGHT="31" WC="0.68" CONTENT="t."/><SP WIDTH="18" VPOS="1297" HPOS="666"/>
							<String ID="string_202" HPOS="684" VPOS="1305" WIDTH="70" HEIGHT="33" WC="0.88" CONTENT="ex.,"/><SP WIDTH="30" VPOS="1305" HPOS="754"/>
							<String ID="string_203" HPOS="784" VPOS="1291" WIDTH="72" HEIGHT="36" WC="0.96" CONTENT="vad"/><SP WIDTH="30" VPOS="1291" HPOS="856"/>
							<String ID="string_204" HPOS="886" VPOS="1296" WIDTH="145" HEIGHT="31" WC="0.93" CONTENT="statens"/><SP WIDTH="24" VPOS="1296" HPOS="1031"/>
							<String ID="string_205" HPOS="1055" VPOS="1290" WIDTH="230" HEIGHT="48" WC="0.92" CONTENT="järnvägars"/><SP WIDTH="29" VPOS="1290" HPOS="1285"/>
							<String ID="string_206" HPOS="1314" VPOS="1286" WIDTH="374" HEIGHT="38" WC="0.90" CONTENT="verkstadsarbetare"/><SP WIDTH="28" VPOS="1286" HPOS="1688"/>
							<String ID="string_207" HPOS="1716" VPOS="1285" WIDTH="190" HEIGHT="47" WC="0.96" CONTENT="beträffar,"/><SP WIDTH="16" VPOS="1285" HPOS="1906"/>
							<String ID="string_208" HPOS="1922" VPOS="1298" WIDTH="48" HEIGHT="23" WC="0.87" CONTENT="en"/>
						</TextLine>
						<TextLine ID="line_21" HPOS="375" VPOS="1336" WIDTH="1593" HEIGHT="61">
							<String ID="string_209" HPOS="375" VPOS="1344" WIDTH="377" HEIGHT="53" WC="0.26" CONTENT="timlönsförhöjning"/><SP WIDTH="40" VPOS="1344" HPOS="752"/>
							<String ID="string_210" HPOS="792" VPOS="1348" WIDTH="92" HEIGHT="31" WC="0.81" CONTENT="utan"/><SP WIDTH="40" VPOS="1348" HPOS="884"/>
							<String ID="string_211" HPOS="924" VPOS="1343" WIDTH="147" HEIGHT="47" WC="0.93" CONTENT="hänsyn"/><SP WIDTH="41" VPOS="1343" HPOS="1071"/>
							<String ID="string_212" HPOS="1112" VPOS="1340" WIDTH="58" HEIGHT="37" WC="0.93" CONTENT="till"/><SP WIDTH="40" VPOS="1340" HPOS="1170"/>
							<String ID="string_213" HPOS="1210" VPOS="1340" WIDTH="187" HEIGHT="36" WC="0.90" CONTENT="kristiden"/><SP WIDTH="32" VPOS="1340" HPOS="1397"/>
							<String ID="string_214" HPOS="1429" VPOS="1339" WIDTH="48" HEIGHT="36" WC="0.96" CONTENT="ha"/><SP WIDTH="28" VPOS="1339" HPOS="1477"/>
							<String ID="string_215" HPOS="1505" VPOS="1339" WIDTH="104" HEIGHT="36" WC="0.96" CONTENT="skett"/><SP WIDTH="40" VPOS="1339" HPOS="1609"/>
							<String ID="string_216" HPOS="1649" VPOS="1337" WIDTH="84" HEIGHT="37" WC="0.95" CONTENT="med"/><SP WIDTH="29" VPOS="1337" HPOS="1733"/>
							<String ID="string_217" HPOS="1762" VPOS="1350" WIDTH="57" HEIGHT="23" WC="0.96" CONTENT="c:a"/><SP WIDTH="31" VPOS="1350" HPOS="1819"/>
							<String ID="string_218" HPOS="1850" VPOS="1338" WIDTH="46" HEIGHT="35" WC="0.96" CONTENT="15"/><SP WIDTH="30" VPOS="1338" HPOS="1896"/>
							<String ID="string_219" HPOS="1926" VPOS="1336" WIDTH="42" HEIGHT="36" WC="0.26" CONTENT="4."/>
						</TextLine>
						<TextLine ID="line_22" HPOS="375" VPOS="1389" WIDTH="1594" HEIGHT="54">
							<String ID="string_220" HPOS="375" VPOS="1392" WIDTH="111" HEIGHT="42" WC="0.77" CONTENT="Även"/><SP WIDTH="28" VPOS="1392" HPOS="486"/>
							<String ID="string_221" HPOS="514" VPOS="1410" WIDTH="59" HEIGHT="23" WC="0.96" CONTENT="om"/><SP WIDTH="30" VPOS="1410" HPOS="573"/>
							<String ID="string_222" HPOS="603" VPOS="1409" WIDTH="87" HEIGHT="23" WC="0.96" CONTENT="man"/><SP WIDTH="27" VPOS="1409" HPOS="690"/>
							<String ID="string_223" HPOS="717" VPOS="1395" WIDTH="63" HEIGHT="37" WC="0.96" CONTENT="vid"/><SP WIDTH="28" VPOS="1395" HPOS="780"/>
							<String ID="string_224" HPOS="808" VPOS="1394" WIDTH="208" HEIGHT="49" WC="0.93" CONTENT="förslagets"/><SP WIDTH="27" VPOS="1394" HPOS="1016"/>
							<String ID="string_225" HPOS="1043" VPOS="1393" WIDTH="248" HEIGHT="49" WC="0.91" CONTENT="uppgörande"/><SP WIDTH="30" VPOS="1393" HPOS="1291"/>
							<String ID="string_226" HPOS="1321" VPOS="1394" WIDTH="120" HEIGHT="45" WC="0.95" CONTENT="ansåg"/><SP WIDTH="29" VPOS="1394" HPOS="1441"/>
							<String ID="string_227" HPOS="1470" VPOS="1392" WIDTH="73" HEIGHT="35" WC="0.96" CONTENT="750"/><SP WIDTH="25" VPOS="1392" HPOS="1543"/>
							<String ID="string_228" HPOS="1568" VPOS="1390" WIDTH="141" HEIGHT="36" WC="0.95" CONTENT="kronor"/><SP WIDTH="18" VPOS="1390" HPOS="1709"/>
							<String ID="string_229" HPOS="1727" VPOS="1389" WIDTH="169" HEIGHT="48" WC="0.96" CONTENT="tilltaget"/><SP WIDTH="20" VPOS="1389" HPOS="1896"/>
							<String ID="string_230" HPOS="1916" VPOS="1391" WIDTH="53" HEIGHT="44" WC="0.96" CONTENT="så,"/>
						</TextLine>
						<TextLine ID="line_23" HPOS="376" VPOS="1441" WIDTH="1605" HEIGHT="54">
							<String ID="string_231" HPOS="376" VPOS="1455" WIDTH="55" HEIGHT="31" WC="0.96" CONTENT="att"/><SP WIDTH="28" VPOS="1455" HPOS="431"/>
							<String ID="string_232" HPOS="459" VPOS="1449" WIDTH="62" HEIGHT="36" WC="0.96" CONTENT="det"/><SP WIDTH="27" VPOS="1449" HPOS="521"/>
							<String ID="string_233" HPOS="548" VPOS="1454" WIDTH="91" HEIGHT="30" WC="0.96" CONTENT="utan"/><SP WIDTH="28" VPOS="1454" HPOS="639"/>
							<String ID="string_234" HPOS="667" VPOS="1453" WIDTH="54" HEIGHT="31" WC="0.96" CONTENT="ett"/><SP WIDTH="27" VPOS="1453" HPOS="721"/>
							<String ID="string_235" HPOS="748" VPOS="1446" WIDTH="226" HEIGHT="49" WC="0.93" CONTENT="otillbörligt"/><SP WIDTH="27" VPOS="1446" HPOS="974"/>
							<String ID="string_236" HPOS="1001" VPOS="1444" WIDTH="236" HEIGHT="38" WC="0.93" CONTENT="beskärande"/><SP WIDTH="29" VPOS="1444" HPOS="1237"/>
							<String ID="string_237" HPOS="1266" VPOS="1458" WIDTH="46" HEIGHT="22" WC="0.93" CONTENT="av"/><SP WIDTH="21" VPOS="1458" HPOS="1312"/>
							<String ID="string_238" HPOS="1333" VPOS="1443" WIDTH="305" HEIGHT="49" WC="0.91" CONTENT="statspensionen"/><SP WIDTH="19" VPOS="1443" HPOS="1638"/>
							<String ID="string_239" HPOS="1657" VPOS="1441" WIDTH="165" HEIGHT="49" WC="0.92" CONTENT="medgav"/><SP WIDTH="20" VPOS="1441" HPOS="1822"/>
							<String ID="string_240" HPOS="1842" VPOS="1443" WIDTH="139" HEIGHT="45" WC="0.88" CONTENT="någon&#39;"/>
						</TextLine>
						<TextLine ID="line_24" HPOS="375" VPOS="1492" WIDTH="1595" HEIGHT="56">
							<String ID="string_241" HPOS="375" VPOS="1500" WIDTH="392" HEIGHT="48" WC="0.90" CONTENT="timlönsförhöjning,"/><SP WIDTH="28" VPOS="1500" HPOS="767"/>
							<String ID="string_242" HPOS="795" VPOS="1511" WIDTH="114" HEIGHT="37" WC="0.96" CONTENT="synes"/><SP WIDTH="41" VPOS="1511" HPOS="909"/>
							<String ID="string_243" HPOS="950" VPOS="1498" WIDTH="64" HEIGHT="36" WC="0.96" CONTENT="det"/><SP WIDTH="41" VPOS="1498" HPOS="1014"/>
							<String ID="string_244" HPOS="1055" VPOS="1497" WIDTH="201" HEIGHT="49" WC="0.96" CONTENT="påtagligt,"/><SP WIDTH="30" VPOS="1497" HPOS="1256"/>
							<String ID="string_245" HPOS="1286" VPOS="1500" WIDTH="66" HEIGHT="43" WC="0.96" CONTENT="att,"/><SP WIDTH="29" VPOS="1500" HPOS="1352"/>
							<String ID="string_246" HPOS="1381" VPOS="1495" WIDTH="85" HEIGHT="36" WC="0.96" CONTENT="med"/><SP WIDTH="38" VPOS="1495" HPOS="1466"/>
							<String ID="string_247" HPOS="1504" VPOS="1507" WIDTH="142" HEIGHT="23" WC="0.96" CONTENT="samma"/><SP WIDTH="29" VPOS="1507" HPOS="1646"/>
							<String ID="string_248" HPOS="1675" VPOS="1506" WIDTH="69" HEIGHT="36" WC="0.96" CONTENT="syn"/><SP WIDTH="30" VPOS="1506" HPOS="1744"/>
							<String ID="string_249" HPOS="1774" VPOS="1495" WIDTH="50" HEIGHT="46" WC="0.96" CONTENT="på"/><SP WIDTH="29" VPOS="1495" HPOS="1824"/>
							<String ID="string_250" HPOS="1853" VPOS="1492" WIDTH="117" HEIGHT="36" WC="0.96" CONTENT="saken"/>
						</TextLine>
						<TextLine ID="line_25" HPOS="375" VPOS="1544" WIDTH="1595" HEIGHT="52">
							<String ID="string_251" HPOS="375" VPOS="1567" WIDTH="50" HEIGHT="22" WC="0.93" CONTENT="nu"/><SP WIDTH="29" VPOS="1567" HPOS="425"/>
							<String ID="string_252" HPOS="454" VPOS="1558" WIDTH="105" HEIGHT="31" WC="0.96" CONTENT="snart"/><SP WIDTH="27" VPOS="1558" HPOS="559"/>
							<String ID="string_253" HPOS="586" VPOS="1557" WIDTH="59" HEIGHT="31" WC="0.96" CONTENT="tre"/><SP WIDTH="29" VPOS="1557" HPOS="645"/>
							<String ID="string_254" HPOS="674" VPOS="1555" WIDTH="39" HEIGHT="32" WC="0.96" CONTENT="år"/><SP WIDTH="28" VPOS="1555" HPOS="713"/>
							<String ID="string_255" HPOS="741" VPOS="1551" WIDTH="177" HEIGHT="44" WC="0.96" CONTENT="därefter,"/><SP WIDTH="29" VPOS="1551" HPOS="918"/>
							<String ID="string_256" HPOS="947" VPOS="1563" WIDTH="86" HEIGHT="23" WC="0.96" CONTENT="man"/><SP WIDTH="42" VPOS="1563" HPOS="1033"/>
							<String ID="string_257" HPOS="1075" VPOS="1552" WIDTH="120" HEIGHT="33" WC="0.96" CONTENT="måste"/><SP WIDTH="40" VPOS="1552" HPOS="1195"/>
							<String ID="string_258" HPOS="1235" VPOS="1554" WIDTH="92" HEIGHT="42" WC="0.96" CONTENT="taga"/><SP WIDTH="41" VPOS="1554" HPOS="1327"/>
							<String ID="string_259" HPOS="1368" VPOS="1547" WIDTH="148" HEIGHT="49" WC="0.96" CONTENT="hänsyn"/><SP WIDTH="28" VPOS="1547" HPOS="1516"/>
							<String ID="string_260" HPOS="1544" VPOS="1546" WIDTH="58" HEIGHT="36" WC="0.96" CONTENT="till"/><SP WIDTH="28" VPOS="1546" HPOS="1602"/>
							<String ID="string_261" HPOS="1630" VPOS="1545" WIDTH="115" HEIGHT="36" WC="0.96" CONTENT="sedan"/><SP WIDTH="42" VPOS="1545" HPOS="1745"/>
							<String ID="string_262" HPOS="1787" VPOS="1544" WIDTH="88" HEIGHT="36" WC="0.92" CONTENT="dess"/><SP WIDTH="40" VPOS="1544" HPOS="1875"/>
							<String ID="string_263" HPOS="1915" VPOS="1544" WIDTH="55" HEIGHT="35" WC="0.90" CONTENT="in-"/>
						</TextLine>
						<TextLine ID="line_26" HPOS="376" VPOS="1596" WIDTH="1594" HEIGHT="52">
							<String ID="string_264" HPOS="376" VPOS="1605" WIDTH="160" HEIGHT="36" WC="0.94" CONTENT="träffade"/><SP WIDTH="43" VPOS="1605" HPOS="536"/>
							<String ID="string_265" HPOS="579" VPOS="1603" WIDTH="274" HEIGHT="37" WC="0.94" CONTENT="förhållanden."/><SP WIDTH="57" VPOS="1603" HPOS="853"/>
							<String ID="string_266" HPOS="910" VPOS="1601" WIDTH="74" HEIGHT="36" WC="0.96" CONTENT="För"/><SP WIDTH="40" VPOS="1601" HPOS="984"/>
							<String ID="string_267" HPOS="1024" VPOS="1606" WIDTH="56" HEIGHT="31" WC="0.96" CONTENT="att"/><SP WIDTH="39" VPOS="1606" HPOS="1080"/>
							<String ID="string_268" HPOS="1119" VPOS="1600" WIDTH="135" HEIGHT="48" WC="0.95" CONTENT="bringa"/><SP WIDTH="42" VPOS="1600" HPOS="1254"/>
							<String ID="string_269" HPOS="1296" VPOS="1599" WIDTH="121" HEIGHT="37" WC="0.95" CONTENT="saken"/><SP WIDTH="27" VPOS="1599" HPOS="1417"/>
							<String ID="string_270" HPOS="1444" VPOS="1599" WIDTH="10" HEIGHT="35" WC="0.96" CONTENT="i"/><SP WIDTH="30" VPOS="1599" HPOS="1454"/>
							<String ID="string_271" HPOS="1484" VPOS="1598" WIDTH="64" HEIGHT="36" WC="0.96" CONTENT="sitt"/><SP WIDTH="37" VPOS="1598" HPOS="1548"/>
							<String ID="string_272" HPOS="1585" VPOS="1596" WIDTH="271" HEIGHT="50" WC="0.96" CONTENT="ursprungliga"/><SP WIDTH="27" VPOS="1596" HPOS="1856"/>
							<String ID="string_273" HPOS="1883" VPOS="1596" WIDTH="87" HEIGHT="47" WC="0.96" CONTENT="läge"/>
						</TextLine>
						<TextLine ID="line_27" HPOS="379" VPOS="1646" WIDTH="1591" HEIGHT="55">
							<String ID="string_274" HPOS="379" VPOS="1657" WIDTH="115" HEIGHT="36" WC="0.96" CONTENT="borde"/><SP WIDTH="29" VPOS="1657" HPOS="494"/>
							<String ID="string_275" HPOS="523" VPOS="1655" WIDTH="128" HEIGHT="37" WC="0.93" CONTENT="därför"/><SP WIDTH="28" VPOS="1655" HPOS="651"/>
							<String ID="string_276" HPOS="679" VPOS="1655" WIDTH="323" HEIGHT="36" WC="0.92" CONTENT="maximisumman"/><SP WIDTH="42" VPOS="1655" HPOS="1002"/>
							<String ID="string_277" HPOS="1044" VPOS="1652" WIDTH="108" HEIGHT="49" WC="0.96" CONTENT="höjas"/><SP WIDTH="27" VPOS="1652" HPOS="1152"/>
							<String ID="string_278" HPOS="1179" VPOS="1652" WIDTH="12" HEIGHT="35" WC="0.96" CONTENT="i"/><SP WIDTH="28" VPOS="1652" HPOS="1191"/>
							<String ID="string_279" HPOS="1219" VPOS="1646" WIDTH="269" HEIGHT="42" WC="0.96" CONTENT="motsvarande"/><SP WIDTH="38" VPOS="1646" HPOS="1488"/>
							<String ID="string_280" HPOS="1526" VPOS="1648" WIDTH="220" HEIGHT="50" WC="0.96" CONTENT="proportion"/><SP WIDTH="30" VPOS="1648" HPOS="1746"/>
							<String ID="string_281" HPOS="1776" VPOS="1661" WIDTH="82" HEIGHT="23" WC="0.93" CONTENT="som"/><SP WIDTH="30" VPOS="1661" HPOS="1858"/>
							<String ID="string_282" HPOS="1888" VPOS="1647" WIDTH="82" HEIGHT="36" WC="0.87" CONTENT="tim-"/>
						</TextLine>
						<TextLine ID="line_28" HPOS="377" VPOS="1707" WIDTH="300" HEIGHT="49">
							<String ID="string_283" HPOS="377" VPOS="1710" WIDTH="157" HEIGHT="35" WC="0.96" CONTENT="lönerna"/><SP WIDTH="27" VPOS="1710" HPOS="534"/>
							<String ID="string_284" HPOS="561" VPOS="1707" WIDTH="116" HEIGHT="49" WC="0.95" CONTENT="höjts."/>
						</TextLine>
					</TextBlock>
					<TextBlock ID="block_5" HPOS="376" VPOS="1750" WIDTH="1596" HEIGHT="628">
						<TextLine ID="line_29" HPOS="480" VPOS="1750" WIDTH="1492" HEIGHT="49">
							<String ID="string_285" HPOS="480" VPOS="1759" WIDTH="72" HEIGHT="37" WC="0.96" CONTENT="Vid"/><SP WIDTH="41" VPOS="1759" HPOS="552"/>
							<String ID="string_286" HPOS="593" VPOS="1758" WIDTH="235" HEIGHT="37" WC="0.96" CONTENT="bedömande"/><SP WIDTH="43" VPOS="1758" HPOS="828"/>
							<String ID="string_287" HPOS="871" VPOS="1770" WIDTH="46" HEIGHT="23" WC="0.96" CONTENT="av"/><SP WIDTH="36" VPOS="1770" HPOS="917"/>
							<String ID="string_288" HPOS="953" VPOS="1755" WIDTH="223" HEIGHT="37" WC="0.96" CONTENT="hithörande"/><SP WIDTH="42" VPOS="1755" HPOS="1176"/>
							<String ID="string_289" HPOS="1218" VPOS="1755" WIDTH="111" HEIGHT="36" WC="0.96" CONTENT="saker"/><SP WIDTH="38" VPOS="1755" HPOS="1329"/>
							<String ID="string_290" HPOS="1367" VPOS="1756" WIDTH="60" HEIGHT="34" WC="0.94" CONTENT="må"/><SP WIDTH="28" VPOS="1756" HPOS="1427"/>
							<String ID="string_291" HPOS="1455" VPOS="1767" WIDTH="87" HEIGHT="22" WC="0.96" CONTENT="man"/><SP WIDTH="29" VPOS="1767" HPOS="1542"/>
							<String ID="string_292" HPOS="1571" VPOS="1752" WIDTH="122" HEIGHT="36" WC="0.95" CONTENT="erinra"/><SP WIDTH="29" VPOS="1752" HPOS="1693"/>
							<String ID="string_293" HPOS="1722" VPOS="1751" WIDTH="72" HEIGHT="48" WC="0.96" CONTENT="sig,"/><SP WIDTH="30" VPOS="1751" HPOS="1794"/>
							<String ID="string_294" HPOS="1824" VPOS="1756" WIDTH="56" HEIGHT="31" WC="0.96" CONTENT="att"/><SP WIDTH="28" VPOS="1756" HPOS="1880"/>
							<String ID="string_295" HPOS="1908" VPOS="1750" WIDTH="64" HEIGHT="36" WC="0.96" CONTENT="det"/>
						</TextLine>
						<TextLine ID="line_30" HPOS="376" VPOS="1802" WIDTH="1595" HEIGHT="59">
							<String ID="string_296" HPOS="376" VPOS="1811" WIDTH="84" HEIGHT="37" WC="0.96" CONTENT="icke"/><SP WIDTH="28" VPOS="1811" HPOS="460"/>
							<String ID="string_297" HPOS="488" VPOS="1824" WIDTH="69" HEIGHT="37" WC="0.96" CONTENT="ger"/><SP WIDTH="28" VPOS="1824" HPOS="557"/>
							<String ID="string_298" HPOS="585" VPOS="1816" WIDTH="56" HEIGHT="30" WC="0.96" CONTENT="ett"/><SP WIDTH="27" VPOS="1816" HPOS="641"/>
							<String ID="string_299" HPOS="668" VPOS="1809" WIDTH="87" HEIGHT="37" WC="0.95" CONTENT="fullt"/><SP WIDTH="28" VPOS="1809" HPOS="755"/>
							<String ID="string_300" HPOS="783" VPOS="1809" WIDTH="133" HEIGHT="47" WC="0.96" CONTENT="riktigt"/><SP WIDTH="40" VPOS="1809" HPOS="916"/>
							<String ID="string_301" HPOS="956" VPOS="1808" WIDTH="127" HEIGHT="48" WC="0.96" CONTENT="utslag"/><SP WIDTH="32" VPOS="1808" HPOS="1083"/>
							<String ID="string_302" HPOS="1115" VPOS="1812" WIDTH="54" HEIGHT="32" WC="0.96" CONTENT="att"/><SP WIDTH="27" VPOS="1812" HPOS="1169"/>
							<String ID="string_303" HPOS="1196" VPOS="1807" WIDTH="120" HEIGHT="36" WC="0.96" CONTENT="räkna"/><SP WIDTH="41" VPOS="1807" HPOS="1316"/>
							<String ID="string_304" HPOS="1357" VPOS="1805" WIDTH="85" HEIGHT="36" WC="0.96" CONTENT="med"/><SP WIDTH="40" VPOS="1805" HPOS="1442"/>
							<String ID="string_305" HPOS="1482" VPOS="1804" WIDTH="188" HEIGHT="48" WC="0.93" CONTENT="utgående"/><SP WIDTH="28" VPOS="1804" HPOS="1670"/>
							<String ID="string_306" HPOS="1698" VPOS="1802" WIDTH="273" HEIGHT="49" WC="0.74" CONTENT="genomsnitts-"/>
						</TextLine>
						<TextLine ID="line_31" HPOS="376" VPOS="1854" WIDTH="1596" HEIGHT="53">
							<String ID="string_307" HPOS="376" VPOS="1864" WIDTH="107" HEIGHT="36" WC="0.95" CONTENT="löner"/><SP WIDTH="40" VPOS="1864" HPOS="483"/>
							<String ID="string_308" HPOS="523" VPOS="1868" WIDTH="89" HEIGHT="31" WC="0.95" CONTENT="utan"/><SP WIDTH="42" VPOS="1868" HPOS="612"/>
							<String ID="string_309" HPOS="654" VPOS="1861" WIDTH="84" HEIGHT="37" WC="0.92" CONTENT="med"/><SP WIDTH="42" VPOS="1861" HPOS="738"/>
							<String ID="string_310" HPOS="780" VPOS="1861" WIDTH="245" HEIGHT="46" WC="0.91" CONTENT="slutlönerna,"/><SP WIDTH="29" VPOS="1861" HPOS="1025"/>
							<String ID="string_311" HPOS="1054" VPOS="1864" WIDTH="89" HEIGHT="32" WC="0.96" CONTENT="enär"/><SP WIDTH="24" VPOS="1864" HPOS="1143"/>
							<String ID="string_312" HPOS="1167" VPOS="1858" WIDTH="42" HEIGHT="48" WC="0.93" CONTENT="ju"/><SP WIDTH="28" VPOS="1858" HPOS="1209"/>
							<String ID="string_313" HPOS="1237" VPOS="1857" WIDTH="229" HEIGHT="50" WC="0.90" CONTENT="pensionens"/><SP WIDTH="37" VPOS="1857" HPOS="1466"/>
							<String ID="string_314" HPOS="1503" VPOS="1856" WIDTH="205" HEIGHT="48" WC="0.96" CONTENT="viktigaste"/><SP WIDTH="40" VPOS="1856" HPOS="1708"/>
							<String ID="string_315" HPOS="1748" VPOS="1854" WIDTH="156" HEIGHT="49" WC="0.96" CONTENT="uppgift"/><SP WIDTH="27" VPOS="1854" HPOS="1904"/>
							<String ID="string_316" HPOS="1931" VPOS="1858" WIDTH="41" HEIGHT="31" WC="0.96" CONTENT="är"/>
						</TextLine>
						<TextLine ID="line_32" HPOS="378" VPOS="1907" WIDTH="1591" HEIGHT="56">
							<String ID="string_317" HPOS="378" VPOS="1913" WIDTH="500" HEIGHT="50" WC="0.91" CONTENT="ålderdomspensionering,"/><SP WIDTH="30" VPOS="1913" HPOS="878"/>
							<String ID="string_318" HPOS="908" VPOS="1912" WIDTH="47" HEIGHT="36" WC="0.96" CONTENT="då"/><SP WIDTH="36" VPOS="1912" HPOS="955"/>
							<String ID="string_319" HPOS="991" VPOS="1911" WIDTH="43" HEIGHT="48" WC="0.96" CONTENT="ju"/><SP WIDTH="41" VPOS="1911" HPOS="1034"/>
							<String ID="string_320" HPOS="1075" VPOS="1911" WIDTH="64" HEIGHT="36" WC="0.96" CONTENT="det"/><SP WIDTH="40" VPOS="1911" HPOS="1139"/>
							<String ID="string_321" HPOS="1179" VPOS="1910" WIDTH="139" HEIGHT="49" WC="0.93" CONTENT="högsta"/><SP WIDTH="40" VPOS="1910" HPOS="1318"/>
							<String ID="string_322" HPOS="1358" VPOS="1909" WIDTH="195" HEIGHT="47" WC="0.92" CONTENT="löneläget"/><SP WIDTH="39" VPOS="1909" HPOS="1553"/>
							<String ID="string_323" HPOS="1592" VPOS="1908" WIDTH="69" HEIGHT="36" WC="0.96" CONTENT="bör"/><SP WIDTH="35" VPOS="1908" HPOS="1661"/>
							<String ID="string_324" HPOS="1696" VPOS="1907" WIDTH="48" HEIGHT="35" WC="0.96" CONTENT="ha"/><SP WIDTH="31" VPOS="1907" HPOS="1744"/>
							<String ID="string_325" HPOS="1775" VPOS="1908" WIDTH="194" HEIGHT="47" WC="0.69" CONTENT="uppnåtts."/>
						</TextLine>
						<TextLine ID="line_33" HPOS="378" VPOS="1957" WIDTH="1593" HEIGHT="58">
							<String ID="string_326" HPOS="378" VPOS="1967" WIDTH="88" HEIGHT="36" WC="0.95" CONTENT="Med"/><SP WIDTH="26" VPOS="1967" HPOS="466"/>
							<String ID="string_327" HPOS="492" VPOS="1967" WIDTH="151" HEIGHT="48" WC="0.96" CONTENT="hänsyn"/><SP WIDTH="27" VPOS="1967" HPOS="643"/>
							<String ID="string_328" HPOS="670" VPOS="1964" WIDTH="125" HEIGHT="37" WC="0.96" CONTENT="härtill"/><SP WIDTH="29" VPOS="1964" HPOS="795"/>
							<String ID="string_329" HPOS="824" VPOS="1965" WIDTH="71" HEIGHT="36" WC="0.96" CONTENT="och"/><SP WIDTH="26" VPOS="1965" HPOS="895"/>
							<String ID="string_330" HPOS="921" VPOS="1965" WIDTH="12" HEIGHT="35" WC="0.96" CONTENT="i"/><SP WIDTH="32" VPOS="1965" HPOS="933"/>
							<String ID="string_331" HPOS="965" VPOS="1962" WIDTH="250" HEIGHT="38" WC="0.96" CONTENT="betraktande"/><SP WIDTH="28" VPOS="1962" HPOS="1215"/>
							<String ID="string_332" HPOS="1243" VPOS="1975" WIDTH="48" HEIGHT="23" WC="0.93" CONTENT="av"/><SP WIDTH="29" VPOS="1975" HPOS="1291"/>
							<String ID="string_333" HPOS="1320" VPOS="1960" WIDTH="145" HEIGHT="37" WC="0.92" CONTENT="skedda"/><SP WIDTH="27" VPOS="1960" HPOS="1465"/>
							<String ID="string_334" HPOS="1492" VPOS="1958" WIDTH="353" HEIGHT="49" WC="0.91" CONTENT="löneförhöjningar"/><SP WIDTH="18" VPOS="1958" HPOS="1845"/>
							<String ID="string_335" HPOS="1863" VPOS="1957" WIDTH="108" HEIGHT="37" WC="0.96" CONTENT="torde"/>
						</TextLine>
						<TextLine ID="line_34" HPOS="379" VPOS="2009" WIDTH="1592" HEIGHT="58">
							<String ID="string_336" HPOS="379" VPOS="2019" WIDTH="128" HEIGHT="36" WC="0.96" CONTENT="därför"/><SP WIDTH="41" VPOS="2019" HPOS="507"/>
							<String ID="string_337" HPOS="548" VPOS="2031" WIDTH="47" HEIGHT="24" WC="0.95" CONTENT="en"/><SP WIDTH="41" VPOS="2031" HPOS="595"/>
							<String ID="string_338" HPOS="636" VPOS="2016" WIDTH="262" HEIGHT="51" WC="0.94" CONTENT="uppflyttning"/><SP WIDTH="27" VPOS="2016" HPOS="898"/>
							<String ID="string_339" HPOS="925" VPOS="2029" WIDTH="47" HEIGHT="23" WC="0.93" CONTENT="av"/><SP WIDTH="28" VPOS="2029" HPOS="972"/>
							<String ID="string_340" HPOS="1000" VPOS="2014" WIDTH="335" HEIGHT="49" WC="0.91" CONTENT="maximibeloppet"/><SP WIDTH="40" VPOS="2014" HPOS="1335"/>
							<String ID="string_341" HPOS="1375" VPOS="2013" WIDTH="84" HEIGHT="36" WC="0.96" CONTENT="från"/><SP WIDTH="44" VPOS="2013" HPOS="1459"/>
							<String ID="string_342" HPOS="1503" VPOS="2014" WIDTH="71" HEIGHT="34" WC="0.95" CONTENT="750"/><SP WIDTH="44" VPOS="2014" HPOS="1574"/>
							<String ID="string_343" HPOS="1618" VPOS="2012" WIDTH="139" HEIGHT="35" WC="0.91" CONTENT="kronor"/><SP WIDTH="42" VPOS="2012" HPOS="1757"/>
							<String ID="string_344" HPOS="1799" VPOS="2009" WIDTH="58" HEIGHT="36" WC="0.91" CONTENT="till"/><SP WIDTH="42" VPOS="2009" HPOS="1857"/>
							<String ID="string_345" HPOS="1899" VPOS="2010" WIDTH="72" HEIGHT="34" WC="0.95" CONTENT="900"/>
						</TextLine>
						<TextLine ID="line_35" HPOS="378" VPOS="2061" WIDTH="1594" HEIGHT="55">
							<String ID="string_346" HPOS="378" VPOS="2071" WIDTH="140" HEIGHT="36" WC="0.96" CONTENT="kronor"/><SP WIDTH="28" VPOS="2071" HPOS="518"/>
							<String ID="string_347" HPOS="546" VPOS="2070" WIDTH="92" HEIGHT="36" WC="0.96" CONTENT="böra"/><SP WIDTH="28" VPOS="2070" HPOS="638"/>
							<String ID="string_348" HPOS="666" VPOS="2069" WIDTH="79" HEIGHT="36" WC="0.93" CONTENT="ske."/><SP WIDTH="55" VPOS="2069" HPOS="745"/>
							<String ID="string_349" HPOS="800" VPOS="2062" WIDTH="109" HEIGHT="42" WC="0.84" CONTENT="Åven"/><SP WIDTH="41" VPOS="2062" HPOS="909"/>
							<String ID="string_350" HPOS="950" VPOS="2067" WIDTH="185" HEIGHT="49" WC="0.96" CONTENT="förtjänar"/><SP WIDTH="36" VPOS="2067" HPOS="1135"/>
							<String ID="string_351" HPOS="1171" VPOS="2065" WIDTH="62" HEIGHT="37" WC="0.96" CONTENT="det"/><SP WIDTH="28" VPOS="2065" HPOS="1233"/>
							<String ID="string_352" HPOS="1261" VPOS="2064" WIDTH="367" HEIGHT="50" WC="0.96" CONTENT="uppmärksammas,"/><SP WIDTH="28" VPOS="2064" HPOS="1628"/>
							<String ID="string_353" HPOS="1656" VPOS="2067" WIDTH="55" HEIGHT="31" WC="0.96" CONTENT="att"/><SP WIDTH="28" VPOS="2067" HPOS="1711"/>
							<String ID="string_354" HPOS="1739" VPOS="2061" WIDTH="121" HEIGHT="37" WC="0.93" CONTENT="sedan"/><SP WIDTH="29" VPOS="2061" HPOS="1860"/>
							<String ID="string_355" HPOS="1889" VPOS="2061" WIDTH="83" HEIGHT="35" WC="0.92" CONTENT="sak-"/>
						</TextLine>
						<TextLine ID="line_36" HPOS="378" VPOS="2112" WIDTH="1594" HEIGHT="59">
							<String ID="string_356" HPOS="378" VPOS="2123" WIDTH="169" HEIGHT="48" WC="0.91" CONTENT="kunnige"/><SP WIDTH="29" VPOS="2123" HPOS="547"/>
							<String ID="string_357" HPOS="576" VPOS="2134" WIDTH="47" HEIGHT="23" WC="0.96" CONTENT="av"/><SP WIDTH="30" VPOS="2134" HPOS="623"/>
							<String ID="string_358" HPOS="653" VPOS="2123" WIDTH="40" HEIGHT="34" WC="0.96" CONTENT="år"/><SP WIDTH="30" VPOS="2123" HPOS="693"/>
							<String ID="string_359" HPOS="723" VPOS="2122" WIDTH="97" HEIGHT="34" WC="0.96" CONTENT="1913"/><SP WIDTH="29" VPOS="2122" HPOS="820"/>
							<String ID="string_360" HPOS="849" VPOS="2119" WIDTH="221" HEIGHT="37" WC="0.96" CONTENT="utarbetade"/><SP WIDTH="27" VPOS="2119" HPOS="1070"/>
							<String ID="string_361" HPOS="1097" VPOS="2118" WIDTH="69" HEIGHT="36" WC="0.96" CONTENT="här"/><SP WIDTH="27" VPOS="2118" HPOS="1166"/>
							<String ID="string_362" HPOS="1193" VPOS="2116" WIDTH="266" HEIGHT="49" WC="0.93" CONTENT="föreliggande"/><SP WIDTH="21" VPOS="2116" HPOS="1459"/>
							<String ID="string_363" HPOS="1480" VPOS="2113" WIDTH="424" HEIGHT="50" WC="0.92" CONTENT="grundbestämmelser,"/><SP WIDTH="21" VPOS="2113" HPOS="1904"/>
							<String ID="string_364" HPOS="1925" VPOS="2112" WIDTH="47" HEIGHT="36" WC="0.97" CONTENT="ha"/>
						</TextLine>
						<TextLine ID="line_37" HPOS="380" VPOS="2164" WIDTH="1591" HEIGHT="54">
							<String ID="string_365" HPOS="380" VPOS="2174" WIDTH="293" HEIGHT="36" WC="0.96" CONTENT="statsmakterna"/><SP WIDTH="27" VPOS="2174" HPOS="673"/>
							<String ID="string_366" HPOS="700" VPOS="2172" WIDTH="165" HEIGHT="37" WC="0.96" CONTENT="beslutat"/><SP WIDTH="28" VPOS="2172" HPOS="865"/>
							<String ID="string_367" HPOS="893" VPOS="2184" WIDTH="46" HEIGHT="23" WC="0.96" CONTENT="en"/><SP WIDTH="28" VPOS="2184" HPOS="939"/>
							<String ID="string_368" HPOS="967" VPOS="2184" WIDTH="50" HEIGHT="34" WC="0.96" CONTENT="ny"/><SP WIDTH="27" VPOS="2184" HPOS="1017"/>
							<String ID="string_369" HPOS="1044" VPOS="2170" WIDTH="65" HEIGHT="48" WC="0.96" CONTENT="lag"/><SP WIDTH="28" VPOS="2170" HPOS="1109"/>
							<String ID="string_370" HPOS="1137" VPOS="2183" WIDTH="60" HEIGHT="23" WC="0.96" CONTENT="om"/><SP WIDTH="27" VPOS="2183" HPOS="1197"/>
							<String ID="string_371" HPOS="1224" VPOS="2168" WIDTH="220" HEIGHT="47" WC="0.96" CONTENT="försäkring"/><SP WIDTH="26" VPOS="2168" HPOS="1444"/>
							<String ID="string_372" HPOS="1470" VPOS="2168" WIDTH="60" HEIGHT="35" WC="0.96" CONTENT="för"/><SP WIDTH="29" VPOS="2168" HPOS="1530"/>
							<String ID="string_373" HPOS="1559" VPOS="2165" WIDTH="197" HEIGHT="50" WC="0.96" CONTENT="olycksfall"/><SP WIDTH="24" VPOS="2165" HPOS="1756"/>
							<String ID="string_374" HPOS="1780" VPOS="2165" WIDTH="12" HEIGHT="36" WC="0.96" CONTENT="i"/><SP WIDTH="20" VPOS="2165" HPOS="1792"/>
							<String ID="string_375" HPOS="1812" VPOS="2164" WIDTH="159" HEIGHT="46" WC="0.96" CONTENT="arbetet,"/>
						</TextLine>
						<TextLine ID="line_38" HPOS="381" VPOS="2215" WIDTH="1591" HEIGHT="58">
							<String ID="string_376" HPOS="381" VPOS="2225" WIDTH="131" HEIGHT="37" WC="0.91" CONTENT="varvid"/><SP WIDTH="41" VPOS="2225" HPOS="512"/>
							<String ID="string_377" HPOS="553" VPOS="2223" WIDTH="379" HEIGHT="50" WC="0.88" CONTENT="ersättningsbelopp"/><SP WIDTH="42" VPOS="2223" HPOS="932"/>
							<String ID="string_378" HPOS="974" VPOS="2222" WIDTH="217" HEIGHT="49" WC="0.88" CONTENT="stipulerats"/><SP WIDTH="38" VPOS="2222" HPOS="1191"/>
							<String ID="string_379" HPOS="1229" VPOS="2220" WIDTH="99" HEIGHT="37" WC="0.96" CONTENT="ända"/><SP WIDTH="28" VPOS="2220" HPOS="1328"/>
							<String ID="string_380" HPOS="1356" VPOS="2233" WIDTH="77" HEIGHT="36" WC="0.95" CONTENT="upp"/><SP WIDTH="28" VPOS="2233" HPOS="1433"/>
							<String ID="string_381" HPOS="1461" VPOS="2218" WIDTH="57" HEIGHT="37" WC="0.92" CONTENT="till"/><SP WIDTH="30" VPOS="2218" HPOS="1518"/>
							<String ID="string_382" HPOS="1548" VPOS="2219" WIDTH="45" HEIGHT="35" WC="0.40" CONTENT="”:"/><SP WIDTH="31" VPOS="2219" HPOS="1593"/>
							<String ID="string_383" HPOS="1624" VPOS="2231" WIDTH="45" HEIGHT="23" WC="0.96" CONTENT="av"/><SP WIDTH="29" VPOS="2231" HPOS="1669"/>
							<String ID="string_384" HPOS="1698" VPOS="2217" WIDTH="72" HEIGHT="36" WC="0.96" CONTENT="den"/><SP WIDTH="28" VPOS="2217" HPOS="1770"/>
							<String ID="string_385" HPOS="1798" VPOS="2215" WIDTH="174" HEIGHT="49" WC="0.96" CONTENT="verkliga"/>
						</TextLine>
						<TextLine ID="line_39" HPOS="381" VPOS="2267" WIDTH="1591" HEIGHT="57">
							<String ID="string_386" HPOS="381" VPOS="2278" WIDTH="294" HEIGHT="46" WC="0.90" CONTENT="årsinkomsten,"/><SP WIDTH="43" VPOS="2278" HPOS="675"/>
							<String ID="string_387" HPOS="718" VPOS="2276" WIDTH="122" HEIGHT="36" WC="0.96" CONTENT="denna"/><SP WIDTH="43" VPOS="2276" HPOS="840"/>
							<String ID="string_388" HPOS="883" VPOS="2274" WIDTH="96" HEIGHT="37" WC="0.95" CONTENT="dock"/><SP WIDTH="41" VPOS="2274" HPOS="979"/>
							<String ID="string_389" HPOS="1020" VPOS="2273" WIDTH="212" HEIGHT="49" WC="0.95" CONTENT="begränsad"/><SP WIDTH="40" VPOS="2273" HPOS="1232"/>
							<String ID="string_390" HPOS="1272" VPOS="2272" WIDTH="58" HEIGHT="36" WC="0.95" CONTENT="till"/><SP WIDTH="40" VPOS="2272" HPOS="1330"/>
							<String ID="string_391" HPOS="1370" VPOS="2272" WIDTH="115" HEIGHT="48" WC="0.92" CONTENT="högst"/><SP WIDTH="31" VPOS="2272" HPOS="1485"/>
							<String ID="string_392" HPOS="1516" VPOS="2271" WIDTH="110" HEIGHT="47" WC="0.92" CONTENT="1,800"/><SP WIDTH="29" VPOS="2271" HPOS="1626"/>
							<String ID="string_393" HPOS="1655" VPOS="2270" WIDTH="152" HEIGHT="35" WC="0.90" CONTENT="kronor."/><SP WIDTH="57" VPOS="2270" HPOS="1807"/>
							<String ID="string_394" HPOS="1864" VPOS="2267" WIDTH="108" HEIGHT="37" WC="0.90" CONTENT="Häri-"/>
						</TextLine>
						<TextLine ID="line_40" HPOS="379" VPOS="2320" WIDTH="1593" HEIGHT="58">
							<String ID="string_395" HPOS="379" VPOS="2342" WIDTH="140" HEIGHT="36" WC="0.95" CONTENT="genom"/><SP WIDTH="28" VPOS="2342" HPOS="519"/>
							<String ID="string_396" HPOS="547" VPOS="2334" WIDTH="42" HEIGHT="31" WC="0.96" CONTENT="är"/><SP WIDTH="23" VPOS="2334" HPOS="589"/>
							<String ID="string_397" HPOS="612" VPOS="2329" WIDTH="44" HEIGHT="48" WC="0.93" CONTENT="ju"/><SP WIDTH="27" VPOS="2329" HPOS="656"/>
							<String ID="string_398" HPOS="683" VPOS="2334" WIDTH="26" HEIGHT="30" WC="0.90" CONTENT="t."/><SP WIDTH="30" VPOS="2334" HPOS="709"/>
							<String ID="string_399" HPOS="739" VPOS="2341" WIDTH="32" HEIGHT="23" WC="0.92" CONTENT="o."/><SP WIDTH="31" VPOS="2341" HPOS="771"/>
							<String ID="string_400" HPOS="802" VPOS="2341" WIDTH="47" HEIGHT="22" WC="0.92" CONTENT="m."/><SP WIDTH="31" VPOS="2341" HPOS="849"/>
							<String ID="string_401" HPOS="880" VPOS="2326" WIDTH="208" HEIGHT="48" WC="0.96" CONTENT="väsentligt"/><SP WIDTH="41" VPOS="2326" HPOS="1088"/>
							<String ID="string_402" HPOS="1129" VPOS="2330" WIDTH="120" HEIGHT="31" WC="0.96" CONTENT="större"/><SP WIDTH="41" VPOS="2330" HPOS="1249"/>
							<String ID="string_403" HPOS="1290" VPOS="2324" WIDTH="166" HEIGHT="36" WC="0.96" CONTENT="fördelar"/><SP WIDTH="31" VPOS="2324" HPOS="1456"/>
							<String ID="string_404" HPOS="1487" VPOS="2322" WIDTH="165" HEIGHT="37" WC="0.96" CONTENT="beredda"/><SP WIDTH="26" VPOS="2322" HPOS="1652"/>
							<String ID="string_405" HPOS="1678" VPOS="2333" WIDTH="141" HEIGHT="36" WC="0.96" CONTENT="genom"/><SP WIDTH="30" VPOS="2333" HPOS="1819"/>
							<String ID="string_406" HPOS="1849" VPOS="2320" WIDTH="123" HEIGHT="36" WC="0.96" CONTENT="denna"/>
						</TextLine>
					</TextBlock>
				</ComposedBlock>
				<ComposedBlock ID="cblock_3" HPOS="378" VPOS="2372" WIDTH="1388" HEIGHT="58">
					<TextBlock ID="block_6" HPOS="378" VPOS="2372" WIDTH="1388" HEIGHT="58">
						<TextLine ID="line_41" HPOS="378" VPOS="2372" WIDTH="1388" HEIGHT="58">
							<String ID="string_407" HPOS="378" VPOS="2382" WIDTH="66" HEIGHT="48" WC="0.95" CONTENT="lag"/><SP WIDTH="28" VPOS="2382" HPOS="444"/>
							<String ID="string_408" HPOS="472" VPOS="2385" WIDTH="46" HEIGHT="32" WC="0.96" CONTENT="än"/><SP WIDTH="30" VPOS="2385" HPOS="518"/>
							<String ID="string_409" HPOS="548" VPOS="2381" WIDTH="11" HEIGHT="35" WC="0.96" CONTENT="i"/><SP WIDTH="28" VPOS="2381" HPOS="559"/>
							<String ID="string_410" HPOS="587" VPOS="2380" WIDTH="69" HEIGHT="36" WC="0.96" CONTENT="här"/><SP WIDTH="27" VPOS="2380" HPOS="656"/>
							<String ID="string_411" HPOS="683" VPOS="2378" WIDTH="266" HEIGHT="50" WC="0.96" CONTENT="föreliggande"/><SP WIDTH="27" VPOS="2378" HPOS="949"/>
							<String ID="string_412" HPOS="976" VPOS="2377" WIDTH="222" HEIGHT="49" WC="0.93" CONTENT="lagförslag,"/><SP WIDTH="30" VPOS="2377" HPOS="1198"/>
							<String ID="string_413" HPOS="1228" VPOS="2375" WIDTH="96" HEIGHT="38" WC="0.93" CONTENT="evad"/><SP WIDTH="30" VPOS="2375" HPOS="1324"/>
							<String ID="string_414" HPOS="1354" VPOS="2376" WIDTH="64" HEIGHT="36" WC="0.96" CONTENT="det"/><SP WIDTH="26" VPOS="2376" HPOS="1418"/>
							<String ID="string_415" HPOS="1444" VPOS="2379" WIDTH="62" HEIGHT="32" WC="0.96" CONTENT="rör"/><SP WIDTH="29" VPOS="2379" HPOS="1506"/>
							<String ID="string_416" HPOS="1535" VPOS="2372" WIDTH="231" HEIGHT="51" WC="0.93" CONTENT="olycksfall.»"/>
						</TextLine>
					</TextBlock>
				</ComposedBlock>
			</PrintSpace>
		</Page>
	</Layout>
</alto>
