1887 2835
208 180 19 29 4
541 178 327 31 Utrikesutskottets
896 176 178 31 utlåtande
1099 186 42 20 nr
1166 177 19 29 3
1211 176 39 30 år
1277 176 83 29 1968

211 261 65 30 riet
300 260 80 31 1961
404 261 178 40 upplöstes
605 260 179 40 legionens
805 259 515 39 fallskärmsjägarregemente;
1346 257 110 30 under
1480 257 47 29 ett
1550 256 38 30 år
1611 264 86 31 upp-

210 315 109 30 hörde
343 316 46 29 all
412 315 219 40 rekrytering
656 315 51 29 till
732 314 168 40 legionen.
925 312 231 31 Huvuddelen
1180 322 42 20 av
1247 312 159 39 legionen
1427 329 45 3 —
1497 320 75 20 som
1595 310 101 30 totalt

211 370 98 30 torde
327 370 113 30 räkna
458 369 147 41 ungefär
627 369 37 30 15
681 368 61 31 000
764 378 84 21 man
865 386 44 3 —
928 368 37 30 är
985 376 146 21 numera
1151 366 136 40 förlagd
1306 366 53 30 till
1380 365 103 31 södra
1500 364 196 31 Frankrike

211 424 65 29 och
297 424 160 30 Korsika.

255 478 94 30 Även
374 478 128 39 många
527 477 109 30 andra
663 479 106 28 stater
797 478 43 28 än
865 476 195 30 Frankrike
1086 476 199 38 rekryterar
1311 474 193 30 emellertid
1529 472 168 31 utländsk

212 533 161 40 personal
390 532 52 30 till
461 532 54 30 sin
532 532 204 39 krigsmakt,
756 531 65 29 och
839 531 57 30 det
913 531 97 29 torde
1026 549 45 2 —
1088 539 75 20 som
1180 539 83 30 nyss
1281 530 142 29 nämnts
1439 546 45 3 —
1499 537 84 21 vara
1600 528 97 39 ogör-

211 587 62 40 ligt
300 588 49 28 att
375 587 126 39 avgöra
527 596 56 20 om
609 586 100 30 dessa
735 585 189 30 utländska
950 584 149 30 förband
1126 584 88 29 skall
1241 592 100 21 anses
1367 592 85 21 vara
1478 582 219 39 »främlings-

211 641 183 40 legioner».
419 641 100 30 Såväl
544 640 278 31 Storbritannien
846 649 74 20 som
944 639 121 29 Indien
1088 639 198 39 rekryterar
1310 640 24 27 t.
1358 647 50 20 ex.
1432 636 265 41 gurkha-solda-

211 698 52 27 ter
283 696 81 29 från
383 696 117 39 Nepal.
522 695 124 30 Denna
663 694 219 40 rekrytering
903 694 78 29 sker
1000 694 12 29 i
1033 692 239 31 samförstånd
1291 692 79 29 med
1391 692 67 29 den
1477 690 220 40 nepalesiska

211 750 213 40 regeringen.
446 749 119 30 Andra
587 749 153 39 exempel
762 749 71 29 kan
855 748 157 30 anföras:
1035 747 219 40 rekrytering
1275 756 42 20 av
1337 745 191 31 utländska
1548 744 150 31 förband

211 804 58 30 vid
291 805 77 39 krig
392 804 65 30 och
479 803 243 40 inbördeskrig
750 803 39 35 (t.
814 812 49 20 ex.
888 802 66 30 den
978 802 150 30 svenska
1150 800 312 40 frivilligbrigaden
1484 799 111 30 under
1617 799 81 29 Fin-

211 859 102 29 lands
334 858 192 38 vinterkrig
547 858 64 29 och
633 858 66 28 den
721 857 283 29 internationella
1025 856 166 38 brigaden
1213 855 111 29 under
1347 855 153 38 spanska
1521 853 177 30 inbördes-

211 911 129 39 kriget)
371 912 90 28 samt
487 911 56 28 det
568 910 71 29 helt
665 909 182 30 utländskt
872 908 223 39 rekryterade
1123 907 305 38 schweizergardet
1453 907 12 28 i
1490 906 207 30 Vatikanen.

255 966 12 29 I
286 966 66 29 den
369 965 81 30 mån
469 974 74 21 som
560 964 57 29 FN
636 964 110 29 skulle
766 964 142 29 försöka
927 962 164 37 förbjuda
1108 961 216 38 rekrytering
1342 971 42 21 av
1402 960 186 30 utländska
1607 959 92 30 med-

211 1020 146 38 borgare
383 1019 53 29 till
465 1018 101 30 dessa
596 1018 94 29 olika
718 1018 130 29 former
877 1026 42 20 av
946 1016 154 29 militära
1128 1015 158 35 förband,
1318 1015 114 29 skulle
1459 1014 96 29 detta
1581 1013 118 30 vidare

215 1073 194 39 säkerligen
428 1082 43 20 av
489 1073 47 29 ett
555 1072 138 39 mycket
714 1073 86 28 stort
819 1071 94 30 antal
933 1070 277 30 medlemsstater
1231 1078 101 21 anses
1354 1068 110 30 strida
1482 1069 72 28 mot
1575 1067 124 30 artikel

214 1128 34 29 2:
266 1127 16 29 7
304 1127 12 29 i
336 1127 94 29 FN:s
453 1126 122 39 stadga
596 1135 57 20 om
675 1125 128 30 förbud
825 1126 72 28 mot
918 1124 231 39 inblandning
1170 1124 12 29 i
1205 1125 172 27 staternas
1399 1122 74 29 inre
1496 1122 203 38 angelägen-

214 1181 106 29 heter.
340 1181 124 29 Denna
484 1180 123 29 artikel
627 1180 64 28 har
711 1178 156 40 följande
887 1178 145 39 lydelse:

257 1244 106 39 Ingen
393 1243 243 29 bestämmelse
666 1243 12 29 i
708 1242 114 29 denna
854 1241 122 39 stadga
1005 1240 190 39 berättigar
1223 1240 153 29 Förenta
1404 1239 215 29 Nationerna
1649 1239 50 29 att

212 1288 137 40 ingripa
373 1288 12 30 i
411 1288 125 39 frågor,
565 1296 75 21 som
665 1286 215 40 väsentligen
906 1286 85 29 falla
1015 1286 97 29 inom
1136 1284 257 31 vederbörande
1421 1285 88 29 stats
1533 1291 84 31 egen
1643 1283 56 30 be-

212 1334 169 38 hörighet,
407 1334 82 28 eller
511 1333 134 34 kräver,
670 1334 50 27 att
743 1331 277 30 medlemmarna
1041 1330 194 39 hänskjuta
1262 1329 131 30 sådana
1416 1328 119 40 frågor
1556 1328 53 30 till
1632 1328 67 29 lös-

214 1378 83 39 ning
318 1377 105 39 enligt
444 1377 115 29 denna
580 1376 130 40 stadga.
731 1377 123 28 Denna
874 1375 187 39 grundsats
1084 1375 88 29 skall
1193 1374 91 30 dock
1303 1374 29 39 ej
1356 1374 123 38 utgöra
1499 1373 124 29 hinder
1645 1372 54 30 för

212 1423 205 37 vidtagande
440 1432 41 20 av
502 1421 282 38 tvångsåtgärder
806 1420 137 37 jämlikt
964 1420 129 37 kapitel
1115 1419 73 30 VII

256 1494 117 39 Enligt
397 1494 218 29 motionären
640 1493 112 30 skulle
776 1492 223 30 huvuddelen
1025 1501 42 20 av
1090 1492 41 29 de
1155 1490 228 40 legosoldater
1408 1499 74 21 som
1507 1490 157 39 opererat
1688 1489 12 29 i

214 1549 23 28 t.
265 1557 50 20 ex.
342 1548 120 39 Kongo
489 1548 143 28 komma
658 1547 80 29 från
767 1546 110 30 andra
902 1545 140 30 länders
1070 1544 348 39 främlingslegioner.
1448 1543 98 30 Stora
1574 1542 128 39 svårig-

213 1602 97 29 heter
334 1601 183 39 föreligger
542 1603 49 27 att
616 1601 126 39 avgöra
765 1601 67 29 hur
857 1601 72 28 stor
953 1599 53 30 del
1031 1609 42 20 av
1096 1599 41 29 de
1161 1598 238 39 legosoldater,
1427 1606 75 21 som
1526 1596 111 30 under
1663 1596 37 30 år

216 1654 82 31 1967
320 1655 186 39 opererade
528 1654 11 29 i
560 1655 94 29 östra
674 1654 130 39 Kongo,
828 1663 74 20 som
922 1653 147 39 tidigare
1089 1652 89 30 varit
1199 1653 137 29 knutna
1356 1651 53 30 till
1431 1651 111 30 andra
1560 1650 140 30 länders

214 1709 391 39 »främlingslegioner>.
629 1709 75 28 Den
727 1707 183 29 kommitté
934 1707 96 29 inom
1053 1706 218 30 Afrikanska
1294 1704 408 39 enhetsorganisationen

219 1762 139 35 (OUA),
383 1771 74 20 som
478 1762 144 29 tillsatts
644 1761 56 29 för
721 1763 49 27 att
792 1760 123 30 utreda
937 1760 130 30 antalet
1090 1760 23 29 f.
1137 1760 31 29 d.
1193 1759 381 39 främlingslegionärer
1593 1757 107 30 bland

213 1816 101 30 dessa
341 1816 238 39 legosoldater,
609 1815 63 29 har
700 1815 71 29 inte
799 1815 137 29 kunnat
964 1814 95 30 hålla
1088 1814 41 29 de
1158 1813 120 30 förhör
1307 1813 79 29 med
1413 1812 285 40 legosoldaterna,

213 1869 58 30 vid
294 1869 95 30 vilka
413 1868 209 30 kommittén
646 1868 178 39 hoppades
850 1868 123 29 kunna
997 1867 175 30 fastställa
1197 1866 119 30 dessas
1341 1865 159 30 identitet
1528 1865 64 29 och
1617 1865 83 29 bak-

214 1923 124 40 grund.
357 1923 49 29 De
426 1922 89 30 enda
534 1922 177 40 uppgifter
732 1931 74 20 som
826 1921 182 39 föreligger
1030 1922 37 28 är
1086 1921 99 29 listor
1204 1920 45 40 på
1270 1920 217 29 soldaternas
1506 1928 109 20 namn
1635 1918 66 30 och

214 1977 229 29 nationalitet.
472 1977 64 28 Det
564 1976 98 29 torde
690 1976 192 29 emellertid
910 1976 122 28 kunna
1060 1976 100 28 antas
1188 1976 50 27 att
1267 1974 88 30 blott
1383 1983 43 20 en
1453 1972 178 30 minoritet
1660 1981 41 20 av

212 2031 277 39 legosoldaterna
512 2030 38 29 är
573 2030 23 30 f.
621 2030 32 29 d.
677 2028 389 40 främlingslegionärer.

261 2146 174 30 Utskottet
454 2147 69 34 vill,
545 2146 110 30 under
676 2145 218 40 åberopande
914 2155 42 20 av
975 2145 66 30 vad
1063 2154 74 21 som
1157 2154 88 20 ovan
1267 2143 193 35 framförts,
1482 2143 147 30 hänvisa
1647 2142 53 30 till

215 2202 50 28 att
288 2200 56 30 det
366 2200 98 29 torde
486 2209 84 20 vara
592 2200 146 39 ogörligt
761 2202 50 27 att
834 2199 126 39 avgöra
983 2199 94 29 vilka
1100 2198 81 29 från
1202 2197 158 30 utlandet
1383 2196 223 40 rekryterade
1632 2196 69 29 för-

214 2255 93 29 band
335 2264 75 20 som
436 2255 62 29 bör
525 2253 277 30 karaktäriseras
832 2262 74 21 som
936 2251 391 40 »främlingslegioner».
1356 2251 95 30 Även
1478 2260 57 20 om
1563 2250 138 39 enighet

216 2308 113 30 skulle
349 2308 122 29 kunna
492 2307 62 30 nås
575 2317 57 20 om
653 2317 42 19 en
717 2306 185 30 definition
923 2316 42 20 av
987 2307 184 38 begreppet
1193 2304 309 39 främlingslegion,
1524 2303 99 30 torde
1643 2303 58 30 FN

215 2362 101 30 finna
333 2361 51 40 sig
402 2361 198 30 förhindrat
617 2362 50 28 att
684 2362 36 28 ta
737 2369 71 31 upp
827 2360 124 39 frågan
968 2369 57 20 om
1043 2360 48 29 ett
1109 2358 232 31 avskaffande
1359 2367 43 21 av
1420 2358 102 29 dessa
1539 2356 159 35 förband,

215 2415 165 29 eftersom
404 2415 95 29 detta
523 2414 170 40 spörsmål
719 2414 54 29 får
797 2423 101 20 anses
923 2422 83 20 vara
1030 2415 50 27 att
1106 2412 151 29 hänföra
1279 2412 53 29 till
1357 2412 343 29 medlemsstaternas

213 2469 140 29 interna
374 2468 287 39 angelägenheter
683 2468 65 29 och
771 2467 128 34 därför,
924 2466 105 39 enligt
1053 2467 124 29 artikel
1201 2466 68 29 2:7
1292 2465 12 29 i
1326 2465 94 30 FN:s
1444 2465 130 39 stadga,
1599 2464 100 29 faller

213 2521 143 30 utanför
381 2520 421 40 världsorganisationens
828 2520 215 39 kompetens.
