1848 2788
251 188 38 30 12
567 186 124 30 Första
711 184 246 40 lagutskottets
977 182 180 31 utlåtande
1177 191 43 20 nr
1237 180 41 31 27
1297 181 40 30 år
1357 180 84 30 1959

257 272 51 29 att
333 270 141 40 resning
502 269 158 40 beviljas.
687 269 71 30 Mot
784 267 225 40 stadgandets
1036 265 198 39 avfattning
1260 265 71 30 kan
1357 264 12 29 i
1395 263 112 40 övrigt
1533 262 146 34 erinras,
1706 262 53 29 att

256 321 139 39 hänsyn
415 321 30 39 ej
467 320 105 40 tagits
592 320 53 29 till
665 319 57 29 det
742 317 246 36 förhållandet,
1009 318 51 28 att
1081 314 337 40 strafföreläggande
1438 314 71 29 kan
1529 314 156 38 upptaga
1705 319 56 32 ge-

257 373 176 28 mensamt
455 369 105 31 straff
581 369 56 30 för
658 369 88 29 flera
767 368 188 40 gärningar
976 367 65 30 och
1064 368 51 28 att
1135 364 286 40 undanröjandet
1441 363 179 31 måhända
1642 362 119 30 föran-

256 421 93 30 ledes
373 430 44 21 av
438 421 50 29 att
512 419 125 31 endast
664 427 42 21 en
728 428 44 20 av
795 418 103 30 dessa
922 417 188 40 gärningar
1134 415 161 30 befinnes
1318 415 77 29 icke
1420 414 98 30 skola
1544 413 117 39 läggas
1687 412 66 29 den

257 471 210 31 misstänkte
488 470 53 30 till
563 470 79 30 last.

303 522 49 29 På
370 530 46 21 nu
439 520 148 30 anförda
608 520 76 30 skäl
704 519 62 30 bör
785 518 107 40 enligt
910 517 175 40 lagrådets
1105 516 141 39 mening
1267 525 43 21 en
1330 515 148 39 ändring
1497 514 12 29 i
1529 512 231 31 förevarande

258 571 138 40 lagrum
417 571 75 30 icke
512 570 161 39 vidtagas
694 571 85 28 utan
803 568 125 40 frågan
949 568 122 29 därom
1092 566 214 40 uppskjutas
1327 567 11 29 i
1361 564 149 31 avbidan
1531 563 46 40 på
1598 564 163 28 närmare

259 621 198 40 utredning.
481 620 178 31 Måhända
680 619 118 30 kunde
821 618 123 30 därvid
966 618 120 29 finnas
1108 616 214 39 tillräckligt,
1346 617 51 28 att
1420 614 163 40 åtgärder
1604 613 160 39 vidtoges

258 672 12 29 i
294 672 92 40 syfte
411 673 50 28 att
484 671 44 40 på
551 670 161 40 lämpligt
736 670 69 29 sätt
827 688 45 3 —
895 677 123 31 genom
1044 668 164 39 åklagare
1232 666 84 31 eller
1340 664 207 31 annorledes
1569 682 46 3 —
1637 663 123 39 hjälpa

259 722 67 30 den
350 721 81 30 med
455 720 263 40 föreläggandet
743 719 148 30 avsedde
919 720 50 28 att
995 718 91 39 själv
1110 725 125 32 genom
1260 716 123 30 besvär
1408 715 83 31 eller
1517 714 160 30 ansökan
1702 721 57 22 om

259 771 141 40 resning
419 771 221 39 tillvarataga
659 770 59 30 sitt
736 770 158 29 intresse.
914 769 49 29 De
982 768 195 40 legislativa
1196 766 209 40 åtgärderna
1423 765 119 30 kunde
1562 764 45 30 då
1626 763 134 30 kanske

258 822 214 30 inskränkas
488 821 52 30 till
557 820 222 31 föreskrifter
793 820 12 29 i
820 818 217 31 instruktion
1052 818 83 31 eller
1152 826 117 21 annan
1287 815 247 31 adminstrativ
1549 813 211 40 författning

265 872 66 40 (jfr
347 871 330 40 rättegångsbalken
696 871 54 29 12:
767 870 29 35 3,
814 870 51 35 22,
883 869 94 34 24).>

305 923 13 29 I
341 921 188 40 anledning
552 931 42 20 av
615 920 175 40 lagrådets
812 919 206 31 uttalanden
1041 918 102 30 anför
1166 915 385 42 departementschefen
1575 915 11 30 i
1607 914 160 40 proposi-

262 973 119 30 tionen
402 972 172 40 följande:

308 1023 96 31 »Den
421 1023 11 29 i
451 1023 57 29 det
526 1021 224 31 remitterade
768 1021 166 39 förslaget
952 1022 181 37 upptagna
1152 1018 193 40 ändringen
1364 1027 41 20 av
1423 1016 41 31 59
1483 1017 80 39 kap.
1583 1016 18 30 5
1624 1015 15 37 $
1660 1016 105 29 rätte-

261 1073 237 40 gångsbalken
517 1073 114 40 syftar
649 1072 52 30 till
722 1074 49 28 att
789 1072 117 39 öppna
923 1070 184 40 möjlighet
1126 1069 55 31 för
1201 1069 189 39 åklagaren
1409 1069 49 29 att
1477 1067 53 30 till
1550 1065 141 32 förmån
1708 1065 58 30 för

261 1124 67 30 den
350 1133 75 21 som
445 1126 49 28 ett
515 1122 338 40 strafföreläggande
872 1130 100 21 avser
992 1121 77 30 föra
1090 1121 96 29 talan
1207 1128 57 21 om
1285 1117 281 41 föreläggandets
1587 1116 180 31 undanrö-

260 1174 118 40 jande.
394 1174 116 39 Enligt
526 1173 75 30 min
616 1173 141 39 mening
772 1173 64 30 bör
852 1181 43 21 en
910 1171 207 40 lagändring
1132 1170 80 30 med
1228 1169 96 31 detta
1336 1168 217 41 begränsade
1570 1167 91 40 syfte
1675 1167 90 29 kun-

261 1234 46 21 na
328 1224 222 40 genomföras
571 1226 87 28 utan
680 1223 110 30 sådan
810 1222 200 40 ytterligare
1032 1220 189 40 utredning
1242 1229 74 21 som
1338 1219 157 40 lagrådet
1517 1218 157 40 antyder.
1696 1217 70 30 An-

260 1275 143 40 ledning
425 1277 50 28 att
495 1275 10 29 i
527 1284 48 20 nu
598 1273 229 31 förevarande
850 1272 256 39 sammanhang
1128 1272 169 38 överväga
1318 1279 57 21 om
1396 1270 177 39 klagorätt
1594 1269 55 29 för
1670 1268 95 30 åkla-

262 1334 80 31 gare
364 1326 62 30 bör
447 1325 140 40 medges
612 1326 88 29 även
720 1324 54 31 till
794 1333 81 21 men
898 1323 55 30 för
975 1323 67 30 den
1065 1331 75 22 som
1162 1320 355 40 strafföreläggandet
1541 1328 99 21 avser
1663 1327 102 32 synes

262 1377 71 39 mig
351 1376 30 40 ej
403 1376 177 39 föreligga.
598 1375 116 40 Några
730 1374 175 31 särskilda
921 1373 298 40 komplikationer
1236 1381 102 31 synes
1354 1371 33 40 ej
1407 1371 110 29 heller
1533 1369 130 41 uppstå
1680 1369 11 29 i
1709 1369 56 30 det

264 1437 41 20 av
322 1426 155 40 lagrådet
492 1426 151 30 berörda
656 1425 110 35 fallet,
784 1427 51 28 att
852 1423 338 40 strafföreläggande
1208 1424 128 38 upptar
1354 1423 217 38 gemensamt
1589 1419 106 32 straff
1711 1419 58 30 för

264 1478 89 30 flera
381 1478 188 39 gärningar
595 1477 67 30 och
688 1476 285 39 undanröjandet
1000 1475 200 30 föranledes
1227 1484 42 19 av
1296 1476 50 27 att
1373 1473 124 30 endast
1524 1481 43 21 en
1595 1481 41 21 av
1663 1472 102 29 dessa

262 1527 189 40 gärningar
472 1527 161 30 befinnes
655 1526 77 30 icke
751 1526 102 29 skola
874 1526 118 38 läggas
1015 1525 69 29 den
1104 1524 210 30 misstänkte
1336 1523 53 31 till
1411 1524 77 29 last.
1511 1521 172 40 Lagrådet
1708 1530 58 21 an-

263 1578 102 39 tyder
381 1579 86 29 även
485 1577 230 40 möjligheten
733 1579 49 27 att
800 1576 125 40 frågan
943 1575 114 31 skulle
1074 1575 124 29 kunna
1214 1575 92 29 lösas
1325 1582 124 30 genom
1468 1572 162 40 åtgärder
1647 1573 11 30 i
1677 1571 93 41 syfte

265 1631 50 27 att
333 1628 45 40 på
396 1628 158 39 lämpligt
574 1629 69 29 sätt
661 1627 122 40 hjälpa
802 1627 67 30 den
888 1626 79 30 med
986 1625 262 40 föreläggandet
1264 1624 153 30 avsedde
1433 1626 54 28 att
1506 1624 91 39 själv
1614 1622 154 31 tillvara-

265 1681 80 38 taga
362 1679 59 30 sitt
437 1678 158 30 intresse.
636 1686 42 31 Jag
695 1687 101 20 anser
813 1677 57 30 det
886 1676 193 31 emellertid
1096 1685 84 21 vara
1197 1685 44 20 en
1255 1675 168 39 riktigare
1437 1674 153 39 ordning
1607 1675 49 28 att
1673 1673 95 29 åkla-

265 1737 106 31 garen
389 1729 54 30 får
460 1729 184 39 möjlighet
661 1730 50 28 att
728 1728 90 39 själv
834 1727 210 31 föranstalta
1061 1736 57 20 om
1135 1726 141 30 rättelse
1296 1725 45 30 då
1356 1726 72 29 han
1445 1724 119 31 funnit
1582 1726 50 28 att
1649 1723 46 30 fel
1712 1724 59 29 be-

263 1780 92 40 gåtts
371 1780 57 30 vid
446 1780 212 30 utfärdande
677 1789 42 20 av
737 1779 347 39 strafföreläggande.
1104 1778 179 38 Förslaget
1302 1777 121 30 därom
1444 1785 103 30 synes
1567 1775 120 31 därför
1706 1775 59 29 bö-

264 1839 39 20 ra
318 1829 253 41 genomföras.»

409 1984 36 34 C.
473 1984 267 34 Domareedens
766 1983 195 44 utbytande
986 1989 77 26 mot
1085 1981 174 44 högtidlig
1280 1980 190 34 försäkran
1492 1992 50 21 m.
1565 1992 50 21 m.

266 2066 165 30 Gällande
450 2064 258 31 bestämmelser

306 2133 14 29 I
338 2133 20 30 4
375 2133 80 39 kap.
475 2133 36 29 11
533 2132 15 36 $
568 2130 331 41 rättegångsbalken
918 2130 140 39 stadgas
1077 2129 173 40 följande:

309 2192 150 29 Domare
476 2190 100 34 skall,
593 2190 111 30 innan
719 2190 71 29 han
807 2189 59 30 må
882 2189 208 39 tjänstgöra,
1109 2188 144 39 avlägga
1269 2187 115 30 denna
1399 2187 56 29 ed:

313 2234 85 38 »>Jag
414 2233 95 29 N.N.
527 2233 97 29 lovar
641 2232 65 30 och
723 2231 181 30 försäkrar
919 2230 95 30 inför
1031 2230 77 30 Gud
1125 2230 68 29 den
1211 2229 219 39 allsmäktige
1446 2229 66 29 och
1528 2228 58 29 vid
1604 2228 89 30 hans
1711 2228 58 29 he-

265 2275 70 39 liga
351 2275 73 34 ord,
441 2277 49 27 att
506 2275 60 39 jag
583 2274 60 30 vill
660 2274 65 30 och
742 2274 89 30 skall
848 2273 89 30 efter
952 2273 80 29 mitt
1048 2272 101 30 bästa
1165 2271 161 30 förstånd
1343 2272 65 29 och
1425 2273 153 28 samvete
1595 2270 12 29 i
1624 2270 68 30 alla
1707 2270 61 29 do-

264 2326 77 20 mar
361 2318 69 28 rätt
452 2318 92 38 göra,
565 2316 31 40 ej
619 2316 137 30 mindre
777 2316 67 29 den
865 2315 122 39 fattige
1009 2316 44 29 än
1074 2315 68 29 den
1161 2314 85 34 rike,
1267 2314 65 29 och
1353 2314 103 29 döma
1476 2312 89 30 efter
1585 2312 95 30 Guds
1701 2312 65 29 och

267 2359 156 39 Sveriges
441 2359 55 39 lag
514 2359 66 29 och
600 2359 78 39 laga
699 2358 155 39 stadgar;
877 2357 111 39 aldrig
1005 2357 56 39 lag
1079 2357 132 38 vränga
1228 2356 83 30 eller
1328 2357 91 28 orätt
1437 2355 133 39 främja
1587 2354 55 29 för
1661 2354 107 29 släkt-

267 2401 97 39 skap,
383 2401 222 39 svågerskap,
621 2401 169 38 vänskap,
808 2399 127 35 avund,
952 2399 127 40 illvilja
1095 2398 83 30 eller
1194 2398 189 39 räddhåga,
1401 2398 30 39 ej
1451 2397 109 29 heller
1577 2396 55 29 för
1649 2398 119 27 mutor

266 2443 65 29 och
349 2443 105 39 gåvor
470 2443 83 29 eller
570 2452 119 20 annan
706 2442 115 34 orsak,
838 2442 112 29 under
966 2441 67 31 vad
1051 2441 86 30 sken
1153 2440 57 30 det
1226 2449 84 21 vara
1325 2440 72 35 må;
1416 2439 31 39 ej
1468 2439 68 30 den
1553 2439 102 29 saker
1674 2439 91 38 göra,

267 2494 75 20 som
365 2485 116 30 saklös
503 2486 48 32 är,
572 2485 83 29 eller
675 2485 66 29 den
762 2484 128 34 saklös,
911 2493 75 21 som
1006 2483 103 31 saker
1128 2484 48 28 är.
1196 2483 65 39 Jag
1281 2482 89 30 skall
1388 2482 133 30 varken
1541 2480 84 37 förr,
1646 2481 44 29 än
1709 2480 60 29 do-
