1910 2856
513 158 396 34 Jordbruksutskottets
931 156 188 33 utlåtande
1142 156 52 31 Nr
1218 156 30 31 2.
1547 153 42 32 28

126 239 81 38 jord
233 239 21 31 å
281 238 262 37 ofullständiga
569 237 176 37 jordbruk
772 236 128 32 anvisa
928 235 55 32 för
1009 234 214 37 budgetåret
1250 232 171 36 1933/1934
1448 234 52 30 ett
1527 232 104 30 extra

128 290 368 37 reservationsanslag
524 299 45 21 av
595 289 159 36 1,300,000
781 288 140 35 kronor,
949 297 112 21 varav
1089 286 128 35 100,000
1243 285 129 31 kronor
1400 284 100 32 skola
1528 293 102 22 avses

128 344 55 31 för
210 342 233 32 utlämnande
469 352 45 21 av
540 341 129 36 bidrag
695 340 57 32 till
778 339 237 38 jordkörning
1041 349 46 20 av
1113 337 178 37 myrjord;

166 394 32 35 3)
225 395 51 31 II:
292 395 57 31 370
374 404 45 22 av
443 394 126 31 herrar
595 393 207 32 Andersson
827 392 12 31 i
865 391 117 31 Leabo
1006 391 65 30 och
1098 390 189 31 Petersson
1312 388 13 31 i
1349 387 174 38 Broaryd,
1551 387 80 31 vari

128 447 230 32 beträffande
375 456 48 21 nu
440 444 284 38 ifrågavarande
741 444 125 36 anslag
884 443 213 35 hemställts,
1114 443 54 30 att
1186 442 99 31 detta
1303 440 126 36 anslag
1447 440 112 31 måtte
1577 439 55 31 be-

127 501 173 30 stämmas
321 498 57 32 till
399 498 158 36 1,300,000
578 497 141 31 kronor.

166 551 240 32 Beträffande
435 551 42 31 de
504 550 89 36 skäl,
622 559 75 22 som
725 549 140 31 anförts
893 547 58 32 till
979 546 81 32 stöd
1089 546 56 31 för
1174 546 104 31 dessa
1306 543 324 37 framställningar,

128 603 170 32 hänvisas
319 603 57 31 till
393 602 233 32 motionerna.

167 707 59 31 Av
251 705 303 33 statsfinansiella
579 705 142 36 hänsyn
746 704 73 31 kan
843 703 175 32 utskottet
1045 702 87 35 icke,
1158 701 117 31 såsom
1300 701 12 30 i
1339 700 41 32 de
1406 699 130 32 väckta
1561 709 70 21 mo-

129 759 164 31 tionerna
320 758 224 36 ifrågasatts,
569 756 185 37 tillstyrka
781 756 108 35 högre
915 754 128 36 anslag
1071 753 55 31 för
1153 752 282 37 ifrågavarande
1462 750 170 32 ändamål

127 814 47 29 än
197 810 135 37 Kungl.
356 809 109 37 Maj:t
488 808 188 37 föreslagit
698 808 86 31 eller
806 816 138 23 samma
967 805 137 37 belopp,
1128 805 158 36 1,200,000
1308 804 140 36 kronor,
1472 813 76 22 som
1571 811 60 22 an-

129 863 112 31 visats
264 863 55 31 för
339 862 151 37 löpande
512 861 223 36 budgetåret.

165 915 82 32 Vad
268 914 114 36 angår
403 912 160 38 speciellt
584 913 58 31 det
664 912 11 31 i
696 911 181 32 motionen
897 910 53 31 II:
964 910 59 31 361
1043 909 137 37 jämväl
1202 908 224 32 innefattade
1448 907 183 36 förslaget,

127 969 54 30 att
205 977 47 21 av
276 965 282 37 ifrågavarande
583 964 126 37 anslag
733 963 115 32 skulle
874 963 38 31 få
936 963 88 36 utgå
1049 961 128 36 bidrag
1202 964 92 29 även
1319 961 55 31 för
1398 959 234 37 jordförbätt-

127 1020 82 35 ring
231 1027 127 28 genom
379 1017 198 37 påförande
599 1027 45 21 av
666 1015 235 37 mineraljord
922 1016 21 30 å
966 1013 163 38 myrjord
1151 1011 277 38 (jordkörning),
1450 1021 104 21 anser
1577 1011 55 36 sig

129 1071 173 31 utskottet
329 1070 76 31 icke
431 1069 121 31 kunna
579 1069 45 36 på
651 1067 226 38 grundvalen
902 1067 155 31 allenast
1080 1075 46 21 av
1153 1065 69 31 vad
1248 1065 11 30 i
1286 1064 180 31 motionen
1491 1063 140 31 anförts

128 1123 95 31 fatta
250 1122 160 31 bestämd
436 1120 224 37 ståndpunkt
687 1120 57 31 till
772 1120 116 31 denna
916 1118 116 36 fråga.
1080 1116 219 37 Spörsmålet
1326 1125 105 28 synes
1458 1115 174 32 utskottet

127 1174 201 32 emellertid
352 1183 88 22 vara
463 1172 154 37 förtjänt
639 1183 45 21 av
708 1174 54 29 att
785 1171 99 31 bliva
907 1169 152 32 föremål
1084 1169 55 31 för
1162 1171 167 29 närmare
1354 1167 277 36 undersökning.

129 1227 183 32 Utskottet
337 1226 65 31 vill
425 1225 125 32 därför
576 1224 155 36 förorda,
757 1224 54 31 att
836 1221 272 36 framställning
1132 1221 126 31 härom
1282 1223 101 34 göres
1408 1220 64 31 hos
1497 1219 135 36 Kungl.

128 1278 120 37 Maj:t.

167 1330 124 33 Under
317 1329 225 37 åberopande
568 1338 47 22 av
638 1328 59 32 det
722 1327 154 32 anförda
901 1325 208 33 hemställer
1134 1324 184 37 utskottet,

571 1416 55 30 att
651 1415 194 35 riksdagen
869 1414 59 30 må

571 1466 32 35 1)
628 1467 80 31 med
733 1465 106 32 bifall
862 1465 57 32 till
943 1464 137 36 Kungl.
1106 1463 129 36 Maj:ts
1261 1462 237 32 förevarande
1524 1462 108 31 fram-

531 1518 174 36 ställning
729 1518 65 31 och
817 1517 80 31 med
919 1516 126 36 avslag
1069 1516 21 31 å
1114 1514 224 32 motionerna
1361 1514 32 31 I:
1408 1514 58 31 148
1489 1514 65 30 och
1578 1513 52 31 II:

530 1571 58 31 282
609 1574 168 28 ävensom
799 1571 21 29 å
840 1568 225 31 motionerna
1087 1567 114 31 II:361
1223 1566 230 31 beträffande
1474 1565 159 35 anslags-

531 1623 164 36 beloppet
716 1622 65 31 och
803 1622 21 30 å
846 1620 115 31 II:370
983 1620 12 30 i
1019 1619 70 31 vad
1110 1619 67 31 den
1199 1619 102 30 berör
1324 1628 48 21 nu
1395 1617 238 32 förevarande

531 1674 137 36 anslag,
691 1674 55 31 för
771 1672 233 32 utlämnande
1029 1671 113 31 under
1166 1670 78 31 1934
1264 1680 45 21 av
1332 1669 221 36 statsbidrag
1576 1669 57 32 till

531 1726 174 37 nyodling
730 1726 65 31 och
821 1723 321 36 betesförbättring
1168 1725 169 29 ävensom
1362 1721 225 36 stenröjning
1612 1722 21 30 å

531 1778 263 36 ofullständiga
834 1776 176 37 jordbruk
1051 1775 128 31 anvisa
1211 1775 55 31 för
1298 1774 212 36 budgetåret
1542 1773 91 35 1933/

532 1831 78 30 1934
634 1832 51 30 ett
709 1831 103 29 extra
838 1827 370 35 reservationsanslag
1233 1837 45 20 av
1303 1826 158 36 1,200,000
1486 1826 145 34 kronor;

571 1882 33 34 2)
629 1882 80 31 med
736 1880 194 36 anledning
957 1890 45 20 av
1030 1879 180 30 motionen
1237 1878 125 31 II:361
1386 1878 12 30 i
1425 1877 120 36 övrigt
1573 1886 59 22 an-

532 1934 108 35 hålla,
667 1936 54 28 att
745 1933 134 35 Kungl.
906 1931 111 36 Maj:t
1042 1930 85 30 ville
1154 1931 75 29 låta
1255 1929 217 31 föranstalta
1497 1939 56 21 om
1580 1930 53 29 ut-

532 1986 153 35 redning
709 1984 182 31 huruvida
915 1984 64 30 och
1005 1983 11 30 i
1042 1983 67 30 vad
1136 1983 83 29 mån
1245 1982 82 30 från
1350 1981 283 35 ifrågavarande

532 2037 127 36 anslag
680 2037 128 35 bidrag
829 2037 57 30 må
907 2035 89 36 utgå
1017 2034 136 36 jämväl
1176 2034 55 30 för
1252 2032 304 37 jordförbättring
1578 2041 54 27 ge-

533 2099 82 21 nom
643 2088 198 37 påförande
871 2098 45 20 av
947 2085 235 36 mineraljord
1213 2086 21 30 å
1264 2084 162 37 myrjord
1460 2084 172 37 (jordkör-

532 2140 102 37 ning)
665 2143 168 28 ävensom
862 2139 55 31 för
946 2138 193 35 riksdagen
1167 2136 204 36 framlägga
1400 2137 58 30 det
1487 2136 145 35 förslag,

534 2193 125 31 vartill
683 2191 241 35 utredningen
944 2191 59 30 må
1028 2189 196 32 föranleda.

169 2313 90 36 53:0)
283 2314 145 31 Statens
447 2313 119 31 lokala
586 2310 433 32 fiskeriadministration.
1058 2308 82 31 Med
1161 2307 255 36 tillstyrkande
1436 2318 44 19 av
1501 2306 133 36 Kungl.

131 2367 127 36 Maj:ts
286 2365 134 36 förslag
446 2365 112 30 under
581 2363 115 36 punkt
720 2363 57 30 127
802 2361 207 31 hemställer
1035 2360 185 34 utskottet,

1691 704 135 24 Utskottet.
