1912 2852
304 118 20 30 2
645 117 400 33 Jordbruksutskottets
1072 118 188 32 utlåtande
1286 118 53 33 Nr
1359 119 31 31 2.

702 196 55 29 att
792 194 193 37 riksdagen
1020 197 59 30 må
1114 197 115 30 såsom
1255 196 129 36 bidrag
1410 196 57 32 till
1492 196 201 31 avlönande
1719 205 48 21 av

663 246 110 31 förste
795 246 207 32 assistenter
1025 247 63 32 hos
1110 247 396 37 lantbruksingenjörer
1529 250 167 29 ävensom
1720 256 48 23 av

662 298 209 31 assistenter
901 298 62 32 hos
991 299 396 36 lantbruksingenjörer
1418 299 64 31 och
1513 298 254 33 lantbrukssti-

662 349 188 37 pendiater
891 350 55 31 för
985 350 212 37 budgetåret
1226 350 172 35 1933/1934
1426 350 127 33 anvisa
1581 352 52 30 ett
1663 352 105 30 extra

664 401 283 37 förslagsanslag
967 412 46 21 av
1032 402 108 36 80,500
1159 402 141 31 kronor.

300 493 72 37 3:0)
394 494 330 34 Centralanstalten
745 495 60 33 för
825 495 315 34 försöksväsendet
1161 496 46 39 på
1229 496 369 39 jordbruksområdet.
1629 497 138 38 Kungl.

261 546 129 37 Maj:ts
415 549 112 30 under
551 548 160 36 punkten
735 549 19 30 8
779 551 185 33 upptagna
990 549 134 36 lörslag
1148 550 161 30 ansluter
1334 549 54 37 sig
1414 549 55 31 till
1491 550 78 31 1931
1592 550 60 31 års
1677 549 90 32 riks-

261 598 89 38 dags
396 599 117 31 beslut
560 600 151 31 rörande
750 600 306 37 omorganisation
1083 610 46 21 av
1156 600 67 32 den
1250 600 110 37 högre
1387 600 380 32 lantbruksundervis-

260 650 135 37 ningen
418 651 112 37 (prop.
551 661 43 21 nr
616 651 71 37 143;
711 651 42 32 R.
774 651 72 32 skr.
866 661 43 21 nr
930 652 86 34 296).
1058 651 187 37 Förslaget
1266 653 66 31 har
1353 652 200 33 emellertid
1576 652 193 37 uppgjorts

260 703 82 31 med
370 702 233 37 iakttagande
632 704 53 30 att
712 705 52 29 ett
794 704 267 36 överflyttande
1088 714 45 21 av
1161 704 337 33 centralanstaltens
1526 705 241 37 avdelningar

262 754 57 31 för
346 754 102 36 kemi,
474 755 237 36 bakteriologi
735 755 65 31 och
827 755 146 31 botanik
1002 755 81 35 (den
1110 765 124 22 senare
1261 756 241 37 avdelningen
1530 756 56 32 till
1614 757 68 31 den
1710 756 58 33 del

262 806 69 31 den
352 805 32 37 ej
406 806 119 36 ingått
546 806 12 31 i
580 808 136 30 statens
736 806 375 37 växtskyddsanstalt)
1135 807 55 32 till
1211 806 389 39 lantbrukshögskolan
1621 808 63 32 vid
1706 808 61 32 Ul-

261 858 89 31 tuna
375 859 91 30 samt
492 858 78 31 dess
595 857 322 38 mejeriavdelning
942 858 57 31 till
1025 858 211 37 lantbruks-,
1263 858 139 37 mejeri-
1428 859 64 32 och
1520 860 247 36 trädgårdsin-

261 909 143 31 stitutet
425 909 63 31 vid
509 909 140 37 Alnarp
670 910 79 31 med
773 909 140 37 hänsyn
936 909 56 32 till
1013 910 377 36 byggnadsarbetenas
1412 911 269 32 fortskridande
1703 911 65 32 vid

260 960 139 32 Ultuna
420 960 64 32 och
504 960 139 38 Alnarp
664 961 32 36 ej
718 961 71 32 kan
811 961 60 31 ske
893 962 123 30 förrän
1038 962 112 31 under
1172 962 212 36 budgetåret
1406 962 181 35 1934/1935.

302 1011 83 33 Med
406 1011 254 38 tillstyrkande
683 1022 46 22 av
752 1012 106 32 bifall
881 1012 56 31 till
960 1013 172 36 förslaget
1152 1013 207 31 hemställer
1383 1014 184 37 utskottet,

704 1082 55 30 att
778 1081 193 37 riksdagen
989 1083 58 31 må

702 1141 33 37 1)
754 1142 133 32 räknat
906 1143 82 31 från
1006 1143 64 32 och
1088 1143 79 32 med
1185 1143 68 33 den
1275 1144 19 30 1
1316 1143 68 38 juli
1407 1143 78 32 1933
1497 1143 197 33 bestämma
1705 1152 63 23 an-

661 1193 90 33 talet
774 1194 181 32 ordinarie
979 1195 360 37 befattningshavare
1362 1196 60 32 vid
1447 1195 319 32 centralanstalten

663 1246 56 31 för
745 1246 312 33 försöksväsendet
1081 1248 47 35 på
1153 1247 356 37 jordbruksområdet
1533 1249 47 36 på
1605 1247 163 38 följande

663 1298 88 32 sätt:

660 1356 150 30 Befattning
1331 1343 7 11 |
1638 1360 132 30 Lönegrad

661 1402 18 31 5
702 1402 463 37 avdelningsföreståndare
1205 1427 429 8 ................s..er.e
1659 1403 30 32 B
1711 1403 41 32 30

661 1454 18 30 1
701 1453 255 33 ÖVETassiaslönt
981 1449 150 48 smsedis
1149 1478 25 8 oc
1186 1478 26 8 ss
1226 1449 69 48 seine
1308 1479 26 6 ss
1350 1478 24 7 ne
1389 1479 26 6 sö
1428 1479 27 6 Rd
1479 1479 54 6 ås
1548 1479 46 6 RR
1660 1455 30 31 B
1710 1455 41 32 26

661 1506 19 30 1
702 1505 182 32 laborator
922 1530 708 8 ............sssseostorserr
1444 1501 59 47 ere
1523 1501 30 47 rr
1561 1501 31 47 rr
1599 1501 34 47 rr
1658 1507 30 32 B
1710 1507 40 31 26

660 1557 20 31 4
700 1557 246 32 VAktmnaSstälö:
1004 1582 628 8 mocscssmnssncss
1208 1553 21 47 ss
1240 1553 124 47 esse:
1381 1553 48 47 sn:
1440 1553 54 47 Ean
1504 1553 45 47 3:
1560 1553 34 47 es
1601 1553 34 47 Ra
1660 1559 30 32 B
1732 1560 34 36 7;

701 1608 33 37 2)
765 1609 146 37 besluta,
936 1610 54 31 att
1017 1611 319 36 övergångsstaten
1364 1611 56 31 för
1446 1611 321 32 centralanstalten

663 1660 93 32 skall
780 1662 84 30 från
885 1661 63 32 och
970 1661 80 32 med
1071 1662 68 32 den
1158 1663 19 29 1
1198 1661 69 37 juli
1286 1662 79 32 1933
1387 1664 160 36 upptaga

660 1721 148 30 Befattning
1639 1724 132 30 Lönegrad

661 1766 20 31 1
704 1765 255 32 ÖVEraAsSSlslönt
1005 1761 105 47 momsen:
1124 1761 67 47 svsens
1203 1790 28 8 os
1243 1761 23 47 ev
1282 1791 28 7 sd
1326 1791 25 7 nd
1370 1791 61 8 rg
1464 1791 87 8 FS
1573 1792 59 7 GG
1660 1769 29 31 B
1711 1769 54 36 26;

704 1830 82 23 Anm.
815 1824 240 29 Överassistenten
1074 1829 70 24 skall
1162 1830 156 31 tjänstgöra
1336 1829 48 25 vid
1401 1831 263 24 centralanstaltens
1676 1831 96 25 avdel-

661 1873 69 31 ning
748 1873 43 23 för
809 1873 201 30 mejeriförsök.

703 1913 33 37 3)
761 1915 190 35 godkänna
978 1924 47 22 av
1052 1915 389 36 departementschefen
1470 1915 12 32 i
1509 1917 257 36 statsrådspro-

663 1965 148 32 tokollet
832 1966 189 31 iörordade
1045 1966 135 37 förslag
1202 1966 57 31 till
1282 1966 181 33 ordinarie
1485 1969 72 30 stat
1580 1968 63 31 och
1668 1970 98 29 över-

663 2017 190 36 gångsstat
877 2018 54 30 för
956 2017 320 32 centralanstalten
1302 2018 56 31 för
1383 2018 310 33 försöksväsendet
1720 2019 47 37 på

663 2068 365 37 jordbruksområdet,
1048 2070 55 31 att
1124 2069 182 37 tillämpas
1329 2070 82 31 från
1432 2071 65 31 och
1517 2071 80 32 med
1619 2071 147 36 budget-

664 2121 78 30 året
763 2120 185 36 1933/1934;

703 2170 33 36 4)
761 2171 141 32 minska
928 2172 182 32 ordinarie
1136 2172 319 37 förslagsanslaget
1483 2173 56 32 till
1567 2175 200 31 centralan-

663 2223 132 31 stalten
826 2224 55 30 för
910 2224 310 32 försöksväsendet
1249 2226 45 34 på
1322 2224 365 37 jordbruksområdet,
1717 2236 50 22 nu

664 2275 130 36 337,000
813 2275 140 37 kronor,
972 2276 81 31 med
1074 2276 107 35 47,500
1203 2276 131 31 kronor
1357 2276 56 32 till
1434 2276 129 35 289,500
1584 2278 142 32 kronor.

303 2376 71 38 4:0)
398 2377 146 33 Statens
572 2377 373 38 växtskyddsanstalt.
993 2377 86 33 Med
1107 2378 255 37 tillstyrkande
1393 2389 47 22 av
1469 2379 136 39 Kungl.
1635 2381 132 37 Maj:ts

264 2431 113 31 under
396 2430 161 37 punkten
577 2429 18 31 9
615 2430 229 31 framställda
864 2430 134 36 förslag
1019 2430 250 32 innefattande
1289 2431 153 32 allenast
1461 2434 52 29 ett
1533 2432 234 37 fullföljande
