1910 2854
655 170 399 33 Jordbruksutskottets
1081 173 188 32 utlåtande
1297 175 52 31 Nr
1375 177 29 28 2.

716 246 33 36 2)
769 247 128 32 räknat
917 249 84 31 från
1019 250 64 31 och
1101 251 80 31 med
1201 251 66 31 den
1285 253 17 29 1
1319 252 190 32 november
1525 254 88 36 1933,
1631 254 151 33 bestäm-

674 308 61 21 ma
755 299 135 32 antalet
911 299 370 40 befattningshavare,
1302 304 181 32 anställda
1503 305 78 32 med
1601 306 74 32 viss
1696 316 86 28 upp-

674 350 230 38 sägningstid
928 361 82 23 men
1031 353 80 32 med
1134 353 173 39 avlöning
1331 356 45 36 på
1400 357 73 31 sätt
1498 356 279 38 departements-

674 401 129 33 chefen
822 403 11 31 i
856 404 394 37 statsrådsprotokollet
1272 406 179 37 tillstyrkt
1470 408 114 38 enligt
1607 410 56 32 för
1684 410 93 33 ordi-

675 454 103 31 narie
826 455 223 36 tjänstemän
1089 457 165 36 gällande
1284 458 277 39 bestämmelser,
1591 461 64 32 vid
1685 462 91 32 före-

675 505 159 33 nämnda
855 506 148 33 institut
1026 509 47 36 på
1096 508 162 38 följande
1280 511 89 31 sätt:

674 565 147 30 Befattning
1632 574 129 30 Lönegrad

672 609 20 31 1
716 609 247 34 föreståndare
993 612 57 31 för
1078 612 432 40 lantbruksavdelningen
1544 641 68 8 ....
1659 617 82 33 B928

673 661 19 30 1
715 661 247 34 föreståndare
993 664 56 31 för
1079 664 433 40 trädgårdsavdelningen
1544 692 68 9 ....
1659 669 82 33 B28

671 712 20 32 53
713 713 243 33 ämneslärare
985 715 63 32 vid
1079 716 431 40 lantbruksavdelningen
1544 743 67 9 ....
1658 720 83 32 B24

671 763 19 31 3
713 765 243 32 ämneslärare
986 766 61 32 vid
1078 767 433 40 trädgårdsavdelningen
1547 795 67 9 ....
1661 772 24 32 B
1704 773 53 37 20;

712 835 81 24 Anm.
848 835 59 26 Två
945 838 371 33 ämneslärarbefattningar
1353 840 46 25 vid
1435 841 341 34 lantbruksavdelningen

671 878 83 25 skola
777 878 89 25 hållas
889 879 134 30 vakanta,
1044 881 54 24 den
1121 889 52 17 ena
1196 882 31 24 så
1250 883 82 31 länge
1352 883 16 25 å
1390 883 214 33 övergångsstat
1628 886 46 24 för
1696 885 78 26 insti-

672 922 70 23 tutet
759 921 92 25 finnes
868 930 34 16 en
918 923 147 31 professor
1081 924 7 24 i
1103 924 219 31 jordbrukslära
1339 927 52 24 och
1407 927 296 31 lantbruksekonomi,
1719 929 56 25 den

937 965 8 8 2

671 965 91 24 andra
782 964 31 25 så
832 966 81 31 länge
933 974 16 16 å
967 974 110 17 samma
1097 969 55 23 stat
1172 968 94 25 finnes
1286 977 35 17 en
1339 970 146 31 professor
1505 971 8 24 i
1534 971 208 32 husdjurslära.

711 1048 33 37 3)
769 1049 148 39 besluta,
934 1053 55 31 att
1017 1052 9 32 å
1044 1054 274 36 övergångsstat
1336 1055 55 32 för
1408 1055 213 38 lantbruks-,
1638 1057 141 37 mejeri-

670 1101 66 31 och
757 1101 374 37 trädgårdsinstitutet
1151 1105 60 31 vid
1232 1105 140 38 Alnarp
1392 1106 99 33 skola
1511 1107 83 32 från
1614 1109 65 31 och
1699 1108 80 33 med

669 1151 70 33 den
760 1154 18 30 1
797 1154 191 32 november
1007 1156 78 31 1933
1106 1157 173 35 uppföras
1299 1159 209 31 nuvarande
1529 1159 249 34 innehavarna

669 1214 49 22 av
747 1205 273 36 professurerna
1048 1207 63 33 vid
1139 1208 203 32 lantbruks-
1373 1210 64 31 och
1466 1210 312 37 mejeriinstitutet

668 1255 64 33 vid
752 1256 139 38 Alnarp
911 1258 12 31 i
942 1257 75 33 dels
1035 1258 274 37 jordbrukslära
1328 1261 64 31 och
1412 1261 365 39 lantbruksekonomi,

667 1307 78 32 dels
769 1308 214 33 hästskötsel
1008 1312 93 30 samt
1124 1311 218 36 husdjurens
1364 1312 114 32 hälso-
1502 1313 64 32 och
1590 1314 187 38 sjukvård,

670 1358 75 33 dels
765 1360 64 31 ock
850 1361 268 38 husdjurslära;

710 1421 80 25 Anm.
826 1421 220 26 Professorerna
1064 1424 7 24 i
1088 1423 219 32 jordbrukslära
1323 1426 53 24 och
1394 1426 287 26 lantbruksekonomi
1698 1428 74 23 samt

669 1463 7 24 i
699 1464 199 31 husdjurslära
919 1466 81 24 skola
1024 1465 63 25 från
1109 1467 53 24 och
1184 1468 63 24 med
1270 1468 54 25 den
1348 1469 11 23 1
1382 1469 154 25 november
1559 1470 64 26 1933
1646 1470 127 25 bestrida

670 1507 203 32 undervisning
903 1508 46 25 vid
979 1509 170 30 lantbruks-,
1180 1510 111 32 mejeri-
1321 1512 53 24 och
1405 1511 290 33 trädgårdsinstitutet
1724 1513 47 26 vid

669 1550 106 32 Alnarp
806 1551 7 24 i
843 1550 228 32 jordbrukslära,
1102 1553 157 32 respektive
1290 1554 206 32 husdjurslära.
1560 1555 170 26 Professorn
1762 1556 8 24 i

668 1592 173 26 hästskötsel
867 1597 73 21 samt
967 1595 172 31 husdjurens
1167 1596 92 25 hälso-
1284 1598 53 24 och
1364 1597 137 32 sjukvård
1528 1599 73 25 skall
1626 1599 65 26 från
1717 1600 53 24 och

667 1637 64 24 med
757 1637 87 31 sagda
867 1637 54 32 dag
944 1638 126 25 bestrida
1094 1639 203 33 undervisning
1322 1641 60 24 dels
1406 1641 45 25 vid
1476 1642 126 26 nämnda
1626 1642 111 26 institut
1762 1642 9 25 i

667 1679 174 32 husdjurens
861 1680 94 25 hälso-
975 1682 53 24 och
1049 1681 136 32 sjukvård
1207 1683 59 25 dels
1287 1684 53 24 ock
1362 1684 45 25 vid
1430 1685 272 33 hovbeslagsskolan
1722 1686 48 25 vid

664 1723 105 31 Alnarp
790 1726 72 21 samt
881 1725 87 23 utöva
987 1725 144 25 närmaste
1150 1726 153 32 ledningen
1322 1735 34 16 av
1375 1728 126 25 nämnda
1520 1729 89 25 skola.

707 1807 33 35 4)
765 1808 191 36 godkänna
972 1820 46 20 av
1037 1810 392 36 departementschefen
1446 1813 12 31 i
1474 1814 296 37 statsrådsproto-

668 1860 111 31 kollet
797 1860 188 33 förordade
1003 1862 136 38 förslag
1157 1863 57 31 till
1231 1863 181 33 ordinarie
1428 1866 72 30 stat
1517 1866 64 31 och
1597 1866 57 32 till
1671 1870 98 29 över-

669 1912 187 37 gångsstat
877 1913 62 31 vid
959 1913 213 38 lantbruks-,
1191 1915 139 36 mejeri-
1349 1916 64 31 och
1432 1916 337 38 trädgårdsinstitu-

668 1964 53 31 tet
744 1963 62 32 vid
828 1964 151 37 Alnarp,
1002 1967 54 30 att
1078 1966 186 37 tillämpas
1286 1967 82 32 från
1391 1969 65 31 och
1477 1969 81 32 med
1581 1970 68 32 den
1671 1972 18 31 1
1711 1980 59 22 no-

668 2016 145 31 vember
830 2016 94 35 1933;

706 2065 33 37 5)
764 2066 113 33 under
906 2068 80 32 titel
1016 2069 215 38 lantbruks-,
1259 2071 139 36 mejeri-
1431 2073 65 31 och
1525 2073 247 38 trädgårdsin-

666 2118 146 32 stitutet
858 2118 63 33 vid
957 2119 141 39 Alnarp
1127 2122 157 37 uppföra
1309 2124 53 31 ett
1389 2124 182 32 ordinarie
1598 2125 169 39 förslags-

666 2170 130 38 anslag
817 2181 47 21 av
887 2171 130 37 1383,000
1043 2173 145 35 kronor;

707 2220 32 38 6)
765 2222 216 38 bemyndiga
1000 2224 134 37 Kungl.
1156 2225 110 37 Maj:t
1287 2228 53 30 att
1361 2227 147 38 vidtaga
1528 2228 42 32 de
1592 2229 179 39 åtgärder,

665 2283 77 21 som
767 2274 122 32 kunna
916 2275 80 32 visa
1023 2276 55 36 sig
1104 2277 237 37 erforderliga
1369 2279 55 31 för
1449 2281 227 37 övergången
1703 2282 69 32 den

665 2325 19 30 1
706 2325 190 32 noveniber
918 2327 78 31 1933
1020 2327 83 32 från
1126 2330 210 31 nuvarande
1358 2330 251 34 förhållanden
1633 2333 56 32 till
1710 2334 61 32 det

665 2376 186 33 beslutade
880 2378 215 37 lantbruks-,
1127 2379 141 37 mejeri-
1300 2381 63 31 och
1395 2382 376 38 trädgårdsinstitutet

664 2428 63 32 vid
753 2428 148 37 Alnarp,
927 2430 82 31 däri
1036 2429 201 38 inbegripet
1263 2431 204 37 beviljande
1491 2445 47 21 av
1562 2445 26 22 s.
1614 2436 32 32 k.
1672 2439 98 28 över-

665 2480 177 37 gångslön
865 2481 37 32 åt
923 2480 183 34 ordinarie
1126 2483 175 36 personal.
