2185 2669
624 197 366 42 Bevillningsutskottets
1013 198 212 32 Betänkande
1249 199 52 31 Nr
1325 200 55 30 29.
1784 200 19 31 9

202 282 58 36 till
301 281 213 48 förordning
557 294 56 23 om
655 281 440 48 taxeringsmyndigheter
1138 282 65 36 och
1249 281 223 37 förfarandet
1518 281 62 37 vid
1621 282 178 49 taxering,

204 341 22 32 4
256 338 34 46 S,
322 336 206 48 medgifvits
557 336 177 48 rättighet
762 336 55 36 för
845 336 157 36 brukare
1027 337 40 35 af
1084 336 371 49 jordbruksfastighet
1487 338 83 34 med
1602 337 201 48 taxerings-

202 392 110 35 värde
354 391 30 48 ej
430 390 267 49 öfverstigande
728 393 141 43 253,000
898 392 134 34 kronor
1061 393 63 43 att,
1155 391 13 35 i
1197 391 120 36 stället
1343 391 56 36 för
1427 391 146 47 uppgift
1600 391 14 36 1
1643 392 161 47 enlighet

202 447 82 34 med
308 446 61 35 det
391 446 146 46 vanliga
561 446 457 34 deklarationsformuläret
1032 446 153 34 rörande
1201 446 69 35 den
1285 445 160 36 faktiska
1459 445 207 36 inkomsten
1682 446 40 35 af
1734 447 69 34 den

200 500 97 35 fasta
341 500 222 47 egendomen
604 500 116 35 under
761 499 298 47 nästföregående
1088 501 49 43 år,
1170 499 136 47 afgifva
1336 499 225 36 deklaration
1589 500 114 47 enligt
1732 506 70 30 sär-

202 554 113 36 skildt
348 554 174 35 formulär
551 554 186 47 angående
766 554 237 47 fastighetens
1033 554 106 43 areal,
1171 554 298 46 arbetspersonal,
1500 554 301 36 kreatursbesätt-

202 609 100 47 ning,
346 609 130 35 utsäde
506 608 66 35 och
601 608 110 36 skörd
739 621 45 22 m.
816 621 46 22 m.
923 608 76 35 Och
1029 607 112 47 enligt
1171 609 60 34 det
1259 607 203 48 föreslagna
1491 608 312 48 öfvergångsstad-

202 663 135 47 gandet
364 662 58 36 till
450 662 446 48 taxeringsförordningen
925 662 117 35 skulle
1071 663 118 35 denna
1216 662 175 48 rättighet
1419 663 114 35 under
1554 665 38 32 år
1615 665 98 33 1911
1735 663 70 35 till-

201 717 146 35 komma
376 717 136 35 enhvar
541 722 106 41 ägare
676 716 39 36 af
737 716 381 48 jordbruksfastighet,
1150 716 139 36 oafsedt
1318 717 135 35 dennas
1482 717 119 35 värde.

309 772 57 34 De
395 774 114 32 större
535 770 268 48 jordbrukarna
831 771 102 35 torde
961 771 125 35 kunna
1114 770 210 36 förutsättas
1353 770 13 35 1
1395 771 196 35 allmänhet
1619 772 112 34 redan
1754 783 51 23 nu

202 825 78 35 föra
309 825 202 47 ordentliga
540 825 131 35 böcker
700 825 100 35 öfver
825 824 356 47 jordbruksrörelsen
1210 826 66 34 och
1303 825 111 36 hafva
1441 825 14 34 i
1483 825 64 35 allt
1575 825 65 35 fall
1667 824 138 48 möjlig-

202 880 63 34 het
307 882 53 32 att
402 879 77 35 före
521 881 39 33 år
601 881 112 42 1912,
746 879 44 35 då
822 878 147 48 uppgift
1002 891 56 23 om
1086 878 226 37 inkomstens
1340 878 164 48 verkliga
1532 879 130 47 belopp
1691 878 114 37 första

201 936 144 45 gången
387 935 113 33 måste
528 932 39 36 af
594 934 81 34 dem
704 932 167 48 afgifvas,
903 936 38 32 så
968 933 134 36 inrätta
1131 933 57 34 sin
1216 932 204 47 bokföring,
1451 936 53 33 att
1532 933 154 35 berörda
1714 945 88 35 upp-

202 987 71 48 gift
301 988 46 35 då
376 987 74 35 kan
484 987 39 35 af
549 988 80 34 dem
659 987 154 46 lämnas;
846 988 65 35 och
940 988 43 34 de
1012 986 196 48 uppgifter,
1240 1000 74 23 som
1344 987 113 47 enligt
1486 987 172 47 förslaget
1688 988 117 35 skulle

200 1041 156 48 afgifvas
400 1041 39 36 af
479 1042 43 34 de
563 1041 141 35 mindre
736 1041 251 48 jordbrukare,
1018 1041 126 36 hvilka
1172 1054 85 23 anse
1285 1042 54 46 sig
1367 1041 81 36 icke
1475 1042 127 35 kunna
1629 1041 57 36 till
1714 1041 91 36 visst

199 1096 131 46 belopp
363 1095 14 35 i
405 1096 202 46 penningar
636 1096 162 35 beräkna
826 1095 57 36 sin
910 1096 161 35 inkomst
1099 1095 39 35 af
1160 1095 227 48 jordbruket,
1420 1108 106 34 synas
1556 1098 20 33 å
1605 1108 67 23 ena
1701 1096 103 35 sidan

201 1162 88 24 vara
331 1149 41 36 af
407 1152 38 33 så
474 1150 107 35 enkel
608 1150 262 44 beskaffenhet,
902 1153 54 33 att
983 1153 118 44 någon
1129 1149 167 36 afsevärd
1324 1150 184 47 svårighet
1536 1149 54 36 för
1620 1151 103 35 deras
1752 1149 50 36 af-

202 1204 172 47 gifvande
402 1204 81 36 icke
511 1205 66 34 bör
604 1208 108 40 möta,
743 1205 66 35 och
838 1207 19 32 å
886 1205 111 34 andra
1027 1204 103 36 sidan
1151 1216 85 24 vara
1256 1205 138 46 ägnade
1417 1206 52 34 att
1489 1204 99 47 gifva
1602 1204 201 47 taxerings-

202 1259 303 47 myndigheterna
540 1271 46 22 en
614 1261 38 32 så
681 1271 83 33 pass
793 1259 70 46 god
890 1258 252 47 föreställning
1170 1271 55 22 om
1252 1258 376 47 jordbruksrörelsens
1658 1258 145 47 omfång

203 1313 67 35 och
312 1312 190 36 sannolika
531 1312 226 47 afkastning,
795 1315 53 33 att
876 1325 45 22 en
949 1313 128 36 rättvis
1105 1312 264 47 uppskattning
1399 1312 38 35 af
1462 1312 225 36 inkomstens
1716 1315 87 33 stor-

202 1367 61 35 lek
291 1366 71 36 blir
391 1366 56 36 för
476 1367 103 35 dessa
607 1366 255 47 myndigheter
891 1365 238 49 möjliggjord.

309 1421 189 35 Utskottet
540 1433 105 23 anser
684 1421 151 35 sålunda
864 1420 209 48 Riksdagen
1101 1421 87 34 böra
1215 1421 120 34 lämna
1364 1424 88 32 utan
1481 1420 175 52 afseende
1678 1420 124 35 motio-

203 1487 113 23 nerna
345 1474 28 35 I:
408 1477 48 32 80
486 1474 41 35 af
551 1475 126 35 herrar
705 1474 179 35 Lindblad
913 1475 66 34 och
1003 1445 231 81 Gustafsson,
1265 1475 51 34 II:
1352 1477 72 32 285
1456 1474 40 35 af
1521 1475 84 35 herr
1634 1462 169 47 Åkesson

202 1529 66 35 och
310 1529 48 34 IT:
392 1531 72 33 291
511 1528 40 35 af
589 1529 84 34 herr
710 1529 155 35 Jonsson
893 1528 13 35 i
934 1528 169 36 Hökhult
1131 1541 46 23 m.
1208 1500 48 80 fl.
1286 1529 14 34 1
1327 1529 126 35 hvilka
1482 1528 177 36 motioner
1687 1528 115 47 afslag

201 1583 110 46 yrkas
350 1585 20 32 å
400 1583 135 47 Kungl.
567 1583 125 48 Maj:ts
721 1583 231 46 proposition,
975 1559 307 70 hufvudsakligen
1310 1585 46 44 på
1384 1583 118 47 grund
1531 1583 40 35 af
1597 1584 44 34 de
1670 1582 133 47 svårig-

202 1637 114 44 heter,
347 1637 177 35 hvarmed
551 1636 251 48 beräkningen
830 1637 40 34 af
894 1636 191 47 fastighets
1113 1636 164 47 verkliga
1304 1636 160 36 inkomst
1493 1642 38 29 är
1560 1637 159 35 förenad.

310 1691 78 34 Mot
431 1691 43 34 de
516 1690 180 47 principer
739 1691 82 34 med
862 1690 169 36 afseende
1059 1693 20 32 å
1107 1690 225 36 inkomstens
1359 1690 213 47 beräkning,
1603 1693 45 45 på
1676 1689 126 38 hvilka

204 1744 135 48 Kungl.
371 1745 126 48 Maj:ts
525 1744 135 48 förslag
680 1744 13 35 i
713 1744 110 48 öfrigt
850 1744 128 46 hvilar,
1009 1746 65 34 har
1094 1745 179 36 utskottet
1287 1745 123 36 funnit
1425 1745 196 47 anledning
1640 1745 57 35 till
1712 1745 91 36 erin-

203 1799 122 46 ringar
355 1800 127 34 endast
510 1798 13 35 1
551 1800 44 34 de
624 1799 205 44 afseenden,
851 1799 149 35 hvarom
1019 1800 115 34 under
1156 1802 20 32 9
1198 1800 66 34 och
1282 1802 46 33 10
1345 1799 47 46 $8
1407 1799 66 35 här
1487 1800 120 34 nedan
1621 1799 179 35 förmäles.

311 1907 52 34 På
405 1909 71 33 sätt
517 1908 113 34 redan
658 1907 40 35 af
724 1907 175 35 rubriken
926 1907 58 36 till
1012 1908 70 34 den
1110 1907 202 47 föreslagna
1339 1906 259 48 förordningen
1626 1906 175 48 angifves,

205 1961 139 47 åsyftar
385 1961 174 46 förslaget
600 1964 55 32 att
682 1961 14 34 i
722 1964 65 32 vår
829 1961 351 47 skattelagstiftning
1221 1961 117 35 införa
1380 1961 98 36 skatt
1507 1963 20 33 å
1554 1961 250 47 förmögenhet

204 2015 66 35 och
313 2018 53 32 att
406 2015 74 35 låta
520 2015 118 35 denna
680 2015 99 35 skatt
821 2016 290 35 sammansmälta
1153 2016 81 34 med
1266 2015 308 36 inkomstskatten
1603 2018 45 43 på
1676 2016 128 34 sådant

204 2071 82 42 sätt,
331 2071 53 33 att
428 2069 43 35 de
503 2069 93 35 båda
626 2068 301 36 skatteformerna
955 2069 143 36 komma
1127 2073 53 32 att
1208 2069 54 36 för
1291 2070 70 34 den
1389 2069 268 48 skattskyldige
1684 2072 37 33 te
1749 2069 56 47 sig

204 2125 116 33 såsom
363 2135 43 22 en
450 2123 92 34 enda
571 2123 110 44 skatt,
713 2136 45 22 en
791 2123 194 35 »inkomst-
1014 2124 64 35 och
1107 2123 405 47 förmögenhetsskatt>.
1571 2123 233 35 Beträffande

204 2176 570 48 förmögenhetsbeskattningens
804 2177 223 47 principiella
1046 2177 251 48 berättigande
1315 2177 218 36 inskränker
1553 2177 55 48 sig
1626 2177 177 36 utskottet

204 2230 56 35 till
302 2233 54 33 att
399 2231 153 46 åberopa
595 2231 95 36 hvad
732 2231 210 47 Riksdagen
974 2231 98 36 förut
1100 2232 13 34 i
1141 2233 99 34 detta
1275 2237 104 30 ämne
1408 2231 120 36 anfört
1552 2232 113 48 jämte
1694 2232 68 34 den
1791 2231 13 34 i

205 2284 392 47 statsrådsprotokollet
626 2285 123 35 därom
777 2285 165 36 lämnade
970 2285 252 48 utredningen.

251 2345 78 33 Bih.
356 2346 48 32 till
428 2346 112 33 Riksd.
566 2346 88 32 Prot.
682 2349 97 30 1910.
828 2349 20 30 5
873 2347 100 32 Saml.
1021 2350 19 28 1
1066 2347 79 42 Afd.
1194 2348 46 31 26
1264 2347 95 42 Häft.
1739 2347 18 31 2
