2184 2681
384 210 39 31 12
801 208 362 41 Bevillningsutskottets
1187 209 210 33 Betänkande
1421 209 53 32 Nr
1497 210 57 31 29.

382 294 82 34 med
508 295 74 34 800
623 293 56 36 till
722 294 65 35 och
820 293 81 35 med
932 295 114 43 3,600
1077 293 131 36 kronor
1237 293 117 36 skulle
1383 292 211 49 minskning
1622 292 13 36 i
1664 293 238 49 utskylderna
1931 306 52 24 er-

382 348 125 36 hållas.
567 348 68 36 För
663 347 291 48 inkomstbelopp
983 347 82 37 från
1094 348 64 36 och
1187 348 82 36 med
1299 350 115 43 4,600
1444 347 57 36 till
1529 348 65 35 och
1618 349 80 35 med
1717 351 167 43 145,400
1901 349 82 36 kro-

381 416 66 22 nor
489 403 117 35 skulle
648 403 218 47 uppkomma
909 403 136 48 ökning
1073 402 13 36 i
1114 403 201 48 utskylder,
1359 404 185 35 hvaremot
1587 402 56 37 för
1676 403 303 48 inkomstbelopp,

381 458 214 48 uppgående
627 457 57 36 till
712 458 86 35 eller
827 457 266 48 öfverstigande
1125 460 166 42 1453,500
1322 458 132 35 kronor
1475 458 145 35 skatten
1642 457 115 36 skulle
1785 461 121 45 uppgå
1924 459 57 35 till

377 525 135 23 samma
531 512 141 47 belopp,
702 524 75 24 som
792 525 164 23 summan
972 512 36 36 af
1023 513 209 35 nuvarande
1246 512 259 36 inkomstskatt
1521 513 66 35 och
1601 512 210 48 bevillning.
1842 514 141 47 Högsta

380 567 325 47 skatteprocenten,
751 567 71 36 fem
853 571 160 43 procent,
1045 569 140 45 uppnås
1214 567 113 48 enligt
1354 566 172 48 förslaget
1555 567 61 36 vid
1646 570 52 33 ett
1724 569 171 35 taxeradt
1922 569 58 35 be-

381 622 85 47 lopp
495 621 39 36 af
563 624 166 42 104,500
760 621 134 36 kronor
921 634 84 23 men
1034 622 112 47 enligt
1174 622 211 36 nuvarande
1414 621 374 48 skatteförordningar
1808 622 91 36 först
1918 622 62 36 vid

381 688 47 23 en
454 676 160 35 inkomst
642 676 40 35 af
711 679 166 41 145,500
907 676 144 35 kronor.

487 730 106 35 Emot
627 731 69 34 den
729 730 201 48 uppgjorda
959 729 375 48 progressionsskalan
1363 730 66 35 har
1459 729 176 37 utskottet
1663 730 81 37 icke
1773 730 121 36 funnit
1921 744 60 22 an-

381 783 148 49 ledning
557 783 199 38 framställa
784 786 120 45 någon
933 783 155 37 erinran.

487 839 19 35 I
534 838 196 49 anledning
759 838 39 36 af
823 839 69 35 den
922 838 198 36 olikartade
1149 838 249 48 anordningen
1427 838 39 36 af
1491 839 44 34 de
1563 839 93 34 båda
1684 839 12 35 i
1720 841 45 33 18
1789 840 21 45 8
1830 838 149 48 intagna

382 893 289 36 skatteskalorna
700 906 104 23 anser
833 893 54 47 sig
915 893 178 36 utskottet
1120 893 87 35 böra
1235 893 125 35 anföra
1387 893 175 49 följande:

487 949 57 34 De
571 948 13 35 i
613 948 134 48 Kungl.
779 948 124 49 Maj:ts
931 948 136 47 förslag
1095 947 183 48 medgifna
1307 947 174 48 afdragen
1509 947 109 36 hafva
1637 947 58 36 till
1719 948 165 35 ändamål
1905 948 75 36 dels

381 1006 54 32 att
461 1002 14 35 i
503 1002 424 48 beskattningsafseende
968 1002 200 48 nedbringa
1209 1002 248 36 inkomsterna
1498 1002 57 36 till
1582 1001 204 48 likvärdiga
1814 1002 51 36 tal
1893 1002 87 36 eller

380 1060 64 41 att,
489 1059 39 33 så
570 1060 53 33 att
664 1063 95 41 säga,
804 1057 146 36 renodla
992 1057 129 49 själfva
1149 1056 258 46 inkomsterna,
1439 1057 75 35 dels
1543 1056 67 36 ock
1638 1059 53 33 att
1720 1057 162 49 utjämna
1910 1057 69 35 den

379 1111 186 36 bristande
593 1111 241 48 likställighet
860 1112 13 35 i
901 1111 292 47 skatteförmåga,
1224 1123 75 24 som
1328 1114 46 44 på
1402 1112 119 47 grund
1549 1111 40 35 af
1615 1115 86 32 orts-
1731 1111 86 36 eller
1837 1124 142 34 person-

380 1165 72 48 liga
481 1165 252 36 förhållanden
761 1171 63 42 gör
853 1165 55 47 sig
937 1166 167 47 gällande
1131 1166 133 35 mellan
1291 1165 200 36 inkomster
1519 1166 40 35 af
1585 1178 135 23 samma
1750 1166 146 36 storlek.

486 1219 250 47 Renodlingen
765 1219 39 36 af
829 1219 207 36 inkomsten
1065 1225 84 42 äger
1176 1232 81 22 rum
1285 1232 129 34 genom
1444 1220 43 35 de
1515 1219 138 47 afdrag,
1685 1232 75 23 som
1779 1219 200 48 medgifvas

381 1273 112 47 enligt
524 1276 20 33 9
576 1274 66 35 och
679 1276 45 34 10
755 1274 57 46 88.
870 1274 104 35 Efter
1002 1275 61 34 det
1091 1274 103 35 dessa
1222 1273 128 49 afdrag
1378 1273 219 45 verkställts,
1620 1274 73 35 kan
1713 1274 265 46 skatteprocen-

377 1331 63 32 ten
480 1328 236 44 bestämmas;
762 1328 65 35 och
855 1328 99 36 detta
982 1333 84 43 äger
1094 1341 80 22 rom
1202 1340 127 35 genom
1360 1327 232 48 tillämpning
1620 1327 40 36 af
1686 1328 43 35 de
1757 1330 61 34 två
1847 1328 131 36 skatte-

378 1382 132 44 skalor,
540 1394 76 23 som
645 1383 194 35 återfinnas
869 1382 13 34 i
914 1385 45 33 18
990 1383 33 45 8.

486 1436 322 47 Skatteprocenten
855 1442 39 29 är
941 1436 105 36 alltså
1093 1449 45 22 en
1184 1437 66 34 och
1288 1448 135 23 samma
1452 1435 61 36 vid
1542 1435 210 46 inkomster,
1784 1448 74 23 som
1888 1436 92 35 efter

378 1490 126 49 gjorda
546 1490 127 47 afdrag
715 1489 113 49 enligt
873 1493 19 33 9
923 1491 65 35 och
1021 1492 46 34 10
1098 1490 47 47 $$
1175 1496 60 30 äro
1263 1490 75 35 lika
1367 1494 106 31 stora.
1531 1491 57 34 En
1616 1491 91 35 hvar
1735 1502 139 35 person,
1905 1502 75 23 som

378 1545 67 34 har
487 1556 44 23 en
574 1544 151 36 sålunda
766 1545 187 35 beräknad
994 1544 160 36 inkomst
1186 1557 56 22 om
1272 1544 219 46 exempelvis
1523 1547 115 42 1,700
1667 1544 143 45 kronor,
1841 1544 139 35 betalar

378 1597 229 50 följaktligen
649 1601 19 32 å
697 1599 61 35 det
786 1599 322 44 beskattningsbara
1134 1598 168 46 beloppet
1330 1598 13 35 i
1367 1598 98 36 skatt
1494 1611 45 22 en
1567 1602 158 43 procent,
1756 1598 138 36 oafsedt
1923 1611 56 22 om

379 1653 70 34 den
491 1652 267 48 skattskyldige
798 1652 115 37 lefver
942 1655 20 32 å
990 1656 56 32 ort
1074 1653 81 35 med
1184 1653 89 47 dyra
1301 1652 86 36 eller
1416 1652 124 47 billiga
1568 1652 409 44 lefnadsomkostnader,

378 1706 140 36 oafsedt
559 1707 137 36 antalet
738 1706 379 49 familjemedlemmar,
1162 1719 75 23 som
1271 1706 101 36 skola
1400 1706 169 49 försörjas
1599 1706 40 36 af
1663 1706 218 45 inkomsten,
1913 1707 66 35 och

377 1760 138 36 oafsedt
558 1773 56 23 om
655 1761 328 47 inkomsttagarens
1012 1760 282 48 skatteförmåga
1322 1762 161 34 nedsatts
1513 1763 46 44 på
1587 1762 120 46 grund
1735 1760 40 36 af
1800 1761 178 35 särskilda

378 1815 261 44 förhållanden,
671 1817 117 34 såsom
817 1815 166 49 sjukdom
1013 1829 45 22 m.
1089 1828 46 22 m.

484 1870 58 34 Då
570 1869 172 47 förslaget
770 1872 102 44 tager
900 1869 142 48 hänsyn
1069 1869 57 35 till
1154 1868 224 37 sistnämnda
1406 1868 252 37 förhållanden
1686 1869 92 36 först
1806 1869 91 36 efter
1918 1869 59 36 det

378 1925 54 33 att
468 1923 316 47 skatteprocenten
812 1923 200 45 fastställts,
1043 1924 67 34 har
1137 1922 208 48 lindringen
1373 1922 13 36 i
1414 1923 98 36 skatt
1541 1923 143 36 kunnat
1712 1923 265 36 åstadkommas

380 1979 45 45 på
463 1977 61 35 det
552 1980 81 42 sätt,
665 1981 54 32 att
747 1978 40 35 af
813 1979 70 34 den
911 1978 192 35 renodlade
1130 1977 207 36 inkomsten
1366 1978 152 35 allenast
1549 1990 45 22 en
1623 1978 57 35 del
1708 1980 100 44 tages
1836 1977 56 35 till
1919 1978 58 35 be-

379 2030 190 48 skattning
596 2031 14 34 i
638 2032 43 34 de
709 2032 74 44 fall,
815 2033 64 34 där
907 2044 76 23 mer
1011 2032 86 34 eller
1125 2031 141 35 mindre
1294 2032 188 35 ömmande
1507 2031 234 36 ekonomiska
1761 2031 216 47 omständig-

379 2085 102 35 heter
509 2084 185 49 föreligga.

487 2138 70 35 Till
586 2139 163 47 exempel
778 2140 112 45 härpå
919 2142 57 32 må
1006 2138 143 37 anföras
1177 2139 173 48 följande:

486 2192 55 36 Af
579 2195 61 34 två
681 2192 91 48 gifta
815 2199 93 39 män,
953 2205 75 24 som
1056 2193 90 35 hvar
1173 2193 56 35 för
1259 2193 54 47 sig
1341 2193 109 36 hafva
1482 2195 113 43 1,700
1625 2193 151 35 kronors
1804 2192 169 44 inkomst,

378 2247 65 35 bor
471 2247 70 35 den
570 2259 66 24 ene
663 2247 13 35 i
705 2260 44 23 en
777 2247 287 44 landtkommun,
1095 2248 64 34 där
1188 2247 44 35 de
1261 2248 181 34 allmänna
1461 2247 386 35 lefnadskostnaderna
1865 2247 112 35 förut-

377 2304 113 32 sättas
531 2313 87 23 vara
654 2302 170 35 normala.
883 2302 86 35 Han
998 2302 65 35 har
1090 2301 110 47 ingen
1230 2313 119 23 annan
1379 2304 53 32 att
1460 2301 151 48 försörja
1640 2307 47 30 än
1716 2301 54 48 sig
1800 2301 86 49 själf
1911 2301 66 36 och
