1886 2778
252 162 40 29 24
626 164 286 31 Stalsutskottets
933 166 178 30 utlåtande
1130 176 43 21 nr
1192 168 20 29 2
1232 167 39 30 år
1291 168 83 29 1958

256 246 332 35 nadsarbetsledare,
612 247 31 40 ej
669 248 328 36 anstaltsbundna),
1023 250 39 30 19
1084 249 147 31 vårdare
1254 251 28 29 A
1291 242 23 51 8
1346 251 53 29 till
1422 251 109 30 förste
1554 252 144 30 vårdare
1722 255 27 28 A

258 296 48 34 10,
331 298 49 28 ett
403 297 254 30 kanslibiträde
683 298 50 30 Ao
760 299 16 29 7
803 299 52 29 till
880 299 176 30 kontorist
1080 300 51 30 Ao
1157 301 19 29 9
1207 301 347 40 (rättspsykiatriska
1580 303 169 34 kliniken,

254 346 272 40 Långholmen),
549 349 48 28 ett
618 348 300 31 ekonomibiträde
941 350 48 29 Ae
1003 342 18 48 4
1053 350 52 30 till
1127 351 48 29 Ae
1198 352 18 29 5
1245 351 128 35 (Hall),
1395 354 50 28 ett
1467 352 282 31 kontorsbiträde

255 397 45 29 Af
322 397 112 30 1—Ae
442 393 21 52 5
496 398 53 29 till
569 398 252 31 kanslibiträde
843 400 47 29 Ae
913 401 16 28 7
958 400 145 40 (Håga).
1125 401 127 30 Vidare
1273 401 62 30 bör
1359 402 39 30 18
1419 402 151 39 tjänster
1592 412 74 20 som
1687 403 62 30 bil-

254 447 113 30 förare
385 448 29 29 A
432 448 17 30 7
469 448 140 39 utbytas
627 451 72 28 mot
717 449 151 39 tjänster
887 459 75 20 som
980 450 270 41 vaktkonstapel
1268 452 28 29 A
1315 452 29 30 8.
1363 452 246 31 Kostnaderna
1627 453 121 31 härför

253 496 133 41 uppgår
402 497 52 31 till
470 498 41 30 45
527 498 62 31 300
604 499 141 30 kronor.

297 547 125 30 Vidare
446 548 161 30 förordas
631 551 50 28 att
705 559 43 20 en
773 551 270 40 vaktkonstapel
1066 551 51 40 Ag
1141 552 19 29 8
1190 551 151 34 (biträde
1365 552 64 30 hos
1453 553 228 30 kamreraren
1704 554 44 40 på

254 597 256 41 Långholmen)
542 599 137 40 utbytes
706 602 73 28 mot
803 610 43 20 en
871 603 98 28 extra
994 601 174 30 ordinarie
1194 602 175 30 kontorist
1395 603 48 30 Ae
1469 604 18 30 9
1514 605 91 29 samt
1629 606 51 28 att
1705 613 42 21 en

252 648 138 30 förman
409 648 51 40 Ag
479 649 19 30 8
522 649 255 40 (psykiatriska
796 651 241 39 avdelningen,
1056 652 146 35 Malmö)
1227 652 138 40 utbytes
1386 655 72 28 mot
1478 663 43 20 en
1541 655 97 28 extra
1657 654 91 30 ordi-

251 698 96 30 narie
364 699 277 40 arbetsterapeut
657 701 47 30 Ae
723 701 29 30 9.
769 701 67 30 Till
853 701 90 40 följd
961 711 42 20 av
1019 702 134 30 ändrad
1169 703 426 39 verkstadsorganisation
1612 704 58 29 vid
1687 713 61 21 an-

252 749 126 30 stalten
392 749 12 29 i
419 749 237 31 Kristianstad
672 751 62 30 bör
750 751 140 39 utbytas
907 761 43 20 en
965 752 258 40 yrkesmästare
1240 753 48 30 Ae
1305 754 18 29 9
1340 755 73 28 mot
1430 763 43 20 en
1488 754 258 40 yrkesmästare

251 799 49 30 Ae
326 800 36 30 11
390 802 93 28 samt
508 810 44 20 en
576 800 139 31 förman
741 802 50 39 Ag
817 802 18 30 8
861 804 73 27 mot
960 812 44 20 en
1029 804 96 28 extra
1152 803 175 30 ordinarie
1353 804 260 39 yrkesmästare
1640 804 48 31 Ae
1716 805 29 29 9.

250 850 78 30 Med
344 850 190 40 anledning
551 851 108 30 härav
675 852 203 39 uppräknas
896 852 157 40 anslaget
1069 853 80 29 med
1167 854 16 29 7
1200 853 62 30 000
1280 853 140 30 kronor.

294 900 245 31 Kostnaderna
555 901 54 30 för
626 902 41 29 de
686 902 147 30 sålunda
851 902 187 31 förordade
1055 903 430 40 tjänsteförändringarna
1503 904 135 40 uppgår
1657 913 89 21 sam-

250 950 154 40 manlagt
420 951 54 30 till
491 952 41 31 52
547 952 61 30 300
626 952 141 31 kronor.

294 1001 14 29 I
326 1001 98 40 fråga
443 1011 58 20 om
519 1002 447 41 personalförstärkningar
987 1003 101 30 anför
1108 1004 387 39 departementschefen
1515 1004 168 40 följande.

292 1050 130 31 Genom
437 1051 116 30 beslut
568 1052 67 30 den
652 1053 41 30 29
710 1062 95 21 mars
824 1053 82 31 1957
925 1053 147 40 medgav
1087 1054 127 39 Kungl.
1232 1054 105 40 Maj:t
1353 1056 51 28 att
1419 1054 59 30 vid
1496 1054 251 40 fångvårdsan-

248 1100 125 31 stalten
390 1101 20 30 å
427 1101 241 40 Långholmen
686 1102 81 31 från
785 1103 65 30 och
869 1104 79 30 med
966 1104 67 29 den
1054 1104 14 30 1
1089 1104 90 41 april
1199 1104 82 31 1957
1301 1104 193 31 tillsvidare
1512 1105 54 31 till
1584 1105 64 30 och
1667 1105 78 30 med

248 1150 65 30 den
337 1152 41 30 30
399 1152 80 39 juni
504 1152 81 31 1957
611 1152 112 31 skulle
746 1153 37 31 få
806 1153 119 31 finnas
950 1154 173 31 anställda
1147 1154 73 31 dels
1245 1164 43 20 en
1311 1155 208 30 biträdande
1544 1155 202 40 fångvårds-

246 1200 154 31 direktör
426 1202 63 40 (Cg
510 1203 58 34 32)
594 1203 50 40 Ag
665 1204 51 34 25,
737 1203 73 31 dels
831 1213 44 21 en
895 1204 200 30 kamrerare
1122 1204 63 40 (Cg
1206 1205 58 35 25)
1290 1205 50 40 Ag
1364 1206 49 30 19.
1434 1206 155 30 Beslutet
1610 1207 64 29 har
1696 1216 48 19 se-

246 1250 157 32 dermera
420 1260 126 31 genom
563 1253 124 40 Kungl.
704 1254 124 39 Maj:ts
845 1254 115 30 beslut
977 1255 67 29 den
1061 1255 40 30 27
1118 1255 79 40 juni
1218 1256 82 30 1957
1318 1256 242 40 prolongerats
1577 1258 51 28 att
1644 1257 99 39 gälla,

244 1301 222 32 beträffande
489 1302 206 32 biträdande
719 1303 392 41 fångvårdsdirektören
1136 1306 53 30 till
1213 1306 65 30 och
1303 1306 78 30 med
1406 1307 67 29 den
1498 1307 39 29 31
1565 1307 180 30 december

248 1351 80 31 1957
352 1353 64 29 och
438 1353 11 29 i
471 1353 67 30 vad
561 1362 98 21 avser
680 1354 228 31 kamreraren
930 1355 53 30 till
1005 1356 65 29 och
1092 1356 79 29 med
1193 1356 68 30 den
1282 1357 41 30 30
1346 1357 196 40 september
1567 1358 93 30 1957.
1685 1358 60 30 Ge-

245 1410 82 22 nom
348 1402 114 31 beslut
485 1403 67 30 den
577 1404 38 30 10
638 1404 145 30 oktober
806 1405 82 31 1957
912 1405 65 31 har
999 1406 124 40 Kungl.
1148 1406 105 40 Maj:t
1276 1407 201 39 ytterligare
1500 1407 152 41 förlängt
1676 1408 68 31 för-

248 1452 194 31 ordnandet
469 1454 56 30 för
553 1454 227 31 kamreraren
806 1457 51 28 att
883 1455 91 40 gälla
1000 1456 52 30 till
1081 1457 65 29 och
1172 1457 80 30 med
1279 1458 67 29 den
1373 1458 38 30 31
1442 1458 182 31 december
1652 1458 94 31 1957.

246 1502 78 31 Med
362 1503 140 40 hänsyn
540 1503 52 31 till
630 1505 66 30 den
734 1505 150 31 väntade
911 1506 336 41 överbeläggningen
1274 1507 238 31 innevarande
1542 1509 113 30 vinter
1671 1507 75 32 har

243 1551 125 41 Kungl.
391 1553 108 40 Maj:t
521 1553 67 31 den
612 1554 38 31 13
672 1554 181 31 december
877 1555 83 31 1957
984 1555 184 32 förordnat
1190 1558 51 29 att
1263 1556 55 32 för
1340 1557 242 41 förstärkning
1605 1568 42 21 av
1668 1568 76 31 per-

244 1603 144 30 sonalen
406 1604 59 30 vid
485 1603 239 41 Långholmen
744 1604 58 32 må
821 1605 58 31 vid
900 1607 176 30 anstalten
1095 1606 81 31 från
1196 1607 65 30 och
1281 1608 79 30 med
1381 1608 68 30 den
1472 1609 15 30 1
1509 1608 142 40 januari
1673 1609 70 30 tills

242 1651 118 32 vidare
382 1653 54 31 till
458 1654 66 30 och
546 1654 79 31 med
646 1654 68 31 den
737 1655 41 32 30
800 1655 80 40 juni
905 1656 83 31 1958
1011 1656 118 32 finnas
1151 1658 176 31 anställda
1349 1668 43 20 en
1415 1659 207 31 biträdande
1645 1659 98 41 fång-

242 1701 263 35 vårdsdirektör
530 1704 51 40 Ag
607 1703 51 38 25,
685 1715 44 20 en
756 1705 373 42 fångvårdsinspektör
1155 1708 52 40 Ag
1234 1708 40 31 23
1302 1709 65 30 och
1394 1718 44 21 en
1465 1710 201 31 kamrerare
1693 1711 50 39 Ac

245 1752 49 32 19.
311 1754 127 31 Tillika
456 1755 66 30 har
538 1756 125 39 Kungl.
681 1756 107 40 Maj:t
804 1756 203 31 föreskrivit
1023 1759 51 29 att
1091 1758 113 31 under
1221 1758 68 31 den
1306 1759 51 30 tid
1374 1760 156 30 nämnda
1547 1760 195 32 kamrerar-

242 1803 110 40 tjänst
373 1803 117 32 finnes
511 1805 113 31 besatt
644 1815 44 21 en
708 1806 112 40 tjänst
841 1816 76 21 som
937 1807 204 32 bokhållare
1162 1809 51 40 Ag
1235 1809 38 31 15
1295 1809 58 30 vid
1374 1809 367 41 fångvårdsanstalten

241 1852 77 32 icke
338 1854 57 31 må
415 1854 218 41 uppehållas.

286 1903 66 32 För
371 1904 206 41 budgetåret
598 1906 150 37 1958/59
768 1908 64 30 har
852 1907 364 42 fångvårdsstyrelsen
1235 1910 179 31 hemställt
1434 1920 58 21 om
1510 1913 231 39 provisoriskt

240 1954 200 31 inrättande
468 1965 43 21 av
538 1965 42 21 en
607 1957 152 30 särskild
786 1958 255 41 inlandsgrupp
1069 1959 80 31 med
1176 1960 199 41 Linköping
1403 1962 117 30 såsom
1546 1964 195 30 centralan-

242 2004 92 31 stalt.
356 2005 395 41 Departementschefen
773 2010 38 28 är
831 2009 77 30 icke
929 2009 128 31 beredd
1080 2012 50 28 att
1153 2011 116 40 stödja
1291 2012 95 30 detta
1407 2012 133 41 förslag
1561 2015 85 29 utan
1669 2014 71 31 för-

241 2055 104 31 ordar
363 2056 55 30 för
437 2057 81 30 hela
536 2057 204 40 budgetåret
763 2060 149 35 1958/59
931 2069 44 21 en
995 2060 142 31 fortsatt
1157 2061 243 41 förstärkning
1420 2072 42 21 av
1482 2065 96 29 östra
1598 2064 140 41 räjong-

240 2115 62 21 ens
322 2106 147 32 ledande
489 2109 163 39 personal
672 2109 79 30 med
771 2119 43 20 en
833 2110 208 31 biträdande
1061 2111 349 40 fångvårdsdirektör
1430 2113 51 40 Ag
1502 2115 52 34 25,
1575 2124 43 20 en
1639 2114 99 41 fång-

240 2156 292 42 vårdsinspektör
555 2159 50 39 Ag
628 2160 41 30 23
694 2162 91 27 samt
808 2170 43 20 en
875 2161 200 30 kamrerare
1100 2162 50 39 Ag
1176 2163 50 29 19.
1250 2163 111 29 Medel
1384 2163 64 30 bör
1470 2164 188 30 härutöver
1682 2165 56 30 be-

240 2206 129 31 räknas
391 2208 56 30 för
470 2211 97 28 extra
589 2209 280 41 kanslipersonal
892 2212 79 29 med
994 2212 18 29 8
1028 2212 61 30 000
1113 2212 140 29 kronor.
1277 2214 244 30 Kostnaderna
1544 2214 55 30 för
1622 2215 114 30 denna

239 2257 242 42 förstärkning
499 2268 42 21 av
557 2259 411 40 räjongorganisationen
986 2262 133 40 uppgår
1137 2262 53 30 till
1209 2264 233 39 sammanlagt
1460 2265 41 29 66
1517 2265 61 30 100
1595 2265 141 29 kronor.

283 2308 395 40 Departementschefen
708 2311 144 39 övergår
882 2312 154 29 därefter
1064 2312 52 30 till
1147 2314 50 29 att
1228 2314 162 29 närmare
1419 2314 175 30 behandla
1623 2316 41 29 de
1695 2325 42 20 av

238 2358 364 41 fångvårdsstyrelsen
619 2360 197 40 framlagda
833 2361 177 39 förslagen
1027 2362 52 29 till
1097 2363 163 39 personal
1278 2363 55 30 för
1350 2372 67 30 nya
1436 2364 180 30 anstalter.

283 2409 65 30 Vid
373 2410 83 30 1957
481 2410 58 30 års
562 2410 142 40 riksdag
728 2411 152 30 fattades
904 2412 115 30 beslut
1043 2421 56 21 om
1123 2413 201 30 inrättande
1349 2423 42 20 av
1416 2423 42 21 en
1483 2414 253 40 fångvårdsan-

239 2459 81 31 stalt
341 2459 10 30 i
373 2460 195 30 Ulriksfors
590 2461 78 30 med
693 2461 61 31 132
775 2462 141 39 platser.
939 2462 129 30 Därvid
1091 2462 206 31 förutsattes
1320 2465 50 28 att
1392 2464 344 40 personalorganisa-
