1826 2792
449 168 389 31 Jordbruksutskottets
861 167 178 30 utlåtande
1060 176 44 20 nr
1123 167 29 30 4.
1543 163 17 31 7

773 247 69 30 3:0.

103 319 128 31 Genom
258 318 167 29 kontrakt
450 317 67 30 den
543 317 18 30 2
586 315 186 30 november
800 314 83 30 1928
909 312 122 40 upplät
1057 309 302 40 domänstyrelsen
1384 307 54 30 för
1463 307 97 29 tiden

56 371 67 29 den
143 370 39 29 14
200 377 96 21 mars
317 367 196 30 1929—den
535 365 39 31 14
592 374 94 21 mars
708 363 84 31 1944
811 364 45 40 på
874 362 146 31 arrende
1039 361 52 29 till
1111 360 167 39 Ingeborg
1299 358 126 31 Olsson
1444 365 119 22 arren-

58 421 151 30 delotten
228 430 42 20 nr
290 421 18 29 2
329 429 42 21 av
389 418 329 39 kronoegendomen
737 414 257 40 Ribbingelund
1013 423 43 20 nr
1075 413 18 30 2
1113 421 57 20 om
1189 411 60 33 5'/.
1268 410 131 30 mantal
1420 408 11 29 i
1450 408 109 39 Kjula

58 472 138 33 socken,
220 469 295 32 Södermanlands
535 468 69 34 län,
626 470 72 27 mot
720 476 42 20 en
784 465 86 39 årlig
892 464 287 31 arrendesumma
1201 470 42 21 av
1267 462 14 29 1
1298 461 62 30 925
1382 460 140 29 kronor.
1546 458 14 29 I

57 521 204 30 kontraktet
279 520 197 30 föreskrevs
495 519 45 30 bl.
560 528 30 20 a.
610 520 49 28 att
677 518 42 29 de
737 516 200 40 byggnader
955 514 65 30 och
1040 512 262 40 anläggningar,
1323 520 74 21 som
1416 510 57 29 vid
1491 509 69 30 till-

58 571 108 30 trädet
183 571 130 30 funnos
331 569 21 30 å
368 568 221 38 egendomen,
609 568 163 29 ävensom
791 566 51 34 de,
858 565 94 30 vilka
971 564 194 30 tillkomimo
1184 562 109 29 under
1313 559 250 33 arrendetiden,

59 622 113 30 skulle
190 621 225 31 underhållas
436 629 42 21 av
496 620 241 29 arrendatorn.
757 617 127 31 Vidare
904 616 113 30 skulle
1036 615 69 30 alla
1124 615 66 29 den
1209 612 231 31 arrenderade
1461 618 100 32 egen-

60 673 125 29 domen
204 671 160 30 åvilande
384 671 132 29 skatter
536 670 65 29 och
620 678 105 21 onera
744 667 132 30 betalas
896 676 41 20 av
956 665 231 31 arrendatorn
1206 665 87 28 utan
1312 661 209 39 avkortning
1541 660 20 30 å

60 721 313 40 arrendeavgiften.

103 773 76 29 Den
198 774 15 28 1
235 771 90 40 april
346 771 80 30 1931
448 769 302 40 transporterades
770 767 203 30 kontraktet
1003 766 9 30 å
1032 765 105 30 Adolf
1156 765 211 29 Andersson.
1388 764 67 28 För
1475 762 87 29 kon-

58 821 445 31 traktsbestämmelsernas
528 819 165 39 behöriga
717 818 220 39 fullgörande
962 817 103 39 gingo
1088 815 208 40 ingenjören
1319 814 30 29 J.
1373 813 55 30 W.
1453 813 107 33 Jutte,

59 871 273 41 Kopparverket,
355 870 241 39 Hälsingborg,
619 870 65 29 och
705 868 252 30 lantbrukaren
979 866 126 31 Gustaf
1125 866 212 32 Andersson,
1359 864 202 38 Konungsö,

60 923 100 30 Stora
183 922 154 38 Sundby,
360 921 11 29 i
393 921 130 38 borgen
547 920 116 29 såsom
687 919 55 30 för
766 926 85 32 egen
875 917 113 30 skuld.
1014 918 94 29 Enär
1131 915 105 31 Adolf
1260 915 202 30 Andersson
1484 914 78 29 icke

59 973 117 29 kunde
195 971 134 31 förmås
347 973 50 28 att
415 970 102 40 gälda
535 969 211 31 förfallande
765 967 312 40 arrendeavgälder
1094 967 175 39 uppsades
1289 965 202 30 kontraktet
1511 965 51 29 att

60 1024 90 39 gälla
166 1024 68 29 den
251 1024 18 29 2
286 1022 186 30 november
491 1021 95 30 1933.
603 1022 75 29 Den
694 1021 41 29 22
752 1020 65 29 och
835 1019 41 30 24
892 1018 188 30 november
1097 1026 135 21 samma
1248 1016 39 29 år
1304 1016 89 29 hölls
1410 1015 77 39 laga
1505 1024 57 21 av-

59 1074 66 29 och
147 1073 240 38 tillträdessyn
410 1072 20 30 å
453 1071 224 39 egendomen.
701 1070 131 30 Därvid
854 1068 197 41 påsynades
1074 1067 125 30 brister
1222 1066 54 30 till
1300 1067 48 29 ett
1371 1066 124 39 belopp
1520 1074 43 21 av

62 1125 39 29 12
118 1124 60 30 168
197 1124 132 29 kronor
349 1123 39 30 95
409 1123 68 29 öre.

104 1173 131 31 Genom
250 1174 82 29 dom
348 1182 41 21 av
405 1172 160 30 Rekarne
581 1170 168 40 tingslags
766 1170 201 29 häradsrätt
984 1169 67 30 den
1068 1169 18 29 5
1104 1167 155 30 februari
1278 1167 83 30 1936
1378 1166 184 40 förplikta-

58 1226 59 29 des
138 1224 104 30 Adolf
261 1223 201 29 Andersson
481 1221 66 30 och
567 1220 124 31 Gustaf
710 1220 202 29 Andersson
933 1219 60 34 att,
1015 1219 216 39 gemensamt
1250 1217 82 30 eller
1351 1217 116 30 vilken
1487 1216 78 30 bäst

59 1276 101 39 gälda
179 1275 93 39 gitte,
292 1274 121 39 genast
430 1272 53 30 till
501 1273 138 29 kronan
658 1270 119 40 utgiva
797 1270 38 30 15
850 1270 62 30 636
933 1270 131 29 kronor
1085 1268 39 30 18
1145 1269 68 34 öre,
1233 1267 192 40 utgörande
1445 1266 121 40 oguld-

58 1336 47 21 na
131 1324 320 39 arrendeavgälder,
477 1321 342 40 husröteersättning
844 1321 64 30 och
932 1320 154 40 oguldna
1110 1319 193 39 utskylder,
1328 1318 109 40 jämte
1462 1318 104 29 ränta

59 1379 165 29 ävensom
252 1377 51 28 att
334 1375 156 39 gottgöra
518 1374 138 29 kronan
683 1371 440 40 rättegångskostnaderna
1151 1370 79 30 med
1259 1368 234 39 sammanlagt
1523 1367 42 30 82

58 1429 130 29 kronor
209 1427 39 29 75
268 1427 68 29 öre.

104 1478 131 30 Genom
262 1476 115 38 utslag
404 1476 67 29 den
497 1475 40 29 27
567 1473 181 31 december
778 1473 82 30 1935
891 1472 98 30 ålade
1018 1471 251 31 rådhusrätten
1295 1469 12 29 i
1335 1468 231 39 Hälsingborg

58 1529 92 29 Jutte
170 1529 49 28 att
237 1527 53 30 till
310 1527 134 28 kronan
464 1527 119 36 genast
603 1524 116 38 utgiva
740 1523 38 30 14
792 1523 57 30 140
869 1523 130 29 kronor
1018 1522 39 29 67
1078 1522 58 29 öre
1155 1521 106 37 jämte
1283 1521 99 29 ränta
1402 1520 165 29 ävensom

60 1581 51 28 att
134 1579 130 29 ersätta
290 1579 136 28 kronan
450 1577 79 29 dess
554 1575 190 31 kostnader
769 1575 19 30 å
812 1574 105 30 målet
942 1574 80 29 med
1051 1572 62 31 170
1137 1573 141 29 kronor.

105 1630 76 30 Med
202 1628 271 31 överlämnande
495 1637 43 20 av
558 1626 259 39 handlingarna
837 1625 11 29 i
869 1625 144 30 ärendet
1033 1624 65 29 har
1119 1621 301 40 domänstyrelsen
1442 1621 11 29 i
1475 1619 89 31 skri-

60 1680 92 30 velse
171 1680 67 30 den
257 1680 19 30 2
294 1679 79 39 juni
393 1678 83 30 1950
495 1677 190 33 hemställt,
706 1677 51 29 att
775 1675 161 40 åtgärder
955 1674 109 30 måtte
1083 1673 158 39 vidtagas
1262 1672 55 30 för
1337 1670 227 39 avskrivning

61 1739 42 21 av
123 1730 155 29 kronans
300 1728 232 30 förenämnda
553 1727 146 30 fordran
719 1727 64 29 hos
806 1725 162 40 samtliga
988 1727 52 28 tre
1063 1724 213 39 gäldenärer.
1299 1723 50 29 Av
1371 1722 193 30 skrivelsen

60 1780 66 30 och
152 1779 122 31 därvid
301 1779 124 39 fogade
451 1777 211 39 handlingar
688 1775 166 40 framgår,
881 1777 50 28 att
958 1774 303 39 domänstyrelsen
1287 1773 58 30 vid
1372 1774 48 28 ett
1446 1770 118 31 flertal

61 1829 162 30 tillfällen
251 1828 80 30 sökt
355 1827 77 30 utfå
456 1828 157 29 kronans
639 1826 145 30 fordran
809 1826 64 29 hos
899 1825 252 39 gäldenärerna
1176 1832 82 21 men
1284 1824 51 28 att
1360 1823 101 29 dessa
1488 1822 80 29 sak-

61 1883 61 28 nat
153 1879 304 39 utmätningsbara
488 1877 196 39 tillgångar.
716 1876 127 30 Vidare
872 1876 64 29 har
967 1874 127 31 Gustaf
1124 1874 212 33 Andersson,
1368 1882 75 20 som
1473 1872 91 30 varit

62 1930 127 30 försatt
211 1929 5 29 i
233 1929 169 33 konkurs,
420 1928 12 29 i
449 1938 43 19 en
509 1927 53 30 till
580 1926 302 39 domänstyrelsen
899 1925 205 30 inkommen
1122 1923 105 31 skrift
1245 1925 67 29 den
1331 1924 18 29 9
1367 1932 93 21 mars
1480 1922 85 30 1950

62 1979 147 30 anhållit
227 1988 57 21 om
302 1977 161 31 befrielse
482 1977 82 30 från
582 1978 67 29 den
666 1977 131 29 honom
816 1975 159 30 åvilande
995 1974 159 30 skulden.
1175 1974 118 39 Enligt
1312 1972 253 40 domänstyrel-

63 2038 79 21 sens
164 2028 142 40 mening
327 2028 97 29 torde
447 2027 151 30 utsikter
620 2027 129 29 saknas
771 2028 51 28 att
843 2026 63 29 hos
928 2025 116 39 någon
1067 2034 42 20 av
1131 2024 251 40 gäldenärerna
1403 2023 78 30 utfå
1504 2031 61 22 ens

62 2078 115 40 någon
197 2078 55 30 del
272 2087 42 21 av
334 2078 154 29 kronans
509 2077 156 30 fordran.
687 2077 77 29 Med
785 2076 137 39 hänsyn
942 2075 53 30 till
1017 2075 270 39 gäldenärernas
1307 2073 95 31 ålder
1423 2074 64 29 och
1509 2074 57 29 öv-

63 2127 75 40 riga
155 2127 298 40 omständigheter
471 2135 103 21 anser
592 2125 302 40 domänstyrelsen
912 2126 56 30 det
986 2125 77 29 icke
1081 2125 107 29 heller
1205 2133 85 21 vara
1308 2124 188 34 sannolikt,
1515 2125 51 28 att

62 2178 115 39 någon
197 2187 43 20 av
261 2178 79 29 dem
360 2177 11 29 i
392 2176 191 30 framtiden
603 2176 70 30 kan
693 2176 152 38 fullgöra
866 2175 55 30 sin
941 2174 409 40 betalningsskyldighet.

106 2227 260 28 Statskontoret
384 2226 63 30 har
467 2226 77 30 icke
564 2225 104 39 något
688 2226 51 28 att
761 2225 115 29 erinra
895 2226 73 28 mot
988 2224 100 29 bifall
1110 2224 52 29 till
1184 2224 317 39 framställningen.

106 2300 394 39 Departementschefen
522 2300 112 29 anför.

110 2353 33 29 »I
164 2352 110 29 likhet
295 2351 79 29 med
395 2350 302 38 domänstyrelsen
719 2349 65 30 och
806 2349 252 29 statskontoret
1080 2348 116 30 finner
1217 2348 61 39 jag
1299 2348 71 39 mig
1389 2348 85 30 böra
1496 2348 70 30 för-

63 2403 95 34 orda,
185 2403 51 28 att
261 2400 104 30 Adolf
389 2400 202 29 Andersson
616 2400 64 29 och
704 2399 125 29 Gustaf
853 2398 200 29 Andersson
1079 2399 91 28 samt
1194 2398 97 29 Jutte
1317 2397 98 30 skola
1439 2397 131 30 befrias

64 2453 80 30 från
170 2451 243 40 skyldigheten
439 2451 50 28 att
517 2450 137 39 erlägga
680 2449 41 30 de
749 2449 134 39 belopp,
912 2457 76 21 som
1013 2448 42 29 de
1082 2448 106 39 enligt
1215 2448 159 30 Rekarne
1400 2447 170 40 tingslags
