1915 2820
484 134 124 28 Första
624 134 244 37 lagutskottets
884 134 178 30 utlåtande
1076 144 42 19 nr
1132 136 41 28 43
1187 136 38 28 år
1242 136 83 29 1970
1608 140 38 28 17

163 212 53 30 för
236 212 299 41 lokalhållningen
554 213 118 31 tillhör
692 214 350 40 primärkommunen
1063 216 37 29 är
1122 216 210 31 situationen
1353 217 138 39 mycket
1510 218 51 29 lik
1581 218 66 29 den

160 275 71 20 som
253 266 183 40 föreligger
456 267 10 29 i
486 267 99 40 fråga
604 276 56 21 om
680 268 320 31 rådhusrättsstads
1020 269 263 40 lokalhållning.
1305 270 64 30 Det
1391 271 112 30 skulle
1524 271 119 30 därför

160 320 122 29 kunna
312 320 142 30 komma
483 321 11 29 i
525 320 99 40 fråga
654 323 49 28 att
734 322 159 40 tillämpa
924 331 134 21 samma
1089 324 91 39 regel
1213 332 73 21 som
1320 323 54 31 för
1406 324 237 30 rådhusrätts-

161 374 173 29 städerna.
363 374 13 29 I
405 374 347 31 överensstämmelse
779 376 80 29 med
886 376 66 30 vad
983 385 73 21 som
1085 377 64 30 har
1179 377 135 31 anförts
1343 379 12 29 i
1385 380 258 38 promemorian

160 436 102 20 anser
283 427 59 40 jag
365 428 191 30 emellertid
579 430 49 28 att
651 429 182 39 praktiska
857 430 75 29 skäl
955 430 89 30 talar
1067 430 54 31 för
1146 440 41 21 en
1211 441 116 20 annan
1352 432 126 30 metod.
1504 432 43 30 Så
1571 435 71 37 gott

161 489 74 21 som
260 482 266 39 undantagslöst
549 482 39 29 är
613 483 56 29 det
693 484 10 28 i
729 483 100 30 dessa
854 483 62 30 fall
941 483 98 40 fråga
1064 493 56 21 om
1145 485 132 30 lokaler
1304 494 76 21 som
1406 487 155 29 används
1588 486 54 30 för

159 534 381 40 tingssammanträden
570 536 45 40 på
646 536 141 32 särskilt
817 537 195 40 tingsställe
1042 538 142 30 utanför
1216 539 213 30 domstolens
1461 540 180 30 kansliort.

159 588 128 30 Mellan
314 589 404 39 tingssammanträdena
746 591 157 30 kommer
934 592 212 39 egendomen
1175 594 10 28 i
1215 594 91 38 regel
1336 593 52 30 till
1419 594 223 39 användning

160 641 55 30 för
241 651 116 21 annan
384 643 233 34 verksamhet,
646 643 54 30 för
727 644 56 30 det
811 646 110 28 mesta
948 645 370 39 primärkommunens
1347 654 94 32 egen.
1471 647 74 30 Den
1574 648 68 39 pri-

158 696 308 30 märkommunala
484 697 268 40 användningen
771 707 42 21 av
831 698 178 30 lokalerna
1030 700 37 28 är
1087 700 92 29 klart
1200 700 258 31 dominerande.
1479 701 59 30 Att
1558 702 11 29 i
1591 702 51 30 så-

159 749 90 30 dana
269 749 62 31 fall
351 750 160 40 tillämpa
532 752 164 38 systemet
716 752 80 29 med
817 752 292 40 kostnadsbidrag
1129 754 65 29 och
1214 754 281 40 marknadshyra
1518 757 51 28 ter
1593 756 50 39 sig

158 803 118 30 alltför
294 804 227 40 omständligt
539 804 54 31 för
610 804 89 31 både
716 806 113 29 staten
847 806 65 29 och
930 806 225 31 kommunen.
1175 807 64 40 Jag
1258 808 156 30 ansluter
1432 809 70 39 mig
1523 809 119 29 därför

160 857 50 29 till
233 856 165 41 förslaget
419 858 11 29 i
453 858 114 29 denna
587 858 64 35 del,
675 859 104 39 enligt
801 860 107 29 vilket
931 861 112 29 staten
1067 861 110 29 under
1199 861 48 30 tio
1270 861 39 30 år
1331 861 55 30 får
1409 862 115 40 nyttja
1548 863 93 29 loka-

157 910 97 29 lerna
273 913 73 27 mot
366 911 193 40 ersättning
579 912 55 30 för
653 913 233 30 kommunens
907 914 197 30 kostnader.
1127 915 64 39 Jag
1213 914 233 31 återkommer
1466 917 11 28 i
1500 917 141 39 special-

158 964 251 40 motiveringen
429 965 52 30 till
500 965 124 40 frågan
644 974 57 21 om
719 967 67 29 vad
807 975 72 21 som
899 967 63 29 bör
981 968 129 29 räknas
1130 969 37 29 in
1187 969 10 29 i
1219 968 99 31 dessa
1339 969 198 30 kostnader.

201 1017 50 29 De
274 1017 280 31 administrativa
579 1019 223 40 uppgifterna
827 1020 10 30 i
860 1019 98 40 fråga
983 1029 56 21 om
1065 1021 296 40 lokalhållningen
1388 1022 85 31 efter
1500 1025 46 28 ett
1573 1023 68 30 för-

158 1072 209 39 statligande
385 1072 64 29 har
467 1072 134 30 berörts
622 1082 42 20 av
682 1073 93 30 vissa
793 1074 311 31 remissinstanser.
1125 1075 126 40 Många
1271 1076 129 29 uttalar
1423 1077 50 39 sig
1494 1077 147 30 sålunda

158 1124 55 30 för
237 1134 41 20 en
301 1125 70 30 viss
397 1126 306 40 decentralisering
728 1137 42 20 av
794 1127 297 40 lokalhållningen
1117 1129 86 30 även
1230 1129 107 30 sedan
1363 1130 66 30 den
1455 1131 185 39 övertagits

158 1187 42 20 av
225 1180 123 28 staten.
373 1180 83 29 Man
478 1180 59 29 vill
562 1180 202 40 härigenom
790 1183 35 28 ta
849 1181 52 29 till
925 1191 84 20 vara
1034 1182 42 29 de
1101 1182 153 30 fördelar
1278 1184 11 29 i
1315 1183 91 30 form
1433 1193 41 20 av
1501 1185 139 39 smidig-

156 1232 58 29 het
233 1232 65 29 och
317 1233 169 30 snabbhet
503 1233 59 30 vid
579 1233 278 40 lokalfrågornas
876 1235 259 40 handläggning
1156 1245 73 21 som
1250 1237 39 29 är
1308 1236 233 41 förknippade
1561 1238 79 30 med

157 1286 203 29 nuvarande
380 1288 139 38 system,
542 1287 141 30 särskilt
703 1288 63 29 när
787 1288 56 30 det
864 1289 105 39 gäller
990 1288 268 32 förhållandena
1277 1291 11 29 i
1310 1291 204 39 tingslagen.

203 1339 98 30 Efter
331 1341 47 28 ett
409 1340 265 40 förstatligande
704 1342 158 29 kommer
893 1343 179 30 lokalerna
1103 1345 48 28 att
1182 1344 168 31 förvaltas
1381 1354 41 20 av
1451 1346 192 39 byggnads-

157 1394 180 38 styrelsen,
362 1394 73 30 dels
459 1395 147 30 centralt
631 1396 64 29 och
720 1396 72 29 dels
818 1404 122 31 genom
967 1397 187 39 styrelsens
1179 1398 176 39 regionala
1381 1406 116 32 organ.
1525 1400 114 39 Enligt

157 1448 74 28 min
256 1448 140 39 mening
422 1447 96 31 finns
543 1449 57 29 det
624 1449 103 39 ingen
754 1449 188 40 anledning
967 1452 82 28 anta
1075 1453 107 28 annat
1209 1452 44 29 än
1280 1453 51 28 att
1358 1461 41 21 en
1428 1452 212 40 förvaltning

157 1508 121 31 genom
298 1501 351 41 byggnadsstyrelsen
667 1503 157 30 kommer
844 1505 49 28 att
913 1503 146 40 fungera
1078 1505 55 29 väl
1152 1505 65 29 och
1236 1505 171 33 effektivt.
1427 1507 65 39 Jag
1510 1507 129 29 räknar

156 1554 80 29 med
253 1556 49 28 att
320 1555 169 39 styrelsen
506 1556 158 29 kommer
681 1558 49 29 att
748 1556 37 30 få
801 1557 210 40 tillräckliga
1026 1567 157 21 resurser
1201 1558 55 30 för
1274 1559 53 30 sin
1345 1569 69 30 nya
1432 1560 147 39 uppgift.

202 1608 49 29 De
276 1608 117 30 lokala
417 1610 264 39 synpunkterna
705 1610 45 39 på
773 1611 193 39 byggnads-
992 1612 64 29 och
1080 1612 352 40 förvaltningsfrågor
1455 1614 62 29 bör
1543 1615 100 29 emel-

158 1661 102 30 lertid
288 1662 106 30 också
420 1663 11 29 i
460 1663 56 30 det
544 1673 69 30 nya
641 1666 164 37 systemet
834 1665 121 29 kunna
984 1666 141 29 komma
1157 1666 49 29 till
1236 1667 142 39 uttryck
1407 1667 45 40 på
1481 1668 158 39 lämpligt

156 1715 78 29 sätt.
260 1715 93 30 Både
377 1716 57 29 vid
458 1716 407 41 byggnadsplaneringen
891 1719 64 28 och
980 1719 11 29 i
1018 1719 56 29 det
1099 1719 149 39 löpande
1274 1719 365 41 förvaltningsarbetet

156 1767 52 31 lär
224 1768 56 29 det
295 1769 47 28 bli
359 1769 188 39 anledning
563 1769 54 30 för
634 1771 169 38 styrelsen
820 1773 49 27 att
887 1772 163 29 samråda
1065 1772 79 30 med
1161 1772 216 31 företrädare
1395 1773 53 30 för
1467 1774 42 30 de
1525 1775 115 29 lokala

156 1821 248 30 domstolarna.
430 1822 212 40 Härigenom
668 1824 70 29 kan
765 1824 56 30 det
849 1826 93 28 stora
968 1825 148 30 intresse
1142 1825 54 31 för
1225 1827 255 30 domstolarnas
1508 1828 130 30 lokaler

158 1883 73 21 som
249 1875 141 30 särskilt
408 1876 501 41 tingshusbyggnadsskyldige
924 1878 63 30 har
1004 1879 90 29 visat
1110 1881 54 30 tas
1181 1880 52 30 till
1251 1890 83 20 vara
1350 1882 11 29 i
1379 1881 70 30 viss
1467 1882 171 29 utsträck-

156 1928 93 39 ning.
269 1928 116 30 Också
402 1930 81 29 med
500 1930 225 30 hovrätterna
746 1930 113 30 såsom
880 1931 341 41 chefsmyndigheter
1242 1933 55 30 för
1318 1934 40 30 de
1380 1934 176 30 allmänna
1578 1944 61 20 un-

156 1981 217 30 derrätterna
394 1983 63 29 bör
479 1985 47 29 ett
549 1984 193 30 samarbete
764 1985 142 29 komma
927 1985 52 30 till
1003 1985 112 30 stånd.
1139 1987 127 29 Vidare
1289 1988 157 29 kommer
1471 1989 167 38 styrelsen

155 2036 222 39 naturligtvis
400 2039 50 28 att
471 2037 11 29 i
507 2037 66 29 den
596 2037 212 40 omfattning
833 2047 72 21 som
929 2039 129 32 behövs
1083 2040 161 30 samråda
1268 2041 80 30 med
1371 2042 146 30 berörda
1543 2044 96 28 kom-

156 2097 124 21 muner
300 2089 45 39 på
367 2098 133 21 samma
523 2091 67 29 sätt
612 2099 73 21 som
707 2100 48 20 nu
778 2092 78 29 sker
877 2094 23 27 t.
916 2101 49 21 ex.
987 2092 58 30 vid
1067 2093 182 40 planering
1271 2095 64 29 och
1357 2095 217 40 utformning
1598 2106 41 20 av

155 2142 169 39 polishus.

200 2196 116 39 Enligt
336 2196 164 40 förslaget
520 2198 10 29 i
550 2199 258 38 promemorian
830 2200 87 28 skall
940 2201 112 28 staten
1073 2200 45 30 ha
1138 2202 69 29 rätt
1228 2202 51 29 till
1302 2202 193 39 ersättning
1517 2203 10 29 i
1549 2204 90 29 vissa

155 2248 63 40 fall
247 2249 79 40 från
356 2250 203 30 nuvarande
589 2250 236 31 lokalhållare.
858 2252 378 42 Ersättningsanspråk
1266 2255 69 30 kan
1369 2256 105 40 enligt
1504 2266 135 30 prome-

155 2303 138 29 morian
317 2304 111 29 riktas
454 2306 72 28 mot
550 2305 503 41 tingshusbyggnadsskyldige
1080 2316 73 21 som
1181 2308 86 30 efter
1293 2309 174 40 utgången
1495 2320 42 19 av
1562 2311 78 39 juni

157 2356 83 30 1968

203 2410 27 29 1.
257 2410 151 40 förfogat
430 2411 80 30 över
532 2411 75 30 sina
627 2412 185 40 tillgångar
832 2412 54 30 för
909 2415 105 28 annat
1036 2415 163 30 ändamål
1221 2416 44 29 än
1286 2416 356 41 tingshusbyggnads-

155 2464 157 39 skyldige
327 2464 77 30 haft
420 2467 49 26 att
485 2465 191 39 tillgodose,
