1923 2829
290 143 20 30 4
614 141 124 29 Första
753 141 245 39 lagutskottets
1014 140 177 31 utlåtande
1205 149 43 21 nr
1261 141 42 30 43
1317 140 38 30 år
1371 140 84 30 1970

335 222 208 40 Utrustning
565 232 74 21 som
661 223 172 30 kommun
855 222 181 30 anskaffat
1058 222 87 31 även
1167 222 55 31 för
1244 232 118 21 annan
1384 222 223 31 verksamhet
1630 222 44 30 än
1698 231 75 21 som

290 277 99 21 avses
408 268 10 30 i
439 268 111 31 första
570 269 135 39 stycket
725 268 55 31 får
801 270 113 29 staten
934 267 80 31 från
1034 268 65 31 och
1118 268 80 30 med
1218 268 67 30 den
1308 268 14 29 1
1345 268 141 40 januari
1509 267 81 31 1971
1614 268 160 30 använda

291 314 54 30 för
362 314 183 30 underrätt
568 314 4 30 i
591 323 135 21 samma
743 314 213 40 omfattning
973 323 74 21 som
1066 315 213 39 egendomen
1297 314 95 30 förut
1411 314 148 30 använts
1576 313 55 30 för
1649 313 124 30 sådant

291 359 174 31 ändamål.
483 360 119 30 Staten
616 360 133 30 betalar
765 360 43 30 de
823 360 189 30 kostnader
1028 360 55 30 för
1099 359 86 31 drift
1201 360 66 30 och
1282 359 186 30 underhåll
1485 368 74 21 som
1576 359 197 30 föranledes

289 406 119 30 härav.

789 550 229 30 Rådhusrätts
1032 549 132 31 lokaler
1177 559 43 21 m.
1235 559 43 20 m.

1002 631 60 38 58

333 686 316 30 Bestämmelserna
670 687 10 29 i
704 686 18 30 3
749 686 15 37 8
789 686 79 40 äger
891 687 246 29 motsvarande
1159 686 223 40 tillämpning
1404 687 11 28 i
1439 685 99 39 fråga
1561 695 57 20 om
1642 685 131 29 lokaler

290 741 74 21 som
381 732 77 30 stad
472 732 80 40 äger
566 732 66 30 och
647 741 74 21 som
737 732 176 30 användes
929 732 82 30 eller
1025 732 115 39 börjat
1157 732 119 30 ställas
1290 732 11 29 i
1317 731 150 39 ordning
1482 731 54 30 för
1551 730 222 30 rådhusrätts

288 778 233 30 verksamhet.

332 823 184 40 Hyresrätt
536 832 74 21 som
631 824 76 29 stad
727 823 64 30 har
810 823 53 30 till
883 823 132 30 lokaler
1035 823 54 29 för
1109 822 223 30 rådhusrätts
1351 822 224 30 verksamhet
1595 822 179 39 övertages

289 878 42 20 av
349 870 113 27 staten
478 870 87 27 utan
580 869 162 37 vederlag
759 869 67 28 den
845 869 15 27 1
879 868 141 38 januari
1041 868 93 28 1971.

1001 956 60 37 65

333 1012 12 29 I
372 1012 100 39 fråga
497 1021 57 21 om
580 1012 204 39 utrustning
810 1011 65 30 och
901 1011 376 39 telefonabonnemang
1304 1019 74 21 som
1406 1010 77 30 stad
1510 1009 182 30 anskaffat
1718 1009 55 29 för

287 1057 223 30 rådhusrätts
526 1056 225 31 verksamhet
768 1057 80 39 äger
866 1056 19 29 4
906 1055 14 38 8
940 1056 247 29 motsvarande
1205 1055 232 40 tillämpning.

885 1208 296 36 Kostnadsbidrag

1001 1289 60 37 7$

331 1345 83 29 Stad
440 1353 75 21 som
541 1345 57 29 vid
622 1344 176 39 utgången
823 1353 42 20 av
890 1343 38 30 år
956 1343 83 30 1970
1064 1343 129 39 fullgör
1218 1342 473 39 lokalhållningsskyldighet
1717 1342 55 29 för

286 1389 205 30 rådhusrätt
510 1389 89 30 skall
618 1389 111 30 under
747 1389 49 30 tio
815 1388 39 31 år
873 1388 80 30 från
972 1388 65 30 och
1056 1388 80 29 med
1155 1388 67 30 den
1243 1387 15 30 1
1279 1387 140 40 januari
1442 1387 81 30 1971
1544 1387 115 29 betala
1678 1387 94 29 kost-

287 1435 212 39 nadsbidrag
521 1435 53 29 till
598 1435 124 29 staten.
745 1434 163 39 Bidraget
932 1434 90 29 skall
1045 1433 83 40 utgå
1150 1433 81 29 med
1252 1433 125 40 belopp
1402 1441 74 21 som
1500 1432 98 40 varje
1623 1432 38 30 år
1684 1434 88 27 mot-

287 1489 120 21 svarar
423 1480 136 29 hälften
576 1489 42 20 av
635 1480 141 29 stadens
794 1479 264 39 sammanlagda
1075 1478 189 30 kostnader
1282 1478 55 29 för
1353 1477 269 30 rådhusrättens
1639 1477 132 30 lokaler

286 1525 111 29 under
416 1524 84 30 åren
521 1524 82 30 1967
624 1524 65 30 och
710 1523 94 31 1968.
823 1524 78 29 Med
920 1523 189 30 kostnader
1129 1531 99 21 avses
1246 1522 125 30 härvid
1389 1522 308 39 marknadshyran
1717 1521 54 30 för

287 1570 179 30 lokalerna
493 1572 90 28 samt
609 1570 42 29 de
675 1569 157 40 verkliga
857 1568 238 31 kostnaderna
1121 1567 55 31 för
1202 1567 268 40 uppvärmning,
1497 1567 183 39 belysning
1707 1566 62 30 och

286 1615 174 40 städning.

330 1660 162 40 Bidraget
510 1660 191 30 fastställes
719 1668 42 21 av
777 1658 204 40 myndighet
999 1667 75 21 som
1092 1658 195 39 Konungen
1303 1657 222 30 bestämmer.

330 1705 248 39 Myndigheten
598 1706 71 29 kan
688 1704 110 30 träffa
818 1705 92 29 avtal
929 1704 79 29 med
1029 1703 123 30 staden
1172 1712 57 21 om
1250 1704 50 28 att
1319 1702 157 39 bidraget
1498 1702 90 30 skall
1607 1702 133 30 betalas
1760 1702 11 29 i

287 1759 118 21 annan
421 1750 149 39 ordning
586 1750 45 29 än
647 1758 75 21 som
739 1756 105 33 anges
859 1749 11 29 i
887 1748 112 30 första
1015 1748 145 40 stycket.

827 1909 253 30 Fastställande
1092 1918 42 20 av
1148 1909 87 35 hyra

998 1990 61 37 853

328 2046 68 30 För
419 2045 258 41 nyttjanderätt
701 2054 75 20 som
800 2053 98 22 avses
921 2044 12 30 i
957 2044 19 30 3
1003 2043 15 37 8
1044 2044 133 29 betalar
1203 2045 113 28 staten
1340 2043 89 39 hyra
1454 2052 74 20 som
1554 2052 119 20 svarar
1697 2043 73 29 mot

285 2092 234 30 kommunens
537 2090 151 30 kostnad
706 2090 54 30 för
778 2090 190 30 lokalerna.

329 2137 67 29 För
413 2136 257 40 nyttjanderätt
689 2144 74 21 som
781 2143 99 22 avses
896 2134 12 30 i
926 2134 17 30 5
965 2134 15 37 $
999 2133 112 31 första
1129 2133 135 40 stycket
1280 2133 133 30 betalar
1433 2133 113 29 staten
1564 2132 206 30 marknads-

285 2182 98 39 hyra.

329 2227 67 30 Om
417 2225 339 31 överenskommelse
776 2225 30 39 ej
829 2224 138 34 träffas,
988 2223 210 31 bestämmes
1218 2223 114 39 hyran
1352 2232 42 20 av
1415 2232 42 20 en
1478 2222 55 30 för
1553 2222 80 30 hela
1653 2222 116 30 landet

286 2280 199 31 gemensam
509 2271 143 34 nämnd,
676 2270 188 30 bestående
889 2278 42 21 av
956 2278 42 21 en
1023 2268 212 30 ordförande
1259 2268 66 30 och
1349 2268 59 29 två
1433 2268 111 29 andra
1569 2263 199 43 ledamöter.

286 2317 167 39 Samtliga
470 2316 191 30 ledamöter
678 2317 96 28 utses
792 2324 42 20 av
852 2314 204 39 Konungen.
1076 2314 53 29 En
1148 2322 42 21 av
1207 2313 239 29 ledamöterna
1464 2313 94 29 utses
1577 2312 45 39 på
1640 2312 130 39 förslag

286 2371 41 21 av
342 2362 155 30 Svenska
509 2359 373 32 kommunförbundet.

329 2407 316 29 Bestämmelserna
661 2406 11 29 i
690 2404 329 40 rättegångsbalken
1038 2412 56 21 om
1113 2403 219 38 omröstning
1350 2403 10 28 i
1380 2403 151 29 domstol
1549 2402 80 30 med
1648 2402 122 30 endast

285 2452 161 40 lagfarna
467 2451 190 30 ledamöter
680 2450 80 39 äger
782 2449 247 30 motsvarande
1051 2448 224 40 tillämpning
1296 2447 46 40 på
1364 2447 196 39 avgörande
1583 2457 42 20 av
1648 2447 122 29 nämn-

285 2498 77 29 den.
382 2496 247 31 Ordföranden
648 2496 89 29 skall
756 2495 90 30 dock
865 2494 83 39 säga
966 2494 55 29 sin
1039 2493 142 39 mening
1199 2492 99 30 först.
