1844 2794
243 178 113 26 Första
374 178 199 26 kammarens
593 177 159 26 allmänna
773 175 330 32 beredningsutskotts
1124 173 160 27 utlåtande
1306 181 38 17 nr
1365 172 27 27 9.
1546 170 20 30 5

123 268 111 29 Sedan
257 266 306 37 formulärförslag
584 265 194 30 utarbetats
797 264 65 30 har
883 273 42 20 en
945 272 57 28 ny,
1023 262 55 30 för
1097 263 65 29 den
1182 261 229 29 kommunala
1433 259 133 30 finans-

81 321 199 30 statistiken
295 319 245 38 betydelsefull
558 318 260 37 omständighet
835 316 215 34 tillkommit,
1066 316 11 29 i
1094 317 57 28 det
1167 317 50 28 att
1234 314 126 37 Kungl.
1377 312 106 38 Maj:t
1500 313 66 29 den

80 374 39 30 21
141 383 92 20 mars
253 373 82 30 1947
354 373 187 37 uppdragit
558 372 35 30 åt
610 371 400 37 konjunkturinstitutet
1026 371 52 28 att
1093 369 89 30 efter
1198 367 140 31 samråd
1357 368 77 28 med
1449 367 119 29 veder-

79 428 154 29 börande
253 427 197 30 statistiska
470 426 85 30 verk
574 426 160 29 utarbeta
753 425 132 36 förslag
903 424 52 30 till
975 433 69 27 nya
1065 422 293 36 statistikgrenar,
1378 420 75 30 däri
1471 419 45 30 bl.
1537 429 30 20 a.

81 482 113 29 skulle
217 481 80 37 ingå
320 490 42 20 en
385 480 271 36 komplettering
677 488 41 20 av
739 479 66 29 den
827 477 229 30 kommunala
1082 475 322 30 finansstatistiken
1427 474 77 29 med
1525 482 43 21 en

81 535 214 36 uppdelning
320 544 42 20 av
388 533 144 37 utgifter
558 533 65 29 och
647 532 194 30 inkomster
866 531 88 30 efter
979 528 401 32 samhällsekonomiska
1405 527 162 38 grunder.

81 589 66 28 Det
166 588 64 29 har
251 587 121 30 därvid
395 587 180 33 bestämts,
597 588 51 27 att
669 586 40 29 de
730 585 161 37 speciella
913 583 188 38 uppgifter,
1123 592 74 20 som
1219 582 176 30 institutet
1413 581 155 30 behövde

83 642 55 29 för
157 642 59 29 sitt
236 641 118 30 arbete
373 641 77 29 med
468 638 552 37 nationalinkomstberäkningar
1039 647 30 19 o.
1091 638 43 33 d.,
1153 636 112 30 skulle
1283 635 177 30 infordras
1479 643 90 21 sam-

82 695 101 36 tidigt
201 695 77 29 med
295 695 120 36 övriga
432 693 178 37 uppgifter
628 693 54 29 för
698 693 65 29 den
779 691 229 30 kommunala
1025 689 333 30 finansstatistiken.
1386 688 102 29 Detta
1504 687 66 29 har

83 750 132 28 ansetts
240 749 90 28 mest
355 747 186 34 rationellt,
567 747 84 29 enär
676 744 246 37 centralbyrån
947 753 147 20 numera
1120 743 55 30 för
1200 743 194 29 institutets
1421 741 149 36 räkning

82 802 180 29 utarbetar
285 811 42 20 en
350 801 87 37 årlig
458 799 278 34 snabbstatistik,
758 808 76 20 som
854 798 46 30 bl.
922 808 29 20 a.
977 797 193 30 innefattar
1192 806 41 20 en
1254 795 205 38 preliminär
1480 803 91 21 sam-

82 855 235 37 manräkning
338 864 42 20 av
398 854 93 30 vissa
511 853 178 37 uppgifter
708 853 10 29 i
737 853 41 29 de
797 851 228 30 kommunala
1045 849 524 37 räkenskapssammandragen.

128 912 175 31 Eftersom
330 911 367 37 sammanslagningen
724 910 52 30 till
804 909 286 30 storkommuner
1115 908 117 29 träder
1258 908 10 28 i
1294 906 97 30 kraft
1415 906 57 29 vid
1499 905 72 30 års-

85 966 122 30 skiftet
233 965 162 35 1951/52,
419 965 65 30 har
506 963 246 37 centralbyrån
777 964 112 28 under
913 963 66 29 den
1004 963 138 29 senaste
1168 961 96 29 tiden
1293 960 79 30 haft
1397 959 175 37 överlägg-

83 1020 125 37 ningar
228 1020 11 29 i
260 1018 287 37 blankettfrågan
568 1018 79 29 med
669 1017 92 30 såväl
786 1016 229 30 kommunala
1036 1015 278 37 organisationer
1336 1022 74 22 som
1432 1013 139 36 statliga

84 1073 252 36 myndigheter.
371 1072 52 29 Då
448 1072 100 29 dessa
571 1071 287 36 överläggningar
882 1078 146 21 numera
1052 1069 77 29 nått
1152 1069 60 29 sitt
1236 1067 188 34 slutskede,
1449 1067 123 29 ämnar

84 1125 247 38 centralbyrån
350 1126 112 29 under
481 1125 114 29 denna
615 1124 62 29 vår
696 1123 115 38 ingiva
831 1122 262 37 framställning
1113 1122 53 29 till
1187 1121 126 37 Kungl.
1331 1120 107 37 Maj:t
1455 1129 57 21 om
1531 1120 42 28 de

84 1189 69 27 nya
172 1179 387 37 uppgiftsformulären.
593 1177 252 36 Centralbyrån
865 1177 64 29 har
948 1176 121 30 därvid
1090 1175 223 30 eftersträvat
1334 1175 129 29 största
1484 1173 88 36 möj-

86 1234 68 37 liga
177 1233 199 37 förenkling
397 1232 11 30 i
430 1232 90 37 syfte
543 1233 50 28 att
616 1232 82 36 göra
721 1230 217 30 formulären
960 1229 38 30 så
1021 1230 86 29 lätta
1132 1238 73 20 som
1228 1228 139 37 möjligt
1389 1229 51 28 att
1461 1226 110 37 ifylla.

86 1287 51 29 En
160 1286 325 37 nytillkommande,
506 1285 77 30 icke
603 1284 174 37 obetydlig
800 1283 175 37 svårighet
1000 1283 70 29 kan
1092 1283 89 36 ligga
1202 1283 9 28 i
1236 1282 99 36 fråga
1356 1290 57 21 om
1435 1281 41 30 de
1498 1289 74 28 spe-

85 1341 100 29 ciella
205 1339 188 38 uppgifter,
415 1348 74 21 som
509 1338 402 37 konjunkturinstitutet
932 1346 102 21 anser
1055 1337 51 36 sig
1124 1335 133 30 behöva
1278 1335 55 29 för
1356 1335 75 30 sina
1451 1334 122 30 beräk-

85 1394 125 36 ningar
235 1403 42 20 av
302 1392 372 33 nationalinkomsten,
696 1391 95 29 vilka
816 1400 42 20 av
881 1390 184 37 praktiska
1089 1390 75 29 skäl
1189 1389 127 30 liksom
1339 1388 126 30 hittills
1488 1387 84 30 böra

86 1447 176 29 infordras
284 1446 10 29 i
317 1446 169 30 samband
507 1445 78 29 med
608 1445 117 36 övriga
744 1443 179 38 uppgifter
943 1443 54 29 för
1020 1444 67 28 den
1108 1442 228 30 kommunala
1356 1441 218 29 finansstati-

87 1500 124 30 stiken.
248 1499 92 30 Från
366 1499 256 29 kommunerna
646 1497 178 30 infordras
850 1496 176 37 åtskilliga
1051 1495 187 37 uppgifter,
1262 1504 75 21 som
1363 1495 75 29 icke
1461 1491 113 40 publi-

86 1563 97 20 ceras
202 1553 54 30 för
272 1552 100 37 varje
390 1552 150 30 särskild
558 1551 170 29 kommun
745 1552 86 28 utan
850 1551 123 29 endast
989 1550 11 29 i
1018 1550 91 29 läns-
1128 1549 82 30 eller
1228 1549 243 29 rikssummor.
1490 1547 84 29 Cen-

86 1606 180 37 tralbyrån
287 1606 66 30 har
371 1606 11 29 i
405 1605 98 37 fråga
526 1614 57 20 om
604 1605 131 29 antalet
755 1602 345 38 kontrolluppgifter,
1123 1612 74 20 som
1217 1602 220 29 motionären
1458 1601 116 29 finner

86 1670 84 20 vara
196 1660 142 36 onödigt
364 1660 98 33 stort,
488 1659 65 29 den
577 1658 181 29 bestämda
783 1657 138 30 åsikten
947 1658 51 28 att
1021 1656 75 37 just
1121 1664 122 29 genom
1269 1656 102 29 dessa
1396 1654 178 37 uppgifter

87 1714 44 29 bl.
152 1723 29 20 a.
202 1714 65 28 den
288 1712 157 30 fördelen
464 1712 133 33 vinnes,
617 1713 50 28 att
685 1710 245 37 centralbyrån
949 1710 74 29 ofta
1041 1710 70 29 kan
1129 1710 147 36 godtaga
1295 1708 200 30 statistiken
1515 1717 59 20 an-

87 1767 118 36 tingen
228 1767 71 29 helt
324 1766 83 30 eller
430 1766 76 28 med
529 1765 166 36 tämligen
721 1764 215 37 begränsade
960 1762 261 37 förfrågningar
1242 1763 63 28 hos
1330 1761 245 37 uppgiftsläm-

88 1829 121 20 narna.

133 1874 227 29 Beträffande
386 1873 65 29 den
475 1872 162 36 påtalade
661 1871 224 36 förseningen
909 1880 41 19 av
975 1870 260 36 publiceringen
1261 1879 41 19 av
1326 1870 66 28 den
1417 1868 159 29 kommu-

89 1928 80 28 nala
194 1926 321 30 finansstatistiken
540 1926 135 28 erinrar
697 1923 246 37 centralbyrån
964 1932 57 20 om
1044 1924 51 28 att
1118 1922 120 36 anslag
1260 1921 163 37 beviljats
1447 1921 54 29 för
1523 1930 53 20 ar-

88 1980 264 30 betsbalansens
376 1978 243 33 avarbetande,
642 1977 106 29 vilket
771 1977 174 29 beräknas
968 1976 98 29 skola
1089 1985 83 20 vara
1193 1975 199 36 genomfört
1415 1975 162 35 omkring

89 2033 181 30 årsskiftet
296 2032 161 33 1952/53.
488 2031 66 29 Om
575 2031 96 29 tiden
693 2031 54 29 för
767 2031 42 28 de
829 2029 332 30 landskommunala
1181 2028 396 36 räkenskapssamman-

90 2088 146 35 dragens
256 2086 191 36 avgivande
466 2085 210 29 bestämmes
694 2084 50 29 till
764 2092 41 20 en
824 2083 146 36 tidigare
989 2082 166 36 tidpunkt
1173 2082 42 36 på
1233 2082 73 29 året
1325 2083 45 27 än
1387 2082 65 28 den
1469 2090 107 20 nuva-

91 2140 106 28 rande
214 2139 64 29 och
297 2138 224 37 uppgifterna
542 2137 179 29 inkomma
739 2136 106 36 något
865 2136 36 29 så
918 2137 63 28 när
1001 2136 221 35 fullständigt
1240 2136 9 28 i
1268 2136 69 28 rätt
1355 2135 60 31 tid,
1432 2135 62 28 bör
1510 2135 64 28 den

90 2202 41 19 av
150 2191 400 37 konjunkturinstitutet
568 2190 149 36 begärda
738 2189 312 30 snabbstatistiken
1069 2190 81 27 över
1167 2188 275 29 kommunernas
1463 2188 114 28 finan-

91 2255 54 19 ser
171 2246 134 27 lämnas
333 2245 105 28 redan
466 2243 42 36 på
533 2243 107 29 våren
666 2243 81 28 eller
776 2242 254 28 försommaren
1058 2241 73 29 året
1157 2241 87 29 efter
1271 2240 304 36 räkenskapsåret.

90 2299 185 28 Dessutom
303 2297 130 28 räknar
458 2295 244 36 centralbyrån
727 2295 77 28 med
831 2296 51 27 att
908 2295 9 28 i
943 2295 63 28 den
1035 2293 168 32 tidskrift,
1231 2302 74 19 som
1330 2293 243 36 centralbyrån

89 2352 158 35 planerat
271 2351 51 27 att
345 2349 116 36 utgiva
487 2348 146 28 fr.o.m.
656 2347 318 29 verksamhetsåret
997 2346 160 32 1951/52,
1184 2346 119 28 kunna
1325 2363 44 2 -—
1389 2346 188 29 eventuellt

92 2404 74 29 med
189 2402 226 37 preliminära
436 2401 121 29 siffror
575 2418 20 2 —
638 2400 43 36 på
700 2402 47 27 ett
767 2400 101 36 tidigt
890 2400 150 29 stadium
1063 2399 174 36 publicera
1258 2400 40 27 de
1320 2401 87 27 mest
1425 2399 151 35 betydel-

91 2456 123 29 sefulla
242 2454 316 30 finansstatistiska
585 2454 92 28 data.

135 2510 62 28 Det
215 2509 7 28 i
240 2508 176 29 motionen
438 2507 152 35 antydda
608 2506 218 30 alternativet
846 2507 76 28 med
942 2515 39 20 en
1001 2505 215 35 redogörelse
1232 2506 122 28 endast
1372 2508 75 26 vart
1466 2505 111 35 tredje
