1914 2804
270 146 38 30 30
635 151 390 37 Bevillningsutskottets
1046 151 217 32 betänkande
1284 152 49 31 Nr
1361 153 49 30 20.

410 234 140 36 (Kungl.
577 235 120 36 Maj:ts
720 234 158 38 förslag.)
1233 235 208 38 (Utskottets
1465 236 159 39 förslag.)

275 301 90 31 hava
390 301 179 36 minskats,
596 311 57 20 om
680 302 102 31 halva
807 302 58 30 det
891 302 125 31 insatta
1042 302 170 38 beloppet,
1239 303 89 31 dock
1354 304 100 36 högst
1481 303 134 31 hälften
1642 314 42 21 av
1710 304 64 30 den

272 352 56 31 vid
352 352 406 37 inkomstuppskattning
782 353 105 36 enligt
912 354 112 30 denna
1048 353 204 37 förordning
1278 354 199 31 beräknade
1501 354 197 31 inkomsten
1724 354 55 31 för

272 402 323 37 beskattningsåret,
620 403 171 36 avdragits
818 403 57 31 vid
899 403 459 38 inkomstuppskattningen.

1224 453 53 40 (Se
1297 454 117 31 vidare
1435 454 291 40 anvisningarna.)

975 547 42 30 20
1037 546 30 38 8.

317 612 74 31 Har
409 612 86 30 fond
516 622 75 21 som
595 608 21 47 i
644 614 49 35 14,
714 614 38 29 15
771 614 82 30 eller
874 614 39 30 16
934 614 18 37 8
972 623 97 22 avses
1089 613 31 37 ej
1140 617 127 28 avsatts
1285 615 11 29 i
1313 615 318 36 balansräkningen
1650 615 55 30 för
1723 615 55 30 be-

273 662 267 37 skattningsåret
557 663 83 30 eller
657 663 63 31 har
737 663 109 31 sådan
865 664 84 30 fond
967 667 129 28 avsatts
1114 665 79 30 med
1211 665 135 30 mindre
1363 665 126 37 belopp
1507 666 45 29 än
1572 674 75 21 som
1667 665 108 31 seder-

274 722 95 21 mera
392 712 92 31 visar
504 713 50 37 sig
576 714 92 30 hava
691 714 86 31 varit
800 715 174 35 önskvärt,
999 714 59 31 må
1081 714 114 31 såsom
1217 715 196 38 avsättning
1435 716 203 36 godkännas
1661 714 115 32 skrift-

273 763 45 37 lig
340 763 193 37 förklaring
554 773 44 20 av
620 764 66 30 den
709 765 257 36 skattskyldige,
990 768 49 27 att
1067 766 5 29 i
1095 766 283 36 räkenskaperna
1401 766 54 30 för
1478 766 56 30 det
1557 765 46 38 på
1625 767 148 30 beskatt-

274 813 174 37 ningsåret
472 815 156 30 närmast
652 813 154 38 följande
831 814 290 38 räkenskapsåret
1146 816 196 37 överföring
1366 816 51 30 till
1443 815 109 32 sådan
1578 816 86 31 fond
1689 817 85 30 skall

274 865 99 36 göras
392 863 79 32 från
489 864 86 31 fond
593 865 82 30 eller
693 865 116 36 konto,
829 874 75 21 som
922 865 103 31 fanns
1045 865 58 31 vid
1121 865 328 37 beskattningsårets
1468 865 131 38 utgång
1617 867 65 30 och
1702 875 73 22 som

272 915 117 30 kunde
406 914 202 37 disponeras
626 914 55 31 för
697 915 41 31 de
755 915 10 30 i
783 916 154 30 nämnda
954 916 203 36 paragrafer
1173 916 149 37 angivna
1341 915 218 32 ändamålen.

318 964 65 30 Det
401 964 11 30 i
430 965 39 30 18
487 965 64 30 och
572 965 40 30 19
630 965 41 37 88
690 965 147 36 angivna
855 966 157 30 villkoret
1029 976 57 20 om
1106 966 188 37 insättning
1312 967 10 29 i
1342 966 210 31 riksbanken
1572 967 88 30 skall
1677 976 98 21 anses

274 1014 167 37 fullgjort,
463 1025 57 21 om
543 1016 97 36 dylik
661 1016 187 36 insättning
870 1017 88 30 skett
978 1020 116 27 senast
1115 1017 66 31 den
1206 1018 37 29 15
1266 1017 65 36 juli
1356 1018 80 29 1941
1459 1018 81 30 eller
1560 1017 59 30 vid
1640 1019 65 30 den
1727 1027 48 21 se-

272 1074 83 22 nare
374 1066 163 36 tidpunkt
555 1066 76 31 före
649 1065 217 38 taxeringens
886 1067 213 36 avslutande,
1121 1076 74 22 som
1214 1068 325 30 landskamreraren
1558 1068 217 30 bestämmer.

274 1115 96 31 Efter
392 1116 156 31 ansökan
570 1126 43 21 av
635 1117 228 37 skattskyldig
885 1118 79 36 äger
984 1117 125 37 Kungl.
1133 1117 99 37 Maj:t
1253 1117 11 31 i
1287 1118 170 31 särskilda
1478 1117 72 37 fall,
1575 1118 63 30 där
1659 1118 117 31 insätt-

272 1166 84 37 ning
382 1166 11 30 i
420 1166 214 32 riksbanken
660 1167 109 31 skulle
795 1166 92 33 vålla
914 1168 67 31 den
1008 1168 249 37 skattskyldige
1284 1169 167 30 avsevärd
1478 1167 183 38 svårighet,
1689 1168 86 32 före-

273 1215 125 37 skriva,
424 1220 50 27 att
497 1217 190 37 insättning
711 1217 11 30 i
745 1218 213 30 riksbanken
981 1217 57 32 må
1064 1219 143 30 ersättas
1232 1220 79 30 med
1337 1227 117 22 annan
1478 1218 212 37 väsentligen
1714 1219 62 30 lik-

273 1267 120 37 värdig
411 1266 204 37 disposition
632 1277 42 22 av
692 1267 182 37 tillgångar
890 1269 89 36 eller,
998 1269 65 30 där
1079 1268 196 37 synnerliga
1292 1269 76 30 skäl
1387 1269 113 30 därtill
1517 1270 72 35 äro,
1608 1268 168 32 fastställa

272 1320 107 28 annat
399 1317 124 31 villkor
543 1317 57 31 för
621 1318 67 30 den
707 1318 233 36 provisoriska
961 1318 327 37 skattepåföringen.

978 1427 90 37 218.

319 1492 205 31 Restitution
548 1503 43 21 av
617 1493 224 37 provisoriskt
866 1493 124 38 påförd
1014 1493 407 37 krigskonjunkturskatt
1446 1494 88 31 skall
1560 1494 86 31 efter
1673 1494 103 30 fram-

275 1543 164 37 ställning
457 1542 78 32 från
553 1544 231 37 skattskyldig
803 1554 42 21 av
868 1544 321 37 prövningsnämnd
1208 1544 187 38 medgivas,
1414 1554 57 21 om
1492 1545 65 31 och
1579 1545 11 31 i
1609 1545 65 31 den
1696 1543 80 32 mån

274 1593 96 31 inom
392 1594 60 36 tid,
477 1603 73 21 som
575 1594 194 31 sedermera
790 1594 196 37 fastställes,

314 1643 32 40 a)
377 1645 349 37 varuförnyelsefond
745 1655 74 21 som
841 1646 10 30 i
874 1646 38 30 14
935 1646 18 37 8
975 1646 76 37 sägs
1073 1646 146 31 använts
1238 1646 57 30 för
1313 1646 106 37 enligt
1441 1646 113 31 denna
1575 1645 203 38 förordning

274 1694 181 36 medgiven
476 1694 248 38 nedskrivning
746 1694 20 32 å
790 1695 277 37 lagertillgångar
1090 1705 75 21 som
1186 1695 196 32 anskaffats
1404 1697 11 30 i
1439 1696 111 31 stället
1572 1696 56 31 för
1650 1697 40 30 de
1714 1706 61 21 un-

275 1744 60 31 der
357 1745 314 37 beskattningsåret
695 1745 179 38 avgångna
896 1746 332 37 lagertillgångarna,

316 1794 34 40 b)
379 1795 278 37 lagertillgångar
681 1805 73 21 som
779 1796 10 30 i
815 1797 39 30 15
881 1797 18 37 8
925 1806 96 22 avses
1043 1797 183 31 levererats
1251 1797 66 31 och
1341 1797 434 37 prisfluktuationsfonden

274 1847 146 30 använts
445 1846 55 31 för
523 1846 111 31 sådan
658 1847 246 36 nedskrivning
930 1857 42 21 av
995 1848 101 31 dessa
1122 1847 191 38 tillgångar,
1341 1857 75 21 som
1441 1848 104 36 enligt
1569 1848 114 32 denna
1708 1847 67 32 för-

274 1896 149 37 ordning
451 1897 110 31 skulle
588 1897 180 36 medgivits
797 1897 55 31 för
883 1897 321 37 beskattningsåret,
1234 1908 57 21 om
1321 1897 229 38 tillgångarna
1580 1898 44 32 då
1654 1900 121 29 levere-

274 1949 80 33 rats,

318 1997 29 40 c)
380 1997 471 38 kostnadsutjämningsfond
880 2008 74 21 som
982 1999 10 30 i
1021 1999 39 30 16
1091 1999 18 37 3
1136 2000 76 35 sägs
1238 2000 147 30 använts
1412 1999 55 31 för
1493 2000 247 30 omkostnader
1765 2000 10 30 i

273 2048 162 36 rörelsen,
457 2048 54 31 för
530 2048 95 32 vilka
648 2048 127 37 avdrag
796 2049 111 31 skulle
926 2049 181 37 medgivits
1129 2049 57 31 vid
1204 2049 156 38 taxering
1380 2050 51 30 till
1450 2049 325 37 krigskonjunktur-

274 2099 102 36 skatt,
405 2099 114 31 därest
546 2099 132 30 fonden
704 2099 30 38 ej
763 2099 215 40 disponerats
1007 2100 56 31 för
1089 2099 207 37 ändamålet,

317 2146 37 40 d)
380 2148 141 38 tillgång
547 2159 77 21 som
648 2150 10 30 i
687 2151 35 29 17
752 2150 18 37 8
796 2151 77 36 sägs
898 2149 137 38 nedgått
1061 2151 10 29 i
1096 2151 104 31 värde
1224 2151 112 30 under
1360 2151 66 36 det,
1451 2151 114 31 vartill
1593 2152 66 31 den
1684 2152 11 30 i
1720 2152 54 30 be-

274 2200 366 37 skattningsavseende
663 2200 103 37 enligt
788 2200 115 31 denna
926 2200 204 37 förordning
1153 2201 193 36 avskrivits,

316 2249 29 40 e)
377 2250 135 38 belopp,
538 2260 76 21 som
641 2251 103 36 enligt
770 2251 40 30 18
835 2251 81 31 eller
945 2252 37 29 19
1008 2252 19 37 8
1051 2251 123 32 insatts
1200 2252 10 30 i
1233 2252 223 37 riksbanken,
1481 2252 216 37 disponerats
1722 2252 55 31 för

274 2299 108 32 sådan
405 2300 227 39 anskaffning
655 2311 42 21 av
718 2300 142 38 tillgång
881 2311 74 21 som
977 2302 234 37 insättningen
1231 2305 119 34 avsett,
1375 2303 64 31 och
1463 2303 11 30 i
1494 2303 280 37 räkenskaperna

273 2349 109 32 sådan
407 2351 223 37 avskrivning
652 2351 20 31 å
693 2351 185 37 tillgången
900 2353 88 30 skett
1010 2362 75 21 som
1107 2353 105 36 enligt
1233 2353 10 30 i
1264 2353 115 31 denna
1402 2353 205 37 förordning
1629 2353 146 37 angivna

274 2401 149 37 grunder
445 2403 110 30 skulle
576 2403 135 30 kunnat
733 2403 202 37 godkännas
959 2402 56 31 vid
1038 2403 157 37 taxering
1217 2403 50 31 till
1291 2403 406 38 krigskonjunkturskatt
1723 2403 53 32 för

274 2451 329 38 anskaffningsåret,
630 2453 81 30 eller
