1904 2806
501 179 392 37 Bevillningsutskottets
918 179 219 32 betänkande
1162 180 48 32 Nr
1222 181 48 30 20.
1586 175 40 30 dT

255 262 141 38 (Kungl.
424 263 118 36 Maj:ts
565 263 158 37 förslag.)
1079 264 208 36 (Utskottets
1312 264 158 38 förslag.)

162 330 65 31 Vid
251 330 192 38 beräkning
466 339 42 21 av
532 330 252 31 nettointäkten
806 340 42 21 av
874 331 193 37 skogsbruk
1093 332 88 29 skall
1206 330 78 31 från
1308 330 317 31 bruttointäkterna

116 390 44 21 av
181 381 192 37 skogsbruk
395 381 110 31 under
525 380 311 38 beskattningsåret
856 382 131 36 avdrag
1007 382 101 36 göras
1130 381 56 30 för
1207 380 108 38 därpå
1336 381 194 37 belöpande
1551 390 72 22 om-

120 432 196 30 kostnader.
359 431 68 31 För
456 431 235 38 beräkningen
721 431 175 31 erfordras
927 431 100 31 alltså
1057 432 11 29 i
1098 432 91 37 regel
1219 434 49 28 att
1299 432 252 30 nettointäkten
1582 441 44 21 av

116 482 355 37 jordbruksfastighet
495 481 100 32 såvitt
618 481 107 38 angår
750 481 311 38 beskattningsåret
1084 482 169 37 uppdelas
1278 483 128 30 mellan
1431 483 194 36 skogsbruk

118 533 66 29 och
209 532 169 37 jordbruk
403 532 45 38 på
470 533 55 31 det
547 534 67 30 sätt
637 543 74 21 som
734 534 139 36 angives
898 533 11 30 i
933 534 110 36 punkt
1071 535 14 28 1
1111 542 42 21 av
1179 533 269 37 anvisningarna
1472 534 49 30 till
1547 534 18 30 5
1592 534 29 36 8.

119 582 122 32 Såsom
260 584 210 31 omkostnad
488 583 57 32 må
564 587 170 34 upptagas
754 584 130 37 jämväl
902 585 180 31 beräknad
1101 584 111 37 skälig
1231 584 149 31 kostnad
1399 583 56 32 för
1474 587 81 28 utav
1568 593 57 22 av-

120 633 168 39 verkning
315 634 207 31 föranledda
549 634 244 38 efterföljande
822 634 172 38 röjnings-
1026 635 65 30 och
1121 635 165 30 liknande
1317 635 142 30 arbeten
1490 634 37 31 så
1557 635 65 30 ock

120 684 148 31 kostnad
303 684 56 30 för
396 688 81 27 utav
502 685 256 37 avverkningen
782 685 112 31 direkt
918 685 207 30 förorsakad
1150 684 278 38 återplantering,
1456 684 91 32 ändå
1574 688 49 27 att

118 735 233 30 kostnaderna
371 735 31 36 ej
423 735 149 30 hänföra
592 736 49 36 sig
662 735 51 30 till
731 735 323 38 beskattningsåret.
1076 735 122 31 Såsom
1217 736 209 30 omkostnad
1445 735 57 31 må
1522 735 12 30 i
1551 734 73 37 fall,

118 783 46 31 då
185 784 84 37 skog
289 785 183 30 avverkats
494 786 80 29 eller
596 786 65 29 ock
684 788 166 35 avyttrats
872 789 85 27 utan
979 786 169 30 samband
1172 786 79 30 med
1273 786 173 37 avyttring
1468 795 44 21 av
1532 795 90 21 mar-

119 835 78 36 ken,
218 835 125 37 belopp
364 836 244 30 motsvarande
630 836 129 36 avdrag
779 836 105 37 enligt
906 838 41 29 22
969 836 19 37 3
1019 837 7 29 1
1051 846 104 21 mom.
1177 837 110 30 andra
1309 837 134 37 stycket
1464 837 158 29 kommu-

119 886 272 36 nalskattelagen
414 889 169 34 upptagas
605 886 122 31 endast
750 896 56 20 om
828 887 208 36 fastigheten
1059 887 194 30 förvärvats
1275 887 88 30 cfter
1385 886 172 37 utgången
1579 896 44 21 av

118 936 136 36 augusti
276 936 93 30 1939.
403 936 14 30 I
439 936 71 36 fall,
530 935 45 32 då
596 937 158 30 växande
773 937 85 38 skog
878 940 167 34 avyttrats
1067 937 10 30 i
1096 938 169 30 samband
1286 938 81 30 med
1386 938 172 37 avyttring
1579 947 43 20 av

118 987 155 36 marken,
300 987 89 30 skall
417 987 10 29 i
456 986 110 31 stället
594 987 55 30 för
676 987 129 37 avdrag
833 997 76 20 som
936 996 97 22 avses
1062 988 10 29 i
1100 987 111 37 tredje
1239 989 132 35 stycket
1400 997 42 21 av
1471 988 154 30 nämnda

117 1046 106 21 mom.
244 1038 130 36 avdrag
393 1038 100 36 göras
513 1037 78 30 med
611 1040 46 27 ett
677 1038 125 36 belopp
823 1038 170 30 svarande
1013 1040 72 28 mot
1106 1038 66 30 den
1193 1038 158 30 växande
1371 1039 146 36 skogens
1537 1047 87 28 upp-

119 1088 159 30 skattade
297 1088 107 30 värde
423 1088 57 30 vid
500 1087 172 37 utgången
694 1098 42 21 av
755 1088 136 36 augusti
916 1088 94 36 1939,
1032 1088 89 31 dock
1143 1091 58 33 att,
1222 1098 57 20 om
1301 1089 148 36 skogens
1470 1088 54 31 för
1545 1089 79 36 äga-

118 1147 60 21 ren
203 1138 158 37 gällande
384 1138 252 37 ingångsvärde
660 1148 61 21 var
742 1140 118 35 större,
885 1139 130 36 avdrag
1038 1138 60 32 må
1120 1140 61 29 ske
1203 1139 78 30 med
1305 1140 94 30 detta
1421 1139 113 31 värde.
1559 1138 67 31 Vid

118 1189 252 36 uppskattning
390 1199 42 21 av
454 1189 118 30 värdet
592 1189 21 31 å
632 1190 66 30 den
720 1190 156 30 växande
899 1190 128 36 skogen
1048 1189 58 30 vid
1125 1189 172 37 utgången
1318 1199 43 21 av
1383 1190 136 36 augusti
1542 1189 82 30 1939

118 1239 179 37 iakttages,
318 1243 50 27 att
385 1240 179 36 bevisning
582 1240 150 31 rörande
751 1240 76 31 dess
846 1241 129 30 storlek
992 1240 12 30 i
1024 1241 90 36 regel
1132 1240 32 36 ej
1185 1241 70 30 kan
1275 1240 138 37 åläggas
1434 1241 66 30 den
1518 1241 106 30 skatt-

118 1291 165 37 skyldige.
307 1290 288 37 Värdeökningen
618 1289 20 32 å
660 1291 66 29 den
748 1291 157 30 växande
927 1291 129 36 skogen
1078 1290 58 31 må
1159 1290 217 38 följaktligen
1397 1290 32 37 ej
1453 1291 172 30 beräknas

119 1340 50 31 till
191 1342 104 35 högre
316 1341 127 36 belopp
465 1342 44 29 än
531 1351 74 21 som
627 1341 114 31 finnes
761 1342 79 30 med
862 1341 220 31 sannolikhet
1105 1351 101 21 svara
1227 1345 72 27 mot
1318 1341 241 37 utvecklingen
1582 1350 43 21 av

118 1392 67 30 den
208 1392 176 31 allmänna
406 1391 399 37 fastighetsmarknaden
827 1392 221 31 beträffande
1071 1392 313 36 skogsegendomar
1407 1392 21 31 å
1450 1395 107 27 orten.

163 1442 31 29 4.
229 1442 71 29 Har
324 1441 59 30 vid
405 1442 244 30 motsvarande
671 1442 220 37 tillämpning
914 1451 43 20 av
982 1442 41 30 de
1049 1441 55 30 för
1127 1442 192 38 beräkning
1342 1451 44 21 av
1410 1442 213 36 uppskattad

118 1491 227 31 merinkomst
370 1501 43 21 av
438 1491 170 37 jordbruk
635 1492 157 37 gällande
814 1493 157 35 reglerna
996 1492 354 36 inkomstminskning
1374 1491 20 31 å
1418 1492 205 37 jordbruket

118 1542 231 36 uppkommit,
371 1541 199 31 förutsättes
592 1544 50 27 att
663 1542 67 30 den
752 1542 249 37 skattskyldige
1021 1543 78 29 bort
1120 1544 83 28 utan
1225 1545 48 27 att
1295 1541 326 37 krigskonjunktur-

118 1592 221 36 beskattning
356 1591 253 37 ifrågakomme
627 1593 120 29 kunna
764 1595 118 34 uttaga
902 1593 296 36 skogsprodukter
1213 1592 11 31 i
1242 1592 39 32 så
1298 1596 71 27 stor
1386 1593 240 36 utsträckning

119 1645 49 28 att
192 1643 266 36 kompensation
481 1643 54 30 för
557 1643 401 36 inkomstminskningen
982 1643 203 36 därigenom
1207 1644 156 30 erhölles.
1511 1683 2 3 |

164 1693 14 29 I
200 1693 109 36 dylikt
331 1693 62 30 fall
416 1693 86 30 skall
523 1692 217 38 följaktligen
762 1692 114 32 såsom
899 1694 142 29 taxerad
1063 1694 226 30 merinkomst
1311 1704 42 20 av
1376 1695 193 36 skogsbruk
1589 1693 32 37 ej

117 1746 171 34 upptagas
309 1745 109 29 större
438 1744 54 30 del
513 1753 41 21 av
577 1744 67 30 den
665 1744 103 36 enligt
787 1745 113 36 punkt
921 1745 18 29 2
961 1745 232 36 uppskattade
1213 1744 267 37 prisstegringen
1501 1746 44 29 än
1559 1745 67 30 den

118 1802 78 21 som
220 1792 148 32 återstår
392 1793 89 31 efter
504 1794 130 36 avdrag
658 1803 43 21 av
724 1793 37 31 så
785 1798 74 26 stor
881 1795 219 35 procentuell
1125 1795 103 30 andel
1252 1804 43 21 av
1319 1795 207 30 densamma
1549 1804 77 21 som

117 1844 402 36 inkomstminskningen
545 1844 21 31 å
591 1845 205 36 jordbruket
823 1845 131 36 utgjort
982 1855 41 21 av
1052 1846 68 30 den
1147 1846 199 29 beräknade
1373 1845 253 30 nettointäkten

117 1904 43 20 av
184 1894 192 36 skogsbruk
401 1895 109 30 under
532 1894 321 37 beskattningsåret.
878 1895 66 31 Vid
968 1894 250 37 uppskattning
1243 1904 41 21 av
1308 1895 252 30 nettointäkten
1583 1904 43 21 av

119 1944 193 36 skogsbruk
334 1945 10 29 i
368 1944 62 31 fall
453 1953 118 22 varom
594 1954 48 21 nu
663 1946 40 29 är
723 1944 97 37 fråga
843 1944 58 31 må
923 1954 42 21 en
988 1945 210 30 summarisk
1222 1944 192 38 beräkning
1437 1945 60 30 ske
1519 1955 42 21 av
1584 1946 43 29 de

118 1995 247 30 omkostnader
390 2004 75 21 som
488 1994 149 31 hänföra
662 1995 51 37 sig
736 1995 49 30 till
809 1995 239 36 skogsbruket.

163 2045 30 30 5.
227 2044 72 30 Har
320 2045 229 38 skattskyldig
571 2045 9 30 i
603 2046 127 29 rörelse
750 2046 111 29 under
882 2045 312 37 beskattningsåret
1217 2044 233 38 tlillgodogjort
1474 2045 49 38 sig
1546 2054 77 29 pro-

119 2095 125 30 dukter
269 2094 79 31 från
373 2097 74 34 eget
474 2096 192 35 skogsbruk
691 2096 64 29 och
780 2096 131 30 utvisar
937 2095 44 37 på
1006 2096 112 35 grund
1145 2105 42 21 av
1214 2096 65 30 den
1306 2096 8 30 i
1340 2096 283 36 räkenskaperna

118 2145 201 36 tillämpade
347 2145 268 36 prissättningen
643 2146 150 30 rörelsen
820 2145 367 37 inkomstminskning,
1215 2146 125 30 medan
1370 2147 142 30 taxerad
1538 2155 87 21 mer-

119 2195 153 30 inkomst
298 2196 254 30 framkommer
579 2196 56 29 för
663 2196 238 36 skogsbruket,
932 2196 80 36 äger
1040 2196 66 30 den
1137 2196 249 36 skattskyldige
1416 2199 48 27 att
1492 2196 56 30 för
1573 2199 53 27 ut-

119 2245 157 36 jämning
299 2246 213 30 härutinnan
536 2246 221 30 beträffande
780 2246 155 30 nämnda
959 2246 192 35 produkter
1172 2246 158 36 tillämpa
1354 2247 94 35 lägre
1472 2246 154 36 prissätt-

119 2295 84 36 ning
226 2296 78 29 med
329 2296 231 35 sammanlagt
585 2296 99 35 högst
708 2296 37 30 så
768 2299 85 27 stort
878 2296 126 35 belopp
1030 2298 49 27 alt
1103 2296 400 35 inkomstminskningen
1528 2295 21 32 å
1573 2297 52 29 rö-

119 2346 110 30 relsen
250 2345 189 32 bortfaller.

937 2395 73 30 Vad
1044 2395 148 30 sålunda
1227 2395 151 36 stadgats
1415 2395 87 30 skall
1535 2394 91 37 gälla

893 2446 87 29 även
1015 2447 9 28 i
1061 2445 64 37 fall
1147 2445 45 30 då
1214 2445 230 37 skattskyldig
1467 2447 10 28 i
1502 2445 126 30 rörelse

893 2495 234 37 tillgodogjort
1144 2497 50 35 sig
1212 2496 188 36 produkter
1416 2495 80 38 från
1511 2495 117 36 skogs-
