2264 2592
188 681 72 28 Ang.
280 678 93 31 anslag

191 713 43 24 till
253 713 120 24 handels-

185 749 200 31 undervisning.

208 785 123 45 [25]

444 136 42 31 34
859 166 2 2 —
921 136 255 32 Statsutskottets
1204 136 171 31 Utlåtande
1399 137 63 31 N:o
1487 137 30 30 8.

941 217 55 31 att
1037 212 222 49 Riksdagen
1294 216 73 43 må,
1397 213 12 35 1
1437 214 122 37 likhet
1587 215 87 35 med
1704 215 104 36 hvad
1837 215 59 36 för
1923 216 108 37 inne-

807 264 169 37 varande
1007 267 41 33 år
1075 269 69 43 ägt
1171 278 96 34 rum,
1298 265 58 35 till
1380 266 226 46 föreningen
1619 267 68 43 för
1705 269 131 34 svensk
1855 268 177 45 hemslöjd

808 320 125 33 såsom
977 316 137 48 bidrag
1155 315 59 37 till
1255 316 284 49 uppehållande
1583 318 41 35 af
1662 318 87 36 dess
1784 318 247 37 verksamhet

808 368 124 36 under
961 371 41 33 år
1032 369 100 35 1909
1161 371 49 45 på
1239 373 108 31 extra
1376 374 76 31 stat
1480 370 60 36 för
1569 383 146 23 samma
1746 372 41 33 år
1816 370 134 36 anvisa
1974 375 57 31 ett

810 420 141 49 belopp
981 420 42 36 af
1050 421 139 46 15,000
1218 419 155 37 kronor.

670 573 287 50 Befrämjande
981 573 14 33 i
1020 573 224 34 allmänhet
1268 573 40 34 af
1331 574 150 34 handel
1505 574 77 34 och
1606 575 155 42 sjöfart.

541 673 101 44 26:0)
698 670 144 49 Kungl.
873 670 112 49 Maj:t
1014 671 70 36 har
1121 671 204 48 föreslagit
1352 671 227 48 Riksdagen
1608 676 56 32 att
1692 672 61 36 för
1783 674 40 33 år
1855 673 97 35 1909
1981 676 50 45 på

406 728 108 31 extra
557 727 77 32 stat
672 723 133 35 anvisa
833 727 55 32 ett
917 723 137 48 anslag
1083 723 41 35 af
1151 725 139 45 38,000
1320 723 152 48 kronor,
1503 728 56 31 att
1588 724 41 35 af
1652 723 144 49 Kungl.
1828 723 109 49 Maj:t
1965 738 66 22 an-

393 775 158 44 vändas
593 774 59 36 till
693 775 210 35 understöd
946 777 37 33 åt
1026 774 220 49 Göteborgs
1282 775 316 36 handelsinstitut
1640 776 72 35 och
1740 776 291 47 grosshandels-

407 827 230 36 societetens
666 827 13 35 i
709 825 223 37 Stockholm
960 827 282 47 handelsskola,
1267 827 121 35 Frans
1409 826 208 37 Schartaus
1636 827 201 49 praktiska
1856 827 175 36 handels-

405 878 167 47 institut,
617 883 98 31 samt
757 877 141 37 Malmö
941 878 123 48 högre
1093 878 323 47 handelsinstitut,
1453 879 119 36 under
1608 879 292 48 förutsättning,
1930 879 101 35 hvad

407 929 223 48 Göteborgs
660 930 316 36 handelsinstitut
1003 930 196 47 beträffar,
1221 935 56 31 att
1299 929 220 49 Göteborgs
1546 930 363 48 stadsfullmäktige,
1930 930 101 35 hvad

404 981 125 35 Frans
560 980 207 37 Schartaus
786 981 318 36 handelsinstitut
1124 984 133 45 angår,
1280 988 55 29 att
1356 982 485 47 grosshandelssocieteten
1862 982 13 35 i
1896 981 135 37 Stock-

404 1032 104 36 holm
540 1034 83 46 och,
653 1033 297 37 vidkommande
979 1033 142 36 Malmö
1150 1034 122 47 högre
1301 1034 324 46 handelsinstitut,
1656 1038 56 31 att
1739 1034 141 35 Malmö
1907 1033 124 36 stads-

406 1085 244 47 fullmäktige
680 1085 236 36 fortfarande
950 1085 57 35 till
1044 1085 203 36 instituten
1283 1085 127 36 lämna
1439 1086 117 47 årligt
1587 1085 211 36 understöd
1827 1085 58 35 till
1913 1085 119 35 minst

406 1149 147 23 samma
580 1137 140 48 belopp
751 1150 81 23 som
861 1137 150 46 hittills,
1043 1141 99 31 samt
1169 1140 49 45 på
1239 1137 45 36 de
1303 1137 139 36 villkor
1462 1138 12 35 i
1502 1137 131 48 öfrigt,
1655 1150 83 23 som
1757 1137 143 47 Kungl.
1921 1136 111 48 Maj:t

404 1189 76 35 kan
509 1190 105 34 finna
644 1189 144 47 skäligt
814 1189 225 35 bestämma.

538 1240 272 48 Utredningen
825 1240 13 35 1
853 1240 161 36 ärendet
1030 1240 208 36 återfinnes
1253 1240 13 35 i
1282 1239 430 49 statsrådsprotokollet,
1729 1239 68 36 sid.
1813 1240 216 35 139—143.

539 1291 76 36 Till
657 1291 209 36 understöd
902 1294 37 33 åt
967 1292 47 35 de
1043 1294 66 33 två
1138 1291 264 36 förstnämnda
1431 1290 363 36 handelsinstituten
1822 1290 70 36 har
1919 1290 112 36 Riks-

406 1344 128 48 dagen
578 1343 190 36 alltsedan
810 1345 41 34 år
897 1345 98 34 1894
1038 1346 49 45 på
1117 1348 108 31 extra
1254 1347 75 31 stat
1358 1342 158 48 beviljat
1545 1342 146 48 anslag,
1721 1355 81 23 som
1832 1342 60 35 för
1920 1342 113 35 hvart

406 1395 72 36 och
508 1400 56 31 ett
592 1395 42 35 af
661 1397 92 34 åren
785 1396 96 35 1907
914 1395 70 35 och
1016 1396 99 35 1908
1144 1397 129 45 utgått
1300 1394 88 36 med
1417 1395 140 46 35,000
1588 1393 153 36 kronor.
1792 1393 154 36 Jämväl
1976 1393 57 36 för

407 1449 41 33 år
493 1448 99 34 1909
637 1460 117 34 synes
783 1446 136 48 anslag
947 1446 58 36 till
1034 1446 166 36 nämnda
1229 1445 141 49 belopp
1401 1445 91 36 böra
1520 1448 93 45 utgå
1640 1445 59 35 till
1728 1445 111 36 dessa
1867 1444 167 36 institut.

540 1498 248 36 Beträffande
829 1498 141 36 Malmö
1014 1498 122 48 högre
1178 1497 315 36 handelsinstitut
1521 1497 124 35 finner
1674 1497 189 35 utskottet
1892 1496 43 35 af
1959 1496 73 35 den

406 1550 135 36 därom
583 1550 224 47 förebragta
847 1549 259 48 utredningen
1148 1549 164 48 framgå,
1349 1554 55 30 att
1433 1548 114 36 äfven
1577 1548 126 36 denna
1732 1547 301 37 handelsunder-

406 1601 327 48 visningsanstalt
776 1606 40 31 är
858 1601 162 48 förtjänt
1062 1602 42 35 af
1141 1604 122 45 något
1297 1600 212 36 understöd
1543 1600 85 35 från
1657 1604 146 31 statens
1833 1599 97 44 sida;
1961 1598 71 36 och

406 1654 71 35 har
506 1653 194 36 utskottet
728 1652 98 37 intet
856 1658 56 30 att
941 1653 126 36 erinra
1095 1658 80 30 mot
1204 1653 64 35 det
1290 1652 13 35 i
1322 1652 137 36 sådant
1479 1651 179 36 afseende
1679 1651 141 36 äskade
1839 1651 193 48 beloppet,

407 1706 114 47 3,000
552 1705 153 35 kronor.

538 1756 203 37 Utskottet
770 1756 58 36 får
857 1755 110 37 alltså
996 1755 214 48 hemställa,

947 1864 56 31 att
1032 1858 224 49 Riksdagen
1285 1861 61 33 må
1376 1858 58 36 för
1463 1860 41 34 år
1535 1859 97 35 1909
1662 1860 50 46 på
1741 1861 107 32 extra
1869 1861 75 32 stat
1965 1869 67 23 an-

814 1911 82 36 visa
929 1916 55 31 ett
1014 1911 135 47 anslag
1177 1910 42 35 af
1244 1911 140 46 38,000
1413 1910 153 42 kronor,
1598 1914 54 31 att
1682 1909 41 36 af
1749 1908 143 48 Kungl.
1922 1908 111 47 Maj:t

815 1963 198 36 användas
1041 1962 60 36 till
1129 1964 200 34 understöd
1358 1964 38 34 åt
1427 1963 195 44 Göteborgs
1649 1961 300 36 handelsinstitut
1968 1960 65 34 och

812 2016 473 44 grosshandelssocietetens
1314 2016 13 34 i
1363 2014 205 35 Stockholm
1612 2013 267 44 handelsskola,
1908 2011 126 35 Frans

817 2067 202 35 Schartaus
1056 2067 195 44 praktiska
1288 2066 314 45 handelsinstitut,
1632 2069 95 32 samt
1754 2064 145 34 Malmö
1926 2063 108 44 högre

814 2119 313 45 handelsinstitut,
1169 2117 123 36 under
1333 2116 290 48 förutsättning,
1666 2114 101 37 hvad
1812 2112 222 50 Göteborgs

815 2169 318 36 handelsinstitut
1174 2168 195 45 beträffar,
1412 2174 56 30 att
1502 2167 221 47 Göteborgs
1753 2164 280 37 stadsfullmäk-

815 2221 94 48 tige,
948 2222 102 35 hvad
1079 2220 122 36 Frans
1232 2220 208 49 Schartaus
1469 2217 316 38 handelsinstitut
1815 2219 132 46 angår,
1978 2222 56 30 att

815 2272 488 49 grosshandelssocieteten
1330 2272 14 35 i
1374 2270 222 37 Stockholm
1625 2269 83 47 och,
1734 2268 300 37 vidkommande
