1876 2786
468 161 404 40 Bevillningsutskottets
900 158 218 31 betänkande
1143 167 43 20 nr
1213 158 49 29 12.
1601 154 16 30 ö

591 245 260 30 Gemensamma
874 242 267 30 bestämmelser.

825 321 38 30 10
886 320 28 37 8.

165 388 27 29 1.
215 386 67 30 Om
305 394 124 22 ansvar
449 385 13 30 i
481 384 95 31 vissa
597 383 61 30 fall
679 383 56 30 för
755 382 77 34 den,
854 390 74 21 som
949 380 58 31 vid
1028 379 187 31 lämnande
1237 388 41 21 av
1297 377 149 41 uppgift,
1468 386 120 22 varom
1609 376 11 30 i

119 429 19 30 4
166 428 14 37 8
208 429 19 30 2
253 437 105 21 mom.
384 428 81 30 eller
491 425 19 31 8
537 425 16 37 $
581 427 87 39 sägs,
695 425 134 30 lämnat
854 423 128 40 oriktig
1006 421 149 41 uppgift,
1183 421 139 39 stadgas
1347 420 12 29 i
1383 418 237 32 skattestraff-

119 472 110 39 lagen.

164 514 29 29 2.
224 512 207 31 Underlåter
461 510 115 40 någon
605 511 50 28 att
684 509 97 30 inom
811 506 219 32 föreskriven
1058 506 51 30 tid
1139 506 162 30 avlämna
1332 504 109 30 sådan
1471 503 148 41 uppgift,

120 564 74 20 som
214 555 11 29 i
246 553 20 30 4
290 553 14 37 8
327 554 18 29 2
367 561 104 23 mom.
494 552 83 30 eller
598 551 19 29 8
640 550 15 37 $
678 550 235 32 omförmäles,
936 550 81 37 äger
1037 546 326 39 kontrollstyrelsen
1383 545 57 29 vid
1463 544 158 40 lämpligt

118 597 67 29 vite
207 595 177 40 förelägga
405 594 67 30 den
493 592 205 40 försumlige
720 593 50 28 att
791 590 159 41 uppfylla
973 589 54 30 sin
1050 588 207 40 skyldighet.
1279 587 71 30 Där
1372 585 250 40 omsättnings-

119 640 94 28 skatt
234 638 30 40 ej
288 638 94 29 inom
404 636 146 39 stadgad
571 635 50 30 tid
641 644 42 21 av
703 632 361 41 detaljhandelsbolag
1084 630 182 33 inbetalas,
1289 629 81 31 eller
1391 629 62 30 där
1476 627 145 41 stadgad

120 682 195 40 insättning
341 691 42 20 av
407 679 359 40 utskänkningsskatt
793 677 30 40 ej
853 677 92 30 skett
972 677 75 29 före
1072 675 175 39 utgången
1275 683 41 21 av
1341 673 176 30 månaden
1543 674 78 28 näst

120 726 87 29 efter
227 725 77 34 den,
325 724 111 29 under
455 723 118 29 vilken
593 722 65 29 den
678 719 219 40 myckenhet,
919 719 54 30 för
993 718 117 29 vilken
1130 717 141 30 skatten
1290 715 122 40 utgått,
1433 713 100 32 blivit
1552 714 69 30 för-

122 767 85 34 såld,
237 766 59 30 må
325 765 138 31 skatten
491 764 154 30 utmätas
675 763 80 29 med
785 762 56 30 det
868 761 135 39 belopp,
1033 759 116 30 vartill
1179 758 328 39 kontrollstyrelsen
1535 756 87 30 efter

121 809 191 30 verkställd
343 806 263 39 undersökning
636 804 192 31 fastställer
858 804 215 30 densamma.

828 870 37 29 11
887 868 28 37 8.

166 933 283 41 Näringsidkare,
481 942 75 20 som
585 932 59 30 vill
674 940 41 21 ur
744 930 91 30 riket
865 929 119 30 utföra
1013 928 12 30 i
1054 927 137 40 Sverige
1221 926 220 30 framställda
1471 924 153 30 tillverk-

122 977 134 39 ningar,
281 975 199 40 hänförliga
503 974 112 30 under
638 971 252 40 förordningen
914 972 66 29 den
1006 970 16 29 1
1047 970 67 39 juli
1139 968 84 30 1918
1254 967 57 34 (nr
1335 966 80 33 564)
1445 966 178 40 angående

122 1019 94 30 vissa
244 1017 275 40 alkoholhaltiga
545 1016 164 40 preparat
735 1024 46 20 m.
807 1023 57 25 m.,
891 1013 59 30 må
976 1012 12 29 i
1017 1013 66 29 den
1112 1011 212 37 omfattning
1352 1010 64 29 och
1444 1010 112 29 under
1583 1009 41 29 de

121 1061 137 34 villkor,
284 1060 123 39 Kungl.
434 1058 107 40 Maj:t
564 1058 222 32 bestämmer,
811 1056 122 29 kunna
957 1054 177 38 medgivas
1159 1054 71 29 rätt
1254 1054 50 29 att
1329 1052 57 29 vid
1409 1051 148 30 utförsel
1582 1059 42 21 av

122 1103 149 30 sålunda
297 1101 199 31 framställd
521 1109 83 21 vara
630 1098 262 30 återbekomma
917 1096 111 30 sådan
1054 1094 339 40 omsättningsskatt,
1421 1102 76 21 som
1521 1092 13 29 i
1560 1092 18 30 2
1606 1090 15 38 8

122 1144 18 30 3
160 1153 106 22 mom.
288 1152 98 21 avses
406 1142 65 30 och
493 1150 76 22 som
590 1140 126 39 erlagts
736 1140 55 29 för
812 1139 67 29 den
898 1139 11 28 i
929 1138 231 39 exportvaran
1182 1135 170 39 ingående
1374 1133 142 41 spriten.

167 1254 123 30 Denna
315 1252 205 40 förordning
544 1251 116 29 träder
682 1249 13 30 i
719 1249 97 30 kraft
840 1249 64 30 den
932 1248 15 29 1
974 1247 89 40 april
1090 1245 93 31 1954.

168 1296 132 30 Genom
327 1294 251 39 förordningen
605 1292 180 40 upphävas
814 1289 251 40 förordningen
1092 1290 66 30 den
1186 1287 19 30 8
1232 1287 78 40 juni
1339 1286 83 30 1923
1454 1285 59 34 (nr
1542 1285 78 34 155)

123 1338 179 40 angående
330 1336 248 39 omsättnings-
606 1335 63 30 och
698 1332 359 40 utskänkningsskatt
1084 1330 21 31 å
1132 1329 237 41 spritdrycker
1397 1329 65 30 och
1491 1328 135 30 förord-

124 1381 128 39 ningen
283 1381 67 29 den
380 1378 40 30 28
449 1378 71 39 maj
555 1376 82 30 1943
673 1375 58 34 (nr
761 1374 80 34 259)
875 1374 179 40 angående
1083 1371 248 41 omsättnings-
1361 1371 64 30 och
1455 1370 170 30 utskänk-

123 1420 202 40 ningsskatt
350 1420 19 30 å
391 1419 69 30 vin.
487 1417 247 30 Förekommer
760 1416 11 29 i
795 1416 55 39 lag
876 1414 82 30 eller
983 1412 211 40 författning
1219 1411 211 39 hänvisning
1455 1410 54 31 till
1535 1410 92 30 stad-

124 1463 122 39 gande,
273 1471 76 21 som
373 1462 126 29 ersatts
525 1467 123 31 genom
673 1457 245 31 bestämmelse
942 1456 12 30 i
980 1465 68 30 nya
1074 1454 262 40 förordningen,
1363 1453 91 30 skall
1480 1454 66 29 den
1571 1452 56 30 be-

125 1504 226 31 stämmelsen
368 1504 11 29 i
398 1503 115 30 stället
530 1502 189 39 tillämpas.

168 1549 78 30 Med
270 1547 168 31 avseende
462 1546 19 30 å
506 1545 269 38 förordningens
799 1542 281 30 ikraftträdande
1104 1541 100 30 skola
1227 1539 156 40 följande
1406 1538 220 31 bestämmel-

126 1600 53 21 ser
220 1591 78 29 gälla.

171 1632 28 29 1.
221 1599 82 66 Den,
320 1630 53 30 till
389 1629 118 31 vilken
524 1625 360 42 detaljhandelsbolag
901 1623 161 32 överlåtit
1079 1622 159 31 tillstånd
1255 1622 54 30 till
1326 1620 243 39 utskänkning
1586 1628 40 22 av

125 1673 222 38 rusdrycker,
369 1673 36 29 är
426 1670 139 40 skyldig
585 1671 50 28 att
656 1668 137 39 erlägga
815 1667 93 30 skatt
928 1666 56 31 för
1005 1666 60 30 sitt
1085 1665 94 40 lager
1200 1674 43 21 av
1263 1664 118 40 dylika
1402 1663 148 40 drycker
1572 1662 54 31 vid

128 1717 96 30 tiden
251 1717 54 29 för
333 1717 112 28 denna
471 1714 225 39 förordnings
724 1712 281 30 ikraftträdande
1032 1712 79 29 med
1138 1709 124 40 belopp
1290 1708 246 30 motsvarande
1563 1708 64 29 den

128 1758 248 39 omsättnings-
393 1757 64 29 och
474 1755 358 39 utskänkningsskatt
850 1763 75 21 som
942 1753 89 29 skall
1048 1751 82 40 utgå
1149 1751 106 39 enligt
1272 1750 251 39 förordningen
1541 1748 88 31 dock

126 1801 79 30 med
227 1801 70 28 rätt
321 1800 53 29 för
395 1799 130 29 honom
549 1799 50 28 att
621 1796 122 31 därvid
766 1796 154 29 avräkna
942 1795 67 30 vad
1031 1795 79 29 med
1132 1791 222 41 tillämpning
1377 1801 42 21 av
1441 1792 96 29 förut
1559 1791 69 39 gäl-

128 1841 101 29 lande
250 1839 264 30 bestämmelser
536 1838 126 39 erlagts
684 1837 11 29 i
719 1837 93 29 skatt
835 1836 54 29 för
912 1843 135 21 samma
1070 1834 103 39 lager.

172 1885 28 28 2.
223 1884 67 29 Det
312 1883 128 39 åligger
461 1882 211 29 innehavare
695 1890 41 21 av
758 1879 158 31 tillstånd
939 1888 75 20 som
1037 1879 10 28 i
1070 1878 110 29 första
1202 1877 158 39 punkten
1382 1877 79 35 sägs
1484 1876 50 28 att
1556 1874 71 30 dels

128 1932 136 22 samma
283 1924 66 39 dag
367 1922 252 38 förordningen
638 1920 116 30 träder
774 1920 10 29 i
804 1919 95 30 kraft
919 1919 54 29 till
991 1916 258 32 vederbörande
1270 1914 359 40 detaljhandelsbolag

128 1966 163 29 avlämna
313 1974 41 20 en
375 1965 52 29 till
448 1964 212 39 riktigheten
681 1961 169 40 bestyrkt,
873 1960 226 40 specificerad
1122 1958 139 41 uppgift
1283 1957 178 40 angående
1483 1956 145 30 berörda

128 2010 103 39 lager,
251 2008 73 31 dels
344 2008 64 30 ock
425 2008 98 29 inom
541 2010 52 28 tre
612 2006 168 30 månader
797 2006 88 29 efter
902 2004 270 39 förordningens
1192 2002 281 30 ikraftträdande
1492 2001 136 39 erlägga

129 2052 84 30 därå
237 2051 191 30 belöpande
454 2050 95 29 skatt
572 2049 52 30 till
648 2049 146 39 bolaget,
821 2056 74 21 som
920 2047 64 29 har
1009 2048 50 28 att
1085 2047 116 28 senast
1226 2046 66 29 den
1316 2044 178 29 femtonde
1520 2043 108 38 dagen

129 2092 9 28 i
160 2090 285 40 nästpåföljande
466 2089 129 30 månad
614 2089 11 29 i
646 2089 66 30 den
734 2087 157 40 ordning,
915 2096 75 20 som
1011 2093 104 32 anges
1135 2085 12 29 i
1169 2085 18 29 8
1211 2084 27 38 $,
1259 2083 191 30 inleverera
1470 2082 157 40 beloppet

129 2134 52 28 till
203 2133 218 30 statsverket.

176 2177 29 29 3.
224 2177 174 39 Upptager
417 2175 116 39 någon
550 2177 71 27 mot
639 2175 112 29 bättre
770 2174 145 29 vetande
934 2173 10 29 i
963 2172 148 39 uppgift,
1130 2180 120 21 varom
1270 2179 46 21 nu
1336 2171 37 28 är
1391 2170 86 36 sagt,
1496 2168 135 30 mindre

131 2219 210 38 myckenhet
363 2219 43 28 än
427 2218 71 28 han
519 2217 58 29 vid
597 2217 95 29 tiden
714 2216 54 29 för
791 2216 112 29 denna
925 2213 224 40 förordnings
1171 2211 281 31 ikraftträdande
1474 2210 157 33 innehar,

132 2262 82 28 eller
241 2259 199 30 underlåter
468 2258 115 39 någon
609 2259 49 27 att
684 2257 97 29 inom
809 2256 145 39 stadgad
981 2255 51 30 tid
1059 2255 162 29 avlämna
1249 2253 108 30 sådan
1384 2251 140 40 uppgift
1551 2251 80 29 eller

131 2302 138 39 erlägga
291 2300 218 30 föreskriven
533 2299 93 30 skatt
649 2299 54 29 för
727 2298 59 30 sitt
809 2298 92 38 lager
924 2307 43 20 av
988 2296 212 39 rusdrycker
1222 2294 57 30 vid
1302 2294 94 30 tiden
1420 2293 55 30 för
1499 2293 133 29 förord-

132 2342 147 38 ningens
298 2340 291 34 ikraftträdande,
609 2339 86 40 gälle
714 2339 66 30 vad
800 2339 11 28 i
830 2337 324 38 skattestrafflagen
1175 2337 163 28 ävensom
1358 2335 9 28 i
1390 2335 38 28 10
1453 2333 54 36 82
1529 2342 103 20 mom.

132 2385 115 29 denna
272 2382 206 39 förordning
502 2382 55 29 för
584 2381 245 29 motsvarande
857 2380 61 29 fall
945 2379 150 38 stadgas.

176 2426 29 32 4,
234 2426 213 29 Innehavare
474 2434 42 20 av
541 2423 168 33 tillstånd,
738 2431 73 20 som
839 2422 8 28 i
874 2422 111 28 första
1010 2420 157 40 punkten
1197 2420 88 37 sägs,
1313 2418 114 30 vilken
1455 2417 57 30 vid
1542 2416 89 29 tiden

132 2470 54 28 för
208 2469 115 28 denna
344 2466 223 39 förordnings
590 2464 279 30 ikraftträdande
892 2463 146 29 innehar
1060 2463 92 36 lager
1173 2471 41 20 av
1236 2461 68 33 vin,
1325 2461 54 28 för
1400 2460 108 29 vilket
1529 2458 104 38 enligt
