2244 2818
499 239 18 29 8
905 241 337 37 Bevillnings-Utskottets
1265 243 185 29 Betänkande
1472 244 58 28 N:o
1553 240 48 33 14.

453 315 198 38 Utskottet
674 317 208 38 behandlat
900 318 68 38 har
987 319 197 38 Utskottet
1208 320 65 38 vid
1293 334 47 24 en
1360 321 61 37 del
1440 322 222 49 paragrafer
1680 323 166 50 vidtagit
1864 324 196 50 åtskilliga

453 367 267 51 förändringar
748 370 72 36 och
838 370 198 38 Utskottet
1062 374 69 46 går
1158 386 50 23 nu
1237 378 54 31 att
1308 373 191 49 redogöra
1525 374 59 37 för
1612 375 113 38 dessa
1753 376 72 37 och
1848 376 134 37 skälen
2000 378 58 36 till

453 419 206 50 desamma,
688 421 135 37 dervid
850 421 169 51 följande
1046 423 205 50 förslagets
1280 425 283 50 paragrafföljd.

1209 541 21 51 8
1259 546 33 35 2.

550 626 64 39 Uti
642 626 125 39 denna
794 624 21 51 $
843 628 98 37 hade
969 629 13 36 i
1009 629 141 49 Kongl.
1179 629 125 51 Maj:ts
1333 630 142 49 nådiga
1502 631 146 49 förslag
1676 632 65 37 det
1768 630 161 52 enligt
1907 620 21 66 $&
1951 635 18 35 1
1990 633 65 37 be-

450 678 388 51 skattningspligtiga
864 680 197 38 råsockret
1078 681 206 38 beräknats
1304 681 95 38 efter
1419 683 47 36 de
1485 682 59 37 för
1560 683 301 50 tillverkningen
1881 686 175 37 använda

449 729 180 39 betornas
658 731 85 49 vigt
770 731 171 49 sålunda,
971 738 54 32 att
1052 746 48 23 en
1127 739 156 32 centner
1309 736 65 34 råa
1402 731 48 53 (ej
1479 731 173 51 torkade)
1672 735 195 38 hvitbetor
1887 736 166 49 antagits

447 781 127 38 lemna
610 787 54 32 ett
690 783 134 50 utbyte
853 783 40 37 af
916 784 59 50 sju
1004 785 71 36 och
1104 790 54 32 ett
1184 785 95 37 halft
1306 786 202 49 skålpund,
1538 787 71 36 och
1637 800 48 24 en
1713 792 155 33 centner
1894 788 159 37 torkade

448 833 194 38 hvitbetor
677 839 55 32 ett
764 835 133 48 utbyte
926 835 41 37 af
988 836 192 48 trettiosju
1208 837 71 36 och
1307 842 54 31 ett
1388 837 96 36 halft
1511 838 190 48 skålpund
1728 839 189 35 råsocker.
1970 840 84 35 Den

446 885 69 34 här
543 884 113 36 ofvan
685 885 250 37 omförmälda
961 886 312 48 kommissionen,
1302 886 11 37 i
1341 887 115 37 hvars
1484 888 147 49 förslag
1659 887 12 37 i
1698 888 125 37 denna
1851 889 61 37 del
1936 889 117 50 ingen

447 933 226 51 förändring
701 936 41 37 af
764 936 141 49 Kongl.
934 936 107 51 Maj:t
1067 937 197 50 vidtagits,
1293 938 68 37 har
1379 939 12 36 i
1410 938 249 38 förenämnda
1678 940 220 38 hänseende
1917 946 134 44 yttrat:

447 991 54 31 att
531 986 12 36 i
575 989 84 34 vårt
690 987 89 37 land
812 1001 88 23 man
932 988 11 36 i
976 989 208 37 allmänhet
1211 986 100 40 ännu
1339 990 69 36 har
1435 991 149 47 ganska
1610 990 112 49 ringa
1749 991 217 38 erfarenhet
1992 1006 61 22 om

445 1037 152 50 utbytet
624 1038 42 37 af
688 1038 47 36 de
762 1039 69 36 här
859 1039 137 37 odlade
1024 1040 170 49 betorna,
1220 1054 87 23 men
1327 1046 64 43 att,
1412 1041 41 36 af
1467 1042 102 36 hvad
1588 1042 301 37 kommissionen
1908 1043 145 37 kunnat

445 1086 170 41 inhemta
642 1103 61 23 om
731 1090 69 36 här
827 1104 128 24 vunna
981 1091 360 49 fabriksresultater,
1370 1098 99 31 samt
1495 1093 88 37 med
1610 1093 160 49 ledning
1793 1094 41 36 af
1848 1094 46 37 de
1914 1095 138 37 under-

446 1140 210 49 sökningar
683 1141 163 37 rörande
874 1142 277 49 sockerhalten,
1181 1157 82 23 som
1290 1143 127 37 blifvit
1443 1144 189 37 anställda
1652 1147 20 34 å
1690 1145 204 49 hvitbetor,
1915 1146 137 36 odlade

446 1191 12 36 1
487 1192 191 37 särskilda
706 1192 105 38 delar
840 1193 41 37 af
903 1194 142 48 landet,
1073 1194 302 38 kommissionen
1403 1198 155 46 ansåge,
1587 1201 54 32 att
1669 1201 54 32 ett
1748 1196 134 50 utbyte
1911 1197 40 37 af
1976 1195 75 49 7".

444 1249 159 43 procent
637 1244 180 37 råsocker
852 1245 85 36 utaf
963 1245 175 37 mörkare
1165 1245 86 50 färg
1279 1251 48 31 än
1354 1246 72 37 N:o
1457 1249 44 35 18
1531 1250 20 33 å
1578 1247 75 36 den
1680 1247 241 38 Holländska
1949 1253 101 32 stan-

445 1294 144 37 darden
628 1295 213 37 tillsvidare
882 1296 128 37 kunde
1051 1302 159 43 antagas
1252 1300 126 35 såsom
1416 1303 54 32 ett
1504 1298 179 49 lämpligt
1710 1299 181 37 medeltal
1917 1299 58 37 för
2003 1300 46 36 de

445 1346 106 36 delar
583 1346 41 36 af
646 1349 84 33 vårt
763 1347 101 46 land,
892 1347 13 36 i
932 1348 131 36 hvilka
1089 1348 611 50 hvitbetssockertillverkningen
1726 1349 59 37 för
1811 1351 238 36 närvarande

444 1396 205 37 bedrifves.
703 1397 198 37 Utskottet
941 1411 111 24 anser
1088 1399 62 48 sig
1182 1399 119 37 likväl
1328 1399 136 37 härvid
1492 1400 92 37 böra
1612 1400 141 46 erinra;
1783 1406 65 43 att,
1877 1401 47 36 då
1951 1401 98 37 hvit-

444 1447 441 38 betssockerindustrien
921 1449 102 37 inom
1050 1450 130 37 landet
1206 1450 96 38 först
1328 1451 122 37 under
1478 1451 47 37 de
1553 1452 180 36 sednaste
1762 1455 89 34 åren
1877 1456 173 45 uppstått

443 1499 88 36 med
571 1500 198 48 undantag
809 1500 40 36 af
885 1514 47 23 en
968 1501 98 37 enda
1096 1501 135 45 fabrik,
1261 1515 81 24 som
1370 1502 82 37 haft
1478 1516 48 22 en
1552 1502 134 49 längre
1713 1503 163 48 tillvaro,
1907 1507 40 33 så
1974 1504 75 36 kan

443 1563 88 23 man
558 1550 84 37 icke
671 1555 100 32 ännu
800 1564 73 35 ega
900 1554 127 46 någon
1053 1552 221 49 tillförlitlig
1302 1553 215 37 erfarenhet
1535 1554 162 36 rörande
1718 1554 64 36 det
1800 1555 146 49 utbyte,
1966 1568 81 23 som

443 1600 41 37 af
507 1601 167 37 svenska
701 1602 109 36 betor
836 1602 12 36 i
876 1603 180 37 medeltal
1082 1603 58 37 för
1168 1617 46 24 en
1242 1604 134 48 längre
1403 1604 135 49 period
1557 1605 202 48 verkligen
1777 1605 77 37 kan
1870 1606 177 48 erhållas,

445 1652 101 36 helst
574 1653 74 36 den
676 1653 175 37 absoluta
879 1654 267 37 sockerhalten
1173 1655 83 36 icke
1286 1655 91 37 derå
1404 1660 41 41 är
1472 1658 128 46 någon
1628 1656 112 36 säker
1768 1661 154 32 mätare.
1959 1657 88 36 Men

443 1702 265 38 erfarenheten
735 1703 82 37 från
845 1705 117 36 andra
990 1705 132 36 länder
1149 1706 68 36 har
1245 1706 99 36 dock
1371 1706 111 47 visat,
1510 1707 102 36 hvad
1640 1706 113 37 äfven
1780 1707 266 37 landtbrukets

441 1754 407 49 naturvetenskapliga
888 1756 169 48 grunder
1097 1755 105 49 gifva
1241 1756 66 37 vid
1347 1757 164 45 handen,
1553 1763 53 31 att
1647 1771 47 23 en
1725 1758 153 49 ferårig
1906 1759 140 48 dyrbar

443 1805 133 48 odling
610 1810 41 32 är
677 1806 225 49 nödvändig
929 1807 57 36 för
1014 1812 54 31 att
1094 1807 137 48 bringa
1251 1808 227 49 åkerjorden
1504 1808 12 36 i
1545 1808 64 37 det
1637 1808 121 48 skick,
1787 1815 54 31 att
1867 1810 77 36 hon
1971 1810 75 36 kan

441 1855 107 48 gifva
587 1856 120 48 betor,
749 1869 82 24 som
871 1860 49 46 på
960 1871 47 23 en
1041 1860 105 47 gång
1178 1863 63 32 äro
1275 1859 220 36 sockerrika
1522 1860 71 35 och
1620 1859 170 37 befriade
1818 1860 83 36 från
1928 1861 117 36 andra

440 1906 237 38 främmande
710 1907 115 37 salter
857 1914 99 31 samt
988 1909 222 48 derigenom
1238 1909 85 37 fullt
1348 1910 186 49 lämpliga
1560 1910 58 36 för
1646 1911 398 49 sockertillverkning,

441 1957 148 38 hvilket
611 1963 41 32 är
676 1958 41 37 af
735 1959 200 49 synnerlig
958 1960 84 48 vigt
1065 1960 47 36 då
1130 1961 388 50 råvarubeskattning
1532 1975 93 35 eger
1638 1976 94 22 rum.
1761 1963 198 37 Utskottet
1976 1963 69 36 har

441 2008 112 38 äfven
589 2010 88 36 sökt
711 2010 169 37 inhemta
907 2011 237 49 upplysning
1172 2026 60 23 om
1261 2012 64 37 det
1351 2012 133 50 utbyte
1513 2013 41 37 af
1575 2013 190 49 råsocker,
1794 2027 81 23 som
1903 2014 65 37 vid
1997 2014 46 37 de

440 2059 134 37 hittills
603 2060 12 36 i
642 2061 246 37 verksamhet
914 2063 167 36 varande
1109 2063 167 36 svenska
1302 2063 218 37 fabrikerna
1547 2065 166 47 vunnits,
1743 2065 71 36 och
1834 2065 133 37 dervid
1987 2078 56 24 er-

439 2110 99 49 farit,
566 2111 97 37 huru
692 2112 104 36 detta
822 2112 145 49 utbyte,
996 2126 82 23 som
1105 2116 49 47 på
1181 2114 141 49 skiljda
1349 2115 138 36 ställen
1514 2115 140 37 utfallit
1681 2116 150 48 ganska
1851 2116 101 37 olika
1971 2116 72 37 och

441 2161 112 38 äfven
580 2162 130 37 vexlat
736 2163 122 37 under
885 2164 131 49 loppet
1043 2164 41 38 af
1107 2165 46 36 de
1186 2166 191 47 månader,
1412 2166 218 37 hvarunder
1664 2167 279 48 afverkningen
1978 2170 65 46 på-

440 2215 94 45 gått,
566 2213 84 37 icke
685 2216 48 47 på
760 2217 118 45 något
906 2215 122 47 ställe,
1057 2216 87 36 med
1177 2216 197 49 undantag
1409 2216 40 36 af
1473 2217 74 36 den
1573 2217 102 37 förut
1703 2218 205 36 omordade
1937 2218 105 36 äldre

439 2263 185 49 fabriken,
658 2268 164 45 uppgått
854 2265 58 36 till
949 2266 73 37 den
1059 2266 41 37 af
1126 2267 140 49 Kongl.
1296 2267 106 50 Maj:t
1428 2267 221 50 föreslagna
1676 2269 114 47 siffra,
1818 2274 92 31 utan
1937 2268 11 37 i
1976 2269 66 36 all-

439 2314 155 38 mänhet
632 2316 131 37 vexlat
802 2316 162 38 emellan
1005 2320 20 34 6
1063 2318 72 36 och
1173 2321 18 32 7
1229 2324 168 43 procent.
1450 2319 132 37 Under
1610 2320 142 37 sådana
1778 2320 265 37 förhållanden
