2257 2750
646 206 336 37 Bevillnings-Utskottets
1005 206 184 27 Betänkande
1212 205 56 28 N:o
1293 202 46 31 14.
1734 207 18 27 5

189 284 197 38 Utskottet
422 283 41 38 af
495 283 74 38 den
605 283 112 50 åsigt,
751 288 65 42 att,
851 283 150 37 oafsedt
1028 282 276 51 omöjligheten
1332 288 54 31 att
1413 286 48 45 på
1489 283 73 36 den
1590 283 110 36 korta
1725 282 69 49 tid,

190 349 82 24 som
301 339 159 34 återstår
487 335 116 37 innan
630 335 611 48 hvitbetssockerbeskattningen
1269 334 121 49 enligt
1412 334 244 49 Riksdagens
1676 334 119 37 redan

188 387 144 37 fattade
360 387 128 37 beslut
515 388 70 36 bör
612 387 116 36 vinna
753 387 258 49 tillämpning,
1042 386 262 37 åstadkomma
1332 391 54 32 ett
1411 385 193 50 praktiskt
1631 386 71 36 och
1731 399 64 23 an-

188 439 143 48 tagligt
362 438 147 49 förslag
535 438 59 37 till
620 437 226 50 författning
873 438 87 36 med
989 451 124 24 annan
1141 437 441 49 beskattningsmethod,
1610 437 86 36 fullt
1723 437 72 48 gil-

188 490 83 49 tiga
298 490 84 36 skäl
409 490 206 37 förefinnas
642 489 59 37 för
728 490 217 48 antagande
962 489 53 51 af
1038 489 73 37 den
1139 489 41 37 af
1193 489 141 48 Kongl.
1354 489 107 49 Maj:t
1479 488 221 49 föreslagna
1718 502 77 23 me-

186 541 157 48 thoden,
373 541 229 36 åtminstone
630 540 121 37 under
778 545 171 32 närmast
963 540 244 37 förestående
1227 540 272 49 skatteperiod.
1545 540 249 36 Hänvisande

188 592 58 37 till
274 592 103 37 hvad
404 592 302 36 kommissionen
734 591 12 36 i
774 591 104 37 detta
906 591 180 37 afseende
1113 596 129 44 yttrat,
1263 591 227 37 inskränker
1518 590 61 49 sig
1597 591 199 37 Utskottet

188 643 58 36 till
288 648 54 31 att
382 643 137 36 endast
559 642 124 37 erinra
719 656 73 34 om,
827 648 65 42 att,
926 643 47 35 då
1004 643 152 36 skatten
1188 642 122 36 under
1341 642 292 48 ifrågavarande
1660 641 135 50 period

188 699 116 43 utgör
338 699 55 32 ett
420 693 282 50 jemförelsevis
736 693 112 48 ringa
874 693 152 50 belopp,
1056 694 64 36 det
1147 706 115 36 synes
1290 693 120 37 blifva
1436 693 137 48 nödigt
1600 698 55 31 att
1680 693 114 47 tillse,

190 745 73 37 det.
281 745 217 37 kontrollen
525 750 115 43 göres
668 744 12 36 i
708 745 219 49 möjligaste
955 747 87 34 mån
1069 744 122 49 billig,
1220 747 42 34 så
1289 750 55 31 att
1370 744 84 37 icke
1483 757 48 23 en
1554 744 67 36 allt
1638 743 58 37 för
1716 749 80 32 stor

189 796 114 37 andel
339 795 41 38 af
411 796 346 37 skattemkomsten
798 795 111 37 deraf
944 795 211 49 medtages,
1194 795 71 37 och
1297 795 12 36 i
1342 795 104 37 detta
1478 795 221 37 hänseende
1727 795 69 36 har

189 847 75 37 den
298 847 112 49 tyska
450 846 480 49 beskattningsmethoden
962 846 155 38 framför
1145 846 47 37 de
1220 846 135 49 öfriga,
1384 860 82 23 som
1494 846 57 36 till
1579 846 216 49 antagande

188 899 147 35 kunnat
374 898 288 49 ifrågakomma,
697 903 54 32 ett
783 898 169 49 afgjordt
982 897 203 37 företräde.
1240 898 57 36 De
1330 897 259 49 olägenheter,
1619 910 82 24 som
1730 902 64 32 äro

186 949 183 37 förenade
410 949 87 37 med
530 949 125 37 denna
681 948 441 49 beskattningsmethod,
1158 953 65 32 äro
1258 948 114 37 äfven
1394 948 283 49 jemförelsevis
1706 948 89 37 obe-

187 1000 163 49 tydliga,
383 1003 42 34 så
456 1000 115 48 länge
600 1000 152 37 skatten
779 1002 112 46 utgår
918 999 88 38 med
1034 1005 54 31 ett
1114 999 153 50 belopp,
1301 1013 81 23 som
1411 1004 41 32 är
1478 999 112 49 ringa
1616 999 13 36 i
1655 999 140 37 förhål-

192 1052 113 36 lande
332 1051 58 36 till
417 1052 238 49 produktens
684 1056 90 43 eget
800 1051 129 36 värde.

288 1102 88 37 Men
409 1116 60 23 om
503 1102 160 37 sålunda
703 1102 123 48 enligt
858 1102 217 37 Utskottets
1111 1101 101 49 åsigt
1240 1101 74 37 den
1345 1101 221 49 föreslagna
1592 1102 203 37 råvarube-

188 1154 250 48 skattningen
464 1153 58 37 för
550 1154 75 36 den
651 1158 193 32 närmaste
872 1153 203 36 framtiden
1102 1152 70 37 bör
1199 1158 173 43 antagas,
1406 1155 42 34 så
1476 1166 114 36 synes
1621 1153 98 36 dock
1748 1153 46 37 de

188 1205 262 48 olägenheter,
479 1218 82 23 som
589 1204 65 37 vid
682 1217 48 23 en
757 1204 100 37 ökad
885 1204 249 48 beskattning
1162 1204 207 48 onekligen
1395 1204 155 36 vidlåda
1576 1204 124 37 denna
1718 1217 77 23 me-

186 1256 96 36 thod
310 1256 72 36 och
409 1256 131 37 hvilka
568 1255 249 49 olägenheter
843 1255 268 48 förnämligast
1138 1255 92 36 bero
1260 1254 116 49 deraf,
1406 1260 54 31 att
1487 1255 309 49 skattebeloppet

187 1309 113 46 utgår
333 1306 78 37 lika
445 1307 59 36 för
539 1307 120 47 betor,
700 1306 151 37 hvilkas
888 1306 80 37 halt
1004 1306 40 36 af
1075 1306 137 36 socker
1239 1306 75 37 kan
1342 1319 91 24 vara
1459 1306 118 48 högst
1602 1306 195 49 betydligt

188 1358 202 46 vexlande,
425 1363 95 43 göra
553 1358 64 36 det
642 1357 273 48 tvifvelaktigt,
944 1357 189 36 huruvida
1161 1357 224 36 densamma
1411 1357 69 36 bör
1507 1357 58 37 för
1591 1357 205 37 framtiden

187 1408 224 37 bibehållas.
457 1409 75 36 Det
559 1421 116 36 synes
702 1408 208 49 nemligen,
939 1420 82 24 som
1050 1421 61 23 om
1139 1420 48 24 en
1205 1408 154 48 verklig
1376 1408 421 49 produktbeskattning

188 1473 92 23 vore
314 1465 54 31 att
400 1459 215 49 föredraga,
650 1459 47 36 då
725 1459 85 48 den,
839 1462 126 33 såsom
993 1459 13 35 i
1033 1459 132 48 hvarje
1193 1451 66 44 fall
1286 1459 154 36 rättvist
1472 1459 220 37 drabbande
1722 1459 74 37 den

187 1510 229 37 tillverkade
453 1523 128 31 varan,
619 1515 41 31 är
696 1510 75 37 den
797 1509 219 50 principielt
1048 1509 218 48 rigtigaste,
1295 1509 162 37 likasom
1487 1510 74 36 den
1587 1511 70 36 har
1683 1511 113 48 prak-

187 1561 103 37 tiska
329 1561 166 37 fördelar
536 1561 136 48 deruti,
713 1566 54 32 att
795 1561 74 36 den
900 1560 146 37 lemnar
1079 1565 121 32 större
1228 1560 116 37 frihet
1375 1563 37 34 åt
1439 1561 106 36 såväl
1573 1561 224 37 betodlaren

189 1617 55 32 att
280 1612 88 37 odla
403 1613 74 36 den
503 1612 159 46 betsort,
695 1625 82 23 som
805 1612 58 36 för
890 1612 95 36 hans
1010 1611 88 49 jord
1126 1616 42 31 är
1196 1611 75 37 den
1297 1611 246 50 lämpligaste
1571 1613 71 36 och
1670 1612 126 37 hvari-

188 1676 141 36 genom
362 1664 88 46 han,
484 1662 215 37 oberoende
728 1662 41 37 af
791 1663 179 36 betornas
1000 1662 174 37 absoluta
1202 1663 229 47 sockerhalt,
1461 1668 118 32 sättes
1607 1664 12 35 i
1646 1664 150 36 tillfälle

189 1720 55 31 att
271 1714 41 37 af
335 1728 47 23 en
409 1714 81 37 viss
514 1714 192 50 jordareal
735 1713 143 37 erhålla
905 1718 141 32 största
1073 1713 233 49 myckenhet
1333 1713 147 49 socker,
1509 1727 82 23 som
1620 1717 37 33 åt
1681 1714 115 37 fabri-

188 1766 143 36 kanten
367 1771 54 31 att
455 1766 103 48 välja
591 1779 80 23 mer
705 1765 92 37 eller
824 1764 148 37 mindre
1001 1765 165 48 dyrbara
1198 1764 473 49 tillverkningsmethoder
1698 1771 99 32 samt

189 1816 158 37 afverka
379 1830 80 23 mer
495 1816 93 37 eller
615 1816 148 36 mindre
792 1815 257 37 sockerbetor.
1103 1815 201 37 Huruvida
1333 1816 46 36 de
1408 1817 249 48 synnerligen
1685 1820 112 34 svåra

189 1868 73 36 och
302 1867 227 37 invecklade
570 1867 220 47 kontroller,
831 1867 122 36 under
992 1866 132 39 hvilka
1165 1867 124 36 denna
1321 1867 430 49 beskattningsmethod
1784 1868 12 36 i

189 1919 212 36 Frankrike
423 1918 204 49 tillämpas,
654 1923 64 31 äro
737 1918 83 36 från
840 1918 222 36 densamma
1082 1917 259 49 oskiljaktiga,
1361 1918 139 36 tilltror
1519 1918 62 49 sig
1599 1919 199 37 Utskottet

189 1969 233 49 visserligen
448 1969 84 37 icke
561 1974 54 32 att
642 1968 178 45 bedöma;
850 1981 87 24 men
965 1968 47 37 då
1038 1968 269 37 bemödanden
1333 1968 59 37 för
1418 1970 237 36 närvarande
1680 1975 115 43 göras

190 2025 54 32 att
271 2020 11 36 i
310 2020 201 49 Tyskland
539 2020 158 48 öfvergå
723 2020 58 36 till
810 2019 125 37 denna
962 2019 156 37 method
1147 2020 70 35 och
1247 2020 47 35 då
1316 2020 241 37 densammas
1578 2021 217 48 antagande

190 2071 89 36 med
319 2071 224 36 förenklade
577 2070 141 37 former
745 2070 99 37 lärer
871 2083 92 23 vara
991 2070 200 48 ifrågasatt
1226 2070 4 36 1
1256 2071 206 46 Danmark,
1492 2085 115 35 synes
1637 2072 65 36 det
1728 2072 68 37 Ut-

191 2122 143 36 skottet
373 2134 92 24 vara
501 2121 41 37 af
573 2121 84 48 vigt
693 2126 54 31 att
774 2121 119 36 redan
919 2121 83 36 från
1029 2121 135 48 början
1191 2121 391 49 uppmärksamheten
1609 2123 121 47 rigtas
1760 2126 37 33 åt

191 2172 104 37 detta
323 2173 85 47 mål,
437 2172 162 36 hvarvid
628 2172 73 36 den
730 2171 226 47 erfarenhet,
986 2184 82 24 som
1091 2171 122 37 under
1231 2172 258 37 instundande
1508 2169 287 53 beskattnings-

190 2223 135 50 period
364 2223 75 37 kan
479 2223 135 36 vinnas
647 2222 162 37 rörande
836 2223 210 36 resultaten
1074 2222 40 36 af
1138 2222 73 36 den
1240 2235 28 24 s.
1297 2223 36 36 k.
1362 2223 191 37 indirekta
1580 2224 212 37 kontrollen

191 2274 89 37 med
306 2274 291 37 fabriksböcker
625 2274 71 36 och
723 2279 222 43 noggrannt
968 2273 222 37 beskrifven
1209 2274 166 49 redskap
1395 2275 108 36 torde
1523 2275 128 37 kunna
1670 2276 126 38 lemna

476 2401 10 8 -.
