2222 2634
452 146 40 30 38
843 144 350 41 Bevillningsutskottets
1224 143 198 31 Betänkande
1446 143 63 31 N:o
1533 144 48 29 15.

410 233 56 35 till
509 232 166 36 utlandet
712 231 59 37 för
810 233 109 47 inköp
946 231 41 36 af
1017 232 192 43 blommor,
1239 232 115 35 skulle
1381 232 147 35 komma
1554 231 68 35 den
1650 230 195 36 arbetande
1873 229 143 36 befolk-

411 284 138 45 ningen
587 284 96 34 inom
726 283 124 35 landet
888 284 57 34 till
986 282 106 47 godo.
1146 282 66 36 Att
1244 282 113 47 priset
1389 285 46 45 på
1461 283 182 35 blommor
1671 294 133 35 genom
1832 294 43 22 en
1904 280 113 36 sådan

411 333 131 48 åtgärd
582 333 180 49 fördyras,
798 333 102 36 torde
927 334 79 34 icke
1034 333 86 35 böra
1148 333 164 35 medföra
1339 336 118 44 någon
1488 332 252 48 betänklighet
1768 332 174 43 deremot,
1972 331 46 35 då

411 385 182 35 blommor
633 391 62 28 äro
737 385 184 47 lyxvaror,
962 397 77 22 som
1080 383 307 48 hufvudsakligen
1425 383 185 35 användas
1642 382 41 35 af
1713 382 45 35 de
1784 381 234 48 förmögnare

411 435 374 35 samhällsklasserna.
851 433 84 37 Som
974 434 202 35 emellertid
1217 434 71 36 den
1327 433 56 36 för
1415 434 180 35 blommor
1622 432 177 48 stadgade
1825 433 193 35 tullsatsen

412 486 70 34 kan
513 485 139 48 undgås
680 485 222 46 derigenom,
930 490 56 30 att
1012 490 162 30 rötterna
1201 484 63 36 vid
1291 483 174 37 införseln
1493 483 35 36 få
1551 484 178 47 qvarsitta
1748 486 47 45 på
1813 483 69 35 den
1901 483 117 35 blom-

410 536 133 35 mande
582 541 146 39 växten,
770 548 75 23 som
877 536 62 35 vid
967 535 130 36 sådant
1122 534 231 37 förhållande
1380 534 168 36 hänföras
1576 534 55 35 till
1660 535 202 34 tulltaxans
1889 533 128 36 rubrik

411 586 177 36 »>Växter:
622 586 191 44 lefvande»,
841 586 103 35 torde
972 586 72 43 det,
1073 589 45 45 på
1144 591 73 30 sätt
1246 587 269 34 motionärerna
1537 585 137 47 jemvaäl
1702 584 198 46 föreslagit,
1930 584 88 35 böra

412 637 248 48 uttryckligen
701 637 159 47 stadgas,
901 641 52 31 att
989 637 135 47 jemväl
1157 636 57 36 för
1249 636 188 43 blommor,
1466 635 168 36 försedda
1662 635 83 35 med
1773 640 125 38 rötter,
1927 635 91 35 skall

411 688 97 47 gälla
535 687 70 35 den
631 686 59 37 för
717 687 175 36 afskurna
919 688 181 35 blommor
1126 687 177 48 stadgade
1329 688 80 34 tull.

546 737 105 36 Hvad
693 737 174 36 beträffar
907 739 288 34 motionärernas
1234 737 137 47 förslag
1398 750 58 23 om
1486 736 209 48 förhöjning
1722 735 40 36 af
1785 737 234 34 tullsatserna

410 788 57 36 för
508 789 136 47 qvistar
683 789 68 35 och
792 789 84 35 blad
903 793 95 31 samt
1025 788 56 36 för
1107 787 169 37 lefvande
1303 793 140 38 växter,
1474 795 62 28 äro
1563 787 103 36 dessa
1693 787 187 35 tullsatser
1906 786 113 35 redan

411 852 49 22 nu
502 843 39 31 så
580 839 105 46 höga,
728 844 54 30 att
823 840 43 34 de
906 839 76 35 ofta
1014 845 129 40 utgöra
1174 841 49 33 50
1251 838 66 36 och
1345 838 93 35 ända
1466 839 55 34 till
1551 840 69 34 200
1649 842 150 43 procent
1825 837 40 35 af
1888 849 131 23 varans

410 890 122 35 värde.
585 889 53 36 En
681 890 58 35 del
776 889 40 36 af
840 890 102 36 dessa
969 902 117 31 varor,
1114 890 249 48 synnerligast
1389 889 139 47 qvistar
1554 888 39 36 af
1617 900 159 37 cypress,
1806 888 120 35 hvilka
1953 900 66 22 an-

412 940 136 35 vändas
585 941 58 34 till
683 940 400 47 begrafningskransar,
1124 940 137 35 brukas
1301 953 150 22 numera
1491 942 39 33 så
1569 940 163 42 allmänt,
1774 943 54 30 att
1867 938 45 35 de
1939 938 80 35 icke

411 991 124 35 kunna
575 1003 103 23 anses
720 991 232 36 uteslutande
992 994 116 32 såsom
1141 991 219 49 lyxartiklar
1398 991 66 34 och
1493 990 115 35 skulle
1636 1002 135 35 genom
1799 1002 42 22 en
1870 988 148 36 tullför-

412 1041 152 47 höjning
604 1042 56 34 till
702 1042 65 36 det
806 1041 39 36 af
882 1041 271 36 motionärerna
1183 1040 208 47 föreslagna
1423 1041 169 46 beloppet
1619 1039 115 37 blifva
1761 1040 156 47 oskäligt
1945 1038 74 36 för-

411 1091 150 49 dyrade.
616 1091 108 36 Hvad
753 1095 112 43 angår
891 1093 193 34 tullsatsen
1110 1091 56 35 för
1193 1091 166 35 lefvande
1387 1096 141 38 växter,
1556 1091 102 35 torde
1686 1090 121 36 denna
1832 1091 12 34 i
1871 1090 147 35 betrak-

410 1142 111 35 tande
562 1141 110 45 deraf,
716 1147 55 30 att
799 1143 123 47 vigten
950 1141 41 36 af
1016 1142 136 35 krukor
1178 1142 67 35 och
1274 1141 113 47 baljor
1416 1140 83 36 med
1523 1140 96 47 jord,
1648 1141 217 35 bastmattor
1892 1153 47 22 im.
1970 1154 47 21 m.

410 1192 121 49 dylikt
570 1193 220 35 inberäknas
829 1193 12 34 i
880 1192 69 36 den
988 1193 229 47 tullpligtiga
1258 1193 134 45 vigten,
1433 1192 90 35 böra
1563 1204 103 23 anses
1694 1191 213 47 tillräckligt
1935 1191 82 48 hög,

411 1243 110 35 sådan
564 1243 68 35 den
672 1242 58 36 för
771 1243 224 35 närvarande
1035 1250 40 27 är
1114 1242 165 47 stadgad.
1332 1242 188 36 Utskottet
1560 1242 118 35 finner
1706 1242 58 47 sig
1791 1240 123 37 derför
1941 1242 79 34 icke

412 1294 125 35 kunna
566 1293 144 36 biträda
738 1294 287 35 motionärernas
1051 1293 138 47 förslag
1216 1294 12 34 i
1256 1293 103 35 dessa
1378 1293 118 42 delar;
1516 1293 66 35 och
1602 1293 209 35 hemställer
1829 1292 190 43 utskottet,

951 1392 97 47 19:0)
1077 1399 53 30 att
1148 1395 192 34 tullsatsen
1359 1392 55 36 för
1433 1393 194 47 naturliga,
1648 1393 182 49 afskurna
1852 1393 169 36 blommor

818 1449 109 31 måtte
956 1445 102 46 höjas
1085 1445 56 35 till
1169 1447 20 33 5
1220 1444 133 35 kronor
1379 1443 57 36 för
1466 1444 195 48 kilogram;

949 1493 101 47 20:0)
1078 1500 53 30 att
1158 1495 176 35 rubriken
1362 1508 57 21 n:o
1448 1497 46 33 45
1524 1495 12 34 i
1562 1494 170 47 gällande
1751 1495 158 35 tulltaxa
1928 1495 92 34 skall

816 1547 133 35 erhålla
976 1545 160 47 följande
1163 1545 218 36 förändrade
1408 1545 154 48 lydelse:

917 1622 204 36 Blommor:

978 1672 194 48 naturliga,
1215 1671 175 36 afskurna
1430 1671 85 36 eller
1542 1672 78 35 med

1016 1728 107 30 rötter
1129 1722 192 49 försedda,
1337 1721 187 36 äfvensom
1541 1722 78 47 qvi-

1018 1779 76 29 star
1133 1773 66 35 och
1240 1772 98 44 blad,
1377 1771 115 36 friska
1532 1773 88 34 eller

1017 1823 163 43 torkade,
1210 1823 32 47 ej
1273 1822 266 49 specificerade:

1019 1875 55 34 till
1094 1873 168 50 prydnad
1283 1873 243 43 användbara,
1546 1875 74 33 lösa

1068 1925 87 35 eller
1182 1923 332 37 sammanbundna:

843 1972 57 53 45.
1063 1971 34 53 16)
1091 1975 157 35 [675154
1188 1971 11 53 1
1205 1971 31 53 00)

952 2048 99 47 21:0)
1084 2056 52 29 att
1167 2050 171 48 gällande
1364 2051 147 34 tullsats
1538 2053 20 32 å
1584 2051 182 45 naturliga
1796 2051 137 46 qvistar
1960 2051 63 35 och

819 2103 80 35 blad
928 2106 112 32 måtte
1068 2101 200 35 bibehållas
1296 2100 229 44 oförändrad,
1554 2106 95 30 samt

953 2149 97 48 22:0)
1083 2157 54 29 att
1168 2151 170 47 gällande
1365 2152 145 34 tullsats
1537 2155 21 32 å
1585 2152 166 49 lefvande
1779 2155 123 32 växter
1925 2151 97 46 jem-

820 2205 58 35 väl
906 2207 112 33 måtte
1046 2202 199 36 bibehållas
1272 2200 232 37 oförändrad.
