2214 2638
459 143 39 29 20
859 143 346 42 Bevillningsutskottets
1228 145 201 31 Betänkande
1453 145 61 31 N:o
1539 147 50 29 15.

551 228 69 38 Om
663 244 81 22 man
785 244 50 22 nu
876 231 121 36 kunde
1039 245 87 22 vara
1165 231 181 37 förvissad
1379 233 80 36 från
1489 234 167 35 utlandet
1683 235 102 35 alltid
1814 236 137 35 erhålla
1977 249 45 23 en

417 281 118 35 bättre
576 282 88 34 eller
703 281 218 36 åtminstone
959 295 43 22 en
1043 283 73 46 god
1143 283 66 35 och
1238 283 145 47 pålitlig
1410 297 97 31 vara,
1536 288 39 32 så
1603 284 120 37 kunde
1750 285 62 36 det
1835 286 42 47 ju
1905 287 118 35 finnas

417 337 52 29 ett
501 331 78 35 skäl
612 332 73 34 låta
716 332 141 35 landets
886 331 110 36 behof
1021 333 40 35 af
1084 333 159 47 benmjöl
1272 333 110 49 fyllas
1408 346 132 33 genom
1570 336 146 46 import,
1745 342 192 42 exportera
1964 341 58 31 rå-

417 394 111 22 varan
568 382 57 35 till
658 382 164 35 utlandet
849 383 66 34 och
943 383 73 35 låta
1044 383 226 36 dervarande
1298 384 228 37 fabrikanter
1554 386 132 35 skörda
1713 386 144 36 vinsten
1884 387 39 35 af
1948 387 76 37 för-

417 432 171 48 ädlingen
616 437 93 31 samt
735 433 74 35 låta
836 433 142 36 landets
1006 446 94 34 egna
1127 433 161 37 fabriker
1315 438 47 44 gå
1389 435 127 36 under.

548 482 85 36 Men
666 496 49 22 nu
743 491 39 27 är
809 483 197 37 händelsen
1035 490 56 30 att
1117 497 133 34 genom
1277 486 131 46 gjorda
1435 488 168 47 analyser
1630 487 60 35 vid
1720 491 81 32 vårt
1829 488 103 36 lands
1960 490 63 34 ke-

418 533 114 36 miska
568 533 174 36 stationer
782 534 62 35 det
885 538 130 43 många
1054 538 138 44 gånger
1218 537 94 34 visat
1341 537 66 44 sig,
1436 542 52 30 att
1516 537 62 36 det
1605 538 193 36 utländska
1825 538 198 48 benmjölet

417 591 38 28 är
482 583 39 36 af
545 584 233 47 underhaltig
806 584 259 37 beskaffenhet.

549 634 14 35 I
592 634 120 47 kongl.
741 635 417 49 landtbruksstyrelsens
1185 637 192 36 berättelse
1405 637 55 36 för
1491 639 93 35 1895
1615 639 183 36 meddelas
1826 638 80 37 från
1931 639 91 36 Jön-

417 685 153 47 köpings
599 685 160 35 kemiska
786 687 149 43 station,
963 692 54 30 att
1045 686 40 36 af
1110 687 220 35 undersökta
1359 688 265 48 banmjölsprof
1650 691 18 33 2
1698 689 99 36 höllo
1817 690 206 48 respektive

420 737 42 33 14
504 736 67 34 och
615 737 45 34 33
693 742 25 29 4
745 737 116 35 olösta
888 744 141 37 ämnen,
1060 743 93 30 mest
1180 737 106 43 sand;
1315 738 80 35 från
1425 738 150 36 Kalmar
1604 740 161 35 kemiska
1791 741 149 43 station,
1969 746 55 30 att

416 791 52 30 ett
509 785 199 36 undersökt
734 786 161 47 benmjöl
924 787 72 36 höll
1027 789 76 42 18,2
1131 795 25 29 &
1183 788 101 41 sand,
1313 789 66 35 och
1406 789 82 36 från
1517 782 141 44 Örebro
1687 791 163 35 kemiska
1877 792 144 43 station,

417 841 53 31 att
497 835 39 36 af
562 839 20 33 3
612 836 220 36 undersökta
859 837 266 49 benmjölsprof
1148 844 51 30 ett
1226 852 65 22 var
1318 840 254 47 uppblandadt
1599 841 80 35 med
1707 841 163 46 gaskalk.

549 886 220 47 Ytterligare
811 888 69 35 kan
923 888 195 44 meddelas,
1159 895 53 29 att
1252 888 274 37 förhållandena
1559 891 79 35 icke
1664 891 212 44 förbättras,
1904 895 38 32 så
1969 898 54 30 att

415 943 26 29 t.
470 950 56 22 ex.
557 937 41 35 af
622 937 93 48 prof,
734 951 77 22 som
831 951 124 23 senare
973 939 198 36 inlemnats
1189 940 57 35 till
1264 939 229 49 Jönköpings
1514 941 162 36 kemiska
1695 943 146 42 station,
1861 943 161 35 innehöll

416 993 52 30 ett
510 990 76 41 11,4
618 995 25 28 &
675 989 150 46 olösliga
853 996 128 29 ämnen
1010 990 67 35 och
1106 996 51 30 ett
1182 996 112 29 annat
1323 993 45 33 48
1396 998 26 29 4
1449 991 89 35 sand
1565 998 94 29 samt
1686 998 53 30 att
1767 992 62 36 vid
1858 992 165 37 Kalmars

418 1039 162 35 kemiska
620 1039 130 35 station
793 1041 19 33 2
847 1039 222 36 undersökta
1096 1039 88 49 prof
1209 1041 92 35 visat
1328 1041 57 46 sig
1412 1042 183 35 innehålla
1623 1044 44 34 35
1697 1044 64 34 och
1791 1045 48 34 40
1867 1050 25 29 4
1920 1044 100 35 sand.

548 1089 84 35 Alla
671 1089 102 36 dessa
813 1090 254 47 underhaltiga
1107 1090 81 48 prof
1228 1091 109 35 hafva
1376 1092 96 35 varit
1511 1098 112 40 tagna
1661 1093 78 36 från
1768 1094 146 48 partier,
1943 1107 78 23 som

415 1139 119 36 blifvit
561 1139 254 48 importerade.

547 1189 60 36 Nu
649 1190 69 35 kan
758 1191 208 47 naturligen
1008 1191 69 35 den
1120 1192 288 46 anmärkningen
1440 1200 119 39 göras,
1588 1199 54 30 att
1668 1194 57 35 får
1753 1207 82 23 man
1865 1195 86 35 bara
1977 1209 45 22 en

415 1240 214 47 lagstadgad
670 1240 146 36 effektiv
857 1241 159 35 kontroll
1049 1244 21 32 å
1096 1241 329 48 gödningsämnen,
1453 1246 39 33 så
1519 1243 71 36 kan
1619 1258 82 22 man
1731 1258 85 22 vara
1844 1245 177 36 förvissad

415 1303 68 31 om,
512 1296 55 30 att
594 1290 61 36 för
681 1290 195 37 framtiden
905 1292 85 46 inga
1014 1292 258 47 underhaltiga
1290 1293 318 48 gödningsämnen
1628 1295 142 48 spridas
1790 1296 112 35 bland
1917 1296 105 46 jord-

415 1341 193 36 brukarne.
663 1341 82 36 Men
773 1342 93 35 hvar
892 1342 66 35 och
986 1355 44 22 en
1059 1343 162 47 praktisk
1250 1343 261 37 landtbrukare
1539 1351 73 37 vet,
1642 1346 92 35 huru
1765 1349 103 33 svårt
1895 1346 60 36 det
1983 1355 39 27 är

414 1391 36 36 få
477 1392 55 35 till
561 1392 105 36 stånd
694 1405 44 22 en
765 1391 86 37 fullt
877 1392 148 36 effektiv
1054 1394 170 43 kontroll,
1254 1395 67 34 och
1350 1400 53 30 att
1430 1395 59 35 det
1517 1403 41 27 är
1585 1396 44 35 de
1649 1400 75 32 små
1738 1397 282 46 jordbrukarne,

415 1455 76 22 som
518 1443 13 35 i
559 1443 196 35 allmänhet
794 1443 115 35 blifva
949 1444 127 35 lurade
1118 1449 52 30 att
1198 1445 92 47 köpa
1318 1444 44 36 de
1391 1446 256 48 underhaltiga
1674 1447 346 47 gödningsämnena.

547 1493 84 35 Man
661 1494 68 34 kan
753 1494 42 45 ju
824 1493 104 36 äfven
958 1495 187 43 anmärka,
1174 1500 64 39 att,
1260 1508 60 22 om
1342 1496 180 47 importen
1542 1496 81 36 från
1644 1498 166 35 utlandet
1828 1498 192 45 försvåras,

415 1543 131 47 köpare
576 1543 40 36 af
640 1543 156 47 benmjöl
826 1545 78 35 icke
932 1545 125 34 kunna
1084 1558 87 22 vara
1198 1558 100 23 mera
1326 1545 201 37 förvissade
1555 1560 60 22 om
1635 1554 53 29 att
1706 1548 34 35 få
1761 1548 143 47 fullgod
1924 1562 96 31 vara,

415 1601 63 28 när
505 1594 44 35 de
578 1594 92 48 köpa
698 1594 158 47 benmjöl
885 1594 39 36 af
948 1596 130 35 svensk
1107 1596 249 48 tillverkning.
1410 1596 82 36 Men
1521 1597 62 36 det
1611 1598 65 36 har
1703 1599 102 35 alltid
1834 1600 94 34 visat
1952 1601 68 45 sig,

414 1650 53 29 att
506 1648 89 32 våra
634 1645 191 35 inhemska
864 1644 162 37 fabriker
1066 1646 153 35 sträfvat
1259 1646 94 36 efter
1393 1653 54 30 att
1473 1649 171 35 tillverka
1671 1662 44 22 en
1744 1663 84 22 vara
1855 1649 40 36 af
1918 1650 101 36 bästa

416 1694 258 44 beskaffenhet,
702 1695 67 35 och
795 1696 56 34 lär
878 1697 56 34 väl
962 1696 111 46 ingen
1102 1696 87 46 vilja
1216 1698 140 35 riskera
1384 1698 61 35 sitt
1473 1699 179 36 anseende
1679 1700 64 34 och
1772 1701 146 34 tillvaro
1938 1701 80 36 med

414 1750 53 30 att
505 1747 172 47 utsläppa
718 1759 42 22 en
802 1746 231 47 underhaltig
1063 1760 86 22 vara
1176 1748 12 34 i
1216 1748 169 43 handeln,
1415 1748 140 36 hvilket
1582 1751 209 47 naturligen
1819 1757 100 29 snart
1947 1765 73 34 nog

415 1795 77 36 blef
529 1796 127 35 kändt.
709 1796 191 36 Dessutom
941 1804 38 28 är
1020 1797 63 36 det
1122 1797 169 36 förenadt
1332 1799 81 35 med
1453 1806 116 29 större
1601 1801 130 34 lätthet
1758 1806 53 30 att
1839 1802 182 35 verksamt

416 1847 223 35 kontrollera
666 1846 59 36 det
752 1847 189 36 inhemska
968 1848 200 46 benmjölet
1195 1856 45 27 än
1268 1849 63 35 det
1357 1850 255 47 importerade.

546 1896 54 36 Af
638 1897 94 35 hvad
772 1910 76 23 som
890 1897 106 36 ofvan
1037 1904 100 42 sagts
1176 1898 175 49 framgår,
1385 1906 53 29 att
1465 1900 61 36 det
1553 1908 40 28 är
1621 1900 225 49 fullkomligt
1874 1903 145 35 rättvist

412 1947 100 47 gifva
552 1947 71 36 den
652 1948 152 35 svenska
832 1947 448 48 benmjölsfabrikationen
1309 1955 54 30 ett
1390 1951 237 47 välbehöfligt
1653 1952 116 49 skydd
1799 1952 57 36 för
1882 1959 53 29 att
1964 1953 54 36 fa-

414 1997 169 36 brikerna
623 1999 101 35 skola
762 1999 125 35 kunna
926 1998 228 37 fortfarande
1193 2000 125 35 arbeta
1359 2001 66 35 och
1467 2001 125 36 vidare
1633 2003 168 35 utveckla
1842 2004 56 46 sig
1924 2010 94 29 samt

409 2048 268 46 jordbrukarne
716 2050 101 48 skola
855 2050 122 35 kunna
1003 2050 11 35 i
1043 2055 116 31 större
1198 2051 134 46 mängd
1374 2058 46 28 än
1460 2052 132 36 hittills
1632 2052 35 36 få
1707 2054 95 47 köpa
1830 2054 95 48 ärlig
1951 2055 66 35 och

412 2097 140 49 fullgod
581 2112 87 22 vara
695 2099 38 36 af
756 2100 165 36 inhemsk
949 2100 250 49 tillverkning.

545 2149 181 36 Måhända
760 2150 143 36 fruktar
930 2154 168 43 mången,
1127 2157 53 30 att
1207 2152 199 47 benmjölet
1432 2165 132 34 genom
1593 2166 43 23 en
1665 2154 146 35 tullsats
1840 2154 40 36 af
1903 2161 25 28 t.
1958 2168 56 22 ex.

415 2201 43 33 25
491 2206 61 29 öre
588 2213 62 34 per
680 2202 68 34 100
777 2201 74 35 kilo
879 2202 116 35 skulle
1022 2201 168 49 fördyras
1219 2202 80 35 med
1329 2208 52 30 ett
1408 2203 73 35 lika
1508 2204 142 48 belopp,
1679 2217 79 22 men
1788 2212 41 28 är
1857 2205 98 35 detta
1982 2206 30 46 ej
