<?xml version="1.0" encoding="UTF-8"?>
<alto xmlns="http://www.loc.gov/standards/alto/ns-v3#" xmlns:xlink="http://www.w3.org/1999/xlink" xmlns:xsi="http://www.w3.org/2001/XMLSchema-instance" xsi:schemaLocation="http://www.loc.gov/standards/alto/ns-v3# http://www.loc.gov/alto/v3/alto-3-0.xsd">
	<Description>
		<MeasurementUnit>pixel</MeasurementUnit>
		<sourceImageInformation>
			<fileName>/tmp/tess_5usnvd2k_input.PNG</fileName>
		</sourceImageInformation>
		<OCRProcessing ID="OCR_0">
			<ocrProcessingStep>
				<processingSoftware>
					<softwareName>tesseract 5.3.0</softwareName>
				</processingSoftware>
			</ocrProcessingStep>
		</OCRProcessing>
	</Description>
	<Layout>
		<Page WIDTH="2224" HEIGHT="2636" PHYSICAL_IMG_NR="0" ID="page_0">
			<PrintSpace HPOS="0" VPOS="0" WIDTH="2224" HEIGHT="2636">
				<ComposedBlock ID="cblock_0" HPOS="248" VPOS="1820" WIDTH="155" HEIGHT="102">
					<TextBlock ID="block_0" HPOS="248" VPOS="1820" WIDTH="155" HEIGHT="102">
						<TextLine ID="line_0" HPOS="248" VPOS="1820" WIDTH="155" HEIGHT="35">
							<String ID="string_0" HPOS="248" VPOS="1820" WIDTH="155" HEIGHT="35" WC="0.89" CONTENT="Gödnings-"/>
						</TextLine>
						<TextLine ID="line_1" HPOS="266" VPOS="1857" WIDTH="111" HEIGHT="25">
							<String ID="string_1" HPOS="266" VPOS="1857" WIDTH="111" HEIGHT="25" WC="0.68" CONTENT="ämmen."/>
						</TextLine>
						<TextLine ID="line_2" HPOS="266" VPOS="1891" WIDTH="115" HEIGHT="31">
							<String ID="string_2" HPOS="266" VPOS="1891" WIDTH="115" HEIGHT="31" WC="0.91" CONTENT="Benmjöl."/>
						</TextLine>
					</TextBlock>
				</ComposedBlock>
				<ComposedBlock ID="cblock_1" HPOS="471" VPOS="149" WIDTH="1127" HEIGHT="45">
					<TextBlock ID="block_1" HPOS="471" VPOS="149" WIDTH="1127" HEIGHT="45">
						<TextLine ID="line_3" HPOS="471" VPOS="149" WIDTH="1127" HEIGHT="45">
							<String ID="string_3" HPOS="471" VPOS="152" WIDTH="36" HEIGHT="32" WC="0.95" CONTENT="18"/><SP WIDTH="364" VPOS="152" HPOS="507"/>
							<String ID="string_4" HPOS="871" VPOS="152" WIDTH="344" HEIGHT="42" WC="0.91" CONTENT="Bevillningsutskottets"/><SP WIDTH="29" VPOS="152" HPOS="1215"/>
							<String ID="string_5" HPOS="1244" VPOS="151" WIDTH="197" HEIGHT="33" WC="0.96" CONTENT="Betänkande"/><SP WIDTH="21" VPOS="151" HPOS="1441"/>
							<String ID="string_6" HPOS="1462" VPOS="149" WIDTH="62" HEIGHT="32" WC="0.95" CONTENT="N:o"/><SP WIDTH="27" VPOS="149" HPOS="1524"/>
							<String ID="string_7" HPOS="1551" VPOS="151" WIDTH="47" HEIGHT="30" WC="0.79" CONTENT="15."/>
						</TextLine>
					</TextBlock>
				</ComposedBlock>
				<ComposedBlock ID="cblock_2" HPOS="424" VPOS="235" WIDTH="1612" HEIGHT="1266">
					<TextBlock ID="block_2" HPOS="424" VPOS="235" WIDTH="1612" HEIGHT="1165">
						<TextLine ID="line_4" HPOS="428" VPOS="235" WIDTH="1603" HEIGHT="55">
							<String ID="string_8" HPOS="428" VPOS="241" WIDTH="132" HEIGHT="36" WC="0.96" CONTENT="sådana"/><SP WIDTH="42" VPOS="241" HPOS="560"/>
							<String ID="string_9" HPOS="602" VPOS="245" WIDTH="46" HEIGHT="45" WC="0.96" CONTENT="på"/><SP WIDTH="39" VPOS="245" HPOS="648"/>
							<String ID="string_10" HPOS="687" VPOS="242" WIDTH="120" HEIGHT="47" WC="0.84" CONTENT="grund"/><SP WIDTH="42" VPOS="242" HPOS="807"/>
							<String ID="string_11" HPOS="849" VPOS="241" WIDTH="40" HEIGHT="36" WC="0.93" CONTENT="af"/><SP WIDTH="36" VPOS="241" HPOS="889"/>
							<String ID="string_12" HPOS="925" VPOS="241" WIDTH="284" HEIGHT="49" WC="0.92" CONTENT="superfosfatens"/><SP WIDTH="31" VPOS="241" HPOS="1209"/>
							<String ID="string_13" HPOS="1240" VPOS="253" WIDTH="133" HEIGHT="35" WC="0.96" CONTENT="genom"/><SP WIDTH="28" VPOS="253" HPOS="1373"/>
							<String ID="string_14" HPOS="1401" VPOS="240" WIDTH="114" HEIGHT="35" WC="0.95" CONTENT="tullen"/><SP WIDTH="28" VPOS="240" HPOS="1515"/>
							<String ID="string_15" HPOS="1543" VPOS="236" WIDTH="236" HEIGHT="38" WC="0.96" CONTENT="förorsakade"/><SP WIDTH="28" VPOS="236" HPOS="1779"/>
							<String ID="string_16" HPOS="1807" VPOS="236" WIDTH="112" HEIGHT="48" WC="0.96" CONTENT="högre"/><SP WIDTH="28" VPOS="236" HPOS="1919"/>
							<String ID="string_17" HPOS="1947" VPOS="235" WIDTH="84" HEIGHT="48" WC="0.96" CONTENT="pris,"/>
						</TextLine>
						<TextLine ID="line_5" HPOS="427" VPOS="286" WIDTH="1606" HEIGHT="55">
							<String ID="string_18" HPOS="427" VPOS="298" WIDTH="88" HEIGHT="30" WC="0.95" CONTENT="utan"/><SP WIDTH="41" VPOS="298" HPOS="515"/>
							<String ID="string_19" HPOS="556" VPOS="298" WIDTH="54" HEIGHT="30" WC="0.93" CONTENT="att"/><SP WIDTH="41" VPOS="298" HPOS="610"/>
							<String ID="string_20" HPOS="651" VPOS="293" WIDTH="209" HEIGHT="46" WC="0.92" CONTENT="derigenom"/><SP WIDTH="42" VPOS="293" HPOS="860"/>
							<String ID="string_21" HPOS="902" VPOS="293" WIDTH="173" HEIGHT="48" WC="0.93" CONTENT="trygghet"/><SP WIDTH="41" VPOS="293" HPOS="1075"/>
							<String ID="string_22" HPOS="1116" VPOS="305" WIDTH="139" HEIGHT="23" WC="0.91" CONTENT="vunnes"/><SP WIDTH="29" VPOS="305" HPOS="1255"/>
							<String ID="string_23" HPOS="1284" VPOS="297" WIDTH="76" HEIGHT="30" WC="0.93" CONTENT="mot"/><SP WIDTH="27" VPOS="297" HPOS="1360"/>
							<String ID="string_24" HPOS="1387" VPOS="290" WIDTH="247" HEIGHT="36" WC="0.71" CONTENT="förekomstén"/><SP WIDTH="29" VPOS="290" HPOS="1634"/>
							<String ID="string_25" HPOS="1663" VPOS="287" WIDTH="38" HEIGHT="36" WC="0.96" CONTENT="af"/><SP WIDTH="24" VPOS="287" HPOS="1701"/>
							<String ID="string_26" HPOS="1725" VPOS="301" WIDTH="44" HEIGHT="22" WC="0.93" CONTENT="en"/><SP WIDTH="28" VPOS="301" HPOS="1769"/>
							<String ID="string_27" HPOS="1797" VPOS="286" WIDTH="236" HEIGHT="47" WC="0.90" CONTENT="underhaltig"/>
						</TextLine>
						<TextLine ID="line_6" HPOS="427" VPOS="337" WIDTH="1606" HEIGHT="54">
							<String ID="string_28" HPOS="427" VPOS="344" WIDTH="86" HEIGHT="34" WC="0.96" CONTENT="eller"/><SP WIDTH="37" VPOS="344" HPOS="513"/>
							<String ID="string_29" HPOS="550" VPOS="343" WIDTH="198" HEIGHT="36" WC="0.96" CONTENT="förfalskad"/><SP WIDTH="40" VPOS="343" HPOS="748"/>
							<String ID="string_30" HPOS="788" VPOS="357" WIDTH="96" HEIGHT="22" WC="0.96" CONTENT="vara."/><SP WIDTH="69" VPOS="357" HPOS="884"/>
							<String ID="string_31" HPOS="953" VPOS="343" WIDTH="126" HEIGHT="36" WC="0.95" CONTENT="Denna"/><SP WIDTH="41" VPOS="343" HPOS="1079"/>
							<String ID="string_32" HPOS="1120" VPOS="343" WIDTH="174" HEIGHT="48" WC="0.95" CONTENT="trygghet"/><SP WIDTH="37" VPOS="343" HPOS="1294"/>
							<String ID="string_33" HPOS="1331" VPOS="342" WIDTH="84" HEIGHT="43" WC="0.96" CONTENT="kan,"/><SP WIDTH="35" VPOS="342" HPOS="1415"/>
							<String ID="string_34" HPOS="1450" VPOS="341" WIDTH="115" HEIGHT="45" WC="0.96" CONTENT="enligt"/><SP WIDTH="28" VPOS="341" HPOS="1565"/>
							<String ID="string_35" HPOS="1593" VPOS="340" WIDTH="195" HEIGHT="35" WC="0.93" CONTENT="utskottets"/><SP WIDTH="29" VPOS="340" HPOS="1788"/>
							<String ID="string_36" HPOS="1817" VPOS="337" WIDTH="106" HEIGHT="47" WC="0.93" CONTENT="åsigt,"/><SP WIDTH="29" VPOS="337" HPOS="1923"/>
							<String ID="string_37" HPOS="1952" VPOS="337" WIDTH="81" HEIGHT="35" WC="0.96" CONTENT="bäst"/>
						</TextLine>
						<TextLine ID="line_7" HPOS="427" VPOS="387" WIDTH="1605" HEIGHT="53">
							<String ID="string_38" HPOS="427" VPOS="393" WIDTH="128" HEIGHT="36" WC="0.96" CONTENT="vinnas"/><SP WIDTH="39" VPOS="393" HPOS="555"/>
							<String ID="string_39" HPOS="594" VPOS="406" WIDTH="132" HEIGHT="34" WC="0.91" CONTENT="genom"/><SP WIDTH="40" VPOS="406" HPOS="726"/>
							<String ID="string_40" HPOS="766" VPOS="393" WIDTH="252" HEIGHT="36" WC="0.91" CONTENT="anordnandet"/><SP WIDTH="26" VPOS="393" HPOS="1018"/>
							<String ID="string_41" HPOS="1044" VPOS="392" WIDTH="41" HEIGHT="37" WC="0.96" CONTENT="af"/><SP WIDTH="23" VPOS="392" HPOS="1085"/>
							<String ID="string_42" HPOS="1108" VPOS="393" WIDTH="238" HEIGHT="47" WC="0.96" CONTENT="obligatorisk"/><SP WIDTH="28" VPOS="393" HPOS="1346"/>
							<String ID="string_43" HPOS="1374" VPOS="392" WIDTH="158" HEIGHT="35" WC="0.93" CONTENT="kontroll"/><SP WIDTH="29" VPOS="392" HPOS="1532"/>
							<String ID="string_44" HPOS="1561" VPOS="396" WIDTH="20" HEIGHT="29" WC="0.92" CONTENT="å"/><SP WIDTH="28" VPOS="396" HPOS="1581"/>
							<String ID="string_45" HPOS="1609" VPOS="388" WIDTH="158" HEIGHT="36" WC="0.96" CONTENT="handeln"/><SP WIDTH="29" VPOS="388" HPOS="1767"/>
							<String ID="string_46" HPOS="1796" VPOS="387" WIDTH="83" HEIGHT="36" WC="0.93" CONTENT="med"/><SP WIDTH="27" VPOS="387" HPOS="1879"/>
							<String ID="string_47" HPOS="1906" VPOS="387" WIDTH="126" HEIGHT="36" WC="0.92" CONTENT="konst-"/>
						</TextLine>
						<TextLine ID="line_8" HPOS="426" VPOS="439" WIDTH="1606" HEIGHT="52">
							<String ID="string_48" HPOS="426" VPOS="443" WIDTH="129" HEIGHT="47" WC="0.93" CONTENT="gjorda"/><SP WIDTH="39" VPOS="443" HPOS="555"/>
							<String ID="string_49" HPOS="594" VPOS="444" WIDTH="331" HEIGHT="47" WC="0.89" CONTENT="gödningsämnen."/><SP WIDTH="64" VPOS="444" HPOS="925"/>
							<String ID="string_50" HPOS="989" VPOS="443" WIDTH="125" HEIGHT="37" WC="0.77" CONTENT="Såsom"/><SP WIDTH="44" VPOS="443" HPOS="1114"/>
							<String ID="string_51" HPOS="1158" VPOS="444" WIDTH="270" HEIGHT="35" WC="0.93" CONTENT="motionärerna"/><SP WIDTH="40" VPOS="444" HPOS="1428"/>
							<String ID="string_52" HPOS="1468" VPOS="442" WIDTH="149" HEIGHT="41" WC="0.87" CONTENT="erinrat,"/><SP WIDTH="43" VPOS="442" HPOS="1617"/>
							<String ID="string_53" HPOS="1660" VPOS="441" WIDTH="65" HEIGHT="33" WC="0.96" CONTENT="har"/><SP WIDTH="26" VPOS="441" HPOS="1725"/>
							<String ID="string_54" HPOS="1751" VPOS="439" WIDTH="65" HEIGHT="35" WC="0.93" CONTENT="ock"/><SP WIDTH="36" VPOS="439" HPOS="1816"/>
							<String ID="string_55" HPOS="1852" VPOS="439" WIDTH="93" HEIGHT="35" WC="0.95" CONTENT="1896"/><SP WIDTH="29" VPOS="439" HPOS="1945"/>
							<String ID="string_56" HPOS="1974" VPOS="441" WIDTH="58" HEIGHT="32" WC="0.96" CONTENT="års"/>
						</TextLine>
						<TextLine ID="line_9" HPOS="427" VPOS="488" WIDTH="1604" HEIGHT="53">
							<String ID="string_57" HPOS="427" VPOS="494" WIDTH="148" HEIGHT="47" WC="0.96" CONTENT="riksdag"/><SP WIDTH="29" VPOS="494" HPOS="575"/>
							<String ID="string_58" HPOS="604" VPOS="495" WIDTH="126" HEIGHT="35" WC="0.93" CONTENT="härom"/><SP WIDTH="29" VPOS="495" HPOS="730"/>
							<String ID="string_59" HPOS="759" VPOS="495" WIDTH="118" HEIGHT="35" WC="0.91" CONTENT="aflåtit"/><SP WIDTH="27" VPOS="495" HPOS="877"/>
							<String ID="string_60" HPOS="904" VPOS="494" WIDTH="189" HEIGHT="37" WC="0.96" CONTENT="skrifvelse"/><SP WIDTH="27" VPOS="494" HPOS="1093"/>
							<String ID="string_61" HPOS="1120" VPOS="495" WIDTH="57" HEIGHT="35" WC="0.96" CONTENT="till"/><SP WIDTH="30" VPOS="495" HPOS="1177"/>
							<String ID="string_62" HPOS="1207" VPOS="494" WIDTH="131" HEIGHT="46" WC="0.96" CONTENT="Kongl."/><SP WIDTH="30" VPOS="494" HPOS="1338"/>
							<String ID="string_63" HPOS="1368" VPOS="492" WIDTH="117" HEIGHT="47" WC="0.96" CONTENT="Maj:t;"/><SP WIDTH="31" VPOS="492" HPOS="1485"/>
							<String ID="string_64" HPOS="1516" VPOS="491" WIDTH="69" HEIGHT="35" WC="0.96" CONTENT="och"/><SP WIDTH="29" VPOS="491" HPOS="1585"/>
							<String ID="string_65" HPOS="1614" VPOS="490" WIDTH="136" HEIGHT="46" WC="0.96" CONTENT="förslag"/><SP WIDTH="27" VPOS="490" HPOS="1750"/>
							<String ID="string_66" HPOS="1777" VPOS="490" WIDTH="11" HEIGHT="35" WC="0.95" CONTENT="i"/><SP WIDTH="21" VPOS="490" HPOS="1788"/>
							<String ID="string_67" HPOS="1809" VPOS="488" WIDTH="111" HEIGHT="36" WC="0.92" CONTENT="sådan"/><SP WIDTH="19" VPOS="488" HPOS="1920"/>
							<String ID="string_68" HPOS="1939" VPOS="489" WIDTH="92" HEIGHT="46" WC="0.92" CONTENT="rigt-"/>
						</TextLine>
						<TextLine ID="line_10" HPOS="427" VPOS="540" WIDTH="1606" HEIGHT="52">
							<String ID="string_69" HPOS="427" VPOS="545" WIDTH="88" HEIGHT="46" WC="0.96" CONTENT="ning"/><SP WIDTH="26" VPOS="545" HPOS="515"/>
							<String ID="string_70" HPOS="541" VPOS="546" WIDTH="97" HEIGHT="35" WC="0.96" CONTENT="lärer"/><SP WIDTH="27" VPOS="546" HPOS="638"/>
							<String ID="string_71" HPOS="665" VPOS="546" WIDTH="12" HEIGHT="34" WC="0.96" CONTENT="i"/><SP WIDTH="27" VPOS="546" HPOS="677"/>
							<String ID="string_72" HPOS="704" VPOS="545" WIDTH="200" HEIGHT="47" WC="0.96" CONTENT="anledning"/><SP WIDTH="27" VPOS="545" HPOS="904"/>
							<String ID="string_73" HPOS="931" VPOS="545" WIDTH="105" HEIGHT="36" WC="0.96" CONTENT="häraf"/><SP WIDTH="23" VPOS="545" HPOS="1036"/>
							<String ID="string_74" HPOS="1059" VPOS="558" WIDTH="89" HEIGHT="23" WC="0.96" CONTENT="vara"/><SP WIDTH="27" VPOS="558" HPOS="1148"/>
							<String ID="string_75" HPOS="1175" VPOS="550" WIDTH="54" HEIGHT="30" WC="0.96" CONTENT="att"/><SP WIDTH="26" VPOS="550" HPOS="1229"/>
							<String ID="string_76" HPOS="1255" VPOS="543" WIDTH="180" HEIGHT="37" WC="0.95" CONTENT="förvänta."/><SP WIDTH="55" VPOS="543" HPOS="1435"/>
							<String ID="string_77" HPOS="1490" VPOS="542" WIDTH="69" HEIGHT="35" WC="0.95" CONTENT="För"/><SP WIDTH="27" VPOS="542" HPOS="1559"/>
							<String ID="string_78" HPOS="1586" VPOS="540" WIDTH="115" HEIGHT="47" WC="0.96" CONTENT="öfrigt"/><SP WIDTH="23" VPOS="540" HPOS="1701"/>
							<String ID="string_79" HPOS="1724" VPOS="543" WIDTH="58" HEIGHT="32" WC="0.93" CONTENT="må"/><SP WIDTH="27" VPOS="543" HPOS="1782"/>
							<String ID="string_80" HPOS="1809" VPOS="540" WIDTH="150" HEIGHT="43" WC="0.92" CONTENT="erinras,"/><SP WIDTH="20" VPOS="540" HPOS="1959"/>
							<String ID="string_81" HPOS="1979" VPOS="543" WIDTH="54" HEIGHT="31" WC="0.96" CONTENT="att"/>
						</TextLine>
						<TextLine ID="line_11" HPOS="426" VPOS="590" WIDTH="1606" HEIGHT="48">
							<String ID="string_82" HPOS="426" VPOS="595" WIDTH="110" HEIGHT="36" WC="0.96" CONTENT="redan"/><SP WIDTH="33" VPOS="595" HPOS="536"/>
							<String ID="string_83" HPOS="569" VPOS="609" WIDTH="50" HEIGHT="22" WC="0.96" CONTENT="nu"/><SP WIDTH="27" VPOS="609" HPOS="619"/>
							<String ID="string_84" HPOS="646" VPOS="597" WIDTH="116" HEIGHT="35" WC="0.96" CONTENT="finnes"/><SP WIDTH="27" VPOS="597" HPOS="762"/>
							<String ID="string_85" HPOS="789" VPOS="595" WIDTH="145" HEIGHT="36" WC="0.95" CONTENT="tillfälle"/><SP WIDTH="28" VPOS="595" HPOS="934"/>
							<String ID="string_86" HPOS="962" VPOS="601" WIDTH="53" HEIGHT="30" WC="0.93" CONTENT="att"/><SP WIDTH="28" VPOS="601" HPOS="1015"/>
							<String ID="string_87" HPOS="1043" VPOS="599" WIDTH="20" HEIGHT="32" WC="0.92" CONTENT="å"/><SP WIDTH="28" VPOS="599" HPOS="1063"/>
							<String ID="string_88" HPOS="1091" VPOS="595" WIDTH="161" HEIGHT="36" WC="0.96" CONTENT="kemiska"/><SP WIDTH="28" VPOS="595" HPOS="1252"/>
							<String ID="string_89" HPOS="1280" VPOS="595" WIDTH="175" HEIGHT="35" WC="0.96" CONTENT="stationer"/><SP WIDTH="27" VPOS="595" HPOS="1455"/>
							<String ID="string_90" HPOS="1482" VPOS="594" WIDTH="89" HEIGHT="34" WC="0.96" CONTENT="eller"/><SP WIDTH="26" VPOS="594" HPOS="1571"/>
							<String ID="string_91" HPOS="1597" VPOS="604" WIDTH="132" HEIGHT="34" WC="0.87" CONTENT="genom"/><SP WIDTH="29" VPOS="604" HPOS="1729"/>
							<String ID="string_92" HPOS="1758" VPOS="590" WIDTH="274" HEIGHT="47" WC="0.87" CONTENT="hushållnings-"/>
						</TextLine>
						<TextLine ID="line_12" HPOS="427" VPOS="640" WIDTH="1604" HEIGHT="54">
							<String ID="string_93" HPOS="427" VPOS="646" WIDTH="223" HEIGHT="48" WC="0.90" CONTENT="sällskapens"/><SP WIDTH="40" VPOS="646" HPOS="650"/>
							<String ID="string_94" HPOS="690" VPOS="646" WIDTH="140" HEIGHT="47" WC="0.96" CONTENT="försorg"/><SP WIDTH="40" VPOS="646" HPOS="830"/>
							<String ID="string_95" HPOS="870" VPOS="645" WIDTH="38" HEIGHT="36" WC="0.93" CONTENT="få"/><SP WIDTH="38" VPOS="645" HPOS="908"/>
							<String ID="string_96" HPOS="946" VPOS="646" WIDTH="316" HEIGHT="47" WC="0.87" CONTENT="gödningsämnen"/><SP WIDTH="42" VPOS="646" HPOS="1262"/>
							<String ID="string_97" HPOS="1304" VPOS="645" WIDTH="221" HEIGHT="35" WC="0.96" CONTENT="undersökta"/><SP WIDTH="43" VPOS="645" HPOS="1525"/>
							<String ID="string_98" HPOS="1568" VPOS="650" WIDTH="88" HEIGHT="28" WC="0.96" CONTENT="utan"/><SP WIDTH="30" VPOS="650" HPOS="1656"/>
							<String ID="string_99" HPOS="1686" VPOS="640" WIDTH="154" HEIGHT="37" WC="0.96" CONTENT="kostnad"/><SP WIDTH="27" VPOS="640" HPOS="1840"/>
							<String ID="string_100" HPOS="1867" VPOS="640" WIDTH="56" HEIGHT="36" WC="0.96" CONTENT="för"/><SP WIDTH="27" VPOS="640" HPOS="1923"/>
							<String ID="string_101" HPOS="1950" VPOS="640" WIDTH="81" HEIGHT="41" WC="0.96" CONTENT="den,"/>
						</TextLine>
						<TextLine ID="line_13" HPOS="427" VPOS="691" WIDTH="1604" HEIGHT="53">
							<String ID="string_102" HPOS="427" VPOS="708" WIDTH="75" HEIGHT="23" WC="0.95" CONTENT="som"/><SP WIDTH="32" VPOS="708" HPOS="502"/>
							<String ID="string_103" HPOS="534" VPOS="697" WIDTH="131" HEIGHT="47" WC="0.95" CONTENT="begärt"/><SP WIDTH="28" VPOS="697" HPOS="665"/>
							<String ID="string_104" HPOS="693" VPOS="697" WIDTH="329" HEIGHT="47" WC="0.96" CONTENT="undersökningen."/><SP WIDTH="55" VPOS="697" HPOS="1022"/>
							<String ID="string_105" HPOS="1077" VPOS="696" WIDTH="80" HEIGHT="36" WC="0.95" CONTENT="Den"/><SP WIDTH="27" VPOS="696" HPOS="1157"/>
							<String ID="string_106" HPOS="1184" VPOS="696" WIDTH="36" HEIGHT="35" WC="0.92" CONTENT="af"/><SP WIDTH="27" VPOS="696" HPOS="1220"/>
							<String ID="string_107" HPOS="1247" VPOS="696" WIDTH="271" HEIGHT="35" WC="0.96" CONTENT="motionärerna"/><SP WIDTH="27" VPOS="696" HPOS="1518"/>
							<String ID="string_108" HPOS="1545" VPOS="693" WIDTH="191" HEIGHT="47" WC="0.93" CONTENT="uttryckta"/><SP WIDTH="27" VPOS="693" HPOS="1736"/>
							<String ID="string_109" HPOS="1763" VPOS="691" WIDTH="175" HEIGHT="47" WC="0.91" CONTENT="farhågan"/><SP WIDTH="29" VPOS="691" HPOS="1938"/>
							<String ID="string_110" HPOS="1967" VPOS="695" WIDTH="64" HEIGHT="36" WC="0.96" CONTENT="att,"/>
						</TextLine>
						<TextLine ID="line_14" HPOS="425" VPOS="740" WIDTH="1607" HEIGHT="55">
							<String ID="string_111" HPOS="425" VPOS="746" WIDTH="12" HEIGHT="35" WC="0.96" CONTENT="i"/><SP WIDTH="28" VPOS="746" HPOS="437"/>
							<String ID="string_112" HPOS="465" VPOS="747" WIDTH="170" HEIGHT="36" WC="0.96" CONTENT="händelse"/><SP WIDTH="28" VPOS="747" HPOS="635"/>
							<String ID="string_113" HPOS="663" VPOS="747" WIDTH="44" HEIGHT="35" WC="0.96" CONTENT="de"/><SP WIDTH="27" VPOS="747" HPOS="707"/>
							<String ID="string_114" HPOS="734" VPOS="748" WIDTH="152" HEIGHT="35" WC="0.93" CONTENT="svenska"/><SP WIDTH="28" VPOS="748" HPOS="886"/>
							<String ID="string_115" HPOS="914" VPOS="747" WIDTH="431" HEIGHT="48" WC="0.90" CONTENT="superfosfatfabrikerna"/><SP WIDTH="28" VPOS="747" HPOS="1345"/>
							<String ID="string_116" HPOS="1373" VPOS="744" WIDTH="184" HEIGHT="48" WC="0.95" CONTENT="nödgades"/><SP WIDTH="28" VPOS="744" HPOS="1557"/>
							<String ID="string_117" HPOS="1585" VPOS="747" WIDTH="46" HEIGHT="44" WC="0.97" CONTENT="på"/><SP WIDTH="25" VPOS="747" HPOS="1631"/>
							<String ID="string_118" HPOS="1656" VPOS="742" WIDTH="120" HEIGHT="47" WC="0.96" CONTENT="grund"/><SP WIDTH="29" VPOS="742" HPOS="1776"/>
							<String ID="string_119" HPOS="1805" VPOS="740" WIDTH="39" HEIGHT="37" WC="0.93" CONTENT="af"/><SP WIDTH="25" VPOS="740" HPOS="1844"/>
							<String ID="string_120" HPOS="1869" VPOS="742" WIDTH="163" HEIGHT="34" WC="0.93" CONTENT="konkur-"/>
						</TextLine>
						<TextLine ID="line_15" HPOS="427" VPOS="791" WIDTH="1605" HEIGHT="54">
							<String ID="string_121" HPOS="427" VPOS="810" WIDTH="129" HEIGHT="23" WC="0.91" CONTENT="rensen"/><SP WIDTH="40" VPOS="810" HPOS="556"/>
							<String ID="string_122" HPOS="596" VPOS="797" WIDTH="81" HEIGHT="36" WC="0.96" CONTENT="från"/><SP WIDTH="33" VPOS="797" HPOS="677"/>
							<String ID="string_123" HPOS="710" VPOS="798" WIDTH="167" HEIGHT="36" WC="0.95" CONTENT="utlandet"/><SP WIDTH="28" VPOS="798" HPOS="877"/>
							<String ID="string_124" HPOS="905" VPOS="798" WIDTH="178" HEIGHT="47" WC="0.96" CONTENT="nedlägga"/><SP WIDTH="28" VPOS="798" HPOS="1083"/>
							<String ID="string_125" HPOS="1111" VPOS="798" WIDTH="57" HEIGHT="35" WC="0.96" CONTENT="sin"/><SP WIDTH="27" VPOS="798" HPOS="1168"/>
							<String ID="string_126" HPOS="1195" VPOS="797" WIDTH="241" HEIGHT="42" WC="0.96" CONTENT="verksamhet,"/><SP WIDTH="29" VPOS="797" HPOS="1436"/>
							<String ID="string_127" HPOS="1465" VPOS="795" WIDTH="112" HEIGHT="48" WC="0.96" CONTENT="priset"/><SP WIDTH="29" VPOS="795" HPOS="1577"/>
							<String ID="string_128" HPOS="1606" VPOS="797" WIDTH="47" HEIGHT="44" WC="0.93" CONTENT="på"/><SP WIDTH="27" VPOS="797" HPOS="1653"/>
							<String ID="string_129" HPOS="1680" VPOS="791" WIDTH="222" HEIGHT="50" WC="0.92" CONTENT="superfosfat"/><SP WIDTH="26" VPOS="791" HPOS="1902"/>
							<String ID="string_130" HPOS="1928" VPOS="792" WIDTH="66" HEIGHT="35" WC="0.96" CONTENT="här"/><SP WIDTH="26" VPOS="792" HPOS="1994"/>
							<String ID="string_131" HPOS="2020" VPOS="792" WIDTH="12" HEIGHT="33" WC="0.96" CONTENT="i"/>
						</TextLine>
						<TextLine ID="line_16" HPOS="425" VPOS="842" WIDTH="1609" HEIGHT="49">
							<String ID="string_132" HPOS="425" VPOS="848" WIDTH="122" HEIGHT="35" WC="0.96" CONTENT="landet"/><SP WIDTH="40" VPOS="848" HPOS="547"/>
							<String ID="string_133" HPOS="587" VPOS="849" WIDTH="119" HEIGHT="35" WC="0.94" CONTENT="skulle"/><SP WIDTH="37" VPOS="849" HPOS="706"/>
							<String ID="string_134" HPOS="743" VPOS="850" WIDTH="123" HEIGHT="34" WC="0.96" CONTENT="kunna"/><SP WIDTH="33" VPOS="850" HPOS="866"/>
							<String ID="string_135" HPOS="899" VPOS="849" WIDTH="40" HEIGHT="35" WC="0.96" CONTENT="af"/><SP WIDTH="29" VPOS="849" HPOS="939"/>
							<String ID="string_136" HPOS="968" VPOS="848" WIDTH="42" HEIGHT="36" WC="0.96" CONTENT="de"/><SP WIDTH="34" VPOS="848" HPOS="1010"/>
							<String ID="string_137" HPOS="1044" VPOS="848" WIDTH="195" HEIGHT="35" WC="0.91" CONTENT="utländska"/><SP WIDTH="27" VPOS="848" HPOS="1239"/>
							<String ID="string_138" HPOS="1266" VPOS="847" WIDTH="275" HEIGHT="36" WC="0.91" CONTENT="fabrikanterna"/><SP WIDTH="28" VPOS="847" HPOS="1541"/>
							<String ID="string_139" HPOS="1569" VPOS="851" WIDTH="139" HEIGHT="40" WC="0.96" CONTENT="stegras"/><SP WIDTH="27" VPOS="851" HPOS="1708"/>
							<String ID="string_140" HPOS="1735" VPOS="844" WIDTH="57" HEIGHT="34" WC="0.96" CONTENT="till"/><SP WIDTH="28" VPOS="844" HPOS="1792"/>
							<String ID="string_141" HPOS="1820" VPOS="856" WIDTH="43" HEIGHT="22" WC="0.96" CONTENT="en"/><SP WIDTH="29" VPOS="856" HPOS="1863"/>
							<String ID="string_142" HPOS="1892" VPOS="842" WIDTH="142" HEIGHT="44" WC="0.95" CONTENT="oskälig"/>
						</TextLine>
						<TextLine ID="line_17" HPOS="426" VPOS="891" WIDTH="1610" HEIGHT="57">
							<String ID="string_143" HPOS="426" VPOS="898" WIDTH="96" HEIGHT="47" WC="0.96" CONTENT="höjd,"/><SP WIDTH="32" VPOS="898" HPOS="522"/>
							<String ID="string_144" HPOS="554" VPOS="912" WIDTH="110" HEIGHT="36" WC="0.96" CONTENT="synes"/><SP WIDTH="33" VPOS="912" HPOS="664"/>
							<String ID="string_145" HPOS="697" VPOS="900" WIDTH="176" HEIGHT="35" WC="0.96" CONTENT="utskottet"/><SP WIDTH="29" VPOS="900" HPOS="873"/>
							<String ID="string_146" HPOS="902" VPOS="900" WIDTH="78" HEIGHT="34" WC="0.96" CONTENT="icke"/><SP WIDTH="28" VPOS="900" HPOS="980"/>
							<String ID="string_147" HPOS="1008" VPOS="912" WIDTH="86" HEIGHT="22" WC="0.96" CONTENT="vara"/><SP WIDTH="30" VPOS="912" HPOS="1094"/>
							<String ID="string_148" HPOS="1124" VPOS="898" WIDTH="165" HEIGHT="47" WC="0.96" CONTENT="befogad."/><SP WIDTH="54" VPOS="898" HPOS="1289"/>
							<String ID="string_149" HPOS="1343" VPOS="897" WIDTH="135" HEIGHT="36" WC="0.28" CONTENT="Härtill"/><SP WIDTH="29" VPOS="897" HPOS="1478"/>
							<String ID="string_150" HPOS="1507" VPOS="896" WIDTH="175" HEIGHT="41" WC="0.96" CONTENT="kommer,"/><SP WIDTH="29" VPOS="896" HPOS="1682"/>
							<String ID="string_151" HPOS="1711" VPOS="900" WIDTH="54" HEIGHT="29" WC="0.96" CONTENT="att"/><SP WIDTH="26" VPOS="900" HPOS="1765"/>
							<String ID="string_152" HPOS="1791" VPOS="893" WIDTH="177" HEIGHT="36" WC="0.96" CONTENT="införseln"/><SP WIDTH="28" VPOS="893" HPOS="1968"/>
							<String ID="string_153" HPOS="1996" VPOS="891" WIDTH="40" HEIGHT="35" WC="0.96" CONTENT="af"/>
						</TextLine>
						<TextLine ID="line_18" HPOS="425" VPOS="943" WIDTH="1607" HEIGHT="54">
							<String ID="string_154" HPOS="425" VPOS="949" WIDTH="220" HEIGHT="48" WC="0.91" CONTENT="superfosfat"/><SP WIDTH="40" VPOS="949" HPOS="645"/>
							<String ID="string_155" HPOS="685" VPOS="950" WIDTH="116" HEIGHT="35" WC="0.96" CONTENT="under"/><SP WIDTH="39" VPOS="950" HPOS="801"/>
							<String ID="string_156" HPOS="840" VPOS="953" WIDTH="40" HEIGHT="32" WC="0.95" CONTENT="år"/><SP WIDTH="45" VPOS="953" HPOS="880"/>
							<String ID="string_157" HPOS="925" VPOS="951" WIDTH="104" HEIGHT="42" WC="0.96" CONTENT="1896,"/><SP WIDTH="42" VPOS="951" HPOS="1029"/>
							<String ID="string_158" HPOS="1071" VPOS="949" WIDTH="147" HEIGHT="35" WC="0.94" CONTENT="hvilken"/><SP WIDTH="42" VPOS="949" HPOS="1218"/>
							<String ID="string_159" HPOS="1260" VPOS="948" WIDTH="213" HEIGHT="47" WC="0.94" CONTENT="visserligen"/><SP WIDTH="41" VPOS="948" HPOS="1473"/>
							<String ID="string_160" HPOS="1514" VPOS="947" WIDTH="97" HEIGHT="34" WC="0.96" CONTENT="varit"/><SP WIDTH="32" VPOS="947" HPOS="1611"/>
							<String ID="string_161" HPOS="1643" VPOS="951" WIDTH="114" HEIGHT="30" WC="0.96" CONTENT="större"/><SP WIDTH="28" VPOS="951" HPOS="1757"/>
							<String ID="string_162" HPOS="1785" VPOS="951" WIDTH="46" HEIGHT="28" WC="0.96" CONTENT="än"/><SP WIDTH="27" VPOS="951" HPOS="1831"/>
							<String ID="string_163" HPOS="1858" VPOS="943" WIDTH="174" HEIGHT="36" WC="0.96" CONTENT="införseln"/>
						</TextLine>
						<TextLine ID="line_19" HPOS="426" VPOS="995" WIDTH="1606" HEIGHT="52">
							<String ID="string_164" HPOS="426" VPOS="999" WIDTH="116" HEIGHT="36" WC="0.96" CONTENT="under"/><SP WIDTH="39" VPOS="999" HPOS="542"/>
							<String ID="string_165" HPOS="581" VPOS="1000" WIDTH="45" HEIGHT="35" WC="0.94" CONTENT="de"/><SP WIDTH="41" VPOS="1000" HPOS="626"/>
							<String ID="string_166" HPOS="667" VPOS="1000" WIDTH="216" HEIGHT="47" WC="0.94" CONTENT="föregående"/><SP WIDTH="29" VPOS="1000" HPOS="883"/>
							<String ID="string_167" HPOS="912" VPOS="1007" WIDTH="53" HEIGHT="29" WC="0.96" CONTENT="tre"/><SP WIDTH="28" VPOS="1007" HPOS="965"/>
							<String ID="string_168" HPOS="993" VPOS="1003" WIDTH="98" HEIGHT="40" WC="0.96" CONTENT="åren,"/><SP WIDTH="29" VPOS="1003" HPOS="1091"/>
							<String ID="string_169" HPOS="1120" VPOS="1000" WIDTH="109" HEIGHT="35" WC="0.96" CONTENT="likväl"/><SP WIDTH="30" VPOS="1000" HPOS="1229"/>
							<String ID="string_170" HPOS="1259" VPOS="999" WIDTH="233" HEIGHT="45" WC="0.96" CONTENT="understiger"/><SP WIDTH="28" VPOS="999" HPOS="1492"/>
							<String ID="string_171" HPOS="1520" VPOS="996" WIDTH="176" HEIGHT="36" WC="0.95" CONTENT="införseln"/><SP WIDTH="29" VPOS="996" HPOS="1696"/>
							<String ID="string_172" HPOS="1725" VPOS="995" WIDTH="115" HEIGHT="36" WC="0.96" CONTENT="under"/><SP WIDTH="27" VPOS="995" HPOS="1840"/>
							<String ID="string_173" HPOS="1867" VPOS="997" WIDTH="41" HEIGHT="32" WC="0.96" CONTENT="år"/><SP WIDTH="31" VPOS="997" HPOS="1908"/>
							<String ID="string_174" HPOS="1939" VPOS="995" WIDTH="93" HEIGHT="34" WC="0.96" CONTENT="1890"/>
						</TextLine>
						<TextLine ID="line_20" HPOS="425" VPOS="1045" WIDTH="1608" HEIGHT="54">
							<String ID="string_175" HPOS="425" VPOS="1050" WIDTH="67" HEIGHT="35" WC="0.96" CONTENT="och"/><SP WIDTH="32" VPOS="1050" HPOS="492"/>
							<String ID="string_176" HPOS="524" VPOS="1052" WIDTH="93" HEIGHT="34" WC="0.96" CONTENT="1892"/><SP WIDTH="31" VPOS="1052" HPOS="617"/>
							<String ID="string_177" HPOS="648" VPOS="1057" WIDTH="94" HEIGHT="29" WC="0.96" CONTENT="samt"/><SP WIDTH="26" VPOS="1057" HPOS="742"/>
							<String ID="string_178" HPOS="768" VPOS="1051" WIDTH="80" HEIGHT="35" WC="0.96" CONTENT="icke"/><SP WIDTH="28" VPOS="1051" HPOS="848"/>
							<String ID="string_179" HPOS="876" VPOS="1051" WIDTH="236" HEIGHT="48" WC="0.93" CONTENT="synnerligen"/><SP WIDTH="29" VPOS="1051" HPOS="1112"/>
							<String ID="string_180" HPOS="1141" VPOS="1049" WIDTH="214" HEIGHT="46" WC="0.91" CONTENT="öfverstiger"/><SP WIDTH="27" VPOS="1049" HPOS="1355"/>
							<String ID="string_181" HPOS="1382" VPOS="1048" WIDTH="175" HEIGHT="35" WC="0.96" CONTENT="införseln"/><SP WIDTH="28" VPOS="1048" HPOS="1557"/>
							<String ID="string_182" HPOS="1585" VPOS="1046" WIDTH="115" HEIGHT="36" WC="0.96" CONTENT="under"/><SP WIDTH="20" VPOS="1046" HPOS="1700"/>
							<String ID="string_183" HPOS="1720" VPOS="1049" WIDTH="39" HEIGHT="32" WC="0.96" CONTENT="år"/><SP WIDTH="22" VPOS="1049" HPOS="1759"/>
							<String ID="string_184" HPOS="1781" VPOS="1047" WIDTH="107" HEIGHT="41" WC="0.93" CONTENT="1891,"/><SP WIDTH="19" VPOS="1047" HPOS="1888"/>
							<String ID="string_185" HPOS="1907" VPOS="1045" WIDTH="126" HEIGHT="34" WC="0.91" CONTENT="äfven-"/>
						</TextLine>
						<TextLine ID="line_21" HPOS="424" VPOS="1096" WIDTH="1609" HEIGHT="50">
							<String ID="string_186" HPOS="424" VPOS="1113" WIDTH="74" HEIGHT="23" WC="0.96" CONTENT="som"/><SP WIDTH="30" VPOS="1113" HPOS="498"/>
							<String ID="string_187" HPOS="528" VPOS="1106" WIDTH="53" HEIGHT="30" WC="0.96" CONTENT="att"/><SP WIDTH="27" VPOS="1106" HPOS="581"/>
							<String ID="string_188" HPOS="608" VPOS="1101" WIDTH="286" HEIGHT="45" WC="0.96" CONTENT="tillverkningen"/><SP WIDTH="31" VPOS="1101" HPOS="894"/>
							<String ID="string_189" HPOS="925" VPOS="1100" WIDTH="39" HEIGHT="36" WC="0.96" CONTENT="af"/><SP WIDTH="23" VPOS="1100" HPOS="964"/>
							<String ID="string_190" HPOS="987" VPOS="1100" WIDTH="119" HEIGHT="36" WC="0.96" CONTENT="denna"/><SP WIDTH="24" VPOS="1100" HPOS="1106"/>
							<String ID="string_191" HPOS="1130" VPOS="1113" WIDTH="88" HEIGHT="22" WC="0.96" CONTENT="vara"/><SP WIDTH="17" VPOS="1113" HPOS="1218"/>
							<String ID="string_192" HPOS="1235" VPOS="1100" WIDTH="99" HEIGHT="34" WC="0.96" CONTENT="inom"/><SP WIDTH="20" VPOS="1100" HPOS="1334"/>
							<String ID="string_193" HPOS="1354" VPOS="1098" WIDTH="127" HEIGHT="35" WC="0.96" CONTENT="landet"/><SP WIDTH="21" VPOS="1098" HPOS="1481"/>
							<String ID="string_194" HPOS="1502" VPOS="1098" WIDTH="116" HEIGHT="34" WC="0.96" CONTENT="under"/><SP WIDTH="20" VPOS="1098" HPOS="1618"/>
							<String ID="string_195" HPOS="1638" VPOS="1101" WIDTH="38" HEIGHT="31" WC="0.96" CONTENT="år"/><SP WIDTH="23" VPOS="1101" HPOS="1676"/>
							<String ID="string_196" HPOS="1699" VPOS="1098" WIDTH="92" HEIGHT="34" WC="0.78" CONTENT="1895"/><SP WIDTH="21" VPOS="1098" HPOS="1791"/>
							<String ID="string_197" HPOS="1812" VPOS="1096" WIDTH="31" HEIGHT="46" WC="0.92" CONTENT="ej"/><SP WIDTH="22" VPOS="1096" HPOS="1843"/>
							<String ID="string_198" HPOS="1865" VPOS="1100" WIDTH="168" HEIGHT="31" WC="0.92" CONTENT="oväsent-"/>
						</TextLine>
						<TextLine ID="line_22" HPOS="424" VPOS="1145" WIDTH="1610" HEIGHT="53">
							<String ID="string_199" HPOS="424" VPOS="1151" WIDTH="69" HEIGHT="47" WC="0.96" CONTENT="ligt"/><SP WIDTH="40" VPOS="1151" HPOS="493"/>
							<String ID="string_200" HPOS="533" VPOS="1152" WIDTH="115" HEIGHT="42" WC="0.96" CONTENT="ökats,"/><SP WIDTH="42" VPOS="1152" HPOS="648"/>
							<String ID="string_201" HPOS="690" VPOS="1152" WIDTH="76" HEIGHT="42" WC="0.96" CONTENT="och,"/><SP WIDTH="42" VPOS="1152" HPOS="766"/>
							<String ID="string_202" HPOS="808" VPOS="1151" WIDTH="117" HEIGHT="46" WC="0.96" CONTENT="enligt"/><SP WIDTH="40" VPOS="1151" HPOS="925"/>
							<String ID="string_203" HPOS="965" VPOS="1151" WIDTH="95" HEIGHT="35" WC="0.96" CONTENT="hvad"/><SP WIDTH="40" VPOS="1151" HPOS="1060"/>
							<String ID="string_204" HPOS="1100" VPOS="1151" WIDTH="99" HEIGHT="34" WC="0.96" CONTENT="inom"/><SP WIDTH="41" VPOS="1151" HPOS="1199"/>
							<String ID="string_205" HPOS="1240" VPOS="1150" WIDTH="180" HEIGHT="35" WC="0.95" CONTENT="utskottet"/><SP WIDTH="35" VPOS="1150" HPOS="1420"/>
							<String ID="string_206" HPOS="1455" VPOS="1148" WIDTH="122" HEIGHT="35" WC="0.95" CONTENT="blifvit"/><SP WIDTH="29" VPOS="1148" HPOS="1577"/>
							<String ID="string_207" HPOS="1606" VPOS="1148" WIDTH="159" HEIGHT="48" WC="0.96" CONTENT="upplyst,"/><SP WIDTH="30" VPOS="1148" HPOS="1765"/>
							<String ID="string_208" HPOS="1795" VPOS="1148" WIDTH="95" HEIGHT="33" WC="0.93" CONTENT="lärer"/><SP WIDTH="28" VPOS="1148" HPOS="1890"/>
							<String ID="string_209" HPOS="1918" VPOS="1145" WIDTH="116" HEIGHT="47" WC="0.91" CONTENT="utsigt"/>
						</TextLine>
						<TextLine ID="line_23" HPOS="424" VPOS="1196" WIDTH="1607" HEIGHT="53">
							<String ID="string_210" HPOS="424" VPOS="1201" WIDTH="206" HEIGHT="44" WC="0.92" CONTENT="förefinnas,"/><SP WIDTH="30" VPOS="1201" HPOS="630"/>
							<String ID="string_211" HPOS="660" VPOS="1207" WIDTH="53" HEIGHT="30" WC="0.96" CONTENT="att"/><SP WIDTH="38" VPOS="1207" HPOS="713"/>
							<String ID="string_212" HPOS="751" VPOS="1202" WIDTH="240" HEIGHT="46" WC="0.96" CONTENT="tillverkning"/><SP WIDTH="39" VPOS="1202" HPOS="991"/>
							<String ID="string_213" HPOS="1030" VPOS="1201" WIDTH="41" HEIGHT="35" WC="0.92" CONTENT="af"/><SP WIDTH="37" VPOS="1201" HPOS="1071"/>
							<String ID="string_214" HPOS="1108" VPOS="1200" WIDTH="341" HEIGHT="49" WC="0.89" CONTENT="fosforsyrehaltiga"/><SP WIDTH="40" VPOS="1200" HPOS="1449"/>
							<String ID="string_215" HPOS="1489" VPOS="1199" WIDTH="316" HEIGHT="47" WC="0.91" CONTENT="gödningsämnen"/><SP WIDTH="32" VPOS="1199" HPOS="1805"/>
							<String ID="string_216" HPOS="1837" VPOS="1197" WIDTH="99" HEIGHT="34" WC="0.96" CONTENT="inom"/><SP WIDTH="27" VPOS="1197" HPOS="1936"/>
							<String ID="string_217" HPOS="1963" VPOS="1196" WIDTH="68" HEIGHT="35" WC="0.96" CONTENT="den"/>
						</TextLine>
						<TextLine ID="line_24" HPOS="424" VPOS="1246" WIDTH="1610" HEIGHT="53">
							<String ID="string_218" HPOS="424" VPOS="1257" WIDTH="183" HEIGHT="30" WC="0.96" CONTENT="närmaste"/><SP WIDTH="26" VPOS="1257" HPOS="607"/>
							<String ID="string_219" HPOS="633" VPOS="1251" WIDTH="199" HEIGHT="36" WC="0.96" CONTENT="framtiden"/><SP WIDTH="29" VPOS="1251" HPOS="832"/>
							<String ID="string_220" HPOS="861" VPOS="1252" WIDTH="164" HEIGHT="35" WC="0.96" CONTENT="kommer"/><SP WIDTH="27" VPOS="1252" HPOS="1025"/>
							<String ID="string_221" HPOS="1052" VPOS="1257" WIDTH="55" HEIGHT="29" WC="0.96" CONTENT="att"/><SP WIDTH="27" VPOS="1257" HPOS="1107"/>
							<String ID="string_222" HPOS="1134" VPOS="1252" WIDTH="10" HEIGHT="34" WC="0.96" CONTENT="i"/><SP WIDTH="29" VPOS="1252" HPOS="1144"/>
							<String ID="string_223" HPOS="1173" VPOS="1251" WIDTH="105" HEIGHT="48" WC="0.96" CONTENT="högst"/><SP WIDTH="27" VPOS="1251" HPOS="1278"/>
							<String ID="string_224" HPOS="1305" VPOS="1250" WIDTH="168" HEIGHT="48" WC="0.96" CONTENT="betydlig"/><SP WIDTH="26" VPOS="1250" HPOS="1473"/>
							<String ID="string_225" HPOS="1499" VPOS="1248" WIDTH="90" HEIGHT="47" WC="0.93" CONTENT="grad"/><SP WIDTH="31" VPOS="1248" HPOS="1589"/>
							<String ID="string_226" HPOS="1620" VPOS="1247" WIDTH="223" HEIGHT="49" WC="0.92" CONTENT="uppdrifvas,"/><SP WIDTH="26" VPOS="1247" HPOS="1843"/>
							<String ID="string_227" HPOS="1869" VPOS="1248" WIDTH="12" HEIGHT="33" WC="0.96" CONTENT="i"/><SP WIDTH="19" VPOS="1248" HPOS="1881"/>
							<String ID="string_228" HPOS="1900" VPOS="1246" WIDTH="61" HEIGHT="36" WC="0.96" CONTENT="det"/><SP WIDTH="19" VPOS="1246" HPOS="1961"/>
							<String ID="string_229" HPOS="1980" VPOS="1252" WIDTH="54" HEIGHT="29" WC="0.96" CONTENT="att"/>
						</TextLine>
						<TextLine ID="line_25" HPOS="424" VPOS="1296" WIDTH="1610" HEIGHT="52">
							<String ID="string_230" HPOS="424" VPOS="1302" WIDTH="45" HEIGHT="35" WC="0.96" CONTENT="de"/><SP WIDTH="26" VPOS="1302" HPOS="469"/>
							<String ID="string_231" HPOS="495" VPOS="1303" WIDTH="12" HEIGHT="34" WC="0.96" CONTENT="i"/><SP WIDTH="27" VPOS="1303" HPOS="507"/>
							<String ID="string_232" HPOS="534" VPOS="1303" WIDTH="113" HEIGHT="35" WC="0.96" CONTENT="rikets"/><SP WIDTH="29" VPOS="1303" HPOS="647"/>
							<String ID="string_233" HPOS="676" VPOS="1315" WIDTH="105" HEIGHT="23" WC="0.96" CONTENT="norra"/><SP WIDTH="26" VPOS="1315" HPOS="781"/>
							<String ID="string_234" HPOS="807" VPOS="1303" WIDTH="59" HEIGHT="35" WC="0.95" CONTENT="del"/><SP WIDTH="33" VPOS="1303" HPOS="866"/>
							<String ID="string_235" HPOS="899" VPOS="1302" WIDTH="189" HEIGHT="46" WC="0.96" CONTENT="befintliga"/><SP WIDTH="27" VPOS="1302" HPOS="1088"/>
							<String ID="string_236" HPOS="1115" VPOS="1307" WIDTH="101" HEIGHT="30" WC="0.93" CONTENT="stora"/><SP WIDTH="26" VPOS="1307" HPOS="1216"/>
							<String ID="string_237" HPOS="1242" VPOS="1302" WIDTH="247" HEIGHT="45" WC="0.92" CONTENT="tillgångarne"/><SP WIDTH="29" VPOS="1302" HPOS="1489"/>
							<String ID="string_238" HPOS="1518" VPOS="1303" WIDTH="44" HEIGHT="44" WC="0.93" CONTENT="på"/><SP WIDTH="27" VPOS="1303" HPOS="1562"/>
							<String ID="string_239" HPOS="1589" VPOS="1299" WIDTH="117" HEIGHT="48" WC="0.92" CONTENT="apatit"/><SP WIDTH="29" VPOS="1299" HPOS="1706"/>
							<String ID="string_240" HPOS="1735" VPOS="1299" WIDTH="144" HEIGHT="34" WC="0.96" CONTENT="komma"/><SP WIDTH="27" VPOS="1299" HPOS="1879"/>
							<String ID="string_241" HPOS="1906" VPOS="1302" WIDTH="52" HEIGHT="30" WC="0.96" CONTENT="att"/><SP WIDTH="19" VPOS="1302" HPOS="1958"/>
							<String ID="string_242" HPOS="1977" VPOS="1296" WIDTH="57" HEIGHT="35" WC="0.96" CONTENT="för"/>
						</TextLine>
						<TextLine ID="line_26" HPOS="424" VPOS="1352" WIDTH="625" HEIGHT="48">
							<String ID="string_243" HPOS="424" VPOS="1352" WIDTH="129" HEIGHT="36" WC="0.96" CONTENT="sådant"/><SP WIDTH="27" VPOS="1352" HPOS="553"/>
							<String ID="string_244" HPOS="580" VPOS="1353" WIDTH="169" HEIGHT="35" WC="0.93" CONTENT="ändamål"/><SP WIDTH="28" VPOS="1353" HPOS="749"/>
							<String ID="string_245" HPOS="777" VPOS="1353" WIDTH="272" HEIGHT="47" WC="0.92" CONTENT="tillgodogöras."/>
						</TextLine>
					</TextBlock>
					<TextBlock ID="block_3" HPOS="424" VPOS="1398" WIDTH="1609" HEIGHT="103">
						<TextLine ID="line_27" HPOS="558" VPOS="1398" WIDTH="1475" HEIGHT="51">
							<String ID="string_246" HPOS="558" VPOS="1403" WIDTH="51" HEIGHT="36" WC="0.96" CONTENT="På"/><SP WIDTH="27" VPOS="1403" HPOS="609"/>
							<String ID="string_247" HPOS="636" VPOS="1403" WIDTH="109" HEIGHT="36" WC="0.96" CONTENT="ofvan"/><SP WIDTH="27" VPOS="1403" HPOS="745"/>
							<String ID="string_248" HPOS="772" VPOS="1403" WIDTH="156" HEIGHT="36" WC="0.96" CONTENT="anförda"/><SP WIDTH="27" VPOS="1403" HPOS="928"/>
							<String ID="string_249" HPOS="955" VPOS="1403" WIDTH="75" HEIGHT="36" WC="0.96" CONTENT="skäl"/><SP WIDTH="28" VPOS="1403" HPOS="1030"/>
							<String ID="string_250" HPOS="1058" VPOS="1403" WIDTH="119" HEIGHT="35" WC="0.96" CONTENT="finner"/><SP WIDTH="27" VPOS="1403" HPOS="1177"/>
							<String ID="string_251" HPOS="1204" VPOS="1403" WIDTH="55" HEIGHT="46" WC="0.96" CONTENT="sig"/><SP WIDTH="28" VPOS="1403" HPOS="1259"/>
							<String ID="string_252" HPOS="1287" VPOS="1402" WIDTH="179" HEIGHT="35" WC="0.96" CONTENT="utskottet"/><SP WIDTH="27" VPOS="1402" HPOS="1466"/>
							<String ID="string_253" HPOS="1493" VPOS="1401" WIDTH="81" HEIGHT="35" WC="0.96" CONTENT="icke"/><SP WIDTH="21" VPOS="1401" HPOS="1574"/>
							<String ID="string_254" HPOS="1595" VPOS="1401" WIDTH="126" HEIGHT="34" WC="0.96" CONTENT="kunna"/><SP WIDTH="18" VPOS="1401" HPOS="1721"/>
							<String ID="string_255" HPOS="1739" VPOS="1399" WIDTH="144" HEIGHT="35" WC="0.92" CONTENT="biträda"/><SP WIDTH="19" VPOS="1399" HPOS="1883"/>
							<String ID="string_256" HPOS="1902" VPOS="1398" WIDTH="131" HEIGHT="35" WC="0.91" CONTENT="motio-"/>
						</TextLine>
						<TextLine ID="line_28" HPOS="424" VPOS="1453" WIDTH="703" HEIGHT="48">
							<String ID="string_257" HPOS="424" VPOS="1461" WIDTH="174" HEIGHT="29" WC="0.90" CONTENT="närernas"/><SP WIDTH="26" VPOS="1461" HPOS="598"/>
							<String ID="string_258" HPOS="624" VPOS="1453" WIDTH="140" HEIGHT="48" WC="0.96" CONTENT="förslag"/><SP WIDTH="27" VPOS="1453" HPOS="764"/>
							<String ID="string_259" HPOS="791" VPOS="1460" WIDTH="88" HEIGHT="30" WC="0.96" CONTENT="utan"/><SP WIDTH="29" VPOS="1460" HPOS="879"/>
							<String ID="string_260" HPOS="908" VPOS="1454" WIDTH="219" HEIGHT="43" WC="0.96" CONTENT="hemställer,"/>
						</TextLine>
					</TextBlock>
				</ComposedBlock>
				<ComposedBlock ID="cblock_3" HPOS="827" VPOS="1551" WIDTH="1207" HEIGHT="91">
					<TextBlock ID="block_4" HPOS="827" VPOS="1551" WIDTH="1207" HEIGHT="91">
						<TextLine ID="line_29" HPOS="961" VPOS="1551" WIDTH="1073" HEIGHT="50">
							<String ID="string_261" HPOS="961" VPOS="1553" WIDTH="72" HEIGHT="46" WC="0.91" CONTENT="7:0)"/><SP WIDTH="27" VPOS="1553" HPOS="1033"/>
							<String ID="string_262" HPOS="1060" VPOS="1560" WIDTH="55" HEIGHT="29" WC="0.95" CONTENT="att"/><SP WIDTH="18" VPOS="1560" HPOS="1115"/>
							<String ID="string_263" HPOS="1133" VPOS="1553" WIDTH="170" HEIGHT="48" WC="0.96" CONTENT="gällande"/><SP WIDTH="18" VPOS="1553" HPOS="1303"/>
							<String ID="string_264" HPOS="1321" VPOS="1552" WIDTH="182" HEIGHT="36" WC="0.93" CONTENT="tullfrihet"/><SP WIDTH="18" VPOS="1552" HPOS="1503"/>
							<String ID="string_265" HPOS="1521" VPOS="1552" WIDTH="59" HEIGHT="36" WC="0.93" CONTENT="för"/><SP WIDTH="19" VPOS="1552" HPOS="1580"/>
							<String ID="string_266" HPOS="1599" VPOS="1552" WIDTH="228" HEIGHT="48" WC="0.91" CONTENT="superfosfat"/><SP WIDTH="19" VPOS="1552" HPOS="1827"/>
							<String ID="string_267" HPOS="1846" VPOS="1555" WIDTH="112" HEIGHT="31" WC="0.93" CONTENT="måtte"/><SP WIDTH="20" VPOS="1555" HPOS="1958"/>
							<String ID="string_268" HPOS="1978" VPOS="1551" WIDTH="56" HEIGHT="35" WC="0.93" CONTENT="bi-"/>
						</TextLine>
						<TextLine ID="line_30" HPOS="827" VPOS="1606" WIDTH="170" HEIGHT="36">
							<String ID="string_269" HPOS="827" VPOS="1606" WIDTH="170" HEIGHT="36" WC="0.96" CONTENT="behållas."/>
						</TextLine>
					</TextBlock>
				</ComposedBlock>
				<ComposedBlock ID="cblock_4" HPOS="425" VPOS="1804" WIDTH="1610" HEIGHT="458">
					<TextBlock ID="block_5" HPOS="427" VPOS="1804" WIDTH="1607" HEIGHT="154">
						<TextLine ID="line_31" HPOS="557" VPOS="1804" WIDTH="1477" HEIGHT="41">
							<String ID="string_270" HPOS="557" VPOS="1809" WIDTH="138" HEIGHT="36" WC="0.95" CONTENT="Vidare"/><SP WIDTH="25" VPOS="1809" HPOS="695"/>
							<String ID="string_271" HPOS="720" VPOS="1809" WIDTH="132" HEIGHT="36" WC="0.96" CONTENT="föreslå"/><SP WIDTH="28" VPOS="1809" HPOS="852"/>
							<String ID="string_272" HPOS="880" VPOS="1808" WIDTH="84" HEIGHT="35" WC="0.93" CONTENT="herr"/><SP WIDTH="25" VPOS="1808" HPOS="964"/>
							<String ID="string_273" HPOS="989" VPOS="1808" WIDTH="52" HEIGHT="36" WC="0.92" CONTENT="N."/><SP WIDTH="29" VPOS="1808" HPOS="1041"/>
							<String ID="string_274" HPOS="1070" VPOS="1808" WIDTH="160" HEIGHT="36" WC="0.96" CONTENT="Jönsson"/><SP WIDTH="28" VPOS="1808" HPOS="1230"/>
							<String ID="string_275" HPOS="1258" VPOS="1811" WIDTH="94" HEIGHT="31" WC="0.96" CONTENT="samt"/><SP WIDTH="28" VPOS="1811" HPOS="1352"/>
							<String ID="string_276" HPOS="1380" VPOS="1809" WIDTH="76" HEIGHT="32" WC="0.96" CONTENT="åtta"/><SP WIDTH="27" VPOS="1809" HPOS="1456"/>
							<String ID="string_277" HPOS="1483" VPOS="1805" WIDTH="113" HEIGHT="36" WC="0.96" CONTENT="andra"/><SP WIDTH="27" VPOS="1805" HPOS="1596"/>
							<String ID="string_278" HPOS="1623" VPOS="1805" WIDTH="40" HEIGHT="35" WC="0.95" CONTENT="af"/><SP WIDTH="23" VPOS="1805" HPOS="1663"/>
							<String ID="string_279" HPOS="1686" VPOS="1805" WIDTH="229" HEIGHT="35" WC="0.93" CONTENT="kammarens"/><SP WIDTH="18" VPOS="1805" HPOS="1915"/>
							<String ID="string_280" HPOS="1933" VPOS="1804" WIDTH="101" HEIGHT="36" WC="0.92" CONTENT="leda-"/>
						</TextLine>
						<TextLine ID="line_32" HPOS="427" VPOS="1855" WIDTH="1607" HEIGHT="51">
							<String ID="string_281" HPOS="427" VPOS="1866" WIDTH="125" HEIGHT="38" WC="0.96" CONTENT="möter,"/><SP WIDTH="42" VPOS="1866" HPOS="552"/>
							<String ID="string_282" HPOS="594" VPOS="1866" WIDTH="54" HEIGHT="29" WC="0.96" CONTENT="att"/><SP WIDTH="39" VPOS="1866" HPOS="648"/>
							<String ID="string_283" HPOS="687" VPOS="1859" WIDTH="206" HEIGHT="47" WC="0.96" CONTENT="Riksdagen"/><SP WIDTH="42" VPOS="1859" HPOS="893"/>
							<String ID="string_284" HPOS="935" VPOS="1861" WIDTH="110" HEIGHT="33" WC="0.92" CONTENT="måtte"/><SP WIDTH="41" VPOS="1861" HPOS="1045"/>
							<String ID="string_285" HPOS="1086" VPOS="1861" WIDTH="118" HEIGHT="32" WC="0.89" CONTENT="åsätta"/><SP WIDTH="27" VPOS="1861" HPOS="1204"/>
							<String ID="string_286" HPOS="1231" VPOS="1857" WIDTH="173" HEIGHT="47" WC="0.89" CONTENT="benmjöl,"/><SP WIDTH="29" VPOS="1857" HPOS="1404"/>
							<String ID="string_287" HPOS="1433" VPOS="1869" WIDTH="75" HEIGHT="23" WC="0.96" CONTENT="som"/><SP WIDTH="29" VPOS="1869" HPOS="1508"/>
							<String ID="string_288" HPOS="1537" VPOS="1856" WIDTH="117" HEIGHT="47" WC="0.96" CONTENT="enligt"/><SP WIDTH="26" VPOS="1856" HPOS="1654"/>
							<String ID="string_289" HPOS="1680" VPOS="1855" WIDTH="169" HEIGHT="48" WC="0.91" CONTENT="gällande"/><SP WIDTH="28" VPOS="1855" HPOS="1849"/>
							<String ID="string_290" HPOS="1877" VPOS="1856" WIDTH="157" HEIGHT="34" WC="0.90" CONTENT="tulltaxa"/>
						</TextLine>
						<TextLine ID="line_33" HPOS="427" VPOS="1907" WIDTH="1244" HEIGHT="51">
							<String ID="string_291" HPOS="427" VPOS="1911" WIDTH="160" HEIGHT="47" WC="0.93" CONTENT="åtnjuter"/><SP WIDTH="27" VPOS="1911" HPOS="587"/>
							<String ID="string_292" HPOS="614" VPOS="1910" WIDTH="180" HEIGHT="43" WC="0.92" CONTENT="tillfrihet,"/><SP WIDTH="29" VPOS="1910" HPOS="794"/>
							<String ID="string_293" HPOS="823" VPOS="1922" WIDTH="46" HEIGHT="23" WC="0.93" CONTENT="en"/><SP WIDTH="26" VPOS="1922" HPOS="869"/>
							<String ID="string_294" HPOS="895" VPOS="1910" WIDTH="144" HEIGHT="35" WC="0.90" CONTENT="tullsats"/><SP WIDTH="27" VPOS="1910" HPOS="1039"/>
							<String ID="string_295" HPOS="1066" VPOS="1907" WIDTH="40" HEIGHT="37" WC="0.96" CONTENT="af"/><SP WIDTH="27" VPOS="1907" HPOS="1106"/>
							<String ID="string_296" HPOS="1133" VPOS="1910" WIDTH="44" HEIGHT="34" WC="0.96" CONTENT="25"/><SP WIDTH="30" VPOS="1910" HPOS="1177"/>
							<String ID="string_297" HPOS="1207" VPOS="1915" WIDTH="60" HEIGHT="28" WC="0.96" CONTENT="öre"/><SP WIDTH="26" VPOS="1915" HPOS="1267"/>
							<String ID="string_298" HPOS="1293" VPOS="1907" WIDTH="59" HEIGHT="36" WC="0.96" CONTENT="för"/><SP WIDTH="30" VPOS="1907" HPOS="1352"/>
							<String ID="string_299" HPOS="1382" VPOS="1908" WIDTH="70" HEIGHT="34" WC="0.95" CONTENT="100"/><SP WIDTH="28" VPOS="1908" HPOS="1452"/>
							<String ID="string_300" HPOS="1480" VPOS="1907" WIDTH="191" HEIGHT="47" WC="0.95" CONTENT="kilogram."/>
						</TextLine>
					</TextBlock>
					<TextBlock ID="block_6" HPOS="557" VPOS="1958" WIDTH="1023" HEIGHT="48">
						<TextLine ID="line_34" HPOS="557" VPOS="1958" WIDTH="1023" HEIGHT="48">
							<String ID="string_301" HPOS="557" VPOS="1961" WIDTH="73" HEIGHT="36" WC="0.96" CONTENT="Till"/><SP WIDTH="28" VPOS="1961" HPOS="630"/>
							<String ID="string_302" HPOS="658" VPOS="1961" WIDTH="80" HEIGHT="36" WC="0.96" CONTENT="stöd"/><SP WIDTH="27" VPOS="1961" HPOS="738"/>
							<String ID="string_303" HPOS="765" VPOS="1960" WIDTH="57" HEIGHT="36" WC="0.96" CONTENT="för"/><SP WIDTH="26" VPOS="1960" HPOS="822"/>
							<String ID="string_304" HPOS="848" VPOS="1960" WIDTH="101" HEIGHT="35" WC="0.96" CONTENT="detta"/><SP WIDTH="25" VPOS="1960" HPOS="949"/>
							<String ID="string_305" HPOS="974" VPOS="1958" WIDTH="139" HEIGHT="48" WC="0.96" CONTENT="förslag"/><SP WIDTH="28" VPOS="1958" HPOS="1113"/>
							<String ID="string_306" HPOS="1141" VPOS="1958" WIDTH="126" HEIGHT="36" WC="0.96" CONTENT="anföra"/><SP WIDTH="28" VPOS="1958" HPOS="1267"/>
							<String ID="string_307" HPOS="1295" VPOS="1958" WIDTH="285" HEIGHT="35" WC="0.96" CONTENT="motionärerna:"/>
						</TextLine>
					</TextBlock>
					<TextBlock ID="block_7" HPOS="425" VPOS="2007" WIDTH="1610" HEIGHT="255">
						<TextLine ID="line_35" HPOS="558" VPOS="2007" WIDTH="1475" HEIGHT="52">
							<String ID="string_308" HPOS="558" VPOS="2012" WIDTH="155" HEIGHT="47" WC="0.91" CONTENT="»Hvarje"/><SP WIDTH="38" VPOS="2012" HPOS="713"/>
							<String ID="string_309" HPOS="751" VPOS="2011" WIDTH="57" HEIGHT="36" WC="0.96" CONTENT="för"/><SP WIDTH="38" VPOS="2011" HPOS="808"/>
							<String ID="string_310" HPOS="846" VPOS="2009" WIDTH="150" HEIGHT="49" WC="0.89" CONTENT="Sverige"/><SP WIDTH="38" VPOS="2009" HPOS="996"/>
							<String ID="string_311" HPOS="1034" VPOS="2010" WIDTH="125" HEIGHT="48" WC="0.96" CONTENT="nyttig"/><SP WIDTH="38" VPOS="2010" HPOS="1159"/>
							<String ID="string_312" HPOS="1197" VPOS="2009" WIDTH="142" HEIGHT="46" WC="0.96" CONTENT="näring,"/><SP WIDTH="42" VPOS="2009" HPOS="1339"/>
							<String ID="string_313" HPOS="1381" VPOS="2021" WIDTH="78" HEIGHT="23" WC="0.96" CONTENT="som"/><SP WIDTH="34" VPOS="2021" HPOS="1459"/>
							<String ID="string_314" HPOS="1493" VPOS="2008" WIDTH="70" HEIGHT="35" WC="0.96" CONTENT="kan"/><SP WIDTH="33" VPOS="2008" HPOS="1563"/>
							<String ID="string_315" HPOS="1596" VPOS="2007" WIDTH="110" HEIGHT="36" WC="0.96" CONTENT="hafva"/><SP WIDTH="27" VPOS="2007" HPOS="1706"/>
							<String ID="string_316" HPOS="1733" VPOS="2008" WIDTH="63" HEIGHT="35" WC="0.96" CONTENT="sitt"/><SP WIDTH="27" VPOS="2008" HPOS="1796"/>
							<String ID="string_317" HPOS="1823" VPOS="2007" WIDTH="83" HEIGHT="36" WC="0.96" CONTENT="hem"/><SP WIDTH="28" VPOS="2007" HPOS="1906"/>
							<String ID="string_318" HPOS="1934" VPOS="2008" WIDTH="99" HEIGHT="34" WC="0.96" CONTENT="inom"/>
						</TextLine>
						<TextLine ID="line_36" HPOS="426" VPOS="2056" WIDTH="1609" HEIGHT="53">
							<String ID="string_319" HPOS="426" VPOS="2063" WIDTH="140" HEIGHT="35" WC="0.95" CONTENT="landets"/><SP WIDTH="27" VPOS="2063" HPOS="566"/>
							<String ID="string_320" HPOS="593" VPOS="2070" WIDTH="151" HEIGHT="39" WC="0.95" CONTENT="gränser"/><SP WIDTH="27" VPOS="2070" HPOS="744"/>
							<String ID="string_321" HPOS="771" VPOS="2062" WIDTH="68" HEIGHT="35" WC="0.96" CONTENT="och"/><SP WIDTH="27" VPOS="2062" HPOS="839"/>
							<String ID="string_322" HPOS="866" VPOS="2060" WIDTH="102" HEIGHT="48" WC="0.96" CONTENT="gifva"/><SP WIDTH="26" VPOS="2060" HPOS="968"/>
							<String ID="string_323" HPOS="994" VPOS="2061" WIDTH="279" HEIGHT="48" WC="0.95" CONTENT="sysselsättning"/><SP WIDTH="27" VPOS="2061" HPOS="1273"/>
							<String ID="string_324" HPOS="1300" VPOS="2062" WIDTH="38" HEIGHT="32" WC="0.95" CONTENT="åt"/><SP WIDTH="27" VPOS="2062" HPOS="1338"/>
							<String ID="string_325" HPOS="1365" VPOS="2059" WIDTH="153" HEIGHT="36" WC="0.96" CONTENT="svenska"/><SP WIDTH="27" VPOS="2059" HPOS="1518"/>
							<String ID="string_326" HPOS="1545" VPOS="2058" WIDTH="176" HEIGHT="42" WC="0.96" CONTENT="arbetare,"/><SP WIDTH="29" VPOS="2058" HPOS="1721"/>
							<String ID="string_327" HPOS="1750" VPOS="2065" WIDTH="39" HEIGHT="27" WC="0.92" CONTENT="är"/><SP WIDTH="19" VPOS="2065" HPOS="1789"/>
							<String ID="string_328" HPOS="1808" VPOS="2056" WIDTH="154" HEIGHT="48" WC="0.92" CONTENT="förtjent"/><SP WIDTH="18" VPOS="2056" HPOS="1962"/>
							<String ID="string_329" HPOS="1980" VPOS="2063" WIDTH="55" HEIGHT="30" WC="0.96" CONTENT="att"/>
						</TextLine>
						<TextLine ID="line_37" HPOS="426" VPOS="2109" WIDTH="1606" HEIGHT="51">
							<String ID="string_330" HPOS="426" VPOS="2114" WIDTH="136" HEIGHT="46" WC="0.96" CONTENT="stödjas"/><SP WIDTH="41" VPOS="2114" HPOS="562"/>
							<String ID="string_331" HPOS="603" VPOS="2113" WIDTH="67" HEIGHT="36" WC="0.96" CONTENT="och"/><SP WIDTH="29" VPOS="2113" HPOS="670"/>
							<String ID="string_332" HPOS="699" VPOS="2118" WIDTH="252" HEIGHT="42" WC="0.93" CONTENT="uppmuntras."/><SP WIDTH="53" VPOS="2118" HPOS="951"/>
							<String ID="string_333" HPOS="1004" VPOS="2111" WIDTH="110" HEIGHT="35" WC="0.96" CONTENT="Detta"/><SP WIDTH="26" VPOS="2111" HPOS="1114"/>
							<String ID="string_334" HPOS="1140" VPOS="2111" WIDTH="114" HEIGHT="46" WC="0.95" CONTENT="gäller"/><SP WIDTH="26" VPOS="2111" HPOS="1254"/>
							<String ID="string_335" HPOS="1280" VPOS="2111" WIDTH="80" HEIGHT="34" WC="0.96" CONTENT="icke"/><SP WIDTH="28" VPOS="2111" HPOS="1360"/>
							<String ID="string_336" HPOS="1388" VPOS="2110" WIDTH="112" HEIGHT="35" WC="0.96" CONTENT="minst"/><SP WIDTH="27" VPOS="2110" HPOS="1500"/>
							<String ID="string_337" HPOS="1527" VPOS="2109" WIDTH="137" HEIGHT="35" WC="0.96" CONTENT="sådana"/><SP WIDTH="27" VPOS="2109" HPOS="1664"/>
							<String ID="string_338" HPOS="1691" VPOS="2109" WIDTH="182" HEIGHT="45" WC="0.96" CONTENT="näringar,"/><SP WIDTH="28" VPOS="2109" HPOS="1873"/>
							<String ID="string_339" HPOS="1901" VPOS="2120" WIDTH="131" HEIGHT="35" WC="0.95" CONTENT="genom"/>
						</TextLine>
						<TextLine ID="line_38" HPOS="426" VPOS="2158" WIDTH="1608" HEIGHT="50">
							<String ID="string_340" HPOS="426" VPOS="2164" WIDTH="125" HEIGHT="35" WC="0.95" CONTENT="hvilka"/><SP WIDTH="41" VPOS="2164" HPOS="551"/>
							<String ID="string_341" HPOS="592" VPOS="2163" WIDTH="117" HEIGHT="36" WC="0.93" CONTENT="medel"/><SP WIDTH="39" VPOS="2163" HPOS="709"/>
							<String ID="string_342" HPOS="748" VPOS="2162" WIDTH="256" HEIGHT="46" WC="0.92" CONTENT="frambringas,"/><SP WIDTH="43" VPOS="2162" HPOS="1004"/>
							<String ID="string_343" HPOS="1047" VPOS="2174" WIDTH="78" HEIGHT="23" WC="0.96" CONTENT="som"/><SP WIDTH="43" VPOS="2174" HPOS="1125"/>
							<String ID="string_344" HPOS="1168" VPOS="2168" WIDTH="61" HEIGHT="28" WC="0.93" CONTENT="äro"/><SP WIDTH="27" VPOS="2168" HPOS="1229"/>
							<String ID="string_345" HPOS="1256" VPOS="2159" WIDTH="150" HEIGHT="37" WC="0.90" CONTENT="afsedda"/><SP WIDTH="28" VPOS="2159" HPOS="1406"/>
							<String ID="string_346" HPOS="1434" VPOS="2165" WIDTH="54" HEIGHT="29" WC="0.96" CONTENT="att"/><SP WIDTH="26" VPOS="2165" HPOS="1488"/>
							<String ID="string_347" HPOS="1514" VPOS="2159" WIDTH="68" HEIGHT="35" WC="0.96" CONTENT="öka"/><SP WIDTH="27" VPOS="2159" HPOS="1582"/>
							<String ID="string_348" HPOS="1609" VPOS="2159" WIDTH="68" HEIGHT="35" WC="0.96" CONTENT="den"/><SP WIDTH="30" VPOS="2159" HPOS="1677"/>
							<String ID="string_349" HPOS="1707" VPOS="2158" WIDTH="154" HEIGHT="35" WC="0.96" CONTENT="svenska"/><SP WIDTH="23" VPOS="2158" HPOS="1861"/>
							<String ID="string_350" HPOS="1884" VPOS="2158" WIDTH="150" HEIGHT="47" WC="0.96" CONTENT="jordens"/>
						</TextLine>
						<TextLine ID="line_39" HPOS="425" VPOS="2208" WIDTH="1610" HEIGHT="54">
							<String ID="string_351" HPOS="425" VPOS="2214" WIDTH="206" HEIGHT="48" WC="0.92" CONTENT="bördighet,"/><SP WIDTH="42" VPOS="2214" HPOS="631"/>
							<String ID="string_352" HPOS="673" VPOS="2217" WIDTH="38" HEIGHT="32" WC="0.96" CONTENT="så"/><SP WIDTH="38" VPOS="2217" HPOS="711"/>
							<String ID="string_353" HPOS="749" VPOS="2218" WIDTH="54" HEIGHT="30" WC="0.96" CONTENT="att"/><SP WIDTH="39" VPOS="2218" HPOS="803"/>
							<String ID="string_354" HPOS="842" VPOS="2212" WIDTH="121" HEIGHT="36" WC="0.92" CONTENT="denna"/><SP WIDTH="38" VPOS="2212" HPOS="963"/>
							<String ID="string_355" HPOS="1001" VPOS="2211" WIDTH="250" HEIGHT="47" WC="0.85" CONTENT="frambringar"/><SP WIDTH="40" VPOS="2211" HPOS="1251"/>
							<String ID="string_356" HPOS="1291" VPOS="2211" WIDTH="173" HEIGHT="46" WC="0.85" CONTENT="rikligare"/><SP WIDTH="41" VPOS="2211" HPOS="1464"/>
							<String ID="string_357" HPOS="1505" VPOS="2209" WIDTH="162" HEIGHT="36" WC="0.96" CONTENT="skördar."/><SP WIDTH="55" VPOS="2209" HPOS="1667"/>
							<String ID="string_358" HPOS="1722" VPOS="2208" WIDTH="68" HEIGHT="36" WC="0.96" CONTENT="För"/><SP WIDTH="40" VPOS="2208" HPOS="1790"/>
							<String ID="string_359" HPOS="1830" VPOS="2215" WIDTH="54" HEIGHT="29" WC="0.96" CONTENT="att"/><SP WIDTH="27" VPOS="2215" HPOS="1884"/>
							<String ID="string_360" HPOS="1911" VPOS="2210" WIDTH="124" HEIGHT="34" WC="0.96" CONTENT="kunna"/>
						</TextLine>
					</TextBlock>
				</ComposedBlock>
			</PrintSpace>
		</Page>
	</Layout>
</alto>
