2224 2642
627 148 349 43 Bevillningsutskottets
1002 148 200 32 Betänkande
1225 148 62 32 N:o
1312 150 51 31 15.
1722 150 40 31 23

191 238 123 36 istrets
355 237 217 48 utgifvande
612 237 57 37 för
711 238 179 47 naturligt
929 238 80 36 bäst
1037 238 131 35 vinnas
1195 250 136 35 genom
1360 251 43 23 en
1428 237 234 49 lagstiftning
1689 238 112 37 sådan

191 301 76 24 som
296 288 82 44 den,
409 289 147 36 hvilken
585 288 58 36 för
670 289 230 36 närvarande
928 296 39 28 är
994 288 172 48 gällande
1194 288 190 47 angående
1412 289 157 36 kontroll
1597 292 21 32 å
1636 289 167 35 tillverk-

191 340 90 47 ning
321 339 41 36 af
396 340 185 48 margarin
626 345 95 31 samt
756 344 21 32 å
808 334 157 42 handeln
999 339 161 44 dermed,
1199 353 82 22 men
1310 353 44 22 en
1382 340 147 36 tullsats
1557 338 41 37 af
1623 340 180 48 tillbörlig

190 391 134 35 storlek
353 391 67 35 bör
446 390 94 36 dock
568 391 12 35 i
609 394 120 44 någon
758 394 84 32 mån
870 390 192 36 förhindra
1089 390 175 37 införseln
1293 390 41 36 af
1357 390 68 37 den
1456 390 195 37 utländska
1677 404 124 31 varan,

191 441 147 36 hvilken
377 441 172 36 särskildt
590 442 96 35 visat
717 442 57 47 sig
802 454 88 23 vara
918 441 39 36 af
982 441 99 47 dålig
1108 440 263 44 beskaffenhet,
1399 447 94 30 samt
1521 441 208 36 underlätta
1758 442 44 35 de

189 492 192 36 inhemska
421 492 341 46 svinslagteriernas
790 492 211 36 sträfvande
1028 497 56 30 att
1112 492 113 35 vinna
1252 492 207 48 afsättning
1486 492 59 36 för
1573 492 71 36 den
1672 498 130 30 natur-

189 543 74 47 liga
291 556 124 23 varan.

323 593 126 48 Enligt
476 594 94 35 hvad
600 594 98 35 inom
728 594 180 35 utskottet
936 592 122 37 blifvit
1086 594 162 48 upplyst,
1279 594 66 35 har
1371 593 63 36 fall
1463 593 246 44 förekommit,
1738 593 66 36 der

188 645 400 48 generaltullstyrelsen
616 644 190 45 förklarat,
826 650 55 29 att
898 644 235 48 konstgjordt
1152 645 89 34 ister
1259 644 118 36 skulle
1395 644 269 36 tullbehandlas
1684 648 118 32 såsom

188 695 134 36 sådana
350 708 118 31 varor,
497 708 77 22 mer
601 696 89 35 eller
717 695 142 36 mindre
887 695 228 42 bearbetade,
1145 708 75 22 som
1248 695 80 36 icke
1351 696 125 34 kunna
1495 695 172 36 hänföras
1686 695 117 36 under

188 749 119 44 någon
337 746 42 35 af
403 746 44 36 de
474 747 12 35 i
513 747 185 34 tulltaxan
728 751 187 43 upptagna
942 746 282 44 bestämmelser,
1254 746 66 36 och
1349 746 150 35 sålunda
1527 746 114 48 draga
1668 760 43 22 en
1731 747 70 35 tull

188 796 39 35 af
255 799 43 33 15
329 803 151 42 procent
507 796 39 35 af
570 796 138 36 värdet.
763 797 55 35 Då
846 798 111 46 priset
985 801 45 43 på
1057 796 236 48 konstgjordt
1320 797 90 35 ister
1437 802 108 42 utgör
1564 797 170 48 omkring
1755 799 46 34 60

187 854 60 28 öre
288 847 58 36 för
378 848 190 47 kilogram,
603 853 109 41 utgör
739 847 227 47 tullafgiften
995 847 57 35 för
1080 847 120 35 denna
1227 861 88 22 vara
1342 848 115 47 enligt
1484 847 161 36 nämnda
1672 848 130 35 beräk-

188 898 233 48 ningsgrund
462 899 152 35 allenast
655 901 20 33 9
716 905 61 29 öre
818 897 58 36 för
909 898 193 47 kilogram.
1157 897 50 36 På
1239 898 45 35 de
1311 899 78 34 skäl
1416 911 76 22 som
1522 897 110 36 ofvan
1662 898 140 36 anförts

187 949 65 34 har
280 949 179 35 utskottet
487 949 94 35 dock
609 955 130 37 ansett,
769 954 53 30 att
849 962 45 22 en
923 949 110 47 högre
1060 949 147 35 tullsats
1236 949 67 35 här
1331 956 41 28 är
1397 949 158 47 behöflig
1573 949 66 35 och
1659 955 52 29 att
1730 949 71 36 den

186 998 57 37 för
283 1000 89 35 ister
407 999 168 48 gällande
613 1000 192 35 tullsatsen
845 999 40 36 af
924 1001 46 34 20
1002 1006 61 29 öre
1096 999 58 36 för
1181 1000 180 47 kilogram
1390 1000 66 35 bör
1482 1000 98 47 gälla
1607 999 106 36 äfven
1743 999 59 36 för

187 1050 234 47 konstgjordt
461 1050 88 36 ister
586 1050 66 35 och
695 1050 92 36 flott.
844 1050 53 36 Då
936 1050 61 36 det
1036 1050 203 36 emellertid
1273 1063 109 37 synes
1410 1049 109 37 hafva
1547 1051 97 35 varit
1670 1050 130 36 tvifvel

186 1101 277 43 underkastadt,
505 1101 93 35 huru
641 1101 322 36 bestämmelserna
1001 1101 13 35 i
1045 1101 171 46 gällande
1244 1102 161 35 tulltaxa
1431 1101 12 35 i
1467 1101 102 36 detta
1597 1101 204 36 hänseende

187 1152 192 46 rätteligen
421 1152 100 35 skola
561 1152 133 43 tolkas,
737 1164 110 37 synes
887 1152 61 35 det
986 1152 89 35 böra
1115 1152 249 48 uttryckligen
1395 1152 158 48 stadgas,
1582 1157 54 30 att
1662 1165 139 23 samma

186 1203 147 35 tullsats
374 1203 91 36 skall
505 1203 98 46 gälla
642 1201 58 37 för
739 1204 89 34 ister
868 1203 65 34 och
973 1203 93 42 flott,
1100 1215 85 23 vare
1214 1203 57 46 sig
1298 1203 63 35 det
1388 1210 39 28 är
1455 1203 232 46 konstgjordt
1713 1204 88 34 eller

186 1253 190 47 naturligt.
430 1253 225 46 Härigenom
684 1253 129 35 vinnes
835 1253 138 46 jemväl
1001 1266 43 22 en
1073 1252 141 36 lättnad
1234 1253 12 35 i
1266 1253 533 47 tullbehandlingshänseende,

186 1311 86 27 enär
312 1303 234 47 konstgjordt
586 1304 89 35 ister
703 1304 11 34 i
742 1307 135 42 många
903 1302 62 36 fall
994 1310 40 28 är
1061 1306 100 32 svårt
1188 1309 54 29 att
1269 1304 108 46 skilja
1404 1303 78 35 från
1514 1303 61 35 det
1604 1304 194 47 naturliga.

320 1353 188 36 Utskottet
535 1354 211 35 hemställer
773 1355 118 42 alltså,

725 1452 73 48 9:0)
839 1460 53 30 att
933 1454 207 47 Riksdagen
1169 1458 113 32 måtte
1310 1455 152 44 besluta,
1491 1460 55 30 att
1573 1455 68 36 den
1671 1456 12 34 i
1710 1456 88 35 tull-

590 1513 113 29 taxan
744 1505 297 36 förekommande
1083 1505 177 36 rubriken
1295 1507 122 34 »>ister»
1445 1507 90 34 skall
1565 1506 137 36 erhålla
1727 1505 71 37 föl-

584 1557 112 47 jande
724 1555 222 37 förändrade
973 1556 155 49 lydelse:

589 1633 95 35 Ister
710 1632 60 35 och
791 1625 74 59 flott
884 1629 156 47 (smult),
1060 1631 110 36 äfven
1191 1631 242 49 konstgjordt,
1458 1634 14 33 1
1491 1632 180 45 kilogram
1688 1634 33 34 0:
1739 1633 57 34 20.

321 1860 125 47 Enligt
486 1859 169 50 gällande
697 1859 158 36 tulltaxa
895 1858 271 37 tullbehandlas
1207 1858 108 37 kulör
1342 1860 88 35 eller
1452 1871 26 24 s.
1510 1859 33 35 k.
1574 1860 220 43 vintinktur,

188 1924 76 24 som
307 1912 80 35 icke
428 1911 202 35 innehåller
670 1910 102 48 sprit,
806 1913 118 33 såsom
958 1910 101 48 sirup
1088 1910 66 35 och
1182 1909 133 47 drager
1341 1910 152 35 sålunda
1521 1923 45 22 en
1595 1911 141 35 tullsats
1760 1911 40 35 af

191 1964 43 33 10
263 1967 62 31 öre
353 1961 58 36 för
438 1962 192 46 kilogram.
684 1961 94 35 Herr
806 1961 137 36 Milson
971 1960 152 36 föreslår
1151 1974 49 22 nu
1232 1961 12 34 i
1270 1961 53 35 sin
1351 1959 266 37 ofvanberörda
1642 1961 152 43 motion,

188 2017 53 30 att
268 2012 159 36 nämnda
455 2013 77 45 slag
555 2012 40 35 af
620 2012 116 42 kulör,
765 2012 12 34 i
805 2011 180 35 tulltaxan
1015 2010 181 36 benämnd
1217 2011 125 35 »kulör
1360 2011 88 35 eller
1467 2023 26 23 s.
1515 2012 34 34 k.
1571 2012 222 34 vintinktur:

188 2075 138 23 annan»
369 2065 111 33 måtte
521 2065 134 32 åsättas
695 2074 44 22 en
767 2062 144 35 tullsats
939 2061 39 35 af
1007 2062 76 42 23,5
1111 2067 61 29 öre
1199 2060 58 35 för
1285 2061 188 47 kilogram.
1528 2061 70 35 Till
1629 2061 80 35 stöd
1737 2061 59 35 för

189 2113 118 35 denna
335 2112 273 46 framställning
635 2110 105 36 anför
767 2112 84 34 herr
878 2110 145 36 Nilson:

323 2162 143 35 >Under
492 2174 126 23 senare
646 2164 84 32 åren
760 2161 66 35 har
853 2160 337 46 tullagstiftningen
1218 2166 104 42 synts
1341 2160 119 49 åsyfta
1479 2174 44 22 en
1544 2167 250 41 uppmuntran

188 2213 40 36 af
252 2212 165 36 inhemsk
447 2211 234 48 produktion,
710 2211 65 35 och
804 2211 171 35 särskildt
1005 2211 63 34 har
1099 2223 82 22 man
1210 2211 91 46 tagit
1331 2211 138 48 hänsyn
1498 2211 135 43 dertill,
1662 2217 53 29 att
1742 2217 53 30 ett

1856 1872 98 28 Kulör.
