2216 2628
421 185 118 32 Andra
561 184 216 33 Kammarens
803 182 177 44 Tillfälliga
1008 183 139 33 Utskotts
1168 183 77 40 (N:o
1270 184 33 40 1)
1330 183 169 33 Utlåtande
1522 183 63 32 N:o
1610 185 49 32 19.
1776 184 17 31 1

948 434 88 49 N:o
1069 434 65 49 19.

787 549 82 29 Ank.
894 549 48 29 till
965 549 110 30 Riksd.
1100 548 103 30 kansli
1226 548 59 29 den
1311 550 39 29 16
1373 557 80 19 mars
1480 550 93 31 1904,
1597 547 43 29 kl.
1665 550 18 28 3
1707 558 24 19 e.
1754 557 40 19 m.

440 637 131 36 Andra
608 637 244 36 Kammarens
885 637 126 43 första
1054 636 192 45 tillfälliga
1285 636 148 35 utskotts
1461 635 188 36 utlåtande
1677 646 56 24 n:o
1762 636 36 45 5,
1825 636 15 34 i

642 706 197 46 anledning
882 706 48 44 af
965 707 104 35 väckt
1108 707 134 34 motion
1284 717 54 23 om
1378 704 190 44 skrifvelse
1609 704 56 35 till
1699 703 138 46 Kungl.

641 775 114 45 Maj:t
770 776 183 44 angående
968 776 307 44 undervisningen
1289 786 54 24 om
1360 774 42 36 de
1416 773 238 45 rusgifvande
1666 778 174 31 ämnenas

641 847 110 32 natur
778 845 63 34 och
870 845 231 45 verkningar.

371 938 17 36 I
430 952 47 24 en
517 939 105 36 inom
663 938 127 36 Andra
830 938 231 37 Kammaren
1102 938 115 36 väckt
1257 936 157 48 motion,
1457 950 62 23 n:o
1558 938 60 46 51,
1654 936 69 36 har
1750 936 92 37 herr

239 992 43 35 P.
312 992 188 36 Hörnstén
528 990 211 49 föreslagit,
769 994 56 32 att
852 990 221 49 Riksdagen
1096 992 119 34 måtte
1235 988 12 37 i
1267 988 200 37 skrifvelse
1487 987 60 37 till
1566 988 143 49 Kungl.
1729 988 113 49 Maj:t

241 1042 161 48 anhålla,
432 1043 64 36 det
522 1042 151 37 täcktes
701 1042 142 49 Kungl.
872 1041 111 49 Maj:t
1010 1042 158 48 vidtaga
1195 1041 117 37 sådan
1342 1040 164 49 ändring
1528 1040 14 36 i
1562 1040 131 49 kungl.
1715 1040 124 37 cirku-

240 1095 97 36 läret
366 1095 40 36 af
431 1095 73 36 den
533 1096 24 34 4
576 1094 207 36 november
804 1094 98 36 1892
923 1093 197 49 angående
1139 1092 281 49 undervisning
1440 1105 62 24 om
1521 1092 47 36 de
1587 1091 252 50 rusgifvande

242 1151 181 32 ämnenas
458 1151 113 32 natur
600 1146 71 36 och
699 1145 246 49 verkningar,
975 1150 55 32 att
1058 1146 123 36 denna
1208 1144 279 48 undervisning
1514 1146 118 35 måtte
1659 1143 182 50 påbörjas

240 1198 120 37 redan
396 1198 13 36 i
446 1198 216 36 småskolan
695 1197 86 37 med
813 1197 161 49 lämplig
1003 1196 416 49 åskådningsmateriel,
1450 1201 56 30 att
1533 1195 106 49 dylik
1666 1196 172 36 materiel

242 1252 61 34 må
339 1250 13 36 i
387 1250 124 48 öfriga
544 1249 129 37 skolor
701 1249 194 36 användas
923 1249 71 36 och
1021 1248 328 48 undervisningen
1376 1247 12 36 i
1417 1247 119 49 öfrigt
1565 1250 41 33 så
1634 1247 205 47 meddelas,

243 1306 54 31 att
333 1301 64 36 vid
434 1302 147 48 afgång
617 1300 85 37 från
737 1300 203 45 folkskola,
977 1300 241 36 seminarium
1247 1299 91 36 eller
1364 1298 188 48 läroverk,
1581 1299 122 49 betyg
1731 1299 110 36 öfver

242 1353 175 48 kunskap
445 1353 13 35 i
485 1357 129 32 ämnet
641 1355 61 33 må
729 1352 129 36 kunna
884 1351 139 49 gifvas,
1053 1356 99 32 samt
1180 1356 56 31 att
1263 1350 64 37 vid
1350 1350 245 37 läroböckers
1614 1350 226 49 utgifvande

242 1405 91 36 eller
369 1404 271 37 omarbetande
677 1404 150 36 krafvet
864 1407 48 46 på
949 1417 47 23 en
1032 1403 219 37 effektivare
1283 1402 283 49 undervisning
1594 1415 60 23 om
1683 1402 46 36 de
1756 1415 83 23 rus-

241 1456 183 48 gifvande
453 1456 70 37 och
551 1455 222 37 narkotiska
801 1460 182 32 ämnenas
1008 1455 235 48 verkningar
1269 1454 65 37 allt
1352 1454 125 37 bättre
1496 1454 237 49 tillgodoses,
1755 1454 84 47 och,

242 1510 127 35 därest
405 1508 289 37 förhållandena
726 1507 133 37 sådant
887 1507 207 48 föranleda,
1122 1506 59 37 till
1208 1505 220 50 Riksdagen
1455 1506 195 36 inkomma
1677 1506 86 37 med
1792 1506 48 36 de

241 1560 145 48 förslag
415 1560 11 36 i
454 1565 142 42 ämnet,
624 1559 144 49 Kungl.
798 1559 109 50 Maj:t
936 1572 109 24 anser
1074 1559 41 37 af
1140 1559 180 36 behofvet
1348 1558 211 49 påkallade.

370 1611 131 37 Såsom
534 1611 120 37 motiv
682 1612 59 35 för
769 1611 104 37 detta
900 1611 147 49 förslag
1074 1611 70 36 har
1171 1610 40 36 af
1236 1610 236 36 motionären
1503 1610 158 46 anförts,
1690 1614 57 31 att
1774 1609 66 36 det

239 1663 227 36 omnämnda
508 1663 131 48 kungl.
684 1663 205 37 cirkuläret
923 1663 74 36 den
1032 1664 24 34 4
1089 1662 209 36 november
1334 1663 110 45 1892,
1473 1661 60 36 till
1560 1661 147 36 hvilket
1735 1665 105 32 stora

239 1714 304 49 förhoppningar
585 1713 65 37 vid
692 1714 85 36 dess
813 1713 229 37 utfärdande
1079 1713 152 47 knötos,
1269 1713 12 35 i
1315 1712 270 49 verkligheten
1614 1712 100 36 burit
1741 1712 100 36 blott

237 1766 113 49 ringa
368 1767 116 46 frukt,
506 1769 126 33 såsom
652 1765 12 36 i
684 1766 211 48 synnerhet
913 1765 65 36 vid
997 1765 60 36 för
1072 1764 216 36 ändamålet
1304 1763 178 37 särskildt
1498 1763 187 37 anställda
1698 1763 140 36 under-

239 1817 209 49 sökningar
487 1818 100 36 visat
619 1817 77 49 sig;
732 1822 54 31 att
815 1830 104 23 mera
946 1816 199 49 praktiska
1174 1815 180 49 åtgärder
1383 1815 12 36 i
1424 1815 65 37 det
1517 1815 87 36 med
1633 1814 207 37 cirkuläret

239 1869 154 37 afsedda
434 1870 118 48 syftet
587 1869 129 36 därför
750 1882 91 23 vore
878 1869 39 36 af
948 1868 137 47 nöden,
1122 1867 179 49 åtgärder
1328 1867 182 36 liknande
1539 1866 98 48 dem,
1666 1866 131 37 hvilka
1825 1867 14 35 i

237 1921 102 36 vissa
369 1921 116 36 andra
513 1921 146 47 länder,
689 1924 123 33 såsom
840 1920 189 49 England,
1059 1919 226 47 Frankrike,
1314 1918 276 37 Nordamerika
1618 1918 70 37 och
1708 1919 132 48 Norge

237 1973 58 36 för
332 1986 143 22 samma
513 1972 175 36 ändamål
724 1972 128 36 blifvit
887 1972 199 47 vidtagna;
1117 1976 54 31 att
1200 1970 413 49 åskådningsmateriel
1642 1970 70 36 och
1741 1970 96 36 läro-

236 2023 150 48 böcker,
417 2024 157 36 afsedda
602 2024 60 35 för
690 2023 327 48 undervisningen
1047 2036 61 23 om
1134 2023 47 35 de
1201 2022 250 47 rusgifvande
1471 2022 234 48 dryckernas
1725 2026 114 31 natur

237 2076 69 37 och
344 2075 236 48 verkningar
616 2088 159 23 numera
807 2075 120 48 jämte
961 2087 48 23 en
1044 2073 187 48 rikhaltig
1265 2072 198 37 litteratur
1489 2073 12 35 i
1530 2072 119 48 öfrigt
1676 2073 163 35 rörande

236 2126 251 38 omhandlade
531 2131 112 31 ämne
672 2127 140 35 funnes
846 2130 54 31 att
927 2125 110 48 tillgå
1066 2125 71 36 och
1166 2123 116 37 borde
1312 2124 151 36 komma
1491 2124 58 35 till
1578 2123 259 48 användning,

235 2185 97 31 samt
369 2183 54 32 att
460 2178 65 36 det
556 2177 280 37 ofvanberörda
864 2176 207 37 cirkuläret
1099 2175 74 36 den
1202 2177 23 33 4
1253 2175 210 36 november
1495 2176 110 45 1892,
1635 2174 111 36 äfven
1776 2188 61 22 om

236 2232 64 35 det
327 2231 58 36 till
413 2229 92 37 fullo
534 2228 252 49 tillämpades,
815 2228 85 36 icke
928 2227 111 49 fyller
1068 2227 150 36 krafvet
1246 2227 11 35 i
1286 2229 68 33 vår
1380 2226 56 36 tid
1456 2229 48 46 på
1524 2239 47 23 en
1586 2228 168 44 praktisk
1774 2228 65 34 och

235 2284 143 42 effektiv
404 2280 280 48 undervisning
711 2280 11 35 i
751 2281 111 47 fråga
891 2293 58 22 om
979 2278 216 37 rusmedlen
1225 2278 69 36 och
1323 2282 101 32 ännu
1446 2277 148 37 mindre
1615 2277 11 36 i
1647 2277 109 48 fråga
1776 2291 61 21 om

321 2342 72 32 Bih.
420 2343 49 31 till
493 2340 112 33 Riksd.
629 2340 86 31 Prot.
744 2340 94 32 1904.
884 2341 21 31 8
929 2340 97 31 Saml.
1047 2341 21 30 2
1087 2338 79 41 Afd.
1183 2340 21 30 2
1226 2338 99 32 Band.
1343 2339 42 32 19
1397 2337 94 41 Häft.
1511 2338 90 40 (N:is
1615 2339 41 31 19
1668 2337 106 35 0.20.)
1821 2338 14 30 1
