1882 2810
311 167 64 30 160

725 166 288 35 Statsutskottets
1036 168 180 34 utlåtande
1239 180 41 22 nr
1304 172 76 38 2/3.

997 248 449 43 Avlöningsstat.

631 319 30 31 1.
685 316 215 43 Avlöningar
928 318 53 34 till
1011 318 172 35 ordinarie
1211 319 226 42 tjänstemän,

684 369 203 42 förslaägsViS
918 398 505 7 sossrsrsrrrerererrrrsr
1346 365 80 51 rer
1454 372 129 34 kronor
1641 375 65 31 374
1721 375 65 31 000

628 425 32 30 2.
684 422 165 34 Arvoden
883 424 67 33 och
988 424 170 35 särskilda
1193 426 244 43 ersättningar,

686 475 185 35 bestämda
886 489 47 21 av
947 477 132 42 Kungl.
1096 478 121 42 Maj:t,
1231 479 204 41 förslagsvis
1471 471 18 54 —
1516 494 16 16 »
1640 483 64 30 177
1719 483 65 30 600

628 531 31 30 3.
682 528 216 43 Avlöningar
942 530 53 34 till
1040 531 98 43 övrig
1171 531 265 35 icke-ordinarie

684 583 172 40 personal,
874 583 203 42 förslagsvis
1102 611 325 8 ....s...ss.ssses.
1517 600 16 15 »
1607 588 98 31 1307
1720 589 63 30 100

626 637 32 30 4.
682 634 137 43 Rörligt
839 635 130 44 tillägg,
987 636 200 43 förslagsvis
1214 665 211 7 ..........
1516 655 16 16 »
1639 644 65 31 202
1719 645 65 30 900

1281 700 148 35 Summa
1451 702 129 34 kronor
1604 706 20 30 2
1638 707 62 30 061
1716 707 79 36 600;

670 785 52 33 30.
757 785 53 35 till
851 785 392 45 Universitetssjukhus:
1276 788 381 43 Serafimerlasarettet:
1690 791 105 35 Avlö-

627 837 124 42 ningar
773 838 54 34 för
850 839 210 42 budgetåret
1085 841 155 42 1946/47
1263 842 111 33 under
1397 843 148 34 åttonde
1565 843 229 34 huvudtiteln

628 891 121 34 anvisa
768 896 54 29 ett
841 891 270 45 förslagsanslag
1128 907 46 21 av
1193 898 19 29 2
1227 898 63 30 061
1307 899 66 30 600
1393 895 141 41 kronor;

668 962 53 33 31.
741 962 53 34 till
819 963 393 44 Universitetssjukhus:
1231 966 378 42 Serafimerlasarettet:
1630 969 163 34 Omkost-

626 1014 108 34 nader
757 1015 54 34 för
838 1016 210 42 budgetåret
1076 1018 156 43 1946/47
1257 1019 112 34 under
1392 1020 147 35 åttonde
1563 1021 229 34 huvudtiteln

628 1068 122 34 anvisa
766 1074 54 28 ett
836 1069 269 44 förslagsanslag
1122 1084 46 21 av
1187 1075 96 31 1650
1299 1077 65 30 000
1381 1073 140 41 kronor;

666 1139 54 33 32.
738 1140 176 42 medgiva,
931 1146 54 29 att
1002 1142 61 33 vid
1080 1143 177 42 utgången
1274 1156 46 21 av
1337 1144 206 43 budgetåret
1562 1146 154 43 1945/46
1735 1147 56 34 be-

621 1190 115 44 fintlig
756 1193 213 34 reservation
988 1195 22 32 å
1033 1194 61 35 det
1114 1201 117 28 senast
1251 1195 53 35 för
1325 1196 208 43 budgetåret
1554 1199 155 39 1941/42
1731 1212 60 22 an-

621 1244 120 35 visade
763 1246 389 44 reservationsanslaget
1172 1248 55 35 till
1249 1249 394 44 Universitetssjukhus:
1667 1252 123 35 Serafi-

621 1298 265 34 merlasarettet:
905 1299 100 34 Vissa
1023 1312 72 22 om-
1114 1301 65 33 och
1197 1301 381 44 tillbyggnadsarbeten
1594 1305 55 34 för
1664 1306 126 34 anord-

620 1350 115 33 nande
755 1363 45 21 av
819 1363 43 21 en
881 1353 281 42 neurokirurgisk
1179 1354 112 34 klinik
1310 1368 47 21 m.
1376 1368 49 24 m.
1443 1357 57 33 må
1520 1358 199 43 disponeras
1739 1360 50 34 in-

620 1402 52 34 till
689 1403 176 43 utgången
882 1416 46 22 av
944 1405 207 43 budgetåret
1169 1410 85 31 1946
1259 1407 78 43 /47;

664 1474 54 34 33.
732 1474 53 34 till
803 1474 272 37 Gemensamma
1090 1478 403 37 universitetsändamål:
1508 1482 280 44 Forskarstipen-

620 1525 73 35 dier
706 1526 53 42 för
774 1527 166 35 docenter
954 1529 62 34 vid
1030 1530 251 35 universiteten
1294 1533 13 34 i
1357 1534 122 42 Uppsala
1495 1535 65 34 och
1576 1535 105 36 Lund
1694 1541 95 30 samt

621 1578 199 35 karolinska
861 1581 354 44 mediko-kirurgiska
1256 1584 182 36 institutet
1482 1587 53 34 för
1580 1588 206 43 budgetåret

623 1632 155 43 1946/47
803 1634 112 34 under
940 1636 147 34 åttonde
1113 1637 229 35 huvudtiteln
1369 1640 123 35 anvisa
1516 1646 53 29 ett
1596 1642 120 43 anslag
1741 1655 46 21 av

623 1688 63 30 114
700 1689 64 31 800
782 1686 142 42 kronor;

662 1757 52 33 34.
732 1757 148 42 besluta,
898 1764 55 29 att
970 1764 51 30 ett
1039 1761 138 43 statligt
1193 1765 366 44 naturvetenskapligt
1574 1766 211 45 forsknings-

617 1809 61 33 råd
694 1809 85 34 skall
795 1811 148 34 inrättas
958 1812 77 34 från
1050 1814 65 33 och
1129 1815 82 33 med
1226 1816 209 43 budgetåret
1452 1819 155 43 1946/47
1622 1821 11 33 i
1648 1821 137 34 huvud-

619 1862 111 43 saklig
748 1866 349 34 överensstämmelse
1116 1868 82 33 med
1216 1869 71 33 vad
1308 1869 387 43 departementschefen
1716 1873 68 34 för-

616 1915 113 40 ordat;

660 1978 52 33 39.
729 1977 52 35 till
823 1983 116 31 Statens
953 1983 367 44 naturvetenskapliga
1335 1985 277 45 forskningsråd:
1625 1990 158 34 Förvalt-

616 2029 294 42 ningskostnader
930 2032 54 35 för
1006 2034 210 43 budgetåret
1242 2038 156 42 1946/47
1422 2040 108 34 under
1552 2042 146 34 åttonde
1720 2043 61 33 hu-

617 2084 176 34 vudtiteln
813 2086 124 34 anvisa
957 2092 53 28 ett
1029 2087 269 46 förslagsanslag
1318 2104 47 21 av
1386 2096 43 31 27
1443 2097 65 31 000
1527 2094 140 40 kronor;

658 2146 52 33 36.
734 2146 52 35 till
809 2147 144 35 Statens
974 2152 369 44 naturvetenskapliga
1363 2154 276 45 forskningsråd:
1661 2159 121 34 Främ-

612 2197 107 43 jande
738 2212 44 21 av
803 2203 348 44 naturvetenskaplig
1170 2206 183 44 forskning
1373 2208 54 34 för
1446 2209 205 44 budgetåret
1672 2213 109 42 1946/

616 2254 43 31 47
676 2253 110 33 under
803 2254 149 35 åttonde
967 2255 230 37 huvudtiteln
1215 2259 123 35 anvisa
1356 2266 53 29 ett
1426 2264 356 43 reservationsanslag

616 2317 47 21 av
682 2309 14 28 1
714 2309 64 31 000
793 2310 66 31 000
878 2307 140 42 kronor;

656 2367 53 33 37.
733 2368 52 33 till
808 2367 284 44 Flygmedicinsk
1113 2373 183 45 forskning
1318 2375 54 35 för
1394 2377 207 44 budgetåret
1625 2380 155 43 1946/47

611 2419 110 34 under
739 2420 146 36 åttonde
902 2422 228 37 huvudtiteln
1152 2427 122 34 anvisa
1293 2434 52 29 ett
1365 2432 351 44 reservationsanslag
1735 2446 45 22 av

612 2475 65 31 390
692 2476 64 31 000
780 2474 141 42 kronor;
