1884 2810
90 561 141 28 Utskottet.

288 163 63 30 118
705 165 290 36 Statsutskottets
1018 168 183 34 utlåtande
1225 180 41 23 nr
1285 173 74 38 243.

332 241 19 33 I
377 241 56 34 det
456 242 201 43 föregående
680 244 63 34 har
767 245 59 43 jag
853 246 56 34 vid
936 248 158 33 anmälan
1120 261 44 21 av
1189 250 358 42 naturvetenskapliga
1572 250 205 44 forsknings-

285 284 223 36 kommitténs
524 288 123 42 förslag
662 289 165 42 tillstyrkt
843 290 183 35 anvisande
1044 305 45 20 av
1106 293 89 33 vissa
1211 294 265 42 engångsanslag
1493 295 49 33 till
1559 300 218 29 naturveten-

286 329 151 43 skapliga
455 331 228 35 institutioner
702 333 58 33 vid
779 334 117 34 Lunds
915 335 196 36 universitet
1131 338 19 32 å
1170 337 141 43 tillhopa
1336 342 63 29 102
1414 342 65 30 000
1500 339 134 34 kronor.

331 373 165 35 Nämnda
519 377 61 32 två
604 376 121 43 belopp
750 379 21 32 å
795 378 222 35 tillsammans
1048 381 80 41 (102
1143 384 65 30 000
1225 385 39 37 +
1283 385 63 30 175
1361 386 65 30 000
1443 384 55 40 =)
1530 387 65 30 277
1609 387 65 30 000
1700 384 77 34 kro-

285 429 63 21 nor
369 419 97 33 torde
489 419 82 34 böra
594 421 132 34 anvisas
751 423 112 33 såsom
887 427 48 30 ett
959 425 339 43 reservationsanslag
1324 426 107 33 under
1454 427 159 34 rubriken
1639 428 138 34 »Lunds

285 461 207 36 universitet:
512 464 280 45 Engångsanslag
809 466 52 34 för
881 467 88 34 vissa
987 469 254 43 vetenskapliga
1261 470 259 35 institutioner».

332 560 86 34 Med
442 560 138 43 hänsyn
603 562 52 33 till
679 563 67 33 den
770 564 222 42 ståndpunkt
1016 566 177 34 utskottet
1216 567 10 33 i
1251 567 59 34 det
1335 567 208 43 föregående
1566 569 127 43 intagit
1717 570 55 34 till

284 612 121 43 frågan
429 627 57 21 om
511 615 199 34 inrättande
738 629 46 21 av
807 629 41 21 en
872 617 175 43 professur
1070 619 10 32 i
1104 620 212 42 entomologi
1342 621 60 33 vid
1425 621 121 34 Lunds
1570 623 208 33 universitet

283 667 101 33 torde
400 667 67 34 den
485 668 9 33 i
512 668 262 36 universitetets
791 671 306 43 avlöningsanslag
1114 673 111 34 under
1239 674 168 34 rubriken
1424 675 28 33 I.
1470 675 217 34 Professorer
1704 676 67 34 och

282 720 111 33 lärare
410 733 45 21 m.
473 721 38 33 fl.
530 727 180 37 upptagna
728 724 262 42 anslagsposten
1009 725 52 34 till
1080 726 204 43 avlöningar
1301 727 52 33 till
1371 728 173 34 ordinarie
1559 729 217 42 tjänstemän

283 772 85 35 böra
388 774 156 34 minskas
564 776 79 33 med
665 780 18 29 3
699 780 66 30 000
786 777 128 34 kronor
935 778 53 33 till
1010 782 64 30 906
1090 782 64 31 800
1175 779 140 35 kronor.

328 826 122 35 Såsom
467 841 46 21 av
531 828 67 34 den
616 830 163 34 lämnade
795 831 241 42 redogörelsen
1055 832 154 43 framgår
1226 833 65 34 har
1308 837 111 30 större
1436 834 228 35 akademiska
1682 835 86 34 kon-

282 880 152 34 sistoriet
460 881 61 34 vid
545 882 119 34 Lunds
690 883 209 34 universitet
922 884 181 35 hemställt
1127 898 58 21 om
1210 886 221 35 inrättandet
1456 900 46 21 av
1525 901 44 21 en
1595 889 174 34 ordinarie

281 934 366 43 kansliskrivartjänst
665 937 61 33 vid
746 937 261 35 universitetets
1026 939 125 34 kansli.
1169 939 177 35 Kanslern
1364 940 54 34 för
1436 941 108 34 rikets
1562 941 209 34 universitet

280 987 65 34 har
364 988 175 42 tillstyrkt
560 989 261 43 befattningens
844 991 214 41 inrättande,
1081 992 90 33 dock
1191 992 71 35 tills
1284 992 120 35 vidare
1425 994 116 34 såsom
1561 999 98 29 extra
1681 995 89 33 ordi-

281 1040 107 34 narie.
407 1042 401 41 Departementschefen
826 1044 64 33 har
908 1050 118 28 ansett
1046 1045 199 43 ådagalagt,
1264 1052 55 28 att
1338 1047 299 35 arbetskrafterna
1655 1050 21 32 å
1695 1048 75 33 uni-

281 1094 200 34 versitetets
504 1095 113 34 kansli
638 1097 114 33 måste
775 1097 192 34 förstärkas
990 1099 65 33 och
1077 1099 63 33 har
1162 1099 11 33 i
1196 1100 128 33 sådant
1347 1101 171 34 avseende
1541 1100 158 35 förordat
1721 1101 49 33 in-

283 1148 182 33 rättandet
481 1148 182 35 därstädes
680 1162 46 21 av
741 1162 44 22 en
803 1155 97 29 extra
918 1151 172 34 ordinarie
1106 1152 518 44 kontorsbiträdesbefattning.
1640 1154 132 34 Motio-

282 1212 69 21 nen
378 1201 49 33 II:
443 1205 64 29 5343
536 1202 155 33 ansluter
717 1203 52 41 sig
796 1204 52 32 till
876 1204 243 34 konsistoriets
1149 1206 251 34 ovannämnda
1427 1207 169 42 yrkande.
1623 1208 68 34 Vid
1718 1208 53 32 sin

279 1254 174 42 prövning
478 1267 46 20 av
547 1254 231 36 förevarande
804 1256 98 42 fråga
925 1257 64 34 har
1012 1258 178 34 utskottet
1214 1257 119 36 funnit
1358 1264 55 29 att
1436 1265 53 29 ett
1514 1261 115 33 starkt
1653 1261 116 33 behov

280 1306 179 43 föreligger
479 1312 56 29 att
555 1307 176 35 förstärka
751 1309 378 35 universitetskansliet
1148 1312 81 33 med
1247 1325 44 21 en
1308 1312 227 35 kvalificerad
1554 1313 216 34 arbetskraft

278 1359 12 34 i
314 1360 288 34 kansliskrivares
627 1362 177 42 ställning.
830 1362 188 35 Utskottet
1044 1364 193 42 tillstyrker
1262 1367 46 41 på
1331 1367 114 40 grund
1469 1366 122 41 härav,
1616 1368 80 33 med
1720 1367 49 33 bi-

278 1413 174 34 trädande
473 1426 46 21 av
540 1414 59 34 det
619 1415 11 33 i
649 1415 183 34 motionen
852 1416 48 33 II:
915 1420 64 30 343
1001 1417 221 35 framställda
1244 1418 188 43 yrkandet,
1452 1424 55 29 att
1529 1432 43 22 en
1592 1420 98 43 dylik
1710 1420 58 34 be-

279 1466 157 43 fattning
453 1468 11 32 i
482 1468 210 41 lönegraden
711 1469 32 33 A
759 1472 39 29 11
821 1469 150 34 inrättas
990 1470 11 33 i
1019 1471 118 33 stället
1157 1470 54 34 för
1230 1471 66 34 den
1315 1485 46 21 av
1380 1472 389 41 departementschefen

277 1519 186 35 förordade
498 1521 561 44 kontorsbiträdesbefattningen.
1095 1524 67 33 Vid
1196 1524 98 34 bifall
1328 1525 54 34 till
1415 1526 194 34 utskottets
1643 1526 124 42 ifråga-

279 1573 155 33 varande
450 1573 130 43 förslag
594 1575 101 33 torde
712 1575 73 33 dels
802 1575 67 34 den
884 1576 11 33 i
909 1576 303 41 avlöningsstaten
1228 1577 54 34 för
1296 1578 121 34 Lunds
1433 1578 207 36 universitet
1656 1579 113 35 under

276 1626 166 34 rubriken
459 1627 50 33 II.
528 1628 99 33 Vissa
644 1628 218 42 tjänstemän
879 1629 60 34 vid
957 1630 263 35 universitetets
1239 1632 189 42 samlingar
1445 1633 66 34 och
1528 1633 235 44 inrättningar

275 1692 48 21 m.
340 1692 46 21 m.
404 1685 183 37 upptagna
605 1682 266 42 anslagsposten
887 1682 52 34 till
958 1683 205 42 avlöningar
1180 1684 53 34 till
1250 1686 173 33 ordinarie
1441 1686 218 42 tjänstemän
1677 1688 86 33 böra

275 1733 86 34 ökas
379 1734 79 33 med
476 1737 18 30 3
511 1738 65 29 500
591 1734 129 34 kronor
736 1735 53 33 till
807 1739 65 30 320
887 1739 64 30 500
968 1736 141 40 kronor,
1126 1737 72 34 dels
1217 1738 66 33 ock
1300 1739 68 33 den
1384 1739 10 33 i
1411 1752 136 21 samma
1564 1740 197 43 avlönings-

273 1791 73 29 stat
364 1786 169 43 ingående
553 1788 263 42 anslagsposten
836 1789 52 33 till
909 1789 203 43 avlöningar
1133 1790 52 34 till
1206 1791 99 43 övrig
1324 1791 262 37 icke-ordinarie
1606 1794 160 42 personal

274 1839 86 34 böra
378 1840 155 34 minskas
552 1841 80 33 med
651 1844 20 30 2
685 1844 66 31 400
771 1842 129 33 kronor
917 1842 54 34 till
994 1847 63 30 163
1073 1847 65 30 000
1158 1843 141 35 kronor.

320 1894 57 32 Av
397 1894 182 34 motionen
598 1895 29 33 I:
643 1898 64 31 356
729 1895 189 41 inhämtas,
938 1901 55 28 att
1014 1900 110 30 större
1143 1897 226 34 konsistoriet
1390 1898 11 34 i
1422 1899 104 34 Lund
1546 1899 92 42 gjort
1658 1899 105 33 fram-

272 1946 165 42 ställning
458 1959 58 21 om
539 1947 218 35 inrättandet
780 1961 44 20 av
847 1961 41 21 en
911 1949 211 34 biträdande
1144 1951 288 43 lärarbefattning
1453 1953 11 33 i
1484 1952 130 43 kirurgi
1637 1954 11 33 i
1669 1954 95 33 labo-

272 2004 113 29 rators
411 1999 301 44 tjänsteställning
739 2006 93 29 samt
858 2014 43 21 en
926 2002 400 45 laboratorsbefattning
1352 2005 10 33 i
1388 2005 129 34 klinisk
1541 2006 105 34 kemi.
1673 2007 85 34 Uni-

274 2053 329 34 versitetskanslern
625 2054 64 34 har
711 2056 194 33 emellertid
926 2056 75 33 icke
1024 2056 11 33 i
1058 2056 75 34 sina
1155 2057 322 42 anslagsäskanden
1498 2059 180 34 hemställt
1702 2073 58 21 om

272 2106 156 34 nämnda
447 2107 168 42 tjänsters
636 2107 215 41 inrättande,
872 2109 65 33 och
957 2110 109 41 något
1085 2110 129 43 förslag
1234 2111 10 33 i
1265 2115 120 30 ämnet
1404 2112 63 34 har
1487 2112 76 35 icke
1583 2126 47 21 nu
1652 2113 106 34 fram-

271 2160 91 41 lagts
389 2172 44 21 av
457 2160 133 43 Kungl.
616 2161 122 42 Maj:t.
764 2162 187 34 Utskottet
976 2162 115 35 finner
1115 2164 51 42 sig
1191 2164 77 34 icke
1294 2165 115 34 berett
1436 2171 55 28 att
1516 2171 88 29 utan
1628 2166 131 44 förslag

271 2212 80 34 från
372 2214 131 42 Kungl.
526 2214 127 42 Maj:ts
678 2215 76 34 sida
777 2214 140 35 förorda
940 2216 221 35 inrättandet
1183 2229 46 22 av
1252 2217 233 35 omförmälda
1509 2218 252 42 befattningar,

271 2266 120 34 varför
429 2268 178 33 utskottet
646 2269 185 42 avstyrker
869 2268 97 35 bifall
1004 2270 54 33 till
1085 2271 43 33 de
1156 2271 10 33 i
1194 2270 181 35 motionen
1402 2271 29 33 I:
1447 2275 64 31 356
1539 2271 221 35 framställda

270 2320 219 42 yrkandena.

316 2374 418 42 Departementschefens
758 2376 373 43 anslagsberäkningar
1153 2377 11 34 i
1184 2377 116 43 övrigt
1322 2379 80 33 med
1426 2380 172 34 avseende
1619 2381 20 33 å
1660 2381 95 33 avlö-

270 2427 262 43 ningsanslaget
551 2428 53 34 för
624 2432 102 30 nästa
746 2429 174 43 budgetår
939 2430 63 33 har
1024 2431 177 34 utskottet
1222 2431 119 34 funnit
1363 2432 50 42 sig
1433 2433 85 34 böra
1540 2434 150 34 biträda.

317 2480 187 34 Utskottet
530 2482 63 33 har
617 2482 75 34 icke
716 2482 106 34 heller
845 2482 118 34 funnit
987 2484 108 41 något
1120 2488 55 29 att
1199 2484 113 34 erinra
1337 2490 75 29 mot
1436 2490 55 29 att
1517 2487 164 40 anslagen
1705 2485 53 34 till
