1882 2810
296 173 43 29 82
715 167 291 35 Statsutskottets
1029 166 183 35 utlåtande
1235 177 42 24 nr
1296 170 74 38 243.

298 249 160 33 läkarnas
480 247 173 43 lönefråga
674 268 47 4 —
741 247 130 34 således
893 250 88 30 även
1002 247 121 42 frågan
1148 259 58 21 om
1229 246 358 43 intygsersättningen
1607 266 46 4 —
1673 246 120 33 kunde

296 301 145 33 komma
461 301 10 33 i
493 305 52 30 ett
564 305 83 38 nytt
666 301 86 41 läge.

342 353 187 34 Utskottet
551 364 100 23 anser
673 352 54 34 för
749 352 52 34 sin
823 353 66 39 del,
910 357 54 29 att
987 353 67 33 den
1077 365 45 20 av
1146 351 384 43 departementschefen
1553 351 153 43 angivna
1728 364 62 21 un-

299 406 253 41 dersökningen
577 411 137 28 snarast
735 406 62 33 bör
818 405 144 33 komma
983 405 51 34 till
1059 405 113 34 stånd.
1194 405 139 33 Härvid
1354 405 101 33 torde
1477 408 88 30 även
1587 404 124 43 frågan
1732 416 60 22 om

298 458 355 42 intygsersättningen
674 459 11 33 i
704 458 78 33 hela
803 458 75 33 dess
899 458 86 33 vidd
1007 458 83 33 böra
1110 462 174 37 upptagas
1306 458 52 34 till
1378 457 228 34 bedömande.
1627 458 92 34 Rätt
1738 457 52 34 till

299 511 97 41 dylik
421 511 190 41 ersättning
634 510 214 34 tillkommer
871 511 174 41 nämligen
1070 510 53 34 för
1148 510 219 34 närvarande
1391 510 118 34 läkare
1533 510 60 34 vid
1618 510 173 42 åtskilliga

300 564 177 33 allmänna
499 563 158 42 sjukhus,
679 563 65 34 och
766 563 177 34 utskottet
966 564 103 42 hyser
1091 563 68 33 den
1181 563 216 43 principiella
1421 563 276 43 uppfattningen
1721 568 67 35 att,

298 618 117 33 därest
440 618 361 42 intygsersättningen
828 616 53 34 för
908 617 258 34 underläkarna
1193 617 60 33 vid
1278 617 202 33 karolinska
1507 617 186 42 sjukhuset
1720 617 65 33 och

301 671 362 34 serafimerlasarettet
684 671 191 42 borttages,
897 671 100 33 detta
1016 671 160 41 rimligen
1197 671 101 33 torde
1321 671 86 33 böra
1427 671 79 33 leda
1527 671 54 33 till
1601 671 186 42 vidtagan-

301 725 59 33 det
391 737 46 21 av
470 724 250 34 motsvarande
753 724 125 42 åtgärd
909 724 224 34 beträffande
1167 724 163 42 samtliga
1363 724 119 34 läkare
1514 724 60 34 vid
1609 725 179 33 allmänna

300 778 160 41 sjukhus.

342 830 398 42 Departementschefen
756 830 62 34 har
835 835 117 29 ansett
969 836 55 28 att
1041 835 49 29 ett
1109 830 144 34 fortsatt
1269 830 235 42 provisorium
1521 830 80 33 med
1618 831 172 32 avseende

296 884 18 32 å
339 883 201 42 lönefrågan
563 883 52 33 för
638 883 255 33 underläkarna
919 883 60 33 vid
1003 883 201 34 karolinska
1228 883 184 42 sjukhuset
1437 883 64 33 och
1526 882 264 35 serafimerlasa-

297 941 104 29 rettet
422 935 151 35 förefölle
595 936 332 42 ändamålsenligast
947 936 10 33 i
979 936 178 33 avvaktan
1180 936 44 42 på
1245 941 53 28 att
1321 937 42 33 de
1384 949 43 20 av
1452 936 338 42 departementsche-

296 989 56 34 fen
379 989 150 42 angivna
555 989 345 42 undersökningarna
924 989 127 34 hunnit
1077 989 217 34 verkställas.
1343 989 188 34 Utskottet
1556 989 95 33 delar
1677 990 113 33 denna

296 1041 231 43 uppfattning
546 1042 64 33 och
629 1042 65 33 har
713 1042 75 33 icke
807 1041 118 34 funnit
944 1042 108 42 något
1071 1047 54 28 att
1145 1041 113 34 erinra
1276 1048 75 28 mot
1371 1043 58 33 det
1449 1055 44 20 av
1516 1043 274 41 departements-

296 1094 121 33 chefen
438 1095 183 33 förordade
642 1095 219 42 provisoriet,
882 1095 109 33 vilket
1013 1095 107 33 bland
1143 1101 110 28 annat
1273 1095 155 40 innebär,
1450 1100 55 28 att
1526 1094 264 43 ifrågavarande

297 1148 228 33 underläkare
552 1148 110 33 under
689 1151 101 30 nästa
816 1148 171 41 budgetår
1012 1148 190 33 bibehållas
1230 1148 60 33 vid
1316 1148 205 33 nuvarande
1548 1148 241 42 anställnings-

296 1199 89 34 form
409 1200 64 33 och
494 1203 72 31 rätt
583 1200 52 34 till
656 1200 315 42 intygsersättning
994 1201 57 42 (50
1073 1205 145 37 procent
1237 1200 52 33 för
1309 1201 102 42 intyg
1431 1201 79 32 eller
1530 1201 184 34 utlåtande
1733 1201 56 33 be-

294 1252 177 35 träffande
489 1254 184 41 patienter,
692 1254 18 32 å
729 1254 94 33 vilka
842 1253 514 43 olycksfallsförsäkringslagen
1375 1257 80 39 äger
1472 1254 234 42 tillämpning,
1724 1254 66 33 och

297 1309 41 30 90
356 1310 145 37 procent
517 1305 51 34 för
585 1311 109 28 annat
711 1306 100 42 intyg
827 1307 80 32 eller
923 1306 214 42 utlåtande).

339 1359 57 32 Av
426 1359 66 32 den
522 1359 221 42 ståndpunkt
771 1359 176 34 utskottet
976 1359 147 34 sålunda
1152 1359 125 42 intagit
1306 1360 52 33 till
1387 1360 402 42 departementschefens

296 1411 243 42 nyssnämnda
556 1411 129 43 förslag
703 1412 66 33 och
788 1412 80 33 med
888 1412 200 34 beaktande
1107 1425 45 21 av
1171 1413 195 33 utskottets
1385 1413 10 33 i
1417 1413 60 33 det
1496 1413 210 42 föregående
1725 1426 60 21 an-

295 1465 105 42 givna
414 1465 217 42 principiella
646 1465 203 43 inställning
864 1466 53 33 till
933 1465 461 43 intygsersättningsfrågan
1408 1466 113 42 följer,
1536 1471 54 29 att
1605 1467 180 33 utskottet

295 1519 113 33 måste
434 1519 103 33 ställa
561 1517 51 44 sig
636 1519 194 34 avvisande
855 1519 54 33 till
935 1519 60 34 det
1019 1520 11 32 i
1054 1520 222 33 motionerna
1299 1520 99 33 I:363
1425 1520 66 33 och
1515 1521 118 33 II:544
1659 1520 125 42 gjorda

296 1572 176 42 yrkandet
490 1584 58 21 om
563 1572 166 34 skrivelse
744 1573 53 33 till
815 1573 132 42 Kungl.
964 1573 111 42 Maj:t
1094 1574 81 32 med
1192 1573 259 43 framställning
1469 1586 57 21 om
1544 1573 240 43 upphävande

297 1639 44 20 av
365 1626 60 33 det
450 1625 54 34 för
529 1626 234 34 omförmälda
787 1626 118 34 läkare
929 1639 48 21 nu
1002 1627 162 42 gällande
1188 1627 330 43 intygsprovisoriet
1542 1628 66 33 och
1632 1631 74 30 rätt
1731 1628 54 33 för

296 1679 334 42 intygsutfärdande
648 1680 120 33 läkare
788 1685 54 28 att
862 1680 190 34 oavkortat
1074 1681 161 42 uppbära
1256 1681 415 42 intygsersättningarna.

339 1732 189 34 Utskottet
547 1732 195 43 tillstyrker
762 1733 11 33 i
794 1733 153 42 enlighet
968 1735 80 32 med
1070 1734 403 42 departementschefens
1493 1734 128 42 förslag
1643 1735 71 33 dels
1735 1738 53 30 att

297 1785 42 33 de
355 1785 207 34 nuvarande
578 1785 109 34 förste
703 1786 65 33 och
784 1786 108 33 andre
908 1786 259 34 underläkarna
1182 1807 46 4 —
1245 1790 126 30 utöver
1388 1787 231 42 provisoriskt
1636 1788 149 33 lönetill-

294 1838 79 41 lägg
393 1838 20 33 å
436 1841 66 30 660
524 1838 128 34 kronor
671 1859 47 4 —
737 1839 226 34 tillerkännas
983 1852 42 21 en
1046 1839 215 42 provisorisk
1283 1839 314 44 löneförstärkning
1619 1853 45 21 av
1688 1844 99 30 1500

293 1890 140 40 kronor,
452 1891 71 33 dels
539 1895 53 30 att
607 1891 194 41 tjänsterna
821 1892 113 33 såsom
952 1892 106 33 andre
1074 1892 231 34 underläkare
1320 1893 111 33 under
1447 1893 257 42 benämningen
1720 1893 68 34 för-

294 1947 52 29 ste
366 1943 228 34 underläkare
614 1944 155 41 placeras
791 1944 10 33 i
823 1944 208 42 lönegraden
1052 1944 54 33 Ex
1119 1948 56 36 23,
1197 1945 71 33 dels
1290 1945 66 33 ock
1379 1950 54 29 att
1454 1945 198 42 tjänsterna
1674 1946 113 33 såsom

294 1995 113 43 tredje
426 1996 231 34 underläkare
677 1997 111 33 under
808 1997 257 42 benämningen
1087 1997 108 34 andre
1215 1998 231 34 underläkare
1468 1998 166 43 uppföras
1657 1999 11 33 i
1688 2000 93 33 löne-

293 2049 129 41 graden
443 2049 54 33 Ex
511 2053 53 30 21.

338 2101 78 34 Vad
436 2102 383 41 departementschefen
836 2103 11 33 i
865 2103 114 42 övrigt
997 2103 111 33 under
1126 2104 96 33 detta
1242 2103 133 36 avsnitt
1393 2104 116 34 anfört
1526 2105 65 33 och
1608 2104 179 43 föreslagit

293 2153 195 35 föranleder
505 2155 75 34 icke
597 2155 115 42 någon
731 2155 136 33 erinran
885 2156 81 33 eller
983 2156 106 42 något
1106 2156 186 34 uttalande
1309 2156 77 34 från
1405 2157 192 34 utskottets
1616 2157 86 35 sida.

308 2267 79 41 VI.
425 2268 412 52 Reumatologisk
864 2269 164 41 klinik
1055 2270 85 41 vid
1168 2270 294 41 karolinska
1491 2271 278 51 sjukhuset.

927 2361 222 41 Inledning.

338 2428 139 35 Genom
501 2430 115 34 beslut
637 2430 68 34 den
731 2434 42 30 17
797 2431 148 34 oktober
970 2435 85 30 1941
1080 2432 259 43 bemyndigade
1364 2433 133 42 Kungl.
1520 2433 111 43 Maj:t
1655 2433 125 35 chefen

293 2482 53 34 för
372 2483 392 43 socialdepartementet
791 2489 55 29 att
872 2485 149 34 tillkalla
1047 2485 104 42 högst
1179 2498 59 21 sex
1263 2486 222 43 sakkunniga
1510 2487 81 34 med
1618 2487 164 43 uppdrag

295 2541 53 29 att
369 2536 97 33 inom
489 2537 155 34 nämnda
668 2537 247 43 departement
937 2538 141 34 biträda
1100 2539 82 34 med
1206 2539 145 34 fortsatt
1376 2540 189 42 utredning
1587 2553 46 21 av
1656 2540 124 42 frågan
