1890 2814
509 166 291 35 Statsutskottets
824 164 182 36 utlåtande
1029 176 42 24 nr
1090 169 75 39 243.
1568 169 16 30 1

744 451 68 41 Nr
838 450 93 42 243.

654 632 104 26 Ankom
778 632 41 26 till
838 632 155 32 riksdagens
1012 632 87 26 kansli
1118 632 52 25 den
1190 634 33 24 25
1242 632 58 31 juni
1321 634 67 23 1946
1407 631 36 25 kl.
1463 633 15 23 2
1499 640 49 16 em.

323 782 189 35 Utlåtande
536 783 13 34 i
573 781 187 44 anledning
785 795 45 21 av
854 782 134 42 Kungl.
1012 782 129 42 Maj:ts
1165 781 218 44 proposition
1407 780 178 43 angående

545 836 94 34 vissa
668 836 120 43 anslag
818 836 53 34 till
899 835 249 35 universiteten
1178 836 65 33 och
1273 835 68 34 den
1368 834 216 34 medicinska

545 889 296 42 undervisningen
886 901 48 22 m.
982 901 48 22 m.
1075 889 112 42 jämte
1232 889 13 34 i
1290 890 119 33 ämnet
1456 887 128 35 väckta

545 942 183 35 motioner.

1345 986 70 42 (2:a
1440 986 94 41 avd.)

139 1104 18 33 I
173 1103 264 43 propositionen
455 1115 41 21 nr
515 1107 16 29 1
550 1102 64 35 har
630 1103 132 42 Kungl.
779 1102 111 43 Maj:t
907 1102 112 34 under
1038 1102 148 34 åttonde
1202 1102 230 34 huvudtiteln
1453 1100 127 44 (punk-

95 1162 101 29 terna
217 1161 55 37 65,
292 1160 55 37 67,
369 1160 53 36 71,
443 1160 54 37 73,
519 1160 55 37 76,
595 1160 53 36 79,
668 1159 54 37 81,
744 1159 54 37 83,
822 1160 41 30 92
887 1156 66 34 och
976 1157 79 40 100)
1079 1154 179 43 föreslagit
1280 1154 185 42 riksdagen
1486 1158 67 36 att,
1574 1152 10 33 i

92 1211 155 34 avbidan
268 1211 47 43 på
335 1210 148 34 särskild
502 1209 231 44 proposition,
753 1209 54 34 för
828 1209 211 43 budgetåret
1063 1209 155 43 1946/47
1242 1209 156 34 beräkna

139 1264 72 34 dels
232 1264 54 34 till
306 1264 159 43 Uppsala
485 1263 219 34 universitet:
726 1263 218 42 Avlöningar
964 1267 54 30 ett
1038 1262 271 44 förslagsanslag
1331 1275 46 22 av
1398 1265 20 31 2
1432 1265 66 31 0453
1513 1265 65 31 500

91 1317 140 41 kronor;

137 1371 73 34 dels
233 1371 55 34 till
311 1371 159 43 Uppsala
492 1370 220 34 universitet:
739 1369 166 35 Materiel
929 1381 48 22 m.
1001 1382 48 21 m.
1074 1374 54 29 ett
1152 1369 357 43 reservationsanslag
1533 1382 47 22 av

91 1428 65 31 506
171 1428 66 30 000
261 1424 141 40 kronor;

137 1478 72 34 dels
236 1478 54 34 till
314 1477 120 35 Lunds
460 1477 220 34 universitet:
706 1476 217 43 Avlöningar
950 1480 54 30 ett
1030 1475 271 44 förslagsanslag
1326 1489 46 22 av
1398 1479 100 31 1788
1512 1479 66 31 200

90 1531 141 40 kronor;

137 1584 73 34 dels
238 1584 54 34 till
319 1584 121 34 Lunds
468 1583 220 35 universitet:
717 1582 167 35 Materiel
912 1595 48 22 m.
987 1595 49 22 m.
1064 1587 53 30 ett
1146 1583 358 43 reservationsanslag
1533 1595 46 22 av

90 1641 66 31 375
171 1641 65 31 000
260 1637 140 39 kronor;

137 1692 72 33 dels
239 1691 54 34 till
322 1690 214 35 Karolinska
567 1689 354 43 mediko-kirurgiska
951 1689 194 35 institutet:
1175 1689 218 44 Avlöningar
1424 1694 54 30 ett
1508 1689 69 35 för-

91 1745 215 42 slagsanslag
327 1756 46 22 av
394 1747 65 31 836
475 1747 65 31 900
562 1743 141 40 kronor;

136 1798 72 34 dels
232 1798 55 34 till
310 1797 215 34 Karolinska
549 1796 353 43 mediko-kirurgiska
924 1796 194 34 institutet:
1145 1796 261 35 Omkostnader
1429 1802 54 29 ett
1508 1797 69 34 för-

90 1851 215 42 slagsanslag
323 1863 46 21 av
387 1854 42 30 60
444 1854 65 31 000
527 1850 142 40 kronor;

136 1905 73 33 dels
239 1904 54 34 till
321 1903 215 34 Karolinska
565 1902 354 42 mediko-kirurgiska
948 1902 193 34 institutet:
1172 1903 167 34 Materiel
1368 1915 47 22 m.
1444 1916 48 21 m.
1523 1908 54 29 ett

90 1957 356 42 reservationsanslag
467 1969 46 21 av
536 1960 63 30 160
615 1959 64 31 000
700 1956 140 39 kronor;

135 2011 72 33 dels
230 2011 53 33 till
306 2010 214 34 Karolinska
543 2008 354 43 mediko-kirurgiska
919 2009 193 33 institutet:
1138 2008 192 44 Inredning
1354 2009 65 34 och
1443 2014 133 29 utrust-

90 2064 84 42 ning
197 2076 46 21 av
265 2063 261 43 nybyggnaden
547 2062 55 34 för
624 2062 223 34 anatomiska
871 2062 65 34 och
958 2061 231 43 histologiska
1211 2062 289 34 institutionerna
1524 2067 54 30 ett

92 2117 356 41 reservationsanslag
466 2129 45 21 av
531 2120 65 30 350
612 2120 64 30 000
695 2115 141 39 kronor;

137 2170 72 33 dels
232 2170 53 33 till
309 2169 396 42 Universitetssjukhus:
730 2168 214 34 Karolinska
968 2168 198 42 sjukhuset:
1191 2169 216 42 Avlöningar
1433 2174 54 28 ett
1509 2168 69 34 för-

92 2224 213 41 slagsanslag
326 2235 45 21 av
391 2226 19 30 4
426 2226 65 30 350
506 2226 65 30 000
592 2222 140 39 kronor;

136 2276 72 33 dels
224 2276 54 33 till
297 2274 396 42 Universitetssjukhus:
712 2274 214 33 Karolinska
944 2274 198 41 sjukhuset:
1161 2274 260 34 Omkostnader
1439 2279 53 29 ett
1509 2274 68 34 för-

91 2329 215 41 slagsanslag
326 2340 45 21 av
393 2332 19 29 3
427 2332 65 29 365
507 2331 66 30 000
593 2327 139 40 kronor;

136 2382 72 33 dels
224 2382 54 33 till
295 2380 396 42 Universitetssjukhus:
710 2380 382 34 Serafimerlasarettet:
1110 2380 216 42 Avlöningar
1344 2385 53 29 ett
1415 2380 161 43 förslags-

91 2435 120 41 anslag
231 2447 46 21 av
300 2437 97 31 1935
412 2437 65 31 000
499 2433 141 40 kronor;

121 2497 101 31 Bihang
241 2498 38 24 till
298 2497 148 30 riksdagens
464 2497 129 31 protokoll
612 2498 72 27 1946.
704 2500 15 22 6
738 2497 74 25 saml.
851 2497 39 24 Nr
910 2499 59 28 243.
1531 2500 11 22 1
