1884 2810
312 163 42 29 74
729 162 288 36 Statsutskottets
1040 165 184 34 utlåtande
1248 179 41 21 nr
1308 170 76 37 2/43.

358 240 267 35 Statskontoret
644 241 64 35 har
727 242 171 35 förklarat
919 243 51 43 sig
988 244 76 34 icke
1086 245 116 34 berett
1222 251 55 29 att
1297 246 190 43 tillstyrka,
1510 253 55 29 att
1587 248 210 36 biträdande

313 293 303 35 arvodesavlönad
637 295 118 34 läkare
775 296 111 34 skulle
906 296 227 36 tillerkännas
1153 302 74 30 rätt
1247 299 53 34 till
1321 299 64 35 full
1405 300 327 45 intygsersättning.

355 346 189 34 Allmänna
566 348 259 35 lönenämnden
847 349 64 34 har
932 350 190 43 föreslagit,
1145 357 55 29 att
1222 353 98 34 såväl
1343 353 211 36 biträdande
1577 355 120 35 läkare
1720 369 75 21 som

311 399 230 34 underläkare
564 401 71 34 tills
663 401 119 34 vidare
808 402 192 36 bibehållas
1027 404 60 34 vid
1113 405 54 34 sin
1192 406 205 35 nuvarande
1422 411 73 30 rätt
1521 408 54 34 till
1600 410 196 43 ersättning

309 451 55 34 för
384 452 100 43 intyg
503 453 65 34 och
588 455 222 34 utlåtanden.

355 505 159 43 Sveriges
531 507 255 42 läkarförbund
805 508 64 34 har
888 509 170 35 förklarat
1078 511 51 43 sig
1149 512 76 34 icke
1243 513 122 34 kunna
1385 519 184 38 acceptera
1587 516 68 34 den
1676 529 45 21 av
1740 521 54 30 ut-

307 558 321 43 redningsmannen
647 560 196 44 föreslagna
865 563 240 43 anordningen
1125 564 112 43 ifråga
1257 578 58 22 om
1337 567 378 45 intygsersättningens
1738 575 55 29 ut-

306 612 142 41 gående.

306 690 413 45 Löneställning.

356 752 367 43 Utredningsmannen
739 755 144 36 föreslår

351 806 74 33 dels
450 811 54 29 att
530 807 111 35 förste
667 808 65 34 och
758 810 108 34 andre
893 811 231 35 underläkare
1151 813 255 36 sammanföras
1434 816 53 34 till
1514 829 44 21 en
1583 829 116 32 grupp
1725 818 66 34 och

305 859 112 33 under
431 859 258 45 benämningen
705 867 97 29 extra
816 864 174 34 ordinarie
1003 865 232 35 underläkare
1250 868 155 42 placeras
1419 869 11 33 i
1443 869 213 43 lönegraden
1669 872 53 33 Eo
1736 874 55 37 24,

351 912 73 34 dels
447 918 55 28 att
523 913 212 36 biträdande
759 917 231 35 överläkarna
1012 919 21 33 å
1056 919 297 36 radiumhemmet
1379 922 172 44 (Konung
1573 923 133 35 Gustaf
1730 925 60 34 V:s

301 964 317 45 jubileumsklinik)
639 968 199 43 uppflyttas
855 969 80 49 från
951 971 212 43 lönegraden
1179 973 54 34 Eo
1247 977 42 31 23
1306 974 53 34 till
1377 976 211 42 lönegraden
1604 977 54 34 Eo
1672 981 55 37 26,

348 1018 74 34 dels
443 1024 55 29 att
520 1032 137 23 samma
681 1022 246 44 löneställning
949 1024 143 35 beredes
1117 1026 211 36 biträdande
1351 1029 143 34 läkaren
1516 1031 48 41 på
1587 1030 202 35 karolinska

303 1071 203 42 sjukhusets
531 1075 396 43 röntgendiagnostiska
950 1078 200 44 avdelning,

348 1125 74 34 dels
445 1131 54 29 att
523 1128 65 33 två
610 1128 111 35 förste
745 1130 365 44 underläkartjänster
1134 1134 47 42 på
1205 1135 307 43 neurokirurgiska
1535 1137 158 35 kliniken
1719 1138 68 34 för-

302 1179 128 34 ändras
445 1180 51 33 till
513 1186 100 29 extra
629 1182 174 35 ordinarie
819 1184 210 35 biträdande
1046 1186 345 45 läkarbefattningar
1407 1190 11 33 i
1434 1190 213 42 lönegraden
1665 1192 53 33 Eo
1733 1195 54 37 26,

345 1232 74 34 dels
437 1238 55 28 att
509 1234 114 42 tredje
641 1236 259 35 underläkarna
918 1238 110 34 under
1047 1239 260 44 benämningen
1327 1247 99 29 extra
1445 1243 232 36 underläkare
1697 1258 88 30 upp-

301 1284 126 44 flyttas
446 1286 77 34 från
541 1287 213 43 lönegraden
773 1290 54 33 Ex
842 1293 41 30 18
902 1290 53 34 till
975 1291 211 43 lönegraden
1204 1294 55 33 Ex
1272 1297 54 38 21,

345 1339 74 34 dels
437 1340 65 33 ock
518 1345 55 29 att
590 1342 149 34 arvodet
756 1342 53 34 till
827 1343 210 35 assistenten
1057 1346 20 33 å
1094 1346 222 43 patologiska
1334 1349 234 43 avdelningen
1588 1351 61 34 vid
1667 1351 118 35 serafi-

298 1392 259 36 merlasarettet
584 1395 203 42 uppräknas
815 1396 80 34 från
922 1400 99 32 2000
1049 1398 130 35 kronor
1207 1401 53 33 till
1287 1405 19 30 3
1322 1406 64 30 600
1414 1402 141 36 kronor.

343 1454 448 44 Läkarrepresentanterna
816 1458 139 42 föreslå,
981 1465 55 29 att
1062 1463 207 34 nuvarande
1296 1463 108 36 förste
1431 1465 65 34 och
1522 1466 109 35 andre
1656 1468 125 34 under-

298 1507 147 35 läkarna
469 1509 157 42 placeras
652 1511 11 33 i
689 1511 212 43 lönegraden
928 1513 53 34 Eo
995 1517 54 37 26,
1077 1520 56 29 att
1159 1516 43 34 de
1227 1518 63 33 två
1316 1517 109 35 förste
1452 1520 261 35 underläkarna
1738 1523 46 41 på

294 1561 292 43 neurokirurgiska
613 1564 148 34 kliniken
790 1566 149 41 placeras
968 1567 10 33 i
1006 1568 201 42 lönegraden
1238 1570 51 34 Eo
1304 1575 54 37 28,
1386 1578 91 28 samt
1506 1578 52 31 att
1587 1574 201 35 biträdande

295 1613 118 34 läkare
434 1615 63 33 och
519 1616 207 35 biträdande
745 1619 200 34 överläkare
965 1621 153 41 placeras
1139 1623 10 32 i
1170 1623 207 42 lönegraden
1397 1625 52 33 Eo
1464 1629 54 31 28.

342 1666 234 36 Direktionen
595 1670 57 41 för
671 1670 201 35 karolinska
890 1672 187 42 sjukhuset
1096 1674 195 44 tillstyrker
1312 1678 380 43 utredningsmannens
1714 1681 67 34 för-

296 1719 74 43 slag
391 1720 110 43 ifråga
524 1734 59 21 om
605 1728 99 29 extra
727 1724 174 35 ordinarie
923 1726 68 34 och
1013 1732 98 29 extra
1134 1729 249 36 underläkares
1407 1728 374 53 lönegradsplacering.

294 1773 232 35 Beträffande
545 1775 43 34 de
606 1788 46 21 av
671 1778 361 42 utredningsmannen
1050 1781 149 35 berörda
1217 1783 161 42 speciella
1395 1785 299 43 läkartjänsterna
1713 1788 67 34 till-

296 1827 138 42 styrkes
456 1828 130 35 dennes
607 1829 130 43 förslag
758 1832 150 34 rörande
929 1833 408 46 lönegradsplaceringen
1360 1837 54 34 för
1435 1839 42 33 de
1499 1839 212 36 biträdande
1733 1842 47 34 lä-

293 1879 112 35 karna
430 1881 20 33 å
471 1881 159 44 Konung
653 1883 131 35 Gustaf
807 1885 60 34 V:s
892 1885 313 43 jubileumsklinik;
1232 1890 160 34 däremot
1418 1892 171 35 vidhåller
1614 1894 165 34 direktio-

290 1945 65 21 nen
376 1934 57 33 sitt
455 1934 134 44 förslag,
611 1941 53 29 att
686 1937 41 33 de
747 1940 198 33 nuvarande
965 1940 104 34 förste
1090 1942 390 44 underläkartjänsterna
1505 1947 43 41 på
1570 1948 212 34 neurokirur-

291 1986 100 42 giska
410 1987 156 35 kliniken
586 1989 113 35 skulle
719 1991 131 34 erhålla
872 1993 166 43 ställning
1057 2007 77 21 som
1155 1996 323 36 arvodesavlönade
1498 2000 212 35 biträdande
1729 2002 48 34 lä-

291 2040 85 34 kare
395 2041 80 34 med
494 2042 131 34 arvode
643 2056 46 21 av
710 2047 40 30 14
765 2048 65 30 300
850 2045 141 42 kronor,
1011 2060 43 21 en
1071 2048 251 44 lönesättning,
1342 2063 75 22 som
1436 2057 120 37 syntes
1574 2054 204 44 erforderlig

291 2092 54 34 för
362 2106 45 21 en
426 2094 325 37 tillfredsställande
770 2098 222 44 rekrytering
1012 2113 46 21 av
1078 2101 102 35 dessa
1201 2102 54 34 för
1274 2103 174 36 klinikens
1471 2106 227 36 verksamhet
1720 2108 57 34 be-

291 2147 224 42 tydelsefulla
533 2149 253 44 befattningar.
804 2152 79 34 Vad
902 2154 109 42 angår
1028 2154 211 36 biträdande
1259 2157 143 35 läkaren
1421 2160 20 32 å
1460 2159 203 36 karolinska
1682 2162 95 42 sjuk-

289 2199 121 35 husets
437 2203 390 43 röntgendiagnostiska
855 2206 189 44 avdelning
1069 2208 65 34 har
1161 2209 220 36 direktionen
1407 2225 46 21 av
1480 2214 296 42 organisatoriska

290 2253 75 34 skäl
392 2254 169 42 förordat,
590 2261 56 29 att
673 2257 115 34 denna
814 2258 115 42 tjänst
956 2260 184 36 förändras
1169 2263 54 33 till
1252 2265 298 43 överläkartjänst
1578 2268 11 33 i
1619 2269 156 42 lönegra-

289 2306 69 34 den
375 2308 31 33 A
421 2311 54 31 26.

332 2360 369 45 Medicinalstyrelsen
723 2364 115 35 finner
860 2367 379 43 utredningsmannens
1263 2370 130 45 förslag
1416 2373 58 34 väl
1498 2375 174 42 avvägda.

333 2414 267 36 Statskontoret
619 2416 65 35 har
702 2417 76 35 icke
795 2418 192 36 framställt
1006 2422 116 42 någon
1142 2423 138 34 erinran
1299 2430 77 29 mot
1394 2426 379 44 utredningsmannens

286 2466 269 44 ifrågavarande
580 2469 142 44 förslag.
