2210 2687
750 220 229 39 Lag-Utskottets
1007 218 150 32 Utlåtande
1181 220 57 29 N:o
1261 221 53 28 28.
1811 220 16 27 3

231 302 120 63 styrkt
380 300 199 51 uppgift
559 294 23 61 å
607 301 70 37 den
706 301 58 36 till
789 301 200 49 jernvägen
1019 299 161 37 hörande
1205 299 95 50 jord,
1329 312 77 24 som
1435 299 100 36 inom
1559 299 152 37 Rättens
1731 298 99 37 dom-

231 358 101 48 värjo
362 364 39 28 är
431 357 165 48 belägen,
624 362 95 30 samt
746 355 21 36 å
795 356 44 36 de
867 360 146 40 tomter,
1041 355 173 36 hemman
1243 355 91 36 eller
1362 354 221 50 lägenheter,
1603 352 80 37 från
1704 353 128 37 hvilka

231 411 120 36 denna
377 411 84 49 jord
491 417 39 29 är
558 409 134 38 afskild
722 411 91 35 eller
841 411 129 35 hvilka
998 410 77 36 deri
1103 408 95 51 ingå,
1218 408 37 37 så
1274 409 67 36 ock
1362 409 78 36 dels
1459 409 126 49 styrka
1604 408 54 36 sin
1677 408 154 49 egande-

232 471 74 30 rätt
343 466 60 35 till
438 465 130 48 jorden
606 464 47 45 så,
691 477 78 23 som
808 463 56 36 för
894 464 208 48 beviljande
1132 462 40 36 af
1196 463 213 48 inteckning
1437 463 12 34 i
1478 475 121 22 annan
1627 461 72 36 fast
1727 475 104 35 egen-

231 520 87 36 dom
361 518 192 45 erfordras,
595 518 77 36 dels
714 518 77 37 visa
833 522 55 32 att
922 518 130 49 jorden
1091 524 39 29 är
1158 517 47 36 fri
1233 516 82 37 från
1343 516 213 49 inteckning
1583 514 59 38 för
1670 514 161 46 fordran,

232 579 54 30 att
315 574 160 35 ansökan
505 586 61 23 om
595 572 112 36 sådan
734 573 213 49 inteckning
975 572 80 37 icke
1084 578 40 29 är
1152 570 46 50 på
1224 570 172 50 pröfning
1415 570 181 37 beroende
1616 570 78 45 och,
1714 570 118 36 derest

229 628 84 48 jord
350 626 127 38 blifvit
504 640 133 36 genom
666 627 72 48 köp
767 625 225 46 förvärfvad,
1022 631 54 31 att
1103 626 101 36 tiden
1232 624 58 37 för
1317 625 212 48 inteckning
1557 625 78 35 deri
1663 623 41 37 af
1730 625 102 48 ogul-

232 682 69 36 den
340 682 247 48 köpeskilling
624 680 245 50 tilländagått.
925 680 133 36 Finner
1095 681 135 36 Rätten
1267 680 98 36 hvad
1403 678 154 37 sålunda
1585 677 128 37 blifvit
1740 677 91 37 före-

234 735 155 38 skrifvet
421 749 89 22 vara
544 734 208 50 fullgjordt,
786 747 65 37 ege
879 735 143 45 Rätten,
1050 735 64 36 der
1143 735 30 48 ej
1204 735 112 44 talan,
1345 734 154 36 hvarom
1532 735 44 35 13
1608 732 17 49 $
1654 733 10 34 i
1694 731 140 37 förord-

232 791 135 48 ningen
403 790 69 36 den
510 792 45 35 16
590 788 91 37 Juni
714 791 97 36 1875
844 788 186 50 angående
1058 789 212 48 inteckning
1301 789 11 34 i
1340 787 72 37 fast
1440 787 177 50 egendom
1646 785 186 47 förmäler,

233 844 128 37 blifvit
398 844 157 36 instämd
594 844 90 35 eller
713 841 139 51 lagfart
880 856 140 23 samma
1050 843 71 49 dag
1150 841 41 36 af
1217 855 120 22 annan
1366 842 111 44 sökes,
1506 840 165 37 förklara
1700 846 54 30 att
1781 841 52 35 in-

233 898 181 50 skrifning
450 897 59 37 må
537 898 104 36 sökas
669 897 62 37 vid
762 897 68 36 den
859 898 12 34 i
902 899 19 35 2
953 897 18 49 $
1001 896 246 37 omförmälda
1275 897 88 36 Rätt
1391 901 94 31 samt
1512 896 13 35 i
1553 894 278 50 lagfartsproto-

234 954 116 35 kollet
377 953 190 44 anteckna,
596 957 54 30 att
674 952 130 48 jorden
834 952 129 35 tillhör
984 952 218 48 jernvägens
1222 950 162 45 område;
1414 950 67 36 och
1501 950 113 35 varde
1633 950 12 35 i
1664 948 168 50 lagfarts-

233 1008 91 35 eller
352 1006 313 49 fastighetsboken
697 1006 171 35 anmärkt
897 1010 54 31 att
978 1004 110 37 sådan
1117 1005 222 48 anteckning
1367 1005 104 35 skett.

341 1064 26 33 2
395 1073 97 23 mom.
548 1059 168 37 Derefter
745 1059 60 36 må
830 1060 218 48 jernvägens
1076 1072 107 36 egare
1212 1058 63 37 vid
1304 1058 69 36 den
1401 1059 98 44 Rätt,
1528 1071 76 23 som
1634 1057 117 49 enligt
1772 1059 19 35 2
1814 1057 18 48 $

233 1114 128 37 blifvit
401 1114 202 36 förordnad
644 1119 55 31 att
739 1119 164 43 upptaga
944 1112 125 50 frågor
1110 1112 185 50 angående
1337 1112 213 48 inteckning
1584 1112 12 34 i
1620 1112 212 48 jernvägen,

234 1176 89 42 göra
366 1169 161 35 ansökan
569 1182 60 22 om
671 1167 232 50 inskrifning,
940 1168 68 35 och
1046 1166 140 50 ingifve
1224 1166 128 36 dervid
1380 1166 60 36 till
1468 1167 133 36 Rätten
1630 1166 107 35 karta
1766 1165 67 36 och

233 1222 230 50 beskrifning
504 1221 103 37 öfver
645 1223 201 48 jernvägen
888 1227 96 31 samt
1026 1222 85 44 vise,
1153 1226 54 30 att
1249 1221 231 48 anteckning,
1514 1233 78 23 som
1627 1220 12 35 i
1675 1221 11 35 I
1721 1232 112 23 mom.

234 1277 89 50 sagd
353 1284 50 38 är,
431 1275 126 38 blifvit
585 1277 11 34 i
624 1275 105 50 fråga
757 1289 61 23 om
846 1277 51 34 all
928 1276 70 35 den
1026 1276 60 35 till
1111 1276 202 48 jernvägen
1340 1274 162 36 hörande
1527 1274 85 60 jord
1637 1273 197 37 verkstäld.

235 1308 132 60 Rätten
396 1330 72 37 låte
497 1332 12 34 i
538 1343 44 23 en
611 1330 111 36 sådan
750 1329 312 50 inskrifningsbok
1091 1328 58 37 för
1173 1330 210 47 jernvägen,
1412 1329 154 36 hvarom
1595 1328 12 35 i
1640 1330 44 35 19
1715 1327 18 49 $
1763 1326 70 36 för-

236 1386 123 44 mäles,
401 1383 178 38 inskrifva
618 1384 130 48 jorden
790 1384 68 36 och
901 1384 201 36 sökandens
1145 1383 215 49 eganderätt
1400 1383 60 35 till
1494 1383 212 48 jernvägen,
1740 1386 96 31 samt

236 1439 264 50 ofördröjligen
529 1444 55 30 tre
613 1438 136 50 gånger
778 1439 9 34 i
817 1439 188 35 allmänna
1033 1437 237 49 tidningarna
1298 1436 120 36 införa
1446 1437 219 49 kungörelse
1694 1449 61 22 om
1784 1436 51 35 in-

239 1493 237 50 skrifningen.

345 1552 23 33 3
397 1561 99 23 mom.
551 1545 222 38 Förvärfvar
810 1546 54 49 sig
901 1559 108 36 egare
1046 1544 41 37 af
1117 1546 155 48 jernväg
1308 1543 144 38 utöfver
1481 1544 62 36 det
1571 1543 158 45 område,
1758 1556 77 24 som

237 1602 47 49 på
321 1607 71 31 sätt
429 1602 11 35 i
480 1604 19 34 2
541 1615 108 22 mom.
688 1608 80 42 sägs
806 1599 127 38 blifvit
970 1598 203 46 inskrifvet,
1202 1612 121 22 annan
1348 1598 85 50 jord
1462 1597 56 37 för
1548 1598 222 48 utvidgning
1798 1596 41 37 af

237 1656 167 36 området
432 1657 90 35 eller
550 1654 57 37 för
635 1655 239 49 omläggning
903 1653 40 36 af
967 1653 120 50 någon
1117 1653 59 36 del
1205 1652 41 36 af
1267 1654 211 48 jernvägen,
1503 1665 86 24 vare
1609 1652 73 35 han
1701 1652 135 48 pligtig

237 1716 55 31 att
320 1710 75 36 låta
425 1708 178 38 inskrifva
632 1708 111 37 sådan
768 1709 85 48 jord
882 1708 116 36 såsom
1015 1684 173 59 hörande
1216 1707 61 36 till
1302 1708 219 47 jernvägens
1540 1705 157 37 område,
1727 1705 109 36 Hvad

237 1764 112 37 ofvan
377 1765 13 34 i
423 1767 14 34 I
472 1777 110 22 mom.
612 1771 39 28 är
680 1763 171 49 stadgadt
884 1762 192 49 angående
1097 1762 169 35 vilkoren
1294 1760 57 36 för
1380 1761 220 48 anteckning
1628 1760 12 35 i
1669 1758 169 50 lagfarts-

238 1819 227 48 protokollet
498 1823 54 30 att
582 1817 84 49 jord
702 1792 129 61 tillhör
855 1815 333 50 jernvägsområde,
1218 1816 97 48 gälle
1344 1815 67 35 ock
1439 1815 13 34 i
1480 1814 226 49 tillämpliga
1735 1813 102 36 delar

239 1874 9 34 i
287 1871 106 50 fråga
430 1886 60 21 om
521 1872 105 49 dylik
656 1871 221 48 anteckning
906 1869 186 50 angående
1120 1870 118 35 denna
1264 1869 93 48 jord.
1413 1869 107 35 Bevis
1548 1881 60 23 om
1638 1867 109 37 sådan
1777 1880 60 22 an-

239 1927 184 48 teckning,
459 1925 37 36 så
533 1926 68 35 ock
639 1925 127 36 derom
795 1930 54 30 att
873 1924 131 49 jorden
1033 1923 70 36 den
1132 1923 82 49 dag,
1243 1922 267 49 anteckningen
1538 1921 144 45 skedde,
1711 1922 30 48 ej
1772 1934 66 24 var

242 1985 144 39 utmätt,
422 1980 104 36 skola
560 1978 40 36 af
631 1986 133 41 eégaren
797 1977 158 50 ingifvas
984 1979 59 34 till
1072 1977 70 36 den
1170 1978 98 44 Rätt,
1297 1990 78 23 som
1404 1975 125 37 blifvit
1556 1975 200 37 förordnad
1785 1980 54 31 att

242 2040 164 43 upptaga
443 2032 125 51 frågor
606 2032 187 50 angående
830 2032 211 49 inteckning
1078 2032 12 35 i
1125 2031 211 49 jernvägen,
1374 2031 68 36 och
1479 2030 72 36 låte
1584 2031 133 36 Rätten
1746 2031 13 35 i
1786 2030 52 34 in-

240 2087 323 50 skrifningsboken
598 2086 179 37 inskrifva
809 2086 128 49 jorden
966 2086 116 36 såsom
1111 2085 161 36 hörande
1300 2086 59 35 till
1383 2086 209 47 jernvägen.
1649 2084 80 35 Den
1754 2083 85 49 jord

240 2141 101 37 häfte
384 2140 158 38 derefter
583 2142 77 35 lika
701 2141 84 36 med
823 2142 201 48 jernvägen
1061 2140 12 35 i
1111 2138 112 51 öfrigt
1260 2139 57 36 för
1345 2139 222 49 inteckning,
1596 2152 78 22 som
1702 2138 13 35 i
1739 2139 99 47 jern-

241 2204 117 42 vägen
397 2204 39 28 är
473 2195 178 37 faststäld.
708 2195 219 37 Underlåter
965 2207 132 37 egaren
1126 2199 54 31 att
1207 2193 75 37 låta
1310 2192 178 38 inskrifva
1516 2193 109 36 sådan
1651 2192 95 49 jord,
1775 2205 64 36 ege

242 2252 133 35 Rätten
409 2249 46 50 på
488 2249 275 50 framställning
797 2248 40 37 af
871 2249 79 45 den,
985 2262 77 23 som
1096 2249 66 35 har
1190 2248 211 49 inteckning
1429 2248 12 34 i
1466 2248 212 49 jernvägen,
1708 2259 132 37 genom

244 2305 75 36 vite
347 2304 162 36 tillhålla
538 2304 69 36 den
635 2303 216 50 försumlige
880 2308 55 31 att
961 2302 165 50 fullgöra
1154 2303 62 36 sitt
1244 2302 203 50 åliggande.
