2206 2686
754 226 79 38 Lag-
841 222 162 47 Utskottets
1018 226 152 30 Utlåtande
1194 227 56 29 N:o
1274 228 54 28 28.
1817 228 15 28 7

345 308 26 34 2
406 317 99 24 mom.
567 304 78 37 Har
676 306 214 50 inteckning
922 307 11 35 i
963 307 156 49 jernväg
1153 305 46 51 på
1233 306 121 50 grund
1382 305 106 38 deraf
1514 311 54 32 att
1596 307 164 37 konkurs
1788 308 51 35 in-

239 358 125 37 träffat
393 358 127 38 blifvit
548 373 132 36 genom
709 361 85 48 laga
822 359 101 37 kraft
950 361 139 50 egande
1118 362 122 36 beslut
1263 360 190 37 förklarad
1473 375 88 22 vara
1581 366 89 31 utan
1690 363 150 44 verkan,

240 413 46 36 då
314 413 61 36 må
403 414 68 36 ock
499 413 46 50 på
573 415 161 35 ansökan
763 414 41 36 af
828 428 50 37 ny
907 428 117 36 egare,
1053 415 108 37 hvars
1184 416 215 49 eganderätt
1418 416 59 35 till
1493 417 200 48 jernvägen
1713 415 127 38 blifvit

238 467 213 46 inskrifven,
480 469 256 48 inteckningen
766 469 122 44 dödas,
917 475 90 30 utan
1036 469 129 36 hinder
1194 469 106 36 deraf
1326 475 53 31 att
1409 470 70 35 den
1508 470 189 48 handling,
1725 470 115 37 hvarå

238 522 213 49 inteckning
486 523 180 48 beviljats,
702 523 31 48 ej
770 522 132 37 företes
937 524 10 35 i
981 522 270 47 hufvudskrift;
1286 524 93 36 dock
1413 524 95 36 skall
1544 524 152 36 kallelse
1732 524 21 36 å
1787 525 51 35 in-

239 575 369 50 teckningshafvaren
637 576 166 37 utfärdas
831 578 67 35 och
928 577 157 37 derefter
1113 578 85 36 med
1227 578 149 36 ärendet
1404 577 37 37 så
1469 577 156 37 förfaras
1654 592 77 23 som
1756 579 11 35 i
1789 581 47 35 23

241 630 18 49 $
289 631 10 34 1
328 631 160 36 nämnda
516 630 217 50 förordning
762 632 155 49 stadgas.

993 725 42 35 13
1067 723 28 49 $.

348 810 78 37 Har
461 812 222 49 aktiebolag,
717 825 77 23 som
829 812 116 49 enligt
977 811 41 37 af
1046 812 207 50 Konungen
1286 812 167 37 faststäld
1483 814 287 49 bolagsordning
1798 821 40 29 är

240 865 146 36 bildadt
418 866 13 34 i
464 865 172 37 ändamål
672 870 55 31 att
761 867 158 48 anlägga
950 867 165 49 jernväg,
1150 866 147 37 erhållit
1328 872 75 31 rätt
1435 872 54 31 att
1522 869 116 48 enligt
1666 869 172 48 gällande

240 918 262 50 författningar
541 933 60 22 om
638 920 102 48 jords
781 921 89 35 eller
902 921 189 49 lägenhets
1126 920 185 37 afstående
1345 920 57 37 för
1435 923 157 34 allmänt
1623 921 115 37 behof
1767 921 71 37 för-

240 972 129 38 värfva
396 974 62 35 till
482 975 201 48 jernvägen
712 973 219 50 erforderlig
956 975 94 48 jord,
1079 975 67 35 och
1174 976 69 35 vill
1268 976 159 49 bolaget,
1446 976 112 35 innan
1577 976 71 35 den
1667 977 59 34 till
1742 978 95 47 jern-

240 1034 117 42 vägen
385 1027 162 36 hörande
572 1028 83 48 jord
685 1029 69 35 och
782 1029 166 49 bolagets
976 1029 215 49 eganderätt
1218 1029 60 36 till
1303 1030 199 49 jernvägen
1534 1028 135 47 blifvit,
1697 1030 48 48 på
1768 1036 71 31 sätt

241 1082 11 34 i
286 1084 22 34 4
339 1081 18 49 $
387 1089 91 41 sägs,
506 1081 190 46 inskrifna,
725 1088 165 44 upptaga
919 1082 58 36 lån
1007 1084 59 34 till
1096 1084 89 35 visst
1213 1084 146 48 belopp,
1387 1084 117 36 under
1532 1084 122 35 vilkor
1682 1089 55 31 att
1763 1084 75 36 lån-

239 1134 167 51 gifvaren
442 1136 94 36 skall
572 1137 11 34 i
613 1137 200 49 jernvägen
846 1136 142 50 åtnjuta
1021 1136 245 47 förmånsrätt,
1299 1150 78 24 som
1409 1138 12 35 i
1459 1140 43 35 14
1535 1138 17 49 $
1581 1138 155 50 stadgas,
1764 1138 73 37 låte

240 1189 47 36 då
320 1191 151 48 bolaget
503 1191 60 35 till
598 1191 69 35 den
695 1192 99 44 Rätt,
823 1205 77 22 som
925 1192 149 48 jemlikt
1104 1195 19 33 2
1156 1192 18 48 $
1203 1199 39 28 är
1271 1192 136 36 vorden
1436 1191 201 37 förordnad
1666 1198 54 30 att
1747 1207 90 35 upp-

240 1250 86 43 taga
359 1243 125 50 frågor
519 1244 187 50 angående
742 1246 212 48 inteckning
988 1247 11 33 i
1029 1246 211 49 jernvägen,
1274 1245 142 50 ingifva
1444 1247 10 34 i
1484 1245 257 38 hufvudskrift
1769 1248 69 35 den

239 1297 233 47 förbindelse,
500 1298 116 37 hvarå
643 1298 150 37 fordran
823 1300 171 49 grundas,
1022 1301 100 44 eller,
1151 1300 64 36 der
1243 1300 99 36 lånet
1371 1305 177 45 upptages
1573 1307 100 30 emot
1690 1302 144 49 tryckta

240 1353 91 35 eller
359 1353 201 48 graverade
589 1354 254 48 obligationer,
873 1354 43 35 de
944 1354 60 35 till
1033 1353 99 37 lånet
1159 1354 161 36 hörande
1349 1355 301 49 obligationerna.
1703 1356 132 36 Rätten

240 1405 175 38 inskrifve
443 1406 279 37 förmånsrätten
754 1409 10 34 i
794 1406 358 51 inskrifningsboken
1182 1407 56 37 för
1261 1409 201 48 jernvägen
1491 1409 67 35 och
1584 1408 71 37 låte
1676 1410 83 35 med
1779 1410 56 36 be.

240 1461 54 36 vis
323 1460 125 37 derom
478 1460 94 37 förse
600 1458 246 40 förbindelsen
878 1463 90 35 eller
996 1463 302 48 obligationerna.

988 1573 45 35 14
1063 1571 27 48 $.

347 1659 56 36 Då
430 1659 222 50 inskrifning
681 1659 40 36 af
746 1659 235 37 förmånsrätt
1009 1660 57 36 för
1093 1660 151 37 fordran
1273 1662 105 41 skett,
1407 1661 46 49 på
1481 1667 70 31 sätt
1579 1663 11 34 i
1624 1665 44 35 13
1700 1663 18 49 $
1748 1670 89 42 sägs,

239 1714 103 48 njute
378 1712 319 51 fordringsegaren
730 1720 82 30 näst
843 1713 93 38 efter
970 1715 44 35 de
1049 1716 230 48 borgenärer,
1314 1716 144 36 hvilkas
1492 1715 210 51 fordringar
1735 1718 103 35 skola

240 1767 89 49 utgå
361 1768 85 35 med
479 1767 237 37 förmånsrätt
745 1767 92 37 efter
876 1772 42 33 17
958 1770 81 47 kap.
1074 1769 311 45 Handelsbalken,
1414 1769 236 37 förmånsrätt
1676 1770 80 36 från
1786 1772 51 35 in-

240 1820 319 51 skrifningsdagen
596 1823 10 34 i
642 1822 68 36 den
745 1823 58 35 till
833 1824 200 48 jernvägen
1068 1823 161 36 hörande
1263 1822 94 37 fasta
1389 1824 180 49 egendom
1604 1830 96 30 samt
1727 1826 12 34 i
1767 1825 70 36 den

239 1876 138 48 rörliga
406 1876 168 36 materiel
600 1877 66 35 och
688 1876 43 36 de
752 1877 221 36 inventarier
991 1878 60 35 till
1071 1878 183 44 stationer,
1274 1878 212 36 verkstäder
1506 1878 67 36 och
1589 1879 114 36 andra
1722 1880 114 49 bygg-

240 1930 124 44 nader,
397 1930 130 36 hvilka
562 1938 61 28 äro
658 1929 56 37 för
744 1932 200 48 jernvägen
978 1931 151 36 afsedda
1164 1932 67 35 och
1265 1932 89 36 höra
1387 1933 222 48 gäldenären
1638 1934 75 43 till;
1743 1934 92 35 dock

241 1984 97 48 gälle
374 1985 31 47 ej
443 1983 236 37 förmånsrätt
711 1986 59 35 till
805 1990 116 40 ränta,
955 1999 76 23 som
1061 1984 78 37 före
1168 1987 210 49 utmätning
1406 1988 91 34 eller
1526 1988 127 47 början
1683 1986 41 37 af
1749 1989 87 35 kon-

240 2038 89 35 kurs
362 2039 193 48 upplupen
590 2046 49 38 är,
674 2038 57 37 för
764 2040 125 49 längre
923 2040 52 36 tid
1011 2047 45 28 än
1085 2046 54 30 tre
1168 2040 48 36 år.
1273 2039 224 51 Inskrifning
1525 2040 41 37 af
1591 2040 246 47 förmånsrätt,

241 2105 78 22 som
348 2092 95 36 skett
470 2093 101 36 inom
601 2106 43 23 en
674 2093 132 36 månad
835 2093 77 37 före
941 2094 70 36 den
1040 2094 73 50 dag
1141 2095 203 48 gäldenärs.
1362 2096 162 35 konkurs
1552 2096 178 48 börjades,
1751 2110 86 23 vare

240 2150 90 32 utan
360 2147 147 36 verkan.

992 2223 43 35 15
1067 2220 29 49 $.

347 2307 111 37 Söker
487 2309 190 49 borgenär,
709 2308 54 37 för
791 2310 109 36 hvars
929 2309 150 37 fordran
1109 2309 235 38 förmånsrätt
1371 2313 116 48 enligt
1521 2315 43 34 13
1595 2312 18 49 $
1643 2311 124 38 blifvit
1786 2313 51 35 in-
