1924 2788
281 140 19 30 8
711 143 274 30 Statsutskottets
1007 141 175 31 utlåtande
1203 151 40 20 nr
1270 140 69 31 190.

283 228 139 29 kronor.
448 227 66 30 För
538 228 66 29 den
627 226 107 31 första
758 226 376 36 utbyggnadsetappen,
1156 225 179 29 beräknad
1357 224 49 30 till
1429 223 55 31 två
1509 223 47 35 år,
1579 224 64 29 har
1666 224 122 35 Kungl.

283 278 103 36 Maj:t
407 277 98 30 äskat
528 278 62 29 750
605 278 62 29 000
688 277 139 35 kronor,
848 285 105 21 varav
975 276 63 29 259
1052 276 63 29 000
1135 276 130 29 kronor
1287 275 110 30 skulle
1419 275 136 30 anvisas
1575 274 46 36 på
1642 274 146 36 tilläggs-

284 332 67 26 stat
374 328 55 29 för
451 327 234 30 innevarande
704 325 176 38 budgetår.

330 378 170 30 Utskottet
526 378 58 29 vill
608 377 122 36 erinra,
757 380 48 27 att
831 376 224 36 huvudsyftet
1080 377 79 29 med
1182 375 204 37 legodriften
1413 375 120 30 hittills
1560 374 78 31 från
1662 378 127 27 statens

286 429 75 30 sida
386 429 75 30 icke
486 429 88 30 varit
597 431 50 28 att
671 428 118 36 uppnå
814 428 89 30 vinst
929 431 84 27 utan
1038 431 50 27 att
1112 427 11 30 i
1150 436 42 21 en
1217 427 55 29 för
1299 427 134 29 landets
1457 425 331 36 metallförsörjning

285 481 167 35 brydsam
471 479 48 31 tid
537 478 131 31 erhålla
687 479 145 30 tillskott
851 478 50 31 till
919 477 60 31 vår
997 478 193 35 beredskap
1208 476 46 37 på
1275 477 92 30 detta
1387 475 150 32 område.
1561 476 139 31 Samma
1718 475 69 30 för-

284 530 283 36 sörjningsmotiv
586 529 180 36 föreligger
782 529 77 30 icke
876 530 126 35 längre.
1023 528 64 30 Det
1106 528 11 30 i
1137 527 259 36 propositionen
1414 536 48 21 nu
1482 526 217 31 framställda
1718 526 68 30 för-

286 581 107 35 slaget
414 581 63 29 bör
501 580 119 30 därför
642 580 164 30 bedömas
829 580 80 29 med
930 579 137 36 hänsyn
1091 579 50 29 till
1162 578 159 30 normala
1342 576 445 31 marknadsförhållanden.

330 629 52 31 Då
401 639 42 21 av
461 629 258 37 propositionen
742 633 49 26 att
810 629 103 30 döma
935 629 42 30 de
995 629 186 35 planerade
1200 627 377 37 tillredningsarbetena
1597 627 75 30 icke
1693 628 96 29 kom-

287 691 58 20 ma
366 685 50 27 att
434 682 98 29 ställa
552 680 107 37 några
677 682 107 28 större
803 681 86 29 krav
907 679 45 36 på
970 679 210 31 arbetskraft
1198 679 81 30 eller
1296 678 167 35 material,
1484 688 102 26 synas
1605 680 79 29 med
1703 678 84 29 hän-

285 740 64 27 syn
374 731 50 30 (ill
449 730 312 36 investeringsläget
786 729 273 36 betänkligheter
1084 729 173 36 knappast
1284 729 135 30 behöva
1445 730 93 29 möta
1563 733 72 26 mot
1659 731 49 27 att
1736 728 53 29 de-

286 791 134 20 samma
441 781 142 29 komma
607 781 50 29 till
677 780 193 30 utförande.
893 778 215 31 Framhållas
1130 779 56 30 må
1207 779 188 30 emellertid
1419 783 49 26 att
1489 779 55 30 det
1565 778 226 31 ekonomiska

285 831 137 31 utfallet
447 841 41 21 av
517 830 248 37 investeringen
793 831 41 30 är
857 830 11 30 i
896 831 121 35 högsta
1041 830 86 36 grad
1154 829 169 31 beroende
1352 828 45 38 på
1423 829 368 36 prisfluktuationerna

286 880 45 38 på
351 881 211 37 importerad
582 882 145 35 koppar.
752 881 65 30 Det
839 882 39 29 är
898 880 119 30 därför
1036 880 173 36 knappast
1229 880 133 38 möjligt
1384 883 48 27 att
1451 882 78 29 med
1548 879 115 37 någon
1684 880 109 30 större

285 933 86 35 grad
398 942 42 20 av
465 932 159 30 säkerhet
648 932 148 30 bedöma
825 931 189 30 utsikterna
1040 933 49 28 att
1114 929 45 31 nå
1185 935 48 26 ett
1259 930 329 31 inkomstöverskott
1614 940 42 20 av
1682 930 110 31 sådan

286 982 304 36 storleksordning,
615 985 49 27 att
691 982 191 30 detsamma
908 981 172 36 medgiver
1105 981 209 36 amortering
1335 981 67 29 och
1429 980 217 36 förräntning
1670 990 42 20 av
1737 981 56 29 det

286 1033 171 35 nedlagda
476 1032 175 36 kapitalet.
675 1032 63 30 Det
759 1032 71 30 kan
852 1031 123 31 härvid
997 1041 83 20 vara
1102 1041 41 20 av
1164 1032 142 29 intresse
1330 1034 48 27 att
1399 1030 196 36 framhålla,
1619 1035 48 26 att
1687 1031 106 35 enligt

286 1083 96 30 inom
407 1083 417 35 handelsdepartementet
847 1082 208 30 verkställda
1082 1081 234 37 beräkningar
1339 1091 44 20 av
1406 1081 386 31 räntabilitetsutsikter-

284 1143 46 20 na
359 1134 55 30 det
437 1134 108 35 lägsta
568 1133 218 36 kopparpris,
812 1142 75 21 som
913 1133 110 30 skulle
1048 1132 156 36 medgiva
1231 1132 64 30 full
1319 1132 210 36 amortering
1554 1132 65 30 och
1644 1132 147 29 förränt-

285 1183 95 37 ning,
400 1185 98 34 utgör
523 1184 14 29 1
554 1184 63 29 450
637 1183 138 31 kronor.
798 1183 14 30 I
836 1184 125 35 dagens
982 1183 76 35 läge
1078 1183 78 29 med
1178 1185 45 27 ett
1243 1182 150 36 stoppris
1413 1181 44 37 på
1476 1183 137 35 koppar
1634 1192 42 20 av
1698 1184 15 28 1
1728 1183 64 29 910

286 1235 132 28 kronor
439 1243 60 27 per
525 1237 60 26 ton
611 1233 171 30 beräknas
806 1232 205 37 legodriften
1036 1234 118 29 lämna
1180 1236 46 27 ett
1250 1233 292 30 bruttoöverskott
1566 1242 41 21 av
1633 1232 161 36 omkring

286 1285 19 29 3
320 1285 65 29 300
399 1285 62 29 000
484 1284 131 30 kronor
637 1283 54 30 för
714 1283 47 31 år.

331 1330 94 34 Även
451 1344 56 20 om
532 1334 56 30 det
611 1334 186 36 planerade
822 1333 165 37 företaget
1010 1333 54 31 får
1090 1342 99 21 anses
1210 1334 11 30 i
1244 1333 68 31 viss
1338 1332 81 31 mån
1444 1333 222 36 riskbetonat,
1690 1342 103 28 synas

287 1385 91 30 dock
407 1384 90 30 vissa
527 1385 75 29 skäl
628 1384 71 30 tala
728 1383 57 31 för
812 1386 49 28 att
890 1384 65 30 den
981 1382 202 38 ifrågasatta
1210 1384 244 36 utbyggnaden
1481 1384 64 30 bör
1574 1384 141 30 komma
1742 1384 50 30 till

287 1434 112 32 stånd.
429 1434 151 31 Sålunda
609 1435 97 31 torde
732 1433 115 31 såsom
875 1434 361 36 kommerskollegium
1265 1452 45 3 —
1340 1435 78 29 med
1446 1434 138 31 erinran
1611 1438 49 27 att
1689 1434 103 30 Lind-

285 1485 253 36 sköldsgruvan
559 1484 54 31 för
636 1485 217 30 närvarande
873 1485 157 36 bidrager
1052 1485 79 30 med
1155 1486 79 29 över
1256 1484 134 31 hälften
1413 1494 43 21 av
1476 1485 318 36 sligproduktionen

286 1536 59 29 vid
366 1536 198 30 Adakfältet
584 1553 44 3 —
650 1534 201 37 framhållit,
875 1534 137 31 fortsatt
1036 1535 82 30 drift
1140 1535 57 30 vid
1221 1536 113 30 denna
1358 1543 107 28 gruva
1489 1535 10 30 i
1520 1535 147 36 ungefär
1686 1545 104 21 nuva-

285 1586 111 30 rande
426 1585 209 37 omfattning
664 1587 121 35 utgöra
813 1586 246 35 förutsättning
1086 1585 55 31 för
1170 1590 49 26 att
1246 1586 264 30 verksamheten
1537 1587 12 30 i
1580 1585 97 32 fältet
1705 1586 87 31 skall

286 1636 122 31 kunna
434 1635 203 37 uppehållas
663 1636 56 30 vid
741 1646 45 20 en
813 1636 218 30 ekonomiskt
1054 1636 141 36 lämplig
1219 1636 137 30 storlek.
1381 1636 126 31 Vidare
1530 1638 41 29 är
1597 1641 49 26 att
1670 1637 122 30 märka

286 1689 50 28 att
358 1696 42 20 en
423 1685 228 37 åtstramning
673 1685 44 37 på
739 1686 353 36 kopparmarknaden
1112 1687 134 30 kunnat
1267 1686 197 31 förmärkas
1485 1687 79 30 med
1588 1686 136 37 påföljd
1744 1691 49 26 att

288 1738 92 30 vissa
402 1737 210 37 svårigheter
633 1738 165 36 föreligga
820 1741 49 27 att
890 1746 122 28 genom
1033 1737 107 36 inköp
1161 1736 80 31 från
1262 1738 157 30 utlandet
1439 1737 179 37 tillgodose
1637 1736 76 33 vårt
1734 1738 56 29 be-

286 1788 70 29 hov
377 1797 42 20 av
441 1788 143 35 koppar.
610 1787 64 31 Det
695 1787 63 30 bör
781 1787 169 38 därjämte
973 1787 154 36 beaktas,
1150 1791 48 27 att
1223 1788 65 29 den
1310 1787 230 36 importerade
1562 1788 159 36 kopparn
1741 1788 52 30 till

288 1839 125 29 största
434 1838 98 30 delen
550 1836 111 32 måste
679 1838 131 30 betalas
830 1838 11 30 i
859 1838 239 31 dollarvaluta.
1122 1838 201 36 Uppenbart
1344 1839 40 29 är
1403 1841 48 27 att
1473 1839 65 29 den
1559 1848 47 20 nu
1624 1838 168 30 beräkna-

287 1888 42 30 de
350 1888 254 36 produktionen
625 1888 156 30 kommer
803 1891 48 27 att
871 1889 120 35 utgöra
1012 1892 46 26 ett
1076 1888 79 32 icke
1175 1888 145 36 oviktigt
1339 1888 123 36 bidrag
1484 1888 49 31 till
1555 1889 134 32 landets
1708 1889 83 36 kop-

287 1938 286 38 parförsörjning.
596 1934 94 34 Även
709 1948 40 20 ur
768 1938 484 36 krigsberedskapssynpunkt
1270 1939 65 29 bör
1355 1938 164 37 förslaget
1541 1939 162 31 tillmätas
1725 1939 68 30 viss

286 1989 183 36 betydelse.

333 2039 170 30 Utskottet
529 2039 65 29 har
617 2039 57 31 vid
702 2038 149 37 angivna
875 2038 244 31 förhållanden
1143 2039 116 31 funnit
1282 2040 240 35 övervägande
1545 2040 74 30 skäl
1646 2041 68 30 tala
1738 2040 55 30 för

286 2093 49 26 att
363 2089 42 31 de
431 2089 194 36 föreslagna
652 2089 282 36 tillredningarna
957 2090 142 29 komma
1122 2089 51 30 till
1198 2088 100 32 stånd
1325 2090 65 30 och
1417 2090 187 36 tillstyrker
1626 2089 100 32 alltså
1752 2091 42 29 de

286 2139 56 30 för
368 2138 196 32 ändamålet
589 2139 149 36 begärda
761 2139 410 37 medelsanvisningarna.

332 2189 388 37 Departementschefen
741 2190 65 30 har
830 2190 12 30 i
863 2190 199 36 anslutning
1088 2190 51 31 till
1163 2194 46 27 ett
1232 2200 41 20 av
1299 2191 362 36 kommerskollegium
1686 2191 104 31 fram-

288 2240 94 30 ställt
408 2240 128 36 förslag
562 2240 172 35 förutsatt,
763 2243 49 27 att
841 2240 59 31 vid
928 2240 198 31 Adakfältet
1155 2241 111 30 skulle
1290 2240 170 37 uppföras
1487 2246 47 27 ett
1561 2241 137 32 Folkets
1726 2242 66 30 hus

287 2290 57 30 för
372 2291 203 35 personalen
609 2291 186 29 därstädes.
829 2290 114 36 Enligt
973 2291 65 29 den
1068 2290 235 37 föreliggande
1332 2291 179 31 motionen
1540 2293 111 30 skulle
1682 2294 111 29 staten

285 2341 119 30 lämna
429 2340 136 31 särskilt
588 2340 120 37 bidrag
732 2340 56 30 för
813 2341 359 36 samlingslokalernas
1195 2341 222 36 uppförande
1441 2343 65 29 och
1529 2342 190 36 inredning,
1744 2346 49 26 att

285 2391 169 30 bestridas
477 2390 80 31 från
579 2392 55 30 det
655 2400 47 21 nu
727 2391 129 30 äskade
881 2392 161 35 anslaget.
1069 2391 180 36 Utskottet,
1273 2401 74 21 som
1369 2392 10 30 i
1402 2392 109 31 likhet
1534 2393 80 30 med
1634 2392 157 37 departe-

286 2440 237 31 mentschefen
548 2441 115 30 finner
685 2441 313 36 kommerskollegii
1023 2441 128 37 förslag
1177 2442 217 36 synnerligen
1420 2443 253 36 beaktansvärt,
1698 2443 96 30 delar
