2212 2606
712 150 340 33 Jordbruksutskottets
1076 153 164 32 utlåtande
1263 156 52 30 Nr
1338 157 50 29 76.
1789 160 12 30 1

969 484 56 39 Nr
1056 480 60 64 76.

844 636 112 28 Ankom
975 637 41 27 till
1036 638 168 36 riksdagens
1223 640 92 27 kansli
1336 641 51 27 den
1407 643 18 25 8
1444 643 55 37 maj
1521 643 66 27 1918
1606 644 37 26 kl.
1663 645 16 24 2
1699 654 22 17 e.
1742 655 33 16 m.

453 774 192 36 Utlåtande
672 777 13 33 i
714 776 198 46 anledning
941 790 43 22 av
1013 779 137 45 Kungl.
1189 781 131 44 Maj:ts
1341 785 227 43 proposition
1597 786 81 34 med
1697 785 147 46 förslag

645 844 276 47 tillförordning
954 859 54 23 om
1045 849 144 35 ändrad
1224 850 130 44 lydelse
1382 863 44 23 av
1454 855 21 32 1
1507 854 62 34 och
1599 856 23 32 9
1648 854 54 45 $$
1729 856 13 33 i
1763 855 83 43 för-

645 913 200 45 ordningen
873 916 68 34 den
968 918 53 33 18
1041 918 89 41 juni
1157 920 101 33 1915
1286 930 55 24 om
1364 920 299 42 förekommande
1689 935 45 22 av
1759 929 88 29 över-

644 981 126 37 driven
798 984 216 44 avverkning
1033 986 21 33 å
1075 987 158 43 ungskog
1262 988 97 34 inom
1388 990 42 33 de
1459 990 100 34 delar
1582 1002 43 23 av
1651 991 195 37 Västerbot-

648 1054 77 32 tens
766 1052 63 35 och
855 1052 237 37 Norrbottens
1122 1054 72 44 län,
1224 1067 74 24 som
1327 1058 35 42 ej
1390 1058 88 34 höra
1508 1059 58 34 till
1595 1060 249 44 lappmarken,

645 1126 164 30 ävensom
838 1131 43 25 en
908 1122 13 34 i
950 1126 119 32 ämnet
1095 1125 104 34 väckt
1226 1127 145 34 motion.

1541 1178 73 48 (2:a
1643 1179 98 49 avd.)

374 1270 17 36 I
420 1284 46 23 en
495 1272 57 35 till
580 1272 208 49 riksdagen
812 1273 67 38 den
903 1276 21 35 5
945 1276 96 48 april
1064 1279 96 34 1918
1181 1279 161 46 avlåten,
1361 1280 56 36 till
1435 1281 410 48 jordbruksutskottets

244 1321 270 38 förberedande
543 1323 234 50 behandling
804 1326 181 37 hänvisad
1015 1329 247 48 proposition,
1291 1345 46 22 nr
1357 1334 85 45 245,
1473 1333 67 36 har
1563 1334 142 49 Kungl.
1726 1336 118 48 Maj:t,

246 1373 119 36 under
416 1374 240 49 åberopande
698 1389 47 22 av
785 1377 120 49 bilagt
946 1380 138 47 utdrag
1111 1394 46 22 av
1186 1383 414 49 statsrådsprotokollet
1628 1391 90 31 över
1740 1387 104 49 jord-

244 1423 282 38 bruksärenden
569 1426 57 37 för
667 1439 144 25 samma
840 1429 85 48 dag,
960 1430 193 48 föreslagit
1180 1432 205 49 riksdagen
1416 1441 55 31 att
1499 1442 142 43 antaga
1667 1438 63 36 vid
1759 1452 86 36 pro-

244 1476 214 48 positionen
501 1477 107 49 fogat
649 1478 146 50 förslag
829 1480 57 36 till
916 1481 223 51 förordning
1167 1496 60 24 om
1256 1486 143 37 ändrad
1426 1487 143 49 lydelse
1597 1502 47 23 av
1674 1491 18 34 1
1723 1491 71 35 och
1823 1493 20 34 9

244 1526 43 50 $$
329 1528 12 35 i
383 1529 272 49 förordningen
696 1531 72 36 den
806 1534 45 34 18
875 1533 85 48 juni
992 1536 96 35 1915
1118 1548 61 24 om
1210 1536 308 40 förekommande
1547 1554 47 22 av
1623 1541 221 38 överdriven

243 1579 240 49 avverkning
511 1584 20 33 å
559 1582 179 49 ungskog
765 1584 99 36 inom
895 1585 46 35 de
969 1586 101 36 delar
1099 1600 46 23 av
1179 1587 288 40 Västerbottens
1497 1592 69 36 och
1593 1592 251 39 Norrbottens

244 1631 73 47 län,
346 1644 82 24 som
457 1632 33 47 ej
522 1632 91 37 höra
642 1634 55 36 till
725 1635 257 49 lappmarken.

373 1683 199 49 Förslaget
600 1685 56 36 till
684 1686 224 50 förordning
936 1693 40 31 är
1004 1703 47 22 av
1078 1690 169 49 följande
1274 1692 157 49 lydelse:

871 1771 350 53 Förordning

239 1845 63 24 om
334 1838 135 32 ändrad
500 1838 134 41 lydelse
664 1849 42 24 av
731 1840 17 32 1
772 1842 66 32 och
860 1842 22 32 9
905 1844 45 37 8$
974 1844 14 31 i
1010 1844 258 42 förordningen
1302 1847 67 33 den
1395 1848 40 33 18
1455 1849 83 42 juni
1563 1850 84 33 1913
1671 1860 57 24 om
1752 1852 92 34 före-

241 1888 211 35 kommande
475 1900 42 24 av
539 1890 213 36 överdriven
772 1895 219 41 avverkning
1006 1898 21 31 å
1042 1898 164 40 ungskog
1221 1899 99 33 inom
1337 1901 41 32 de
1395 1902 101 32 delar
1511 1912 42 24 av
1571 1903 272 35 Västerbottens

523 1944 69 32 och
615 1944 236 35 Norrbottens
874 1947 71 41 län,
967 1957 77 24 som
1068 1950 32 42 ej
1125 1950 89 33 höra
1238 1952 60 32 till
1320 1953 244 42 lappmarken.

374 2020 233 50 Härigenom
644 2023 210 48 förordnas,
887 2032 54 30 att
972 2029 17 33 1
1020 2029 70 35 och
1120 2031 21 34 9
1172 2029 44 50 88
1244 2031 12 35 i
1285 2032 272 50 förordningen
1585 2036 73 36 den
1690 2038 46 34 18
1759 2037 85 48 juni

248 2073 97 34 1915
384 2085 61 24 om
480 2074 311 38 förekommande
818 2090 47 22 av
894 2078 223 38 överdriven
1145 2083 238 49 avverkning
1411 2088 21 33 å
1460 2087 180 48 ung-skog
1668 2087 102 37 inom
1800 2089 44 36 de

243 2122 105 37 delar
376 2137 47 22 av
455 2125 281 39 Västerbottens
765 2128 69 37 och
863 2129 250 39 Norrbottens
1142 2133 74 48 län,
1237 2147 81 24 som
1344 2137 32 47 ej
1398 2136 93 37 höra
1510 2139 55 35 till
1585 2139 257 48 lappmarken,

248 2177 124 34 såsom
401 2175 108 38 dessa
537 2180 224 47 paragrafer
787 2180 88 49 lyda
903 2182 119 47 enligt
1052 2184 273 43 förordningen
1345 2188 71 36 den
1440 2191 44 34 19
1500 2190 86 48 juni
1609 2193 110 45 1917,
1740 2192 105 36 skola

244 2226 12 35 i
285 2227 123 36 nedan
437 2229 166 48 angivna
632 2231 102 36 delar
762 2232 140 37 erhålla
933 2234 164 48 följande
1125 2238 165 37 ändrade
1318 2240 135 48 lydelse
1475 2254 6 22 :

289 2287 129 44 Bihang
441 2290 49 31 till
512 2291 188 42 riksdagens
717 2293 158 41 protokoll
899 2295 94 31 1918.
1039 2296 43 32 10
1105 2298 89 31 saml.
1241 2299 43 32 34
1307 2299 80 41 häft.
1434 2303 68 33 (Nr
1525 2301 156 36 76—77.)
1789 2307 11 28 I
