1882 2782
471 133 404 41 Bevillningsutskottets
903 130 217 32 betänkande
1145 138 43 21 nr
1212 128 51 30 62.
1582 123 36 29 11

425 223 107 40 ligger
551 221 55 30 för
628 219 185 39 riksdagen
834 216 195 40 framlägga
1048 215 57 31 det
1126 214 129 39 förslag
1280 212 5 29 i
1306 213 118 29 ämnet
1445 219 74 21 som
1539 209 80 30 här-

426 283 42 21 av
486 272 58 30 må
563 270 209 32 föranledas.

161 343 204 31 Stockholm
387 341 66 30 den
477 340 38 29 16
538 338 186 31 november
748 335 94 31 1954.

545 440 49 30 På
619 435 399 41 bevillningsutskottets
1045 434 146 39 vägnar:

685 537 151 31 ADOLV
857 534 180 32 OLSSON.

753 744 241 32 Närvarande:

170 829 80 30 från
297 828 141 30 första
466 826 223 29 kammaren:
710 823 121 29 herrar
871 819 154 41 Sjödahl,
1046 818 171 32 Heäman,
1239 816 109 39 Spetz,
1371 812 125 31 Gustaf
1515 810 114 31 Elofs-

123 882 76 27 son,
230 872 96 35 Falk,
358 871 182 38 Ramberg,
570 867 183 35 Velander,
785 863 214 41 Söderquist,
1029 862 188 30 Niklasson
1247 859 65 30 och
1342 857 87 30 Erik
1457 856 168 32 Jansson;

123 917 93 28 samt

170 974 80 30 från
313 973 122 29 andra
466 971 222 30 kammaren:
710 969 121 29 herrar
852 966 126 30 Olsson
999 964 11 29 i
1030 963 114 35 Gävle,
1164 960 228 31 Kristensson
1410 958 11 29 i
1441 957 104 38 Osby,
1567 951 63 47 Or-

126 1017 95 40 gård,
241 1016 143 33 Brandt,
404 1014 172 38 Kollberg,
597 1011 223 32 Kärrlander,
839 1007 182 34 Wiklund,
1041 1004 161 41 Vigelsbo
1222 1003 64 30 och
1305 1001 141 29 Nilsson
1465 1000 11 29 i
1496 999 133 30 Svalöv.

748 1208 262 37 Reservation

173 1315 43 21 av
239 1305 121 29 herrar
386 1301 170 31 Velander
580 1300 66 30 och
669 1297 140 31 Nilsson
832 1297 13 29 i
870 1295 133 35 Svalöv,
1027 1294 96 30 vilka
1146 1292 110 30 under
1279 1287 213 39 hänvisning
1515 1285 53 31 till
1593 1286 41 30 de

131 1355 223 40 likalydande
379 1352 221 31 motionerna
625 1350 29 30 1:
671 1349 62 30 383
759 1358 41 21 av
826 1347 82 29 herr
934 1344 151 31 Ewerlöf
1110 1352 45 21 m.
1182 1342 36 30 fl.
1245 1341 65 30 och
1336 1339 46 30 II:
1399 1337 62 31 282
1488 1346 43 21 av
1554 1336 81 29 herr

131 1405 227 40 Hjalmarson
382 1413 46 20 m.
451 1403 39 30 fl.
515 1401 115 30 ansett
652 1401 53 28 att
729 1398 171 30 utskottet
923 1396 78 30 bort
1023 1392 195 36 hemställa,

487 1453 49 29 att
562 1451 188 38 riksdagen
777 1448 119 34 måtte,
924 1447 79 29 med
1028 1445 100 30 bifall
1155 1442 52 30 till
1234 1441 107 39 sagda
1367 1438 182 32 motioner,
1578 1445 59 22 an-

444 1504 78 38 taga
547 1502 41 29 de
614 1500 11 29 i
650 1499 220 31 motionerna
896 1495 195 39 framlagda
1117 1492 174 40 förslagen
1316 1490 54 30 till

489 1552 34 34 1)
549 1552 55 40 lag
624 1560 57 20 om
700 1548 148 41 ändring
872 1548 6 30 i
898 1543 424 39 kommunalskattelagen
1342 1541 68 30 den
1430 1538 41 30 28
1491 1537 148 41 septem-

443 1604 60 29 ber
528 1601 85 31 1928
642 1600 59 34 (nr
724 1598 100 36 370);
850 1598 92 29 samt

491 1653 36 34 2)
564 1650 206 40 förordning
803 1658 57 21 om
894 1647 148 39 ändring
1073 1644 12 30 i
1118 1643 251 39 förordningen
1402 1640 66 30 den
1500 1638 41 30 26
1573 1636 68 42 juli

448 1703 81 30 1947
561 1702 59 34 (nr
645 1700 80 35 576)
755 1709 57 21 om
838 1698 118 40 statlig
978 1694 263 32 inkomstskatt.
