1868 2778
252 142 18 29 4
606 141 404 39 Bevillningsutskottets
1037 142 217 29 betänkande
1280 151 41 19 nr
1346 142 52 29 62.

300 224 567 39 Sambeskattningssakkunnigas
887 223 131 40 förslag
1037 224 10 29 i
1066 224 115 29 denna
1200 224 55 29 del
1274 224 106 29 mötte
1400 223 58 29 vid
1478 222 280 31 remissbehand-

256 275 114 39 lingen
395 284 44 20 en
463 274 169 39 ingående
657 274 119 35 kritik,
801 274 43 30 bl.
871 283 29 20 a.
928 273 79 30 från
1031 273 421 31 överståthållarämbetet
1477 273 64 30 och
1566 274 48 29 ett
1639 273 117 29 flertal

256 325 252 39 länsstyrelser.

300 375 13 29 I
330 374 220 30 betänkande
569 374 178 39 angående
766 374 65 29 den
851 374 140 39 statliga
1010 374 135 30 direkta
1164 373 270 39 beskattningen
1459 373 99 34 (SOU
1580 374 170 29 1951:51)

254 426 136 38 yttrade
414 426 85 29 1949
519 425 56 29 års
598 424 305 40 skatteutredning
927 425 147 29 rörande
1098 424 564 39 sambeskattningssakkunnigas
1687 424 69 29 för-

255 475 72 39 slag
350 475 44 29 bl.
419 484 40 24 a.,
484 476 50 28 att
557 474 65 30 den
646 474 110 29 kritik
779 474 167 38 förslaget
969 474 87 29 mött
1078 473 57 30 vid
1160 473 383 39 remissbehandlingen
1566 473 94 40 finge
1685 474 71 29 sär-

256 526 90 30 skild
366 526 108 39 tyngd
491 524 215 40 därigenom,
727 527 49 27 att
796 525 40 29 de
856 525 243 39 myndigheter
1120 534 76 20 som
1215 525 88 29 hade
1325 527 162 27 ansvaret
1509 524 53 30 för
1582 523 174 39 taxering-

259 586 83 21 arna
362 578 127 28 nästan
509 576 225 39 enstämmigt
754 576 93 29 ställt
868 576 53 39 sig
941 576 184 29 avvisande
1147 576 83 29 eller
1252 576 90 39 gjort
1364 576 180 38 allvarliga
1563 575 194 39 erinringar

255 628 72 28 mot
348 626 176 39 förslaget.
546 626 161 29 Kritiken
728 626 116 30 visade
866 627 52 28 att
939 635 43 20 en
1004 626 136 39 lösning
1160 636 43 20 av
1223 626 122 39 frågan
1369 626 107 39 enligt
1497 626 40 29 de
1560 635 41 20 av
1623 626 133 29 sambe-

257 675 397 39 skattningssakunniga
684 675 198 39 föreslagna
912 675 198 39 grunderna
1139 675 76 29 icke
1244 684 80 21 vore
1353 674 178 40 praktiskt
1560 674 197 40 genomför-

254 726 71 30 bar.
353 726 354 39 Skatteutredningen
732 726 224 30 diskuterade
982 726 151 29 därefter
1159 726 94 29 olika
1277 726 222 39 möjligheter
1524 727 50 29 att
1599 726 156 29 utforma

257 775 333 40 förvärvsavdraget.
621 776 239 39 Utredningen
891 775 87 30 fann
1010 777 49 28 att
1090 775 117 30 därest
1238 775 121 30 kravet
1391 775 44 39 på
1467 775 289 39 förvärvsavdrag

255 827 85 29 även
362 827 55 29 för
439 826 86 39 gifta
545 826 160 34 kvinnor,
728 836 73 20 som
823 826 160 30 biträdde
1004 836 151 19 mannen
1176 827 11 28 i
1209 827 130 29 dennes
1361 826 394 33 förvärvsverksamhet,

256 875 74 30 icke
348 876 118 29 kunde
483 875 137 30 avvisas
638 875 116 30 såsom
772 875 171 39 obefogat,
963 885 116 21 annan
1096 875 184 40 möjlighet
1298 875 75 29 icke
1392 875 98 29 torde
1509 875 52 29 stå
1579 876 114 38 öppen
1713 876 43 29 än

257 926 49 28 att
332 925 53 30 för
411 925 102 30 deras
538 925 54 29 del
617 925 118 30 införa
760 927 47 28 ett
832 925 71 31 fast
929 925 290 40 förvärvsavdrag
1246 925 51 29 till
1323 926 86 29 visst
1437 925 92 39 lägre
1554 925 125 39 belopp
1706 926 50 28 att

256 976 176 39 medgivas
452 975 87 31 efter
558 976 173 39 generella
750 976 160 39 grunder.
932 976 60 30 Att
1010 976 164 39 avdraget
1192 976 197 29 bestämdes
1410 976 93 38 lägre
1523 977 44 29 än
1586 975 54 29 för
1661 975 97 29 hust-

256 1034 59 20 rur
340 1025 78 29 med
443 1034 84 31 egen
551 1026 274 29 arbetsinkomst
849 1026 99 29 torde
972 1025 36 30 få
1032 1035 101 20 anses
1158 1026 184 29 motiverat
1367 1025 212 40 därigenom,
1605 1027 51 28 att
1681 1025 41 29 de
1748 1026 9 28 i

256 1084 170 21 mannens
445 1076 224 30 verksamhet
689 1076 202 39 sysselsatta
911 1076 191 29 hustrurna
1122 1076 162 39 vanligen
1303 1076 89 29 hade
1414 1076 60 29 sitt
1494 1076 114 29 arbete
1629 1075 128 39 förlagt

256 1127 52 29 till
325 1126 150 31 hemmet
495 1127 63 29 och
577 1127 116 29 kunde
714 1127 184 37 disponera
917 1127 54 29 sin
989 1127 48 29 tid
1057 1127 43 36 på
1119 1128 47 28 ett
1187 1127 104 29 friare
1312 1127 76 33 sätt,
1407 1126 198 37 varigenom
1626 1127 130 29 arbetet

256 1176 54 29 för
333 1176 100 29 deras
457 1176 55 30 del
535 1176 181 30 medförde
739 1176 135 30 mindre
898 1176 151 30 avbräck
1072 1176 65 29 och
1160 1176 189 29 kostnader
1374 1177 44 29 än
1443 1185 56 20 om
1523 1175 40 30 de
1587 1175 78 30 haft
1689 1176 68 28 för-

258 1227 220 30 värvsarbete
511 1228 141 30 utanför
685 1228 161 29 hemmet.
880 1228 75 30 Vad
989 1228 145 39 anginge
1168 1227 121 39 frågan
1313 1237 56 20 om
1393 1227 289 40 förvärvsavdrag
1705 1227 54 29 för

256 1275 124 30 hustru
401 1276 79 30 med
501 1284 83 31 egen
604 1276 157 31 inkomst
780 1285 42 21 av
840 1276 174 40 jordbruk
1033 1276 164 40 påvisade
1218 1276 233 39 utredningen
1471 1276 91 30 vissa
1584 1275 174 39 svårighe-

256 1329 51 27 ter
325 1328 49 28 att
390 1326 140 30 rättvist
548 1327 130 39 avväga
697 1329 49 28 ett
764 1327 124 30 sådant
908 1327 129 39 avdrag
1056 1328 185 38 gentemot,
1261 1327 20 29 å
1299 1336 65 20 ena
1383 1327 102 29 sidan
1504 1328 47 28 ett
1570 1326 187 31 eventuellt

256 1376 128 39 avdrag
407 1376 56 30 för
485 1376 134 34 hustru,
645 1385 76 21 som
743 1376 158 30 biträdde
925 1377 54 29 sin
1003 1386 81 20 man
1106 1377 11 28 i
1139 1376 218 39 jordbruket,
1381 1377 66 29 och
1471 1376 19 30 å
1513 1376 108 30 andra
1646 1376 110 33 sidan,

256 1426 290 41 förvärvsavdrag
563 1426 53 30 för
634 1427 65 39 gift
716 1427 130 29 kvinna
863 1427 80 29 med
960 1427 154 30 inkomst
1131 1436 43 20 av
1190 1427 139 30 rörelse.
1347 1427 237 39 Utredningen
1602 1427 155 29 uttalade

255 1476 127 35 vidare,
402 1478 52 29 att
473 1476 73 30 risk
564 1476 55 30 för
639 1476 251 40 överflyttning
909 1486 42 20 av
970 1477 172 39 jordbruk
1161 1476 45 40 på
1225 1477 151 29 hustrun
1397 1477 223 39 uppkomme,
1641 1477 116 29 därest

254 1529 49 27 ett
326 1528 86 29 visst
437 1528 92 39 lägre
554 1528 289 39 förvärvsavdrag
868 1528 157 30 infördes
1051 1528 54 29 för
1129 1529 127 28 hustru
1283 1538 75 20 som
1382 1528 160 29 biträdde
1567 1537 154 20 mannen
1746 1528 10 28 i

255 1576 218 38 jordbruket,
493 1577 63 29 och
574 1577 48 28 ett
640 1579 110 28 annat
767 1577 105 39 högre
891 1577 130 39 avdrag
1040 1577 240 39 stipulerades,
1300 1586 56 20 om
1375 1577 153 29 hustrun
1547 1577 90 39 själv
1655 1577 102 29 dreve

255 1626 218 39 jordbruket.
493 1627 393 39 Sammanfattningsvis
905 1627 146 30 anförde
1072 1627 82 30 1949
1174 1627 57 30 års
1250 1627 313 39 skatteutredning,
1582 1628 51 28 att
1651 1626 107 39 enligt

256 1677 252 39 utredningens
530 1677 141 39 mening
694 1677 326 40 förvärvsavdraget
1042 1677 76 30 icke
1142 1677 117 30 kunde
1282 1677 194 30 bibehållas
1499 1677 11 29 i
1535 1677 224 38 skattesyste-

256 1729 71 27 met
342 1746 43 3 -—
402 1728 65 28 och
486 1728 43 29 än
547 1727 135 29 mindre
700 1727 101 40 höjas
817 1746 44 3 —
877 1729 86 28 utan
981 1728 50 29 att
1048 1727 98 39 fråga
1164 1727 110 30 måste
1291 1727 217 40 uppkomma
1526 1736 56 20 om
1600 1728 50 28 att
1669 1736 90 20 sam-

256 1777 100 39 tidigt
376 1777 118 30 införa
515 1779 46 28 ett
582 1777 167 30 liknande
770 1777 128 40 avdrag
920 1777 55 30 för
996 1777 85 40 gifta
1102 1777 160 36 kvinnor,
1283 1777 94 30 vilka
1399 1776 135 40 deltoge
1554 1777 11 29 i
1586 1785 172 21 mannens

256 1827 172 39 jordbruk
455 1828 82 29 eller
562 1828 130 29 rörelse
719 1837 78 20 men
822 1828 95 29 vilka
944 1828 106 39 enligt
1075 1827 161 40 gällande
1261 1827 264 31 bestämmelser
1551 1828 75 29 icke
1654 1827 105 39 själv-

257 1878 152 39 ständigt
429 1877 180 30 taxerades
630 1878 55 29 för
705 1877 120 31 värdet
844 1887 43 20 av
907 1878 61 30 sitt
988 1878 74 30 däri
1082 1877 171 39 nedlagda
1273 1877 127 31 arbete.
1421 1879 54 28 En
1495 1877 107 30 sådan
1623 1877 136 39 utvidg-

257 1928 83 39 ning
365 1937 42 20 av
432 1928 326 38 förvärvsavdraget
782 1936 80 21 vore
888 1928 192 29 emellertid
1106 1928 77 29 icke
1208 1928 177 39 praktiskt
1411 1927 255 40 genomförbar.
1693 1928 65 29 Det

257 1978 122 29 dittills
398 1977 159 40 gällande
576 1977 326 39 förvärvsavdraget
920 1977 100 34 hade,
1040 1978 126 30 främst
1184 1977 45 40 på
1247 1978 114 30 denna
1380 1978 124 39 grund,
1524 1979 132 28 ansetts
1676 1986 82 21 vara

256 2028 157 30 behäftat
432 2028 78 29 med
528 2028 37 29 så
583 2029 95 28 stora
695 2028 135 35 brister,
849 2030 51 28 att
917 2028 58 30 det
992 2028 104 29 borde
1114 2028 184 39 avlägsnas
1316 2037 41 20 ur
1376 2028 282 39 skattesystemet
1676 2028 82 29 eller

257 2079 212 29 åtminstone
492 2079 185 39 väsentligt
699 2079 176 29 beskäras.
903 2079 307 38 Förutsättningar
1233 2079 55 30 för
1314 2088 42 20 en
1381 2079 109 30 sådan
1514 2079 130 30 reform
1668 2079 90 29 hade

257 2129 131 28 ansetts
406 2128 177 39 föreligga,
600 2137 58 20 om
675 2128 67 29 den
759 2127 244 40 genomfördes
1020 2129 10 29 i
1047 2127 170 30 samband
1234 2128 78 29 med
1330 2128 66 29 den
1415 2128 173 39 sänkning
1605 2128 65 30 och
1687 2137 72 20 om-

257 2178 162 39 läggning
438 2188 44 21 av
500 2178 65 29 den
585 2178 140 39 statliga
743 2178 437 39 inkomstbeskattningen,
1202 2186 75 21 som
1296 2178 233 39 utredningen
1548 2179 10 28 i
1578 2178 111 40 övrigt
1708 2178 51 29 fö-

256 2228 141 39 resloge.
420 2229 68 29 För
508 2229 50 28 att
578 2228 208 39 möjliggöra
807 2237 42 21 en
871 2227 172 40 övergång
1063 2228 89 29 hade
1174 2227 58 31 det
1252 2228 89 29 dock
1361 2228 91 30 visat
1475 2228 50 40 sig
1545 2228 214 39 nödvändigt

257 2279 51 28 att
322 2278 137 30 behålla
476 2278 324 39 förvärvsavdraget
815 2278 52 29 till
882 2277 116 40 någon
1015 2278 135 29 mindre
1167 2278 65 30 del.
1249 2279 66 29 För
1331 2280 50 28 att
1397 2278 96 31 detta
1509 2279 111 29 skulle
1637 2279 121 29 kunna

258 2330 58 28 ske
338 2331 82 27 utan
443 2331 48 27 att
513 2329 57 37 fog
592 2329 55 29 för
668 2331 48 27 ett
736 2329 242 29 motsvarande
1001 2329 126 36 avdrag
1148 2329 56 29 för
1224 2328 246 37 jordbrukare-
1492 2329 64 30 och
1577 2330 182 30 rörelseid-

257 2378 231 29 karehustrur
508 2378 111 30 skulle
638 2378 216 40 uppkomma
873 2378 65 29 och
959 2377 199 40 därigenom
1180 2377 106 40 syftet
1305 2378 77 30 med
1403 2378 176 30 reformen
1598 2379 162 29 omintet-

258 2429 110 38 göras,
392 2428 107 30 borde
524 2428 164 39 avdraget
711 2428 89 29 dock
823 2428 76 29 icke
922 2428 212 30 bestämmas
1160 2428 106 39 högre
1291 2430 43 28 än
1358 2428 53 30 till
1436 2428 63 30 300
1524 2429 139 36 kronor,
1689 2429 70 29 fast
