2109 2661
325 213 19 31 4
713 212 359 43 DBevillningsutskottets
1096 213 210 34 Betänkande
1331 216 60 31 N:o
1414 216 52 32 10.

410 294 68 36 Att
506 293 124 38 denna
659 293 151 38 tullsats
839 297 20 33 å
888 294 182 37 afskurna
1098 294 145 51 qvistar
1272 295 71 37 och
1372 295 87 38 blad
1488 301 42 33 är
1549 297 217 51 synnerligt
1782 298 91 50 hög,

282 346 193 38 erinrades
518 347 71 37 och
620 347 188 37 erkändes
838 346 65 38 vid
928 347 175 38 sistlidne
1131 348 171 50 riksdag.
1359 349 88 37 Men
1476 349 48 38 då
1552 350 74 37 den
1655 350 218 51 föreslagna

281 399 201 37 tullsatsen
526 400 148 37 äudock
717 399 239 50 godkändes,
1001 403 41 34 så
1082 414 92 24 voro
1210 401 134 37 skälen
1375 402 141 49 dertill,
1546 409 56 30 att
1626 417 86 23 man
1742 409 130 45 antog,

281 457 56 32 att
379 457 55 32 ett
467 452 304 37 sönderdelande
800 452 40 37 af
864 452 181 38 rubriken
1076 453 123 38 skulle
1227 454 100 37 vålla
1352 458 168 47 omgång
1549 455 70 37 och
1648 456 136 37 besvär
1809 457 64 37 vid

281 504 357 51 tullbehandlingen
681 505 196 37 äfvensom
921 505 185 51 möjligen
1146 506 105 50 gifva
1290 507 207 50 anledning
1538 507 57 37 till
1641 509 101 36 olika
1786 509 87 37 tull-

282 557 236 50 behandling
560 561 47 47 på
648 558 102 37 olika
784 558 227 50 tullplatser.
1068 559 107 37 Inom
1212 559 170 38 komitén
1412 561 68 36 har
1508 560 98 38 dock
1634 561 240 50 upplysning

281 610 169 48 vunnits,
493 616 56 31 att
590 611 164 37 nämnda
796 610 250 50 olägenheter
1090 612 191 50 knappast
1322 626 90 24 vore
1454 619 56 31 att
1539 613 139 46 befara,
1708 615 72 36 och
1809 615 64 36 vid

282 663 136 37 sådant
460 663 235 37 förhållande
737 663 69 37 har
836 664 171 37 komitén
1036 665 33 48 ej
1099 665 133 36 tvekat
1260 671 56 31 att
1345 665 225 38 sönderdela
1595 666 183 37 rubriken
1803 667 69 37 och

281 717 48 47 på
358 715 182 36 afskurna
565 715 146 49 qvistar
749 716 71 35 och
850 715 86 37 blad
966 716 136 36 föreslå
1131 729 44 23 en
1208 716 164 37 särskild
1402 718 165 52 tullsats,
1593 731 81 23 som
1703 718 170 37 komitén

282 772 128 32 ansett
438 766 93 38 böra
560 767 231 37 bestämmas
821 767 57 37 till
909 770 46 35 50
985 773 64 32 öre
1073 781 68 38 per
1170 768 198 50 kilogram.
1412 769 126 38 Åfven
1568 770 74 37 den
1672 775 41 33 är
1735 771 139 37 visser-

282 820 104 48 ligen
415 820 79 48 hög
522 820 9 36 i
562 819 239 38 förhållande
829 820 59 36 till
917 821 134 36 värdet
1079 822 42 35 af
1141 820 196 50 åtskilliga
1366 828 205 42 växtarter,
1600 836 86 23 men
1707 823 73 37 den
1798 824 76 36 kan

282 872 211 50 ingalunda
531 876 114 45 sägas
687 885 91 24 vara
820 872 222 50 prohibitiv,
1085 873 71 38 och
1190 874 46 36 då
1268 874 90 37 flere
1387 875 85 49 slag
1500 875 42 36 af
1565 875 110 37 dessa
1704 875 132 37 kunna
1864 876 9 36 i

282 924 130 38 landet
445 924 270 50 frambringas,
751 925 71 37 och
851 925 59 49 de,
942 939 80 24 som
1052 926 32 49 ej
1110 926 210 50 lämpligen
1350 927 130 37 kunna
1509 927 69 37 här
1606 927 267 50 frambringas,

283 977 130 36 kunna
452 978 42 35 af
529 977 203 37 inhemska
774 982 177 44 ersättas,
981 979 108 36 torde
1115 979 33 49 ej
1180 979 73 36 den
1283 979 220 50 föreslagna
1532 980 201 37 tullsatsen
1762 981 113 36 fram-

283 1029 102 37 kalla
414 1029 240 50 berättigade
679 1030 313 50 anmärkningar.
1037 1031 146 37 Genom
1206 1032 125 37 denna
1348 1032 108 49 lägre
1471 1032 153 38 tullsats
1640 1033 235 49 förebygges

283 1082 81 48 ock,
395 1088 67 42 att,
492 1085 126 34 såsom
647 1096 50 23 nu
727 1083 115 47 skett,
872 1083 57 36 för
957 1089 56 31 att
1037 1084 142 36 erhålla
1208 1084 183 37 afskurna
1413 1084 146 50 qvistar
1582 1085 71 37 och
1675 1085 98 49 blad,
1791 1085 86 37 hela

283 1139 135 32 växter
458 1134 165 51 intagas,
659 1134 130 38 hvilka
818 1135 175 38 förtullas
1023 1135 96 38 efter
1148 1139 47 35 30
1221 1142 63 32 öre
1310 1150 67 37 per
1406 1137 203 49 kilogram,
1639 1137 12 37 i
1679 1137 105 38 vissa
1814 1138 64 37 fall

284 1187 99 36 ändå
411 1186 117 48 lägre.

411 1238 88 37 Med
528 1238 180 38 afseende
738 1242 20 35 å
786 1239 183 38 afskurna
998 1240 187 37 blommor
1213 1243 81 34 åter
1322 1241 69 36 har
1416 1241 169 37 komitén
1613 1247 128 31 ansett
1756 1241 121 38 tullen

282 1290 92 37 böra
416 1291 107 49 höjas
567 1292 56 36 till
666 1294 20 34 3
729 1292 141 37 kronor
911 1305 66 37 per
1006 1292 202 49 kilogram.
1264 1293 134 37 Denna
1432 1294 154 36 tullsats
1616 1293 131 38 ställer
1776 1294 100 49 sig
1856 1286 24 61 i

283 1342 238 37 förhållande
562 1344 55 36 till
662 1344 231 37 varuvärdet
930 1345 12 36 i
984 1348 140 46 många
1165 1345 67 37 fall
1266 1346 149 36 ändock
1440 1346 177 48 billigare
1647 1351 47 31 än
1723 1346 73 37 den
1826 1360 50 22 nu

284 1395 219 49 föreslagna
532 1395 120 37 tullen
682 1399 20 33 å
727 1396 145 50 qvistar
896 1397 70 37 och
995 1397 99 36 blad.
1151 1397 136 37 "Tullen
1313 1397 69 37 har
1410 1397 197 50 betydelse
1634 1398 137 37 endast
1792 1398 86 37 med

285 1448 152 48 hänsyn
476 1447 56 37 till
574 1448 46 36 de
650 1448 195 48 blommor,
877 1462 81 23 som
983 1449 234 37 vintertiden
1247 1449 161 46 införas;
1438 1456 41 43 ty
1507 1450 121 36 under
1652 1451 74 36 den
1755 1451 124 49 öfriga

286 1499 105 37 tiden
420 1499 42 37 af
486 1503 81 34 året
596 1505 41 31 är
664 1501 189 49 importen
882 1507 142 43 ytterst
1051 1501 121 48 ringa.
1219 1502 87 36 Men
1339 1503 84 35 med
1454 1502 180 37 afseende
1664 1505 20 34 å
1713 1502 46 37 de
1775 1502 104 37 kost-

286 1551 131 48 nader,
446 1565 81 23 som
556 1552 314 49 frambringande
899 1553 41 36 af
964 1553 187 37 blommor
1180 1554 68 36 hos
1279 1567 63 23 oss
1371 1554 232 37 vintertiden
1627 1555 157 48 medför,
1807 1555 71 37 och

286 1604 47 36 då
376 1603 113 37 dessa
522 1605 197 36 användas
748 1605 135 37 endast
913 1605 40 36 af
977 1605 46 37 de
1048 1606 11 36 i
1089 1606 244 37 ekonomiskt
1362 1606 181 37 afseende
1572 1612 98 32 mest
1698 1612 182 44 gynsamt

286 1656 156 47 lottade,
471 1656 68 36 har
566 1656 117 49 ingen
713 1658 142 36 tvekan
885 1658 147 36 funnits
1062 1671 59 23 om
1147 1658 275 49 lämpligheten
1440 1660 40 35 af
1493 1659 140 36 tullens
1650 1659 229 49 förhöjande

288 1708 57 36 till
374 1708 166 37 nämnda
570 1708 152 50 belopp.

415 1760 74 37 Vid
519 1761 289 49 behandlingen
838 1761 40 37 af
903 1761 124 38 denna
1056 1762 130 37 rubrik
1215 1762 70 37 har
1314 1762 128 37 vidare
1472 1762 209 49 anmärkts,
1711 1768 55 32 att
1788 1763 92 37 den-

288 1825 157 35 samma,
476 1816 123 33 såsom
630 1814 71 36 den
733 1827 49 22 nu
807 1827 92 23 vore
928 1814 191 49 uppstäld,
1152 1814 85 37 med
1266 1815 71 36 tull
1365 1815 134 36 belade
1522 1816 195 47 blommor,
1735 1816 146 49 qvistar

290 1865 69 36 och
394 1864 99 48 blad,
530 1878 80 24 som
640 1865 169 37 infördes
839 1866 58 36 för
921 1866 242 37 industriella
1193 1866 125 45 behof,
1349 1873 98 30 samt
1475 1873 56 31 att
1560 1867 64 37 det
1648 1867 231 50 näppeligen

289 1916 147 37 kunnat
477 1930 91 24 vara
596 1917 244 49 Riksdagens
869 1918 117 49 afsigt
1011 1924 54 31 att
1093 1919 84 36 med
1207 1919 71 36 den
1309 1918 200 38 faststälda
1538 1919 203 37 tullsatsen
1769 1921 111 36 träffa

289 1975 118 30 annat
447 1974 46 31 än
533 1969 74 44 det,
638 1968 79 39 som
750 1970 128 37 kunde
908 1983 79 24 som
1018 1970 301 38 öfverflödsvara
1347 1984 124 24 anses.
1529 1971 87 37 Med
1645 1971 170 50 gillande
1844 1973 42 36 af

289 2021 126 36 denna
457 2021 250 50 uppfattning
744 2023 68 35 har
855 2022 169 37 komitén
1067 2026 41 33 så
1149 2023 135 36 ändrat
1326 2023 194 48 rubriken,
1563 2030 55 30 att
1657 2024 137 36 endast
1822 2024 58 36 till

289 2073 175 49 prydnad
506 2073 159 37 afsedda
708 2074 196 48 blommor,
947 2074 147 49 qvistar
1123 2075 70 37 och
1222 2075 87 37 blad
1339 2075 164 37 drabbas
1533 2076 42 36 af
1598 2075 131 48 tullen,
1758 2077 123 36 under

290 2125 64 37 det
397 2131 55 31 att
488 2126 139 37 »andra
669 2126 103 49 slag»
815 2127 35 36 få
878 2126 155 37 tullfritt
1061 2126 157 50 införas,
1248 2127 70 36 och
1346 2127 69 37 har
1443 2128 64 36 det
1535 2127 190 50 upplysts,
1755 2134 55 31 att
1838 2142 44 23 ur

290 2177 225 50 tullhänsyn
545 2178 33 49 ej
610 2181 124 47 någon
764 2179 199 50 svårighet
993 2192 88 24 vore
1097 2185 56 31 att
1170 2180 130 37 befara
1319 2179 38 37 af
1376 2185 47 31 ett
1439 2180 137 37 sådant
1592 2180 290 50 särskiljande.»

417 2230 18 35 I
475 2230 101 37 hvad
618 2231 243 36 tullkomitén
896 2231 160 36 sålunda
1085 2232 126 36 anfört
1238 2232 223 36 instämmer
1490 2233 187 36 utskottet
1705 2232 58 36 till
1791 2233 90 36 fullo

291 2281 69 38 och
390 2281 58 38 får
476 2281 58 38 till
563 2282 94 50 följd
686 2283 112 37 deraf
821 2283 213 48 hemställa,
