2112 2649
632 214 354 43 Bevillningsutskottets
1011 216 211 33 Betänkande
1247 218 68 31 N:o
1341 220 50 29 10.
1720 221 33 30 17

209 295 11 35 i
251 295 91 47 kärl,
381 293 269 37 innehållande
686 308 79 23 mer
799 299 45 32 än
880 297 47 35 20
962 295 205 49 kilogram;
1204 297 70 36 och
1303 297 69 37 har
1399 298 191 38 utskottet
1618 299 58 37 till
1706 299 92 50 följd

210 347 145 37 häraf
344 342 24 60 i
386 346 305 49 anmärkningen
720 346 152 50 inryckt
900 353 55 31 ett
983 348 215 50 stadgande
1227 350 143 37 härom.

337 399 199 39 Utskottet
564 399 231 45 hemställer,

714 468 95 49 10:0)
827 475 54 30 att
897 469 118 37 tullen
1036 470 57 37 för
1110 471 285 50 målarefärger,
1417 471 166 38 beredda
1605 472 85 37 med
1712 473 85 49 olja,

610 523 115 34 måtte
753 521 82 36 från
866 521 65 37 sitt
960 523 221 37 nuvarande
1205 523 152 50 belopp,
1389 526 19 34 5
1439 529 63 31 öre
1531 539 45 35 pr
1596 525 203 49 kilogram,

609 573 108 49 höjas
745 573 57 36 till
834 575 43 35 15
904 579 64 31 öre
998 574 57 37 för
1077 588 46 24 en
1144 575 200 49 kilogram,
1370 576 69 37 och
1460 582 54 31 att
1534 578 121 36 under
1676 578 123 36 denna

608 625 132 37 rubrik
768 628 116 34 måtte
912 626 154 50 intagas
1096 640 45 24 en
1172 628 265 49 anmärkning,
1469 632 41 33 så
1537 629 183 49 lydande:

712 676 88 38 Som
832 678 282 50 målarefärger,
1145 680 165 37 beredda
1339 682 86 35 med
1454 681 86 49 olja,
1559 681 240 38 tullbehand-

609 731 55 36 las
698 730 112 36 äfven
845 744 28 23 s.
905 732 35 36 k.
970 732 263 50 bottenfärger
1261 732 56 37 till
1347 733 258 50 bestrykning
1634 734 40 36 af
1698 735 100 48 jern-

609 783 147 48 fartygs
790 783 164 37 bottnar.
1011 784 218 37 Innehåller
1263 785 117 37 sådan
1409 785 84 50 färg
1518 786 96 49 sprit
1643 787 72 36 och
1743 786 55 37 in-

610 835 171 36 kommer
809 835 72 36 den
906 835 12 36 i
947 836 92 43 kärl,
1068 836 269 38 innehållande
1360 850 78 23 mer
1458 843 45 31 än
1527 841 47 34 20
1596 838 202 50 kilogram,

606 890 60 33 må
708 886 73 37 den
824 887 80 36 före
945 888 360 49 tullbehandlingen
1347 890 258 47 denatureras,
1641 894 49 45 på
1723 896 76 32 sätt

607 938 184 37 särskildt
832 944 40 31 är
914 940 190 49 stadgadt.
1175 940 95 37 Sker
1311 942 31 48 ej
1381 942 288 49 denaturering,
1712 944 87 36 tull-

607 991 209 36 behandlas
842 992 117 37 sådan
989 992 219 49 bottenfärg
1238 1006 80 24 som
1349 994 275 49 spritfernissa.

337 1070 71 37 Om
433 1069 208 50 glaspulver
669 1069 71 36 och
765 1070 197 51 glasskärf,
985 1070 130 36 hvilka
1131 1070 156 37 artiklar
1308 1071 120 49 enligt
1444 1072 177 48 gällande
1638 1073 161 37 tulltaxa

210 1123 172 36 förtullas
413 1122 86 36 med
528 1124 20 34 2
581 1126 65 31 öre
675 1135 44 35 pr
746 1121 198 50 kilogram,
975 1128 122 43 yttrar
1125 1122 260 37 tullkomitén:

335 1174 168 37 »Genom
534 1173 176 37 sistlidne
738 1173 192 50 Riksdags
958 1174 125 37 beslut
1113 1178 141 33 åsattes
1271 1175 103 37 såväl
1390 1176 198 48 glasskärf
1599 1189 79 24 som
1696 1177 102 49 glas-

207 1227 134 50 pulver
368 1240 47 23 en
443 1226 68 37 tull
540 1226 41 36 af
606 1228 20 34 2
657 1230 64 32 öre
745 1240 44 35 pr
816 1226 202 49 kilogram.
1075 1227 134 48 Enligt
1238 1227 189 37 komiténs
1457 1228 101 50 åsigt
1585 1229 69 36 bör
1683 1230 115 36 emel-

207 1279 111 37 lertid
351 1278 153 37 skilnad
538 1283 116 43 göras
682 1278 12 36 i
722 1278 555 49 tullbehandlingshänseende
1311 1280 137 37 mellan
1479 1280 111 37 dessa
1614 1281 96 37 båda
1740 1295 57 23 ar-

207 1332 126 36 tiklar.
388 1331 137 36 Medan
568 1330 222 50 glaspulver
832 1335 40 32 är
914 1345 45 23 en
1004 1331 252 49 tillverkning
1299 1332 70 37 och
1413 1332 127 37 derför
1582 1334 87 36 med
1698 1339 98 32 rätta

208 1388 144 33 åsattes
384 1383 77 46 tull,
492 1388 39 32 är
560 1383 197 48 glasskärf
781 1383 169 37 deremot
975 1397 46 22 en
1051 1384 299 50 affallsprodukt,
1381 1398 80 23 som
1492 1385 137 37 endast
1649 1386 69 37 har
1734 1400 64 23 an-

209 1436 198 48 vändning
448 1435 103 37 inom
596 1435 301 48 glasindustrien
941 1439 124 33 såsom
1109 1439 153 34 råämne
1298 1437 69 36 och
1397 1440 48 46 på
1473 1437 73 37 den
1575 1438 125 49 grund
1732 1439 67 36 bör

209 1502 89 23 vara
327 1488 130 36 tullfri.

337 1539 180 37 Komitén
547 1539 55 36 får
631 1539 57 36 för
717 1540 71 37 den
819 1539 98 36 skull
947 1539 151 48 föreslå,
1127 1545 55 31 att
1211 1541 115 37 orden
1356 1541 92 37 »och
1476 1541 215 48 glasskärf»
1707 1546 93 46 utgå

208 1606 44 22 ur
289 1592 113 36 ofvan
432 1591 165 37 nämnda
627 1591 141 49 rubrik,
798 1591 70 36 och
904 1597 55 30 att
993 1605 46 22 en
1074 1606 51 35 ny
1160 1593 115 36 sådan
1306 1593 10 35 i
1347 1594 188 35 tulltaxan
1571 1594 161 36 insättes
1763 1595 41 36 af

209 1644 164 48 följande
402 1644 160 49 lydelse:

337 1695 206 37 Glasskärf
570 1727 96 4 ooossen
686 1726 120 5 sssrnnsse
815 1727 61 4 esse
897 1726 85 5 rrssrrsr
992 1727 60 4 rasar
1062 1728 25 3 ras
1097 1728 24 4 ser
1134 1727 23 5 sas
1167 1728 25 4 kar
1203 1727 59 5 seedar
1283 1728 49 4 krter
1344 1728 36 4 sar
1399 1728 73 5 käsrass
1482 1729 60 4 raser
1554 1729 23 4 dan
1587 1730 13 3 ns
1623 1729 24 5 sen
1659 1730 23 3 ana
1713 1700 85 46 frix

335 1748 53 36 På
416 1748 63 35 det
508 1747 41 37 af
573 1747 244 36 tullkomitén
846 1748 198 47 andragna
1069 1748 83 36 skäl
1182 1748 220 36 hemställer
1431 1749 201 49 utskottet,

714 1824 97 49 11:0)
841 1829 54 32 att
923 1838 44 22 ur
995 1825 180 36 rubriken
1203 1825 255 49 »Glaspulver
1482 1827 70 36 och
1578 1826 220 37 Glasskärf»

609 1876 116 37 orden
754 1877 90 36 »och
870 1876 220 37 Glasskärf»
1120 1881 117 33 måtte
1267 1881 104 46 utgå,
1401 1879 71 36 och
1497 1879 11 35 i
1538 1879 185 37 tulltaxan
1742 1879 56 36 in-

612 1929 99 36 föras
741 1942 47 23 en
817 1943 51 34 ny
898 1929 149 37 rubrik:
1079 1929 197 48 Glasskärf
1301 1936 100 31 samt
1421 1931 124 37 denna
1565 1931 137 37 artikel
1723 1931 75 37 för-

607 1981 127 37 klaras
763 1981 45 36 fri
837 1981 82 37 från
947 1982 81 37 tull.

337 2068 72 36 Till
451 2068 181 36 rubriken
667 2068 169 48 hängslen
871 2073 40 31 är
944 2068 11 36 i
989 2068 186 37 tulltaxan
1205 2069 116 49 fogad
1351 2069 74 37 den
1455 2070 269 49 anmärkning,
1744 2076 55 31 att

209 2120 134 49 afdrag
371 2120 11 36 i
412 2120 133 48 vigten
575 2120 31 48 ej
637 2120 215 49 medgifves
880 2120 58 37 för
968 2120 111 37 askar
1108 2121 70 36 och
1209 2122 325 49 pappersomslag.
1591 2122 208 37 Tullkomi-

209 2173 62 35 tén
302 2177 121 44 yttrar
451 2172 149 36 härom:

338 2224 221 48 »Hängslen
597 2224 196 36 inkomma
830 2225 77 36 ofta
936 2225 226 49 uppfästade
1191 2229 48 45 på
1268 2225 140 48 kartor,
1440 2226 57 36 för
1525 2226 132 37 hvilka
1685 2227 115 48 gods-

208 2289 142 36 egaren
378 2276 147 36 fordrar
554 2276 134 48 afdrag
716 2276 12 36 1
758 2276 145 49 vigten,
933 2290 86 23 men
1050 2277 46 36 då
1125 2277 130 37 dervid
1287 2281 164 46 mången
1480 2281 107 46 gång
1615 2279 182 45 inträffar,

210 2334 55 31 att
308 2328 200 50 hängslen,
550 2332 49 46 på
641 2331 40 34 så
723 2334 76 31 sätt
831 2328 240 50 uppfästade,
1106 2334 65 32 äro
1200 2329 155 50 inlagda
1382 2330 12 36 i
1424 2331 125 48 askar,
1580 2331 58 36 för
1668 2331 132 36 hvilka

210 2381 133 48 afdrag
373 2381 32 48 ej
436 2386 126 43 göres,
592 2380 118 37 vållar
738 2381 104 37 detta
864 2381 208 48 olägenhet
1091 2381 63 37 vid
1177 2381 368 51 tullbehandlingen.
1591 2383 210 49 Olämpligt

296 2440 74 33 Bih.
396 2440 49 31 till
468 2439 111 33 Riksd.
604 2439 87 33 Prot.
715 2441 95 31 1889.
859 2441 19 30 5
901 2440 98 33 Saml.
1025 2444 18 28 2
1068 2441 82 39 Afd.
1175 2443 21 29 8
1220 2442 95 39 Iäft.
1739 2442 18 30 3

1833 1075 169 34 Glaspulver

1844 1110 48 26 och
1911 1110 79 37 Glas-

1876 1146 85 32 skärf.

1846 2076 157 33 Hingslen.
