2115 2654
92 1877 100 27 Socker

308 218 40 30 24
679 217 363 41 Bevillningsutskottets
1066 217 208 33 Betänkande
1301 218 62 32 N:o
1387 219 51 32 10.

264 297 188 49 importen
480 297 70 36 och
580 297 272 38 åstadkommit
875 298 82 49 just
986 297 98 37 hvad
1114 297 281 37 motionärerne
1412 297 152 49 åsyftat.
1621 297 236 51 Visserligen

265 349 113 38 hafva
406 349 121 37 under
555 350 260 38 innevarande
845 354 40 33 år
912 353 119 47 några
1061 355 120 32 större
1210 350 143 50 partier
1380 351 96 49 majs
1492 350 256 50 importerats,
1767 365 89 23 men

265 403 41 35 af
343 403 105 36 detta
490 403 249 49 förhållande,
775 404 223 48 antagligen
1028 404 189 36 beroende
1248 406 47 47 på
1324 403 81 36 dels
1435 403 222 37 nuvarande
1687 404 172 48 ovanligt

264 455 86 49 låga
379 456 78 49 pris
492 458 20 34 å
540 456 166 37 nämnda
735 456 210 50 sädesslag,
975 456 94 48 dels,
1100 456 69 37 och
1198 456 350 49 hufvudsakligast,
1579 458 47 47 på
1654 456 72 37 den
1756 462 103 31 näst-

264 508 106 37 lidna
400 511 39 34 år
468 508 146 38 mindre
642 510 101 49 goda
771 509 323 50 potatisskörden,
1124 508 98 38 lärer
1250 508 84 37 icke
1363 509 128 37 kunna
1513 509 139 49 dragas
1673 509 72 37 den
1767 509 92 37 slut-

266 566 91 43 sats,
387 566 55 32 att
472 562 255 49 majsinförsel
756 563 97 36 skall
882 562 152 36 komma
1063 566 56 32 att
1143 575 73 35 ega
1245 575 81 23 rum
1356 562 11 36 i
1397 565 127 45 någon
1554 562 172 37 afsevärd
1751 562 106 49 grad.

265 614 59 36 En
354 614 59 36 del
443 613 42 37 af
508 615 72 36 den
609 616 108 47 majs,
748 628 80 24 som
858 615 156 47 införes,
1045 613 105 38 torde
1170 615 59 36 för
1250 614 115 49 öfrigt
1383 615 195 36 användas
1594 614 57 37 till
1668 614 192 37 kreaturs-

265 666 118 37 foder.
438 667 52 36 På
517 667 127 49 grund
672 667 112 37 häraf
807 667 220 37 hemställer
1056 667 198 47 utskottet,

773 752 96 50 19:0)
899 758 56 31 att
984 753 130 37 herrar
1143 753 236 50 Söderbergs
1409 753 70 37 och
1509 754 44 36 N.
1571 753 190 37 Jönssons
1779 766 78 24 om-

667 805 186 37 förmälda
886 805 198 49 yrkanden
1114 806 85 37 icke
1229 810 118 33 måtte
1377 805 41 37 af
1442 805 223 49 Riksdagen
1695 806 161 36 bifallas.

395 910 16 36 I
440 909 59 37 sin
528 909 101 37 förut
658 909 249 37 omförmälda
937 909 153 49 motion,
1121 923 62 23 n:o
1210 912 33 45 9,
1269 910 102 36 inom
1390 910 136 37 Första
1542 910 231 37 Kammaren
1791 910 68 35 har

267 962 87 37 herr
395 962 198 47 Söderberg
635 962 42 36 af
704 975 144 24 samma
876 962 82 36 skäl
988 975 80 23 som
1099 962 198 50 angående
1326 962 95 49 majs
1449 963 127 48 yrkat,
1608 968 54 31 att
1690 963 118 36 tullen
1839 965 20 33 å

266 1017 64 44 ris,
361 1015 162 41 oskalad,
553 1015 83 36 eller
659 1016 131 48 paddy
820 1017 115 34 måtte
964 1014 80 37 från
1075 1015 67 37 sitt
1171 1015 220 37 nuvarande
1421 1015 150 50 belopp,
1602 1018 20 34 2
1656 1016 139 36 kronor
1812 1016 46 35 50

268 1073 76 43 öre,
374 1068 108 48 höjas
512 1066 57 37 till
599 1070 20 33 3
649 1068 142 36 kronor
820 1070 45 33 75
897 1072 63 31 öre
989 1067 57 36 för
1073 1069 71 35 100
1173 1068 201 48 kilogram.

395 1119 54 37 Af
473 1119 156 37 oskalad
658 1119 51 37 ris
735 1119 114 38 hafva
879 1119 156 37 införts:

268 1192 52 32 Ar
352 1190 95 35 1885
496 1220 96 5 cc
766 1222 2 2 .
942 1222 2 2 .
1472 1192 161 45 136,818
1664 1189 188 88 kilogram

293 1254 17 23 »
355 1243 95 34 1886
510 1274 2 2 .
628 1274 14 2 sa
862 1274 2 2 ;
1468 1244 86 46 339,
1548 1221 82 57 292

292 1306 17 23 »
355 1296 94 34 1887
720 1328 38 2 äs
1071 1328 214 2 SRS
1423 1271 131 60 206,
1547 1296 84 46 A47
1738 1307 17 22 »

292 1359 17 23 »
357 1348 95 34 1888
544 1378 64 4 na
896 1380 74 2 a
1117 1380 132 2 ee
1363 1378 62 4 a
1471 1324 159 67 125,647
1738 1359 18 23 »

397 1434 138 36 hvaraf
559 1434 80 36 före
668 1434 72 36 den
774 1436 15 34 1
822 1434 78 48 juli,
931 1434 46 36 då
1005 1433 51 36 ris
1086 1438 100 32 ännu
1216 1433 169 37 infördes
1402 1433 163 48 tullfritt,
1587 1435 159 46 125,593
1765 1433 93 36 kilo-

267 1498 107 36 gram
416 1486 69 36 och
530 1486 96 36 efter
666 1448 165 74 nämnda
860 1459 86 80 dag,
976 1486 80 36 från
1087 1485 69 37 och
1187 1486 84 36 med
1301 1485 158 37 hvilken
1489 1486 50 36 ris
1557 1462 184 60 förtullas
1772 1485 86 36 med

268 1538 113 36 ofvan
411 1539 164 35 nämnda
605 1538 148 48 belopp,
785 1540 45 33 54
862 1537 199 48 kilogram.

396 1590 56 36 Då
493 1589 184 37 införseln
708 1590 41 35 af
786 1589 156 37 oskalad
986 1590 51 36 ris
1072 1589 98 36 varit
1199 1589 198 49 obetydlig
1426 1589 81 48 och,
1539 1589 117 37 sedan
1685 1589 67 36 tull
1786 1588 78 37 blef

268 1642 124 37 denna
421 1655 91 24 vara
540 1645 108 45 åsatt,
678 1647 138 32 nästan
844 1642 157 37 alldeles
1030 1642 177 49 upphört,
1237 1641 220 37 hemställer
1485 1642 200 47 utskottet,

771 1728 99 49 20:0)
900 1734 55 31 att
995 1728 87 37 herr
1124 1727 238 50 Söderbergs
1392 1728 291 50 ifrågavarande
1712 1728 146 49 förslag

667 1780 85 38 icke
781 1784 117 34 måtte
926 1780 163 38 bifallas.

393 1867 17 36 I
439 1868 58 36 sin
528 1868 100 36 förut
656 1868 165 36 nämnda
851 1867 156 48 motion,
1037 1880 61 23 n:o
1128 1870 59 46 72,
1218 1868 102 36 inom
1350 1867 128 37 Andra
1495 1868 244 47 Kammaren,
1763 1868 97 36 före-

266 1922 76 35 slår
369 1920 89 37 herr
488 1921 39 36 £.
563 1920 55 36 W.
657 1920 186 48 Wretlind,
874 1926 56 31 att
958 1920 118 36 tullen
1105 1923 48 46 på
1178 1921 135 36 socker
1340 1920 198 36 nedsättes
1567 1920 86 36 med
1682 1924 91 33 nära
1796 1923 64 33 två

275 1972 222 38 femtedelar
539 1972 41 37 af
612 1972 67 37 sitt
707 1972 220 39 nuvarande
970 1972 148 50 belopp,
1161 1972 93 36 eller
1294 1972 57 37 för
1379 1972 221 37 raffineradt
1629 1973 133 36 socker
1791 1972 71 36 och

271 2026 138 48 ljusare
439 2025 244 36 oraffineradt
712 2025 81 36 från
824 2027 46 34 33
900 2030 64 31 öre
992 2024 58 36 till
1072 2025 126 48 jemnt
1228 2027 46 34 20
1304 2029 63 32 öre
1391 2037 68 37 per
1487 2024 187 50 kilogram
1691 2029 98 32 samt
1805 2024 58 36 för

273 2077 176 37 mörkare
479 2077 245 37 oraffineradt
751 2077 82 36 från
865 2080 82 45 23,5
980 2082 63 31 öre
1073 2076 57 36 till
1162 2079 43 34 14
1232 2082 64 31 öre
1324 2090 67 36 per
1419 2076 200 50 kilogram,
1650 2077 84 36 med
1764 2076 98 37 hvil-

272 2131 66 35 ket
366 2130 145 49 förslag
541 2129 234 37 motionären
807 2128 312 38 sammanbundit
1149 2135 54 31 ett
1230 2129 173 49 yrkande
1433 2142 59 23 om
1522 2129 270 49 upphäfvande
1827 2129 40 36 af

272 2182 147 37 accisen
465 2182 57 37 för
563 2182 10 36 i
600 2181 161 50 Sverige
791 2181 42 37 af
857 2181 195 37 hvitbetor
1079 2181 223 37 tillverkadt
1331 2181 146 37 socker.
1535 2181 80 38 Och
1644 2181 109 37 anför
1783 2194 77 23 mo-

272 2235 172 35 tionären
474 2234 58 36 till
561 2234 86 36 stöd
677 2234 58 36 för
764 2234 158 36 berörda
951 2233 272 48 tullindringar
1251 2234 185 47 följande:

398 2286 92 36 »Det
520 2291 39 31 är
588 2285 176 43 erkändt,
791 2291 54 31 att
871 2285 372 49 tullbeskattningen
1262 2285 67 36 har
1344 2288 64 33 två
1424 2285 100 36 olika
1541 2285 144 48 syften:
1703 2284 81 37 dels
1807 2290 55 30 att

271 2338 140 37 bereda
440 2338 239 37 statskassan
709 2338 222 47 inkomster,
962 2337 80 37 dels
1072 2342 55 31 att
1151 2337 149 49 skydda
1328 2336 201 37 inhemska
1557 2336 193 49 näringar.
1788 2335 72 38 Vid

271 2390 103 37 vissa
403 2390 159 36 artiklar
598 2390 129 36 kunna
757 2390 125 48 begge
911 2390 154 48 syftena
1094 2392 80 44 nås,
1207 2390 62 35 vid
1298 2389 103 37 vissa
1429 2388 118 37 andra
1582 2389 98 36 blott
1697 2389 63 36 det
1776 2401 82 23 ena.
