1882 2784
262 183 18 30 6
615 184 330 33 Utrikesutskottets
968 187 179 31 utlåtande
1169 198 43 20 nr
1234 190 20 29 3
1276 189 39 29 år
1339 190 84 30 1958

266 267 253 41 förutsättning
540 269 39 30 är
600 269 99 34 dock,
722 269 117 30 såsom
862 270 135 31 anförts
1019 271 11 29 i
1051 272 57 29 det
1130 272 219 40 föregående,
1371 275 51 28 att
1444 274 199 30 kontrollen
1664 275 104 30 behö-

265 317 98 39 rigen
388 318 122 30 utövas
536 319 81 29 över
642 319 45 30 all
711 320 234 35 verksamhet,
969 323 143 29 varmed
1137 323 286 39 organisationen
1447 324 87 40 tagit
1559 324 208 41 befattning,

265 369 134 28 oavsett
422 368 11 29 i
456 368 108 30 vilket
588 369 253 31 medlemsland
865 371 114 30 denna
1003 372 80 39 äger
1106 381 89 21 rum.

309 417 49 30 De
380 417 179 31 allmänna
581 419 237 31 kostnaderna
840 421 55 29 för
917 422 378 40 atomenergiorganets
1317 424 224 30 verksamhet
1564 434 98 21 avses
1687 425 81 40 ingå

264 466 11 29 i
297 467 497 41 samarbetsorganisationens
815 470 128 40 budget
963 471 66 30 och
1050 472 111 30 skulle
1182 473 144 30 komma
1346 475 51 28 att
1417 474 145 32 inverka
1582 475 44 40 på
1648 476 120 29 storle-

262 517 69 30 ken
348 526 42 21 av
407 518 155 40 Sveriges
579 518 121 41 bidrag
717 520 130 30 härtill.
865 521 116 40 Enligt
999 521 124 31 hittills
1142 523 124 39 gjorda
1282 523 236 41 beräkningar
1536 525 112 31 skulle
1666 527 102 29 dessa

262 567 191 30 kostnader
476 569 116 39 uppgå
615 569 52 30 till
691 570 52 34 0,6
768 571 163 39 miljoner
954 572 131 30 kronor
1108 572 55 30 för
1186 573 238 31 innevarande
1447 574 185 41 budgetår;
1658 576 110 30 härav

263 617 114 31 skulle
399 617 104 40 något
526 620 81 29 över
629 619 77 40 fyra
729 621 155 39 procent,
910 621 82 30 eller
1014 622 101 40 drygt
1138 622 41 31 24
1193 622 64 32 000
1280 624 141 35 kronor,
1445 625 85 30 falla
1551 626 45 39 på
1619 627 147 39 Sverige.

263 667 104 30 Detta
384 667 124 41 belopp
527 678 97 21 avses
642 669 173 31 bestridas
833 672 111 30 under
961 672 112 39 tredje
1090 673 225 31 huvudtiteln
1332 683 43 21 av
1392 675 158 40 anslaget
1568 676 52 30 till
1639 677 127 31 OEEC.

263 717 51 30 De
339 718 173 30 särskilda
536 719 200 35 kostnader,
761 729 77 21 som
862 721 146 40 uppstår
1034 722 11 29 i
1071 723 170 31 samband
1267 725 79 29 med
1371 725 42 30 de
1438 726 94 29 olika
1557 727 209 30 samarbets-

262 767 196 40 projekten,
477 769 160 30 kommer
655 770 158 30 däremot
831 772 50 29 att
898 772 138 39 intagas
1053 772 11 29 i
1083 773 173 31 särskilda
1274 775 236 39 utgiftsstater
1529 776 65 30 och
1612 777 154 30 fördelas

263 817 129 30 mellan
415 818 42 30 de
480 819 132 34 länder,
637 829 76 21 som
736 821 154 39 deltager
912 822 11 29 i
946 822 195 40 respektive
1163 824 152 39 projekt.
1339 825 246 31 Kostnaderna
1608 827 55 30 för
1688 828 79 30 Sve-

263 867 91 40 riges
380 868 122 40 bidrag
528 869 118 30 härtill
674 879 100 21 avses
801 871 171 30 bestridas
1001 873 111 30 under
1141 873 118 31 tionde
1287 874 224 31 huvudtiteln
1539 885 43 21 av
1608 878 158 39 anslaget

262 917 54 31 till
338 918 277 31 internationellt
638 921 423 40 atomenergisamarbete.

307 1043 184 30 Utskottet.
519 1044 176 31 Utskottet
721 1045 60 30 vill
808 1045 93 31 fästa
927 1048 362 39 uppmärksamheten
1314 1050 59 30 vid
1399 1053 51 29 att
1477 1052 58 29 det
1561 1052 204 31 internatio-

258 1094 92 29 nella
370 1094 210 30 samarbetet
600 1095 54 30 för
674 1095 142 40 fredligt
836 1097 226 39 utnyttjande
1082 1108 41 20 av
1143 1100 260 39 atomenergien
1424 1101 80 30 sker
1524 1102 96 29 inom
1641 1112 121 20 ramen

261 1143 56 31 för
335 1144 73 31 dels
424 1144 184 31 bilaterala
626 1146 102 35 avtal,
748 1146 74 31 dels
841 1146 56 31 det
915 1147 13 29 i
945 1148 94 30 FN:s
1058 1148 71 41 regi
1147 1148 188 32 tillkomna
1351 1150 285 32 internationella
1655 1154 111 28 atom-

258 1195 264 39 energiorganet
555 1195 154 36 (IAEA),
739 1197 73 30 dels
841 1197 151 32 OEEC:s
1020 1199 325 40 atomenergiorgan
1379 1201 168 35 (ENEA),
1577 1202 73 31 dels
1679 1203 86 30 slut-

258 1244 93 40 ligen
378 1246 208 39 europeiska
613 1246 156 30 unionen
795 1247 55 30 för
877 1249 259 40 atomenergien
1168 1249 219 36 (Euratom).
1415 1252 110 29 Dessa
1552 1252 94 30 olika
1674 1262 89 20 sam-

258 1295 250 30 arbetsformer
529 1297 65 29 har
615 1306 61 20 var
697 1297 55 30 för
774 1298 52 39 sig
847 1298 83 39 givit
952 1299 141 39 upphov
1113 1299 53 30 till
1189 1300 380 31 kontrollföreskrifter
1591 1302 65 30 och
1678 1303 86 29 kon-

257 1345 255 37 trollmetoder;
541 1349 50 27 att
616 1348 123 29 märka
764 1349 39 29 är
828 1348 192 30 emellertid
1045 1351 50 28 att
1120 1359 43 20 en
1188 1351 87 29 nära
1299 1352 349 30 överensstämmelse
1675 1352 89 30 före-

259 1395 107 39 ligger
387 1397 129 29 mellan
538 1397 141 30 IAEA:s
702 1398 288 40 kontrollsystem
1012 1400 65 29 och
1098 1400 67 35 det,
1189 1410 76 20 som
1288 1401 107 39 enligt
1418 1401 237 40 föreliggande
1678 1403 86 29 kon-

258 1446 299 30 trollkonvention
575 1457 99 21 avses
694 1448 99 30 skola
811 1449 90 39 gälla
920 1449 54 30 för
993 1450 128 31 ENEA.
1141 1451 109 30 Dessa
1268 1451 91 30 båda
1377 1454 131 37 system
1528 1452 128 30 företer
1676 1455 88 28 även

257 1496 197 39 betydande
475 1497 150 30 likheter
646 1498 80 30 med
748 1498 42 30 de
812 1498 231 36 föreskrifter,
1066 1509 75 21 som
1162 1501 150 39 inrymts
1334 1502 11 29 i
1367 1501 183 31 bilaterala
1572 1503 92 29 avtal
1688 1512 75 20 som

257 1546 59 30 det
337 1547 11 29 i
369 1548 291 39 sammanhanget
680 1548 133 40 viktiga
833 1549 150 30 Förenta
1006 1550 160 30 Staterna
1187 1551 99 30 slutit
1307 1551 79 29 med
1408 1551 95 30 olika
1525 1552 120 30 länder
1666 1553 97 29 inom

258 1597 83 29 eller
363 1599 97 27 utom
483 1598 117 31 OEEC
623 1607 74 21 som
720 1601 164 37 motpart.
908 1600 53 29 En
985 1600 189 40 angelägen
1198 1601 139 39 uppgift
1361 1601 55 30 för
1439 1602 58 29 det
1521 1602 168 30 framtida
1711 1602 52 30 in-

257 1647 245 30 ternationella
525 1648 427 40 atomenergisamarbetet
976 1650 111 30 måste
1109 1660 84 20 vara
1216 1653 51 28 att
1290 1651 100 30 finna
1414 1651 132 30 former
1570 1652 54 30 för
1648 1652 114 30 fören-

258 1697 198 39 hetligande
480 1699 65 29 och
569 1699 227 40 samordning
819 1709 42 20 av
884 1700 341 40 kontrollsystemen,
1251 1701 38 30 så
1312 1703 50 28 att
1387 1702 245 30 dubbelarbete
1658 1703 104 30 såvitt

260 1748 138 39 möjligt
417 1749 182 30 undvikes.

302 1798 67 30 För
391 1799 155 39 Sveriges
568 1799 54 30 del
645 1800 108 38 gäller
774 1800 55 30 för
851 1801 218 30 närvarande
1090 1801 379 31 kontrollföreskrifter
1491 1803 11 28 i
1524 1802 95 30 kraft
1642 1812 42 21 av
1706 1812 56 20 av-

258 1849 95 29 talen
370 1849 79 29 med
467 1850 151 29 Förenta
637 1851 161 29 Staterna
816 1851 65 29 och
900 1851 279 30 Storbritannien
1197 1852 149 29 rörande
1365 1852 195 30 samarbete
1579 1852 54 30 för
1652 1855 110 27 atom-

257 1899 181 39 energiens
466 1899 148 40 fredliga
640 1900 227 39 utnyttjande
895 1903 90 27 samt
1012 1901 45 40 på
1084 1901 113 40 grund
1224 1911 43 20 av
1295 1902 155 39 Sveriges
1478 1902 205 40 anslutning
1710 1903 52 29 till

257 1949 116 30 IAEA.
397 1950 69 29 När
490 1950 124 39 frågan
637 1959 57 21 om
718 1950 156 40 Sveriges
898 1951 217 39 godtagande
1139 1961 42 20 av
1204 1952 336 30 ENEA-kontrollen
1564 1961 47 20 nu
1635 1953 127 29 under-

260 2000 115 30 ställts
392 2000 188 40 riksdagen
596 2000 60 30 vill
674 2001 172 30 utskottet
863 2001 148 40 påpeka,
1029 2003 50 28 att
1096 2002 12 29 i
1125 2001 42 30 de
1186 2002 92 29 avtal
1297 2011 75 20 som
1390 2002 152 39 reglerar
1561 2002 120 30 IAEA-
1699 2003 66 29 och

258 2050 386 36 ENEA-kontrollerna,
670 2050 294 41 förutsättningar
989 2052 143 40 skapats
1157 2052 55 30 för
1236 2062 44 20 en
1303 2053 71 30 viss
1399 2053 236 40 samordning.
1661 2055 103 28 Före-

262 2101 159 39 liggande
444 2102 372 30 kontrollkonvention
841 2102 55 30 för
921 2102 310 35 OEEC-länderna,
1258 2112 76 21 som
1359 2103 206 30 förutsätter
1591 2103 171 40 ingående

257 2159 43 21 av
324 2160 43 20 en
391 2151 339 30 överenskommelse
756 2152 129 29 mellan
910 2152 116 31 OEEC
1051 2153 64 29 och
1140 2153 179 34 Euratom,
1345 2154 135 39 öppnar
1506 2154 143 29 därmed
1675 2156 87 28 även

257 2200 182 40 möjlighet
461 2201 54 30 för
535 2202 71 30 viss
628 2202 227 40 samordning
876 2203 79 29 med
976 2203 186 29 Euratoms
1184 2203 298 39 kontrollsystem.
1504 2204 177 29 Utskottet
1701 2204 61 29 vill

259 2251 142 30 särskilt
425 2251 152 35 förorda,
602 2254 50 28 att
676 2253 10 29 i
710 2252 58 30 det
792 2252 164 30 fortsatta
979 2252 132 30 arbetet
1135 2252 226 31 eftersträvas
1385 2255 50 28 att
1459 2253 225 40 principerna
1707 2253 55 30 för

259 2302 152 30 OEEC:s
433 2302 287 40 kontrollsystem
744 2303 164 39 godtages
930 2302 66 30 och
1019 2304 50 28 att
1092 2303 360 39 uppmärksamheten
1476 2303 153 39 alltjämt
1652 2303 112 30 hålles

258 2352 118 29 riktad
401 2352 45 40 på
472 2352 42 30 de
541 2353 232 39 olägenheter,
802 2362 75 21 som
904 2353 111 30 måste
1042 2363 83 20 vara
1151 2354 202 30 förbundna
1380 2354 79 29 med
1488 2354 206 40 dubblering
1721 2363 43 21 av

258 2402 362 31 kontrollfunktioner
638 2404 96 29 inom
753 2405 49 28 ett
820 2404 64 29 och
904 2413 135 20 samma
1057 2403 152 31 område.
