2207 2733
394 225 39 31 18
894 230 271 30 Banko-Utskottets
1187 231 156 29 Memorial
1367 231 56 28 N:o
1450 232 27 28 6.

390 309 192 48 ledningar
610 310 58 34 till
699 310 224 48 bekymmer.
980 309 71 36 Det
1079 311 72 34 kan
1180 311 45 35 då
1252 309 57 37 för
1338 311 235 36 Riksbanken
1601 325 88 22 vara
1718 313 89 46 godt
1834 318 54 30 att
1906 313 78 36 icke

390 364 9 34 i
430 339 110 60 Fun
568 363 55 36 tid
651 362 156 37 behöfva
838 362 90 38 afstå
959 364 156 49 drygare
1144 365 106 35 delen
1279 364 40 36 af
1345 366 75 35 sina
1449 366 229 46 vinstmedel,
1706 343 68 60 ON
1804 381 60 22 om
1885 367 100 37 dessa

390 418 30 48 ej
463 416 142 37 fordras
646 417 57 37 för
737 418 111 49 något
883 424 89 30 stort
1008 418 208 46 statsbehof,
1245 420 113 35 borde
1386 421 137 36 kanske
1551 422 80 35 icke
1660 422 219 36 statskassan
1908 428 78 30 mot

389 473 237 35 Riksbanken
650 473 76 48 just
755 486 50 22 nu
834 471 206 38 framställa
1068 479 97 30 stora
1193 474 164 48 anspråk.

522 526 240 50 Svårigheter,
798 541 77 22 som
910 528 85 35 bero
1029 527 46 49 på
1107 529 167 35 minskad
1304 527 163 45 utförsel,
1497 536 61 29 äro
1588 531 205 35 emellertid
1821 529 163 51 öfvergå-

389 581 101 45 ende,
525 594 60 23 om
621 588 45 29 än
701 582 79 35 icke
814 588 98 30 snart
941 580 235 38 öfvervunna.
1232 583 125 36 Andra
1389 585 232 48 varaktigare
1651 585 240 48 anledningar
1919 587 65 34 fin-

388 649 65 23 nas
489 641 52 30 att
578 636 77 35 icke
692 635 198 37 försumma
929 637 178 49 lämpliga
1138 637 175 36 tillfällen
1342 644 54 29 att
1424 639 215 49 ytterligare
1668 640 121 35 stärka
1817 640 167 36 Bankens

388 689 139 37 fonder.

522 744 123 37 Stälda
675 744 46 49 på
748 744 158 49 guldfot,
934 744 99 37 hafva
1075 746 100 36 dessa
1204 745 68 36 fått
1301 760 44 22 en
1374 748 78 34 helt
1480 761 120 21 annan
1629 749 92 46 grad
1740 747 41 35 af
1796 749 187 47 rörlighet,

389 805 46 27 än
470 797 84 35 förr.
611 798 114 49 Uttag
761 797 41 36 af
834 799 80 34 ädel
951 800 128 34 metall
1114 799 113 36 måste
1255 799 215 36 hädanefter
1499 801 149 35 komma
1677 806 53 30 att
1758 808 105 42 göras
1891 801 93 36 både

389 850 115 38 oftare
534 852 67 35 och
629 853 59 34 till
717 858 112 30 större
859 851 149 51 omfång
1037 860 42 28 än
1114 852 194 37 tillförene.
1361 854 66 36 Att
1450 860 99 30 möta
1570 855 129 36 sådana
1721 855 263 49 påkänningar,

388 905 143 37 fordras
560 907 142 35 samlad
730 906 107 36 kraft.

522 960 109 36 Desto
672 961 185 48 nödigare,
899 975 76 22 som
1018 962 202 48 anspråken
1261 972 47 39 på
1348 963 252 36 Riksbankens
1636 964 209 35 metalliska
1881 965 104 35 kassa

388 1015 125 35 kanna
554 1015 150 35 komma
745 1015 139 48 hastiga
929 1029 77 22 som
1041 1016 209 36 vindkastet
1285 1017 67 35 och
1388 1016 137 50 häftiga
1565 1031 77 22 som
1678 1023 168 30 stormen.
1906 1018 77 35 Den

388 1069 158 48 vidgade
581 1048 332 70 sedelutgifningsri
905 1075 51 30 ätt
992 1083 77 23 som
1103 1071 12 34 i
1143 1069 72 50 fjor
1243 1071 202 61 beviljades
1472 1046 43 61 de
1544 1076 133 45 många
1706 1072 164 36 enskilda
1898 1073 86 35 ban-

388 1098 123 70 a
540 1120 77 52 mot
644 1098 107 74 ålägg
754 1099 110 60 NS
876 1130 53 29 att
956 1125 64 35 vid
1049 1124 197 36 anfordran
1275 1126 117 37 inlösa
1421 1127 77 34 sina
1528 1126 119 35 sedlar
1676 1127 84 35 med
1779 1127 101 47 guld,
1900 1139 84 23 men

389 1182 89 30 utan
520 1183 63 39 att,
620 1153 129 59 annat
767 1185 44 27 än
848 1179 63 34 vid
946 1179 126 47 högsta
1110 1179 296 49 sedelutgifning,
1441 1193 89 23 vara
1558 1180 155 49 pligtige
1741 1155 100 61 hålla
1870 1186 113 30 större

389 1206 215 73 guldförråd
633 1239 43 27 än
712 1234 45 35 10
787 1240 151 40 procent
967 1211 49 56 at
1032 1217 254 64 grundfonden
1318 1210 75 72 (hvi
1380 1209 93 60 ilket
1501 1235 9 33 i
1542 1235 202 34 allmänhet
1770 1248 104 35 synes
1893 1240 90 29 mot-

389 1298 105 22 svara
524 1287 19 34 3
578 1286 60 34 till
668 1289 18 32 7
719 1291 151 42 procent
898 1285 41 36 af
964 1264 266 72 sedelmassan),
1257 1288 103 34 torde
1388 1288 338 48 naturnödvändigt
1753 1289 149 34 komma
1931 1293 52 30 att

388 1340 10 34 i
436 1338 120 49 någon
597 1345 56 30 ort
695 1338 76 36 förr
806 1341 90 34 eller
931 1353 124 22 senare
1089 1329 199 47 framkalla
1323 1355 44 22 en
1404 1342 184 44 bankkris,
1623 1355 75 23 som
1728 1341 103 36 öfver
1860 1343 125 34 landet

390 1370 116 58 skall
518 1393 122 48 sprida
669 1394 129 35 skräck
827 1395 67 34 och
923 1393 172 49 paåfordra
1123 1395 118 48 hastig
1269 1396 137 35 inlösen
1438 1394 40 37 af
1500 1371 139 73 jemval
1668 1397 120 35 bättre
1817 1397 166 34 enskilda

390 1448 155 34 bankers
587 1447 128 36 sedlar.
771 1447 56 36 Då
862 1449 102 34 skola
998 1450 237 47 naturligtvis
1271 1450 187 35 bankerna
1494 1449 46 49 på
1569 1451 74 34 alla
1671 1457 123 42 vägar,
1824 1463 77 23 som
1930 1457 54 29 stå

391 1501 82 35 dem
502 1508 130 41 öppna,
660 1502 168 48 plötsligt
858 1503 86 34 söka
976 1503 248 35 Riksbankens
1253 1504 101 47 guld,
1384 1505 67 34 och
1480 1504 235 36 Riksbanken
1745 1505 55 34 lär
1818 1505 165 34 hvarken

389 1555 125 35 kunna
542 1556 90 35 eller
660 1556 107 35 önska
802 1556 240 49 undandraga
1071 1557 53 48 sig
1149 1562 53 30 att
1220 1536 223 70 tillmötesgå
1462 1557 136 36 sädana
1617 1557 180 61 befogade
1817 1557 166 49 anspråk,

390 1609 67 35 och
489 1608 112 37 måste
649 1623 74 21 vara
752 1609 37 36 så
816 1611 137 43 rustad,
982 1588 53 58 att
1063 1588 69 58 Glen
1161 1624 131 35 genom
1322 1589 117 71 hastig
1468 1613 220 47 indragning
1717 1611 40 35 af
1782 1612 92 48 guld
1901 1611 81 35 från

390 1663 167 35 utlandet
589 1664 72 34 kan
695 1662 96 36 hålla
822 1664 198 49 vexlingen
1049 1678 106 34 uppe,
1161 1641 251 73 ”tillhandagå
1416 1641 93 60 "den
1537 1641 149 73 tryckta
1712 1642 158 60 rörelsen
1897 1666 86 35 med

389 1717 113 46 nödig
529 1717 99 48 hjelp
657 1718 67 34 och
754 1718 130 35 derhos
912 1731 66 36 ega
1007 1719 81 48 laga
1120 1719 112 35 kassa.

526 1770 70 36 Vid
624 1772 205 48 antagande
859 1771 40 35 af
923 1785 50 36 ny
1002 1773 61 47 lag
1091 1771 56 36 för
1171 1773 164 35 enskilda
1355 1772 316 49 sedelutgifvande
1691 1774 139 35 banker
1849 1772 132 50 fogade

389 1823 148 36 förlidet
565 1824 56 36 års
649 1825 162 48 Riksdag
839 1825 46 48 på
912 1826 96 48 goda
1036 1826 161 48 grunder
1225 1828 121 34 beslut
1374 1832 54 30 att
1455 1828 209 47 principielt
1692 1828 171 48 borttaga
1896 1828 85 35 ban-

389 1879 130 35 kernas
561 1878 119 36 sedlar
718 1881 21 33 a
776 1882 18 34 35
834 1880 67 35 och
946 1882 45 34 10
1026 1881 144 43 kronor,
1205 1881 118 35 ehuru
1359 1881 61 35 det
1453 1879 290 38 öfverlemnades
1778 1880 37 36 åt
1852 1881 128 49 Kongl.

389 1932 101 48 Maj:t
532 1937 53 30 att
627 1933 202 35 bestämma
864 1934 155 48 lämplig
1054 1934 55 35 tid
1136 1933 57 36 för
1222 1935 117 35 denna
1369 1934 164 49 ändring.
1590 1935 72 35 Det
1691 1936 55 34 lär
1775 1935 206 36 emellertid

389 1985 122 49 åligga
547 1987 208 48 Riksdagen
789 1992 54 30 att
878 1987 37 36 så
948 1988 125 44 ordna,
1109 1993 52 30 att
1196 1989 235 35 Riksbanken
1466 1989 132 35 varder
1626 1990 9 34 i
1667 1988 103 36 stånd
1798 1995 53 29 att
1880 1995 101 29 möta

386 2041 138 47 jemväl
553 2040 43 35 de
625 2039 41 36 af
691 2054 44 22 en
764 2040 110 36 sådan
902 2042 318 49 sedelindragning
1248 2043 299 48 uppkommande
1570 2048 112 30 större
1703 2041 113 37 behof
1833 2042 40 36 af
1889 2043 93 49 guld

389 2092 57 36 för
482 2094 69 35 den
579 2095 186 34 allmänna
792 2096 168 35 rörelsen.
1016 2096 175 35 Enskilda
1219 2098 179 34 motioner
1426 2097 62 35 vid
1524 2097 118 35 denna
1674 2097 149 48 riksdag
1856 2097 45 49 gå
1934 2096 48 49 på

390 2147 112 35 andra
538 2155 112 41 vägar
685 2155 77 29 mot
798 2149 61 35 det
893 2149 122 44 målet,
1055 2155 54 30 att
1144 2151 142 34 minska
1315 2151 241 35 sedelmassan
1584 2151 67 35 och
1680 2152 69 34 öka
1777 2150 203 50 tillgången

389 2203 42 46 på
463 2201 108 36 häårdt
598 2208 106 42 mynt
733 2208 60 29 ute
823 2204 9 33 i
863 2203 133 35 landet.

522 2256 89 34 Alla
636 2256 100 36 dessa
756 2257 78 35 skäl
853 2258 86 43 tala,
959 2258 116 48 enligt
1093 2260 80 33 värt
1192 2256 247 51 förmenande,
1459 2259 108 34 hvart
1585 2257 57 36 för
1661 2259 54 48 sig
1734 2257 156 50 kraftigt
1908 2271 72 35 nog

389 2307 57 37 för
481 2314 54 30 att
568 2310 214 48 ytterligare
961 2287 244 60 Riksbanken.
1261 2296 38 51 Å
1330 2287 113 60 andra
1472 2312 100 35 sidan
1603 2313 67 33 har
1698 2287 280 74 Riksgäldskon-
