2182 2733
440 218 17 29 4
897 216 253 41 Lag-Utskottets
1178 218 165 33 Utlåtande
1367 221 57 30 N:o
1446 222 51 30 28.

397 300 146 37 stämma,
584 297 39 33 då
663 297 159 42 förslagen
858 298 48 33 till
929 299 151 42 pröfning
1102 299 60 33 och
1189 300 179 41 antagande
1391 300 183 42 framlades,
1600 300 59 33 har
1686 301 84 33 Herr
1798 301 42 33 A.
1868 302 38 34 P.
1935 302 70 33 An-

399 350 135 32 dersson
568 350 47 32 uti
638 360 38 21 en
705 350 86 33 inom
818 350 108 33 Andra
948 351 193 32 Kammaren
1169 351 94 33 väckt
1286 352 59 32 och
1373 352 50 32 till
1449 352 253 42 Lag-Utskottet
1728 354 187 33 remitterad
1939 366 66 21 mo-

397 401 65 33 tion
503 399 72 49 (N:o
615 399 53 49 72)
702 402 175 41 föreslagit,
919 406 64 29 "att
1017 403 180 41 Riksdagen
1237 404 72 32 ville
1350 404 49 33 för
1427 405 48 32 sin
1503 405 52 32 del
1579 404 136 40 besluta,
1740 409 49 29 att
1810 406 49 32 till
1896 408 9 38 8
1933 407 72 31 37
1985 395 22 57 i

396 453 226 41 förordningen
663 465 50 21 om
750 454 237 42 kyrkostämma
1024 458 83 29 samt
1129 455 160 42 kyrkoråd
1312 456 60 32 och
1394 456 129 34 skolråd
1548 457 61 32 den
1637 460 36 30 21
1703 458 85 31 Mars
1814 460 79 30 1862
1916 458 90 41 fogas

396 507 46 29 ett
464 507 35 30 så
523 505 136 42 lydande
688 509 154 29 moment:

526 557 101 32 Dessa
666 557 117 41 förslag
822 558 91 33 skola
947 557 49 33 för
1034 557 210 34 kommunens
1268 559 205 33 medlemmar
1500 560 103 32 finnas
1631 560 200 42 tillgänglige
1858 563 18 31 å
1899 561 102 42 lämp-

395 608 43 41 lig
473 612 50 29 ort
558 609 85 32 inom
683 609 140 33 socknen
857 613 82 29 samt
966 609 70 33 från
1060 610 217 41 predikstolen
1305 611 152 42 uppläsas
1480 613 42 40 på
1543 623 124 21 samma
1690 614 83 40 gång
1795 624 68 21 som
1890 612 115 44 kyrko-

395 663 134 29 stämma
556 661 148 42 utlyses".

527 712 103 33 Sedan
658 712 241 42 ifrågavarande
926 713 128 41 utgifts-
1082 713 59 32 och
1168 713 261 43 inkomstförslag
1453 714 104 33 blifvit
1579 715 195 42 upprättade
1802 716 61 33 och
1887 716 117 42 kyrko-

393 766 135 28 stämma
568 763 49 32 för
649 764 152 41 pröfning
840 764 34 31 af
907 765 162 31 desamma
1103 765 99 39 enligt
1234 768 36 28 12
1294 766 19 37 $
1336 766 10 30 i
1374 765 231 41 förordningen
1634 766 103 32 blifvit
1764 767 119 41 fjorton
1907 768 98 40 dagar

393 813 78 32 eller
504 813 97 33 minst
628 824 37 22 en
694 814 97 33 vecka
818 814 87 33 förut
927 815 98 42 utlyst
1052 814 71 33 med
1147 814 308 43 tillkännagifvande
1478 827 51 22 om
1557 819 110 30 ämnet
1693 817 50 32 för
1769 818 234 33 sammankom-

392 868 81 36 sten,
503 867 34 31 så
560 866 84 32 lärer
667 866 54 32 det
744 867 25 41 ej
794 866 109 33 kunna
929 867 159 32 förmenas
1115 866 38 33 de
1176 867 425 42 församlingsmedlemmar,
1626 880 69 21 som
1723 869 115 33 sådant
1852 870 148 40 åstunda,

391 919 49 29 att
462 917 58 32 hos
543 916 115 43 kyrko-
683 918 59 31 och
770 917 187 33 skolrådens
985 918 192 32 ordförande
1205 921 77 38 göra
1310 919 47 41 sig
1380 922 148 30 närmare
1555 919 232 34 underrättade
1815 931 51 22 om
1889 921 114 33 försla-

391 979 76 30 gens
490 968 153 32 innehåll.

525 1020 59 31 Tid
612 1020 59 32 och
696 1020 124 32 tillfälle
849 1021 49 31 för
925 1021 176 32 desammas
1124 1021 196 42 granskning
1347 1021 172 34 förefinnes
1540 1023 136 32 sålunda
1699 1024 114 40 redan;
1829 1025 59 31 och
1902 1024 101 32 skulle

392 1072 104 40 någon
534 1071 187 41 församling
754 1071 87 32 finna
875 1072 148 41 lämpligt
1063 1072 59 32 och
1157 1072 165 43 behöfligt,
1353 1078 48 27 att
1428 1073 162 43 förslagen
1618 1074 164 33 dessutom
1808 1075 195 43 kungjordes

391 1123 58 31 och
478 1122 100 33 hölles
606 1123 202 41 tillgängliga
835 1125 41 39 på
902 1123 54 32 det
978 1127 64 29 sätt
1069 1124 200 33 motionären
1292 1125 176 41 föreslagit,
1494 1127 34 31 så
1555 1126 92 33 torde
1673 1126 116 33 sådant
1815 1127 79 33 böra
1909 1131 92 38 göras

391 1173 48 32 till
476 1173 133 33 föremål
646 1174 49 32 för
728 1177 47 29 ett
809 1175 330 41 ordningsstadgande
1161 1176 86 32 inom
1270 1187 122 21 samma
1419 1176 198 42 församling,
1643 1188 73 22 men
1738 1178 175 41 ingalunda
1937 1180 63 31 för-

390 1225 114 32 anleda
528 1225 49 32 till
602 1226 258 40 lagstiftningens
883 1226 207 41 ingripande;
1119 1227 232 32 hemställande
1374 1228 165 32 Utskottet
1565 1229 96 32 alltså
1687 1230 172 39 vördsamt,

788 1278 49 31 att
865 1277 161 33 motionen
1048 1277 71 33 icke
1147 1280 98 30 måtte
1267 1278 35 32 af
1321 1278 182 42 Riksdagen
1531 1279 138 34 bifallas.

525 1377 183 33 Stockholm
737 1378 60 32 den
823 1381 39 30 24
889 1378 90 42 April
1009 1381 88 31 1877.

992 1482 46 31 På
1060 1481 181 33 Utskottets
1269 1485 132 38 vägnar:

1041 1579 102 42 Eric
1171 1579 172 52 Sparre.

522 1787 120 31 Herrar
664 1786 77 33 Nils
768 1787 193 40 Pettersson,
984 1788 199 40 Philipsson,
1207 1788 146 41 Magnus
1376 1789 150 33 Jonsson
1552 1791 60 31 och
1644 1791 164 41 Torpadie
1830 1792 94 33 hafva
1944 1792 52 33 be-

386 1840 73 39 gärt
485 1837 32 33 få
543 1837 208 40 antecknadt,
780 1841 48 30 att
855 1839 38 32 de
919 1840 11 31 i
959 1839 179 34 Utskottets
1162 1839 195 42 behandling
1383 1840 35 33 af
1437 1841 135 33 ärendet
1598 1841 69 33 icke
1694 1843 144 40 deltagit.
