1926 2800
415 179 101 26 Andra
531 180 188 27 kammarens
736 182 108 33 femte
864 182 147 34 tillfälliga
1034 182 124 28 utskotts
1178 184 151 27 uttåtande
1348 185 43 26 Nr
1408 187 24 24 2.
1619 189 11 24 1

860 484 64 40 Nr
952 485 38 39 2.

617 609 113 26 Ankom
751 610 44 25 till
816 610 171 34 riksdagens
1008 611 93 27 kansli
1113 610 65 36 ”den
1198 613 34 25 26
1251 613 127 26 februari
1401 614 68 26 1926
1489 614 37 26 kl.
1546 614 16 26 3
1583 622 23 19 e.
1628 623 36 18 m.

384 716 117 30 Andra
520 716 204 31 kammarens
747 718 16 37 f
782 728 14 20 c
816 728 29 20 m
867 720 45 29 te
938 718 166 38 tillfälliga
1125 720 142 30 utskotts
1287 721 167 31 utlåtande
1476 732 38 20 nr
1532 725 29 34 2,
1581 723 11 29 i
1610 733 54 20 an-

598 770 133 38 ledning
753 781 39 20 av
814 772 95 29 väckt
931 772 118 30 motion
1074 774 166 36 angående
1263 775 194 37 vidtagande
1481 786 39 20 av
1541 776 121 30 sådana

596 824 416 39 författningsändringar,
1038 828 46 28 att
1113 827 222 38 köpingarnas
1361 829 302 38 polisuppsynings-

596 878 75 29 män
688 880 51 27 må
755 878 104 30 såsom
876 878 157 38 polismän
1052 881 58 29 och
1125 881 152 37 åklagare
1295 881 157 32 likställas
1470 883 71 30 med
1557 883 105 30 lands-

595 929 179 38 fiskalerna
798 941 41 20 m.
862 941 40 21 m.

214 1052 56 30 Uti
290 1062 39 20 en
350 1052 88 31 inom
457 1054 105 30 andra
580 1054 190 31 kammaren
790 1065 40 20 av
849 1056 78 30 herr
946 1057 129 30 Nilsson
1095 1058 10 29 i
1126 1058 116 38 Hörby
1262 1059 103 37 väckt,
1386 1060 50 29 till
1457 1060 204 31 kammarens

174 1104 101 31 femte
295 1105 171 39 tillfälliga
488 1107 124 30 utskott
634 1107 159 31 hänvisad
816 1109 124 30 motion
960 1120 40 20 nr
1021 1110 69 37 308,
1111 1111 62 30 har
1194 1112 201 31 motionären
1416 1113 173 37 hemställt,
1613 1118 47 26 att

173 1157 175 39 riksdagen
364 1159 86 38 ville,
468 1160 70 30 dels
552 1161 105 31 uttala
676 1162 49 37 sig
742 1162 51 30 för
810 1163 101 30 sådan
929 1163 142 39 ändring
1086 1164 9 30 i
1113 1165 305 39 polisreglementet,
1437 1167 223 31 landsfiskals-

173 1211 246 32 instruktionen
441 1213 60 30 och
523 1214 216 38 kungörelsen
764 1216 74 30 med
862 1217 86 30 vissa
971 1217 239 32 bestämmelser
1235 1220 166 37 angående
1425 1221 10 29 i
1459 1221 124 38 köping
1607 1231 53 20 an-

173 1264 121 32 ställda
313 1266 152 38 åklagare
484 1277 40 20 m.
546 1267 46 38 fl.,
613 1271 48 27 att
680 1268 223 39 köpingarnas
923 1270 368 40 polisuppsyningsmän
1312 1274 57 29 och
1390 1274 152 38 åklagare
1561 1275 99 30 måtte

171 1319 95 35 göras
284 1319 168 31 likställda
472 1320 72 30 med
563 1320 243 39 landsfiskaler,
827 1323 68 30 dels
915 1324 57 29 ock
990 1324 58 30 hos
1067 1325 123 37 Kungl.
1210 1326 102 37 Maj:t
1331 1327 130 30 anhålla
1481 1337 50 20 om
1549 1327 110 31 utred-

170 1371 91 38 ning,
283 1371 166 32 huruvida
470 1373 60 30 och
552 1373 11 30 i
584 1374 63 31 vad
670 1376 75 29 mån
766 1376 39 31 de
828 1376 197 39 åligganden
1047 1378 59 30 och
1128 1379 241 41 befogenheter,
1393 1391 64 20 som
1481 1381 101 38 enligt
1604 1381 54 38 lag

171 1424 59 30 och
256 1424 206 40 författning
488 1427 180 32 tillkomme
691 1429 206 38 landsfiskal,
924 1431 101 31 måtte
1053 1431 52 31 för
1130 1433 140 38 köpings
1294 1433 249 32 vidkommande
1571 1436 87 29 över-

171 1476 118 38 flyttas
307 1479 43 36 på
370 1479 10 30 i
400 1479 164 39 köpingen
584 1481 143 31 anställd
745 1483 163 37 polisman
926 1484 73 30 med
1017 1485 162 32 åtalsrätt.

210 1531 222 32 Beträffande
455 1533 238 38 motiveringen
714 1535 52 30 till
789 1535 55 31 det
865 1536 119 38 gjorda
1006 1537 161 38 yrkandet
1192 1539 54 30 får
1267 1540 157 30 utskottet
1446 1541 135 30 hänvisa
1605 1542 51 29 till

170 1584 173 31 motionen.

212 1636 90 31 Från
328 1639 59 29 och
410 1640 75 30 med
508 1640 37 30 år
568 1641 81 30 1864
673 1641 61 31 har
757 1642 123 39 Kungl.
905 1643 103 38 Maj:t
1033 1644 57 31 vid
1113 1645 229 32 meddelandet
1366 1657 40 20 av
1430 1647 149 31 tillstånd
1605 1647 52 31 för

170 1690 155 32 samhälle
346 1695 48 27 att
414 1692 92 32 bilda
524 1694 125 39 köping
667 1695 113 39 plägat
802 1696 191 39 föreskriva,
1016 1701 48 28 att
1086 1699 10 29 i
1117 1699 124 39 köping
1260 1700 102 31 skulle
1383 1700 112 31 finnas
1514 1701 141 30 anställd

171 1753 39 21 en
236 1744 73 31 med
333 1746 153 32 åtalsrätt
509 1749 155 30 utrustad
688 1749 296 38 polistjänsteman.
1022 1751 110 31 Sådan
1158 1752 172 32 föreskrift
1356 1754 91 31 torde
1472 1754 82 32 hava
1581 1756 75 29 läm-

167 1801 74 26 nats
264 1798 214 32 beträffande
502 1801 64 30 alla
590 1802 189 37 samhällen,
802 1813 69 20 som
892 1804 72 30 före
986 1805 169 38 utgången
1178 1816 41 20 av
1243 1807 37 29 år
1303 1807 79 30 1923
1405 1807 174 37 medgivits
1601 1809 52 29 kö-

166 1851 304 38 pingsrättigheter.
500 1854 345 39 Köpingsåklagarnes
862 1857 153 31 åtalsrätt
1032 1858 61 30 har
1110 1859 194 37 ytterligare
1322 1861 40 36 på
1380 1861 78 29 visst
1477 1862 64 29 sätt
1558 1861 95 30 blivit

165 1904 125 31 erkänd
310 1905 10 29 i
342 1906 460 33 landsfiskalsinstruktionen
823 1909 64 31 den
909 1911 38 29 14
968 1910 168 32 december
1157 1913 90 36 1917,
1269 1913 71 30 vari
1361 1914 77 29 från
1458 1914 195 30 landsfiska-

166 1957 69 30 lens
250 1958 197 38 befogenhet
462 1960 225 38 uttryckligen
702 1962 218 38 undantagits
936 1964 66 30 åtal
1018 1964 11 29 i
1043 1964 165 38 brottmål,
1225 1965 42 31 då
1283 1966 53 30 för
1351 1966 72 30 stad
1439 1967 78 30 eller
1533 1967 122 37 köping

166 2020 111 21 annan
297 2011 122 31 allmän
440 2013 153 38 åklagare
613 2024 76 21 vore
711 2015 192 31 förordnad.

208 2064 17 30 I
244 2062 21 41 $
284 2065 37 30 19
341 2075 41 21 av
399 2067 357 39 promulgationslagen
776 2069 53 30 till
847 2069 198 40 strafflagen
1065 2071 112 31 finnas
1196 2072 140 38 angivna
1358 2073 38 31 de
1416 2073 238 39 myndigheter,

165 2127 68 20 som
259 2118 62 38 äga
347 2119 386 39 häktningsbefogenhet.
771 2122 110 30 Bland
908 2122 93 31 dessa
1025 2123 231 39 myndigheter
1282 2125 196 31 förekomma
1507 2127 68 30 icke
1602 2127 51 30 kö-

167 2170 275 40 pingsåklagarne
465 2173 59 31 och
544 2174 101 38 något
667 2176 198 38 uttryckligt
888 2177 180 38 stadgande
1092 2188 50 21 om
1165 2178 96 32 deras
1282 2175 371 47 häktningsbefogenhet

168 2223 111 32 finnes
301 2225 69 31 icke
393 2227 11 30 i
428 2226 121 31 allmän
572 2228 63 38 lag.
669 2228 118 31 Likväl
809 2229 62 31 har
894 2230 10 29 i
927 2231 156 30 samband
1108 2231 72 31 med
1204 2232 451 39 kronofogdeinstitutionens

167 2277 227 40 upphörande,
425 2289 115 28 genom
569 2282 223 36 nyssnämnda
821 2282 201 32 instruktion
1057 2285 47 29 lör
1133 2285 274 32 landsfiskalerna
1440 2287 75 30 från
1546 2287 108 31 dessas

165 2330 374 39 tjänstgöringsområde
563 2335 225 37 uttryckligen
811 2335 216 38 undantagits
1050 2337 64 30 alla
1138 2338 87 30 brott
1251 2338 169 38 begångna
1444 2340 9 28 i
1477 2339 73 30 stad
1573 2340 79 30 eller

164 2383 132 37 köping,
321 2394 68 20 som
413 2385 154 31 tillhörde
591 2387 360 32 landsfiskalsdistrikt.
988 2389 121 30 Cenom
1134 2391 131 29 särskilt
1290 2391 180 37 stadgande
1496 2393 8 28 i
1530 2392 121 36 kungö-

163 2435 106 31 relsen
285 2436 63 31 den
366 2438 39 29 14
421 2438 168 31 december
606 2441 79 29 1917
702 2441 86 30 hava
804 2441 317 39 köpingsåklagarne
1138 2443 94 31 också
1250 2448 123 26 ansetts
1390 2444 151 38 behöriga
1560 2446 91 29 verk-

161 2489 98 31 ställa
271 2490 89 31 inom
373 2491 96 31 deras
482 2493 375 38 tjänstgöringsområde
872 2495 265 31 förekommande
1152 2497 210 37 häktningar.
1388 2498 114 30 Denna
1519 2499 132 37 mening

197 2561 116 33 Bihang
333 2563 44 25 till
395 2563 175 34 riksdagens
588 2565 148 31 protokoll
758 2565 74 26 1926.
871 2566 35 25 13
924 2567 83 25 saml.
1045 2568 18 24 5
1081 2567 64 26 avd.
1183 2568 18 25 2
1220 2567 72 34 häft.
1331 2568 54 31 (Nr
1402 2569 91 31 2—3.)
