<?xml version="1.0" encoding="UTF-8"?>
<alto xmlns="http://www.loc.gov/standards/alto/ns-v3#" xmlns:xlink="http://www.w3.org/1999/xlink" xmlns:xsi="http://www.w3.org/2001/XMLSchema-instance" xsi:schemaLocation="http://www.loc.gov/standards/alto/ns-v3# http://www.loc.gov/alto/v3/alto-3-0.xsd">
	<Description>
		<MeasurementUnit>pixel</MeasurementUnit>
		<sourceImageInformation>
			<fileName>/tmp/tess_d2p0zfs5_input.PNG</fileName>
		</sourceImageInformation>
		<OCRProcessing ID="OCR_0">
			<ocrProcessingStep>
				<processingSoftware>
					<softwareName>tesseract 5.3.0</softwareName>
				</processingSoftware>
			</ocrProcessingStep>
		</OCRProcessing>
	</Description>
	<Layout>
		<Page WIDTH="1900" HEIGHT="2822" PHYSICAL_IMG_NR="0" ID="page_0">
			<PrintSpace HPOS="0" VPOS="0" WIDTH="1900" HEIGHT="2822">
				<ComposedBlock ID="cblock_0" HPOS="327" VPOS="165" WIDTH="1112" HEIGHT="46">
					<TextBlock ID="block_0" HPOS="327" VPOS="165" WIDTH="1112" HEIGHT="46">
						<TextLine ID="line_0" HPOS="327" VPOS="165" WIDTH="1112" HEIGHT="46">
							<String ID="string_0" HPOS="327" VPOS="165" WIDTH="18" HEIGHT="30" WC="0.96" CONTENT="8"/><SP WIDTH="325" VPOS="165" HPOS="345"/>
							<String ID="string_1" HPOS="670" VPOS="171" WIDTH="393" HEIGHT="37" WC="0.91" CONTENT="Jordbruksutskottets"/><SP WIDTH="30" VPOS="171" HPOS="1063"/>
							<String ID="string_2" HPOS="1093" VPOS="177" WIDTH="186" HEIGHT="32" WC="0.95" CONTENT="utlåtande"/><SP WIDTH="29" VPOS="177" HPOS="1279"/>
							<String ID="string_3" HPOS="1308" VPOS="180" WIDTH="53" HEIGHT="31" WC="0.95" CONTENT="Nr"/><SP WIDTH="26" VPOS="180" HPOS="1361"/>
							<String ID="string_4" HPOS="1387" VPOS="180" WIDTH="52" HEIGHT="31" WC="0.95" CONTENT="34."/>
						</TextLine>
					</TextBlock>
				</ComposedBlock>
				<ComposedBlock ID="cblock_1" HPOS="267" VPOS="243" WIDTH="1525" HEIGHT="908">
					<TextBlock ID="block_1" HPOS="272" VPOS="243" WIDTH="1520" HEIGHT="647">
						<TextLine ID="line_1" HPOS="281" VPOS="243" WIDTH="1511" HEIGHT="53">
							<String ID="string_5" HPOS="281" VPOS="243" WIDTH="79" HEIGHT="32" WC="0.95" CONTENT="dom"/><SP WIDTH="33" VPOS="243" HPOS="360"/>
							<String ID="string_6" HPOS="393" VPOS="245" WIDTH="117" HEIGHT="31" WC="0.96" CONTENT="undan"/><SP WIDTH="25" VPOS="245" HPOS="510"/>
							<String ID="string_7" HPOS="535" VPOS="246" WIDTH="54" HEIGHT="30" WC="0.96" CONTENT="för"/><SP WIDTH="23" VPOS="246" HPOS="589"/>
							<String ID="string_8" HPOS="612" VPOS="247" WIDTH="117" HEIGHT="31" WC="0.93" CONTENT="undan"/><SP WIDTH="23" VPOS="247" HPOS="729"/>
							<String ID="string_9" HPOS="752" VPOS="249" WIDTH="186" HEIGHT="32" WC="0.92" CONTENT="decimeras"/><SP WIDTH="23" VPOS="249" HPOS="938"/>
							<String ID="string_10" HPOS="961" VPOS="262" WIDTH="43" HEIGHT="20" WC="0.96" CONTENT="av"/><SP WIDTH="24" VPOS="262" HPOS="1004"/>
							<String ID="string_11" HPOS="1028" VPOS="253" WIDTH="187" HEIGHT="37" WC="0.96" CONTENT="rovdjuret,"/><SP WIDTH="25" VPOS="253" HPOS="1215"/>
							<String ID="string_12" HPOS="1240" VPOS="256" WIDTH="62" HEIGHT="35" WC="0.95" CONTENT="går"/><SP WIDTH="23" VPOS="256" HPOS="1302"/>
							<String ID="string_13" HPOS="1325" VPOS="257" WIDTH="56" HEIGHT="31" WC="0.95" CONTENT="till"/><SP WIDTH="24" VPOS="257" HPOS="1381"/>
							<String ID="string_14" HPOS="1405" VPOS="259" WIDTH="119" HEIGHT="37" WC="0.96" CONTENT="anfall,"/><SP WIDTH="25" VPOS="259" HPOS="1524"/>
							<String ID="string_15" HPOS="1549" VPOS="263" WIDTH="85" HEIGHT="29" WC="0.96" CONTENT="utan"/><SP WIDTH="23" VPOS="263" HPOS="1634"/>
							<String ID="string_16" HPOS="1657" VPOS="263" WIDTH="52" HEIGHT="30" WC="0.93" CONTENT="att"/><SP WIDTH="23" VPOS="263" HPOS="1709"/>
							<String ID="string_17" HPOS="1732" VPOS="274" WIDTH="60" HEIGHT="21" WC="0.92" CONTENT="av-"/>
						</TextLine>
						<TextLine ID="line_2" HPOS="280" VPOS="288" WIDTH="1511" HEIGHT="51">
							<String ID="string_18" HPOS="280" VPOS="288" WIDTH="106" HEIGHT="31" WC="0.96" CONTENT="vakta"/><SP WIDTH="36" VPOS="288" HPOS="386"/>
							<String ID="string_19" HPOS="422" VPOS="290" WIDTH="47" HEIGHT="29" WC="0.96" CONTENT="ett"/><SP WIDTH="34" VPOS="290" HPOS="469"/>
							<String ID="string_20" HPOS="503" VPOS="289" WIDTH="170" HEIGHT="38" WC="0.96" CONTENT="tillstånd,"/><SP WIDTH="36" VPOS="289" HPOS="673"/>
							<String ID="string_21" HPOS="709" VPOS="301" WIDTH="72" HEIGHT="22" WC="0.96" CONTENT="som"/><SP WIDTH="34" VPOS="301" HPOS="781"/>
							<String ID="string_22" HPOS="815" VPOS="293" WIDTH="56" HEIGHT="31" WC="0.96" CONTENT="det"/><SP WIDTH="34" VPOS="293" HPOS="871"/>
							<String ID="string_23" HPOS="905" VPOS="295" WIDTH="68" HEIGHT="31" WC="0.96" CONTENT="kan"/><SP WIDTH="34" VPOS="295" HPOS="973"/>
							<String ID="string_24" HPOS="1007" VPOS="296" WIDTH="99" HEIGHT="36" WC="0.96" CONTENT="dröja"/><SP WIDTH="22" VPOS="296" HPOS="1106"/>
							<String ID="string_25" HPOS="1128" VPOS="297" WIDTH="84" HEIGHT="32" WC="0.96" CONTENT="flera"/><SP WIDTH="23" VPOS="297" HPOS="1212"/>
							<String ID="string_26" HPOS="1235" VPOS="300" WIDTH="164" HEIGHT="32" WC="0.96" CONTENT="månader"/><SP WIDTH="23" VPOS="300" HPOS="1399"/>
							<String ID="string_27" HPOS="1422" VPOS="303" WIDTH="107" HEIGHT="32" WC="0.96" CONTENT="innan"/><SP WIDTH="25" VPOS="303" HPOS="1529"/>
							<String ID="string_28" HPOS="1554" VPOS="305" WIDTH="56" HEIGHT="31" WC="0.96" CONTENT="det"/><SP WIDTH="23" VPOS="305" HPOS="1610"/>
							<String ID="string_29" HPOS="1633" VPOS="305" WIDTH="158" HEIGHT="34" WC="0.96" CONTENT="kommer"/>
						</TextLine>
						<TextLine ID="line_3" HPOS="280" VPOS="331" WIDTH="1508" HEIGHT="54">
							<String ID="string_30" HPOS="280" VPOS="331" WIDTH="125" HEIGHT="31" WC="0.95" CONTENT="honom"/><SP WIDTH="35" VPOS="331" HPOS="405"/>
							<String ID="string_31" HPOS="440" VPOS="332" WIDTH="182" HEIGHT="32" WC="0.94" CONTENT="tillhanda."/><SP WIDTH="48" VPOS="332" HPOS="622"/>
							<String ID="string_32" HPOS="670" VPOS="334" WIDTH="83" HEIGHT="32" WC="0.96" CONTENT="Man"/><SP WIDTH="33" VPOS="334" HPOS="753"/>
							<String ID="string_33" HPOS="786" VPOS="338" WIDTH="110" HEIGHT="30" WC="0.96" CONTENT="måste"/><SP WIDTH="35" VPOS="338" HPOS="896"/>
							<String ID="string_34" HPOS="931" VPOS="338" WIDTH="102" HEIGHT="37" WC="0.96" CONTENT="lägga"/><SP WIDTH="31" VPOS="338" HPOS="1033"/>
							<String ID="string_35" HPOS="1064" VPOS="341" WIDTH="120" HEIGHT="31" WC="0.46" CONTENT="märke"/><SP WIDTH="34" VPOS="341" HPOS="1184"/>
							<String ID="string_36" HPOS="1218" VPOS="343" WIDTH="65" HEIGHT="36" WC="0.96" CONTENT="till,"/><SP WIDTH="24" VPOS="343" HPOS="1283"/>
							<String ID="string_37" HPOS="1307" VPOS="345" WIDTH="52" HEIGHT="30" WC="0.96" CONTENT="att"/><SP WIDTH="23" VPOS="345" HPOS="1359"/>
							<String ID="string_38" HPOS="1382" VPOS="345" WIDTH="122" HEIGHT="37" WC="0.96" CONTENT="lappen"/><SP WIDTH="24" VPOS="345" HPOS="1504"/>
							<String ID="string_39" HPOS="1528" VPOS="350" WIDTH="124" HEIGHT="35" WC="0.96" CONTENT="ytterst"/><SP WIDTH="23" VPOS="350" HPOS="1652"/>
							<String ID="string_40" HPOS="1675" VPOS="350" WIDTH="113" HEIGHT="32" WC="0.96" CONTENT="sällan"/>
						</TextLine>
						<TextLine ID="line_4" HPOS="279" VPOS="375" WIDTH="1507" HEIGHT="52">
							<String ID="string_41" HPOS="279" VPOS="375" WIDTH="167" HEIGHT="35" WC="0.90" CONTENT="påträffar"/><SP WIDTH="24" VPOS="375" HPOS="446"/>
							<String ID="string_42" HPOS="470" VPOS="376" WIDTH="145" HEIGHT="36" WC="0.96" CONTENT="björnen"/><SP WIDTH="23" VPOS="376" HPOS="615"/>
							<String ID="string_43" HPOS="638" VPOS="378" WIDTH="13" HEIGHT="30" WC="0.96" CONTENT="i"/><SP WIDTH="24" VPOS="378" HPOS="651"/>
							<String ID="string_44" HPOS="675" VPOS="378" WIDTH="56" HEIGHT="32" WC="0.96" CONTENT="det"/><SP WIDTH="22" VPOS="378" HPOS="731"/>
							<String ID="string_45" HPOS="753" VPOS="381" WIDTH="181" HEIGHT="34" WC="0.87" CONTENT="ögonblick"/><SP WIDTH="23" VPOS="381" HPOS="934"/>
							<String ID="string_46" HPOS="957" VPOS="382" WIDTH="42" HEIGHT="31" WC="0.96" CONTENT="då"/><SP WIDTH="24" VPOS="382" HPOS="999"/>
							<String ID="string_47" HPOS="1023" VPOS="383" WIDTH="70" HEIGHT="31" WC="0.96" CONTENT="han"/><SP WIDTH="23" VPOS="383" HPOS="1093"/>
							<String ID="string_48" HPOS="1116" VPOS="385" WIDTH="151" HEIGHT="32" WC="0.95" CONTENT="anfaller"/><SP WIDTH="22" VPOS="385" HPOS="1267"/>
							<String ID="string_49" HPOS="1289" VPOS="397" WIDTH="105" HEIGHT="22" WC="0.96" CONTENT="renen"/><SP WIDTH="23" VPOS="397" HPOS="1394"/>
							<String ID="string_50" HPOS="1417" VPOS="391" WIDTH="60" HEIGHT="30" WC="0.96" CONTENT="och"/><SP WIDTH="25" VPOS="391" HPOS="1477"/>
							<String ID="string_51" HPOS="1502" VPOS="391" WIDTH="43" HEIGHT="31" WC="0.97" CONTENT="då"/><SP WIDTH="17" VPOS="391" HPOS="1545"/>
							<String ID="string_52" HPOS="1562" VPOS="394" WIDTH="40" HEIGHT="29" WC="0.93" CONTENT="är"/><SP WIDTH="15" VPOS="394" HPOS="1602"/>
							<String ID="string_53" HPOS="1617" VPOS="394" WIDTH="169" HEIGHT="33" WC="0.92" CONTENT="nomaden"/>
						</TextLine>
						<TextLine ID="line_5" HPOS="277" VPOS="418" WIDTH="1512" HEIGHT="51">
							<String ID="string_54" HPOS="277" VPOS="418" WIDTH="32" HEIGHT="36" WC="0.96" CONTENT="ej"/><SP WIDTH="24" VPOS="418" HPOS="309"/>
							<String ID="string_55" HPOS="333" VPOS="419" WIDTH="178" HEIGHT="36" WC="0.96" CONTENT="beväpnad"/><SP WIDTH="24" VPOS="419" HPOS="511"/>
							<String ID="string_56" HPOS="535" VPOS="421" WIDTH="38" HEIGHT="30" WC="0.96" CONTENT="så"/><SP WIDTH="23" VPOS="421" HPOS="573"/>
							<String ID="string_57" HPOS="596" VPOS="423" WIDTH="51" HEIGHT="29" WC="0.96" CONTENT="att"/><SP WIDTH="24" VPOS="423" HPOS="647"/>
							<String ID="string_58" HPOS="671" VPOS="422" WIDTH="68" HEIGHT="31" WC="0.96" CONTENT="han"/><SP WIDTH="24" VPOS="422" HPOS="739"/>
							<String ID="string_59" HPOS="763" VPOS="423" WIDTH="68" HEIGHT="31" WC="0.93" CONTENT="kan"/><SP WIDTH="24" VPOS="423" HPOS="831"/>
							<String ID="string_60" HPOS="855" VPOS="427" WIDTH="149" HEIGHT="35" WC="0.92" CONTENT="upptaga"/><SP WIDTH="24" VPOS="427" HPOS="1004"/>
							<String ID="string_61" HPOS="1028" VPOS="427" WIDTH="131" HEIGHT="31" WC="0.96" CONTENT="striden"/><SP WIDTH="24" VPOS="427" HPOS="1159"/>
							<String ID="string_62" HPOS="1183" VPOS="429" WIDTH="76" HEIGHT="31" WC="0.96" CONTENT="med"/><SP WIDTH="24" VPOS="429" HPOS="1259"/>
							<String ID="string_63" HPOS="1283" VPOS="440" WIDTH="41" HEIGHT="22" WC="0.96" CONTENT="en"/><SP WIDTH="24" VPOS="440" HPOS="1324"/>
							<String ID="string_64" HPOS="1348" VPOS="431" WIDTH="110" HEIGHT="38" WC="0.95" CONTENT="björn,"/><SP WIDTH="24" VPOS="431" HPOS="1458"/>
							<String ID="string_65" HPOS="1482" VPOS="435" WIDTH="118" HEIGHT="32" WC="0.96" CONTENT="vilken"/><SP WIDTH="30" VPOS="435" HPOS="1600"/>
							<String ID="string_66" HPOS="1630" VPOS="437" WIDTH="94" HEIGHT="31" WC="0.96" CONTENT="retad"/><SP WIDTH="23" VPOS="437" HPOS="1724"/>
							<String ID="string_67" HPOS="1747" VPOS="441" WIDTH="42" HEIGHT="28" WC="0.96" CONTENT="är"/>
						</TextLine>
						<TextLine ID="line_6" HPOS="277" VPOS="462" WIDTH="1509" HEIGHT="56">
							<String ID="string_68" HPOS="277" VPOS="463" WIDTH="122" HEIGHT="34" WC="0.96" CONTENT="ytterst"/><SP WIDTH="35" VPOS="463" HPOS="399"/>
							<String ID="string_69" HPOS="434" VPOS="462" WIDTH="104" HEIGHT="37" WC="0.96" CONTENT="farlig"/><SP WIDTH="34" VPOS="462" HPOS="538"/>
							<String ID="string_70" HPOS="572" VPOS="466" WIDTH="89" HEIGHT="30" WC="0.96" CONTENT="även"/><SP WIDTH="36" VPOS="466" HPOS="661"/>
							<String ID="string_71" HPOS="697" VPOS="466" WIDTH="54" HEIGHT="30" WC="0.96" CONTENT="för"/><SP WIDTH="33" VPOS="466" HPOS="751"/>
							<String ID="string_72" HPOS="784" VPOS="469" WIDTH="211" HEIGHT="31" WC="0.96" CONTENT="människor."/><SP WIDTH="46" VPOS="469" HPOS="995"/>
							<String ID="string_73" HPOS="1041" VPOS="470" WIDTH="99" HEIGHT="32" WC="0.92" CONTENT="Skall"/><SP WIDTH="35" VPOS="470" HPOS="1140"/>
							<String ID="string_74" HPOS="1175" VPOS="472" WIDTH="121" HEIGHT="37" WC="0.96" CONTENT="lappen"/><SP WIDTH="34" VPOS="472" HPOS="1296"/>
							<String ID="string_75" HPOS="1330" VPOS="475" WIDTH="119" HEIGHT="33" WC="0.95" CONTENT="kunna"/><SP WIDTH="28" VPOS="475" HPOS="1449"/>
							<String ID="string_76" HPOS="1477" VPOS="478" WIDTH="95" HEIGHT="31" WC="0.95" CONTENT="freda"/><SP WIDTH="23" VPOS="478" HPOS="1572"/>
							<String ID="string_77" HPOS="1595" VPOS="480" WIDTH="55" HEIGHT="31" WC="0.96" CONTENT="sin"/><SP WIDTH="23" VPOS="480" HPOS="1650"/>
							<String ID="string_78" HPOS="1673" VPOS="480" WIDTH="113" HEIGHT="38" WC="0.95" CONTENT="hjord,"/>
						</TextLine>
						<TextLine ID="line_7" HPOS="278" VPOS="506" WIDTH="1507" HEIGHT="53">
							<String ID="string_79" HPOS="278" VPOS="506" WIDTH="106" HEIGHT="30" WC="0.96" CONTENT="måste"/><SP WIDTH="35" VPOS="506" HPOS="384"/>
							<String ID="string_80" HPOS="419" VPOS="506" WIDTH="69" HEIGHT="31" WC="0.95" CONTENT="han"/><SP WIDTH="35" VPOS="506" HPOS="488"/>
							<String ID="string_81" HPOS="523" VPOS="510" WIDTH="96" HEIGHT="29" WC="0.95" CONTENT="rusta"/><SP WIDTH="34" VPOS="510" HPOS="619"/>
							<String ID="string_82" HPOS="653" VPOS="510" WIDTH="53" HEIGHT="35" WC="0.96" CONTENT="sig"/><SP WIDTH="35" VPOS="510" HPOS="706"/>
							<String ID="string_83" HPOS="741" VPOS="510" WIDTH="53" HEIGHT="31" WC="0.96" CONTENT="för"/><SP WIDTH="22" VPOS="510" HPOS="794"/>
							<String ID="string_84" HPOS="816" VPOS="511" WIDTH="75" HEIGHT="36" WC="0.96" CONTENT="jakt"/><SP WIDTH="23" VPOS="511" HPOS="891"/>
							<String ID="string_85" HPOS="914" VPOS="513" WIDTH="62" HEIGHT="30" WC="0.95" CONTENT="och"/><SP WIDTH="23" VPOS="513" HPOS="976"/>
							<String ID="string_86" HPOS="999" VPOS="513" WIDTH="37" HEIGHT="31" WC="0.96" CONTENT="få"/><SP WIDTH="22" VPOS="513" HPOS="1036"/>
							<String ID="string_87" HPOS="1058" VPOS="515" WIDTH="157" HEIGHT="32" WC="0.96" CONTENT="tillstånd"/><SP WIDTH="23" VPOS="515" HPOS="1215"/>
							<String ID="string_88" HPOS="1238" VPOS="519" WIDTH="49" HEIGHT="29" WC="0.96" CONTENT="att"/><SP WIDTH="24" VPOS="519" HPOS="1287"/>
							<String ID="string_89" HPOS="1311" VPOS="519" WIDTH="117" HEIGHT="36" WC="0.96" CONTENT="skjuta"/><SP WIDTH="23" VPOS="519" HPOS="1428"/>
							<String ID="string_90" HPOS="1451" VPOS="521" WIDTH="152" HEIGHT="38" WC="0.95" CONTENT="björnen,"/><SP WIDTH="25" VPOS="521" HPOS="1603"/>
							<String ID="string_91" HPOS="1628" VPOS="526" WIDTH="65" HEIGHT="28" WC="0.96" CONTENT="när"/><SP WIDTH="23" VPOS="526" HPOS="1693"/>
							<String ID="string_92" HPOS="1716" VPOS="525" WIDTH="69" HEIGHT="31" WC="0.96" CONTENT="han"/>
						</TextLine>
						<TextLine ID="line_8" HPOS="276" VPOS="549" WIDTH="1511" HEIGHT="53">
							<String ID="string_93" HPOS="276" VPOS="549" WIDTH="168" HEIGHT="35" WC="0.92" CONTENT="påträffar"/><SP WIDTH="33" VPOS="549" HPOS="444"/>
							<String ID="string_94" HPOS="477" VPOS="550" WIDTH="125" HEIGHT="32" WC="0.96" CONTENT="honom"/><SP WIDTH="35" VPOS="550" HPOS="602"/>
							<String ID="string_95" HPOS="637" VPOS="553" WIDTH="62" HEIGHT="30" WC="0.96" CONTENT="och"/><SP WIDTH="35" VPOS="553" HPOS="699"/>
							<String ID="string_96" HPOS="734" VPOS="554" WIDTH="29" HEIGHT="36" WC="0.94" CONTENT="ej"/><SP WIDTH="36" VPOS="554" HPOS="763"/>
							<String ID="string_97" HPOS="799" VPOS="554" WIDTH="88" HEIGHT="32" WC="0.96" CONTENT="blott"/><SP WIDTH="33" VPOS="554" HPOS="887"/>
							<String ID="string_98" HPOS="920" VPOS="557" WIDTH="12" HEIGHT="30" WC="0.96" CONTENT="i"/><SP WIDTH="34" VPOS="557" HPOS="932"/>
							<String ID="string_99" HPOS="966" VPOS="557" WIDTH="157" HEIGHT="32" WC="0.96" CONTENT="nödvärn"/><SP WIDTH="31" VPOS="557" HPOS="1123"/>
							<String ID="string_100" HPOS="1154" VPOS="559" WIDTH="55" HEIGHT="32" WC="0.96" CONTENT="det"/><SP WIDTH="23" VPOS="559" HPOS="1209"/>
							<String ID="string_101" HPOS="1232" VPOS="562" WIDTH="180" HEIGHT="35" WC="0.96" CONTENT="ögonblick"/><SP WIDTH="23" VPOS="562" HPOS="1412"/>
							<String ID="string_102" HPOS="1435" VPOS="566" WIDTH="178" HEIGHT="36" WC="0.96" CONTENT="rovdjuret"/><SP WIDTH="23" VPOS="566" HPOS="1613"/>
							<String ID="string_103" HPOS="1636" VPOS="568" WIDTH="151" HEIGHT="32" WC="0.96" CONTENT="anfaller"/>
						</TextLine>
						<TextLine ID="line_9" HPOS="275" VPOS="594" WIDTH="1510" HEIGHT="49">
							<String ID="string_104" HPOS="275" VPOS="601" WIDTH="114" HEIGHT="22" WC="0.96" CONTENT="renen."/><SP WIDTH="47" VPOS="601" HPOS="389"/>
							<String ID="string_105" HPOS="436" VPOS="594" WIDTH="127" HEIGHT="31" WC="0.96" CONTENT="Vilken"/><SP WIDTH="24" VPOS="594" HPOS="563"/>
							<String ID="string_106" HPOS="587" VPOS="595" WIDTH="108" HEIGHT="32" WC="0.96" CONTENT="bonde"/><SP WIDTH="22" VPOS="595" HPOS="695"/>
							<String ID="string_107" HPOS="717" VPOS="598" WIDTH="121" HEIGHT="37" WC="0.96" CONTENT="skulle,"/><SP WIDTH="24" VPOS="598" HPOS="838"/>
							<String ID="string_108" HPOS="862" VPOS="599" WIDTH="110" HEIGHT="32" WC="0.96" CONTENT="därest"/><SP WIDTH="23" VPOS="599" HPOS="972"/>
							<String ID="string_109" HPOS="995" VPOS="601" WIDTH="85" HEIGHT="31" WC="0.93" CONTENT="hans"/><SP WIDTH="24" VPOS="601" HPOS="1080"/>
							<String ID="string_110" HPOS="1104" VPOS="603" WIDTH="218" HEIGHT="33" WC="0.91" CONTENT="visthusbord"/><SP WIDTH="23" VPOS="603" HPOS="1322"/>
							<String ID="string_111" HPOS="1345" VPOS="608" WIDTH="256" HEIGHT="33" WC="0.89" CONTENT="översvämmas"/><SP WIDTH="16" VPOS="608" HPOS="1601"/>
							<String ID="string_112" HPOS="1617" VPOS="621" WIDTH="45" HEIGHT="20" WC="0.96" CONTENT="av"/><SP WIDTH="13" VPOS="621" HPOS="1662"/>
							<String ID="string_113" HPOS="1675" VPOS="613" WIDTH="110" HEIGHT="30" WC="0.96" CONTENT="råttor"/>
						</TextLine>
						<TextLine ID="line_10" HPOS="275" VPOS="636" WIDTH="1508" HEIGHT="54">
							<String ID="string_114" HPOS="275" VPOS="636" WIDTH="83" HEIGHT="30" WC="0.95" CONTENT="eller"/><SP WIDTH="34" VPOS="636" HPOS="358"/>
							<String ID="string_115" HPOS="392" VPOS="647" WIDTH="55" HEIGHT="20" WC="0.95" CONTENT="om"/><SP WIDTH="34" VPOS="647" HPOS="447"/>
							<String ID="string_116" HPOS="481" VPOS="638" WIDTH="86" HEIGHT="31" WC="0.92" CONTENT="hans"/><SP WIDTH="32" VPOS="638" HPOS="567"/>
							<String ID="string_117" HPOS="599" VPOS="639" WIDTH="173" HEIGHT="38" WC="0.92" CONTENT="hönsgård"/><SP WIDTH="24" VPOS="639" HPOS="772"/>
							<String ID="string_118" HPOS="796" VPOS="644" WIDTH="192" HEIGHT="35" WC="0.96" CONTENT="upprepade"/><SP WIDTH="23" VPOS="644" HPOS="988"/>
							<String ID="string_119" HPOS="1011" VPOS="646" WIDTH="130" HEIGHT="36" WC="0.96" CONTENT="gånger"/><SP WIDTH="24" VPOS="646" HPOS="1141"/>
							<String ID="string_120" HPOS="1165" VPOS="647" WIDTH="53" HEIGHT="31" WC="0.96" CONTENT="får"/><SP WIDTH="23" VPOS="647" HPOS="1218"/>
							<String ID="string_121" HPOS="1241" VPOS="648" WIDTH="207" HEIGHT="40" WC="0.96" CONTENT="påhälsning"/><SP WIDTH="23" VPOS="648" HPOS="1448"/>
							<String ID="string_122" HPOS="1471" VPOS="663" WIDTH="45" HEIGHT="20" WC="0.96" CONTENT="av"/><SP WIDTH="23" VPOS="663" HPOS="1516"/>
							<String ID="string_123" HPOS="1539" VPOS="656" WIDTH="73" HEIGHT="34" WC="0.96" CONTENT="räv,"/><SP WIDTH="25" VPOS="656" HPOS="1612"/>
							<String ID="string_124" HPOS="1637" VPOS="655" WIDTH="146" HEIGHT="32" WC="0.96" CONTENT="invänta"/>
						</TextLine>
						<TextLine ID="line_11" HPOS="275" VPOS="680" WIDTH="1507" HEIGHT="54">
							<String ID="string_125" HPOS="275" VPOS="680" WIDTH="302" HEIGHT="36" WC="0.95" CONTENT="myndigheternas"/><SP WIDTH="34" VPOS="680" HPOS="577"/>
							<String ID="string_126" HPOS="611" VPOS="684" WIDTH="157" HEIGHT="31" WC="0.96" CONTENT="tillstånd"/><SP WIDTH="34" VPOS="684" HPOS="768"/>
							<String ID="string_127" HPOS="802" VPOS="686" WIDTH="108" HEIGHT="31" WC="0.96" CONTENT="innan"/><SP WIDTH="34" VPOS="686" HPOS="910"/>
							<String ID="string_128" HPOS="944" VPOS="687" WIDTH="70" HEIGHT="31" WC="0.96" CONTENT="han"/><SP WIDTH="35" VPOS="687" HPOS="1014"/>
							<String ID="string_129" HPOS="1049" VPOS="689" WIDTH="159" HEIGHT="37" WC="0.91" CONTENT="vidtager"/><SP WIDTH="34" VPOS="689" HPOS="1208"/>
							<String ID="string_130" HPOS="1242" VPOS="693" WIDTH="159" HEIGHT="35" WC="0.96" CONTENT="åtgärder"/><SP WIDTH="23" VPOS="693" HPOS="1401"/>
							<String ID="string_131" HPOS="1424" VPOS="696" WIDTH="52" HEIGHT="31" WC="0.96" CONTENT="för"/><SP WIDTH="22" VPOS="696" HPOS="1476"/>
							<String ID="string_132" HPOS="1498" VPOS="698" WIDTH="52" HEIGHT="30" WC="0.96" CONTENT="att"/><SP WIDTH="23" VPOS="698" HPOS="1550"/>
							<String ID="string_133" HPOS="1573" VPOS="698" WIDTH="133" HEIGHT="36" WC="0.96" CONTENT="skydda"/><SP WIDTH="22" VPOS="698" HPOS="1706"/>
							<String ID="string_134" HPOS="1728" VPOS="700" WIDTH="54" HEIGHT="31" WC="0.95" CONTENT="sin"/>
						</TextLine>
						<TextLine ID="line_12" HPOS="273" VPOS="723" WIDTH="1509" HEIGHT="55">
							<String ID="string_135" HPOS="273" VPOS="723" WIDTH="175" HEIGHT="36" WC="0.95" CONTENT="egendom."/><SP WIDTH="47" VPOS="723" HPOS="448"/>
							<String ID="string_136" HPOS="495" VPOS="725" WIDTH="45" HEIGHT="31" WC="0.94" CONTENT="Så"/><SP WIDTH="35" VPOS="725" HPOS="540"/>
							<String ID="string_137" HPOS="575" VPOS="728" WIDTH="147" HEIGHT="35" WC="0.95" CONTENT="ungefär"/><SP WIDTH="23" VPOS="728" HPOS="722"/>
							<String ID="string_138" HPOS="745" VPOS="730" WIDTH="104" HEIGHT="30" WC="0.96" CONTENT="måste"/><SP WIDTH="24" VPOS="730" HPOS="849"/>
							<String ID="string_139" HPOS="873" VPOS="730" WIDTH="122" HEIGHT="37" WC="0.96" CONTENT="lappen"/><SP WIDTH="25" VPOS="730" HPOS="995"/>
							<String ID="string_140" HPOS="1020" VPOS="733" WIDTH="158" HEIGHT="35" WC="0.96" CONTENT="uppfatta"/><SP WIDTH="24" VPOS="733" HPOS="1178"/>
							<String ID="string_141" HPOS="1202" VPOS="744" WIDTH="41" HEIGHT="21" WC="0.96" CONTENT="en"/><SP WIDTH="24" VPOS="744" HPOS="1243"/>
							<String ID="string_142" HPOS="1267" VPOS="735" WIDTH="214" HEIGHT="41" WC="0.96" CONTENT="förordning,"/><SP WIDTH="23" VPOS="735" HPOS="1481"/>
							<String ID="string_143" HPOS="1504" VPOS="750" WIDTH="74" HEIGHT="22" WC="0.96" CONTENT="som"/><SP WIDTH="23" VPOS="750" HPOS="1578"/>
							<String ID="string_144" HPOS="1601" VPOS="742" WIDTH="181" HEIGHT="36" WC="0.96" CONTENT="förbjuder"/>
						</TextLine>
						<TextLine ID="line_13" HPOS="272" VPOS="766" WIDTH="1509" HEIGHT="56">
							<String ID="string_145" HPOS="272" VPOS="766" WIDTH="126" HEIGHT="31" WC="0.96" CONTENT="honom"/><SP WIDTH="23" VPOS="766" HPOS="398"/>
							<String ID="string_146" HPOS="421" VPOS="769" WIDTH="51" HEIGHT="30" WC="0.96" CONTENT="att"/><SP WIDTH="23" VPOS="769" HPOS="472"/>
							<String ID="string_147" HPOS="495" VPOS="769" WIDTH="132" HEIGHT="36" WC="0.96" CONTENT="skydda"/><SP WIDTH="23" VPOS="769" HPOS="627"/>
							<String ID="string_148" HPOS="650" VPOS="772" WIDTH="78" HEIGHT="30" WC="0.96" CONTENT="sina"/><SP WIDTH="23" VPOS="772" HPOS="728"/>
							<String ID="string_149" HPOS="751" VPOS="782" WIDTH="100" HEIGHT="21" WC="0.96" CONTENT="renar"/><SP WIDTH="23" VPOS="782" HPOS="851"/>
							<String ID="string_150" HPOS="874" VPOS="776" WIDTH="71" HEIGHT="29" WC="0.96" CONTENT="mot"/><SP WIDTH="23" VPOS="776" HPOS="945"/>
							<String ID="string_151" HPOS="968" VPOS="776" WIDTH="154" HEIGHT="36" WC="0.95" CONTENT="rovdjur."/><SP WIDTH="48" VPOS="776" HPOS="1122"/>
							<String ID="string_152" HPOS="1170" VPOS="778" WIDTH="83" HEIGHT="31" WC="0.95" CONTENT="Man"/><SP WIDTH="29" VPOS="778" HPOS="1253"/>
							<String ID="string_153" HPOS="1282" VPOS="781" WIDTH="106" HEIGHT="31" WC="0.95" CONTENT="måste"/><SP WIDTH="23" VPOS="781" HPOS="1388"/>
							<String ID="string_154" HPOS="1411" VPOS="782" WIDTH="171" HEIGHT="33" WC="0.96" CONTENT="dessutom"/><SP WIDTH="25" VPOS="782" HPOS="1582"/>
							<String ID="string_155" HPOS="1607" VPOS="786" WIDTH="107" HEIGHT="30" WC="0.96" CONTENT="tänka"/><SP WIDTH="22" VPOS="786" HPOS="1714"/>
							<String ID="string_156" HPOS="1736" VPOS="788" WIDTH="45" HEIGHT="34" WC="0.96" CONTENT="på"/>
						</TextLine>
						<TextLine ID="line_14" HPOS="272" VPOS="811" WIDTH="1508" HEIGHT="52">
							<String ID="string_157" HPOS="272" VPOS="811" WIDTH="50" HEIGHT="29" WC="0.96" CONTENT="att"/><SP WIDTH="34" VPOS="811" HPOS="322"/>
							<String ID="string_158" HPOS="356" VPOS="821" WIDTH="148" HEIGHT="22" WC="0.96" CONTENT="renarna"/><SP WIDTH="34" VPOS="821" HPOS="504"/>
							<String ID="string_159" HPOS="538" VPOS="815" WIDTH="59" HEIGHT="29" WC="0.93" CONTENT="äro"/><SP WIDTH="34" VPOS="815" HPOS="597"/>
							<String ID="string_160" HPOS="631" VPOS="814" WIDTH="140" HEIGHT="37" WC="0.92" CONTENT="lappens"/><SP WIDTH="28" VPOS="814" HPOS="771"/>
							<String ID="string_161" HPOS="799" VPOS="817" WIDTH="86" HEIGHT="31" WC="0.93" CONTENT="enda"/><SP WIDTH="23" VPOS="817" HPOS="885"/>
							<String ID="string_162" HPOS="908" VPOS="819" WIDTH="271" HEIGHT="33" WC="0.91" CONTENT="existensmedel."/><SP WIDTH="46" VPOS="819" HPOS="1179"/>
							<String ID="string_163" HPOS="1225" VPOS="822" WIDTH="122" HEIGHT="32" WC="0.96" CONTENT="Mister"/><SP WIDTH="23" VPOS="822" HPOS="1347"/>
							<String ID="string_164" HPOS="1370" VPOS="825" WIDTH="69" HEIGHT="31" WC="0.97" CONTENT="han"/><SP WIDTH="24" VPOS="825" HPOS="1439"/>
							<String ID="string_165" HPOS="1463" VPOS="827" WIDTH="85" HEIGHT="36" WC="0.96" CONTENT="dem,"/><SP WIDTH="25" VPOS="827" HPOS="1548"/>
							<String ID="string_166" HPOS="1573" VPOS="831" WIDTH="39" HEIGHT="28" WC="0.96" CONTENT="är"/><SP WIDTH="23" VPOS="831" HPOS="1612"/>
							<String ID="string_167" HPOS="1635" VPOS="829" WIDTH="71" HEIGHT="31" WC="0.93" CONTENT="han"/><SP WIDTH="23" VPOS="829" HPOS="1706"/>
							<String ID="string_168" HPOS="1729" VPOS="832" WIDTH="51" HEIGHT="29" WC="0.91" CONTENT="ut-"/>
						</TextLine>
						<TextLine ID="line_15" HPOS="272" VPOS="853" WIDTH="292" HEIGHT="37">
							<String ID="string_169" HPOS="272" VPOS="853" WIDTH="131" HEIGHT="32" WC="0.96" CONTENT="blottad"/><SP WIDTH="23" VPOS="853" HPOS="403"/>
							<String ID="string_170" HPOS="426" VPOS="856" WIDTH="43" HEIGHT="34" WC="0.96" CONTENT="på"/><SP WIDTH="22" VPOS="856" HPOS="469"/>
							<String ID="string_171" HPOS="491" VPOS="856" WIDTH="73" HEIGHT="31" WC="0.96" CONTENT="allt."/>
						</TextLine>
					</TextBlock>
					<TextBlock ID="block_2" HPOS="269" VPOS="897" WIDTH="1511" HEIGHT="119">
						<TextLine ID="line_16" HPOS="314" VPOS="897" WIDTH="1464" HEIGHT="54">
							<String ID="string_172" HPOS="314" VPOS="897" WIDTH="173" HEIGHT="37" WC="0.96" CONTENT="Slutligen"/><SP WIDTH="33" VPOS="897" HPOS="487"/>
							<String ID="string_173" HPOS="520" VPOS="900" WIDTH="58" HEIGHT="31" WC="0.96" CONTENT="ber"/><SP WIDTH="34" VPOS="900" HPOS="578"/>
							<String ID="string_174" HPOS="612" VPOS="901" WIDTH="60" HEIGHT="36" WC="0.96" CONTENT="jag"/><SP WIDTH="34" VPOS="901" HPOS="672"/>
							<String ID="string_175" HPOS="706" VPOS="904" WIDTH="51" HEIGHT="29" WC="0.96" CONTENT="att"/><SP WIDTH="33" VPOS="904" HPOS="757"/>
							<String ID="string_176" HPOS="790" VPOS="904" WIDTH="42" HEIGHT="35" WC="0.96" CONTENT="på"/><SP WIDTH="35" VPOS="904" HPOS="832"/>
							<String ID="string_177" HPOS="867" VPOS="904" WIDTH="55" HEIGHT="32" WC="0.96" CONTENT="det"/><SP WIDTH="23" VPOS="904" HPOS="922"/>
							<String ID="string_178" HPOS="945" VPOS="905" WIDTH="204" HEIGHT="37" WC="0.96" CONTENT="kraftigaste"/><SP WIDTH="23" VPOS="905" HPOS="1149"/>
							<String ID="string_179" HPOS="1172" VPOS="908" WIDTH="35" HEIGHT="31" WC="0.96" CONTENT="få"/><SP WIDTH="23" VPOS="908" HPOS="1207"/>
							<String ID="string_180" HPOS="1230" VPOS="910" WIDTH="229" HEIGHT="38" WC="0.96" CONTENT="understryka"/><SP WIDTH="23" VPOS="910" HPOS="1459"/>
							<String ID="string_181" HPOS="1482" VPOS="916" WIDTH="260" HEIGHT="35" WC="0.96" CONTENT="synpunkterna"/><SP WIDTH="23" VPOS="916" HPOS="1742"/>
							<String ID="string_182" HPOS="1765" VPOS="917" WIDTH="13" HEIGHT="30" WC="0.96" CONTENT="i"/>
						</TextLine>
						<TextLine ID="line_17" HPOS="270" VPOS="940" WIDTH="1510" HEIGHT="51">
							<String ID="string_183" HPOS="270" VPOS="940" WIDTH="65" HEIGHT="31" WC="0.97" CONTENT="den"/><SP WIDTH="23" VPOS="940" HPOS="335"/>
							<String ID="string_184" HPOS="358" VPOS="952" WIDTH="44" HEIGHT="20" WC="0.96" CONTENT="av"/><SP WIDTH="24" VPOS="952" HPOS="402"/>
							<String ID="string_185" HPOS="426" VPOS="944" WIDTH="253" HEIGHT="32" WC="0.96" CONTENT="motionärerna"/><SP WIDTH="23" VPOS="944" HPOS="679"/>
							<String ID="string_186" HPOS="702" VPOS="946" WIDTH="147" HEIGHT="32" WC="0.96" CONTENT="citerade"/><SP WIDTH="23" VPOS="946" HPOS="849"/>
							<String ID="string_187" HPOS="872" VPOS="948" WIDTH="191" HEIGHT="32" WC="0.96" CONTENT="skrivelsen"/><SP WIDTH="24" VPOS="948" HPOS="1063"/>
							<String ID="string_188" HPOS="1087" VPOS="950" WIDTH="79" HEIGHT="31" WC="0.95" CONTENT="från"/><SP WIDTH="24" VPOS="950" HPOS="1166"/>
							<String ID="string_189" HPOS="1190" VPOS="952" WIDTH="203" HEIGHT="38" WC="0.91" CONTENT="lappfogden"/><SP WIDTH="23" VPOS="952" HPOS="1393"/>
							<String ID="string_190" HPOS="1416" VPOS="957" WIDTH="13" HEIGHT="29" WC="0.96" CONTENT="i"/><SP WIDTH="23" VPOS="957" HPOS="1429"/>
							<String ID="string_191" HPOS="1452" VPOS="957" WIDTH="224" HEIGHT="33" WC="0.96" CONTENT="Norrbottens"/><SP WIDTH="20" VPOS="957" HPOS="1676"/>
							<String ID="string_192" HPOS="1696" VPOS="962" WIDTH="84" HEIGHT="29" WC="0.95" CONTENT="övre"/>
						</TextLine>
						<TextLine ID="line_18" HPOS="269" VPOS="984" WIDTH="149" HEIGHT="32">
							<String ID="string_193" HPOS="269" VPOS="984" WIDTH="149" HEIGHT="32" WC="0.96" CONTENT="distrikt."/>
						</TextLine>
					</TextBlock>
					<TextBlock ID="block_3" HPOS="267" VPOS="1028" WIDTH="1509" HEIGHT="123">
						<TextLine ID="line_19" HPOS="312" VPOS="1028" WIDTH="1464" HEIGHT="62">
							<String ID="string_194" HPOS="312" VPOS="1028" WIDTH="51" HEIGHT="31" WC="0.95" CONTENT="På"/><SP WIDTH="35" VPOS="1028" HPOS="363"/>
							<String ID="string_195" HPOS="398" VPOS="1030" WIDTH="111" HEIGHT="35" WC="0.96" CONTENT="grund"/><SP WIDTH="33" VPOS="1030" HPOS="509"/>
							<String ID="string_196" HPOS="542" VPOS="1041" WIDTH="45" HEIGHT="20" WC="0.96" CONTENT="av"/><SP WIDTH="29" VPOS="1041" HPOS="587"/>
							<String ID="string_197" HPOS="616" VPOS="1032" WIDTH="67" HEIGHT="30" WC="0.95" CONTENT="vad"/><SP WIDTH="24" VPOS="1032" HPOS="683"/>
							<String ID="string_198" HPOS="707" VPOS="1042" WIDTH="90" HEIGHT="22" WC="0.96" CONTENT="ovan"/><SP WIDTH="24" VPOS="1042" HPOS="797"/>
							<String ID="string_199" HPOS="821" VPOS="1034" WIDTH="143" HEIGHT="37" WC="0.96" CONTENT="anförts,"/><SP WIDTH="24" VPOS="1034" HPOS="964"/>
							<String ID="string_200" HPOS="988" VPOS="1036" WIDTH="56" HEIGHT="31" WC="0.96" CONTENT="får"/><SP WIDTH="22" VPOS="1036" HPOS="1044"/>
							<String ID="string_201" HPOS="1066" VPOS="1037" WIDTH="59" HEIGHT="37" WC="0.93" CONTENT="Jag"/><SP WIDTH="25" VPOS="1037" HPOS="1125"/>
							<String ID="string_202" HPOS="1150" VPOS="1039" WIDTH="176" HEIGHT="33" WC="0.90" CONTENT="vördsamt"/><SP WIDTH="23" VPOS="1039" HPOS="1326"/>
							<String ID="string_203" HPOS="1349" VPOS="1042" WIDTH="192" HEIGHT="39" WC="0.91" CONTENT="hemställa,"/><SP WIDTH="25" VPOS="1042" HPOS="1541"/>
							<String ID="string_204" HPOS="1566" VPOS="1048" WIDTH="51" HEIGHT="29" WC="0.96" CONTENT="att"/><SP WIDTH="24" VPOS="1048" HPOS="1617"/>
							<String ID="string_205" HPOS="1641" VPOS="1043" WIDTH="135" HEIGHT="47" WC="0.79" CONTENT="Kungl."/>
						</TextLine>
						<TextLine ID="line_20" HPOS="268" VPOS="1071" WIDTH="1508" HEIGHT="58">
							<String ID="string_206" HPOS="268" VPOS="1071" WIDTH="115" HEIGHT="37" WC="0.92" CONTENT="Maj:ts"/><SP WIDTH="25" VPOS="1071" HPOS="383"/>
							<String ID="string_207" HPOS="408" VPOS="1073" WIDTH="370" HEIGHT="38" WC="0.90" CONTENT="befallningshavande"/><SP WIDTH="22" VPOS="1073" HPOS="778"/>
							<String ID="string_208" HPOS="800" VPOS="1077" WIDTH="174" HEIGHT="38" WC="0.92" CONTENT="behagade"/><SP WIDTH="22" VPOS="1077" HPOS="974"/>
							<String ID="string_209" HPOS="996" VPOS="1080" WIDTH="176" HEIGHT="37" WC="0.96" CONTENT="tillstyrka"/><SP WIDTH="16" VPOS="1080" HPOS="1172"/>
							<String ID="string_210" HPOS="1188" VPOS="1085" WIDTH="183" HEIGHT="31" WC="0.96" CONTENT="motionen."/><SP WIDTH="40" VPOS="1085" HPOS="1371"/>
							<String ID="string_211" HPOS="1411" VPOS="1087" WIDTH="109" HEIGHT="32" WC="0.96" CONTENT="Umeå"/><SP WIDTH="16" VPOS="1087" HPOS="1520"/>
							<String ID="string_212" HPOS="1536" VPOS="1089" WIDTH="12" HEIGHT="30" WC="0.93" CONTENT="i"/><SP WIDTH="17" VPOS="1089" HPOS="1548"/>
							<String ID="string_213" HPOS="1565" VPOS="1089" WIDTH="211" HEIGHT="40" WC="0.91" CONTENT="Lappfogde-"/>
						</TextLine>
						<TextLine ID="line_21" HPOS="267" VPOS="1115" WIDTH="522" HEIGHT="36">
							<String ID="string_214" HPOS="267" VPOS="1115" WIDTH="157" HEIGHT="32" WC="0.96" CONTENT="kontoret"/><SP WIDTH="23" VPOS="1115" HPOS="424"/>
							<String ID="string_215" HPOS="447" VPOS="1117" WIDTH="64" HEIGHT="31" WC="0.96" CONTENT="den"/><SP WIDTH="25" VPOS="1117" HPOS="511"/>
							<String ID="string_216" HPOS="536" VPOS="1119" WIDTH="17" HEIGHT="29" WC="0.96" CONTENT="5"/><SP WIDTH="25" VPOS="1119" HPOS="553"/>
							<String ID="string_217" HPOS="578" VPOS="1129" WIDTH="92" HEIGHT="21" WC="0.96" CONTENT="mars"/><SP WIDTH="25" VPOS="1129" HPOS="670"/>
							<String ID="string_218" HPOS="695" VPOS="1120" WIDTH="94" HEIGHT="31" WC="0.95" CONTENT="1928."/>
						</TextLine>
					</TextBlock>
				</ComposedBlock>
				<ComposedBlock ID="cblock_2" HPOS="800" VPOS="1208" WIDTH="439" HEIGHT="36">
					<TextBlock ID="block_4" HPOS="800" VPOS="1208" WIDTH="439" HEIGHT="36">
						<TextLine ID="line_22" HPOS="800" VPOS="1208" WIDTH="439" HEIGHT="36">
							<String ID="string_219" HPOS="800" VPOS="1208" WIDTH="127" HEIGHT="32" WC="0.95" CONTENT="HANS"/><SP WIDTH="27" VPOS="1208" HPOS="927"/>
							<String ID="string_220" HPOS="954" VPOS="1209" WIDTH="285" HEIGHT="35" WC="0.96" CONTENT="CEDERBERG."/>
						</TextLine>
					</TextBlock>
				</ComposedBlock>
				<ComposedBlock ID="cblock_3" HPOS="1474" VPOS="1438" WIDTH="184" HEIGHT="37">
					<TextBlock ID="block_5" HPOS="1474" VPOS="1438" WIDTH="184" HEIGHT="37">
						<TextLine ID="line_23" HPOS="1474" VPOS="1438" WIDTH="184" HEIGHT="37">
							<String ID="string_221" HPOS="1474" VPOS="1438" WIDTH="124" HEIGHT="37" WC="0.92" CONTENT="Bilaga"/><SP WIDTH="26" VPOS="1438" HPOS="1598"/>
							<String ID="string_222" HPOS="1624" VPOS="1441" WIDTH="34" HEIGHT="29" WC="0.83" CONTENT="C."/>
						</TextLine>
					</TextBlock>
				</ComposedBlock>
				<ComposedBlock ID="cblock_4" HPOS="693" VPOS="1519" WIDTH="645" HEIGHT="40">
					<TextBlock ID="block_6" HPOS="693" VPOS="1519" WIDTH="645" HEIGHT="40">
						<TextLine ID="line_24" HPOS="693" VPOS="1519" WIDTH="645" HEIGHT="40">
							<String ID="string_223" HPOS="693" VPOS="1519" WIDTH="68" HEIGHT="31" WC="0.96" CONTENT="Till"/><SP WIDTH="24" VPOS="1519" HPOS="761"/>
							<String ID="string_224" HPOS="785" VPOS="1521" WIDTH="199" HEIGHT="37" WC="0.93" CONTENT="riksdagens"/><SP WIDTH="27" VPOS="1521" HPOS="984"/>
							<String ID="string_225" HPOS="1011" VPOS="1523" WIDTH="327" HEIGHT="36" WC="0.91" CONTENT="jordbruksutskott."/>
						</TextLine>
					</TextBlock>
				</ComposedBlock>
				<ComposedBlock ID="cblock_5" HPOS="242" VPOS="1592" WIDTH="1525" HEIGHT="923">
					<TextBlock ID="block_7" HPOS="254" VPOS="1592" WIDTH="1513" HEIGHT="256">
						<TextLine ID="line_25" HPOS="301" VPOS="1592" WIDTH="1466" HEIGHT="53">
							<String ID="string_226" HPOS="301" VPOS="1592" WIDTH="18" HEIGHT="30" WC="0.96" CONTENT="I"/><SP WIDTH="23" VPOS="1592" HPOS="319"/>
							<String ID="string_227" HPOS="342" VPOS="1593" WIDTH="153" HEIGHT="36" WC="0.96" CONTENT="enlighet"/><SP WIDTH="32" VPOS="1593" HPOS="495"/>
							<String ID="string_228" HPOS="527" VPOS="1595" WIDTH="78" HEIGHT="30" WC="0.95" CONTENT="med"/><SP WIDTH="35" VPOS="1595" HPOS="605"/>
							<String ID="string_229" HPOS="640" VPOS="1596" WIDTH="132" HEIGHT="37" WC="0.95" CONTENT="Kungl."/><SP WIDTH="34" VPOS="1596" HPOS="772"/>
							<String ID="string_230" HPOS="806" VPOS="1598" WIDTH="116" HEIGHT="37" WC="0.95" CONTENT="Maj:ts"/><SP WIDTH="27" VPOS="1598" HPOS="922"/>
							<String ID="string_231" HPOS="949" VPOS="1601" WIDTH="64" HEIGHT="31" WC="0.96" CONTENT="den"/><SP WIDTH="24" VPOS="1601" HPOS="1013"/>
							<String ID="string_232" HPOS="1037" VPOS="1603" WIDTH="41" HEIGHT="30" WC="0.96" CONTENT="17"/><SP WIDTH="25" VPOS="1603" HPOS="1078"/>
							<String ID="string_233" HPOS="1103" VPOS="1603" WIDTH="151" HEIGHT="32" WC="0.96" CONTENT="februari"/><SP WIDTH="24" VPOS="1603" HPOS="1254"/>
							<String ID="string_234" HPOS="1278" VPOS="1606" WIDTH="84" HEIGHT="31" WC="0.92" CONTENT="1928"/><SP WIDTH="26" VPOS="1606" HPOS="1362"/>
							<String ID="string_235" HPOS="1388" VPOS="1608" WIDTH="104" HEIGHT="36" WC="0.96" CONTENT="givna"/><SP WIDTH="23" VPOS="1608" HPOS="1492"/>
							<String ID="string_236" HPOS="1515" VPOS="1612" WIDTH="171" HEIGHT="31" WC="0.95" CONTENT="anmodan"/><SP WIDTH="25" VPOS="1612" HPOS="1686"/>
							<String ID="string_237" HPOS="1711" VPOS="1613" WIDTH="56" HEIGHT="32" WC="0.95" CONTENT="får"/>
						</TextLine>
						<TextLine ID="line_26" HPOS="257" VPOS="1635" WIDTH="1507" HEIGHT="54">
							<String ID="string_238" HPOS="257" VPOS="1635" WIDTH="131" HEIGHT="36" WC="0.95" CONTENT="Kungl."/><SP WIDTH="41" VPOS="1635" HPOS="388"/>
							<String ID="string_239" HPOS="429" VPOS="1637" WIDTH="116" HEIGHT="36" WC="0.92" CONTENT="Maj:ts"/><SP WIDTH="43" VPOS="1637" HPOS="545"/>
							<String ID="string_240" HPOS="588" VPOS="1639" WIDTH="370" HEIGHT="38" WC="0.91" CONTENT="befallningshavande"/><SP WIDTH="43" VPOS="1639" HPOS="958"/>
							<String ID="string_241" HPOS="1001" VPOS="1645" WIDTH="142" HEIGHT="32" WC="0.96" CONTENT="härmed"/><SP WIDTH="39" VPOS="1645" HPOS="1143"/>
							<String ID="string_242" HPOS="1182" VPOS="1648" WIDTH="54" HEIGHT="31" WC="0.91" CONTENT="till"/><SP WIDTH="38" VPOS="1648" HPOS="1236"/>
							<String ID="string_243" HPOS="1274" VPOS="1651" WIDTH="167" HEIGHT="32" WC="0.94" CONTENT="utskottet"/><SP WIDTH="38" VPOS="1651" HPOS="1441"/>
							<String ID="string_244" HPOS="1479" VPOS="1655" WIDTH="200" HEIGHT="32" WC="0.96" CONTENT="överlämna"/><SP WIDTH="38" VPOS="1655" HPOS="1679"/>
							<String ID="string_245" HPOS="1717" VPOS="1659" WIDTH="47" HEIGHT="30" WC="0.93" CONTENT="ett"/>
						</TextLine>
						<TextLine ID="line_27" HPOS="256" VPOS="1680" WIDTH="1508" HEIGHT="57">
							<String ID="string_246" HPOS="256" VPOS="1680" WIDTH="160" HEIGHT="35" WC="0.96" CONTENT="yttrande"/><SP WIDTH="33" VPOS="1680" HPOS="416"/>
							<String ID="string_247" HPOS="449" VPOS="1683" WIDTH="80" HEIGHT="29" WC="0.96" CONTENT="över"/><SP WIDTH="34" VPOS="1683" HPOS="529"/>
							<String ID="string_248" HPOS="563" VPOS="1691" WIDTH="42" HEIGHT="22" WC="0.96" CONTENT="en"/><SP WIDTH="35" VPOS="1691" HPOS="605"/>
							<String ID="string_249" HPOS="640" VPOS="1684" WIDTH="94" HEIGHT="30" WC="0.96" CONTENT="inom"/><SP WIDTH="33" VPOS="1684" HPOS="734"/>
							<String ID="string_250" HPOS="767" VPOS="1686" WIDTH="198" HEIGHT="36" WC="0.96" CONTENT="riksdagens"/><SP WIDTH="34" VPOS="1686" HPOS="965"/>
							<String ID="string_251" HPOS="999" VPOS="1689" WIDTH="109" HEIGHT="31" WC="0.96" CONTENT="andra"/><SP WIDTH="24" VPOS="1689" HPOS="1108"/>
							<String ID="string_252" HPOS="1132" VPOS="1691" WIDTH="175" HEIGHT="33" WC="0.95" CONTENT="kammare"/><SP WIDTH="25" VPOS="1691" HPOS="1307"/>
							<String ID="string_253" HPOS="1332" VPOS="1695" WIDTH="103" HEIGHT="31" WC="0.96" CONTENT="väckt"/><SP WIDTH="22" VPOS="1695" HPOS="1435"/>
							<String ID="string_254" HPOS="1457" VPOS="1698" WIDTH="140" HEIGHT="36" WC="0.95" CONTENT="motion,"/><SP WIDTH="26" VPOS="1698" HPOS="1597"/>
							<String ID="string_255" HPOS="1623" VPOS="1710" WIDTH="43" HEIGHT="20" WC="0.95" CONTENT="nr"/><SP WIDTH="23" VPOS="1710" HPOS="1666"/>
							<String ID="string_256" HPOS="1689" VPOS="1700" WIDTH="75" HEIGHT="37" WC="0.95" CONTENT="301,"/>
						</TextLine>
						<TextLine ID="line_28" HPOS="255" VPOS="1724" WIDTH="1508" HEIGHT="53">
							<String ID="string_257" HPOS="255" VPOS="1732" WIDTH="56" HEIGHT="20" WC="0.96" CONTENT="om"/><SP WIDTH="23" VPOS="1732" HPOS="311"/>
							<String ID="string_258" HPOS="334" VPOS="1724" WIDTH="225" HEIGHT="36" WC="0.96" CONTENT="medgivande"/><SP WIDTH="35" VPOS="1724" HPOS="559"/>
							<String ID="string_259" HPOS="594" VPOS="1736" WIDTH="44" HEIGHT="21" WC="0.95" CONTENT="av"/><SP WIDTH="35" VPOS="1736" HPOS="638"/>
							<String ID="string_260" HPOS="673" VPOS="1729" WIDTH="70" HEIGHT="30" WC="0.95" CONTENT="rätt"/><SP WIDTH="33" VPOS="1729" HPOS="743"/>
							<String ID="string_261" HPOS="776" VPOS="1729" WIDTH="52" HEIGHT="31" WC="0.93" CONTENT="för"/><SP WIDTH="34" VPOS="1729" HPOS="828"/>
							<String ID="string_262" HPOS="862" VPOS="1732" WIDTH="238" HEIGHT="32" WC="0.91" CONTENT="renvårdande"/><SP WIDTH="34" VPOS="1732" HPOS="1100"/>
							<String ID="string_263" HPOS="1134" VPOS="1734" WIDTH="80" HEIGHT="37" WC="0.96" CONTENT="lapp"/><SP WIDTH="33" VPOS="1734" HPOS="1214"/>
							<String ID="string_264" HPOS="1247" VPOS="1738" WIDTH="51" HEIGHT="29" WC="0.96" CONTENT="att"/><SP WIDTH="35" VPOS="1738" HPOS="1298"/>
							<String ID="string_265" HPOS="1333" VPOS="1738" WIDTH="54" HEIGHT="31" WC="0.93" CONTENT="för"/><SP WIDTH="33" VPOS="1738" HPOS="1387"/>
							<String ID="string_266" HPOS="1420" VPOS="1741" WIDTH="191" HEIGHT="36" WC="0.91" CONTENT="tryggande"/><SP WIDTH="28" VPOS="1741" HPOS="1611"/>
							<String ID="string_267" HPOS="1639" VPOS="1754" WIDTH="46" HEIGHT="20" WC="0.95" CONTENT="av"/><SP WIDTH="23" VPOS="1754" HPOS="1685"/>
							<String ID="string_268" HPOS="1708" VPOS="1745" WIDTH="55" HEIGHT="31" WC="0.96" CONTENT="sin"/>
						</TextLine>
						<TextLine ID="line_29" HPOS="254" VPOS="1767" WIDTH="1508" HEIGHT="52">
							<String ID="string_269" HPOS="254" VPOS="1767" WIDTH="126" HEIGHT="36" WC="0.96" CONTENT="näring"/><SP WIDTH="39" VPOS="1767" HPOS="380"/>
							<String ID="string_270" HPOS="419" VPOS="1768" WIDTH="87" HEIGHT="31" WC="0.96" CONTENT="döda"/><SP WIDTH="38" VPOS="1768" HPOS="506"/>
							<String ID="string_271" HPOS="544" VPOS="1769" WIDTH="111" HEIGHT="36" WC="0.92" CONTENT="björn."/><SP WIDTH="47" VPOS="1769" HPOS="655"/>
							<String ID="string_272" HPOS="702" VPOS="1771" WIDTH="127" HEIGHT="32" WC="0.60" CONTENT="Tillika"/><SP WIDTH="39" VPOS="1771" HPOS="829"/>
							<String ID="string_273" HPOS="868" VPOS="1775" WIDTH="215" HEIGHT="32" WC="0.96" CONTENT="överlämnas"/><SP WIDTH="38" VPOS="1775" HPOS="1083"/>
							<String ID="string_274" HPOS="1121" VPOS="1780" WIDTH="49" HEIGHT="28" WC="0.96" CONTENT="ett"/><SP WIDTH="37" VPOS="1780" HPOS="1170"/>
							<String ID="string_275" HPOS="1207" VPOS="1779" WIDTH="78" HEIGHT="32" WC="0.96" CONTENT="från"/><SP WIDTH="38" VPOS="1779" HPOS="1285"/>
							<String ID="string_276" HPOS="1323" VPOS="1781" WIDTH="204" HEIGHT="38" WC="0.91" CONTENT="lappfogden"/><SP WIDTH="24" VPOS="1781" HPOS="1527"/>
							<String ID="string_277" HPOS="1551" VPOS="1786" WIDTH="12" HEIGHT="29" WC="0.96" CONTENT="i"/><SP WIDTH="24" VPOS="1786" HPOS="1563"/>
							<String ID="string_278" HPOS="1587" VPOS="1786" WIDTH="94" HEIGHT="32" WC="0.92" CONTENT="länet"/><SP WIDTH="31" VPOS="1786" HPOS="1681"/>
							<String ID="string_279" HPOS="1712" VPOS="1789" WIDTH="50" HEIGHT="30" WC="0.92" CONTENT="in-"/>
						</TextLine>
						<TextLine ID="line_30" HPOS="254" VPOS="1809" WIDTH="331" HEIGHT="39">
							<String ID="string_280" HPOS="254" VPOS="1809" WIDTH="135" HEIGHT="33" WC="0.90" CONTENT="fordrat"/><SP WIDTH="27" VPOS="1809" HPOS="389"/>
							<String ID="string_281" HPOS="416" VPOS="1813" WIDTH="169" HEIGHT="35" WC="0.96" CONTENT="yttrande."/>
						</TextLine>
					</TextBlock>
					<TextBlock ID="block_8" HPOS="248" VPOS="1853" WIDTH="1515" HEIGHT="297">
						<TextLine ID="line_31" HPOS="297" VPOS="1853" WIDTH="1466" HEIGHT="55">
							<String ID="string_282" HPOS="297" VPOS="1853" WIDTH="98" HEIGHT="32" WC="0.96" CONTENT="Inom"/><SP WIDTH="24" VPOS="1853" HPOS="395"/>
							<String ID="string_283" HPOS="419" VPOS="1855" WIDTH="199" HEIGHT="32" WC="0.96" CONTENT="Jämtlands"/><SP WIDTH="24" VPOS="1855" HPOS="618"/>
							<String ID="string_284" HPOS="642" VPOS="1857" WIDTH="59" HEIGHT="31" WC="0.96" CONTENT="län"/><SP WIDTH="16" VPOS="1857" HPOS="701"/>
							<String ID="string_285" HPOS="717" VPOS="1859" WIDTH="227" HEIGHT="33" WC="0.96" CONTENT="förekommer"/><SP WIDTH="17" VPOS="1859" HPOS="944"/>
							<String ID="string_286" HPOS="961" VPOS="1862" WIDTH="98" HEIGHT="37" WC="0.96" CONTENT="björn"/><SP WIDTH="17" VPOS="1862" HPOS="1059"/>
							<String ID="string_287" HPOS="1076" VPOS="1865" WIDTH="98" HEIGHT="30" WC="0.92" CONTENT="såväl"/><SP WIDTH="17" VPOS="1865" HPOS="1174"/>
							<String ID="string_288" HPOS="1191" VPOS="1866" WIDTH="21" HEIGHT="30" WC="0.91" CONTENT="å"/><SP WIDTH="16" VPOS="1866" HPOS="1212"/>
							<String ID="string_289" HPOS="1228" VPOS="1866" WIDTH="183" HEIGHT="38" WC="0.90" CONTENT="Sonfjället"/><SP WIDTH="17" VPOS="1866" HPOS="1411"/>
							<String ID="string_290" HPOS="1428" VPOS="1871" WIDTH="73" HEIGHT="31" WC="0.96" CONTENT="med"/><SP WIDTH="17" VPOS="1871" HPOS="1501"/>
							<String ID="string_291" HPOS="1518" VPOS="1875" WIDTH="245" HEIGHT="33" WC="0.96" CONTENT="angränsande"/>
						</TextLine>
						<TextLine ID="line_32" HPOS="253" VPOS="1898" WIDTH="1507" HEIGHT="51">
							<String ID="string_292" HPOS="253" VPOS="1898" WIDTH="136" HEIGHT="36" WC="0.96" CONTENT="terräng"/><SP WIDTH="25" VPOS="1898" HPOS="389"/>
							<String ID="string_293" HPOS="414" VPOS="1899" WIDTH="11" HEIGHT="29" WC="0.96" CONTENT="i"/><SP WIDTH="25" VPOS="1899" HPOS="425"/>
							<String ID="string_294" HPOS="450" VPOS="1899" WIDTH="211" HEIGHT="37" WC="0.96" CONTENT="Härjedalen"/><SP WIDTH="34" VPOS="1899" HPOS="661"/>
							<String ID="string_295" HPOS="695" VPOS="1911" WIDTH="71" HEIGHT="22" WC="0.96" CONTENT="som"/><SP WIDTH="35" VPOS="1911" HPOS="766"/>
							<String ID="string_296" HPOS="801" VPOS="1904" WIDTH="93" HEIGHT="31" WC="0.96" CONTENT="inom"/><SP WIDTH="35" VPOS="1904" HPOS="894"/>
							<String ID="string_297" HPOS="929" VPOS="1907" WIDTH="48" HEIGHT="29" WC="0.95" CONTENT="ett"/><SP WIDTH="33" VPOS="1907" HPOS="977"/>
							<String ID="string_298" HPOS="1010" VPOS="1908" WIDTH="137" HEIGHT="31" WC="0.96" CONTENT="område"/><SP WIDTH="23" VPOS="1908" HPOS="1147"/>
							<String ID="string_299" HPOS="1170" VPOS="1919" WIDTH="46" HEIGHT="20" WC="0.96" CONTENT="av"/><SP WIDTH="22" VPOS="1919" HPOS="1216"/>
							<String ID="string_300" HPOS="1238" VPOS="1910" WIDTH="222" HEIGHT="34" WC="0.95" CONTENT="Frostvikens"/><SP WIDTH="23" VPOS="1910" HPOS="1460"/>
							<String ID="string_301" HPOS="1483" VPOS="1915" WIDTH="122" HEIGHT="31" WC="0.96" CONTENT="socken"/><SP WIDTH="24" VPOS="1915" HPOS="1605"/>
							<String ID="string_302" HPOS="1629" VPOS="1918" WIDTH="63" HEIGHT="30" WC="0.96" CONTENT="och"/><SP WIDTH="22" VPOS="1918" HPOS="1692"/>
							<String ID="string_303" HPOS="1714" VPOS="1929" WIDTH="46" HEIGHT="20" WC="0.96" CONTENT="av"/>
						</TextLine>
						<TextLine ID="line_33" HPOS="251" VPOS="1940" WIDTH="1512" HEIGHT="53">
							<String ID="string_304" HPOS="251" VPOS="1940" WIDTH="119" HEIGHT="31" WC="0.96" CONTENT="därtill"/><SP WIDTH="24" VPOS="1940" HPOS="370"/>
							<String ID="string_305" HPOS="394" VPOS="1943" WIDTH="192" HEIGHT="34" WC="0.96" CONTENT="gränsande"/><SP WIDTH="29" VPOS="1943" HPOS="586"/>
							<String ID="string_306" HPOS="615" VPOS="1944" WIDTH="132" HEIGHT="32" WC="0.96" CONTENT="Ströms"/><SP WIDTH="23" VPOS="1944" HPOS="747"/>
							<String ID="string_307" HPOS="770" VPOS="1948" WIDTH="121" HEIGHT="31" WC="0.96" CONTENT="socken"/><SP WIDTH="25" VPOS="1948" HPOS="891"/>
							<String ID="string_308" HPOS="916" VPOS="1949" WIDTH="12" HEIGHT="30" WC="0.96" CONTENT="i"/><SP WIDTH="23" VPOS="1949" HPOS="928"/>
							<String ID="string_309" HPOS="951" VPOS="1960" WIDTH="103" HEIGHT="21" WC="0.96" CONTENT="norra"/><SP WIDTH="23" VPOS="1960" HPOS="1054"/>
							<String ID="string_310" HPOS="1077" VPOS="1951" WIDTH="191" HEIGHT="33" WC="0.96" CONTENT="Jämtland."/><SP WIDTH="45" VPOS="1951" HPOS="1268"/>
							<String ID="string_311" HPOS="1313" VPOS="1955" WIDTH="51" HEIGHT="31" WC="0.96" CONTENT="På"/><SP WIDTH="23" VPOS="1955" HPOS="1364"/>
							<String ID="string_312" HPOS="1387" VPOS="1956" WIDTH="56" HEIGHT="32" WC="0.96" CONTENT="det"/><SP WIDTH="22" VPOS="1956" HPOS="1443"/>
							<String ID="string_313" HPOS="1465" VPOS="1968" WIDTH="118" HEIGHT="22" WC="0.96" CONTENT="senare"/><SP WIDTH="22" VPOS="1968" HPOS="1583"/>
							<String ID="string_314" HPOS="1605" VPOS="1962" WIDTH="158" HEIGHT="31" WC="0.96" CONTENT="området"/>
						</TextLine>
						<TextLine ID="line_34" HPOS="251" VPOS="1984" WIDTH="1506" HEIGHT="55">
							<String ID="string_315" HPOS="251" VPOS="1984" WIDTH="92" HEIGHT="30" WC="0.93" CONTENT="torde"/><SP WIDTH="24" VPOS="1984" HPOS="343"/>
							<String ID="string_316" HPOS="367" VPOS="1985" WIDTH="268" HEIGHT="36" WC="0.92" CONTENT="björnstammen"/><SP WIDTH="36" VPOS="1985" HPOS="635"/>
							<String ID="string_317" HPOS="671" VPOS="1999" WIDTH="84" HEIGHT="21" WC="0.96" CONTENT="vara"/><SP WIDTH="35" VPOS="1999" HPOS="755"/>
							<String ID="string_318" HPOS="790" VPOS="1992" WIDTH="139" HEIGHT="31" WC="0.94" CONTENT="relativt"/><SP WIDTH="28" VPOS="1992" HPOS="929"/>
							<String ID="string_319" HPOS="957" VPOS="1993" WIDTH="116" HEIGHT="32" WC="0.95" CONTENT="talrik."/><SP WIDTH="48" VPOS="1993" HPOS="1073"/>
							<String ID="string_320" HPOS="1121" VPOS="1996" WIDTH="186" HEIGHT="33" WC="0.95" CONTENT="Huruvida"/><SP WIDTH="23" VPOS="1996" HPOS="1307"/>
							<String ID="string_321" HPOS="1330" VPOS="2000" WIDTH="110" HEIGHT="36" WC="0.96" CONTENT="några"/><SP WIDTH="23" VPOS="2000" HPOS="1440"/>
							<String ID="string_322" HPOS="1463" VPOS="2003" WIDTH="176" HEIGHT="36" WC="0.96" CONTENT="exemplar"/><SP WIDTH="23" VPOS="2003" HPOS="1639"/>
							<String ID="string_323" HPOS="1662" VPOS="2007" WIDTH="95" HEIGHT="29" WC="0.95" CONTENT="utom"/>
						</TextLine>
						<TextLine ID="line_35" HPOS="249" VPOS="2028" WIDTH="1511" HEIGHT="53">
							<String ID="string_324" HPOS="249" VPOS="2028" WIDTH="21" HEIGHT="29" WC="0.88" CONTENT="å"/><SP WIDTH="23" VPOS="2028" HPOS="270"/>
							<String ID="string_325" HPOS="293" VPOS="2037" WIDTH="47" HEIGHT="21" WC="0.96" CONTENT="nu"/><SP WIDTH="35" VPOS="2037" HPOS="340"/>
							<String ID="string_326" HPOS="375" VPOS="2030" WIDTH="151" HEIGHT="31" WC="0.96" CONTENT="nämnda"/><SP WIDTH="23" VPOS="2030" HPOS="526"/>
							<String ID="string_327" HPOS="549" VPOS="2032" WIDTH="162" HEIGHT="31" WC="0.96" CONTENT="områden"/><SP WIDTH="25" VPOS="2032" HPOS="711"/>
							<String ID="string_328" HPOS="736" VPOS="2033" WIDTH="114" HEIGHT="32" WC="0.95" CONTENT="finnas"/><SP WIDTH="24" VPOS="2033" HPOS="850"/>
							<String ID="string_329" HPOS="874" VPOS="2036" WIDTH="11" HEIGHT="30" WC="0.96" CONTENT="i"/><SP WIDTH="25" VPOS="2036" HPOS="885"/>
							<String ID="string_330" HPOS="910" VPOS="2036" WIDTH="260" HEIGHT="36" WC="0.96" CONTENT="fjälltrakterna"/><SP WIDTH="23" VPOS="2036" HPOS="1170"/>
							<String ID="string_331" HPOS="1193" VPOS="2043" WIDTH="114" HEIGHT="29" WC="0.96" CONTENT="väster"/><SP WIDTH="23" VPOS="2043" HPOS="1307"/>
							<String ID="string_332" HPOS="1330" VPOS="2052" WIDTH="55" HEIGHT="22" WC="0.96" CONTENT="om"/><SP WIDTH="25" VPOS="2052" HPOS="1385"/>
							<String ID="string_333" HPOS="1410" VPOS="2044" WIDTH="154" HEIGHT="37" WC="0.94" CONTENT="Storsjön"/><SP WIDTH="24" VPOS="2044" HPOS="1564"/>
							<String ID="string_334" HPOS="1588" VPOS="2047" WIDTH="70" HEIGHT="31" WC="0.96" CONTENT="kan"/><SP WIDTH="25" VPOS="2047" HPOS="1658"/>
							<String ID="string_335" HPOS="1683" VPOS="2049" WIDTH="77" HEIGHT="31" WC="0.96" CONTENT="icke"/>
						</TextLine>
						<TextLine ID="line_36" HPOS="248" VPOS="2071" WIDTH="1511" HEIGHT="55">
							<String ID="string_336" HPOS="248" VPOS="2071" WIDTH="77" HEIGHT="31" WC="0.96" CONTENT="med"/><SP WIDTH="22" VPOS="2071" HPOS="325"/>
							<String ID="string_337" HPOS="347" VPOS="2073" WIDTH="158" HEIGHT="31" WC="0.93" CONTENT="säkerhet"/><SP WIDTH="38" VPOS="2073" HPOS="505"/>
							<String ID="string_338" HPOS="543" VPOS="2076" WIDTH="179" HEIGHT="35" WC="0.91" CONTENT="uppgivas."/><SP WIDTH="46" VPOS="2076" HPOS="722"/>
							<String ID="string_339" HPOS="768" VPOS="2078" WIDTH="17" HEIGHT="30" WC="0.96" CONTENT="I"/><SP WIDTH="23" VPOS="2078" HPOS="785"/>
							<String ID="string_340" HPOS="808" VPOS="2079" WIDTH="116" HEIGHT="36" WC="0.96" CONTENT="övrigt"/><SP WIDTH="34" VPOS="2079" HPOS="924"/>
							<String ID="string_341" HPOS="958" VPOS="2081" WIDTH="92" HEIGHT="31" WC="0.96" CONTENT="torde"/><SP WIDTH="35" VPOS="2081" HPOS="1050"/>
							<String ID="string_342" HPOS="1085" VPOS="2083" WIDTH="95" HEIGHT="31" WC="0.96" CONTENT="inom"/><SP WIDTH="29" VPOS="2083" HPOS="1180"/>
							<String ID="string_343" HPOS="1209" VPOS="2085" WIDTH="91" HEIGHT="31" WC="0.51" CONTENT="länet"/><SP WIDTH="23" VPOS="2085" HPOS="1300"/>
							<String ID="string_344" HPOS="1323" VPOS="2087" WIDTH="120" HEIGHT="32" WC="0.93" CONTENT="endast"/><SP WIDTH="22" VPOS="2087" HPOS="1443"/>
							<String ID="string_345" HPOS="1465" VPOS="2089" WIDTH="294" HEIGHT="37" WC="0.91" CONTENT="kringströvande"/>
						</TextLine>
						<TextLine ID="line_37" HPOS="248" VPOS="2114" WIDTH="328" HEIGHT="36">
							<String ID="string_346" HPOS="248" VPOS="2114" WIDTH="84" HEIGHT="36" WC="0.96" CONTENT="djur"/><SP WIDTH="23" VPOS="2114" HPOS="332"/>
							<String ID="string_347" HPOS="355" VPOS="2116" WIDTH="221" HEIGHT="32" WC="0.96" CONTENT="förekomma."/>
						</TextLine>
					</TextBlock>
					<TextBlock ID="block_9" HPOS="244" VPOS="2158" WIDTH="1511" HEIGHT="227">
						<TextLine ID="line_38" HPOS="291" VPOS="2158" WIDTH="1464" HEIGHT="54">
							<String ID="string_348" HPOS="291" VPOS="2158" WIDTH="321" HEIGHT="37" WC="0.91" CONTENT="Sonfjällsområdet"/><SP WIDTH="34" VPOS="2158" HPOS="612"/>
							<String ID="string_349" HPOS="646" VPOS="2163" WIDTH="111" HEIGHT="31" WC="0.96" CONTENT="består"/><SP WIDTH="33" VPOS="2163" HPOS="757"/>
							<String ID="string_350" HPOS="790" VPOS="2165" WIDTH="111" HEIGHT="31" WC="0.96" CONTENT="delvis"/><SP WIDTH="33" VPOS="2165" HPOS="901"/>
							<String ID="string_351" HPOS="934" VPOS="2177" WIDTH="44" HEIGHT="20" WC="0.96" CONTENT="av"/><SP WIDTH="35" VPOS="2177" HPOS="978"/>
							<String ID="string_352" HPOS="1013" VPOS="2169" WIDTH="251" HEIGHT="38" WC="0.96" CONTENT="nationalpark,"/><SP WIDTH="30" VPOS="2169" HPOS="1264"/>
							<String ID="string_353" HPOS="1294" VPOS="2173" WIDTH="108" HEIGHT="31" WC="0.96" CONTENT="delvis"/><SP WIDTH="23" VPOS="2173" HPOS="1402"/>
							<String ID="string_354" HPOS="1425" VPOS="2185" WIDTH="45" HEIGHT="20" WC="0.93" CONTENT="av"/><SP WIDTH="23" VPOS="2185" HPOS="1470"/>
							<String ID="string_355" HPOS="1493" VPOS="2178" WIDTH="177" HEIGHT="34" WC="0.91" CONTENT="prestbord"/><SP WIDTH="23" VPOS="2178" HPOS="1670"/>
							<String ID="string_356" HPOS="1693" VPOS="2180" WIDTH="62" HEIGHT="30" WC="0.96" CONTENT="och"/>
						</TextLine>
						<TextLine ID="line_39" HPOS="246" VPOS="2201" WIDTH="1509" HEIGHT="53">
							<String ID="string_357" HPOS="246" VPOS="2201" WIDTH="194" HEIGHT="38" WC="0.92" CONTENT="kronopark"/><SP WIDTH="38" VPOS="2201" HPOS="440"/>
							<String ID="string_358" HPOS="478" VPOS="2205" WIDTH="61" HEIGHT="31" WC="0.96" CONTENT="och"/><SP WIDTH="38" VPOS="2205" HPOS="539"/>
							<String ID="string_359" HPOS="577" VPOS="2206" WIDTH="113" HEIGHT="31" WC="0.95" CONTENT="delvis"/><SP WIDTH="37" VPOS="2206" HPOS="690"/>
							<String ID="string_360" HPOS="727" VPOS="2218" WIDTH="44" HEIGHT="20" WC="0.95" CONTENT="av"/><SP WIDTH="38" VPOS="2218" HPOS="771"/>
							<String ID="string_361" HPOS="809" VPOS="2210" WIDTH="134" HEIGHT="31" WC="0.95" CONTENT="enskild"/><SP WIDTH="38" VPOS="2210" HPOS="943"/>
							<String ID="string_362" HPOS="981" VPOS="2212" WIDTH="110" HEIGHT="31" WC="0.96" CONTENT="mark."/><SP WIDTH="47" VPOS="2212" HPOS="1091"/>
							<String ID="string_363" HPOS="1138" VPOS="2213" WIDTH="288" HEIGHT="37" WC="0.91" CONTENT="Björntrakterna"/><SP WIDTH="38" VPOS="2213" HPOS="1426"/>
							<String ID="string_364" HPOS="1464" VPOS="2219" WIDTH="12" HEIGHT="30" WC="0.95" CONTENT="i"/><SP WIDTH="34" VPOS="2219" HPOS="1476"/>
							<String ID="string_365" HPOS="1510" VPOS="2223" WIDTH="245" HEIGHT="31" WC="0.96" CONTENT="ovannämnda"/>
						</TextLine>
						<TextLine ID="line_40" HPOS="245" VPOS="2244" WIDTH="1510" HEIGHT="54">
							<String ID="string_366" HPOS="245" VPOS="2244" WIDTH="97" HEIGHT="32" WC="0.96" CONTENT="delar"/><SP WIDTH="23" VPOS="2244" HPOS="342"/>
							<String ID="string_367" HPOS="365" VPOS="2257" WIDTH="43" HEIGHT="20" WC="0.96" CONTENT="av"/><SP WIDTH="23" VPOS="2257" HPOS="408"/>
							<String ID="string_368" HPOS="431" VPOS="2257" WIDTH="103" HEIGHT="22" WC="0.96" CONTENT="norra"/><SP WIDTH="23" VPOS="2257" HPOS="534"/>
							<String ID="string_369" HPOS="557" VPOS="2249" WIDTH="180" HEIGHT="33" WC="0.96" CONTENT="Jämtland"/><SP WIDTH="25" VPOS="2249" HPOS="737"/>
							<String ID="string_370" HPOS="762" VPOS="2254" WIDTH="58" HEIGHT="29" WC="0.96" CONTENT="äro"/><SP WIDTH="23" VPOS="2254" HPOS="820"/>
							<String ID="string_371" HPOS="843" VPOS="2252" WIDTH="280" HEIGHT="40" WC="0.96" CONTENT="huvudsakligen"/><SP WIDTH="23" VPOS="2252" HPOS="1123"/>
							<String ID="string_372" HPOS="1146" VPOS="2258" WIDTH="133" HEIGHT="32" WC="0.96" CONTENT="kronan"/><SP WIDTH="24" VPOS="2258" HPOS="1279"/>
							<String ID="string_373" HPOS="1303" VPOS="2261" WIDTH="187" HEIGHT="37" WC="0.95" CONTENT="tillhöriga,"/><SP WIDTH="25" VPOS="2261" HPOS="1490"/>
							<String ID="string_374" HPOS="1515" VPOS="2264" WIDTH="55" HEIGHT="30" WC="0.92" CONTENT="till"/><SP WIDTH="17" VPOS="2264" HPOS="1570"/>
							<String ID="string_375" HPOS="1587" VPOS="2266" WIDTH="168" HEIGHT="31" WC="0.91" CONTENT="renbetes-"/>
						</TextLine>
						<TextLine ID="line_41" HPOS="245" VPOS="2288" WIDTH="1508" HEIGHT="53">
							<String ID="string_376" HPOS="245" VPOS="2288" WIDTH="78" HEIGHT="36" WC="0.96" CONTENT="fjäll"/><SP WIDTH="24" VPOS="2288" HPOS="323"/>
							<String ID="string_377" HPOS="347" VPOS="2292" WIDTH="134" HEIGHT="29" WC="0.96" CONTENT="avsatta"/><SP WIDTH="34" VPOS="2292" HPOS="481"/>
							<String ID="string_378" HPOS="515" VPOS="2292" WIDTH="82" HEIGHT="31" WC="0.96" CONTENT="eller"/><SP WIDTH="34" VPOS="2292" HPOS="597"/>
							<String ID="string_379" HPOS="631" VPOS="2294" WIDTH="117" HEIGHT="31" WC="0.96" CONTENT="därför"/><SP WIDTH="34" VPOS="2294" HPOS="748"/>
							<String ID="string_380" HPOS="782" VPOS="2296" WIDTH="142" HEIGHT="36" WC="0.96" CONTENT="inköpta"/><SP WIDTH="34" VPOS="2296" HPOS="924"/>
							<String ID="string_381" HPOS="958" VPOS="2299" WIDTH="173" HEIGHT="32" WC="0.95" CONTENT="områden."/><SP WIDTH="47" VPOS="2299" HPOS="1131"/>
							<String ID="string_382" HPOS="1178" VPOS="2301" WIDTH="66" HEIGHT="31" WC="0.96" CONTENT="För"/><SP WIDTH="34" VPOS="2301" HPOS="1244"/>
							<String ID="string_383" HPOS="1278" VPOS="2303" WIDTH="166" HEIGHT="37" WC="0.95" CONTENT="lapparna"/><SP WIDTH="35" VPOS="2303" HPOS="1444"/>
							<String ID="string_384" HPOS="1479" VPOS="2308" WIDTH="95" HEIGHT="30" WC="0.96" CONTENT="torde"/><SP WIDTH="34" VPOS="2308" HPOS="1574"/>
							<String ID="string_385" HPOS="1608" VPOS="2319" WIDTH="145" HEIGHT="22" WC="0.96" CONTENT="numera"/>
						</TextLine>
						<TextLine ID="line_42" HPOS="244" VPOS="2332" WIDTH="1279" HEIGHT="53">
							<String ID="string_386" HPOS="244" VPOS="2332" WIDTH="120" HEIGHT="32" WC="0.96" CONTENT="endast"/><SP WIDTH="24" VPOS="2332" HPOS="364"/>
							<String ID="string_387" HPOS="388" VPOS="2334" WIDTH="228" HEIGHT="33" WC="0.96" CONTENT="förekomsten"/><SP WIDTH="24" VPOS="2334" HPOS="616"/>
							<String ID="string_388" HPOS="640" VPOS="2348" WIDTH="44" HEIGHT="20" WC="0.96" CONTENT="av"/><SP WIDTH="25" VPOS="2348" HPOS="684"/>
							<String ID="string_389" HPOS="709" VPOS="2338" WIDTH="100" HEIGHT="36" WC="0.93" CONTENT="björn"/><SP WIDTH="22" VPOS="2338" HPOS="809"/>
							<String ID="string_390" HPOS="831" VPOS="2340" WIDTH="20" HEIGHT="30" WC="0.91" CONTENT="å"/><SP WIDTH="24" VPOS="2340" HPOS="851"/>
							<String ID="string_391" HPOS="875" VPOS="2341" WIDTH="214" HEIGHT="33" WC="0.95" CONTENT="sistnämnda"/><SP WIDTH="23" VPOS="2341" HPOS="1089"/>
							<String ID="string_392" HPOS="1112" VPOS="2345" WIDTH="96" HEIGHT="31" WC="0.96" CONTENT="trakt"/><SP WIDTH="23" VPOS="2345" HPOS="1208"/>
							<String ID="string_393" HPOS="1231" VPOS="2346" WIDTH="89" HEIGHT="31" WC="0.96" CONTENT="hava"/><SP WIDTH="25" VPOS="2346" HPOS="1320"/>
							<String ID="string_394" HPOS="1345" VPOS="2348" WIDTH="178" HEIGHT="37" WC="0.96" CONTENT="betydelse."/>
						</TextLine>
					</TextBlock>
					<TextBlock ID="block_10" HPOS="242" VPOS="2375" WIDTH="1510" HEIGHT="140">
						<TextLine ID="line_43" HPOS="287" VPOS="2375" WIDTH="1465" HEIGHT="52">
							<String ID="string_395" HPOS="287" VPOS="2375" WIDTH="98" HEIGHT="33" WC="0.95" CONTENT="Inom"/><SP WIDTH="35" VPOS="2375" HPOS="385"/>
							<String ID="string_396" HPOS="420" VPOS="2378" WIDTH="266" HEIGHT="37" WC="0.95" CONTENT="ifrågavarande"/><SP WIDTH="34" VPOS="2378" HPOS="686"/>
							<String ID="string_397" HPOS="720" VPOS="2382" WIDTH="52" HEIGHT="30" WC="0.96" CONTENT="del"/><SP WIDTH="27" VPOS="2382" HPOS="772"/>
							<String ID="string_398" HPOS="799" VPOS="2393" WIDTH="44" HEIGHT="20" WC="0.96" CONTENT="av"/><SP WIDTH="24" VPOS="2393" HPOS="843"/>
							<String ID="string_399" HPOS="867" VPOS="2393" WIDTH="103" HEIGHT="22" WC="0.96" CONTENT="norra"/><SP WIDTH="24" VPOS="2393" HPOS="970"/>
							<String ID="string_400" HPOS="994" VPOS="2386" WIDTH="180" HEIGHT="33" WC="0.96" CONTENT="Jämtland"/><SP WIDTH="24" VPOS="2386" HPOS="1174"/>
							<String ID="string_401" HPOS="1198" VPOS="2389" WIDTH="62" HEIGHT="31" WC="0.96" CONTENT="har"/><SP WIDTH="25" VPOS="2389" HPOS="1260"/>
							<String ID="string_402" HPOS="1285" VPOS="2391" WIDTH="57" HEIGHT="31" WC="0.96" CONTENT="vid"/><SP WIDTH="25" VPOS="2391" HPOS="1342"/>
							<String ID="string_403" HPOS="1367" VPOS="2392" WIDTH="87" HEIGHT="31" WC="0.96" CONTENT="flera"/><SP WIDTH="24" VPOS="2392" HPOS="1454"/>
							<String ID="string_404" HPOS="1478" VPOS="2394" WIDTH="166" HEIGHT="32" WC="0.93" CONTENT="tillfällen"/><SP WIDTH="24" VPOS="2394" HPOS="1644"/>
							<String ID="string_405" HPOS="1668" VPOS="2396" WIDTH="84" HEIGHT="31" WC="0.92" CONTENT="före-"/>
						</TextLine>
						<TextLine ID="line_44" HPOS="243" VPOS="2418" WIDTH="1508" HEIGHT="58">
							<String ID="string_406" HPOS="243" VPOS="2418" WIDTH="156" HEIGHT="38" WC="0.96" CONTENT="kommit,"/><SP WIDTH="24" VPOS="2418" HPOS="399"/>
							<String ID="string_407" HPOS="423" VPOS="2423" WIDTH="50" HEIGHT="30" WC="0.93" CONTENT="att"/><SP WIDTH="23" VPOS="2423" HPOS="473"/>
							<String ID="string_408" HPOS="496" VPOS="2424" WIDTH="187" HEIGHT="31" WC="0.90" CONTENT="renkalvar"/><SP WIDTH="23" VPOS="2424" HPOS="683"/>
							<String ID="string_409" HPOS="706" VPOS="2426" WIDTH="61" HEIGHT="30" WC="0.96" CONTENT="och"/><SP WIDTH="23" VPOS="2426" HPOS="767"/>
							<String ID="string_410" HPOS="790" VPOS="2428" WIDTH="87" HEIGHT="29" WC="0.96" CONTENT="även"/><SP WIDTH="24" VPOS="2428" HPOS="877"/>
							<String ID="string_411" HPOS="901" VPOS="2438" WIDTH="117" HEIGHT="21" WC="0.96" CONTENT="vuxna"/><SP WIDTH="24" VPOS="2438" HPOS="1018"/>
							<String ID="string_412" HPOS="1042" VPOS="2440" WIDTH="100" HEIGHT="21" WC="0.96" CONTENT="renar"/><SP WIDTH="23" VPOS="2440" HPOS="1142"/>
							<String ID="string_413" HPOS="1165" VPOS="2433" WIDTH="101" HEIGHT="31" WC="0.96" CONTENT="rivits"/><SP WIDTH="16" VPOS="2433" HPOS="1266"/>
							<String ID="string_414" HPOS="1282" VPOS="2444" WIDTH="44" HEIGHT="21" WC="0.97" CONTENT="av"/><SP WIDTH="17" VPOS="2444" HPOS="1326"/>
							<String ID="string_415" HPOS="1343" VPOS="2435" WIDTH="112" HEIGHT="38" WC="0.96" CONTENT="björn,"/><SP WIDTH="17" VPOS="2435" HPOS="1455"/>
							<String ID="string_416" HPOS="1472" VPOS="2437" WIDTH="279" HEIGHT="39" WC="0.96" CONTENT="huvudsakligen"/>
						</TextLine>
						<TextLine ID="line_45" HPOS="242" VPOS="2465" WIDTH="1509" HEIGHT="50">
							<String ID="string_417" HPOS="242" VPOS="2472" WIDTH="56" HEIGHT="21" WC="0.96" CONTENT="om"/><SP WIDTH="24" VPOS="2472" HPOS="298"/>
							<String ID="string_418" HPOS="322" VPOS="2465" WIDTH="106" HEIGHT="30" WC="0.96" CONTENT="våren"/><SP WIDTH="25" VPOS="2465" HPOS="428"/>
							<String ID="string_419" HPOS="453" VPOS="2466" WIDTH="108" HEIGHT="32" WC="0.93" CONTENT="under"/><SP WIDTH="34" VPOS="2466" HPOS="561"/>
							<String ID="string_420" HPOS="595" VPOS="2467" WIDTH="294" HEIGHT="39" WC="0.84" CONTENT="kalvningstiden,"/><SP WIDTH="47" VPOS="2467" HPOS="889"/>
							<String ID="string_421" HPOS="936" VPOS="2472" WIDTH="121" HEIGHT="32" WC="0.96" CONTENT="Ehuru"/><SP WIDTH="24" VPOS="2472" HPOS="1057"/>
							<String ID="string_422" HPOS="1081" VPOS="2474" WIDTH="65" HEIGHT="32" WC="0.96" CONTENT="den"/><SP WIDTH="23" VPOS="2474" HPOS="1146"/>
							<String ID="string_423" HPOS="1169" VPOS="2477" WIDTH="144" HEIGHT="31" WC="0.96" CONTENT="sålunda"/><SP WIDTH="23" VPOS="2477" HPOS="1313"/>
							<String ID="string_424" HPOS="1336" VPOS="2480" WIDTH="275" HEIGHT="35" WC="0.92" CONTENT="uppkommande"/><SP WIDTH="24" VPOS="2480" HPOS="1611"/>
							<String ID="string_425" HPOS="1635" VPOS="2483" WIDTH="116" HEIGHT="32" WC="0.92" CONTENT="skade-"/>
						</TextLine>
					</TextBlock>
				</ComposedBlock>
			</PrintSpace>
		</Page>
	</Layout>
</alto>
