2228 2638
423 194 19 31 8
932 189 228 41 Lagutskottets
1186 188 161 33 Utlåtande
1369 189 60 30 N:o
1452 189 51 29 55.

583 271 20 35 I
632 271 102 35 detta
763 268 269 46 sammanhang
1057 267 104 37 torde
1190 266 157 48 förtjena
1375 271 166 38 nämnas,
1573 267 53 32 att
1653 262 157 47 ungefär
1829 261 194 36 enahanda

422 325 117 36 behof
576 324 39 36 af
651 324 158 43 klarhet,
852 322 176 36 säkerhet
1060 321 68 36 och
1165 321 90 35 reda
1285 320 15 35 i
1326 318 301 37 förekommande
1655 315 363 44 rättsförhållanden,

423 379 146 37 hvilket
608 378 13 35 i
657 377 106 47 fråga
798 389 56 23 om
884 374 213 48 föreningar
1125 386 110 36 synes
1264 373 182 36 utskottet
1472 372 90 36 böra
1589 371 85 36 leda
1702 370 58 36 till
1788 368 236 48 lagstiftning

422 432 14 36 i
480 435 133 42 ämnet,
653 430 140 49 jemväl
834 430 139 44 kunna,
1019 428 221 37 åtminstone
1280 427 14 35 i
1327 426 74 37 viss
1437 428 97 41 mån,
1564 430 87 42 göra
1681 423 58 47 sig
1768 423 172 47 gällande
1968 421 56 36 för
2056 451 4 4 .

426 486 189 44 anstalter,
645 484 176 36 stiftelser
848 484 69 35 och
945 483 116 36 andra
1090 481 127 49 dylika
1242 480 184 49 juridiska
1455 491 174 36 personer
1657 478 41 35 af
1722 475 301 49 mångskiftande

424 539 259 36 beskaffenhet
735 538 59 36 och
827 541 75 32 stor
934 535 218 37 ekonomisk
1179 534 200 49 betydelse.

585 592 129 36 Under
742 591 231 47 åberopande
1004 589 39 36 af
1067 590 61 35 det
1156 588 165 45 anförda,
1351 586 213 37 hemställer
1591 585 183 36 utskottet
1799 583 117 45 alltså,

958 700 55 33 att
1031 696 227 47 Riksdagen,
1279 694 12 36 i
1311 693 203 48 anledning
1529 693 39 36 af
1578 692 241 37 förevarande
1834 690 191 44 motioner,

855 751 84 37 ville
991 751 67 35 hos
1102 749 137 47 Kongl.
1290 748 108 49 Maj:t
1444 747 158 45 anhålla,
1646 749 54 33 att
1742 744 135 47 Kongl.
1920 743 108 48 Maj:t

851 805 145 36 täcktes
1037 804 73 36 låta
1152 802 168 37 utarbeta
1361 802 70 36 och
1472 801 57 36 för
1569 800 218 46 Riksdagen
1823 798 204 46 framlägga

854 859 136 46 förslag
1018 858 56 36 till
1101 856 349 48 lagbestämmelser,
1489 854 239 47 hvarigenom
1759 853 72 34 den
1857 850 171 47 rättsliga

854 912 188 47 ställning,
1071 911 155 36 hvilken
1260 910 74 35 kan
1361 908 149 48 pröfvas
1538 908 87 35 böra
1666 906 207 37 tillkomma
1902 916 125 24 annan

853 965 171 47 förening
1066 970 46 30 än
1148 965 128 43 sådan,
1320 975 75 23 som
1438 962 69 35 har
1539 960 219 37 ekonomisk
1790 958 239 37 verksamhet

855 1020 56 35 till
940 1019 59 36 sin
1026 1017 157 48 uppgift,
1214 1020 112 33 måtte
1354 1015 203 48 lämpligen
1584 1014 175 47 regleras.

592 1127 212 38 Stockholm
835 1127 71 35 den
936 1128 49 33 28
1016 1124 92 48 april
1140 1127 113 35 1899.

967 1230 53 35 På
1047 1228 262 48 lagutskottets
1337 1232 159 42 vägnar:

956 1333 133 37 CARL
1123 1333 42 35 B.
1203 1330 308 37 HASSELROT.

889 2327 172 33 Stockholm,
1079 2326 63 34 Nya
1152 2324 348 36 Tryckeri-Aktiebolaget
1518 2322 72 27 1899.
