2240 2624
517 168 239 34 Sammansatta
779 170 102 33 Stats-
904 172 54 31 och
983 172 278 35 Bankoutskottets
1291 175 170 34 Utlåtande
1483 178 61 31 N:o
1568 179 30 32 9.
1772 180 41 32 25

790 319 64 36 Om
876 319 291 48 föreningarnas
1195 324 142 37 rörelse.

1014 440 20 49 $
1064 443 33 34 5.

388 523 73 36 Till
490 523 369 50 hypoteksförening
886 526 212 36 utlämnadt
1126 528 316 49 amorteringslån
1471 532 87 47 kan,
1589 534 115 36 sedan
1732 536 54 35 tio
1815 540 41 33 år

256 575 161 37 förflutit
459 575 82 36 från
574 575 120 36 lånets
722 576 236 48 utgifvande,
989 578 41 35 af
1055 578 227 50 föreningen
1311 587 193 44 uppsägas
1532 584 57 35 till
1616 585 241 52 inbetalning

256 627 97 36 efter
381 631 54 32 ett
463 629 51 44 år,
545 626 348 49 hypotekskassans
923 629 160 48 styrelse
1112 630 190 50 obetaget,
1331 638 68 31 när
1427 634 63 36 det
1519 635 85 36 med
1628 637 150 50 hänsyn
1798 640 57 35 till

255 679 138 35 kassan
434 678 205 48 'åliggande
681 678 257 49 förpliktelser
970 680 120 37 finnes
1119 682 129 37 kunna
1277 684 79 47 ske,
1386 690 55 30 att
1468 686 194 49 medgifva
1690 689 163 50 tidigare

255 730 248 48 uppsägning
531 729 40 36 af
596 729 72 47 lån,
697 730 12 36 i
738 730 146 37 hvilket
912 732 65 36 fall
1006 733 185 48 styrelsen
1215 735 146 48 jämväl
1388 736 69 37 har
1484 743 54 31 att
1562 739 222 51 bestämma,
1805 746 49 46 på

257 782 129 35 hvilka
414 781 138 36 villkor
580 781 287 49 inbetalningen
896 784 40 35 af
959 784 101 36 lånet
1088 788 61 33 må
1176 791 74 43 äga
1278 801 94 22 rum.

385 833 209 48 Angående
636 833 190 48 gäldande
868 835 41 35 af
944 835 271 49 kapitalrabatt
1256 839 71 35 och
1369 840 117 36 andra
1526 842 215 51 kostnader,
1772 859 81 24 som

254 885 332 49 hypotekskassan
624 885 61 36 vid
713 885 82 36 låns
823 887 244 48 upptagande
1096 888 70 36 fått
1193 889 221 49 vidkännas,
1443 892 145 38 lämnas
1617 895 197 38 föreskrift
1841 898 12 36 i

253 936 253 48 reglementet
536 935 58 37 för
622 937 149 35 kassan.

387 987 222 37 Underlåter
645 988 369 50 hypoteksförening
1042 996 55 31 att
1126 992 164 49 fullgöra
1318 993 253 39 föreskrifven
1600 997 252 53 inbetalning,

252 1039 97 36 skall
391 1038 225 49 föreningen
645 1042 20 33 å
692 1040 179 37 förfallna
912 1041 176 51 beloppet
1128 1044 115 48 gälda
1283 1050 121 44 ränta,
1447 1047 192 39 beräknad
1682 1051 96 37 efter
1806 1066 46 24 en

252 1091 84 36 half
359 1096 158 45 procent
546 1092 11 35 i
586 1091 195 37 månaden.

1007 1216 16 49 8
1047 1216 43 49 6.

380 1298 380 51 Hypoteksförening
801 1304 61 33 må
903 1302 171 37 meddela
1114 1304 62 35 lån
1218 1305 159 37 allenast
1412 1313 79 31 mot
1519 1310 177 37 säkerhet
1724 1312 42 36 af
1789 1313 58 37 in-

250 1351 181 48 teckning
458 1350 13 36 i
502 1350 182 50 bebyggd
726 1352 71 36 och
838 1358 79 31 mot
956 1354 240 37 brandskada
1237 1356 196 39 försäkrad
1464 1360 193 50 fastighet,
1686 1364 162 49 belägen

248 1404 103 34 inom
381 1402 193 48 samhälle,
604 1416 81 23 som
715 1403 121 49 enligt
864 1405 245 49 föreningens
1136 1407 234 48 reglemente
1400 1411 127 37 tillhör
1546 1413 87 37 dess
1653 1416 194 37 verksam-

249 1454 251 36 hetsområde.

377 1505 74 37 För
478 1505 387 52 hypoteksförenings
893 1508 173 51 utlåning
1093 1511 112 36 lända
1233 1512 13 36 i
1274 1513 225 50 tillämpliga
1527 1515 102 38 delar
1657 1519 57 36 till
1735 1521 111 36 efter-

246 1559 153 35 rättelse
440 1557 45 37 de
527 1557 295 50 bestämmelser,
865 1573 80 24 som
987 1563 100 46 gälla
1115 1564 58 35 för
1201 1564 176 50 utlåning
1404 1566 84 37 från
1515 1567 332 51 hypotekskassan

246 1610 58 35 till
345 1610 277 48 föreningarna.
679 1611 131 37 Lånen
852 1613 105 36 skola
990 1614 101 49 förty
1119 1616 11 35 i
1160 1616 178 37 afseende
1367 1621 20 33 å
1414 1623 119 44 ränta,
1562 1617 283 60 kapitalrabatt,

247 1662 395 49 förvaltningsbidrag
684 1663 69 36 och
796 1664 122 49 öfriga
959 1665 357 39 låneomkostnader
1345 1675 98 30 samt
1471 1672 375 52 återbetalningssätt

246 1713 43 35 af
325 1713 369 50 hypoteksförening
735 1715 159 48 beviljas
934 1717 222 50 låntagaren
1197 1722 48 46 på
1278 1720 46 36 de
1354 1721 313 52 fördelaktigaste
1695 1724 149 56 villkor,

245 1777 82 23 som
358 1765 245 48 föreningens
632 1766 252 38 förbindelser
911 1769 57 35 till
996 1769 139 38 kassan
1163 1772 206 48 medgifva.

1001 1890 21 51 d
1053 1895 31 33 7.

374 1973 210 50 Fastighet,
627 1975 116 37 hvarå
784 1977 62 35 lån
887 1978 122 48 sökes,
1048 1979 97 36 skall
1173 1979 210 51 besiktigas
1413 1983 69 36 och
1511 1985 179 38 värderas
1720 1987 41 36 af
1785 1988 60 37 för

243 2024 137 37 sådant
421 2026 173 36 ändamål
623 2027 177 37 särskildt
827 2029 159 37 utsedda
1013 2031 323 50 värderingsmän,
1366 2034 59 36 för
1452 2035 130 38 hvilka
1610 2039 232 38 instruktion

244 2076 207 37 fastställes
479 2078 42 36 af
545 2079 349 48 hypotekskassans
922 2083 171 47 styrelse.

372 2129 200 50 Byggnad,
602 2144 80 22 som
710 2131 82 37 icke
825 2132 321 51 hufvudsakligen
1173 2141 41 31 är
1242 2137 193 37 anordnad
1464 2139 56 36 till
1549 2140 177 39 bostäder
1754 2144 88 37 eller

242 2180 268 50 affärslokaler,
554 2185 59 33 må
653 2184 225 48 uppskattas
920 2186 132 36 endast
1092 2187 58 36 till
1178 2188 64 36 det
1269 2189 128 48 värde,
1426 2190 232 51 byggnaden
1686 2195 154 48 pröfvas

242 2236 84 43 äga,
356 2232 113 37 äfven
498 2247 61 23 om
589 2234 70 37 den
687 2235 83 37 icke
800 2237 192 37 användes
1021 2238 59 36 för
1109 2239 63 37 det
1192 2240 83 37 med
1296 2241 222 41 densamma
1537 2247 301 49 ursprungligen

241 2283 157 37 afsedda
426 2286 187 36 särskilda
641 2287 186 37 ändamål.

329 2344 74 33 Bih.
428 2346 49 32 till
498 2345 114 33 Riksd.
635 2347 88 32 Prot.
750 2349 96 33 1909.
893 2351 19 31 4
934 2350 100 33 Saml.
1080 2352 21 30 2
1126 2351 78 42 Afd.
1252 2354 20 30 9
1295 2353 97 42 Häft.
1777 2360 20 31 4
