<?xml version="1.0" encoding="UTF-8"?>
<alto xmlns="http://www.loc.gov/standards/alto/ns-v3#" xmlns:xlink="http://www.w3.org/1999/xlink" xmlns:xsi="http://www.w3.org/2001/XMLSchema-instance" xsi:schemaLocation="http://www.loc.gov/standards/alto/ns-v3# http://www.loc.gov/alto/v3/alto-3-0.xsd">
	<Description>
		<MeasurementUnit>pixel</MeasurementUnit>
		<sourceImageInformation>
			<fileName>/tmp/tess_0sd37dyg_input.PNG</fileName>
		</sourceImageInformation>
		<OCRProcessing ID="OCR_0">
			<ocrProcessingStep>
				<processingSoftware>
					<softwareName>tesseract 5.3.0</softwareName>
				</processingSoftware>
			</ocrProcessingStep>
		</OCRProcessing>
	</Description>
	<Layout>
		<Page WIDTH="1856" HEIGHT="2780" PHYSICAL_IMG_NR="0" ID="page_0">
			<PrintSpace HPOS="0" VPOS="0" WIDTH="1856" HEIGHT="2780">
				<ComposedBlock ID="cblock_0" HPOS="251" VPOS="165" WIDTH="1068" HEIGHT="34">
					<TextBlock ID="block_0" HPOS="251" VPOS="165" WIDTH="1068" HEIGHT="34">
						<TextLine ID="line_0" HPOS="251" VPOS="165" WIDTH="1068" HEIGHT="34">
							<String ID="string_0" HPOS="251" VPOS="165" WIDTH="40" HEIGHT="30" WC="0.90" CONTENT="34"/><SP WIDTH="374" VPOS="165" HPOS="291"/>
							<String ID="string_1" HPOS="665" VPOS="167" WIDTH="285" HEIGHT="31" WC="0.90" CONTENT="Statsutskottets"/><SP WIDTH="26" VPOS="167" HPOS="950"/>
							<String ID="string_2" HPOS="976" VPOS="169" WIDTH="179" HEIGHT="29" WC="0.95" CONTENT="utlåtande"/><SP WIDTH="25" VPOS="169" HPOS="1155"/>
							<String ID="string_3" HPOS="1180" VPOS="178" WIDTH="42" HEIGHT="19" WC="0.94" CONTENT="nr"/><SP WIDTH="26" VPOS="178" HPOS="1222"/>
							<String ID="string_4" HPOS="1248" VPOS="170" WIDTH="71" HEIGHT="29" WC="0.94" CONTENT="113."/>
						</TextLine>
					</TextBlock>
				</ComposedBlock>
				<ComposedBlock ID="cblock_1" HPOS="249" VPOS="244" WIDTH="1488" HEIGHT="148">
					<TextBlock ID="block_1" HPOS="249" VPOS="244" WIDTH="1488" HEIGHT="148">
						<TextLine ID="line_1" HPOS="294" VPOS="244" WIDTH="1443" HEIGHT="46">
							<String ID="string_5" HPOS="294" VPOS="244" WIDTH="87" HEIGHT="31" WC="0.95" CONTENT="Över"/><SP WIDTH="36" VPOS="244" HPOS="381"/>
							<String ID="string_6" HPOS="417" VPOS="246" WIDTH="235" HEIGHT="30" WC="0.95" CONTENT="revisorernas"/><SP WIDTH="34" VPOS="246" HPOS="652"/>
							<String ID="string_7" HPOS="686" VPOS="247" WIDTH="265" HEIGHT="40" WC="0.96" CONTENT="ifrågavarande"/><SP WIDTH="33" VPOS="247" HPOS="951"/>
							<String ID="string_8" HPOS="984" VPOS="249" WIDTH="180" HEIGHT="30" WC="0.95" CONTENT="uttalande"/><SP WIDTH="35" VPOS="249" HPOS="1164"/>
							<String ID="string_9" HPOS="1199" VPOS="250" WIDTH="62" HEIGHT="29" WC="0.96" CONTENT="har"/><SP WIDTH="33" VPOS="250" HPOS="1261"/>
							<String ID="string_10" HPOS="1294" VPOS="251" WIDTH="187" HEIGHT="38" WC="0.93" CONTENT="yttranden"/><SP WIDTH="35" VPOS="251" HPOS="1481"/>
							<String ID="string_11" HPOS="1516" VPOS="251" WIDTH="147" HEIGHT="39" WC="0.92" CONTENT="avgivits"/><SP WIDTH="33" VPOS="251" HPOS="1663"/>
							<String ID="string_12" HPOS="1696" VPOS="261" WIDTH="41" HEIGHT="20" WC="0.96" CONTENT="av"/>
						</TextLine>
						<TextLine ID="line_2" HPOS="249" VPOS="298" WIDTH="1487" HEIGHT="45">
							<String ID="string_13" HPOS="249" VPOS="298" WIDTH="368" HEIGHT="41" WC="0.90" CONTENT="medicinalstyrelsen,"/><SP WIDTH="19" VPOS="298" HPOS="617"/>
							<String ID="string_14" HPOS="636" VPOS="301" WIDTH="351" HEIGHT="40" WC="0.90" CONTENT="byggnadsstyrelsen"/><SP WIDTH="19" VPOS="301" HPOS="987"/>
							<String ID="string_15" HPOS="1006" VPOS="302" WIDTH="64" HEIGHT="30" WC="0.96" CONTENT="och"/><SP WIDTH="20" VPOS="302" HPOS="1070"/>
							<String ID="string_16" HPOS="1090" VPOS="305" WIDTH="133" HEIGHT="27" WC="0.96" CONTENT="statens"/><SP WIDTH="17" VPOS="305" HPOS="1223"/>
							<String ID="string_17" HPOS="1240" VPOS="303" WIDTH="184" HEIGHT="31" WC="0.96" CONTENT="kommitté"/><SP WIDTH="21" VPOS="303" HPOS="1424"/>
							<String ID="string_18" HPOS="1445" VPOS="304" WIDTH="52" HEIGHT="30" WC="0.93" CONTENT="för"/><SP WIDTH="20" VPOS="304" HPOS="1497"/>
							<String ID="string_19" HPOS="1517" VPOS="304" WIDTH="219" HEIGHT="39" WC="0.91" CONTENT="sinnessjuk-"/>
						</TextLine>
						<TextLine ID="line_3" HPOS="249" VPOS="351" WIDTH="395" HEIGHT="41">
							<String ID="string_20" HPOS="249" VPOS="351" WIDTH="147" HEIGHT="30" WC="0.93" CONTENT="vårdens"/><SP WIDTH="18" VPOS="351" HPOS="396"/>
							<String ID="string_21" HPOS="414" VPOS="352" WIDTH="230" HEIGHT="40" WC="0.90" CONTENT="utbyggande."/>
						</TextLine>
					</TextBlock>
				</ComposedBlock>
				<ComposedBlock ID="cblock_2" HPOS="894" VPOS="485" WIDTH="203" HEIGHT="35">
					<TextBlock ID="block_2" HPOS="894" VPOS="485" WIDTH="203" HEIGHT="35">
						<TextLine ID="line_4" HPOS="894" VPOS="485" WIDTH="203" HEIGHT="35">
							<String ID="string_22" HPOS="894" VPOS="485" WIDTH="203" HEIGHT="35" WC="0.95" CONTENT="Utskottet."/>
						</TextLine>
					</TextBlock>
				</ComposedBlock>
				<ComposedBlock ID="cblock_3" HPOS="243" VPOS="568" WIDTH="1493" HEIGHT="1961">
					<TextBlock ID="block_3" HPOS="246" VPOS="568" WIDTH="1490" HEIGHT="946">
						<TextLine ID="line_5" HPOS="293" VPOS="568" WIDTH="1443" HEIGHT="42">
							<String ID="string_23" HPOS="293" VPOS="568" WIDTH="121" HEIGHT="29" WC="0.95" CONTENT="Såsom"/><SP WIDTH="43" VPOS="568" HPOS="414"/>
							<String ID="string_24" HPOS="457" VPOS="568" WIDTH="153" HEIGHT="40" WC="0.95" CONTENT="framgår"/><SP WIDTH="43" VPOS="568" HPOS="610"/>
							<String ID="string_25" HPOS="653" VPOS="579" WIDTH="41" HEIGHT="19" WC="0.96" CONTENT="av"/><SP WIDTH="30" VPOS="579" HPOS="694"/>
							<String ID="string_26" HPOS="724" VPOS="570" WIDTH="66" HEIGHT="29" WC="0.96" CONTENT="den"/><SP WIDTH="30" VPOS="570" HPOS="790"/>
							<String ID="string_27" HPOS="820" VPOS="570" WIDTH="162" HEIGHT="29" WC="0.96" CONTENT="lämnade"/><SP WIDTH="31" VPOS="570" HPOS="982"/>
							<String ID="string_28" HPOS="1013" VPOS="570" WIDTH="241" HEIGHT="39" WC="0.96" CONTENT="redogörelsen"/><SP WIDTH="31" VPOS="570" HPOS="1254"/>
							<String ID="string_29" HPOS="1285" VPOS="570" WIDTH="146" HEIGHT="30" WC="0.93" CONTENT="innebär"/><SP WIDTH="30" VPOS="570" HPOS="1431"/>
							<String ID="string_30" HPOS="1461" VPOS="571" WIDTH="275" HEIGHT="39" WC="0.92" CONTENT="departements-"/>
						</TextLine>
						<TextLine ID="line_6" HPOS="250" VPOS="621" WIDTH="1486" HEIGHT="42">
							<String ID="string_31" HPOS="250" VPOS="621" WIDTH="141" HEIGHT="30" WC="0.96" CONTENT="chefens"/><SP WIDTH="22" VPOS="621" HPOS="391"/>
							<String ID="string_32" HPOS="413" VPOS="621" WIDTH="128" HEIGHT="40" WC="0.96" CONTENT="förslag"/><SP WIDTH="20" VPOS="621" HPOS="541"/>
							<String ID="string_33" HPOS="561" VPOS="622" WIDTH="45" HEIGHT="30" WC="0.93" CONTENT="bl."/><SP WIDTH="21" VPOS="622" HPOS="606"/>
							<String ID="string_34" HPOS="627" VPOS="632" WIDTH="40" HEIGHT="24" WC="0.91" CONTENT="a.,"/><SP WIDTH="22" VPOS="632" HPOS="667"/>
							<String ID="string_35" HPOS="689" VPOS="624" WIDTH="50" HEIGHT="28" WC="0.96" CONTENT="att"/><SP WIDTH="21" VPOS="624" HPOS="739"/>
							<String ID="string_36" HPOS="760" VPOS="623" WIDTH="38" HEIGHT="29" WC="0.96" CONTENT="12"/><SP WIDTH="22" VPOS="623" HPOS="798"/>
							<String ID="string_37" HPOS="820" VPOS="632" WIDTH="68" HEIGHT="30" WC="0.92" CONTENT="nya"/><SP WIDTH="19" VPOS="632" HPOS="888"/>
							<String ID="string_38" HPOS="907" VPOS="622" WIDTH="305" HEIGHT="40" WC="0.91" CONTENT="vårdpaviljonger"/><SP WIDTH="22" VPOS="622" HPOS="1212"/>
							<String ID="string_39" HPOS="1234" VPOS="623" WIDTH="87" HEIGHT="29" WC="0.96" CONTENT="skall"/><SP WIDTH="22" VPOS="623" HPOS="1321"/>
							<String ID="string_40" HPOS="1343" VPOS="623" WIDTH="168" HEIGHT="40" WC="0.96" CONTENT="uppföras"/><SP WIDTH="20" VPOS="623" HPOS="1511"/>
							<String ID="string_41" HPOS="1531" VPOS="624" WIDTH="64" HEIGHT="29" WC="0.96" CONTENT="och"/><SP WIDTH="23" VPOS="624" HPOS="1595"/>
							<String ID="string_42" HPOS="1618" VPOS="633" WIDTH="43" HEIGHT="20" WC="0.93" CONTENT="en"/><SP WIDTH="19" VPOS="633" HPOS="1661"/>
							<String ID="string_43" HPOS="1680" VPOS="624" WIDTH="56" HEIGHT="29" WC="0.91" CONTENT="be-"/>
						</TextLine>
						<TextLine ID="line_7" HPOS="249" VPOS="674" WIDTH="1484" HEIGHT="41">
							<String ID="string_44" HPOS="249" VPOS="674" WIDTH="113" HEIGHT="39" WC="0.91" CONTENT="fintlig"/><SP WIDTH="23" VPOS="674" HPOS="362"/>
							<String ID="string_45" HPOS="385" VPOS="675" WIDTH="198" HEIGHT="39" WC="0.91" CONTENT="ombyggas,"/><SP WIDTH="24" VPOS="675" HPOS="583"/>
							<String ID="string_46" HPOS="607" VPOS="675" WIDTH="200" HEIGHT="39" WC="0.96" CONTENT="varigenom"/><SP WIDTH="23" VPOS="675" HPOS="807"/>
							<String ID="string_47" HPOS="830" VPOS="676" WIDTH="132" HEIGHT="29" WC="0.95" CONTENT="antalet"/><SP WIDTH="21" VPOS="676" HPOS="962"/>
							<String ID="string_48" HPOS="983" VPOS="676" WIDTH="218" HEIGHT="39" WC="0.96" CONTENT="vårdplatser"/><SP WIDTH="23" VPOS="676" HPOS="1201"/>
							<String ID="string_49" HPOS="1224" VPOS="676" WIDTH="56" HEIGHT="29" WC="0.96" CONTENT="vid"/><SP WIDTH="24" VPOS="676" HPOS="1280"/>
							<String ID="string_50" HPOS="1304" VPOS="679" WIDTH="133" HEIGHT="27" WC="0.96" CONTENT="statens"/><SP WIDTH="23" VPOS="679" HPOS="1437"/>
							<String ID="string_51" HPOS="1460" VPOS="677" WIDTH="273" HEIGHT="38" WC="0.96" CONTENT="sinnessjukhus"/>
						</TextLine>
						<TextLine ID="line_8" HPOS="248" VPOS="728" WIDTH="1486" HEIGHT="40">
							<String ID="string_52" HPOS="248" VPOS="728" WIDTH="159" HEIGHT="29" WC="0.96" CONTENT="kommer"/><SP WIDTH="25" VPOS="728" HPOS="407"/>
							<String ID="string_53" HPOS="432" VPOS="730" WIDTH="49" HEIGHT="28" WC="0.96" CONTENT="att"/><SP WIDTH="25" VPOS="730" HPOS="481"/>
							<String ID="string_54" HPOS="506" VPOS="729" WIDTH="85" HEIGHT="29" WC="0.96" CONTENT="ökas"/><SP WIDTH="26" VPOS="729" HPOS="591"/>
							<String ID="string_55" HPOS="617" VPOS="729" WIDTH="79" HEIGHT="29" WC="0.96" CONTENT="med"/><SP WIDTH="26" VPOS="729" HPOS="696"/>
							<String ID="string_56" HPOS="722" VPOS="729" WIDTH="72" HEIGHT="29" WC="0.95" CONTENT="668."/><SP WIDTH="27" VPOS="729" HPOS="794"/>
							<String ID="string_57" HPOS="821" VPOS="729" WIDTH="184" HEIGHT="39" WC="0.96" CONTENT="Samtidigt"/><SP WIDTH="26" VPOS="729" HPOS="1005"/>
							<String ID="string_58" HPOS="1031" VPOS="738" WIDTH="75" HEIGHT="21" WC="0.96" CONTENT="som"/><SP WIDTH="26" VPOS="738" HPOS="1106"/>
							<String ID="string_59" HPOS="1132" VPOS="729" WIDTH="169" HEIGHT="30" WC="0.96" CONTENT="utskottet"/><SP WIDTH="25" VPOS="729" HPOS="1301"/>
							<String ID="string_60" HPOS="1326" VPOS="730" WIDTH="80" HEIGHT="29" WC="0.91" CONTENT="med"/><SP WIDTH="24" VPOS="730" HPOS="1406"/>
							<String ID="string_61" HPOS="1430" VPOS="730" WIDTH="304" HEIGHT="30" WC="0.91" CONTENT="tillfredsställelse"/>
						</TextLine>
						<TextLine ID="line_9" HPOS="247" VPOS="780" WIDTH="1486" HEIGHT="42">
							<String ID="string_62" HPOS="247" VPOS="780" WIDTH="232" HEIGHT="35" WC="0.96" CONTENT="konstaterar,"/><SP WIDTH="24" VPOS="780" HPOS="479"/>
							<String ID="string_63" HPOS="503" VPOS="784" WIDTH="50" HEIGHT="27" WC="0.95" CONTENT="att"/><SP WIDTH="23" VPOS="784" HPOS="553"/>
							<String ID="string_64" HPOS="576" VPOS="782" WIDTH="69" HEIGHT="29" WC="0.96" CONTENT="den"/><SP WIDTH="23" VPOS="782" HPOS="645"/>
							<String ID="string_65" HPOS="668" VPOS="782" WIDTH="220" HEIGHT="39" WC="0.95" CONTENT="nödvändiga"/><SP WIDTH="25" VPOS="782" HPOS="888"/>
							<String ID="string_66" HPOS="913" VPOS="783" WIDTH="282" HEIGHT="38" WC="0.96" CONTENT="upprustningen"/><SP WIDTH="23" VPOS="783" HPOS="1195"/>
							<String ID="string_67" HPOS="1218" VPOS="792" WIDTH="39" HEIGHT="21" WC="0.96" CONTENT="av"/><SP WIDTH="24" VPOS="792" HPOS="1257"/>
							<String ID="string_68" HPOS="1281" VPOS="783" WIDTH="365" HEIGHT="39" WC="0.96" CONTENT="ekonomibyggnader"/><SP WIDTH="23" VPOS="783" HPOS="1646"/>
							<String ID="string_69" HPOS="1669" VPOS="783" WIDTH="64" HEIGHT="29" WC="0.96" CONTENT="och"/>
						</TextLine>
						<TextLine ID="line_10" HPOS="250" VPOS="834" WIDTH="1485" HEIGHT="40">
							<String ID="string_70" HPOS="250" VPOS="834" WIDTH="436" HEIGHT="31" WC="0.91" CONTENT="administrationslokaler"/><SP WIDTH="31" VPOS="834" HPOS="686"/>
							<String ID="string_71" HPOS="717" VPOS="844" WIDTH="45" HEIGHT="20" WC="0.90" CONTENT="m."/><SP WIDTH="32" VPOS="844" HPOS="762"/>
							<String ID="string_72" HPOS="794" VPOS="845" WIDTH="45" HEIGHT="19" WC="0.91" CONTENT="m."/><SP WIDTH="34" VPOS="845" HPOS="839"/>
							<String ID="string_73" HPOS="873" VPOS="844" WIDTH="48" HEIGHT="20" WC="0.95" CONTENT="nu"/><SP WIDTH="31" VPOS="844" HPOS="921"/>
							<String ID="string_74" HPOS="952" VPOS="835" WIDTH="118" HEIGHT="39" WC="0.95" CONTENT="börjar"/><SP WIDTH="32" VPOS="835" HPOS="1070"/>
							<String ID="string_75" HPOS="1102" VPOS="836" WIDTH="118" HEIGHT="29" WC="0.96" CONTENT="lämna"/><SP WIDTH="33" VPOS="836" HPOS="1220"/>
							<String ID="string_76" HPOS="1253" VPOS="837" WIDTH="174" HEIGHT="37" WC="0.96" CONTENT="utrymme"/><SP WIDTH="33" VPOS="837" HPOS="1427"/>
							<String ID="string_77" HPOS="1460" VPOS="836" WIDTH="53" HEIGHT="29" WC="0.96" CONTENT="för"/><SP WIDTH="32" VPOS="836" HPOS="1513"/>
							<String ID="string_78" HPOS="1545" VPOS="846" WIDTH="44" HEIGHT="20" WC="0.96" CONTENT="en"/><SP WIDTH="32" VPOS="846" HPOS="1589"/>
							<String ID="string_79" HPOS="1621" VPOS="836" WIDTH="114" HEIGHT="30" WC="0.96" CONTENT="direkt"/>
						</TextLine>
						<TextLine ID="line_11" HPOS="248" VPOS="887" WIDTH="1486" HEIGHT="41">
							<String ID="string_80" HPOS="248" VPOS="887" WIDTH="147" HEIGHT="40" WC="0.96" CONTENT="höjning"/><SP WIDTH="22" VPOS="887" HPOS="395"/>
							<String ID="string_81" HPOS="417" VPOS="897" WIDTH="42" HEIGHT="20" WC="0.92" CONTENT="av"/><SP WIDTH="19" VPOS="897" HPOS="459"/>
							<String ID="string_82" HPOS="478" VPOS="888" WIDTH="318" HEIGHT="39" WC="0.92" CONTENT="vårdkapaciteten,"/><SP WIDTH="22" VPOS="888" HPOS="796"/>
							<String ID="string_83" HPOS="818" VPOS="888" WIDTH="117" HEIGHT="31" WC="0.96" CONTENT="finner"/><SP WIDTH="21" VPOS="888" HPOS="935"/>
							<String ID="string_84" HPOS="956" VPOS="889" WIDTH="170" HEIGHT="29" WC="0.96" CONTENT="utskottet"/><SP WIDTH="21" VPOS="889" HPOS="1126"/>
							<String ID="string_85" HPOS="1147" VPOS="889" WIDTH="58" HEIGHT="29" WC="0.96" CONTENT="det"/><SP WIDTH="20" VPOS="889" HPOS="1205"/>
							<String ID="string_86" HPOS="1225" VPOS="890" WIDTH="104" HEIGHT="37" WC="0.96" CONTENT="ägnat"/><SP WIDTH="21" VPOS="890" HPOS="1329"/>
							<String ID="string_87" HPOS="1350" VPOS="891" WIDTH="51" HEIGHT="27" WC="0.96" CONTENT="att"/><SP WIDTH="20" VPOS="891" HPOS="1401"/>
							<String ID="string_88" HPOS="1421" VPOS="889" WIDTH="78" HEIGHT="39" WC="0.96" CONTENT="inge"/><SP WIDTH="20" VPOS="889" HPOS="1499"/>
							<String ID="string_89" HPOS="1519" VPOS="890" WIDTH="215" HEIGHT="38" WC="0.96" CONTENT="bekymmer,"/>
						</TextLine>
						<TextLine ID="line_12" HPOS="247" VPOS="941" WIDTH="1486" HEIGHT="40">
							<String ID="string_90" HPOS="247" VPOS="942" WIDTH="50" HEIGHT="28" WC="0.92" CONTENT="att"/><SP WIDTH="25" VPOS="942" HPOS="297"/>
							<String ID="string_91" HPOS="322" VPOS="941" WIDTH="388" HEIGHT="39" WC="0.90" CONTENT="departementschefen"/><SP WIDTH="25" VPOS="941" HPOS="710"/>
							<String ID="string_92" HPOS="735" VPOS="941" WIDTH="118" HEIGHT="30" WC="0.96" CONTENT="funnit"/><SP WIDTH="27" VPOS="941" HPOS="853"/>
							<String ID="string_93" HPOS="880" VPOS="941" WIDTH="51" HEIGHT="39" WC="0.93" CONTENT="sig"/><SP WIDTH="26" VPOS="941" HPOS="931"/>
							<String ID="string_94" HPOS="957" VPOS="941" WIDTH="181" HEIGHT="30" WC="0.92" CONTENT="nödsakad"/><SP WIDTH="28" VPOS="941" HPOS="1138"/>
							<String ID="string_95" HPOS="1166" VPOS="944" WIDTH="49" HEIGHT="27" WC="0.96" CONTENT="att"/><SP WIDTH="27" VPOS="944" HPOS="1215"/>
							<String ID="string_96" HPOS="1242" VPOS="941" WIDTH="150" HEIGHT="40" WC="0.96" CONTENT="uppföra"/><SP WIDTH="28" VPOS="941" HPOS="1392"/>
							<String ID="string_97" HPOS="1420" VPOS="942" WIDTH="150" HEIGHT="29" WC="0.96" CONTENT="flertalet"/><SP WIDTH="27" VPOS="942" HPOS="1570"/>
							<String ID="string_98" HPOS="1597" VPOS="951" WIDTH="42" HEIGHT="20" WC="0.93" CONTENT="av"/><SP WIDTH="28" VPOS="951" HPOS="1639"/>
							<String ID="string_99" HPOS="1667" VPOS="944" WIDTH="66" HEIGHT="27" WC="0.91" CONTENT="sta-"/>
						</TextLine>
						<TextLine ID="line_13" HPOS="247" VPOS="994" WIDTH="1487" HEIGHT="40">
							<String ID="string_100" HPOS="247" VPOS="995" WIDTH="75" HEIGHT="28" WC="0.96" CONTENT="tens"/><SP WIDTH="25" VPOS="995" HPOS="322"/>
							<String ID="string_101" HPOS="347" VPOS="994" WIDTH="184" HEIGHT="30" WC="0.96" CONTENT="kommitté"/><SP WIDTH="26" VPOS="994" HPOS="531"/>
							<String ID="string_102" HPOS="557" VPOS="994" WIDTH="55" HEIGHT="30" WC="0.93" CONTENT="för"/><SP WIDTH="27" VPOS="994" HPOS="612"/>
							<String ID="string_103" HPOS="639" VPOS="994" WIDTH="354" HEIGHT="39" WC="0.91" CONTENT="sinnessjukvårdens"/><SP WIDTH="26" VPOS="994" HPOS="993"/>
							<String ID="string_104" HPOS="1019" VPOS="995" WIDTH="220" HEIGHT="38" WC="0.91" CONTENT="utbyggande"/><SP WIDTH="26" VPOS="995" HPOS="1239"/>
							<String ID="string_105" HPOS="1265" VPOS="995" WIDTH="197" HEIGHT="39" WC="0.93" CONTENT="föreslagna"/><SP WIDTH="24" VPOS="995" HPOS="1462"/>
							<String ID="string_106" HPOS="1486" VPOS="995" WIDTH="248" HEIGHT="39" WC="0.90" CONTENT="bostadsbygg-"/>
						</TextLine>
						<TextLine ID="line_14" HPOS="247" VPOS="1047" WIDTH="1486" HEIGHT="40">
							<String ID="string_107" HPOS="247" VPOS="1047" WIDTH="224" HEIGHT="39" WC="0.90" CONTENT="nadsföretag"/><SP WIDTH="23" VPOS="1047" HPOS="471"/>
							<String ID="string_108" HPOS="494" VPOS="1048" WIDTH="44" HEIGHT="39" WC="0.93" CONTENT="på"/><SP WIDTH="24" VPOS="1048" HPOS="538"/>
							<String ID="string_109" HPOS="562" VPOS="1047" WIDTH="295" HEIGHT="39" WC="0.90" CONTENT="beredskapsstat."/><SP WIDTH="27" VPOS="1047" HPOS="857"/>
							<String ID="string_110" HPOS="884" VPOS="1048" WIDTH="121" HEIGHT="29" WC="0.95" CONTENT="Såsom"/><SP WIDTH="25" VPOS="1048" HPOS="1005"/>
							<String ID="string_111" HPOS="1030" VPOS="1048" WIDTH="172" HEIGHT="29" WC="0.96" CONTENT="utskottet"/><SP WIDTH="24" VPOS="1048" HPOS="1202"/>
							<String ID="string_112" HPOS="1226" VPOS="1048" WIDTH="10" HEIGHT="28" WC="0.96" CONTENT="i"/><SP WIDTH="24" VPOS="1048" HPOS="1236"/>
							<String ID="string_113" HPOS="1260" VPOS="1050" WIDTH="108" HEIGHT="27" WC="0.96" CONTENT="annat"/><SP WIDTH="26" VPOS="1050" HPOS="1368"/>
							<String ID="string_114" HPOS="1394" VPOS="1049" WIDTH="255" HEIGHT="38" WC="0.93" CONTENT="sammanhang"/><SP WIDTH="26" VPOS="1049" HPOS="1649"/>
							<String ID="string_115" HPOS="1675" VPOS="1057" WIDTH="58" HEIGHT="20" WC="0.92" CONTENT="an-"/>
						</TextLine>
						<TextLine ID="line_15" HPOS="248" VPOS="1100" WIDTH="1486" HEIGHT="40">
							<String ID="string_116" HPOS="248" VPOS="1101" WIDTH="66" HEIGHT="38" WC="0.92" CONTENT="tytt"/><SP WIDTH="18" VPOS="1101" HPOS="314"/>
							<String ID="string_117" HPOS="332" VPOS="1100" WIDTH="100" HEIGHT="29" WC="0.96" CONTENT="torde"/><SP WIDTH="20" VPOS="1100" HPOS="432"/>
							<String ID="string_118" HPOS="452" VPOS="1100" WIDTH="175" HEIGHT="39" WC="0.96" CONTENT="nämligen"/><SP WIDTH="20" VPOS="1100" HPOS="627"/>
							<String ID="string_119" HPOS="647" VPOS="1109" WIDTH="43" HEIGHT="21" WC="0.96" CONTENT="en"/><SP WIDTH="20" VPOS="1109" HPOS="690"/>
							<String ID="string_120" HPOS="710" VPOS="1109" WIDTH="41" HEIGHT="20" WC="0.93" CONTENT="av"/><SP WIDTH="19" VPOS="1109" HPOS="751"/>
							<String ID="string_121" HPOS="770" VPOS="1100" WIDTH="342" HEIGHT="40" WC="0.91" CONTENT="förutsättningarna"/><SP WIDTH="20" VPOS="1100" HPOS="1112"/>
							<String ID="string_122" HPOS="1132" VPOS="1101" WIDTH="55" HEIGHT="29" WC="0.93" CONTENT="för"/><SP WIDTH="21" VPOS="1101" HPOS="1187"/>
							<String ID="string_123" HPOS="1208" VPOS="1100" WIDTH="312" HEIGHT="31" WC="0.91" CONTENT="åstadkommande"/><SP WIDTH="21" VPOS="1100" HPOS="1520"/>
							<String ID="string_124" HPOS="1541" VPOS="1111" WIDTH="43" HEIGHT="20" WC="0.96" CONTENT="av"/><SP WIDTH="19" VPOS="1111" HPOS="1584"/>
							<String ID="string_125" HPOS="1603" VPOS="1111" WIDTH="44" HEIGHT="20" WC="0.93" CONTENT="en"/><SP WIDTH="21" VPOS="1111" HPOS="1647"/>
							<String ID="string_126" HPOS="1668" VPOS="1102" WIDTH="66" HEIGHT="29" WC="0.92" CONTENT="till-"/>
						</TextLine>
						<TextLine ID="line_16" HPOS="248" VPOS="1152" WIDTH="1486" HEIGHT="41">
							<String ID="string_127" HPOS="248" VPOS="1152" WIDTH="268" HEIGHT="31" WC="0.92" CONTENT="fredsställande"/><SP WIDTH="21" VPOS="1152" HPOS="516"/>
							<String ID="string_128" HPOS="537" VPOS="1154" WIDTH="333" HEIGHT="39" WC="0.92" CONTENT="personalsituation"/><SP WIDTH="21" VPOS="1154" HPOS="870"/>
							<String ID="string_129" HPOS="891" VPOS="1154" WIDTH="58" HEIGHT="29" WC="0.93" CONTENT="vid"/><SP WIDTH="23" VPOS="1154" HPOS="949"/>
							<String ID="string_130" HPOS="972" VPOS="1154" WIDTH="318" HEIGHT="39" WC="0.92" CONTENT="sinnessjukhusen"/><SP WIDTH="21" VPOS="1154" HPOS="1290"/>
							<String ID="string_131" HPOS="1311" VPOS="1164" WIDTH="84" HEIGHT="20" WC="0.96" CONTENT="vara"/><SP WIDTH="22" VPOS="1164" HPOS="1395"/>
							<String ID="string_132" HPOS="1417" VPOS="1157" WIDTH="50" HEIGHT="27" WC="0.96" CONTENT="att"/><SP WIDTH="20" VPOS="1157" HPOS="1467"/>
							<String ID="string_133" HPOS="1487" VPOS="1155" WIDTH="184" HEIGHT="29" WC="0.95" CONTENT="beståndet"/><SP WIDTH="22" VPOS="1155" HPOS="1671"/>
							<String ID="string_134" HPOS="1693" VPOS="1164" WIDTH="41" HEIGHT="20" WC="0.96" CONTENT="av"/>
						</TextLine>
						<TextLine ID="line_17" HPOS="247" VPOS="1206" WIDTH="1487" HEIGHT="41">
							<String ID="string_135" HPOS="247" VPOS="1206" WIDTH="162" HEIGHT="30" WC="0.96" CONTENT="bostäder"/><SP WIDTH="22" VPOS="1206" HPOS="409"/>
							<String ID="string_136" HPOS="431" VPOS="1206" WIDTH="54" HEIGHT="30" WC="0.96" CONTENT="för"/><SP WIDTH="22" VPOS="1206" HPOS="485"/>
							<String ID="string_137" HPOS="507" VPOS="1207" WIDTH="207" HEIGHT="39" WC="0.96" CONTENT="personalen"/><SP WIDTH="22" VPOS="1207" HPOS="714"/>
							<String ID="string_138" HPOS="736" VPOS="1207" WIDTH="85" HEIGHT="30" WC="0.96" CONTENT="ökas"/><SP WIDTH="23" VPOS="1207" HPOS="821"/>
							<String ID="string_139" HPOS="844" VPOS="1208" WIDTH="65" HEIGHT="29" WC="0.96" CONTENT="och"/><SP WIDTH="22" VPOS="1208" HPOS="909"/>
							<String ID="string_140" HPOS="931" VPOS="1208" WIDTH="197" HEIGHT="29" WC="0.92" CONTENT="kvalitativt"/><SP WIDTH="22" VPOS="1208" HPOS="1128"/>
							<String ID="string_141" HPOS="1150" VPOS="1208" WIDTH="110" HEIGHT="39" WC="0.92" CONTENT="höjes."/><SP WIDTH="23" VPOS="1208" HPOS="1260"/>
							<String ID="string_142" HPOS="1283" VPOS="1208" WIDTH="187" HEIGHT="34" WC="0.95" CONTENT="Utskottet,"/><SP WIDTH="23" VPOS="1208" HPOS="1470"/>
							<String ID="string_143" HPOS="1493" VPOS="1217" WIDTH="75" HEIGHT="21" WC="0.92" CONTENT="som"/><SP WIDTH="22" VPOS="1217" HPOS="1568"/>
							<String ID="string_144" HPOS="1590" VPOS="1209" WIDTH="144" HEIGHT="38" WC="0.91" CONTENT="tillstyr-"/>
						</TextLine>
						<TextLine ID="line_18" HPOS="247" VPOS="1259" WIDTH="1487" HEIGHT="42">
							<String ID="string_145" HPOS="247" VPOS="1259" WIDTH="61" HEIGHT="30" WC="0.96" CONTENT="ker"/><SP WIDTH="15" VPOS="1259" HPOS="308"/>
							<String ID="string_146" HPOS="323" VPOS="1259" WIDTH="127" HEIGHT="40" WC="0.94" CONTENT="Kungl."/><SP WIDTH="17" VPOS="1259" HPOS="450"/>
							<String ID="string_147" HPOS="467" VPOS="1260" WIDTH="123" HEIGHT="39" WC="0.96" CONTENT="Maj:ts"/><SP WIDTH="16" VPOS="1260" HPOS="590"/>
							<String ID="string_148" HPOS="606" VPOS="1260" WIDTH="131" HEIGHT="40" WC="0.96" CONTENT="förslag"/><SP WIDTH="16" VPOS="1260" HPOS="737"/>
							<String ID="string_149" HPOS="753" VPOS="1261" WIDTH="10" HEIGHT="29" WC="0.96" CONTENT="i"/><SP WIDTH="17" VPOS="1261" HPOS="763"/>
							<String ID="string_150" HPOS="780" VPOS="1261" WIDTH="116" HEIGHT="29" WC="0.96" CONTENT="denna"/><SP WIDTH="16" VPOS="1261" HPOS="896"/>
							<String ID="string_151" HPOS="912" VPOS="1261" WIDTH="65" HEIGHT="34" WC="0.96" CONTENT="del,"/><SP WIDTH="15" VPOS="1261" HPOS="977"/>
							<String ID="string_152" HPOS="992" VPOS="1261" WIDTH="60" HEIGHT="30" WC="0.95" CONTENT="vill"/><SP WIDTH="17" VPOS="1261" HPOS="1052"/>
							<String ID="string_153" HPOS="1069" VPOS="1261" WIDTH="81" HEIGHT="30" WC="0.96" CONTENT="med"/><SP WIDTH="16" VPOS="1261" HPOS="1150"/>
							<String ID="string_154" HPOS="1166" VPOS="1262" WIDTH="137" HEIGHT="39" WC="0.96" CONTENT="hänsyn"/><SP WIDTH="15" VPOS="1262" HPOS="1303"/>
							<String ID="string_155" HPOS="1318" VPOS="1261" WIDTH="53" HEIGHT="30" WC="0.96" CONTENT="till"/><SP WIDTH="16" VPOS="1261" HPOS="1371"/>
							<String ID="string_156" HPOS="1387" VPOS="1262" WIDTH="58" HEIGHT="29" WC="0.96" CONTENT="det"/><SP WIDTH="17" VPOS="1262" HPOS="1445"/>
							<String ID="string_157" HPOS="1462" VPOS="1262" WIDTH="148" HEIGHT="29" WC="0.92" CONTENT="anförda"/><SP WIDTH="18" VPOS="1262" HPOS="1610"/>
							<String ID="string_158" HPOS="1628" VPOS="1262" WIDTH="106" HEIGHT="29" WC="0.92" CONTENT="fram-"/>
						</TextLine>
						<TextLine ID="line_19" HPOS="246" VPOS="1312" WIDTH="1487" HEIGHT="33">
							<String ID="string_159" HPOS="246" VPOS="1312" WIDTH="91" HEIGHT="30" WC="0.93" CONTENT="hålla"/><SP WIDTH="28" VPOS="1312" HPOS="337"/>
							<String ID="string_160" HPOS="365" VPOS="1313" WIDTH="282" HEIGHT="30" WC="0.90" CONTENT="önskvärdheten"/><SP WIDTH="27" VPOS="1313" HPOS="647"/>
							<String ID="string_161" HPOS="674" VPOS="1323" WIDTH="42" HEIGHT="20" WC="0.96" CONTENT="av"/><SP WIDTH="24" VPOS="1323" HPOS="716"/>
							<String ID="string_162" HPOS="740" VPOS="1316" WIDTH="50" HEIGHT="27" WC="0.96" CONTENT="att"/><SP WIDTH="25" VPOS="1316" HPOS="790"/>
							<String ID="string_163" HPOS="815" VPOS="1314" WIDTH="229" HEIGHT="30" WC="0.96" CONTENT="kommitténs"/><SP WIDTH="28" VPOS="1314" HPOS="1044"/>
							<String ID="string_164" HPOS="1072" VPOS="1315" WIDTH="210" HEIGHT="29" WC="0.95" CONTENT="strävanden"/><SP WIDTH="25" VPOS="1315" HPOS="1282"/>
							<String ID="string_165" HPOS="1307" VPOS="1317" WIDTH="51" HEIGHT="27" WC="0.96" CONTENT="att"/><SP WIDTH="27" VPOS="1317" HPOS="1358"/>
							<String ID="string_166" HPOS="1385" VPOS="1315" WIDTH="161" HEIGHT="30" WC="0.96" CONTENT="förvärva"/><SP WIDTH="24" VPOS="1315" HPOS="1546"/>
							<String ID="string_167" HPOS="1570" VPOS="1315" WIDTH="163" HEIGHT="30" WC="0.95" CONTENT="bostäder"/>
						</TextLine>
						<TextLine ID="line_20" HPOS="247" VPOS="1365" WIDTH="1485" HEIGHT="43">
							<String ID="string_168" HPOS="247" VPOS="1365" WIDTH="35" HEIGHT="30" WC="0.93" CONTENT="åt"/><SP WIDTH="15" VPOS="1365" HPOS="282"/>
							<String ID="string_169" HPOS="297" VPOS="1366" WIDTH="337" HEIGHT="39" WC="0.91" CONTENT="sinnessjukhusens"/><SP WIDTH="16" VPOS="1366" HPOS="634"/>
							<String ID="string_170" HPOS="650" VPOS="1368" WIDTH="160" HEIGHT="39" WC="0.94" CONTENT="personal"/><SP WIDTH="16" VPOS="1368" HPOS="810"/>
							<String ID="string_171" HPOS="826" VPOS="1368" WIDTH="11" HEIGHT="29" WC="0.94" CONTENT="i"/><SP WIDTH="16" VPOS="1368" HPOS="837"/>
							<String ID="string_172" HPOS="853" VPOS="1368" WIDTH="68" HEIGHT="29" WC="0.96" CONTENT="den"/><SP WIDTH="16" VPOS="1368" HPOS="921"/>
							<String ID="string_173" HPOS="937" VPOS="1369" WIDTH="115" HEIGHT="39" WC="0.96" CONTENT="öppna"/><SP WIDTH="14" VPOS="1369" HPOS="1052"/>
							<String ID="string_174" HPOS="1066" VPOS="1369" WIDTH="364" HEIGHT="29" WC="0.93" CONTENT="bostadsmarknaden"/><SP WIDTH="16" VPOS="1369" HPOS="1430"/>
							<String ID="string_175" HPOS="1446" VPOS="1368" WIDTH="180" HEIGHT="30" WC="0.92" CONTENT="fortsättes"/><SP WIDTH="17" VPOS="1368" HPOS="1626"/>
							<String ID="string_176" HPOS="1643" VPOS="1371" WIDTH="89" HEIGHT="27" WC="0.95" CONTENT="samt"/>
						</TextLine>
						<TextLine ID="line_21" HPOS="247" VPOS="1419" WIDTH="1485" HEIGHT="42">
							<String ID="string_177" HPOS="247" VPOS="1420" WIDTH="49" HEIGHT="28" WC="0.92" CONTENT="att"/><SP WIDTH="17" VPOS="1420" HPOS="296"/>
							<String ID="string_178" HPOS="313" VPOS="1419" WIDTH="343" HEIGHT="39" WC="0.88" CONTENT="tjänstebostäderna"/><SP WIDTH="19" VPOS="1419" HPOS="656"/>
							<String ID="string_179" HPOS="675" VPOS="1421" WIDTH="50" HEIGHT="29" WC="0.96" CONTENT="till"/><SP WIDTH="17" VPOS="1421" HPOS="725"/>
							<String ID="string_180" HPOS="742" VPOS="1423" WIDTH="48" HEIGHT="28" WC="0.95" CONTENT="ett"/><SP WIDTH="17" VPOS="1423" HPOS="790"/>
							<String ID="string_181" HPOS="807" VPOS="1421" WIDTH="212" HEIGHT="30" WC="0.95" CONTENT="kommande"/><SP WIDTH="17" VPOS="1421" HPOS="1019"/>
							<String ID="string_182" HPOS="1036" VPOS="1422" WIDTH="170" HEIGHT="39" WC="0.96" CONTENT="budgetår"/><SP WIDTH="17" VPOS="1422" HPOS="1206"/>
							<String ID="string_183" HPOS="1223" VPOS="1422" WIDTH="122" HEIGHT="30" WC="0.96" CONTENT="bereds"/><SP WIDTH="17" VPOS="1422" HPOS="1345"/>
							<String ID="string_184" HPOS="1362" VPOS="1424" WIDTH="49" HEIGHT="28" WC="0.96" CONTENT="ett"/><SP WIDTH="19" VPOS="1424" HPOS="1411"/>
							<String ID="string_185" HPOS="1430" VPOS="1423" WIDTH="108" HEIGHT="29" WC="0.96" CONTENT="större"/><SP WIDTH="19" VPOS="1423" HPOS="1538"/>
							<String ID="string_186" HPOS="1557" VPOS="1424" WIDTH="175" HEIGHT="37" WC="0.96" CONTENT="utrymme"/>
						</TextLine>
						<TextLine ID="line_22" HPOS="246" VPOS="1465" WIDTH="1009" HEIGHT="49">
							<String ID="string_187" HPOS="246" VPOS="1472" WIDTH="11" HEIGHT="28" WC="0.96" CONTENT="i"/><SP WIDTH="18" VPOS="1472" HPOS="257"/>
							<String ID="string_188" HPOS="275" VPOS="1472" WIDTH="56" HEIGHT="29" WC="0.96" CONTENT="det"/><SP WIDTH="18" VPOS="1472" HPOS="331"/>
							<String ID="string_189" HPOS="349" VPOS="1472" WIDTH="110" HEIGHT="30" WC="0.93" CONTENT="totala"/><SP WIDTH="17" VPOS="1472" HPOS="459"/>
							<String ID="string_190" HPOS="476" VPOS="1473" WIDTH="417" HEIGHT="40" WC="0.91" CONTENT="byggnadsprogrammet"/><SP WIDTH="19" VPOS="1473" HPOS="893"/>
							<String ID="string_191" HPOS="912" VPOS="1476" WIDTH="44" HEIGHT="28" WC="0.96" CONTENT="än"/><SP WIDTH="18" VPOS="1476" HPOS="956"/>
							<String ID="string_192" HPOS="974" VPOS="1475" WIDTH="11" HEIGHT="29" WC="0.96" CONTENT="i"/><SP WIDTH="18" VPOS="1475" HPOS="985"/>
							<String ID="string_193" HPOS="1003" VPOS="1475" WIDTH="94" HEIGHT="30" WC="0.95" CONTENT="årets"/><SP WIDTH="19" VPOS="1475" HPOS="1097"/>
							<String ID="string_194" HPOS="1116" VPOS="1465" WIDTH="139" HEIGHT="49" WC="0.96" CONTENT="förslag."/>
						</TextLine>
					</TextBlock>
					<TextBlock ID="block_4" HPOS="246" VPOS="1528" WIDTH="1486" HEIGHT="93">
						<TextLine ID="line_23" HPOS="290" VPOS="1528" WIDTH="1442" HEIGHT="40">
							<String ID="string_195" HPOS="290" VPOS="1528" WIDTH="73" HEIGHT="29" WC="0.96" CONTENT="Vad"/><SP WIDTH="21" VPOS="1528" HPOS="363"/>
							<String ID="string_196" HPOS="384" VPOS="1528" WIDTH="108" HEIGHT="39" WC="0.95" CONTENT="angår"/><SP WIDTH="19" VPOS="1528" HPOS="492"/>
							<String ID="string_197" HPOS="511" VPOS="1528" WIDTH="41" HEIGHT="30" WC="0.96" CONTENT="de"/><SP WIDTH="21" VPOS="1528" HPOS="552"/>
							<String ID="string_198" HPOS="573" VPOS="1528" WIDTH="173" HEIGHT="29" WC="0.96" CONTENT="särskilda"/><SP WIDTH="18" VPOS="1528" HPOS="746"/>
							<String ID="string_199" HPOS="764" VPOS="1528" WIDTH="11" HEIGHT="29" WC="0.96" CONTENT="i"/><SP WIDTH="19" VPOS="1528" HPOS="775"/>
							<String ID="string_200" HPOS="794" VPOS="1528" WIDTH="263" HEIGHT="40" WC="0.96" CONTENT="propositionen"/><SP WIDTH="19" VPOS="1528" HPOS="1057"/>
							<String ID="string_201" HPOS="1076" VPOS="1529" WIDTH="65" HEIGHT="29" WC="0.96" CONTENT="och"/><SP WIDTH="21" VPOS="1529" HPOS="1141"/>
							<String ID="string_202" HPOS="1162" VPOS="1529" WIDTH="218" HEIGHT="29" WC="0.96" CONTENT="motionerna"/><SP WIDTH="20" VPOS="1529" HPOS="1380"/>
							<String ID="string_203" HPOS="1400" VPOS="1529" WIDTH="146" HEIGHT="30" WC="0.96" CONTENT="berörda"/><SP WIDTH="21" VPOS="1529" HPOS="1546"/>
							<String ID="string_204" HPOS="1567" VPOS="1529" WIDTH="165" HEIGHT="39" WC="0.96" CONTENT="frågorna"/>
						</TextLine>
						<TextLine ID="line_24" HPOS="246" VPOS="1581" WIDTH="582" HEIGHT="40">
							<String ID="string_205" HPOS="246" VPOS="1581" WIDTH="53" HEIGHT="30" WC="0.96" CONTENT="får"/><SP WIDTH="22" VPOS="1581" HPOS="299"/>
							<String ID="string_206" HPOS="321" VPOS="1582" WIDTH="172" HEIGHT="29" WC="0.96" CONTENT="utskottet"/><SP WIDTH="21" VPOS="1582" HPOS="493"/>
							<String ID="string_207" HPOS="514" VPOS="1581" WIDTH="125" HEIGHT="30" WC="0.96" CONTENT="anföra"/><SP WIDTH="23" VPOS="1581" HPOS="639"/>
							<String ID="string_208" HPOS="662" VPOS="1581" WIDTH="166" HEIGHT="40" WC="0.96" CONTENT="följande."/>
						</TextLine>
					</TextBlock>
					<TextBlock ID="block_5" HPOS="243" VPOS="1629" WIDTH="1489" HEIGHT="900">
						<TextLine ID="line_25" HPOS="289" VPOS="1629" WIDTH="1442" HEIGHT="46">
							<String ID="string_209" HPOS="289" VPOS="1629" WIDTH="195" HEIGHT="38" WC="0.96" CONTENT="Utskottets"/><SP WIDTH="29" VPOS="1629" HPOS="484"/>
							<String ID="string_210" HPOS="513" VPOS="1637" WIDTH="258" HEIGHT="30" WC="0.96" CONTENT="vederbörande"/><SP WIDTH="30" VPOS="1637" HPOS="771"/>
							<String ID="string_211" HPOS="801" VPOS="1636" WIDTH="185" HEIGHT="39" WC="0.96" CONTENT="avdelning"/><SP WIDTH="29" VPOS="1636" HPOS="986"/>
							<String ID="string_212" HPOS="1015" VPOS="1636" WIDTH="63" HEIGHT="29" WC="0.96" CONTENT="har"/><SP WIDTH="29" VPOS="1636" HPOS="1078"/>
							<String ID="string_213" HPOS="1107" VPOS="1635" WIDTH="45" HEIGHT="40" WC="0.96" CONTENT="på"/><SP WIDTH="30" VPOS="1635" HPOS="1152"/>
							<String ID="string_214" HPOS="1182" VPOS="1638" WIDTH="53" HEIGHT="27" WC="0.96" CONTENT="ort"/><SP WIDTH="29" VPOS="1638" HPOS="1235"/>
							<String ID="string_215" HPOS="1264" VPOS="1636" WIDTH="64" HEIGHT="29" WC="0.96" CONTENT="och"/><SP WIDTH="31" VPOS="1636" HPOS="1328"/>
							<String ID="string_216" HPOS="1359" VPOS="1636" WIDTH="99" HEIGHT="29" WC="0.96" CONTENT="ställe"/><SP WIDTH="31" VPOS="1636" HPOS="1458"/>
							<String ID="string_217" HPOS="1489" VPOS="1636" WIDTH="157" HEIGHT="30" WC="0.96" CONTENT="studerat"/><SP WIDTH="29" VPOS="1636" HPOS="1646"/>
							<String ID="string_218" HPOS="1675" VPOS="1636" WIDTH="56" HEIGHT="29" WC="0.96" CONTENT="det"/>
						</TextLine>
						<TextLine ID="line_26" HPOS="246" VPOS="1689" WIDTH="1486" HEIGHT="40">
							<String ID="string_219" HPOS="246" VPOS="1691" WIDTH="255" HEIGHT="33" WC="0.96" CONTENT="markområde,"/><SP WIDTH="24" VPOS="1691" HPOS="501"/>
							<String ID="string_220" HPOS="525" VPOS="1700" WIDTH="74" HEIGHT="20" WC="0.96" CONTENT="som"/><SP WIDTH="24" VPOS="1700" HPOS="599"/>
							<String ID="string_221" HPOS="623" VPOS="1693" WIDTH="128" HEIGHT="27" WC="0.96" CONTENT="avsetts"/><SP WIDTH="24" VPOS="1693" HPOS="751"/>
							<String ID="string_222" HPOS="775" VPOS="1690" WIDTH="54" HEIGHT="30" WC="0.96" CONTENT="för"/><SP WIDTH="23" VPOS="1690" HPOS="829"/>
							<String ID="string_223" HPOS="852" VPOS="1689" WIDTH="218" HEIGHT="40" WC="0.96" CONTENT="uppförande"/><SP WIDTH="22" VPOS="1689" HPOS="1070"/>
							<String ID="string_224" HPOS="1092" VPOS="1698" WIDTH="43" HEIGHT="21" WC="0.96" CONTENT="av"/><SP WIDTH="24" VPOS="1698" HPOS="1135"/>
							<String ID="string_225" HPOS="1159" VPOS="1691" WIDTH="47" HEIGHT="27" WC="0.96" CONTENT="ett"/><SP WIDTH="22" VPOS="1691" HPOS="1206"/>
							<String ID="string_226" HPOS="1228" VPOS="1691" WIDTH="78" HEIGHT="37" WC="0.96" CONTENT="nytt"/><SP WIDTH="20" VPOS="1691" HPOS="1306"/>
							<String ID="string_227" HPOS="1326" VPOS="1689" WIDTH="274" HEIGHT="39" WC="0.96" CONTENT="sinnessjukhus"/><SP WIDTH="24" VPOS="1689" HPOS="1600"/>
							<String ID="string_228" HPOS="1624" VPOS="1690" WIDTH="11" HEIGHT="28" WC="0.93" CONTENT="i"/><SP WIDTH="20" VPOS="1690" HPOS="1635"/>
							<String ID="string_229" HPOS="1655" VPOS="1689" WIDTH="77" HEIGHT="30" WC="0.93" CONTENT="Fal-"/>
						</TextLine>
						<TextLine ID="line_27" HPOS="246" VPOS="1743" WIDTH="1486" HEIGHT="40">
							<String ID="string_230" HPOS="246" VPOS="1743" WIDTH="138" HEIGHT="39" WC="0.96" CONTENT="köping."/><SP WIDTH="23" VPOS="1743" HPOS="384"/>
							<String ID="string_231" HPOS="407" VPOS="1744" WIDTH="167" HEIGHT="30" WC="0.95" CONTENT="Området"/><SP WIDTH="21" VPOS="1744" HPOS="574"/>
							<String ID="string_232" HPOS="595" VPOS="1744" WIDTH="56" HEIGHT="29" WC="0.96" CONTENT="får"/><SP WIDTH="20" VPOS="1744" HPOS="651"/>
							<String ID="string_233" HPOS="671" VPOS="1744" WIDTH="103" HEIGHT="29" WC="0.96" CONTENT="såvitt"/><SP WIDTH="20" VPOS="1744" HPOS="774"/>
							<String ID="string_234" HPOS="794" VPOS="1744" WIDTH="172" HEIGHT="29" WC="0.96" CONTENT="utskottet"/><SP WIDTH="18" VPOS="1744" HPOS="966"/>
							<String ID="string_235" HPOS="984" VPOS="1743" WIDTH="71" HEIGHT="29" WC="0.96" CONTENT="kan"/><SP WIDTH="20" VPOS="1743" HPOS="1055"/>
							<String ID="string_236" HPOS="1075" VPOS="1743" WIDTH="104" HEIGHT="29" WC="0.95" CONTENT="döma"/><SP WIDTH="21" VPOS="1743" HPOS="1179"/>
							<String ID="string_237" HPOS="1200" VPOS="1751" WIDTH="101" HEIGHT="21" WC="0.96" CONTENT="anses"/><SP WIDTH="20" VPOS="1751" HPOS="1301"/>
							<String ID="string_238" HPOS="1321" VPOS="1743" WIDTH="56" HEIGHT="29" WC="0.96" CONTENT="väl"/><SP WIDTH="21" VPOS="1743" HPOS="1377"/>
							<String ID="string_239" HPOS="1398" VPOS="1743" WIDTH="132" HEIGHT="40" WC="0.96" CONTENT="lämpat"/><SP WIDTH="21" VPOS="1743" HPOS="1530"/>
							<String ID="string_240" HPOS="1551" VPOS="1743" WIDTH="54" HEIGHT="30" WC="0.93" CONTENT="för"/><SP WIDTH="22" VPOS="1743" HPOS="1605"/>
							<String ID="string_241" HPOS="1627" VPOS="1743" WIDTH="105" HEIGHT="29" WC="0.91" CONTENT="ända-"/>
						</TextLine>
						<TextLine ID="line_28" HPOS="245" VPOS="1796" WIDTH="1486" HEIGHT="41">
							<String ID="string_242" HPOS="245" VPOS="1797" WIDTH="115" HEIGHT="34" WC="0.96" CONTENT="målet,"/><SP WIDTH="26" VPOS="1797" HPOS="360"/>
							<String ID="string_243" HPOS="386" VPOS="1797" WIDTH="66" HEIGHT="30" WC="0.96" CONTENT="och"/><SP WIDTH="24" VPOS="1797" HPOS="452"/>
							<String ID="string_244" HPOS="476" VPOS="1797" WIDTH="108" HEIGHT="40" WC="0.96" CONTENT="priset"/><SP WIDTH="25" VPOS="1797" HPOS="584"/>
							<String ID="string_245" HPOS="609" VPOS="1797" WIDTH="55" HEIGHT="30" WC="0.96" CONTENT="för"/><SP WIDTH="25" VPOS="1797" HPOS="664"/>
							<String ID="string_246" HPOS="689" VPOS="1797" WIDTH="100" HEIGHT="29" WC="0.96" CONTENT="mark"/><SP WIDTH="26" VPOS="1797" HPOS="789"/>
							<String ID="string_247" HPOS="815" VPOS="1799" WIDTH="92" HEIGHT="27" WC="0.96" CONTENT="samt"/><SP WIDTH="25" VPOS="1799" HPOS="907"/>
							<String ID="string_248" HPOS="932" VPOS="1796" WIDTH="198" HEIGHT="40" WC="0.96" CONTENT="byggnader"/><SP WIDTH="26" VPOS="1796" HPOS="1130"/>
							<String ID="string_249" HPOS="1156" VPOS="1796" WIDTH="70" HEIGHT="29" WC="0.96" CONTENT="kan"/><SP WIDTH="25" VPOS="1796" HPOS="1226"/>
							<String ID="string_250" HPOS="1251" VPOS="1796" WIDTH="74" HEIGHT="30" WC="0.96" CONTENT="icke"/><SP WIDTH="27" VPOS="1796" HPOS="1325"/>
							<String ID="string_251" HPOS="1352" VPOS="1805" WIDTH="102" HEIGHT="21" WC="0.96" CONTENT="anses"/><SP WIDTH="26" VPOS="1805" HPOS="1454"/>
							<String ID="string_252" HPOS="1480" VPOS="1796" WIDTH="160" HEIGHT="39" WC="0.96" CONTENT="oskäligt."/><SP WIDTH="27" VPOS="1796" HPOS="1640"/>
							<String ID="string_253" HPOS="1667" VPOS="1796" WIDTH="64" HEIGHT="30" WC="0.96" CONTENT="Vid"/>
						</TextLine>
						<TextLine ID="line_29" HPOS="244" VPOS="1850" WIDTH="1487" HEIGHT="39">
							<String ID="string_254" HPOS="244" VPOS="1850" WIDTH="142" HEIGHT="30" WC="0.96" CONTENT="besöket"/><SP WIDTH="31" VPOS="1850" HPOS="386"/>
							<String ID="string_255" HPOS="417" VPOS="1850" WIDTH="199" HEIGHT="30" WC="0.96" CONTENT="förklarade"/><SP WIDTH="32" VPOS="1850" HPOS="616"/>
							<String ID="string_256" HPOS="648" VPOS="1860" WIDTH="82" HEIGHT="19" WC="0.96" CONTENT="man"/><SP WIDTH="30" VPOS="1860" HPOS="730"/>
							<String ID="string_257" HPOS="760" VPOS="1850" WIDTH="50" HEIGHT="39" WC="0.95" CONTENT="sig"/><SP WIDTH="32" VPOS="1850" HPOS="810"/>
							<String ID="string_258" HPOS="842" VPOS="1850" WIDTH="81" HEIGHT="29" WC="0.96" CONTENT="från"/><SP WIDTH="31" VPOS="1850" HPOS="923"/>
							<String ID="string_259" HPOS="954" VPOS="1850" WIDTH="140" HEIGHT="30" WC="0.95" CONTENT="stadens"/><SP WIDTH="32" VPOS="1850" HPOS="1094"/>
							<String ID="string_260" HPOS="1126" VPOS="1850" WIDTH="76" HEIGHT="30" WC="0.96" CONTENT="sida"/><SP WIDTH="29" VPOS="1850" HPOS="1202"/>
							<String ID="string_261" HPOS="1231" VPOS="1850" WIDTH="142" HEIGHT="39" WC="0.95" CONTENT="positivt"/><SP WIDTH="31" VPOS="1850" HPOS="1373"/>
							<String ID="string_262" HPOS="1404" VPOS="1850" WIDTH="141" HEIGHT="29" WC="0.95" CONTENT="inställd"/><SP WIDTH="31" VPOS="1850" HPOS="1545"/>
							<String ID="string_263" HPOS="1576" VPOS="1850" WIDTH="52" HEIGHT="29" WC="0.93" CONTENT="till"/><SP WIDTH="32" VPOS="1850" HPOS="1628"/>
							<String ID="string_264" HPOS="1660" VPOS="1859" WIDTH="71" HEIGHT="20" WC="0.92" CONTENT="om-"/>
						</TextLine>
						<TextLine ID="line_30" HPOS="244" VPOS="1902" WIDTH="1487" HEIGHT="41">
							<String ID="string_265" HPOS="244" VPOS="1903" WIDTH="171" HEIGHT="40" WC="0.96" CONTENT="prövning"/><SP WIDTH="24" VPOS="1903" HPOS="415"/>
							<String ID="string_266" HPOS="439" VPOS="1913" WIDTH="42" HEIGHT="20" WC="0.96" CONTENT="av"/><SP WIDTH="24" VPOS="1913" HPOS="481"/>
							<String ID="string_267" HPOS="505" VPOS="1903" WIDTH="124" HEIGHT="40" WC="0.96" CONTENT="frågan"/><SP WIDTH="24" VPOS="1903" HPOS="629"/>
							<String ID="string_268" HPOS="653" VPOS="1913" WIDTH="57" HEIGHT="20" WC="0.96" CONTENT="om"/><SP WIDTH="25" VPOS="1913" HPOS="710"/>
							<String ID="string_269" HPOS="735" VPOS="1903" WIDTH="239" HEIGHT="39" WC="0.95" CONTENT="ersättningen"/><SP WIDTH="25" VPOS="1903" HPOS="974"/>
							<String ID="string_270" HPOS="999" VPOS="1903" WIDTH="53" HEIGHT="30" WC="0.96" CONTENT="för"/><SP WIDTH="25" VPOS="1903" HPOS="1052"/>
							<String ID="string_271" HPOS="1077" VPOS="1905" WIDTH="49" HEIGHT="28" WC="0.96" CONTENT="ett"/><SP WIDTH="25" VPOS="1905" HPOS="1126"/>
							<String ID="string_272" HPOS="1151" VPOS="1902" WIDTH="236" HEIGHT="40" WC="0.96" CONTENT="reningsverk."/><SP WIDTH="26" VPOS="1902" HPOS="1387"/>
							<String ID="string_273" HPOS="1413" VPOS="1903" WIDTH="125" HEIGHT="29" WC="0.92" CONTENT="Vidare"/><SP WIDTH="25" VPOS="1903" HPOS="1538"/>
							<String ID="string_274" HPOS="1563" VPOS="1903" WIDTH="168" HEIGHT="29" WC="0.92" CONTENT="överläm-"/>
						</TextLine>
						<TextLine ID="line_31" HPOS="244" VPOS="1956" WIDTH="1486" HEIGHT="40">
							<String ID="string_275" HPOS="244" VPOS="1957" WIDTH="106" HEIGHT="29" WC="0.90" CONTENT="nades"/><SP WIDTH="29" VPOS="1957" HPOS="350"/>
							<String ID="string_276" HPOS="379" VPOS="1956" WIDTH="333" HEIGHT="40" WC="0.90" CONTENT="protokollsutdrag,"/><SP WIDTH="30" VPOS="1956" HPOS="712"/>
							<String ID="string_277" HPOS="742" VPOS="1956" WIDTH="182" HEIGHT="30" WC="0.92" CONTENT="utvisande"/><SP WIDTH="30" VPOS="1956" HPOS="924"/>
							<String ID="string_278" HPOS="954" VPOS="1958" WIDTH="51" HEIGHT="28" WC="0.96" CONTENT="att"/><SP WIDTH="30" VPOS="1958" HPOS="1005"/>
							<String ID="string_279" HPOS="1035" VPOS="1956" WIDTH="318" HEIGHT="39" WC="0.96" CONTENT="stadsfullmäktige"/><SP WIDTH="30" VPOS="1956" HPOS="1353"/>
							<String ID="string_280" HPOS="1383" VPOS="1956" WIDTH="151" HEIGHT="30" WC="0.96" CONTENT="beslutat"/><SP WIDTH="30" VPOS="1956" HPOS="1534"/>
							<String ID="string_281" HPOS="1564" VPOS="1956" WIDTH="166" HEIGHT="34" WC="0.96" CONTENT="förklara,"/>
						</TextLine>
						<TextLine ID="line_32" HPOS="244" VPOS="2010" WIDTH="1486" HEIGHT="39">
							<String ID="string_282" HPOS="244" VPOS="2012" WIDTH="50" HEIGHT="27" WC="0.96" CONTENT="att"/><SP WIDTH="17" VPOS="2012" HPOS="294"/>
							<String ID="string_283" HPOS="311" VPOS="2010" WIDTH="133" HEIGHT="34" WC="0.96" CONTENT="staden,"/><SP WIDTH="16" VPOS="2010" HPOS="444"/>
							<String ID="string_284" HPOS="460" VPOS="2010" WIDTH="11" HEIGHT="29" WC="0.96" CONTENT="i"/><SP WIDTH="16" VPOS="2010" HPOS="471"/>
							<String ID="string_285" HPOS="487" VPOS="2010" WIDTH="67" HEIGHT="30" WC="0.96" CONTENT="den"/><SP WIDTH="16" VPOS="2010" HPOS="554"/>
							<String ID="string_286" HPOS="570" VPOS="2010" WIDTH="84" HEIGHT="29" WC="0.95" CONTENT="mån"/><SP WIDTH="17" VPOS="2010" HPOS="654"/>
							<String ID="string_287" HPOS="671" VPOS="2010" WIDTH="137" HEIGHT="39" WC="0.95" CONTENT="statliga"/><SP WIDTH="16" VPOS="2010" HPOS="808"/>
							<String ID="string_288" HPOS="824" VPOS="2010" WIDTH="242" HEIGHT="29" WC="0.96" CONTENT="restriktioner"/><SP WIDTH="16" VPOS="2010" HPOS="1066"/>
							<String ID="string_289" HPOS="1082" VPOS="2010" WIDTH="45" HEIGHT="39" WC="0.93" CONTENT="på"/><SP WIDTH="16" VPOS="2010" HPOS="1127"/>
							<String ID="string_290" HPOS="1143" VPOS="2010" WIDTH="192" HEIGHT="39" WC="0.90" CONTENT="byggnads-"/><SP WIDTH="16" VPOS="2010" HPOS="1335"/>
							<String ID="string_291" HPOS="1351" VPOS="2010" WIDTH="65" HEIGHT="29" WC="0.93" CONTENT="och"/><SP WIDTH="17" VPOS="2010" HPOS="1416"/>
							<String ID="string_292" HPOS="1433" VPOS="2010" WIDTH="297" HEIGHT="29" WC="0.92" CONTENT="lånemarknaden"/>
						</TextLine>
						<TextLine ID="line_33" HPOS="244" VPOS="2063" WIDTH="1485" HEIGHT="39">
							<String ID="string_293" HPOS="244" VPOS="2063" WIDTH="120" HEIGHT="30" WC="0.96" CONTENT="härför"/><SP WIDTH="19" VPOS="2063" HPOS="364"/>
							<String ID="string_294" HPOS="383" VPOS="2063" WIDTH="76" HEIGHT="30" WC="0.96" CONTENT="icke"/><SP WIDTH="20" VPOS="2063" HPOS="459"/>
							<String ID="string_295" HPOS="479" VPOS="2063" WIDTH="75" HEIGHT="30" WC="0.96" CONTENT="lade"/><SP WIDTH="20" VPOS="2063" HPOS="554"/>
							<String ID="string_296" HPOS="574" VPOS="2063" WIDTH="125" HEIGHT="30" WC="0.96" CONTENT="hinder"/><SP WIDTH="19" VPOS="2063" HPOS="699"/>
							<String ID="string_297" HPOS="718" VPOS="2063" WIDTH="11" HEIGHT="29" WC="0.95" CONTENT="i"/><SP WIDTH="18" VPOS="2063" HPOS="729"/>
							<String ID="string_298" HPOS="747" VPOS="2064" WIDTH="120" HEIGHT="38" WC="0.93" CONTENT="vägen,"/><SP WIDTH="22" VPOS="2064" HPOS="867"/>
							<String ID="string_299" HPOS="889" VPOS="2063" WIDTH="130" HEIGHT="30" WC="0.93" CONTENT="utfäste"/><SP WIDTH="20" VPOS="2063" HPOS="1019"/>
							<String ID="string_300" HPOS="1039" VPOS="2063" WIDTH="50" HEIGHT="39" WC="0.97" CONTENT="sig"/><SP WIDTH="20" VPOS="2063" HPOS="1089"/>
							<String ID="string_301" HPOS="1109" VPOS="2065" WIDTH="50" HEIGHT="28" WC="0.96" CONTENT="att"/><SP WIDTH="21" VPOS="2065" HPOS="1159"/>
							<String ID="string_302" HPOS="1180" VPOS="2072" WIDTH="99" HEIGHT="20" WC="0.96" CONTENT="svara"/><SP WIDTH="19" VPOS="2072" HPOS="1279"/>
							<String ID="string_303" HPOS="1298" VPOS="2063" WIDTH="55" HEIGHT="30" WC="0.96" CONTENT="för"/><SP WIDTH="20" VPOS="2063" HPOS="1353"/>
							<String ID="string_304" HPOS="1373" VPOS="2065" WIDTH="50" HEIGHT="27" WC="0.96" CONTENT="att"/><SP WIDTH="18" VPOS="2065" HPOS="1423"/>
							<String ID="string_305" HPOS="1441" VPOS="2063" WIDTH="175" HEIGHT="39" WC="0.96" CONTENT="behövligt"/><SP WIDTH="19" VPOS="2063" HPOS="1616"/>
							<String ID="string_306" HPOS="1635" VPOS="2063" WIDTH="94" HEIGHT="30" WC="0.96" CONTENT="antal"/>
						</TextLine>
						<TextLine ID="line_34" HPOS="244" VPOS="2116" WIDTH="1486" HEIGHT="41">
							<String ID="string_307" HPOS="244" VPOS="2116" WIDTH="162" HEIGHT="30" WC="0.96" CONTENT="bostäder"/><SP WIDTH="21" VPOS="2116" HPOS="406"/>
							<String ID="string_308" HPOS="427" VPOS="2117" WIDTH="139" HEIGHT="29" WC="0.96" CONTENT="komme"/><SP WIDTH="23" VPOS="2117" HPOS="566"/>
							<String ID="string_309" HPOS="589" VPOS="2119" WIDTH="51" HEIGHT="27" WC="0.96" CONTENT="att"/><SP WIDTH="24" VPOS="2119" HPOS="640"/>
							<String ID="string_310" HPOS="664" VPOS="2116" WIDTH="167" HEIGHT="40" WC="0.96" CONTENT="uppföras"/><SP WIDTH="24" VPOS="2116" HPOS="831"/>
							<String ID="string_311" HPOS="855" VPOS="2117" WIDTH="55" HEIGHT="29" WC="0.96" CONTENT="för"/><SP WIDTH="23" VPOS="2117" HPOS="910"/>
							<String ID="string_312" HPOS="933" VPOS="2117" WIDTH="67" HEIGHT="29" WC="0.96" CONTENT="den"/><SP WIDTH="22" VPOS="2117" HPOS="1000"/>
							<String ID="string_313" HPOS="1022" VPOS="2117" WIDTH="173" HEIGHT="40" WC="0.96" CONTENT="personal,"/><SP WIDTH="24" VPOS="2117" HPOS="1195"/>
							<String ID="string_314" HPOS="1219" VPOS="2126" WIDTH="74" HEIGHT="20" WC="0.96" CONTENT="som"/><SP WIDTH="23" VPOS="2126" HPOS="1293"/>
							<String ID="string_315" HPOS="1316" VPOS="2117" WIDTH="30" HEIGHT="38" WC="0.93" CONTENT="ej"/><SP WIDTH="27" VPOS="2117" HPOS="1346"/>
							<String ID="string_316" HPOS="1373" VPOS="2116" WIDTH="280" HEIGHT="40" WC="0.92" CONTENT="oundgängligen"/><SP WIDTH="22" VPOS="2116" HPOS="1653"/>
							<String ID="string_317" HPOS="1675" VPOS="2117" WIDTH="55" HEIGHT="29" WC="0.92" CONTENT="be-"/>
						</TextLine>
						<TextLine ID="line_35" HPOS="243" VPOS="2170" WIDTH="1485" HEIGHT="39">
							<String ID="string_318" HPOS="243" VPOS="2170" WIDTH="104" HEIGHT="28" WC="0.96" CONTENT="höver"/><SP WIDTH="26" VPOS="2170" HPOS="347"/>
							<String ID="string_319" HPOS="373" VPOS="2170" WIDTH="43" HEIGHT="29" WC="0.96" CONTENT="bo"/><SP WIDTH="26" VPOS="2170" HPOS="416"/>
							<String ID="string_320" HPOS="442" VPOS="2170" WIDTH="94" HEIGHT="29" WC="0.96" CONTENT="inom"/><SP WIDTH="27" VPOS="2170" HPOS="536"/>
							<String ID="string_321" HPOS="563" VPOS="2170" WIDTH="323" HEIGHT="39" WC="0.96" CONTENT="sjukhusområdet,"/><SP WIDTH="29" VPOS="2170" HPOS="886"/>
							<String ID="string_322" HPOS="915" VPOS="2170" WIDTH="108" HEIGHT="30" WC="0.96" CONTENT="under"/><SP WIDTH="27" VPOS="2170" HPOS="1023"/>
							<String ID="string_323" HPOS="1050" VPOS="2170" WIDTH="252" HEIGHT="39" WC="0.96" CONTENT="förutsättning"/><SP WIDTH="25" VPOS="2170" HPOS="1302"/>
							<String ID="string_324" HPOS="1327" VPOS="2172" WIDTH="50" HEIGHT="27" WC="0.96" CONTENT="att"/><SP WIDTH="27" VPOS="2172" HPOS="1377"/>
							<String ID="string_325" HPOS="1404" VPOS="2170" WIDTH="122" HEIGHT="30" WC="0.96" CONTENT="staden"/><SP WIDTH="24" VPOS="2170" HPOS="1526"/>
							<String ID="string_326" HPOS="1550" VPOS="2171" WIDTH="11" HEIGHT="28" WC="0.96" CONTENT="i"/><SP WIDTH="26" VPOS="2171" HPOS="1561"/>
							<String ID="string_327" HPOS="1587" VPOS="2170" WIDTH="66" HEIGHT="39" WC="0.95" CONTENT="god"/><SP WIDTH="28" VPOS="2170" HPOS="1653"/>
							<String ID="string_328" HPOS="1681" VPOS="2170" WIDTH="47" HEIGHT="29" WC="0.95" CONTENT="tid"/>
						</TextLine>
						<TextLine ID="line_36" HPOS="244" VPOS="2223" WIDTH="1485" HEIGHT="40">
							<String ID="string_329" HPOS="244" VPOS="2223" WIDTH="127" HEIGHT="29" WC="0.92" CONTENT="erhölle"/><SP WIDTH="20" VPOS="2223" HPOS="371"/>
							<String ID="string_330" HPOS="391" VPOS="2223" WIDTH="139" HEIGHT="40" WC="0.96" CONTENT="uppgift"/><SP WIDTH="17" VPOS="2223" HPOS="530"/>
							<String ID="string_331" HPOS="547" VPOS="2232" WIDTH="57" HEIGHT="20" WC="0.93" CONTENT="om"/><SP WIDTH="19" VPOS="2232" HPOS="604"/>
							<String ID="string_332" HPOS="623" VPOS="2223" WIDTH="291" HEIGHT="30" WC="0.67" CONTENT="bostadsbehovet"/><SP WIDTH="19" VPOS="2223" HPOS="914"/>
							<String ID="string_333" HPOS="933" VPOS="2223" WIDTH="64" HEIGHT="30" WC="0.96" CONTENT="och"/><SP WIDTH="19" VPOS="2223" HPOS="997"/>
							<String ID="string_334" HPOS="1016" VPOS="2223" WIDTH="222" HEIGHT="40" WC="0.96" CONTENT="tidpunkten,"/><SP WIDTH="20" VPOS="2223" HPOS="1238"/>
							<String ID="string_335" HPOS="1258" VPOS="2224" WIDTH="63" HEIGHT="29" WC="0.96" CONTENT="när"/><SP WIDTH="19" VPOS="2224" HPOS="1321"/>
							<String ID="string_336" HPOS="1340" VPOS="2223" WIDTH="112" HEIGHT="30" WC="0.92" CONTENT="behov"/><SP WIDTH="18" VPOS="2223" HPOS="1452"/>
							<String ID="string_337" HPOS="1470" VPOS="2223" WIDTH="162" HEIGHT="39" WC="0.91" CONTENT="förelåge."/><SP WIDTH="20" VPOS="2223" HPOS="1632"/>
							<String ID="string_338" HPOS="1652" VPOS="2223" WIDTH="77" HEIGHT="30" WC="0.96" CONTENT="Med"/>
						</TextLine>
						<TextLine ID="line_37" HPOS="243" VPOS="2276" WIDTH="1487" HEIGHT="40">
							<String ID="string_339" HPOS="243" VPOS="2276" WIDTH="136" HEIGHT="39" WC="0.96" CONTENT="hänsyn"/><SP WIDTH="22" VPOS="2276" HPOS="379"/>
							<String ID="string_340" HPOS="401" VPOS="2276" WIDTH="119" HEIGHT="30" WC="0.96" CONTENT="härtill"/><SP WIDTH="22" VPOS="2276" HPOS="520"/>
							<String ID="string_341" HPOS="542" VPOS="2277" WIDTH="64" HEIGHT="29" WC="0.96" CONTENT="och"/><SP WIDTH="23" VPOS="2277" HPOS="606"/>
							<String ID="string_342" HPOS="629" VPOS="2276" WIDTH="44" HEIGHT="30" WC="0.96" CONTENT="då"/><SP WIDTH="22" VPOS="2276" HPOS="673"/>
							<String ID="string_343" HPOS="695" VPOS="2277" WIDTH="66" HEIGHT="33" WC="0.95" CONTENT="det,"/><SP WIDTH="24" VPOS="2277" HPOS="761"/>
							<String ID="string_344" HPOS="785" VPOS="2276" WIDTH="116" HEIGHT="30" WC="0.95" CONTENT="såsom"/><SP WIDTH="22" VPOS="2276" HPOS="901"/>
							<String ID="string_345" HPOS="923" VPOS="2277" WIDTH="210" HEIGHT="29" WC="0.96" CONTENT="kommittén"/><SP WIDTH="24" VPOS="2277" HPOS="1133"/>
							<String ID="string_346" HPOS="1157" VPOS="2277" WIDTH="53" HEIGHT="29" WC="0.93" CONTENT="för"/><SP WIDTH="23" VPOS="2277" HPOS="1210"/>
							<String ID="string_347" HPOS="1233" VPOS="2277" WIDTH="353" HEIGHT="38" WC="0.91" CONTENT="sinnessjukvårdens"/><SP WIDTH="24" VPOS="2277" HPOS="1586"/>
							<String ID="string_348" HPOS="1610" VPOS="2277" WIDTH="120" HEIGHT="39" WC="0.91" CONTENT="utbyg-"/>
						</TextLine>
						<TextLine ID="line_38" HPOS="243" VPOS="2328" WIDTH="1487" HEIGHT="41">
							<String ID="string_349" HPOS="243" VPOS="2329" WIDTH="109" HEIGHT="38" WC="0.96" CONTENT="gande"/><SP WIDTH="29" VPOS="2329" HPOS="352"/>
							<String ID="string_350" HPOS="381" VPOS="2328" WIDTH="204" HEIGHT="35" WC="0.68" CONTENT="framhållit,"/><SP WIDTH="30" VPOS="2328" HPOS="585"/>
							<String ID="string_351" HPOS="615" VPOS="2329" WIDTH="55" HEIGHT="30" WC="0.96" CONTENT="får"/><SP WIDTH="28" VPOS="2329" HPOS="670"/>
							<String ID="string_352" HPOS="698" VPOS="2339" WIDTH="100" HEIGHT="20" WC="0.96" CONTENT="anses"/><SP WIDTH="28" VPOS="2339" HPOS="798"/>
							<String ID="string_353" HPOS="826" VPOS="2330" WIDTH="180" HEIGHT="39" WC="0.96" CONTENT="angeläget"/><SP WIDTH="29" VPOS="2330" HPOS="1006"/>
							<String ID="string_354" HPOS="1035" VPOS="2332" WIDTH="49" HEIGHT="27" WC="0.96" CONTENT="att"/><SP WIDTH="29" VPOS="2332" HPOS="1084"/>
							<String ID="string_355" HPOS="1113" VPOS="2330" WIDTH="58" HEIGHT="30" WC="0.96" CONTENT="det"/><SP WIDTH="29" VPOS="2330" HPOS="1171"/>
							<String ID="string_356" HPOS="1200" VPOS="2330" WIDTH="161" HEIGHT="29" WC="0.92" CONTENT="fortsatta"/><SP WIDTH="29" VPOS="2330" HPOS="1361"/>
							<String ID="string_357" HPOS="1390" VPOS="2330" WIDTH="340" HEIGHT="39" WC="0.91" CONTENT="utredningsarbetet"/>
						</TextLine>
						<TextLine ID="line_39" HPOS="243" VPOS="2382" WIDTH="1486" HEIGHT="42">
							<String ID="string_358" HPOS="243" VPOS="2382" WIDTH="63" HEIGHT="29" WC="0.92" CONTENT="och"/><SP WIDTH="22" VPOS="2382" HPOS="306"/>
							<String ID="string_359" HPOS="328" VPOS="2383" WIDTH="243" HEIGHT="29" WC="0.91" CONTENT="anordnandet"/><SP WIDTH="23" VPOS="2383" HPOS="571"/>
							<String ID="string_360" HPOS="594" VPOS="2392" WIDTH="42" HEIGHT="21" WC="0.96" CONTENT="av"/><SP WIDTH="22" VPOS="2392" HPOS="636"/>
							<String ID="string_361" HPOS="658" VPOS="2392" WIDTH="43" HEIGHT="20" WC="0.96" CONTENT="en"/><SP WIDTH="23" VPOS="2392" HPOS="701"/>
							<String ID="string_362" HPOS="724" VPOS="2383" WIDTH="130" HEIGHT="29" WC="0.92" CONTENT="allmän"/><SP WIDTH="24" VPOS="2383" HPOS="854"/>
							<String ID="string_363" HPOS="878" VPOS="2383" WIDTH="273" HEIGHT="30" WC="0.90" CONTENT="arkitekttävlan"/><SP WIDTH="25" VPOS="2383" HPOS="1151"/>
							<String ID="string_364" HPOS="1176" VPOS="2385" WIDTH="135" HEIGHT="28" WC="0.96" CONTENT="snarast"/><SP WIDTH="22" VPOS="2385" HPOS="1311"/>
							<String ID="string_365" HPOS="1333" VPOS="2383" WIDTH="72" HEIGHT="30" WC="0.96" CONTENT="kan"/><SP WIDTH="23" VPOS="2383" HPOS="1405"/>
							<String ID="string_366" HPOS="1428" VPOS="2384" WIDTH="175" HEIGHT="40" WC="0.95" CONTENT="påbörjas,"/><SP WIDTH="25" VPOS="2384" HPOS="1603"/>
							<String ID="string_367" HPOS="1628" VPOS="2392" WIDTH="101" HEIGHT="21" WC="0.95" CONTENT="anser"/>
						</TextLine>
						<TextLine ID="line_40" HPOS="244" VPOS="2435" WIDTH="1485" HEIGHT="41">
							<String ID="string_368" HPOS="244" VPOS="2435" WIDTH="169" HEIGHT="30" WC="0.95" CONTENT="utskottet"/><SP WIDTH="29" VPOS="2435" HPOS="413"/>
							<String ID="string_369" HPOS="442" VPOS="2436" WIDTH="57" HEIGHT="29" WC="0.96" CONTENT="det"/><SP WIDTH="28" VPOS="2436" HPOS="499"/>
							<String ID="string_370" HPOS="527" VPOS="2436" WIDTH="76" HEIGHT="30" WC="0.96" CONTENT="icke"/><SP WIDTH="30" VPOS="2436" HPOS="603"/>
							<String ID="string_371" HPOS="633" VPOS="2436" WIDTH="155" HEIGHT="40" WC="0.96" CONTENT="påkallat"/><SP WIDTH="29" VPOS="2436" HPOS="788"/>
							<String ID="string_372" HPOS="817" VPOS="2437" WIDTH="80" HEIGHT="29" WC="0.96" CONTENT="med"/><SP WIDTH="29" VPOS="2437" HPOS="897"/>
							<String ID="string_373" HPOS="926" VPOS="2436" WIDTH="199" HEIGHT="40" WC="0.95" CONTENT="ytterligare"/><SP WIDTH="31" VPOS="2436" HPOS="1125"/>
							<String ID="string_374" HPOS="1156" VPOS="2437" WIDTH="262" HEIGHT="39" WC="0.95" CONTENT="överväganden"/><SP WIDTH="30" VPOS="2437" HPOS="1418"/>
							<String ID="string_375" HPOS="1448" VPOS="2446" WIDTH="42" HEIGHT="21" WC="0.95" CONTENT="av"/><SP WIDTH="28" VPOS="2446" HPOS="1490"/>
							<String ID="string_376" HPOS="1518" VPOS="2437" WIDTH="125" HEIGHT="39" WC="0.96" CONTENT="frågan"/><SP WIDTH="29" VPOS="2437" HPOS="1643"/>
							<String ID="string_377" HPOS="1672" VPOS="2445" WIDTH="57" HEIGHT="21" WC="0.96" CONTENT="om"/>
						</TextLine>
						<TextLine ID="line_41" HPOS="243" VPOS="2488" WIDTH="1486" HEIGHT="41">
							<String ID="string_378" HPOS="243" VPOS="2488" WIDTH="264" HEIGHT="40" WC="0.91" CONTENT="förläggningen"/><SP WIDTH="19" VPOS="2488" HPOS="507"/>
							<String ID="string_379" HPOS="526" VPOS="2498" WIDTH="42" HEIGHT="21" WC="0.96" CONTENT="av"/><SP WIDTH="19" VPOS="2498" HPOS="568"/>
							<String ID="string_380" HPOS="587" VPOS="2489" WIDTH="265" HEIGHT="40" WC="0.96" CONTENT="ifrågavarande"/><SP WIDTH="22" VPOS="2489" HPOS="852"/>
							<String ID="string_381" HPOS="874" VPOS="2490" WIDTH="161" HEIGHT="39" WC="0.96" CONTENT="sjukhus."/><SP WIDTH="20" VPOS="2490" HPOS="1035"/>
							<String ID="string_382" HPOS="1055" VPOS="2490" WIDTH="177" HEIGHT="30" WC="0.96" CONTENT="Utskottet"/><SP WIDTH="20" VPOS="2490" HPOS="1232"/>
							<String ID="string_383" HPOS="1252" VPOS="2490" WIDTH="160" HEIGHT="30" WC="0.96" CONTENT="förordar"/><SP WIDTH="20" VPOS="2490" HPOS="1412"/>
							<String ID="string_384" HPOS="1432" VPOS="2490" WIDTH="119" HEIGHT="30" WC="0.96" CONTENT="därför"/><SP WIDTH="20" VPOS="2490" HPOS="1551"/>
							<String ID="string_385" HPOS="1571" VPOS="2493" WIDTH="51" HEIGHT="27" WC="0.93" CONTENT="att"/><SP WIDTH="19" VPOS="2493" HPOS="1622"/>
							<String ID="string_386" HPOS="1641" VPOS="2490" WIDTH="88" HEIGHT="29" WC="0.92" CONTENT="riks-"/>
						</TextLine>
					</TextBlock>
				</ComposedBlock>
			</PrintSpace>
		</Page>
	</Layout>
</alto>
