1858 2784
515 169 285 31 Statsutskottets
828 166 178 30 utlåtande
1032 173 41 20 nr
1101 165 71 29 113.
1550 159 40 30 27

103 255 121 40 belopp
242 254 89 29 hade
351 252 61 30 168
426 252 62 30 000
506 252 130 28 kronor
653 249 188 30 beräknats
859 247 54 30 för
931 247 107 39 inköp
1057 254 42 21 av
1116 243 354 31 ålderdomshemmet
1487 241 11 29 i
1516 239 77 30 Älv-

102 309 143 39 karleby
262 308 183 29 kommun.

147 362 129 30 Genom
305 360 115 31 beslut
448 360 66 29 den
544 359 18 29 2
592 357 87 40 april
711 356 82 30 1943
822 352 253 42 bemyndigade
1103 351 125 39 Kungl.
1258 349 107 40 Maj:t
1394 346 201 32 medicinal-

105 416 167 39 styrelsen
304 416 51 28 att
387 413 78 30 med
495 410 178 32 anlitande
705 420 41 20 av
778 408 157 38 anslaget
966 406 52 30 till
1050 405 102 30 Vissa
1181 402 323 41 byggnadsarbeten
1536 399 58 31 vid

106 471 131 28 statens
255 466 274 40 sinnessjukhus
548 474 45 20 m.
611 474 45 20 m.
674 464 42 39 gå
732 463 11 29 i
760 461 210 39 författning
988 469 58 21 om
1064 459 140 29 förvärv
1222 457 53 30 för
1293 458 132 28 statens
1444 453 151 39 räkning

105 532 42 21 av
167 521 155 31 nämnda
344 519 281 31 ålderdomshem
647 517 55 30 för
725 516 106 39 sagda
854 513 174 31 ändamål.

149 576 13 29 I
189 575 167 30 skrivelse
382 574 66 29 den
478 572 38 29 18
541 571 79 39 juni
649 570 81 29 1953
755 570 66 28 har
846 564 358 39 medicinalstyrelsen
1231 564 10 29 i
1268 563 100 38 fråga
1392 571 57 20 om
1475 560 121 38 fastig-

105 630 121 29 hetens
251 627 169 30 framtida
447 624 223 38 användning
698 621 118 31 anfört
841 622 12 28 i
878 619 187 31 huvudsak
1093 617 166 39 följande.

150 700 167 29 Avsikten
346 698 78 30 med
453 697 175 29 förvärvet
655 704 41 20 av
723 692 355 31 ålderdomshemmet
1107 689 53 29 för
1188 690 133 27 statens
1349 685 148 39 räkning
1524 693 72 23 var,

106 747 50 28 att
181 745 197 29 detsamma
404 741 111 30 skulle
540 739 174 40 utnyttjas
742 738 117 29 såsom
886 733 364 38 sekundäravdelning
1277 732 10 28 i
1314 729 203 39 anslutning
1544 728 54 29 till

107 789 197 31 Ulleråkers
325 787 163 39 sjukhus.
510 785 121 30 Såsom
653 783 108 30 sådan
783 781 184 38 avdelning
988 780 63 28 har
1073 779 153 29 hemmet
1246 776 107 30 också
1374 785 41 20 av
1437 773 81 30 1947
1541 772 57 30 års

108 829 502 43 sinnessjukvårdsberedning
636 827 177 40 upptagits
838 827 11 28 i
874 825 78 29 dess
977 824 83 39 plan
1087 823 54 29 för
1167 819 271 41 tillgodoseende
1465 827 41 21 av
1531 817 67 29 den

108 878 138 39 statliga
270 874 355 40 sinnessjukvårdens
647 871 213 41 platsbehov.
884 870 48 29 De
953 867 294 38 förutsättningar
1269 866 10 28 i
1302 864 99 39 fråga
1420 872 57 21 om
1498 861 102 30 vård-

108 923 188 32 formerna,
320 930 77 20 som
418 919 146 39 tidigare
587 918 90 38 legat
699 916 52 29 till
775 914 113 40 grund
912 914 55 29 för
990 911 263 38 utformningen
1277 919 41 20 av
1341 918 43 20 en
1408 902 192 48 sekundär-

109 967 184 38 avdelning
321 965 65 30 och
413 964 44 40 på
483 963 95 30 vilka
605 960 232 39 utredningen
864 958 148 30 rörande
1042 957 173 29 förvärvet
1242 954 66 29 och
1334 950 266 41 ombyggnaden

109 1021 42 20 av
176 1009 355 32 ålderdomshemmet
558 1007 112 39 byggt,
698 1006 58 28 äro
785 1002 191 31 emellertid
1003 1001 78 30 icke
1110 1008 144 21 numera
1285 999 53 29 för
1364 996 150 30 handen.
1542 994 58 30 Så-

110 1056 107 29 lunda
247 1055 45 29 ha
324 1053 247 38 fordringarna
601 1051 46 39 på
676 1059 43 20 en
751 1046 365 37 sekundäravdelning
1148 1044 106 29 sedan
1286 1040 242 32 anordnandet
1559 1048 42 20 av

110 1099 267 40 ifrågavarande
399 1096 184 38 avdelning
604 1096 11 28 i
634 1093 135 41 princip
791 1092 139 33 beslöts,
953 1090 95 39 stigit
1070 1090 167 28 avsevärt.
1261 1087 53 29 En
1335 1084 202 38 anslutning
1559 1092 42 20 av

110 1144 354 31 ålderdomshemmet
497 1140 116 30 såsom
646 1135 363 38 sekundäravdelning
1040 1134 53 29 till
1126 1132 197 30 Ulleråkers
1355 1129 151 40 sjukhus
1537 1128 64 28 har

111 1188 181 31 ävenledes
318 1186 176 39 avstyrkts
518 1194 42 20 av
585 1183 204 39 sjukhusets
814 1179 175 31 direktion
1014 1179 11 28 i
1050 1180 49 27 ett
1123 1176 161 40 yttrande
1310 1175 67 29 den
1403 1173 19 30 4
1445 1170 157 32 februari

114 1234 82 29 1950
218 1233 45 29 bl.
289 1242 29 20 a.
343 1231 78 29 med
445 1231 138 37 hänsyn
607 1228 52 29 till
682 1227 56 29 det
763 1228 94 27 stora
881 1223 182 31 avståndet
1088 1222 78 29 från
1188 1219 321 39 modersjukhuset.
1535 1215 67 31 Vid

112 1276 238 40 övervägande
372 1285 42 20 av
435 1274 124 38 frågan
581 1273 65 29 har
666 1273 131 28 statens
819 1268 185 31 kommitté
1027 1267 54 29 för
1105 1263 353 40 sinnessjukvårdens
1481 1261 122 39 utbyg-

112 1322 110 39 gande
248 1322 12 28 i
286 1320 166 30 skrivelse
477 1319 52 29 till
554 1315 359 39 medicinalstyrelsen
939 1313 66 29 den
1033 1312 41 29 23
1099 1311 70 37 maj
1201 1309 81 30 19352
1310 1309 114 28 ansett
1451 1307 49 38 sig
1526 1305 76 30 icke

113 1367 44 29 då
182 1365 127 31 beredd
336 1366 50 28 att
411 1366 78 36 taga
517 1361 117 39 slutlig
660 1360 165 38 ställning
851 1358 52 29 till
929 1357 44 39 på
999 1356 66 30 vad
1093 1356 67 28 sätt
1185 1352 206 40 byggnaden
1417 1351 105 29 borde
1551 1351 53 27 ut-

114 1410 143 40 nyttjas.
285 1409 49 29 På
362 1408 113 29 denna
504 1406 99 38 fråga
630 1403 187 31 inverkade
846 1402 88 29 flera
960 1399 297 38 omständigheter
1287 1397 44 29 bl.
1361 1406 40 23 a.,
1429 1393 174 31 huruvida

113 1452 327 42 personalbostäder
466 1451 129 29 funnes
624 1451 49 27 att
701 1448 97 38 tillgå
827 1447 9 29 i
865 1444 203 38 tillräckligt
1096 1442 93 30 antal
1219 1442 10 28 i
1258 1441 114 29 direkt
1401 1438 204 37 anslutning

114 1499 52 30 till
199 1497 355 31 ålderdomshemmet
587 1496 90 27 samt
710 1491 175 31 storleken
918 1499 40 19 av
992 1489 41 29 de
1067 1485 278 32 driftkostnader
1377 1493 82 20 man
1492 1482 112 29 måste

115 1544 110 30 räkna
254 1542 79 30 med
365 1541 53 29 för
449 1542 48 27 ett
529 1537 223 40 utnyttjande
784 1545 41 20 av
855 1535 195 29 detsamma
1082 1532 114 29 såsom
1229 1526 375 38 sekundäravdelning.

115 1588 116 39 Enligt
257 1587 197 29 sedermera
479 1584 110 29 under
613 1582 94 29 hand
733 1579 202 30 inhämtade
962 1576 188 40 uppgifter,
1177 1575 117 29 ställer
1321 1573 50 39 sig
1395 1570 210 31 kommittén

115 1633 57 29 vid
199 1641 121 20 senare
346 1628 237 39 övervägande
608 1627 157 28 närmast
791 1622 186 31 avvisande
1004 1623 72 27 mot
1103 1622 48 27 ett
1178 1617 224 41 utnyttjande
1428 1626 41 20 av
1495 1615 111 30 ålder-

115 1676 257 30 domshemmet
395 1674 53 29 för
470 1674 111 28 avsett
603 1670 173 31 ändamål.

161 1753 358 40 Medicinalstyrelsen
549 1752 64 28 har
644 1749 193 31 emellertid
869 1748 124 32 ansett,
1026 1747 50 28 att
1109 1745 103 38 köpet
1241 1744 63 28 bör
1336 1740 173 39 fullföljas
1541 1738 65 30 och

117 1809 121 31 därvid
263 1808 119 30 anfört
405 1807 44 29 bl.
475 1815 28 20 a.

162 1881 64 29 Vid
252 1880 42 29 de
321 1879 38 29 år
386 1877 81 30 1943
494 1875 121 40 gjorda
642 1873 280 37 beräkningarna
948 1870 89 29 hade
1064 1867 203 40 byggnaden
1293 1866 110 29 åsatts
1429 1866 48 28 ett
1502 1862 106 31 värde

120 1935 41 19 av
186 1924 60 29 148
261 1924 63 29 000
348 1923 140 31 kronor,
512 1919 115 30 vartill
654 1918 111 29 skulle
791 1917 140 28 komma
956 1913 120 30 värdet
1100 1922 41 19 av
1163 1912 66 28 den
1254 1910 112 33 mark,
1392 1918 74 20 som
1490 1907 119 29 kunde

118 1969 142 29 komma
288 1970 51 27 att
365 1965 181 31 överlåtas.
575 1964 66 28 För
669 1964 50 27 att
746 1959 228 31 överlåtelsen
1002 1967 40 20 av
1070 1955 231 31 förenämnda
1329 1951 281 32 ålderdomshem

121 2013 78 29 från
219 2013 218 28 kommunen
457 2010 51 28 till
529 2010 112 27 staten
665 2006 110 29 skulle
797 2005 141 28 komma
959 2003 52 28 till
1034 2001 102 30 stånd
1159 2001 214 30 förutsattes,
1394 1999 50 28 att
1463 1998 49 28 ett
1532 1996 78 38 nytt

120 2056 282 31 älderdomshem
431 2052 190 40 uppfördes
651 2052 8 28 i
688 2049 208 38 Älvkarleby
921 2048 170 28 kommun
1121 2045 63 28 och
1213 2043 117 29 kunde
1358 2044 96 36 tagas
1481 2041 11 28 i
1519 2039 91 30 bruk

122 2101 54 29 för
205 2101 59 28 sitt
293 2098 174 31 ändamål.
496 2098 50 28 Av
575 2105 42 20 en
647 2095 49 29 till
726 2093 169 39 styrelsen
924 2091 137 38 ingiven
1091 2089 164 29 skrivelse
1286 2087 79 29 från
1394 2086 216 29 kommunen

123 2144 163 39 framgår,
310 2146 50 26 att
383 2143 56 28 det
461 2151 40 19 av
524 2141 213 28 kommunen
762 2136 194 38 framlagda
979 2134 175 39 projektet
1177 2142 55 19 om
1256 2130 218 40 uppförande
1498 2138 41 20 av
1563 2129 48 27 ett

124 2191 73 36 nytt
228 2187 281 30 ålderdomshem
543 2185 76 28 blev
652 2183 157 29 avsevärt
843 2180 161 37 fördröjt,
1038 2176 279 38 huvudsakligen
1350 2175 44 38 på
1426 2172 111 40 grund
1571 2181 41 19 av

122 2233 139 37 statliga
293 2231 211 38 regleringar
537 2238 41 19 av
611 2228 77 28 med
720 2224 351 40 byggnadsföretaget
1104 2218 345 38 sammanhängande
1483 2217 128 37 frågor,

123 2277 105 29 vilket
257 2277 44 28 bl.
332 2285 29 19 a.
390 2274 161 31 medfört,
581 2274 49 26 att
660 2271 217 36 ritningarna
907 2267 90 29 måst
1026 2266 196 28 omarbetas
1250 2266 48 26 elt
1330 2262 114 29 flertal
1473 2261 139 38 gånger.

124 2322 47 28 De
196 2321 216 28 kommunen
440 2316 189 30 åsamkade
657 2312 310 31 merkostnaderna
998 2310 52 29 för
1079 2309 56 28 det
1165 2318 65 28 nya
1259 2305 355 31 ålderdomshemmet

125 2365 207 39 uppskattas
358 2372 41 19 av
426 2362 212 28 kommunen
668 2358 47 29 till
743 2358 62 27 500
821 2356 62 28 000
911 2356 139 27 kronor.
1077 2353 101 28 Trots
1205 2353 48 27 att
1281 2351 57 28 det
1365 2349 113 38 gamla
1503 2348 111 29 ålder-

124 2408 254 30 domshemmet
411 2404 237 36 otvivelaktigt
683 2401 182 36 undergått
898 2408 40 20 en
972 2397 193 38 betydande
1197 2393 320 37 värdeminskning,
1551 2392 63 27 har

126 2455 212 27 kommunen
362 2450 77 29 med
464 2450 134 37 hänsyn
623 2447 48 28 till
696 2446 202 38 uppkomna
921 2442 221 37 olägenheter
1164 2448 120 29 genom
1309 2437 205 38 dröjsmålet
1536 2435 77 29 med

128 2495 297 38 färdigställandet
457 2504 40 18 av
527 2493 55 27 det
616 2501 62 28 nya
708 2488 352 31 alderdomshemmet
1092 2485 156 38 påyvrkat.
1281 2485 47 27 att
1360 2483 111 27 staten
1502 2479 112 29 skulle
