<?xml version="1.0" encoding="UTF-8"?>
<alto xmlns="http://www.loc.gov/standards/alto/ns-v3#" xmlns:xlink="http://www.w3.org/1999/xlink" xmlns:xsi="http://www.w3.org/2001/XMLSchema-instance" xsi:schemaLocation="http://www.loc.gov/standards/alto/ns-v3# http://www.loc.gov/alto/v3/alto-3-0.xsd">
	<Description>
		<MeasurementUnit>pixel</MeasurementUnit>
		<sourceImageInformation>
			<fileName>/tmp/tess_78o4tjlm_input.PNG</fileName>
		</sourceImageInformation>
		<OCRProcessing ID="OCR_0">
			<ocrProcessingStep>
				<processingSoftware>
					<softwareName>tesseract 5.3.0</softwareName>
				</processingSoftware>
			</ocrProcessingStep>
		</OCRProcessing>
	</Description>
	<Layout>
		<Page WIDTH="1858" HEIGHT="2778" PHYSICAL_IMG_NR="0" ID="page_0">
			<PrintSpace HPOS="0" VPOS="0" WIDTH="1858" HEIGHT="2778">
				<ComposedBlock ID="cblock_0" HPOS="267" VPOS="171" WIDTH="1067" HEIGHT="35">
					<TextBlock ID="block_0" HPOS="267" VPOS="171" WIDTH="1067" HEIGHT="35">
						<TextLine ID="line_0" HPOS="267" VPOS="171" WIDTH="1067" HEIGHT="35">
							<String ID="string_0" HPOS="267" VPOS="171" WIDTH="38" HEIGHT="28" WC="0.95" CONTENT="12"/><SP WIDTH="373" VPOS="171" HPOS="305"/>
							<String ID="string_1" HPOS="678" VPOS="174" WIDTH="284" HEIGHT="29" WC="0.57" CONTENT="Stalsutskottets"/><SP WIDTH="27" VPOS="174" HPOS="962"/>
							<String ID="string_2" HPOS="989" VPOS="175" WIDTH="178" HEIGHT="29" WC="0.52" CONTENT="utlåtande"/><SP WIDTH="26" VPOS="175" HPOS="1167"/>
							<String ID="string_3" HPOS="1193" VPOS="185" WIDTH="41" HEIGHT="19" WC="0.96" CONTENT="nr"/><SP WIDTH="29" VPOS="185" HPOS="1234"/>
							<String ID="string_4" HPOS="1263" VPOS="178" WIDTH="71" HEIGHT="28" WC="0.88" CONTENT="113."/>
						</TextLine>
					</TextBlock>
				</ComposedBlock>
				<ComposedBlock ID="cblock_1" HPOS="261" VPOS="249" WIDTH="1488" HEIGHT="252">
					<TextBlock ID="block_1" HPOS="261" VPOS="249" WIDTH="1488" HEIGHT="252">
						<TextLine ID="line_1" HPOS="310" VPOS="249" WIDTH="1439" HEIGHT="49">
							<String ID="string_5" HPOS="310" VPOS="249" WIDTH="222" HEIGHT="39" WC="0.96" CONTENT="Uppförande"/><SP WIDTH="28" VPOS="249" HPOS="532"/>
							<String ID="string_6" HPOS="560" VPOS="261" WIDTH="41" HEIGHT="20" WC="0.96" CONTENT="av"/><SP WIDTH="28" VPOS="261" HPOS="601"/>
							<String ID="string_7" HPOS="629" VPOS="252" WIDTH="210" HEIGHT="31" WC="0.96" CONTENT="bostadshus"/><SP WIDTH="26" VPOS="252" HPOS="839"/>
							<String ID="string_8" HPOS="865" VPOS="254" WIDTH="55" HEIGHT="38" WC="0.95" CONTENT="för"/><SP WIDTH="27" VPOS="254" HPOS="920"/>
							<String ID="string_9" HPOS="947" VPOS="255" WIDTH="86" HEIGHT="39" WC="0.96" CONTENT="ogift"/><SP WIDTH="27" VPOS="255" HPOS="1033"/>
							<String ID="string_10" HPOS="1060" VPOS="256" WIDTH="172" HEIGHT="37" WC="0.94" CONTENT="personal."/><SP WIDTH="33" VPOS="256" HPOS="1232"/>
							<String ID="string_11" HPOS="1265" VPOS="258" WIDTH="82" HEIGHT="28" WC="0.87" CONTENT="1952"/><SP WIDTH="28" VPOS="258" HPOS="1347"/>
							<String ID="string_12" HPOS="1375" VPOS="258" WIDTH="57" HEIGHT="29" WC="0.95" CONTENT="års"/><SP WIDTH="28" VPOS="258" HPOS="1432"/>
							<String ID="string_13" HPOS="1460" VPOS="259" WIDTH="142" HEIGHT="39" WC="0.96" CONTENT="riksdag"/><SP WIDTH="27" VPOS="259" HPOS="1602"/>
							<String ID="string_14" HPOS="1629" VPOS="260" WIDTH="120" HEIGHT="33" WC="0.94" CONTENT="beslöt,"/>
						</TextLine>
						<TextLine ID="line_2" HPOS="263" VPOS="304" WIDTH="1486" HEIGHT="47">
							<String ID="string_15" HPOS="263" VPOS="305" WIDTH="50" HEIGHT="27" WC="0.95" CONTENT="att"/><SP WIDTH="23" VPOS="305" HPOS="313"/>
							<String ID="string_16" HPOS="336" VPOS="304" WIDTH="114" HEIGHT="29" WC="0.96" CONTENT="såsom"/><SP WIDTH="20" VPOS="304" HPOS="450"/>
							<String ID="string_17" HPOS="470" VPOS="314" WIDTH="42" HEIGHT="20" WC="0.95" CONTENT="en"/><SP WIDTH="24" VPOS="314" HPOS="512"/>
							<String ID="string_18" HPOS="536" VPOS="305" WIDTH="109" HEIGHT="30" WC="0.95" CONTENT="första"/><SP WIDTH="21" VPOS="305" HPOS="645"/>
							<String ID="string_19" HPOS="666" VPOS="308" WIDTH="102" HEIGHT="37" WC="0.96" CONTENT="etapp"/><SP WIDTH="23" VPOS="308" HPOS="768"/>
							<String ID="string_20" HPOS="791" VPOS="308" WIDTH="9" HEIGHT="28" WC="0.96" CONTENT="i"/><SP WIDTH="23" VPOS="308" HPOS="800"/>
							<String ID="string_21" HPOS="823" VPOS="307" WIDTH="254" HEIGHT="39" WC="0.96" CONTENT="förbättringen"/><SP WIDTH="23" VPOS="307" HPOS="1077"/>
							<String ID="string_22" HPOS="1100" VPOS="319" WIDTH="40" HEIGHT="19" WC="0.96" CONTENT="av"/><SP WIDTH="20" VPOS="319" HPOS="1140"/>
							<String ID="string_23" HPOS="1160" VPOS="310" WIDTH="163" HEIGHT="29" WC="0.96" CONTENT="bostäder"/><SP WIDTH="23" VPOS="310" HPOS="1323"/>
							<String ID="string_24" HPOS="1346" VPOS="311" WIDTH="53" HEIGHT="29" WC="0.96" CONTENT="för"/><SP WIDTH="22" VPOS="311" HPOS="1399"/>
							<String ID="string_25" HPOS="1421" VPOS="311" WIDTH="64" HEIGHT="39" WC="0.96" CONTENT="gift"/><SP WIDTH="23" VPOS="311" HPOS="1485"/>
							<String ID="string_26" HPOS="1508" VPOS="313" WIDTH="161" HEIGHT="38" WC="0.95" CONTENT="personal"/><SP WIDTH="23" VPOS="313" HPOS="1669"/>
							<String ID="string_27" HPOS="1692" VPOS="313" WIDTH="57" HEIGHT="29" WC="0.96" CONTENT="vid"/>
						</TextLine>
						<TextLine ID="line_3" HPOS="263" VPOS="356" WIDTH="1486" HEIGHT="44">
							<String ID="string_28" HPOS="263" VPOS="356" WIDTH="186" HEIGHT="39" WC="0.96" CONTENT="sjukhuset"/><SP WIDTH="26" VPOS="356" HPOS="449"/>
							<String ID="string_29" HPOS="475" VPOS="360" WIDTH="48" HEIGHT="27" WC="0.96" CONTENT="ett"/><SP WIDTH="25" VPOS="360" HPOS="523"/>
							<String ID="string_30" HPOS="548" VPOS="359" WIDTH="211" HEIGHT="30" WC="0.96" CONTENT="bostadshus"/><SP WIDTH="26" VPOS="359" HPOS="759"/>
							<String ID="string_31" HPOS="785" VPOS="361" WIDTH="79" HEIGHT="28" WC="0.96" CONTENT="med"/><SP WIDTH="25" VPOS="361" HPOS="864"/>
							<String ID="string_32" HPOS="889" VPOS="361" WIDTH="77" HEIGHT="38" WC="0.96" CONTENT="fyra"/><SP WIDTH="27" VPOS="361" HPOS="966"/>
							<String ID="string_33" HPOS="993" VPOS="362" WIDTH="198" HEIGHT="38" WC="0.96" CONTENT="lägenheter"/><SP WIDTH="25" VPOS="362" HPOS="1191"/>
							<String ID="string_34" HPOS="1216" VPOS="372" WIDTH="58" HEIGHT="20" WC="0.96" CONTENT="om"/><SP WIDTH="27" VPOS="372" HPOS="1274"/>
							<String ID="string_35" HPOS="1301" VPOS="363" WIDTH="18" HEIGHT="29" WC="0.96" CONTENT="3"/><SP WIDTH="26" VPOS="363" HPOS="1319"/>
							<String ID="string_36" HPOS="1345" VPOS="373" WIDTH="77" HEIGHT="20" WC="0.96" CONTENT="rum"/><SP WIDTH="27" VPOS="373" HPOS="1422"/>
							<String ID="string_37" HPOS="1449" VPOS="365" WIDTH="64" HEIGHT="29" WC="0.96" CONTENT="och"/><SP WIDTH="26" VPOS="365" HPOS="1513"/>
							<String ID="string_38" HPOS="1539" VPOS="365" WIDTH="69" HEIGHT="29" WC="0.96" CONTENT="kök"/><SP WIDTH="29" VPOS="365" HPOS="1608"/>
							<String ID="string_39" HPOS="1637" VPOS="366" WIDTH="112" HEIGHT="29" WC="0.96" CONTENT="skulle"/>
						</TextLine>
						<TextLine ID="line_4" HPOS="262" VPOS="410" WIDTH="1487" HEIGHT="44">
							<String ID="string_40" HPOS="262" VPOS="410" WIDTH="177" HEIGHT="39" WC="0.92" CONTENT="uppföras."/><SP WIDTH="25" VPOS="410" HPOS="439"/>
							<String ID="string_41" HPOS="464" VPOS="411" WIDTH="215" HEIGHT="30" WC="0.96" CONTENT="Kommittén"/><SP WIDTH="23" VPOS="411" HPOS="679"/>
							<String ID="string_42" HPOS="702" VPOS="412" WIDTH="55" HEIGHT="29" WC="0.93" CONTENT="för"/><SP WIDTH="24" VPOS="412" HPOS="757"/>
							<String ID="string_43" HPOS="781" VPOS="413" WIDTH="352" HEIGHT="39" WC="0.90" CONTENT="sinnessjukvårdens"/><SP WIDTH="24" VPOS="413" HPOS="1133"/>
							<String ID="string_44" HPOS="1157" VPOS="416" WIDTH="219" HEIGHT="38" WC="0.91" CONTENT="utbyggande"/><SP WIDTH="22" VPOS="416" HPOS="1376"/>
							<String ID="string_45" HPOS="1398" VPOS="417" WIDTH="63" HEIGHT="29" WC="0.96" CONTENT="har"/><SP WIDTH="24" VPOS="417" HPOS="1461"/>
							<String ID="string_46" HPOS="1485" VPOS="418" WIDTH="123" HEIGHT="29" WC="0.96" CONTENT="härom"/><SP WIDTH="23" VPOS="418" HPOS="1608"/>
							<String ID="string_47" HPOS="1631" VPOS="419" WIDTH="118" HEIGHT="29" WC="0.96" CONTENT="anfört"/>
						</TextLine>
						<TextLine ID="line_5" HPOS="261" VPOS="462" WIDTH="166" HEIGHT="39">
							<String ID="string_48" HPOS="261" VPOS="462" WIDTH="166" HEIGHT="39" WC="0.92" CONTENT="följande."/>
						</TextLine>
					</TextBlock>
				</ComposedBlock>
				<ComposedBlock ID="cblock_2" HPOS="246" VPOS="533" WIDTH="1503" HEIGHT="1602">
					<TextBlock ID="block_2" HPOS="258" VPOS="533" WIDTH="1491" HEIGHT="437">
						<TextLine ID="line_6" HPOS="307" VPOS="533" WIDTH="1441" HEIGHT="47">
							<String ID="string_49" HPOS="307" VPOS="533" WIDTH="267" HEIGHT="39" WC="0.91" CONTENT="Ifrågavarande"/><SP WIDTH="22" VPOS="533" HPOS="574"/>
							<String ID="string_50" HPOS="596" VPOS="535" WIDTH="130" HEIGHT="40" WC="0.96" CONTENT="förslag"/><SP WIDTH="20" VPOS="535" HPOS="726"/>
							<String ID="string_51" HPOS="746" VPOS="545" WIDTH="62" HEIGHT="20" WC="0.96" CONTENT="var"/><SP WIDTH="21" VPOS="545" HPOS="808"/>
							<String ID="string_52" HPOS="829" VPOS="536" WIDTH="137" HEIGHT="31" WC="0.96" CONTENT="baserat"/><SP WIDTH="20" VPOS="536" HPOS="966"/>
							<String ID="string_53" HPOS="986" VPOS="538" WIDTH="45" HEIGHT="38" WC="0.95" CONTENT="på"/><SP WIDTH="21" VPOS="538" HPOS="1031"/>
							<String ID="string_54" HPOS="1052" VPOS="547" WIDTH="42" HEIGHT="20" WC="0.96" CONTENT="en"/><SP WIDTH="22" VPOS="547" HPOS="1094"/>
							<String ID="string_55" HPOS="1116" VPOS="548" WIDTH="41" HEIGHT="19" WC="0.96" CONTENT="av"/><SP WIDTH="20" VPOS="548" HPOS="1157"/>
							<String ID="string_56" HPOS="1177" VPOS="539" WIDTH="210" HEIGHT="30" WC="0.96" CONTENT="kommittén"/><SP WIDTH="23" VPOS="539" HPOS="1387"/>
							<String ID="string_57" HPOS="1410" VPOS="540" WIDTH="174" HEIGHT="39" WC="0.93" CONTENT="framlagd"/><SP WIDTH="22" VPOS="540" HPOS="1584"/>
							<String ID="string_58" HPOS="1606" VPOS="542" WIDTH="142" HEIGHT="38" WC="0.92" CONTENT="redogö-"/>
						</TextLine>
						<TextLine ID="line_7" HPOS="261" VPOS="578" WIDTH="1487" HEIGHT="42">
							<String ID="string_59" HPOS="261" VPOS="578" WIDTH="88" HEIGHT="29" WC="0.91" CONTENT="relse"/><SP WIDTH="24" VPOS="578" HPOS="349"/>
							<String ID="string_60" HPOS="373" VPOS="578" WIDTH="54" HEIGHT="29" WC="0.93" CONTENT="för"/><SP WIDTH="22" VPOS="578" HPOS="427"/>
							<String ID="string_61" HPOS="449" VPOS="579" WIDTH="328" HEIGHT="31" WC="0.92" CONTENT="bostadsbeståndet"/><SP WIDTH="23" VPOS="579" HPOS="777"/>
							<String ID="string_62" HPOS="800" VPOS="581" WIDTH="57" HEIGHT="29" WC="0.96" CONTENT="vid"/><SP WIDTH="24" VPOS="581" HPOS="857"/>
							<String ID="string_63" HPOS="881" VPOS="581" WIDTH="197" HEIGHT="39" WC="0.96" CONTENT="sjukhuset,"/><SP WIDTH="23" VPOS="581" HPOS="1078"/>
							<String ID="string_64" HPOS="1101" VPOS="584" WIDTH="73" HEIGHT="28" WC="0.96" CONTENT="vari"/><SP WIDTH="23" VPOS="584" HPOS="1174"/>
							<String ID="string_65" HPOS="1197" VPOS="583" WIDTH="45" HEIGHT="29" WC="0.91" CONTENT="bl."/><SP WIDTH="25" VPOS="583" HPOS="1242"/>
							<String ID="string_66" HPOS="1267" VPOS="593" WIDTH="30" HEIGHT="20" WC="0.95" CONTENT="a."/><SP WIDTH="25" VPOS="593" HPOS="1297"/>
							<String ID="string_67" HPOS="1322" VPOS="585" WIDTH="174" HEIGHT="33" WC="0.96" CONTENT="anfördes,"/><SP WIDTH="26" VPOS="585" HPOS="1496"/>
							<String ID="string_68" HPOS="1522" VPOS="588" WIDTH="50" HEIGHT="27" WC="0.96" CONTENT="att"/><SP WIDTH="23" VPOS="588" HPOS="1572"/>
							<String ID="string_69" HPOS="1595" VPOS="586" WIDTH="153" HEIGHT="30" WC="0.95" CONTENT="flertalet"/>
						</TextLine>
						<TextLine ID="line_8" HPOS="261" VPOS="622" WIDTH="1487" HEIGHT="41">
							<String ID="string_70" HPOS="261" VPOS="631" WIDTH="43" HEIGHT="19" WC="0.96" CONTENT="av"/><SP WIDTH="22" VPOS="631" HPOS="304"/>
							<String ID="string_71" HPOS="326" VPOS="622" WIDTH="204" HEIGHT="38" WC="0.93" CONTENT="sjukhusets"/><SP WIDTH="24" VPOS="622" HPOS="530"/>
							<String ID="string_72" HPOS="554" VPOS="624" WIDTH="302" HEIGHT="39" WC="0.92" CONTENT="familjebostäder"/><SP WIDTH="22" VPOS="624" HPOS="856"/>
							<String ID="string_73" HPOS="878" VPOS="626" WIDTH="192" HEIGHT="30" WC="0.96" CONTENT="omfattade"/><SP WIDTH="23" VPOS="626" HPOS="1070"/>
							<String ID="string_74" HPOS="1093" VPOS="627" WIDTH="123" HEIGHT="30" WC="0.95" CONTENT="endast"/><SP WIDTH="24" VPOS="627" HPOS="1216"/>
							<String ID="string_75" HPOS="1240" VPOS="630" WIDTH="49" HEIGHT="28" WC="0.95" CONTENT="ett"/><SP WIDTH="25" VPOS="630" HPOS="1289"/>
							<String ID="string_76" HPOS="1314" VPOS="638" WIDTH="77" HEIGHT="20" WC="0.96" CONTENT="rum"/><SP WIDTH="24" VPOS="638" HPOS="1391"/>
							<String ID="string_77" HPOS="1415" VPOS="630" WIDTH="64" HEIGHT="28" WC="0.96" CONTENT="och"/><SP WIDTH="24" VPOS="630" HPOS="1479"/>
							<String ID="string_78" HPOS="1503" VPOS="630" WIDTH="82" HEIGHT="29" WC="0.96" CONTENT="kök."/><SP WIDTH="24" VPOS="630" HPOS="1585"/>
							<String ID="string_79" HPOS="1609" VPOS="631" WIDTH="78" HEIGHT="29" WC="0.95" CONTENT="Med"/><SP WIDTH="25" VPOS="631" HPOS="1687"/>
							<String ID="string_80" HPOS="1712" VPOS="631" WIDTH="36" HEIGHT="29" WC="0.96" CONTENT="få"/>
						</TextLine>
						<TextLine ID="line_9" HPOS="262" VPOS="666" WIDTH="1487" HEIGHT="46">
							<String ID="string_81" HPOS="262" VPOS="666" WIDTH="178" HEIGHT="40" WC="0.95" CONTENT="undantag"/><SP WIDTH="20" VPOS="666" HPOS="440"/>
							<String ID="string_82" HPOS="460" VPOS="668" WIDTH="155" HEIGHT="30" WC="0.96" CONTENT="saknade"/><SP WIDTH="20" VPOS="668" HPOS="615"/>
							<String ID="string_83" HPOS="635" VPOS="669" WIDTH="246" HEIGHT="39" WC="0.96" CONTENT="lägenheterna"/><SP WIDTH="21" VPOS="669" HPOS="881"/>
							<String ID="string_84" HPOS="902" VPOS="670" WIDTH="95" HEIGHT="30" WC="0.93" CONTENT="såväl"/><SP WIDTH="21" VPOS="670" HPOS="997"/>
							<String ID="string_85" HPOS="1018" VPOS="672" WIDTH="395" HEIGHT="40" WC="0.90" CONTENT="centralvärmeledning"/><SP WIDTH="21" VPOS="672" HPOS="1413"/>
							<String ID="string_86" HPOS="1434" VPOS="683" WIDTH="75" HEIGHT="20" WC="0.96" CONTENT="som"/><SP WIDTH="21" VPOS="683" HPOS="1509"/>
							<String ID="string_87" HPOS="1530" VPOS="678" WIDTH="219" HEIGHT="27" WC="0.95" CONTENT="varmvatten"/>
						</TextLine>
						<TextLine ID="line_10" HPOS="261" VPOS="710" WIDTH="1487" HEIGHT="48">
							<String ID="string_88" HPOS="261" VPOS="710" WIDTH="66" HEIGHT="29" WC="0.96" CONTENT="och"/><SP WIDTH="19" VPOS="710" HPOS="327"/>
							<String ID="string_89" HPOS="346" VPOS="711" WIDTH="157" HEIGHT="30" WC="0.95" CONTENT="badrum."/><SP WIDTH="22" VPOS="711" HPOS="503"/>
							<String ID="string_90" HPOS="525" VPOS="713" WIDTH="165" HEIGHT="39" WC="0.93" CONTENT="Samtliga"/><SP WIDTH="19" VPOS="713" HPOS="690"/>
							<String ID="string_91" HPOS="709" VPOS="714" WIDTH="224" HEIGHT="30" WC="0.91" CONTENT="bostadsrum"/><SP WIDTH="20" VPOS="714" HPOS="933"/>
							<String ID="string_92" HPOS="953" VPOS="715" WIDTH="55" HEIGHT="30" WC="0.96" CONTENT="för"/><SP WIDTH="20" VPOS="715" HPOS="1008"/>
							<String ID="string_93" HPOS="1028" VPOS="715" WIDTH="87" HEIGHT="39" WC="0.96" CONTENT="ogift"/><SP WIDTH="19" VPOS="715" HPOS="1115"/>
							<String ID="string_94" HPOS="1134" VPOS="717" WIDTH="163" HEIGHT="38" WC="0.93" CONTENT="personal"/><SP WIDTH="21" VPOS="717" HPOS="1297"/>
							<String ID="string_95" HPOS="1318" VPOS="717" WIDTH="73" HEIGHT="39" WC="0.91" CONTENT="låge"/><SP WIDTH="20" VPOS="717" HPOS="1391"/>
							<String ID="string_96" HPOS="1411" VPOS="719" WIDTH="11" HEIGHT="28" WC="0.93" CONTENT="i"/><SP WIDTH="19" VPOS="719" HPOS="1422"/>
							<String ID="string_97" HPOS="1441" VPOS="718" WIDTH="307" HEIGHT="40" WC="0.91" CONTENT="vårdpaviljonger"/>
						</TextLine>
						<TextLine ID="line_11" HPOS="260" VPOS="755" WIDTH="1489" HEIGHT="46">
							<String ID="string_98" HPOS="260" VPOS="755" WIDTH="84" HEIGHT="29" WC="0.96" CONTENT="eller"/><SP WIDTH="21" VPOS="755" HPOS="344"/>
							<String ID="string_99" HPOS="365" VPOS="755" WIDTH="373" HEIGHT="41" WC="0.96" CONTENT="ekonomibyggnader."/><SP WIDTH="24" VPOS="755" HPOS="738"/>
							<String ID="string_100" HPOS="762" VPOS="758" WIDTH="53" HEIGHT="29" WC="0.91" CONTENT="En"/><SP WIDTH="22" VPOS="758" HPOS="815"/>
							<String ID="string_101" HPOS="837" VPOS="759" WIDTH="322" HEIGHT="31" WC="0.91" CONTENT="tillfredsställande"/><SP WIDTH="22" VPOS="759" HPOS="1159"/>
							<String ID="string_102" HPOS="1181" VPOS="761" WIDTH="140" HEIGHT="39" WC="0.96" CONTENT="lösning"/><SP WIDTH="21" VPOS="761" HPOS="1321"/>
							<String ID="string_103" HPOS="1342" VPOS="771" WIDTH="42" HEIGHT="20" WC="0.95" CONTENT="av"/><SP WIDTH="21" VPOS="771" HPOS="1384"/>
							<String ID="string_104" HPOS="1405" VPOS="762" WIDTH="207" HEIGHT="39" WC="0.93" CONTENT="sjukhusets"/><SP WIDTH="21" VPOS="762" HPOS="1612"/>
							<String ID="string_105" HPOS="1633" VPOS="764" WIDTH="116" HEIGHT="29" WC="0.91" CONTENT="bostä-"/>
						</TextLine>
						<TextLine ID="line_12" HPOS="260" VPOS="799" WIDTH="1488" HEIGHT="48">
							<String ID="string_106" HPOS="260" VPOS="799" WIDTH="62" HEIGHT="29" WC="0.96" CONTENT="der"/><SP WIDTH="21" VPOS="799" HPOS="322"/>
							<String ID="string_107" HPOS="343" VPOS="799" WIDTH="138" HEIGHT="30" WC="0.96" CONTENT="komme"/><SP WIDTH="22" VPOS="799" HPOS="481"/>
							<String ID="string_108" HPOS="503" VPOS="801" WIDTH="121" HEIGHT="30" WC="0.96" CONTENT="därför"/><SP WIDTH="21" VPOS="801" HPOS="624"/>
							<String ID="string_109" HPOS="645" VPOS="804" WIDTH="50" HEIGHT="27" WC="0.96" CONTENT="att"/><SP WIDTH="21" VPOS="804" HPOS="695"/>
							<String ID="string_110" HPOS="716" VPOS="802" WIDTH="110" HEIGHT="30" WC="0.96" CONTENT="kräva"/><SP WIDTH="21" VPOS="802" HPOS="826"/>
							<String ID="string_111" HPOS="847" VPOS="803" WIDTH="217" HEIGHT="31" WC="0.91" CONTENT="omfattande"/><SP WIDTH="22" VPOS="803" HPOS="1064"/>
							<String ID="string_112" HPOS="1086" VPOS="805" WIDTH="242" HEIGHT="39" WC="0.91" CONTENT="nybyggnads-"/><SP WIDTH="21" VPOS="805" HPOS="1328"/>
							<String ID="string_113" HPOS="1349" VPOS="807" WIDTH="64" HEIGHT="28" WC="0.93" CONTENT="och"/><SP WIDTH="23" VPOS="807" HPOS="1413"/>
							<String ID="string_114" HPOS="1436" VPOS="807" WIDTH="312" HEIGHT="40" WC="0.92" CONTENT="moderniserings-"/>
						</TextLine>
						<TextLine ID="line_13" HPOS="260" VPOS="843" WIDTH="1488" HEIGHT="48">
							<String ID="string_115" HPOS="260" VPOS="843" WIDTH="170" HEIGHT="38" WC="0.96" CONTENT="åtgärder."/><SP WIDTH="22" VPOS="843" HPOS="430"/>
							<String ID="string_116" HPOS="452" VPOS="845" WIDTH="78" HEIGHT="29" WC="0.96" CONTENT="Med"/><SP WIDTH="22" VPOS="845" HPOS="530"/>
							<String ID="string_117" HPOS="552" VPOS="846" WIDTH="188" HEIGHT="39" WC="0.96" CONTENT="anledning"/><SP WIDTH="21" VPOS="846" HPOS="740"/>
							<String ID="string_118" HPOS="761" VPOS="847" WIDTH="110" HEIGHT="30" WC="0.96" CONTENT="härav"/><SP WIDTH="20" VPOS="847" HPOS="871"/>
							<String ID="string_119" HPOS="891" VPOS="848" WIDTH="112" HEIGHT="30" WC="0.96" CONTENT="skulle"/><SP WIDTH="21" VPOS="848" HPOS="1003"/>
							<String ID="string_120" HPOS="1024" VPOS="849" WIDTH="219" HEIGHT="34" WC="0.96" CONTENT="kommittén,"/><SP WIDTH="24" VPOS="849" HPOS="1243"/>
							<String ID="string_121" HPOS="1267" VPOS="850" WIDTH="38" HEIGHT="29" WC="0.96" CONTENT="så"/><SP WIDTH="22" VPOS="850" HPOS="1305"/>
							<String ID="string_122" HPOS="1327" VPOS="853" WIDTH="95" HEIGHT="27" WC="0.96" CONTENT="snart"/><SP WIDTH="22" VPOS="853" HPOS="1422"/>
							<String ID="string_123" HPOS="1444" VPOS="851" WIDTH="228" HEIGHT="40" WC="0.93" CONTENT="erforderliga"/><SP WIDTH="23" VPOS="851" HPOS="1672"/>
							<String ID="string_124" HPOS="1695" VPOS="855" WIDTH="53" HEIGHT="27" WC="0.93" CONTENT="ut-"/>
						</TextLine>
						<TextLine ID="line_14" HPOS="259" VPOS="887" WIDTH="1487" HEIGHT="47">
							<String ID="string_125" HPOS="259" VPOS="887" WIDTH="186" HEIGHT="40" WC="0.91" CONTENT="redningar"/><SP WIDTH="20" VPOS="887" HPOS="445"/>
							<String ID="string_126" HPOS="465" VPOS="890" WIDTH="212" HEIGHT="34" WC="0.91" CONTENT="verkställts,"/><SP WIDTH="22" VPOS="890" HPOS="677"/>
							<String ID="string_127" HPOS="699" VPOS="891" WIDTH="194" HEIGHT="40" WC="0.96" CONTENT="framlägga"/><SP WIDTH="21" VPOS="891" HPOS="893"/>
							<String ID="string_128" HPOS="914" VPOS="901" WIDTH="43" HEIGHT="21" WC="0.97" CONTENT="en"/><SP WIDTH="21" VPOS="901" HPOS="957"/>
							<String ID="string_129" HPOS="978" VPOS="893" WIDTH="84" HEIGHT="39" WC="0.96" CONTENT="plan"/><SP WIDTH="22" VPOS="893" HPOS="1062"/>
							<String ID="string_130" HPOS="1084" VPOS="893" WIDTH="54" HEIGHT="30" WC="0.96" CONTENT="för"/><SP WIDTH="22" VPOS="893" HPOS="1138"/>
							<String ID="string_131" HPOS="1160" VPOS="895" WIDTH="174" HEIGHT="28" WC="0.96" CONTENT="successiv"/><SP WIDTH="22" VPOS="895" HPOS="1334"/>
							<String ID="string_132" HPOS="1356" VPOS="895" WIDTH="211" HEIGHT="39" WC="0.96" CONTENT="förbättring"/><SP WIDTH="21" VPOS="895" HPOS="1567"/>
							<String ID="string_133" HPOS="1588" VPOS="897" WIDTH="65" HEIGHT="29" WC="0.93" CONTENT="och"/><SP WIDTH="23" VPOS="897" HPOS="1653"/>
							<String ID="string_134" HPOS="1676" VPOS="897" WIDTH="70" HEIGHT="29" WC="0.92" CONTENT="för-"/>
						</TextLine>
						<TextLine ID="line_15" HPOS="258" VPOS="932" WIDTH="429" HEIGHT="38">
							<String ID="string_135" HPOS="258" VPOS="932" WIDTH="117" HEIGHT="38" WC="0.91" CONTENT="nyelse"/><SP WIDTH="26" VPOS="932" HPOS="375"/>
							<String ID="string_136" HPOS="401" VPOS="942" WIDTH="40" HEIGHT="20" WC="0.96" CONTENT="av"/><SP WIDTH="26" VPOS="942" HPOS="441"/>
							<String ID="string_137" HPOS="467" VPOS="934" WIDTH="220" HEIGHT="30" WC="0.96" CONTENT="bostäderna."/>
						</TextLine>
					</TextBlock>
					<TextBlock ID="block_3" HPOS="254" VPOS="976" WIDTH="1491" HEIGHT="398">
						<TextLine ID="line_16" HPOS="304" VPOS="976" WIDTH="1441" HEIGHT="46">
							<String ID="string_138" HPOS="304" VPOS="976" WIDTH="214" HEIGHT="31" WC="0.96" CONTENT="Kommittén"/><SP WIDTH="22" VPOS="976" HPOS="518"/>
							<String ID="string_139" HPOS="540" VPOS="978" WIDTH="64" HEIGHT="29" WC="0.96" CONTENT="har"/><SP WIDTH="22" VPOS="978" HPOS="604"/>
							<String ID="string_140" HPOS="626" VPOS="988" WIDTH="47" HEIGHT="20" WC="0.95" CONTENT="nu"/><SP WIDTH="22" VPOS="988" HPOS="673"/>
							<String ID="string_141" HPOS="695" VPOS="979" WIDTH="129" HEIGHT="34" WC="0.96" CONTENT="funnit,"/><SP WIDTH="24" VPOS="979" HPOS="824"/>
							<String ID="string_142" HPOS="848" VPOS="983" WIDTH="49" HEIGHT="27" WC="0.96" CONTENT="att"/><SP WIDTH="22" VPOS="983" HPOS="897"/>
							<String ID="string_143" HPOS="919" VPOS="981" WIDTH="67" HEIGHT="34" WC="0.95" CONTENT="det,"/><SP WIDTH="24" VPOS="981" HPOS="986"/>
							<String ID="string_144" HPOS="1010" VPOS="981" WIDTH="115" HEIGHT="30" WC="0.96" CONTENT="därest"/><SP WIDTH="22" VPOS="981" HPOS="1125"/>
							<String ID="string_145" HPOS="1147" VPOS="983" WIDTH="78" HEIGHT="29" WC="0.96" CONTENT="hela"/><SP WIDTH="23" VPOS="983" HPOS="1225"/>
							<String ID="string_146" HPOS="1248" VPOS="983" WIDTH="58" HEIGHT="29" WC="0.96" CONTENT="det"/><SP WIDTH="23" VPOS="983" HPOS="1306"/>
							<String ID="string_147" HPOS="1329" VPOS="984" WIDTH="235" HEIGHT="38" WC="0.93" CONTENT="föreliggande"/><SP WIDTH="23" VPOS="984" HPOS="1564"/>
							<String ID="string_148" HPOS="1587" VPOS="986" WIDTH="158" HEIGHT="29" WC="0.92" CONTENT="bostads-"/>
						</TextLine>
						<TextLine ID="line_17" HPOS="256" VPOS="1020" WIDTH="1489" HEIGHT="48">
							<String ID="string_149" HPOS="256" VPOS="1020" WIDTH="147" HEIGHT="30" WC="0.46" CONTENT="behovet"/><SP WIDTH="28" VPOS="1020" HPOS="403"/>
							<String ID="string_150" HPOS="431" VPOS="1022" WIDTH="112" HEIGHT="29" WC="0.96" CONTENT="skulle"/><SP WIDTH="29" VPOS="1022" HPOS="543"/>
							<String ID="string_151" HPOS="572" VPOS="1023" WIDTH="200" HEIGHT="38" WC="0.96" CONTENT="tillgodoses"/><SP WIDTH="29" VPOS="1023" HPOS="772"/>
							<String ID="string_152" HPOS="801" VPOS="1032" WIDTH="123" HEIGHT="30" WC="0.96" CONTENT="genom"/><SP WIDTH="30" VPOS="1032" HPOS="924"/>
							<String ID="string_153" HPOS="954" VPOS="1027" WIDTH="132" HEIGHT="28" WC="0.96" CONTENT="statens"/><SP WIDTH="28" VPOS="1027" HPOS="1086"/>
							<String ID="string_154" HPOS="1114" VPOS="1026" WIDTH="147" HEIGHT="40" WC="0.96" CONTENT="försorg,"/><SP WIDTH="30" VPOS="1026" HPOS="1261"/>
							<String ID="string_155" HPOS="1291" VPOS="1028" WIDTH="112" HEIGHT="29" WC="0.96" CONTENT="skulle"/><SP WIDTH="29" VPOS="1028" HPOS="1403"/>
							<String ID="string_156" HPOS="1432" VPOS="1030" WIDTH="233" HEIGHT="38" WC="0.91" CONTENT="sammanlagt"/><SP WIDTH="29" VPOS="1030" HPOS="1665"/>
							<String ID="string_157" HPOS="1694" VPOS="1040" WIDTH="51" HEIGHT="19" WC="0.91" CONTENT="er-"/>
						</TextLine>
						<TextLine ID="line_18" HPOS="257" VPOS="1064" WIDTH="1487" HEIGHT="49">
							<String ID="string_158" HPOS="257" VPOS="1064" WIDTH="138" HEIGHT="30" WC="0.96" CONTENT="fordras"/><SP WIDTH="27" VPOS="1064" HPOS="395"/>
							<String ID="string_159" HPOS="422" VPOS="1066" WIDTH="219" HEIGHT="39" WC="0.95" CONTENT="uppförande"/><SP WIDTH="27" VPOS="1066" HPOS="641"/>
							<String ID="string_160" HPOS="668" VPOS="1077" WIDTH="41" HEIGHT="19" WC="0.96" CONTENT="av"/><SP WIDTH="25" VPOS="1077" HPOS="709"/>
							<String ID="string_161" HPOS="734" VPOS="1069" WIDTH="200" HEIGHT="39" WC="0.96" CONTENT="ytterligare"/><SP WIDTH="26" VPOS="1069" HPOS="934"/>
							<String ID="string_162" HPOS="960" VPOS="1070" WIDTH="19" HEIGHT="29" WC="0.84" CONTENT="3"/><SP WIDTH="28" VPOS="1070" HPOS="979"/>
							<String ID="string_163" HPOS="1007" VPOS="1070" WIDTH="273" HEIGHT="35" WC="0.92" CONTENT="läkarbostäder,"/><SP WIDTH="29" VPOS="1070" HPOS="1280"/>
							<String ID="string_164" HPOS="1309" VPOS="1082" WIDTH="41" HEIGHT="19" WC="0.96" CONTENT="av"/><SP WIDTH="25" VPOS="1082" HPOS="1350"/>
							<String ID="string_165" HPOS="1375" VPOS="1073" WIDTH="93" HEIGHT="28" WC="0.96" CONTENT="vilka"/><SP WIDTH="27" VPOS="1073" HPOS="1468"/>
							<String ID="string_166" HPOS="1495" VPOS="1083" WIDTH="42" HEIGHT="19" WC="0.95" CONTENT="en"/><SP WIDTH="29" VPOS="1083" HPOS="1537"/>
							<String ID="string_167" HPOS="1566" VPOS="1075" WIDTH="178" HEIGHT="38" WC="0.95" CONTENT="upptagits"/>
						</TextLine>
						<TextLine ID="line_19" HPOS="257" VPOS="1108" WIDTH="1487" HEIGHT="49">
							<String ID="string_168" HPOS="257" VPOS="1108" WIDTH="116" HEIGHT="30" WC="0.93" CONTENT="såsom"/><SP WIDTH="21" VPOS="1108" HPOS="373"/>
							<String ID="string_169" HPOS="394" VPOS="1110" WIDTH="330" HEIGHT="40" WC="0.91" CONTENT="beredskapsarbete"/><SP WIDTH="22" VPOS="1110" HPOS="724"/>
							<String ID="string_170" HPOS="746" VPOS="1112" WIDTH="56" HEIGHT="30" WC="0.96" CONTENT="för"/><SP WIDTH="22" VPOS="1112" HPOS="802"/>
							<String ID="string_171" HPOS="824" VPOS="1113" WIDTH="233" HEIGHT="31" WC="0.96" CONTENT="innevarande"/><SP WIDTH="22" VPOS="1113" HPOS="1057"/>
							<String ID="string_172" HPOS="1079" VPOS="1115" WIDTH="179" HEIGHT="39" WC="0.96" CONTENT="budgetår,"/><SP WIDTH="23" VPOS="1115" HPOS="1258"/>
							<String ID="string_173" HPOS="1281" VPOS="1117" WIDTH="18" HEIGHT="28" WC="0.96" CONTENT="6"/><SP WIDTH="22" VPOS="1117" HPOS="1299"/>
							<String ID="string_174" HPOS="1321" VPOS="1117" WIDTH="162" HEIGHT="29" WC="0.95" CONTENT="bostäder"/><SP WIDTH="23" VPOS="1117" HPOS="1483"/>
							<String ID="string_175" HPOS="1506" VPOS="1118" WIDTH="54" HEIGHT="28" WC="0.96" CONTENT="för"/><SP WIDTH="22" VPOS="1118" HPOS="1560"/>
							<String ID="string_176" HPOS="1582" VPOS="1118" WIDTH="64" HEIGHT="38" WC="0.95" CONTENT="gift"/><SP WIDTH="22" VPOS="1118" HPOS="1646"/>
							<String ID="string_177" HPOS="1668" VPOS="1128" WIDTH="76" HEIGHT="29" WC="0.88" CONTENT="per-"/>
						</TextLine>
						<TextLine ID="line_20" HPOS="258" VPOS="1154" WIDTH="1487" HEIGHT="48">
							<String ID="string_178" HPOS="258" VPOS="1154" WIDTH="109" HEIGHT="32" WC="0.86" CONTENT="sonal,"/><SP WIDTH="25" VPOS="1154" HPOS="367"/>
							<String ID="string_179" HPOS="392" VPOS="1154" WIDTH="39" HEIGHT="29" WC="0.96" CONTENT="20"/><SP WIDTH="24" VPOS="1154" HPOS="431"/>
							<String ID="string_180" HPOS="455" VPOS="1155" WIDTH="197" HEIGHT="30" WC="0.96" CONTENT="dubbletter"/><SP WIDTH="23" VPOS="1155" HPOS="652"/>
							<String ID="string_181" HPOS="675" VPOS="1157" WIDTH="64" HEIGHT="28" WC="0.96" CONTENT="och"/><SP WIDTH="28" VPOS="1157" HPOS="739"/>
							<String ID="string_182" HPOS="767" VPOS="1157" WIDTH="61" HEIGHT="29" WC="0.96" CONTENT="120"/><SP WIDTH="24" VPOS="1157" HPOS="828"/>
							<String ID="string_183" HPOS="852" VPOS="1158" WIDTH="193" HEIGHT="29" WC="0.96" CONTENT="enkelrum."/><SP WIDTH="25" VPOS="1158" HPOS="1045"/>
							<String ID="string_184" HPOS="1070" VPOS="1159" WIDTH="91" HEIGHT="29" WC="0.83" CONTENT="Även"/><SP WIDTH="24" VPOS="1159" HPOS="1161"/>
							<String ID="string_185" HPOS="1185" VPOS="1169" WIDTH="58" HEIGHT="20" WC="0.96" CONTENT="om"/><SP WIDTH="25" VPOS="1169" HPOS="1243"/>
							<String ID="string_186" HPOS="1268" VPOS="1160" WIDTH="187" HEIGHT="38" WC="0.96" CONTENT="sjukhuset"/><SP WIDTH="25" VPOS="1160" HPOS="1455"/>
							<String ID="string_187" HPOS="1480" VPOS="1163" WIDTH="38" HEIGHT="27" WC="0.96" CONTENT="är"/><SP WIDTH="24" VPOS="1163" HPOS="1518"/>
							<String ID="string_188" HPOS="1542" VPOS="1162" WIDTH="134" HEIGHT="39" WC="0.96" CONTENT="beläget"/><SP WIDTH="24" VPOS="1162" HPOS="1676"/>
							<String ID="string_189" HPOS="1700" VPOS="1163" WIDTH="45" HEIGHT="39" WC="0.96" CONTENT="på"/>
						</TextLine>
						<TextLine ID="line_21" HPOS="256" VPOS="1197" WIDTH="1488" HEIGHT="47">
							<String ID="string_190" HPOS="256" VPOS="1197" WIDTH="273" HEIGHT="31" WC="0.96" CONTENT="förhållandevis"/><SP WIDTH="27" VPOS="1197" HPOS="529"/>
							<String ID="string_191" HPOS="556" VPOS="1199" WIDTH="96" HEIGHT="39" WC="0.95" CONTENT="långt"/><SP WIDTH="25" VPOS="1199" HPOS="652"/>
							<String ID="string_192" HPOS="677" VPOS="1201" WIDTH="148" HEIGHT="29" WC="0.96" CONTENT="avstånd"/><SP WIDTH="27" VPOS="1201" HPOS="825"/>
							<String ID="string_193" HPOS="852" VPOS="1202" WIDTH="78" HEIGHT="29" WC="0.96" CONTENT="från"/><SP WIDTH="26" VPOS="1202" HPOS="930"/>
							<String ID="string_194" HPOS="956" VPOS="1203" WIDTH="68" HEIGHT="29" WC="0.96" CONTENT="den"/><SP WIDTH="25" VPOS="1203" HPOS="1024"/>
							<String ID="string_195" HPOS="1049" VPOS="1204" WIDTH="169" HEIGHT="38" WC="0.96" CONTENT="egentliga"/><SP WIDTH="28" VPOS="1204" HPOS="1218"/>
							<String ID="string_196" HPOS="1246" VPOS="1205" WIDTH="327" HEIGHT="39" WC="0.96" CONTENT="stadsbebyggelsen"/><SP WIDTH="26" VPOS="1205" HPOS="1573"/>
							<String ID="string_197" HPOS="1599" VPOS="1208" WIDTH="64" HEIGHT="28" WC="0.93" CONTENT="och"/><SP WIDTH="28" VPOS="1208" HPOS="1663"/>
							<String ID="string_198" HPOS="1691" VPOS="1208" WIDTH="53" HEIGHT="29" WC="0.93" CONTENT="så-"/>
						</TextLine>
						<TextLine ID="line_22" HPOS="255" VPOS="1241" WIDTH="1488" HEIGHT="49">
							<String ID="string_199" HPOS="255" VPOS="1241" WIDTH="108" HEIGHT="30" WC="0.90" CONTENT="lunda"/><SP WIDTH="19" VPOS="1241" HPOS="363"/>
							<String ID="string_200" HPOS="382" VPOS="1243" WIDTH="10" HEIGHT="28" WC="0.96" CONTENT="i"/><SP WIDTH="19" VPOS="1243" HPOS="392"/>
							<String ID="string_201" HPOS="411" VPOS="1244" WIDTH="167" HEIGHT="29" WC="0.96" CONTENT="avsevärd"/><SP WIDTH="21" VPOS="1244" HPOS="578"/>
							<String ID="string_202" HPOS="599" VPOS="1245" WIDTH="244" HEIGHT="39" WC="0.95" CONTENT="utsträckning"/><SP WIDTH="19" VPOS="1245" HPOS="843"/>
							<String ID="string_203" HPOS="862" VPOS="1246" WIDTH="170" HEIGHT="30" WC="0.96" CONTENT="beroende"/><SP WIDTH="20" VPOS="1246" HPOS="1032"/>
							<String ID="string_204" HPOS="1052" VPOS="1257" WIDTH="42" HEIGHT="19" WC="0.96" CONTENT="av"/><SP WIDTH="19" VPOS="1257" HPOS="1094"/>
							<String ID="string_205" HPOS="1113" VPOS="1248" WIDTH="189" HEIGHT="39" WC="0.95" CONTENT="tillgången"/><SP WIDTH="20" VPOS="1248" HPOS="1302"/>
							<String ID="string_206" HPOS="1322" VPOS="1249" WIDTH="43" HEIGHT="39" WC="0.96" CONTENT="på"/><SP WIDTH="19" VPOS="1249" HPOS="1365"/>
							<String ID="string_207" HPOS="1384" VPOS="1250" WIDTH="163" HEIGHT="30" WC="0.96" CONTENT="bostäder"/><SP WIDTH="19" VPOS="1250" HPOS="1547"/>
							<String ID="string_208" HPOS="1566" VPOS="1252" WIDTH="58" HEIGHT="28" WC="0.96" CONTENT="vid"/><SP WIDTH="21" VPOS="1252" HPOS="1624"/>
							<String ID="string_209" HPOS="1645" VPOS="1252" WIDTH="98" HEIGHT="38" WC="0.91" CONTENT="sjuk-"/>
						</TextLine>
						<TextLine ID="line_23" HPOS="254" VPOS="1285" WIDTH="1488" HEIGHT="48">
							<String ID="string_210" HPOS="254" VPOS="1285" WIDTH="113" HEIGHT="34" WC="0.96" CONTENT="huset,"/><SP WIDTH="23" VPOS="1285" HPOS="367"/>
							<String ID="string_211" HPOS="390" VPOS="1296" WIDTH="100" HEIGHT="20" WC="0.95" CONTENT="anser"/><SP WIDTH="22" VPOS="1296" HPOS="490"/>
							<String ID="string_212" HPOS="512" VPOS="1288" WIDTH="51" HEIGHT="38" WC="0.96" CONTENT="sig"/><SP WIDTH="22" VPOS="1288" HPOS="563"/>
							<String ID="string_213" HPOS="585" VPOS="1288" WIDTH="210" HEIGHT="30" WC="0.96" CONTENT="kommittén"/><SP WIDTH="21" VPOS="1288" HPOS="795"/>
							<String ID="string_214" HPOS="816" VPOS="1290" WIDTH="105" HEIGHT="30" WC="0.96" CONTENT="likväl"/><SP WIDTH="21" VPOS="1290" HPOS="921"/>
							<String ID="string_215" HPOS="942" VPOS="1291" WIDTH="76" HEIGHT="29" WC="0.96" CONTENT="icke"/><SP WIDTH="22" VPOS="1291" HPOS="1018"/>
							<String ID="string_216" HPOS="1040" VPOS="1292" WIDTH="120" HEIGHT="30" WC="0.96" CONTENT="kunna"/><SP WIDTH="22" VPOS="1292" HPOS="1160"/>
							<String ID="string_217" HPOS="1182" VPOS="1293" WIDTH="130" HEIGHT="30" WC="0.96" CONTENT="föreslå"/><SP WIDTH="23" VPOS="1293" HPOS="1312"/>
							<String ID="string_218" HPOS="1335" VPOS="1303" WIDTH="41" HEIGHT="20" WC="0.97" CONTENT="en"/><SP WIDTH="23" VPOS="1303" HPOS="1376"/>
							<String ID="string_219" HPOS="1399" VPOS="1294" WIDTH="200" HEIGHT="39" WC="0.96" CONTENT="utbyggnad"/><SP WIDTH="23" VPOS="1294" HPOS="1599"/>
							<String ID="string_220" HPOS="1622" VPOS="1305" WIDTH="42" HEIGHT="20" WC="0.93" CONTENT="av"/><SP WIDTH="20" VPOS="1305" HPOS="1664"/>
							<String ID="string_221" HPOS="1684" VPOS="1296" WIDTH="58" HEIGHT="29" WC="0.90" CONTENT="bo-"/>
						</TextLine>
						<TextLine ID="line_24" HPOS="255" VPOS="1330" WIDTH="812" HEIGHT="44">
							<String ID="string_222" HPOS="255" VPOS="1330" WIDTH="280" HEIGHT="31" WC="0.91" CONTENT="stadsbeståndet"/><SP WIDTH="22" VPOS="1330" HPOS="535"/>
							<String ID="string_223" HPOS="557" VPOS="1342" WIDTH="42" HEIGHT="19" WC="0.96" CONTENT="av"/><SP WIDTH="22" VPOS="1342" HPOS="599"/>
							<String ID="string_224" HPOS="621" VPOS="1333" WIDTH="113" HEIGHT="29" WC="0.96" CONTENT="denna"/><SP WIDTH="23" VPOS="1333" HPOS="734"/>
							<String ID="string_225" HPOS="757" VPOS="1334" WIDTH="310" HEIGHT="40" WC="0.96" CONTENT="storleksordning."/>
						</TextLine>
					</TextBlock>
					<TextBlock ID="block_4" HPOS="252" VPOS="1374" WIDTH="1490" HEIGHT="221">
						<TextLine ID="line_25" HPOS="300" VPOS="1374" WIDTH="1441" HEIGHT="45">
							<String ID="string_226" HPOS="300" VPOS="1374" WIDTH="51" HEIGHT="29" WC="0.96" CONTENT="Då"/><SP WIDTH="21" VPOS="1374" HPOS="351"/>
							<String ID="string_227" HPOS="372" VPOS="1375" WIDTH="210" HEIGHT="30" WC="0.96" CONTENT="kommittén"/><SP WIDTH="21" VPOS="1375" HPOS="582"/>
							<String ID="string_228" HPOS="603" VPOS="1377" WIDTH="63" HEIGHT="29" WC="0.96" CONTENT="har"/><SP WIDTH="22" VPOS="1377" HPOS="666"/>
							<String ID="string_229" HPOS="688" VPOS="1377" WIDTH="54" HEIGHT="30" WC="0.96" CONTENT="för"/><SP WIDTH="23" VPOS="1377" HPOS="742"/>
							<String ID="string_230" HPOS="765" VPOS="1379" WIDTH="114" HEIGHT="29" WC="0.95" CONTENT="avsikt"/><SP WIDTH="22" VPOS="1379" HPOS="879"/>
							<String ID="string_231" HPOS="901" VPOS="1381" WIDTH="50" HEIGHT="28" WC="0.96" CONTENT="att"/><SP WIDTH="22" VPOS="1381" HPOS="951"/>
							<String ID="string_232" HPOS="973" VPOS="1380" WIDTH="55" HEIGHT="29" WC="0.96" CONTENT="för"/><SP WIDTH="22" VPOS="1380" HPOS="1028"/>
							<String ID="string_233" HPOS="1050" VPOS="1381" WIDTH="204" HEIGHT="38" WC="0.93" CONTENT="budgetåret"/><SP WIDTH="25" VPOS="1381" HPOS="1254"/>
							<String ID="string_234" HPOS="1279" VPOS="1382" WIDTH="140" HEIGHT="30" WC="0.81" CONTENT="1955/56"/><SP WIDTH="23" VPOS="1382" HPOS="1419"/>
							<String ID="string_235" HPOS="1442" VPOS="1384" WIDTH="83" HEIGHT="28" WC="0.92" CONTENT="äska"/><SP WIDTH="26" VPOS="1384" HPOS="1525"/>
							<String ID="string_236" HPOS="1551" VPOS="1385" WIDTH="111" HEIGHT="28" WC="0.96" CONTENT="medel"/><SP WIDTH="24" VPOS="1385" HPOS="1662"/>
							<String ID="string_237" HPOS="1686" VPOS="1385" WIDTH="55" HEIGHT="30" WC="0.96" CONTENT="för"/>
						</TextLine>
						<TextLine ID="line_26" HPOS="254" VPOS="1419" WIDTH="1488" HEIGHT="50">
							<String ID="string_238" HPOS="254" VPOS="1419" WIDTH="205" HEIGHT="39" WC="0.96" CONTENT="renovering"/><SP WIDTH="27" VPOS="1419" HPOS="459"/>
							<String ID="string_239" HPOS="486" VPOS="1430" WIDTH="42" HEIGHT="19" WC="0.96" CONTENT="av"/><SP WIDTH="27" VPOS="1430" HPOS="528"/>
							<String ID="string_240" HPOS="555" VPOS="1421" WIDTH="92" HEIGHT="29" WC="0.93" CONTENT="vissa"/><SP WIDTH="27" VPOS="1421" HPOS="647"/>
							<String ID="string_241" HPOS="674" VPOS="1422" WIDTH="314" HEIGHT="40" WC="0.90" CONTENT="vårdpaviljonger,"/><SP WIDTH="29" VPOS="1422" HPOS="988"/>
							<String ID="string_242" HPOS="1017" VPOS="1425" WIDTH="66" HEIGHT="28" WC="0.96" CONTENT="blir"/><SP WIDTH="27" VPOS="1425" HPOS="1083"/>
							<String ID="string_243" HPOS="1110" VPOS="1426" WIDTH="56" HEIGHT="29" WC="0.96" CONTENT="det"/><SP WIDTH="27" VPOS="1426" HPOS="1166"/>
							<String ID="string_244" HPOS="1193" VPOS="1426" WIDTH="214" HEIGHT="40" WC="0.96" CONTENT="nödvändigt"/><SP WIDTH="28" VPOS="1426" HPOS="1407"/>
							<String ID="string_245" HPOS="1435" VPOS="1430" WIDTH="50" HEIGHT="27" WC="0.96" CONTENT="att"/><SP WIDTH="28" VPOS="1430" HPOS="1485"/>
							<String ID="string_246" HPOS="1513" VPOS="1430" WIDTH="229" HEIGHT="39" WC="0.92" CONTENT="ersättnings-"/>
						</TextLine>
						<TextLine ID="line_27" HPOS="253" VPOS="1463" WIDTH="1488" HEIGHT="49">
							<String ID="string_247" HPOS="253" VPOS="1463" WIDTH="163" HEIGHT="30" WC="0.96" CONTENT="bostäder"/><SP WIDTH="23" VPOS="1463" HPOS="416"/>
							<String ID="string_248" HPOS="439" VPOS="1464" WIDTH="55" HEIGHT="30" WC="0.96" CONTENT="för"/><SP WIDTH="23" VPOS="1464" HPOS="494"/>
							<String ID="string_249" HPOS="517" VPOS="1465" WIDTH="42" HEIGHT="29" WC="0.96" CONTENT="de"/><SP WIDTH="24" VPOS="1465" HPOS="559"/>
							<String ID="string_250" HPOS="583" VPOS="1466" WIDTH="10" HEIGHT="28" WC="0.92" CONTENT="i"/><SP WIDTH="24" VPOS="1466" HPOS="593"/>
							<String ID="string_251" HPOS="617" VPOS="1466" WIDTH="264" HEIGHT="40" WC="0.91" CONTENT="paviljongerna"/><SP WIDTH="23" VPOS="1466" HPOS="881"/>
							<String ID="string_252" HPOS="904" VPOS="1468" WIDTH="161" HEIGHT="39" WC="0.93" CONTENT="inrymda"/><SP WIDTH="23" VPOS="1468" HPOS="1065"/>
							<String ID="string_253" HPOS="1088" VPOS="1470" WIDTH="327" HEIGHT="38" WC="0.91" CONTENT="personalrummen"/><SP WIDTH="24" VPOS="1470" HPOS="1415"/>
							<String ID="string_254" HPOS="1439" VPOS="1472" WIDTH="96" HEIGHT="30" WC="0.95" CONTENT="finns"/><SP WIDTH="25" VPOS="1472" HPOS="1535"/>
							<String ID="string_255" HPOS="1560" VPOS="1476" WIDTH="49" HEIGHT="27" WC="0.95" CONTENT="att"/><SP WIDTH="26" VPOS="1476" HPOS="1609"/>
							<String ID="string_256" HPOS="1635" VPOS="1474" WIDTH="106" HEIGHT="38" WC="0.96" CONTENT="tillgå,"/>
						</TextLine>
						<TextLine ID="line_28" HPOS="252" VPOS="1508" WIDTH="1488" HEIGHT="42">
							<String ID="string_257" HPOS="252" VPOS="1508" WIDTH="65" HEIGHT="28" WC="0.96" CONTENT="när"/><SP WIDTH="23" VPOS="1508" HPOS="317"/>
							<String ID="string_258" HPOS="340" VPOS="1509" WIDTH="249" HEIGHT="39" WC="0.93" CONTENT="renoveringen"/><SP WIDTH="24" VPOS="1509" HPOS="589"/>
							<String ID="string_259" HPOS="613" VPOS="1510" WIDTH="88" HEIGHT="29" WC="0.93" CONTENT="skall"/><SP WIDTH="22" VPOS="1510" HPOS="701"/>
							<String ID="string_260" HPOS="723" VPOS="1511" WIDTH="225" HEIGHT="39" WC="0.88" CONTENT="igångsättas."/><SP WIDTH="24" VPOS="1511" HPOS="948"/>
							<String ID="string_261" HPOS="972" VPOS="1513" WIDTH="215" HEIGHT="30" WC="0.96" CONTENT="Kommittén"/><SP WIDTH="24" VPOS="1513" HPOS="1187"/>
							<String ID="string_262" HPOS="1211" VPOS="1514" WIDTH="149" HEIGHT="31" WC="0.96" CONTENT="föreslår"/><SP WIDTH="22" VPOS="1514" HPOS="1360"/>
							<String ID="string_263" HPOS="1382" VPOS="1516" WIDTH="130" HEIGHT="34" WC="0.96" CONTENT="därför,"/><SP WIDTH="25" VPOS="1516" HPOS="1512"/>
							<String ID="string_264" HPOS="1537" VPOS="1520" WIDTH="50" HEIGHT="27" WC="0.96" CONTENT="att"/><SP WIDTH="24" VPOS="1520" HPOS="1587"/>
							<String ID="string_265" HPOS="1611" VPOS="1520" WIDTH="48" HEIGHT="27" WC="0.93" CONTENT="ett"/><SP WIDTH="23" VPOS="1520" HPOS="1659"/>
							<String ID="string_266" HPOS="1682" VPOS="1518" WIDTH="58" HEIGHT="29" WC="0.91" CONTENT="bo-"/>
						</TextLine>
						<TextLine ID="line_29" HPOS="253" VPOS="1552" WIDTH="744" HEIGHT="43">
							<String ID="string_267" HPOS="253" VPOS="1552" WIDTH="165" HEIGHT="30" WC="0.96" CONTENT="stadshus"/><SP WIDTH="25" VPOS="1552" HPOS="418"/>
							<String ID="string_268" HPOS="443" VPOS="1553" WIDTH="54" HEIGHT="29" WC="0.96" CONTENT="för"/><SP WIDTH="25" VPOS="1553" HPOS="497"/>
							<String ID="string_269" HPOS="522" VPOS="1555" WIDTH="88" HEIGHT="38" WC="0.96" CONTENT="ogift"/><SP WIDTH="24" VPOS="1555" HPOS="610"/>
							<String ID="string_270" HPOS="634" VPOS="1556" WIDTH="162" HEIGHT="37" WC="0.92" CONTENT="personal"/><SP WIDTH="26" VPOS="1556" HPOS="796"/>
							<String ID="string_271" HPOS="822" VPOS="1556" WIDTH="175" HEIGHT="39" WC="0.92" CONTENT="uppföres."/>
						</TextLine>
					</TextBlock>
					<TextBlock ID="block_5" HPOS="250" VPOS="1596" WIDTH="1490" HEIGHT="309">
						<TextLine ID="line_30" HPOS="297" VPOS="1596" WIDTH="1443" HEIGHT="43">
							<String ID="string_272" HPOS="297" VPOS="1596" WIDTH="209" HEIGHT="39" WC="0.96" CONTENT="Byggnaden"/><SP WIDTH="27" VPOS="1596" HPOS="506"/>
							<String ID="string_273" HPOS="533" VPOS="1598" WIDTH="172" HEIGHT="31" WC="0.95" CONTENT="beräknas"/><SP WIDTH="27" VPOS="1598" HPOS="705"/>
							<String ID="string_274" HPOS="732" VPOS="1600" WIDTH="92" HEIGHT="29" WC="0.95" CONTENT="bliva"/><SP WIDTH="28" VPOS="1600" HPOS="824"/>
							<String ID="string_275" HPOS="852" VPOS="1600" WIDTH="134" HEIGHT="39" WC="0.96" CONTENT="förlagd"/><SP WIDTH="27" VPOS="1600" HPOS="986"/>
							<String ID="string_276" HPOS="1013" VPOS="1602" WIDTH="95" HEIGHT="29" WC="0.96" CONTENT="inom"/><SP WIDTH="27" VPOS="1602" HPOS="1108"/>
							<String ID="string_277" HPOS="1135" VPOS="1603" WIDTH="56" HEIGHT="29" WC="0.96" CONTENT="det"/><SP WIDTH="28" VPOS="1603" HPOS="1191"/>
							<String ID="string_278" HPOS="1219" VPOS="1603" WIDTH="56" HEIGHT="29" WC="0.96" CONTENT="för"/><SP WIDTH="27" VPOS="1603" HPOS="1275"/>
							<String ID="string_279" HPOS="1302" VPOS="1604" WIDTH="161" HEIGHT="30" WC="0.96" CONTENT="bostäder"/><SP WIDTH="27" VPOS="1604" HPOS="1463"/>
							<String ID="string_280" HPOS="1490" VPOS="1606" WIDTH="151" HEIGHT="29" WC="0.93" CONTENT="avsedda"/><SP WIDTH="26" VPOS="1606" HPOS="1641"/>
							<String ID="string_281" HPOS="1667" VPOS="1616" WIDTH="73" HEIGHT="20" WC="0.92" CONTENT="om-"/>
						</TextLine>
						<TextLine ID="line_31" HPOS="252" VPOS="1640" WIDTH="1487" HEIGHT="47">
							<String ID="string_282" HPOS="252" VPOS="1640" WIDTH="98" HEIGHT="29" WC="0.96" CONTENT="rådet"/><SP WIDTH="21" VPOS="1640" HPOS="350"/>
							<String ID="string_283" HPOS="371" VPOS="1641" WIDTH="56" HEIGHT="29" WC="0.95" CONTENT="vid"/><SP WIDTH="23" VPOS="1641" HPOS="427"/>
							<String ID="string_284" HPOS="450" VPOS="1642" WIDTH="198" HEIGHT="38" WC="0.96" CONTENT="sjukhuset."/><SP WIDTH="23" VPOS="1642" HPOS="648"/>
							<String ID="string_285" HPOS="671" VPOS="1643" WIDTH="74" HEIGHT="29" WC="0.96" CONTENT="Den"/><SP WIDTH="23" VPOS="1643" HPOS="745"/>
							<String ID="string_286" HPOS="768" VPOS="1644" WIDTH="62" HEIGHT="29" WC="0.96" CONTENT="bör"/><SP WIDTH="22" VPOS="1644" HPOS="830"/>
							<String ID="string_287" HPOS="852" VPOS="1645" WIDTH="168" HEIGHT="39" WC="0.96" CONTENT="uppföras"/><SP WIDTH="22" VPOS="1645" HPOS="1020"/>
							<String ID="string_288" HPOS="1042" VPOS="1647" WIDTH="11" HEIGHT="28" WC="0.96" CONTENT="i"/><SP WIDTH="21" VPOS="1647" HPOS="1053"/>
							<String ID="string_289" HPOS="1074" VPOS="1647" WIDTH="57" HEIGHT="29" WC="0.96" CONTENT="två"/><SP WIDTH="21" VPOS="1647" HPOS="1131"/>
							<String ID="string_290" HPOS="1152" VPOS="1647" WIDTH="171" HEIGHT="39" WC="0.96" CONTENT="våningar"/><SP WIDTH="21" VPOS="1647" HPOS="1323"/>
							<String ID="string_291" HPOS="1344" VPOS="1648" WIDTH="109" HEIGHT="39" WC="0.96" CONTENT="jämte"/><SP WIDTH="22" VPOS="1648" HPOS="1453"/>
							<String ID="string_292" HPOS="1475" VPOS="1650" WIDTH="124" HEIGHT="29" WC="0.93" CONTENT="inredd"/><SP WIDTH="23" VPOS="1650" HPOS="1599"/>
							<String ID="string_293" HPOS="1622" VPOS="1651" WIDTH="117" HEIGHT="30" WC="0.92" CONTENT="vinds-"/>
						</TextLine>
						<TextLine ID="line_32" HPOS="251" VPOS="1684" WIDTH="1488" HEIGHT="49">
							<String ID="string_294" HPOS="251" VPOS="1684" WIDTH="130" HEIGHT="39" WC="0.96" CONTENT="våning"/><SP WIDTH="22" VPOS="1684" HPOS="381"/>
							<String ID="string_295" HPOS="403" VPOS="1686" WIDTH="63" HEIGHT="29" WC="0.96" CONTENT="och"/><SP WIDTH="23" VPOS="1686" HPOS="466"/>
							<String ID="string_296" HPOS="489" VPOS="1686" WIDTH="175" HEIGHT="39" WC="0.95" CONTENT="inrymma"/><SP WIDTH="25" VPOS="1686" HPOS="664"/>
							<String ID="string_297" HPOS="689" VPOS="1688" WIDTH="15" HEIGHT="28" WC="0.96" CONTENT="7"/><SP WIDTH="25" VPOS="1688" HPOS="704"/>
							<String ID="string_298" HPOS="729" VPOS="1688" WIDTH="206" HEIGHT="35" WC="0.96" CONTENT="dubbletter,"/><SP WIDTH="23" VPOS="1688" HPOS="935"/>
							<String ID="string_299" HPOS="958" VPOS="1691" WIDTH="146" HEIGHT="29" WC="0.95" CONTENT="vardera"/><SP WIDTH="24" VPOS="1691" HPOS="1104"/>
							<String ID="string_300" HPOS="1128" VPOS="1692" WIDTH="78" HEIGHT="29" WC="0.96" CONTENT="med"/><SP WIDTH="23" VPOS="1692" HPOS="1206"/>
							<String ID="string_301" HPOS="1229" VPOS="1701" WIDTH="44" HEIGHT="20" WC="0.96" CONTENT="en"/><SP WIDTH="24" VPOS="1701" HPOS="1273"/>
							<String ID="string_302" HPOS="1297" VPOS="1693" WIDTH="240" HEIGHT="40" WC="0.90" CONTENT="lägenhetsyta"/><SP WIDTH="23" VPOS="1693" HPOS="1537"/>
							<String ID="string_303" HPOS="1560" VPOS="1704" WIDTH="43" HEIGHT="20" WC="0.96" CONTENT="av"/><SP WIDTH="22" VPOS="1704" HPOS="1603"/>
							<String ID="string_304" HPOS="1625" VPOS="1695" WIDTH="41" HEIGHT="30" WC="0.96" CONTENT="28"/><SP WIDTH="24" VPOS="1695" HPOS="1666"/>
							<String ID="string_305" HPOS="1690" VPOS="1700" WIDTH="49" HEIGHT="25" WC="0.90" CONTENT="in?"/>
						</TextLine>
						<TextLine ID="line_33" HPOS="252" VPOS="1729" WIDTH="1487" HEIGHT="41">
							<String ID="string_306" HPOS="252" VPOS="1729" WIDTH="65" HEIGHT="28" WC="0.96" CONTENT="och"/><SP WIDTH="19" VPOS="1729" HPOS="317"/>
							<String ID="string_307" HPOS="336" VPOS="1729" WIDTH="38" HEIGHT="29" WC="0.93" CONTENT="41"/><SP WIDTH="21" VPOS="1729" HPOS="374"/>
							<String ID="string_308" HPOS="395" VPOS="1731" WIDTH="193" HEIGHT="33" WC="0.86" CONTENT="enkelrwm,"/><SP WIDTH="19" VPOS="1731" HPOS="588"/>
							<String ID="string_309" HPOS="607" VPOS="1741" WIDTH="104" HEIGHT="20" WC="0.95" CONTENT="varav"/><SP WIDTH="18" VPOS="1741" HPOS="711"/>
							<String ID="string_310" HPOS="729" VPOS="1733" WIDTH="41" HEIGHT="29" WC="0.96" CONTENT="24"/><SP WIDTH="19" VPOS="1733" HPOS="770"/>
							<String ID="string_311" HPOS="789" VPOS="1742" WIDTH="57" HEIGHT="20" WC="0.96" CONTENT="om"/><SP WIDTH="21" VPOS="1742" HPOS="846"/>
							<String ID="string_312" HPOS="867" VPOS="1734" WIDTH="38" HEIGHT="29" WC="0.93" CONTENT="18"/><SP WIDTH="19" VPOS="1734" HPOS="905"/>
							<String ID="string_313" HPOS="924" VPOS="1738" WIDTH="48" HEIGHT="25" WC="0.92" CONTENT="m?"/><SP WIDTH="18" VPOS="1738" HPOS="972"/>
							<String ID="string_314" HPOS="990" VPOS="1736" WIDTH="66" HEIGHT="28" WC="0.96" CONTENT="och"/><SP WIDTH="20" VPOS="1736" HPOS="1056"/>
							<String ID="string_315" HPOS="1076" VPOS="1736" WIDTH="37" HEIGHT="29" WC="0.96" CONTENT="17"/><SP WIDTH="20" VPOS="1736" HPOS="1113"/>
							<String ID="string_316" HPOS="1133" VPOS="1746" WIDTH="56" HEIGHT="20" WC="0.96" CONTENT="om"/><SP WIDTH="23" VPOS="1746" HPOS="1189"/>
							<String ID="string_317" HPOS="1212" VPOS="1736" WIDTH="39" HEIGHT="30" WC="0.93" CONTENT="14"/><SP WIDTH="19" VPOS="1736" HPOS="1251"/>
							<String ID="string_318" HPOS="1270" VPOS="1741" WIDTH="59" HEIGHT="25" WC="0.29" CONTENT="m:."/><SP WIDTH="20" VPOS="1741" HPOS="1329"/>
							<String ID="string_319" HPOS="1349" VPOS="1738" WIDTH="66" HEIGHT="29" WC="0.96" CONTENT="För"/><SP WIDTH="19" VPOS="1738" HPOS="1415"/>
							<String ID="string_320" HPOS="1434" VPOS="1739" WIDTH="210" HEIGHT="30" WC="0.93" CONTENT="bostäderna"/><SP WIDTH="19" VPOS="1739" HPOS="1644"/>
							<String ID="string_321" HPOS="1663" VPOS="1741" WIDTH="76" HEIGHT="29" WC="0.92" CONTENT="tän-"/>
						</TextLine>
						<TextLine ID="line_34" HPOS="250" VPOS="1773" WIDTH="1489" HEIGHT="50">
							<String ID="string_322" HPOS="250" VPOS="1773" WIDTH="63" HEIGHT="29" WC="0.93" CONTENT="kes"/><SP WIDTH="18" VPOS="1773" HPOS="313"/>
							<String ID="string_323" HPOS="331" VPOS="1775" WIDTH="198" HEIGHT="29" WC="0.96" CONTENT="anordnade"/><SP WIDTH="19" VPOS="1775" HPOS="529"/>
							<String ID="string_324" HPOS="548" VPOS="1783" WIDTH="261" HEIGHT="30" WC="0.96" CONTENT="gemensamma"/><SP WIDTH="16" VPOS="1783" HPOS="809"/>
							<String ID="string_325" HPOS="825" VPOS="1778" WIDTH="148" HEIGHT="30" WC="0.96" CONTENT="badrum"/><SP WIDTH="17" VPOS="1778" HPOS="973"/>
							<String ID="string_326" HPOS="990" VPOS="1780" WIDTH="66" HEIGHT="29" WC="0.93" CONTENT="och"/><SP WIDTH="17" VPOS="1780" HPOS="1056"/>
							<String ID="string_327" HPOS="1073" VPOS="1780" WIDTH="104" HEIGHT="30" WC="0.91" CONTENT="tekök"/><SP WIDTH="18" VPOS="1780" HPOS="1177"/>
							<String ID="string_328" HPOS="1195" VPOS="1790" WIDTH="46" HEIGHT="20" WC="0.91" CONTENT="m."/><SP WIDTH="19" VPOS="1790" HPOS="1241"/>
							<String ID="string_329" HPOS="1260" VPOS="1791" WIDTH="46" HEIGHT="20" WC="0.92" CONTENT="m."/><SP WIDTH="18" VPOS="1791" HPOS="1306"/>
							<String ID="string_330" HPOS="1324" VPOS="1782" WIDTH="106" HEIGHT="39" WC="0.96" CONTENT="enligt"/><SP WIDTH="19" VPOS="1782" HPOS="1430"/>
							<String ID="string_331" HPOS="1449" VPOS="1783" WIDTH="178" HEIGHT="40" WC="0.93" CONTENT="sedvanlig"/><SP WIDTH="19" VPOS="1783" HPOS="1627"/>
							<String ID="string_332" HPOS="1646" VPOS="1786" WIDTH="93" HEIGHT="28" WC="0.92" CONTENT="stan-"/>
						</TextLine>
						<TextLine ID="line_35" HPOS="251" VPOS="1818" WIDTH="1487" HEIGHT="47">
							<String ID="string_333" HPOS="251" VPOS="1818" WIDTH="97" HEIGHT="28" WC="0.88" CONTENT="dard."/><SP WIDTH="23" VPOS="1818" HPOS="348"/>
							<String ID="string_334" HPOS="371" VPOS="1819" WIDTH="98" HEIGHT="29" WC="0.96" CONTENT="Detta"/><SP WIDTH="22" VPOS="1819" HPOS="469"/>
							<String ID="string_335" HPOS="491" VPOS="1822" WIDTH="195" HEIGHT="28" WC="0.95" CONTENT="motsvarar"/><SP WIDTH="20" VPOS="1822" HPOS="686"/>
							<String ID="string_336" HPOS="706" VPOS="1822" WIDTH="163" HEIGHT="39" WC="0.95" CONTENT="omkring"/><SP WIDTH="21" VPOS="1822" HPOS="869"/>
							<String ID="string_337" HPOS="890" VPOS="1832" WIDTH="42" HEIGHT="20" WC="0.96" CONTENT="en"/><SP WIDTH="20" VPOS="1832" HPOS="932"/>
							<String ID="string_338" HPOS="952" VPOS="1824" WIDTH="169" HEIGHT="38" WC="0.95" CONTENT="tredjedel"/><SP WIDTH="22" VPOS="1824" HPOS="1121"/>
							<String ID="string_339" HPOS="1143" VPOS="1834" WIDTH="41" HEIGHT="20" WC="0.96" CONTENT="av"/><SP WIDTH="21" VPOS="1834" HPOS="1184"/>
							<String ID="string_340" HPOS="1205" VPOS="1835" WIDTH="89" HEIGHT="20" WC="0.96" CONTENT="ovan"/><SP WIDTH="22" VPOS="1835" HPOS="1294"/>
							<String ID="string_341" HPOS="1316" VPOS="1827" WIDTH="148" HEIGHT="38" WC="0.96" CONTENT="angivna"/><SP WIDTH="21" VPOS="1827" HPOS="1464"/>
							<String ID="string_342" HPOS="1485" VPOS="1828" WIDTH="111" HEIGHT="29" WC="0.96" CONTENT="behov"/><SP WIDTH="22" VPOS="1828" HPOS="1596"/>
							<String ID="string_343" HPOS="1618" VPOS="1838" WIDTH="41" HEIGHT="19" WC="0.93" CONTENT="av"/><SP WIDTH="21" VPOS="1838" HPOS="1659"/>
							<String ID="string_344" HPOS="1680" VPOS="1829" WIDTH="58" HEIGHT="29" WC="0.91" CONTENT="bo-"/>
						</TextLine>
						<TextLine ID="line_36" HPOS="250" VPOS="1862" WIDTH="560" HEIGHT="43">
							<String ID="string_345" HPOS="250" VPOS="1862" WIDTH="116" HEIGHT="29" WC="0.95" CONTENT="städer"/><SP WIDTH="19" VPOS="1862" HPOS="366"/>
							<String ID="string_346" HPOS="385" VPOS="1872" WIDTH="40" HEIGHT="20" WC="0.95" CONTENT="av"/><SP WIDTH="17" VPOS="1872" HPOS="425"/>
							<String ID="string_347" HPOS="442" VPOS="1863" WIDTH="266" HEIGHT="39" WC="0.94" CONTENT="ifrågavarande"/><SP WIDTH="19" VPOS="1863" HPOS="708"/>
							<String ID="string_348" HPOS="727" VPOS="1866" WIDTH="83" HEIGHT="39" WC="0.94" CONTENT="slag."/>
						</TextLine>
					</TextBlock>
					<TextBlock ID="block_6" HPOS="248" VPOS="1933" WIDTH="1486" HEIGHT="98">
						<TextLine ID="line_37" HPOS="293" VPOS="1933" WIDTH="1441" HEIGHT="44">
							<String ID="string_349" HPOS="293" VPOS="1933" WIDTH="200" HEIGHT="31" WC="0.95" CONTENT="Kostnaden"/><SP WIDTH="22" VPOS="1933" HPOS="493"/>
							<String ID="string_350" HPOS="515" VPOS="1935" WIDTH="55" HEIGHT="29" WC="0.96" CONTENT="för"/><SP WIDTH="21" VPOS="1935" HPOS="570"/>
							<String ID="string_351" HPOS="591" VPOS="1936" WIDTH="248" HEIGHT="31" WC="0.96" CONTENT="bostadshuset"/><SP WIDTH="20" VPOS="1936" HPOS="839"/>
							<String ID="string_352" HPOS="859" VPOS="1938" WIDTH="63" HEIGHT="29" WC="0.96" CONTENT="har"/><SP WIDTH="20" VPOS="1938" HPOS="922"/>
							<String ID="string_353" HPOS="942" VPOS="1939" WIDTH="188" HEIGHT="31" WC="0.96" CONTENT="beräknats"/><SP WIDTH="21" VPOS="1939" HPOS="1130"/>
							<String ID="string_354" HPOS="1151" VPOS="1941" WIDTH="51" HEIGHT="29" WC="0.96" CONTENT="till"/><SP WIDTH="25" VPOS="1941" HPOS="1202"/>
							<String ID="string_355" HPOS="1227" VPOS="1942" WIDTH="62" HEIGHT="28" WC="0.96" CONTENT="700"/><SP WIDTH="15" VPOS="1942" HPOS="1289"/>
							<String ID="string_356" HPOS="1304" VPOS="1942" WIDTH="62" HEIGHT="29" WC="0.96" CONTENT="000"/><SP WIDTH="21" VPOS="1942" HPOS="1366"/>
							<String ID="string_357" HPOS="1387" VPOS="1943" WIDTH="141" HEIGHT="34" WC="0.96" CONTENT="kronor,"/><SP WIDTH="22" VPOS="1943" HPOS="1528"/>
							<String ID="string_358" HPOS="1550" VPOS="1944" WIDTH="107" HEIGHT="30" WC="0.93" CONTENT="vilket"/><SP WIDTH="22" VPOS="1944" HPOS="1657"/>
							<String ID="string_359" HPOS="1679" VPOS="1945" WIDTH="55" HEIGHT="29" WC="0.92" CONTENT="be-"/>
						</TextLine>
						<TextLine ID="line_38" HPOS="248" VPOS="1986" WIDTH="847" HEIGHT="45">
							<String ID="string_360" HPOS="248" VPOS="1986" WIDTH="82" HEIGHT="39" WC="0.95" CONTENT="lopp"/><SP WIDTH="22" VPOS="1986" HPOS="330"/>
							<String ID="string_361" HPOS="352" VPOS="1987" WIDTH="209" HEIGHT="31" WC="0.95" CONTENT="kommittén"/><SP WIDTH="25" VPOS="1987" HPOS="561"/>
							<String ID="string_362" HPOS="586" VPOS="1989" WIDTH="103" HEIGHT="30" WC="0.95" CONTENT="äskar"/><SP WIDTH="24" VPOS="1989" HPOS="689"/>
							<String ID="string_363" HPOS="713" VPOS="1990" WIDTH="55" HEIGHT="30" WC="0.96" CONTENT="för"/><SP WIDTH="25" VPOS="1990" HPOS="768"/>
							<String ID="string_364" HPOS="793" VPOS="1992" WIDTH="99" HEIGHT="29" WC="0.96" CONTENT="nästa"/><SP WIDTH="23" VPOS="1992" HPOS="892"/>
							<String ID="string_365" HPOS="915" VPOS="1993" WIDTH="180" HEIGHT="38" WC="0.95" CONTENT="budgetår."/>
						</TextLine>
					</TextBlock>
					<TextBlock ID="block_7" HPOS="246" VPOS="2040" WIDTH="1490" HEIGHT="95">
						<TextLine ID="line_39" HPOS="291" VPOS="2040" WIDTH="1445" HEIGHT="48">
							<String ID="string_366" HPOS="291" VPOS="2040" WIDTH="391" HEIGHT="39" WC="0.91" CONTENT="Departementschefen"/><SP WIDTH="36" VPOS="2040" HPOS="682"/>
							<String ID="string_367" HPOS="718" VPOS="2045" WIDTH="170" HEIGHT="35" WC="0.95" CONTENT="förordar,"/><SP WIDTH="36" VPOS="2045" HPOS="888"/>
							<String ID="string_368" HPOS="924" VPOS="2048" WIDTH="49" HEIGHT="29" WC="0.96" CONTENT="att"/><SP WIDTH="35" VPOS="2048" HPOS="973"/>
							<String ID="string_369" HPOS="1008" VPOS="2048" WIDTH="267" HEIGHT="38" WC="0.96" CONTENT="ifrågavarande"/><SP WIDTH="36" VPOS="2048" HPOS="1275"/>
							<String ID="string_370" HPOS="1311" VPOS="2050" WIDTH="114" HEIGHT="30" WC="0.95" CONTENT="arbete"/><SP WIDTH="37" VPOS="2050" HPOS="1425"/>
							<String ID="string_371" HPOS="1462" VPOS="2050" WIDTH="274" HEIGHT="38" WC="0.53" CONTENT="ifrågakoniumer"/>
						</TextLine>
						<TextLine ID="line_40" HPOS="246" VPOS="2093" WIDTH="480" HEIGHT="42">
							<String ID="string_372" HPOS="246" VPOS="2093" WIDTH="116" HEIGHT="29" WC="0.90" CONTENT="såsom"/><SP WIDTH="24" VPOS="2093" HPOS="362"/>
							<String ID="string_373" HPOS="386" VPOS="2094" WIDTH="340" HEIGHT="41" WC="0.90" CONTENT="beredskapsarbete."/>
						</TextLine>
					</TextBlock>
				</ComposedBlock>
				<ComposedBlock ID="cblock_3" HPOS="759" VPOS="2203" WIDTH="461" HEIGHT="45">
					<TextBlock ID="block_8" HPOS="759" VPOS="2203" WIDTH="461" HEIGHT="45">
						<TextLine ID="line_41" HPOS="759" VPOS="2203" WIDTH="461" HEIGHT="45">
							<String ID="string_374" HPOS="759" VPOS="2203" WIDTH="47" HEIGHT="31" WC="0.95" CONTENT="S:t"/><SP WIDTH="17" VPOS="2203" HPOS="806"/>
							<String ID="string_375" HPOS="823" VPOS="2204" WIDTH="88" HEIGHT="31" WC="0.95" CONTENT="Olofs"/><SP WIDTH="17" VPOS="2204" HPOS="911"/>
							<String ID="string_376" HPOS="928" VPOS="2206" WIDTH="141" HEIGHT="39" WC="0.96" CONTENT="sjukhus"/><SP WIDTH="15" VPOS="2206" HPOS="1069"/>
							<String ID="string_377" HPOS="1084" VPOS="2208" WIDTH="12" HEIGHT="28" WC="0.96" CONTENT="i"/><SP WIDTH="15" VPOS="2208" HPOS="1096"/>
							<String ID="string_378" HPOS="1111" VPOS="2207" WIDTH="109" HEIGHT="41" WC="0.96" CONTENT="Visby."/>
						</TextLine>
					</TextBlock>
				</ComposedBlock>
				<ComposedBlock ID="cblock_4" HPOS="243" VPOS="2279" WIDTH="1489" HEIGHT="261">
					<TextBlock ID="block_9" HPOS="243" VPOS="2279" WIDTH="1489" HEIGHT="200">
						<TextLine ID="line_42" HPOS="290" VPOS="2279" WIDTH="1442" HEIGHT="49">
							<String ID="string_379" HPOS="290" VPOS="2279" WIDTH="222" HEIGHT="38" WC="0.95" CONTENT="Uppförande"/><SP WIDTH="22" VPOS="2279" HPOS="512"/>
							<String ID="string_380" HPOS="534" VPOS="2291" WIDTH="41" HEIGHT="20" WC="0.93" CONTENT="av"/><SP WIDTH="19" VPOS="2291" HPOS="575"/>
							<String ID="string_381" HPOS="594" VPOS="2281" WIDTH="318" HEIGHT="33" WC="0.91" CONTENT="snickeriverkstad"/><SP WIDTH="19" VPOS="2281" HPOS="912"/>
							<String ID="string_382" HPOS="931" VPOS="2295" WIDTH="45" HEIGHT="20" WC="0.88" CONTENT="m."/><SP WIDTH="21" VPOS="2295" HPOS="976"/>
							<String ID="string_383" HPOS="997" VPOS="2296" WIDTH="45" HEIGHT="19" WC="0.91" CONTENT="m."/><SP WIDTH="23" VPOS="2296" HPOS="1042"/>
							<String ID="string_384" HPOS="1065" VPOS="2287" WIDTH="214" HEIGHT="30" WC="0.95" CONTENT="Kommittén"/><SP WIDTH="24" VPOS="2287" HPOS="1279"/>
							<String ID="string_385" HPOS="1303" VPOS="2289" WIDTH="53" HEIGHT="28" WC="0.95" CONTENT="för"/><SP WIDTH="21" VPOS="2289" HPOS="1356"/>
							<String ID="string_386" HPOS="1377" VPOS="2289" WIDTH="355" HEIGHT="39" WC="0.91" CONTENT="sinnessjukvårdens"/>
						</TextLine>
						<TextLine ID="line_43" HPOS="245" VPOS="2333" WIDTH="1486" HEIGHT="49">
							<String ID="string_387" HPOS="245" VPOS="2333" WIDTH="217" HEIGHT="39" WC="0.91" CONTENT="utbyggande"/><SP WIDTH="27" VPOS="2333" HPOS="462"/>
							<String ID="string_388" HPOS="489" VPOS="2335" WIDTH="63" HEIGHT="29" WC="0.93" CONTENT="har"/><SP WIDTH="27" VPOS="2335" HPOS="552"/>
							<String ID="string_389" HPOS="579" VPOS="2336" WIDTH="188" HEIGHT="34" WC="0.91" CONTENT="hemställt,"/><SP WIDTH="29" VPOS="2336" HPOS="767"/>
							<String ID="string_390" HPOS="796" VPOS="2339" WIDTH="51" HEIGHT="28" WC="0.96" CONTENT="att"/><SP WIDTH="26" VPOS="2339" HPOS="847"/>
							<String ID="string_391" HPOS="873" VPOS="2338" WIDTH="53" HEIGHT="29" WC="0.96" CONTENT="för"/><SP WIDTH="28" VPOS="2338" HPOS="926"/>
							<String ID="string_392" HPOS="954" VPOS="2339" WIDTH="218" HEIGHT="39" WC="0.96" CONTENT="uppförande"/><SP WIDTH="28" VPOS="2339" HPOS="1172"/>
							<String ID="string_393" HPOS="1200" VPOS="2350" WIDTH="42" HEIGHT="20" WC="0.96" CONTENT="av"/><SP WIDTH="27" VPOS="2350" HPOS="1242"/>
							<String ID="string_394" HPOS="1269" VPOS="2341" WIDTH="66" HEIGHT="29" WC="0.96" CONTENT="den"/><SP WIDTH="28" VPOS="2341" HPOS="1335"/>
							<String ID="string_395" HPOS="1363" VPOS="2341" WIDTH="9" HEIGHT="29" WC="0.96" CONTENT="i"/><SP WIDTH="27" VPOS="2341" HPOS="1372"/>
							<String ID="string_396" HPOS="1399" VPOS="2343" WIDTH="262" HEIGHT="39" WC="0.96" CONTENT="propositionen"/><SP WIDTH="29" VPOS="2343" HPOS="1661"/>
							<String ID="string_397" HPOS="1690" VPOS="2353" WIDTH="41" HEIGHT="19" WC="0.95" CONTENT="nr"/>
						</TextLine>
						<TextLine ID="line_44" HPOS="245" VPOS="2385" WIDTH="1485" HEIGHT="45">
							<String ID="string_398" HPOS="245" VPOS="2385" WIDTH="162" HEIGHT="37" WC="0.80" CONTENT="124/1953"/><SP WIDTH="17" VPOS="2385" HPOS="407"/>
							<String ID="string_399" HPOS="424" VPOS="2388" WIDTH="113" HEIGHT="29" WC="0.93" CONTENT="såsom"/><SP WIDTH="19" VPOS="2388" HPOS="537"/>
							<String ID="string_400" HPOS="556" VPOS="2389" WIDTH="331" HEIGHT="39" WC="0.92" CONTENT="beredskapsarbete"/><SP WIDTH="17" VPOS="2389" HPOS="887"/>
							<String ID="string_401" HPOS="904" VPOS="2391" WIDTH="197" HEIGHT="39" WC="0.91" CONTENT="föreslagna"/><SP WIDTH="17" VPOS="2391" HPOS="1101"/>
							<String ID="string_402" HPOS="1118" VPOS="2393" WIDTH="362" HEIGHT="31" WC="0.91" CONTENT="snickeriverkstaden"/><SP WIDTH="17" VPOS="2393" HPOS="1480"/>
							<String ID="string_403" HPOS="1497" VPOS="2405" WIDTH="46" HEIGHT="20" WC="0.92" CONTENT="m."/><SP WIDTH="18" VPOS="2405" HPOS="1543"/>
							<String ID="string_404" HPOS="1561" VPOS="2406" WIDTH="44" HEIGHT="20" WC="0.92" CONTENT="m."/><SP WIDTH="18" VPOS="2406" HPOS="1605"/>
							<String ID="string_405" HPOS="1623" VPOS="2397" WIDTH="107" HEIGHT="29" WC="0.96" CONTENT="måtte"/>
						</TextLine>
						<TextLine ID="line_45" HPOS="243" VPOS="2439" WIDTH="853" HEIGHT="40">
							<String ID="string_406" HPOS="243" VPOS="2439" WIDTH="55" HEIGHT="29" WC="0.96" CONTENT="för"/><SP WIDTH="23" VPOS="2439" HPOS="298"/>
							<String ID="string_407" HPOS="321" VPOS="2441" WIDTH="99" HEIGHT="28" WC="0.96" CONTENT="nästa"/><SP WIDTH="23" VPOS="2441" HPOS="420"/>
							<String ID="string_408" HPOS="443" VPOS="2441" WIDTH="169" HEIGHT="38" WC="0.96" CONTENT="budgetår"/><SP WIDTH="22" VPOS="2441" HPOS="612"/>
							<String ID="string_409" HPOS="634" VPOS="2442" WIDTH="138" HEIGHT="29" WC="0.95" CONTENT="anvisas"/><SP WIDTH="26" VPOS="2442" HPOS="772"/>
							<String ID="string_410" HPOS="798" VPOS="2443" WIDTH="59" HEIGHT="29" WC="0.96" CONTENT="165"/><SP WIDTH="16" VPOS="2443" HPOS="857"/>
							<String ID="string_411" HPOS="873" VPOS="2444" WIDTH="61" HEIGHT="29" WC="0.96" CONTENT="000"/><SP WIDTH="21" VPOS="2444" HPOS="934"/>
							<String ID="string_412" HPOS="955" VPOS="2444" WIDTH="141" HEIGHT="30" WC="0.96" CONTENT="kronor."/>
						</TextLine>
					</TextBlock>
					<TextBlock ID="block_10" HPOS="287" VPOS="2492" WIDTH="1442" HEIGHT="48">
						<TextLine ID="line_46" HPOS="287" VPOS="2492" WIDTH="1442" HEIGHT="48">
							<String ID="string_413" HPOS="287" VPOS="2492" WIDTH="390" HEIGHT="40" WC="0.91" CONTENT="Departementschefen"/><SP WIDTH="18" VPOS="2492" HPOS="677"/>
							<String ID="string_414" HPOS="695" VPOS="2495" WIDTH="147" HEIGHT="30" WC="0.96" CONTENT="föreslår"/><SP WIDTH="16" VPOS="2495" HPOS="842"/>
							<String ID="string_415" HPOS="858" VPOS="2499" WIDTH="48" HEIGHT="27" WC="0.95" CONTENT="att"/><SP WIDTH="17" VPOS="2499" HPOS="906"/>
							<String ID="string_416" HPOS="923" VPOS="2497" WIDTH="131" HEIGHT="30" WC="0.92" CONTENT="arbetet"/><SP WIDTH="17" VPOS="2497" HPOS="1054"/>
							<String ID="string_417" HPOS="1071" VPOS="2500" WIDTH="167" HEIGHT="37" WC="0.91" CONTENT="upptages"/><SP WIDTH="18" VPOS="2500" HPOS="1238"/>
							<String ID="string_418" HPOS="1256" VPOS="2499" WIDTH="114" HEIGHT="29" WC="0.92" CONTENT="såsom"/><SP WIDTH="17" VPOS="2499" HPOS="1370"/>
							<String ID="string_419" HPOS="1387" VPOS="2501" WIDTH="342" HEIGHT="39" WC="0.92" CONTENT="beredskapsarbete."/>
						</TextLine>
					</TextBlock>
				</ComposedBlock>
			</PrintSpace>
		</Page>
	</Layout>
</alto>
