2150 2635
477 193 244 33 Sammansatta
745 192 103 33 Stats-
872 194 55 32 och
950 193 267 42 Lag-Utskottets
1246 193 174 33 Utlåtande
1443 194 61 31 N:o
1526 196 29 30 2.
1761 195 16 27 3

1201 277 11 11 fs]

212 284 40 31 är
292 280 147 35 förenad
478 290 116 34 någon
634 280 176 44 personlig
841 279 214 46 uppoffring;
1093 291 77 23 men
1197 291 21 23 å
1245 280 110 34 andra
1383 280 99 35 sidan
1508 281 93 34 lärer
1628 281 88 35 dock
1742 280 79 35 icke

214 333 121 33 kunna
361 332 177 43 förnekas,
568 334 54 32 att
649 332 59 34 det
734 332 123 43 belopp
886 331 39 34 af
948 331 103 45 högst
1081 333 44 33 50
1155 335 69 41 öre,
1252 331 148 34 hvartill
1426 332 327 44 dagtraktamentet
1767 332 55 34 för

214 384 140 34 vittnen
382 383 11 34 i
420 384 166 33 brottmal
613 383 54 34 för
694 383 223 35 närvarande
945 386 39 31 är
1011 383 185 44 bestämdt,
1225 383 78 34 icke
1331 386 74 31 står
1424 384 12 33 i
1455 384 132 43 skäligt
1601 381 219 37 förhållande

212 435 55 32 till
307 435 65 33 den
400 434 200 43 uppoffring
626 434 114 34 vittne
767 435 71 32 kan
865 431 36 36 få
927 434 198 34 vidkännas
1152 434 55 34 för
1234 434 52 33 sin
1313 434 190 34 inställelse
1530 435 60 34 vid
1617 435 201 34 domstolen.

214 484 73 34 Vid
314 482 126 37 sådant
470 482 220 37 förhållande
718 485 63 34 och
809 482 43 37 då
880 485 57 33 det
964 483 109 36 mäste
1100 495 88 25 vara
1216 485 187 44 angeläget
1430 488 54 32 att
1510 484 225 45 förekomma,
1764 486 59 34 det

211 536 78 34 icke
330 546 42 24 en
413 536 85 34 eller
537 546 117 24 annan
694 536 55 34 till
788 535 87 45 följd
907 535 39 34 af
970 536 65 34 den
1062 536 102 44 ringa
1192 536 241 44 ersättningen
1461 537 103 34 söker
1590 538 231 44 undandraga

213 587 54 44 sig
294 590 54 31 att
374 588 158 33 meddela
559 587 265 43 upplysningar,
860 587 124 34 hvilka
1011 587 54 34 för
1092 585 308 36 åstadkommande
1428 588 39 33 af
1490 588 185 44 bevisning
1700 589 121 33 kunna

211 648 88 24 vara
340 637 39 35 af
415 638 89 44 vigt,
545 641 91 31 samt
674 638 127 35 härvid
841 637 168 45 derjemte
1045 639 62 33 bör
1132 639 336 44 uppmärksammas,
1493 641 54 32 att
1574 640 41 34 de
1643 650 176 33 personer,

212 689 124 35 hvilka
363 689 11 34 i
401 686 168 37 brottmål
596 690 170 42 åberopas
794 686 111 37 såsom
932 689 149 45 vittnen,
1111 689 108 35 oftast
1245 689 143 35 tillhöra
1415 690 41 34 de
1471 690 133 35 mindre
1618 691 202 34 bemedlade

210 740 195 43 klasserna,
433 741 66 33 har
526 739 187 36 Utskottet
741 740 78 34 icke
846 741 126 34 tvekat
1000 742 54 32 att
1080 740 140 35 biträda
1248 741 235 34 motionärens
1510 741 133 45 förslag
1668 742 12 33 i
1707 742 114 34 denna

211 791 66 41 del,
317 791 92 34 helst
450 791 65 34 den
556 791 269 43 omständighet,
854 793 54 32 att
935 791 242 44 ersättningen
1204 792 101 33 alltid
1332 792 112 34 skulle
1471 802 83 24 vara
1585 794 172 33 beroende
1785 793 40 35 af

211 842 182 34 domarens
433 842 176 44 pröfning,
649 842 94 34 lärer
782 839 37 37 få
859 852 100 24 anses
990 842 168 34 innebära
1185 842 193 44 tillräcklig
1405 843 165 34 säkerhet
1596 846 72 32 mot
1695 841 126 38 sådant

210 892 185 44 missbruk,
437 895 54 31 att
530 890 127 47 någon,
698 893 55 33 för
793 895 52 31 att
885 894 138 33 komma
1050 893 12 34 i
1088 891 209 46 åtnjutande
1329 893 39 34 af
1393 894 65 34 den
1484 894 212 35 förväntade
1723 896 96 43 godt-

210 944 171 43 görelsen,
424 944 112 33 skulle
576 954 125 33 genom
740 943 243 44 föregifvande
1024 944 39 34 af
1099 947 112 31 större
1251 945 162 43 kunskap
1447 956 53 23 om
1528 946 120 43 saken,
1678 950 44 30 än
1749 947 72 33 han

211 994 184 44 verkligen
435 1004 93 34 eger,
568 995 74 34 låta
683 992 151 46 åberopa
862 994 54 45 sig
942 992 111 37 såsom
1080 995 114 34 vittne
1221 995 11 34 i
1259 992 80 47 mål,
1368 996 61 34 der
1455 996 71 34 han
1554 996 30 45 ej
1613 997 66 34 har
1705 994 116 47 någon

210 1045 213 44 upplysning
450 1045 40 34 af
516 1045 75 44 vigt
619 1048 54 32 att
699 1046 167 34 meddela.

336 1095 282 35 Vidkommande
657 1096 158 35 härefter
854 1096 170 44 förslaget
1064 1107 51 23 om
1148 1097 233 44 borttagande
1409 1097 39 34 af
1472 1098 65 34 den
1565 1096 112 36 såsom
1704 1099 116 34 vilkor

210 1146 55 35 för
291 1144 275 47 ifrågavarande
603 1147 418 44 ersättningsskyldighet
1047 1158 48 24 nu
1121 1148 163 44 gällande
1311 1149 252 43 bestämmelse,
1592 1152 54 32 att
1672 1150 149 34 vittnets

211 1198 152 34 hemvist
404 1199 91 33 skall
534 1208 88 25 vara
657 1199 140 43 beläget
823 1196 45 46 på
895 1198 105 34 minst
1027 1209 42 23 en
1096 1199 76 34 mils
1200 1196 141 37 afstånd
1367 1197 80 36 från
1474 1200 202 44 domstolen,
1705 1211 114 34 synes,

209 1249 12 33 i
260 1246 103 47 fråga
404 1260 53 23 om
498 1249 242 44 ersättningen
781 1250 54 33 för
874 1250 212 43 uppehället,
1125 1249 133 45 jemväl
1298 1251 98 33 detta
1436 1250 132 45 förslag
1598 1252 86 34 böra
1711 1252 108 34 vinna

209 1300 111 34 bifall.
376 1299 86 35 Ofta
494 1301 72 33 kan
597 1301 173 43 nemligen
798 1303 51 31 ett
876 1301 124 43 vittne,
1030 1301 111 33 ehuru
1167 1301 132 34 boende
1326 1301 12 33 i
1365 1302 208 34 domstolens
1600 1303 220 34 omedelbara

208 1351 139 43 närhet,
377 1348 37 37 få
441 1351 151 34 tillsätta
620 1354 113 31 större
761 1352 100 33 delen
888 1351 40 34 af
953 1361 42 24 en
1023 1351 68 44 dag
1117 1351 55 34 för
1204 1352 366 35 vittnesberättelsens
1598 1353 220 45 afläggande,

211 1402 64 33 och
314 1402 12 33 i
367 1402 114 43 dylikt
521 1401 63 35 fall
615 1403 94 33 lärer
736 1402 58 34 det
822 1402 30 43 ej
883 1412 88 24 vara
998 1403 78 33 med
1102 1402 161 44 billighet
1290 1403 64 34 och
1380 1403 152 35 rättvisa
1559 1403 177 45 förenligt,
1765 1407 55 32 att

209 1452 78 34 icke
326 1450 115 46 någon
486 1453 221 43 godtgörelse
749 1453 155 43 beredes,
937 1455 86 31 utan
1050 1453 109 43 torde,
1189 1454 115 34 derest
1331 1455 164 33 domaren
1521 1455 146 43 pröfvar
1694 1453 126 37 sådant

210 1503 143 43 skäligt,
394 1503 132 35 vittnet
564 1504 86 33 böra
690 1501 141 46 åtnjuta
867 1503 207 44 ersättning,
1103 1504 139 43 lämpad
1270 1504 89 35 efter
1386 1506 66 33 den
1480 1506 182 43 arbetstid,
1690 1507 133 35 hvaraf

211 1554 60 33 det
298 1553 11 34 i
338 1554 63 34 och
428 1553 55 34 för
511 1554 52 33 sin
591 1554 191 34 inställelse
808 1554 60 35 vid
896 1555 190 33 domstolen
1113 1558 79 40 gatt
1219 1555 190 44 förlustigt.

337 1603 19 34 I
395 1601 103 47 fråga
537 1602 77 36 åter
655 1615 53 24 om
747 1605 222 43 godtgörelse
1009 1605 54 33 för
1094 1606 273 34 resekostnaden
1393 1607 66 33 har
1486 1606 188 35 Utskottet
1701 1610 117 32 ansett

211 1651 118 47 någon
356 1655 242 34 bestämmelse
626 1655 11 34 i
665 1655 162 35 afseende
855 1653 21 36 å
903 1653 178 37 afståndet
1107 1656 86 34 böra
1220 1654 205 47 bibehållas,
1454 1658 91 33 helst
1571 1658 132 34 vittnet
1717 1658 102 44 eljest

210 1705 118 34 kunde
367 1706 150 35 besvära
549 1706 191 35 domstolen
772 1707 77 34 med
875 1706 165 44 pröfning
1067 1706 39 35 af
1130 1706 368 46 ersättningsanspråk
1524 1709 92 33 huru
1641 1709 102 43 ringa
1771 1709 49 34 af-

210 1753 140 37 ståndet
389 1760 46 30 än
474 1767 99 34 vore;
615 1767 78 24 men
731 1756 189 36 Utskottet
953 1758 66 33 har
1045 1757 116 34 funnit
1188 1758 59 33 det
1273 1758 128 34 minsta
1429 1756 151 46 afstånd,
1609 1769 71 24 som
1707 1760 112 34 skulle

209 1807 179 44 berättiga
415 1807 55 34 till
507 1808 208 44 ersättning,
743 1809 85 33 böra
855 1807 194 35 fastställas
1075 1808 55 34 till
1157 1818 43 24 en
1226 1808 78 35 half
1327 1809 69 34 mil.
1451 1808 183 46 Derjemte
1660 1811 67 33 har
1752 1810 66 36 Ut-

209 1858 133 34 skottet
384 1860 127 42 ansett,
553 1861 64 41 att,
658 1859 12 34 i
706 1859 251 44 sammanhang
983 1860 78 33 med
1087 1870 47 24 nu
1160 1857 213 47 ifrågasatta
1400 1861 180 44 betydliga
1608 1861 146 45 höjning
1782 1862 40 34 af

210 1909 346 43 dagtraktamentets
583 1911 123 42 belopp
735 1913 90 31 samt
851 1911 149 33 berörda
1026 1911 228 44 nedsättning
1280 1911 12 34 i
1318 1909 102 46 fråga
1442 1922 52 24 om
1514 1909 178 37 afstandet
1706 1910 112 37 såsom

209 1959 117 35 vilkor
365 1959 55 35 för
458 1961 446 44 resekostnadsersättning
942 1960 183 36 föreskrift
1164 1962 62 33 bör
1265 1963 174 34 meddelas
1467 1963 128 40 derom,
1624 1965 54 32 att
1705 1963 113 35 denna

211 2011 198 43 ersättning
449 2012 91 33 skall
580 2012 174 34 beräknas
796 2012 89 34 efter
925 2011 150 45 afgiften
1107 2012 54 35 för
1187 2012 176 45 billigaste
1390 2014 93 43 plats
1510 2011 20 37 å
1555 2013 152 45 jernväg
1734 2015 85 34 eller

210 2059 144 46 angbåt,
383 2062 117 34 derest
526 2062 123 34 färden
676 2063 54 34 till
757 2063 63 34 och
848 2060 79 36 från
955 2063 66 34 den
1048 2066 65 41 ort,
1143 2064 61 34 der
1231 2064 208 34 domstolens
1466 2064 267 45 förhandlingar
1753 2076 66 34 ega

210 2122 88 33 rum,
328 2112 72 34 kan
426 2113 78 34 med
531 2113 98 43 dylik
654 2114 166 43 lägenhet
847 2113 189 44 företagas.

337 2162 108 35 Hvad
485 2164 165 43 slutligen
691 2161 111 47 angår
840 2164 234 34 motionärens
1114 2164 132 45 förslag
1272 2165 11 34 i
1311 2165 118 44 öfrigt,
1462 2166 137 35 hvilket
1631 2166 104 44 afser,
1766 2170 54 31 att

210 2214 218 34 statsverket
469 2215 111 33 skulle
620 2215 12 33 i
672 2216 41 33 de
753 2215 73 43 fall,
869 2215 61 34 der
968 2226 48 23 nu
1042 2212 273 47 ifrågavarande
1342 2217 189 34 kostnader
1558 2218 106 34 borde
1691 2217 39 35 af
1754 2218 66 34 den

210 2263 174 35 tilltalade
425 2265 85 34 eller
550 2262 193 47 åklagaren
783 2266 133 43 gäldas,
949 2265 176 45 förskjuta
1152 2267 171 44 beloppet,
1352 2268 111 34 skulle
1490 2268 203 44 härigenom
1720 2269 100 35 otvif-
