2190 2624
427 162 41 31 20
901 159 223 41 Laqutskottets
1151 157 168 34 Utlåtande
1343 157 65 33 N:o
1430 159 54 30 47.

387 240 45 36 de
468 244 98 31 mest
593 237 386 51 uppmärksammade
1008 237 182 36 försöken
1218 236 58 36 till
1304 236 157 48 lösning
1484 236 41 37 af
1550 235 271 49 föreliggande
1850 237 139 48 fråga».

386 292 67 35 Att
491 303 88 22 man
612 292 19 33 å
658 289 46 37 de
734 291 111 35 flesta
873 294 102 31 orter
1000 288 32 48 ej
1063 287 58 37 för
1148 300 100 35 egen
1278 286 61 36 del
1367 286 148 37 känner
1543 286 120 36 behof
1683 287 41 35 af
1748 286 73 37 den
1849 287 141 47 ifråga-

388 346 98 32 gatta
527 340 293 50 lagstiftningen
861 339 72 37 och
968 338 127 37 därför
1128 338 32 48 ej
1193 337 121 37 heller
1341 337 153 47 tvingas
1524 336 57 37 till
1604 336 204 37 förståelse
1838 337 41 36 af
1902 337 88 37 dess

387 397 96 33 rätta
525 392 196 45 innebörd,
764 396 112 43 utgör
909 390 33 48 ej
973 392 128 44 någon
1128 388 114 49 giltig
1269 387 210 48 anledning
1508 392 54 31 att
1589 387 136 37 hindra
1754 387 237 48 kommuner,

387 457 80 24 som
514 443 128 36 kunna
682 442 114 37 hafva
837 454 102 35 gagn
982 439 119 46 däraf,
1143 444 55 31 att
1227 438 86 36 med
1341 437 86 37 stöd
1456 438 42 36 af
1521 451 48 23 en
1598 437 119 37 sådan
1745 437 247 49 lagstiftning

387 493 160 89 anställa
585 494 46 36 de
670 493 144 41 försök,
856 490 182 38 hvarmed
1076 490 189 47 framsteg
1292 491 49 45 på
1367 487 290 49 ifrågavarande
1685 488 157 37 område
1871 492 122 35 måste

386 558 160 24 inledas.

520 596 89 36 Men
637 594 114 37 äfven
780 599 127 31 staten
935 596 125 33 såsom
1091 591 120 36 sådan
1239 591 71 36 bör
1337 589 114 37 hafva
1480 594 57 31 ett
1564 588 246 37 omedelbart
1828 588 164 37 intresse

387 647 42 36 af
466 652 55 31 att
563 659 48 24 en
650 647 115 36 sådan
808 643 243 49 lagstiftning
1089 643 171 35 kommer
1299 640 58 36 till
1385 639 123 37 stånd.
1564 639 168 37 Sålunda
1760 639 75 36 kan
1864 638 64 36 det
1956 640 35 47 ej

386 710 90 24 vara
504 697 160 37 alldeles
691 695 184 48 likgiltigt
903 694 58 37 för
985 692 129 38 landet
1140 693 13 36 i
1181 692 91 36 dess
1301 691 142 45 helhet,
1461 690 94 36 huru
1573 688 418 38 lefnadskostnaderna

387 747 110 37 ställa
536 749 61 47 sig
635 748 12 36 i
685 748 47 36 de
767 750 121 33 större
917 744 180 37 städerna
1121 743 71 36 och
1222 741 181 38 särskildt
1430 741 11 36 i
1471 739 297 47 hufvudstaden,
1799 739 47 37 då
1874 738 114 37 dessa

387 798 207 37 kostnader
637 798 12 36 i
691 796 178 38 afsevärd
910 798 85 33 mån
1034 794 117 37 blifva
1192 791 290 39 bestämmande
1524 789 239 50 exempelvis
1807 789 59 37 för
1894 795 95 30 stor-

386 849 112 37 leken
536 849 41 36 af
612 847 414 48 ämbetsaflöningarne
1066 845 11 36 i
1117 844 110 36 riket.
1274 842 138 37 Vidare
1452 842 75 36 kan
1557 841 71 37 den
1658 839 225 48 ifrågasatta
1910 841 82 46 lag-

388 900 227 48 stiftningen
643 912 89 24 vara
760 898 58 37 till
846 903 94 31 stort
966 909 104 36 gagn
1097 894 57 37 för
1174 895 148 35 kronan
1348 893 64 36 vid
1441 891 197 38 bildandet
1667 890 43 37 af
1733 889 143 38 sådana
1896 903 98 23 sam-

387 952 126 37 hällen
555 964 82 23 som
678 950 47 36 de
769 949 66 36 vid
875 947 253 47 Malmberget
1160 945 72 36 och
1261 944 156 36 Kiruna.
1472 943 16 36 I
1516 942 130 49 dylika
1686 940 66 37 fall
1781 953 117 36 synes
1927 940 65 36 det

386 1016 89 24 vara
516 1001 180 37 särskildt
736 999 175 49 lämpligt
952 1003 53 31 att
1046 997 12 36 i
1098 1000 119 33 större
1255 995 94 36 eller
1376 993 147 37 mindre
1552 996 85 33 mån
1666 991 156 37 försöka
1850 1004 47 23 en
1920 990 74 36 till-

386 1053 200 49 lämpning
625 1052 39 36 af
706 1051 46 36 de
794 1050 84 36 utaf
919 1048 282 37 motionärerna
1243 1044 226 37 framhållna
1510 1043 263 49 grundsatser.
1829 1040 82 38 Och
1944 1041 47 37 då

387 1110 126 31 staten
553 1108 93 43 äger
683 1105 42 33 så
753 1100 164 49 mycken
946 1098 88 48 jord
1061 1097 106 37 invid
1196 1095 299 46 hufvudstaden,
1526 1097 58 33 må
1612 1093 65 36 det
1705 1105 92 23 vara
1820 1091 171 47 tillåtligt

387 1156 160 48 boppas,
590 1159 54 30 att
680 1152 148 37 kronan
852 1149 96 37 skall
977 1148 111 37 äfven
1117 1148 68 35 här
1213 1146 86 36 med
1323 1145 107 36 tiden
1457 1145 103 35 finna
1585 1144 66 36 det
1679 1155 89 23 vara
1798 1148 56 30 ett
1881 1147 113 31 state-

386 1207 164 36 intresse
580 1210 54 31 att
660 1203 98 36 inslå
780 1204 50 47 på
858 1214 47 22 en
933 1197 271 49 allmännyttig
1230 1195 247 49 tomtpolitik.

519 1256 76 36 Det
621 1255 96 36 låter
745 1252 184 48 slutligen
953 1250 116 37 tänka
1097 1249 72 48 sig,
1199 1252 54 31 att
1280 1246 114 36 äfven
1423 1244 174 38 enskilde
1625 1244 12 35 i
1657 1243 104 36 vissa
1780 1241 64 37 fall
1865 1241 129 36 kunna

386 1320 129 35 gagna
552 1305 309 47 bostadsfrågan,
890 1302 128 36 därest
1046 1299 147 37 tillfälle
1223 1296 161 38 beredes
1414 1296 88 36 dem
1530 1294 57 37 till
1616 1292 237 50 upplåtelser
1881 1292 41 36 af
1944 1304 49 23 nu

387 1358 200 48 ifrågasatt
615 1354 280 42 beskaffenhet;
937 1352 72 36 och
1035 1351 68 36 bör
1127 1349 129 37 därför
1284 1347 190 37 måhända
1503 1346 111 36 äfven
1645 1344 126 36 denna
1789 1342 204 48 möjlighet

387 1409 121 36 hållas
536 1412 127 44 öppen
692 1406 41 37 af
756 1403 308 50 lagstiftningen.

520 1458 284 36 Motionärerna
833 1467 115 37 synas
976 1457 170 32 närmast
1173 1449 192 38 föreställt
1388 1448 73 47 sig,
1487 1452 55 30 att
1563 1445 111 37 deras
1691 1444 148 47 förslag
1858 1442 136 37 endast

387 1509 123 38 skulle
553 1509 113 36 vinna
707 1506 245 49 tillämpning
981 1507 19 33 å
1027 1507 96 32 tomt
1148 1501 165 48 belägen
1341 1499 102 36 inom
1473 1511 47 23 en
1548 1496 106 37 stads
1683 1493 167 38 område.
1904 1492 90 37 Men

387 1560 133 38 därvid
544 1559 58 38 får
630 1572 86 23 man
743 1571 80 34 nog
850 1557 32 47 ej
910 1562 147 30 stanna.
1088 1553 55 36 De
1168 1550 248 51 upplåtelser,
1445 1562 83 23 som
1555 1547 130 36 kunna
1712 1545 281 48 ifrågakomma

387 1612 82 36 från
503 1611 167 36 kronans
711 1609 73 37 och
813 1606 196 38 enskildes
1038 1604 95 44 sida,
1161 1603 80 36 lära
1270 1600 193 38 sannolikt
1491 1600 12 35 i
1531 1598 47 37 de
1606 1597 111 37 flesta
1745 1595 68 37 fall
1841 1594 153 37 komma

387 1668 54 31 att
465 1662 82 37 afse
576 1661 118 46 mark,
724 1673 82 23 som
835 1657 65 37 vid
928 1657 105 36 tiden
1062 1655 57 37 för
1145 1652 245 51 upplåtelsen
1415 1650 108 48 lyder
1539 1648 123 37 under
1681 1646 199 38 landsrätt.
1911 1643 83 37 Och

386 1714 11 35 i
420 1711 296 50 tillämpningen
761 1709 99 37 skall
897 1708 63 37 det
998 1706 147 37 kanske
1177 1705 84 35 visa
1298 1703 72 48 sig,
1409 1707 55 31 att
1491 1699 110 38 äfven
1632 1692 362 58 stadskommuners

387 1762 247 38 sträfvanden
672 1761 56 36 uti
769 1760 199 48 ifrågasatt
1010 1756 171 47 riktning
1222 1757 122 33 måste
1385 1749 276 39 företrädesvis
1691 1748 161 36 omfatta
1876 1746 117 37 sådan

387 1814 175 47 billigare
604 1812 119 44 mark,
765 1810 157 37 hvilken
963 1808 40 36 af
1041 1806 135 37 staden
1203 1805 61 36 för
1292 1802 217 38 ändamålet
1533 1798 233 38 förvärfvats
1794 1797 12 36 i
1834 1796 158 45 trakter,

388 1879 79 24 som
497 1864 79 36 tills
605 1862 130 37 vidare
763 1862 107 48 ligga
897 1865 104 31 utom
1032 1857 156 37 stadens
1218 1854 167 37 område.

520 1914 73 37 Till
620 1914 69 36 sist
716 1913 70 37 bör
809 1909 231 46 framhållas,
1069 1912 53 32 att
1151 1906 48 37 då
1227 1903 330 50 lagberedningen
1586 1900 124 47 enligt
1730 1898 66 36 sitt
1814 1896 180 50 uppdrag

387 1967 57 36 för
471 1964 238 39 närvarande
738 1969 41 31 är
808 1961 201 50 sysselsatt
1038 1958 86 37 med
1152 1957 169 37 revision
1349 1955 41 37 af
1409 1952 257 51 jordabalken
1696 1948 73 38 och
1799 1947 193 37 dithöran-

386 2018 46 37 de
460 2015 281 49 författningar,
769 2014 53 36 tål
851 2013 134 47 frågan
1014 2010 119 36 äfven
1161 2007 40 38 af
1224 2007 73 36 den
1327 2004 258 48 anledningen
1607 2001 32 49 ej
1671 2002 121 46 något
1810 1996 181 51 uppskof.

386 2068 73 36 Det
486 2072 42 32 är
555 2065 194 48 nämligen
778 2062 248 51 synnerligen
1054 2058 208 49 angeläget
1290 2062 53 31 att
1378 2056 4 36 i
1411 2052 278 47 sammanhang
1717 2049 89 37 med
1827 2046 166 39 nämnda

387 2118 168 39 revision
599 2120 60 34 må
700 2116 152 37 komma
880 2113 121 37 under
1028 2107 289 51 öfvervägande
1347 2106 46 37 de
1421 2100 463 53 lagstiftningsåtgärder,
1910 2111 82 23 som

386 2168 172 53 påkallas
586 2168 40 37 af
650 2168 47 37 de
727 2170 124 33 större
880 2165 201 36 städernas
1107 2158 286 47 bostadsfråga.
