1893 2836
247 169 41 31 22
524 168 452 33 Konstitutionsutskottets
994 167 178 33 utlåtande
1189 177 45 21 nr
1248 168 43 31 32
1307 168 41 31 år
1365 166 85 32 1967

371 249 145 42 (Kungl.
539 249 125 41 Maj:ts
687 249 151 42 förslag)

1186 248 212 36 (Utskottets
1419 248 150 41 förslag)

918 519 135 43 Förslag

962 592 53 32 till

941 679 97 49 Lag

242 766 172 41 angående
436 765 126 33 ändrad
583 765 122 42 lydelse
726 776 42 20 av
783 765 21 31 8
820 764 22 43 8
858 764 98 43 lagen
972 763 64 32 den
1051 764 21 31 4
1084 764 136 42 januari
1236 763 85 33 1956
1337 765 59 43 (nr
1411 763 39 45 2)
1466 774 57 20 om
1537 762 197 43 socialhjälp

290 867 213 38 Härigenom
526 866 195 34 förordnas,
745 868 50 28 att
818 865 19 30 8
860 865 19 37 $
902 866 101 39 lagen
1026 865 68 30 den
1115 865 20 29 4
1157 865 144 39 januari
1325 864 83 30 1956
1432 874 58 20 om
1511 864 222 40 socialhjälp!

252 919 89 30 skall
357 918 134 31 erhålla
506 918 135 31 ändrad
656 918 130 41 lydelse
801 918 46 41 på
861 919 70 29 sätt
946 918 117 30 nedan
1073 925 120 32 anges.

951 1016 20 31 8
998 1015 28 39 8.

288 1135 67 30 Om
369 1135 235 30 kommunens
618 1134 221 40 fullmäktige
853 1134 39 30 så
904 1134 56 30 be-

243 1189 101 35 sluta,
368 1190 79 39 äger
472 1188 284 31 socialnämnden
780 1188 181 40 uppdraga

242 1242 36 30 åt
305 1242 150 30 särskild
480 1241 197 40 avdelning,
703 1241 188 31 bestående
915 1249 45 22 av

241 1296 193 30 ledamöter
454 1296 84 30 eller
556 1296 228 40 suppleanter
802 1295 14 30 i
836 1296 124 29 nämn-

243 1350 77 35 den,
341 1351 83 29 eller
444 1350 35 30 åt
499 1350 151 30 ledamot
671 1350 83 29 eller
774 1349 185 40 suppleant

242 1403 84 32 eller
351 1403 35 31 åt
411 1403 217 40 tjänsteman
653 1403 64 30 hos
743 1403 216 29 kommunen

244 1458 83 30 eller
357 1458 36 30 åt
424 1458 110 30 sådan
568 1458 214 39 tjänsteman
816 1456 145 31 tillsam-

243 1520 101 21 mans
373 1513 81 29 med
482 1511 152 31 ledamot
663 1511 83 30 eller
773 1511 188 40 suppleant

243 1567 50 28 att
324 1565 8 30 å
349 1565 196 30 nämndens
562 1566 131 39 vägnar
712 1565 89 30 fatta
817 1565 115 30 beslut
949 1564 12 30 i

241 1619 95 30 vissa
355 1627 151 32 grupper
527 1629 43 20 av
590 1619 162 35 ärenden,
772 1619 114 30 vilkas
905 1619 56 30 be-

243 1672 203 31 skaffenhet
473 1673 89 30 skall
589 1672 144 41 angivas
757 1673 12 30 i
795 1672 166 30 fullmäk-

241 1726 88 39 tiges
350 1727 125 29 beslut.
495 1726 276 40 Framställning
791 1726 83 30 eller
893 1727 68 39 ytt-

242 1779 108 31 rande
373 1780 53 31 till
450 1779 221 40 fullmäktige
692 1779 59 31 må
773 1779 91 30 dock
885 1779 76 30 icke

241 1833 156 30 beslutas
421 1833 206 30 annorledes
651 1834 44 29 än
719 1842 43 22 av
783 1833 178 30 nämnden

244 1886 166 31 samfällt.

287 1939 129 35 Beslut,
432 1939 107 30 vilket

997 1079 132 30 honom
1145 1079 217 40 socialhjälp.

1060 1133 68 30 Om
1141 1134 237 30 kommunens
1391 1133 222 40 fullmäktige
1627 1133 39 31 så
1678 1134 57 30 be-

1015 1187 101 35 sluta,
1140 1188 79 39 äger
1244 1187 286 31 socialnämnden
1552 1187 183 40 uppdraga

1015 1241 35 30 åt
1074 1241 155 30 särskild
1250 1241 201 40 avdelning,
1477 1240 188 31 bestående
1688 1248 46 22 av

1014 1294 191 31 ledamöter
1225 1295 85 30 eller
1332 1295 224 40 suppleanter
1575 1295 13 30 i
1610 1295 123 30 nämn-

1016 1349 77 34 den,
1113 1349 84 30 eller
1216 1349 35 30 åt
1271 1349 153 30 ledamot
1443 1349 84 30 eller
1547 1349 185 39 suppleant

1014 1402 84 30 eller
1123 1402 35 30 åt
1183 1402 218 40 tjänsteman
1425 1402 64 31 hos
1515 1402 218 30 kommunen

1016 1458 50 29 att
1096 1457 9 30 å
1121 1457 196 30 nämndens
1334 1458 131 39 vägnar
1484 1457 89 30 fatta
1590 1457 115 30 beslut
1721 1457 13 29 i

1014 1511 95 30 vissa
1128 1519 150 32 grupper
1299 1520 43 21 av
1362 1510 162 35 ärenden,
1545 1511 113 30 vilkas
1677 1511 57 30 be-

1016 1564 201 31 skaffenhet
1244 1564 90 30 skall
1361 1564 144 40 angivas
1529 1564 12 30 i
1567 1564 167 30 fullmäk-

1014 1618 88 40 tiges
1122 1618 124 30 beslut.
1267 1617 275 41 Framställning
1563 1618 83 30 eller
1666 1619 68 39 ytt-

1014 1672 108 30 rande
1145 1672 53 31 till
1222 1672 221 39 fullmäktige
1465 1671 59 31 må
1545 1671 91 30 dock
1657 1671 77 31 icke

1014 1725 155 31 beslutas
1193 1725 208 31 annorledes
1423 1726 45 29 än
1491 1735 42 20 av
1555 1725 178 30 nämnden

1017 1788 58 21 sam
1086 1775 96 49 fällt.

1128 1940 101 29 nästa
1245 1939 270 31 sammanträde.

293 2101 123 30 Denna
432 2102 57 37 lag
503 2102 118 29 träder
638 2102 12 30 i
667 2101 96 30 kraft
780 2101 67 30 den
867 2102 15 29 1
899 2101 68 40 juli
986 2101 93 31 1967.

242 2209 12 17 1
273 2211 114 24 Senaste
399 2211 105 30 lydelse
517 2217 36 18 av
566 2210 15 24 8
596 2211 11 30 $
622 2217 27 18 se
663 2210 77 25 1964:
752 2210 41 25 66.
