2231 2657
742 201 254 32 Statsutskottets
1018 201 166 32 utlåtande
1206 201 53 32 Nr
1281 205 28 28 6.
1774 202 16 31 7

341 286 429 51 Departementschefen
805 288 69 36 har
901 287 13 36 i
942 287 104 37 detta
1074 288 150 47 ärende,
1253 288 120 37 under
1402 288 238 50 åberopande
1668 288 41 37 af
1734 288 100 37 hvad

238 340 136 37 chefen
415 340 60 37 för
511 340 453 50 justitiedepartementet
1001 340 55 36 till
1085 340 421 49 statsrådsprotokollet
1534 341 108 36 öfver
1665 341 168 49 justitie-

236 392 451 50 departementsärenden
729 393 74 36 den
847 395 44 34 13
925 393 150 48 januari
1106 395 97 35 1912
1234 393 125 37 anfört
1386 393 234 37 beträffande
1650 400 184 31 semester

236 445 59 36 för
322 445 257 36 vaktmästare
606 445 13 36 i
647 445 103 36 vissa
777 445 253 46 ämbetsverk,
1061 445 80 35 dels
1171 445 152 47 erinrat,
1353 450 54 31 att
1435 445 11 35 i
1476 446 71 35 den
1571 445 60 36 för
1651 450 91 44 väg-
1762 446 71 36 och

235 497 530 49 vattenbyggnadsstyrelsen
814 496 176 48 gällande
1040 496 314 50 aflöningsstaten
1383 497 134 37 funnes
1557 497 188 50 uppförda
1786 511 46 23 en

236 549 118 37 förste
396 550 257 36 vaktmästare
695 550 72 36 och
807 552 63 33 två
910 550 267 47 vaktmästare,
1220 550 128 36 hvilka
1390 550 107 36 torde
1539 550 92 37 böra
1672 550 160 37 beredas

237 607 182 32 semester
447 601 123 50 enligt
599 602 46 36 de
674 602 179 49 grunder,
884 615 81 23 som
993 602 41 36 af
1059 602 134 36 chefen
1222 602 60 36 för
1297 602 454 50 justitiedepartementet
1769 616 65 23 an-

236 654 108 48 förts,
374 654 79 37 dels
484 655 72 36 ock
583 654 148 48 uttalat,
749 659 56 31 att
832 654 58 36 för
919 654 105 37 detta
1051 654 173 37 ändamål
1252 654 118 49 ingen
1397 654 223 50 förhöjning
1647 655 109 36 torde
1777 668 56 23 er-

236 707 149 36 fordras
415 707 40 36 af
480 707 64 36 det
572 707 60 36 för
659 707 399 48 vikariatsersättning
1086 721 47 22 m.
1156 720 47 23 m.
1225 706 155 37 afsedda
1401 707 173 49 anslaget
1592 707 12 36 i
1625 708 208 48 styrelsens

237 759 278 49 aflöningsstat.

339 811 130 37 Under
484 811 242 49 åberopande
746 811 41 36 af
802 811 258 36 innevarande
1080 811 192 48 Riksdags
1291 810 123 37 beslut
1434 811 199 49 angående
1653 816 180 32 semester

237 862 60 39 för
323 864 259 37 vaktmästare
610 863 65 37 vid
703 864 137 48 högsta
869 862 224 48 domstolen,
1123 862 56 37 får
1207 863 187 37 utskottet
1422 863 211 48 hemställa,

741 971 56 32 att
824 966 221 49 Riksdagen
1073 969 60 33 må
1153 966 205 49 godkänna
1377 967 166 49 följande
1558 967 137 49 tillägg
1710 967 57 36 till
1787 968 46 36 de

636 1032 141 35 genom
805 1019 130 49 kungl.
965 1019 256 48 kungörelsen
1251 1018 71 37 den
1349 1021 46 34 22
1425 1019 83 49 juni
1530 1021 96 35 1911
1649 1020 184 48 stadgade

637 1070 137 38 villkor
807 1071 71 36 och
910 1071 289 37 bestämmelser
1239 1071 60 37 för
1341 1071 221 49 åtnjutande
1605 1072 41 36 af
1676 1072 45 36 de
1749 1072 85 36 från

641 1125 96 34 1912
764 1126 60 34 års
851 1123 131 48 början
1011 1123 214 37 fastställda
1253 1123 382 49 aflöningsförmåner
1656 1124 58 37 för
1734 1125 99 36 ordi-

637 1176 105 35 narie
779 1175 395 49 befattningshafvare
1206 1176 12 35 i
1249 1181 93 43 väg-
1375 1176 70 36 och
1477 1176 355 49 vattenbyggnads-

638 1226 189 50 styrelsen
864 1233 97 31 samt
993 1227 11 36 i
1037 1232 94 45 väg-
1169 1228 70 36 och
1275 1228 557 49 vattenbyggnadsdistrikten,

637 1280 206 48 nämligen,

741 1337 55 31 att
824 1345 47 23 en
899 1332 94 36 hvar
1028 1332 257 37 vaktmästare
1317 1332 12 36 1
1348 1337 91 44 väg-
1469 1332 71 37 och
1576 1333 257 49 vattenbygg-

636 1384 287 49 nadsstyrelsen
951 1387 59 34 må
1038 1385 158 48 årligen,
1225 1385 12 35 i
1266 1385 72 36 den
1380 1387 84 34 mån
1499 1385 134 36 sådant
1660 1385 75 37 kan
1765 1386 67 36 ske

636 1442 92 31 utan
768 1437 135 37 hinder
943 1437 60 37 för
1044 1436 240 49 göromålens
1324 1437 184 49 behöriga
1540 1441 115 45 gång,
1686 1438 146 49 åtnjuta

638 1495 183 31 semester
849 1489 119 37 under
998 1491 45 35 15
1074 1489 119 48 dagar
1221 1493 97 33 samt

742 1546 53 31 att
836 1542 63 36 vid
932 1541 325 50 sjukdomsförfall
1293 1542 60 36 för
1388 1542 121 36 förste
1537 1542 293 48 vaktmästaren,

638 1593 92 36 eller
770 1598 68 31 när
880 1594 63 36 det
981 1594 189 36 erfordras
1210 1594 60 36 för
1309 1593 215 37 beredande
1562 1597 37 33 åt
1626 1594 140 36 honom
1794 1595 41 35 af

637 1650 193 43 semester,
872 1659 124 23 annan
1032 1646 257 36 vaktmästare
1318 1646 97 36 skall
1442 1659 90 23 vara
1574 1646 153 49 skyldig
1763 1651 67 42 att,

638 1710 59 23 om
740 1697 75 36 han
843 1697 197 37 förordnas
1070 1702 55 32 att
1152 1697 201 50 uppehålla
1381 1698 117 37 förste
1526 1698 304 38 vaktmästarens

638 1749 228 49 befattning,
897 1750 164 36 bestrida
1089 1750 229 47 densamma,
1343 1750 97 36 dock
1460 1750 32 48 ej
1512 1750 134 50 längre
1667 1756 48 31 än
1735 1765 96 22 sam-

638 1802 198 49 manlagdt
858 1807 57 32 tre
934 1802 178 36 månader
1132 1802 118 37 under
1269 1807 54 32 ett
1342 1803 70 36 och
1433 1816 142 23 samma
1595 1803 235 48 kalenderår,

638 1854 87 36 med
753 1859 75 31 rätt
856 1859 55 31 att
939 1854 198 46 därunder,
1157 1855 13 35 i
1190 1854 127 37 stället
1336 1855 58 36 för
1417 1868 98 35 egna
1534 1856 296 49 tjänstgörings-

637 1906 226 48 penningar,
898 1907 156 48 åtnjuta,
1083 1907 62 36 vid
1166 1907 323 48 sjukdomsförfall
1508 1907 59 37 för
1585 1908 119 36 förste
1724 1908 106 36 vakt-

638 1962 202 43 mästaren,
852 1959 46 35 de
910 1959 85 36 med
1005 1959 96 35 hans
1111 1959 219 49 befattning
1343 1959 181 36 förenade
1535 1959 295 50 tjänstgörings-

637 2010 215 49 penningar
881 2011 70 37 och
991 2011 120 36 under
1151 2011 95 37 hans
1287 2018 183 30 semester
1498 2017 54 31 ett
1580 2017 80 31 mot
1689 2026 142 23 samma

637 2063 498 49 tjänstgöringspenningar
1164 2064 186 36 svarande
1378 2064 150 50 belopp.

340 2164 74 49 4:0)
435 2165 18 36 I
473 2178 47 24 en
539 2165 58 36 till
614 2166 222 49 Riksdagen
855 2166 73 37 den
949 2170 46 33 23
1015 2167 166 37 februari
1200 2170 97 34 1912
1314 2168 135 36 aflåten
1466 2168 240 50 proposition
1721 2183 45 22 nr
1782 2170 46 35 56

236 2216 70 37 har
325 2217 142 49 Kungl.
484 2217 107 48 Maj:t
606 2219 121 36 under
743 2220 238 48 åberopande
998 2220 40 36 af
1050 2219 146 49 bilagdt
1212 2220 376 49 statsrådsprotokoll
1605 2221 107 36 öfver
1728 2222 103 35 civil-

238 2268 454 50 departementsärenden
720 2271 60 36 för
809 2284 141 23 samma
979 2272 75 49 dag
1082 2272 200 49 föreslagit
1309 2272 219 50 Riksdagen
1552 2278 56 31 att
1627 2273 204 49 godkänna

238 2321 80 36 dels
347 2322 117 36 sådan
492 2322 163 49 ändring
682 2323 12 35 i
723 2323 73 36 den
825 2326 41 34 år
897 2326 95 34 1911
1023 2324 215 37 fastställda
1264 2325 188 36 ordinarie
1473 2330 76 31 stat
1569 2325 58 37 för
1645 2330 93 44 väg-
1759 2326 71 36 och
