2206 2657
718 209 252 32 Statsutskotltets
992 210 167 32 utlåtande
1181 211 53 31 Nr
1259 214 27 29 6.
1721 213 40 31 29

207 305 111 24 rerna
345 293 166 37 uttalade
539 294 184 49 farhågan
752 295 70 49 för,
845 300 55 32 att
919 296 439 50 väganläggningarna
1337 289 20 63 i
1379 298 107 50 fråga
1511 299 120 37 skulle
1651 299 152 37 komma

208 350 54 32 att
291 345 127 38 alltför
444 346 114 50 länge
586 347 292 50 undanskjutas,
908 349 81 36 icke
1018 354 108 45 synts
1154 350 190 37 utskottet
1371 351 187 48 grundad.

310 398 205 49 Utskottet,
559 413 94 33 som,
696 400 86 37 med
811 401 177 37 afseende
1017 405 21 33 å
1065 402 99 36 hvad
1198 402 155 37 sålunda
1381 404 156 47 anförts,
1566 404 84 36 icke
1679 410 125 31 ansett

207 450 60 49 sig
295 450 92 37 böra
415 451 149 37 biträda
593 452 72 36 den
694 452 42 37 af
760 453 282 37 motionärerna
1069 454 137 49 gjorda
1236 454 344 51 framställningen,
1609 456 57 36 får
1694 456 110 37 alltså

206 502 212 50 hemställa,

712 562 53 32 att
793 557 130 37 herrar
950 558 145 38 Roséns
1125 559 70 36 och
1223 559 205 50 Hellbergs
1456 560 249 38 förevarande
1725 575 77 23 mo-

606 609 123 37 tioner
757 610 83 37 icke
869 614 60 33 må
956 611 115 37 vinna
1099 612 240 49 Riksdagens
1368 612 118 38 bifall.

795 731 424 41 Medicinalstaten.

310 815 101 50 31:o)
453 816 138 49 Kungl.
621 816 107 48 Maj:t
756 817 68 37 har
851 818 199 49 föreslagit
1072 819 222 49 Riksdagen
1313 820 82 36 dels
1415 826 56 31 att
1491 821 58 37 till
1567 821 236 50 provisorisk

206 867 286 50 lönereglering
520 869 59 37 för
607 869 400 50 befattningshafvare
1035 871 11 35 i
1071 872 404 49 medicinalstyrelsen,
1496 874 11 36 i
1528 874 170 49 enlighet
1717 875 86 37 med

206 921 47 36 de
280 920 12 36 i
321 921 421 49 statsrådsprotokollet
770 922 207 49 tillstyrkta
1004 924 168 47 grunder
1201 924 70 37 och
1299 927 48 47 på
1375 925 46 37 de
1450 925 122 38 däruti
1602 927 200 37 förordade

206 972 150 49 villkor,
398 976 49 46 på
487 980 108 30 extra
627 979 76 31 stat
730 974 60 36 för
818 978 40 33 år
888 977 97 34 1913
1014 976 140 49 bevilja
1183 982 53 31 ett
1264 977 305 50 förslagsanslag
1597 979 42 36 af
1666 981 136 47 19,400

206 1025 140 37 kronor
387 1025 110 37 däraf
535 1026 117 50 högst
694 1028 73 35 812
809 1027 144 37 kronor
990 1029 47 35 50
1075 1033 64 33 öre
1176 1032 60 33 må
1269 1030 193 37 användas
1490 1031 58 36 till
1576 1031 162 50 höjning
1766 1033 41 36 af

206 1077 412 50 vikariatsersättning,
647 1084 55 31 att
739 1082 48 46 på
816 1085 105 31 extra
950 1085 75 31 stat
1052 1081 59 36 för
1139 1084 41 33 år
1210 1083 96 35 1913
1337 1082 139 49 bevilja
1512 1088 56 32 ett
1604 1084 135 49 anslag
1767 1085 40 36 af

208 1131 73 35 600
319 1130 141 36 kronor
497 1136 55 30 att
589 1131 120 37 under
736 1132 164 36 nämnda
929 1135 40 33 år
997 1132 83 37 med
1112 1135 46 34 50
1186 1133 142 37 kronor
1355 1134 12 36 i
1395 1135 185 37 månaden
1609 1136 194 37 användas

207 1184 122 35 såsom
370 1182 215 50 personligt
624 1183 227 50 lönetillägg
890 1184 57 36 till
988 1185 287 38 tillförordnade
1316 1187 308 38 medicinalrådet
1665 1188 142 38 Gustaf

206 1234 163 37 Richard
411 1234 202 50 Stenbeck,
643 1239 42 33 så
713 1235 112 50 länge
853 1237 74 36 han
955 1240 48 46 på
1031 1238 124 48 grund
1183 1239 42 36 af
1248 1239 258 37 förordnande
1534 1241 187 36 bestrider
1749 1246 55 32 ett

206 1287 439 38 medicinalrådsämbete
673 1289 12 35 i
714 1288 402 50 medicinalstyrelsen,
1141 1295 97 31 samt
1257 1295 56 32 att
1333 1291 182 38 likaledes
1534 1296 47 46 på
1601 1298 107 32 extra
1728 1299 74 31 stat

206 1339 59 37 för
293 1342 40 34 år
365 1341 96 35 1913
490 1340 58 36 till
578 1340 198 37 aflönande
797 1341 42 37 af
854 1354 46 24 en
920 1348 105 31 extra
1043 1343 257 37 vaktmästare
1319 1344 69 37 hos
1409 1345 393 50 medicinalstyrelsen

206 1392 133 36 anvisa
368 1397 53 32 ett
449 1393 137 49 anslag
614 1393 41 36 af
682 1395 110 46 1,175
820 1394 151 49 kronor,
1001 1395 81 36 dels
1111 1400 55 31 att
1195 1396 58 36 för
1272 1396 243 38 bestridande
1535 1398 42 36 af
1592 1398 210 48 utgifterna

205 1444 60 36 för
302 1449 54 32 ett
391 1445 289 49 vetenskapligt
716 1445 67 37 råd
811 1446 63 36 vid
902 1446 409 51 medicinalstyrelsens
1341 1449 80 37 sida
1450 1455 99 31 samt
1576 1450 59 36 för
1662 1451 141 36 anstäl-

205 1496 112 37 lande
345 1497 41 36 af
410 1500 65 33 två
503 1497 514 38 medicinalrådsassistenter
1044 1502 48 47 på
1111 1504 107 32 extra
1238 1505 74 32 stat
1330 1501 59 37 för
1409 1504 40 34 år
1471 1503 96 35 1913
1589 1502 139 50 bevilja
1747 1508 55 32 ett

207 1549 134 48 anslag
369 1549 41 36 af
437 1551 137 46 17,650
603 1550 153 47 kronor,
786 1550 80 37 dels
895 1551 72 36 ock
986 1557 55 31 att
1059 1552 58 35 till
1136 1553 236 48 provisorisk
1392 1553 162 50 höjning
1572 1555 42 36 af
1628 1555 175 49 anslaget

205 1600 58 37 till
292 1600 510 50 medikamentsräkningars
828 1603 251 50 granskning,
1099 1604 409 51 vikariatsersättning,
1528 1607 273 49 renskrifning,

205 1652 273 49 flitpenningar
520 1654 71 36 och
632 1653 190 50 tillfälliga
863 1655 174 37 biträden
1071 1658 48 46 på
1146 1661 106 32 extra
1281 1662 76 31 stat
1385 1658 59 36 för
1472 1661 41 33 år
1543 1660 97 35 1913
1669 1660 133 36 anvisa

206 1709 54 31 ett
288 1704 136 50 anslag
448 1705 41 36 af
510 1707 114 46 2,000
649 1706 154 36 kronor.

308 1808 261 49 Utredningen
598 1809 12 36 i
639 1810 158 37 ärendet
825 1811 205 36 återfinnes
1059 1812 12 35 i
1100 1812 433 50 statsrådsprotokollet,
1550 1814 69 36 sid.
1638 1816 163 36 60—79.

309 1913 139 49 Kungl.
491 1914 127 48 Maj:ts
659 1914 253 37 förevarande
953 1915 284 50 framställning
1272 1917 206 37 innefattar
1506 1918 56 36 till
1592 1931 47 24 en
1667 1919 134 50 början

205 1965 238 48 provisorisk
480 1965 289 50 lönereglering
801 1967 58 37 för
896 1967 189 37 ordinarie
1122 1968 394 50 befattningshafvare
1544 1971 12 36 i
1584 1971 217 37 medicinal-

205 2017 201 49 styrelsen,
436 2022 98 32 samt
561 2019 216 37 beredande
807 2019 41 36 af
872 2024 54 32 ett
953 2020 212 49 personligt
1193 2021 225 49 lönetillägg
1445 2026 38 33 åt
1510 2023 291 38 tillförordnade

205 2069 310 37 medicinalrådet
558 2070 46 37 G.
648 2070 41 37 R.
733 2070 199 38 Stenbeck.
989 2072 109 37 Hvad
1145 2074 12 35 i
1203 2073 135 37 sådant
1375 2075 179 37 afseende
1592 2076 42 36 af
1658 2076 142 49 Kungl.

205 2122 108 48 Maj:t
342 2122 230 49 föreslagits,
602 2123 69 36 har
699 2123 33 49 ej
764 2123 114 49 gifvit
906 2125 188 36 utskottet
1122 2124 209 51 anledning
1359 2127 58 36 till
1431 2130 129 45 någon
1588 2128 161 37 erinran.

307 2173 141 38 Vidare
489 2175 102 36 afser
632 2175 141 49 Kungl.
816 2176 128 49 Maj:ts
987 2176 286 51 framställning
1309 2183 56 32 att
1402 2179 12 36 i
1444 2180 180 36 afvaktan
1652 2183 49 46 på
1729 2181 73 37 den

205 2226 329 49 genomgripande
562 2227 226 50 förändring
816 2228 41 36 af
882 2228 404 50 medicinalstyrelsen,
1317 2244 80 24 som
1425 2231 171 38 kommer
1624 2238 56 31 att
1707 2247 96 36 upp-

205 2283 110 43 tagas
344 2279 57 35 till
428 2279 237 49 behandling
692 2280 12 35 i
732 2281 276 49 sammanhang
1026 2282 87 36 med
1132 2282 135 49 frågan
1287 2296 60 23 om
1367 2283 432 50 statsdepartementens

207 2330 336 49 omorganisation,
573 2331 139 37 bereda
738 2332 266 50 förstärkning
1032 2333 12 36 i
1073 2335 210 48 styrelsens
1310 2335 287 38 arbetskrafter.

1847 840 162 23 Provisorisk

1829 875 188 30 lönereglering

1881 917 31 15 m,
1932 917 31 15 m.

1879 952 94 46 [27.]

1846 1940 149 23 Utskottets

1859 1975 128 29 yttrande.
