1872 2790
456 142 409 40 Bevillningsutskotlets
889 141 222 31 betänkande
1134 151 43 21 nr
1199 142 52 29 59.
1582 141 37 30 13

144 230 82 29 Man
247 229 71 29 kan
340 227 77 30 icke
437 228 113 29 räkna
571 228 79 29 med
672 229 51 27 att
746 226 202 30 restitutlion
969 235 43 21 av
1033 225 270 30 bensinskatten
1323 228 109 27 annat
1455 227 43 28 än
1521 225 11 28 i
1555 234 63 20 un-

98 271 214 38 dantagsfall
338 271 159 29 kommer
522 270 51 29 att
597 269 161 30 medföra
781 270 50 28 att
856 269 108 29 redan
989 268 214 30 anskaffade
1228 269 176 28 traktorer
1430 268 188 29 förändras

99 315 80 30 från
205 312 232 40 fotogendrift
464 312 52 29 till
543 311 224 30 bensindrift.
796 311 75 29 Den
898 310 233 31 ekonomiska
1159 310 139 30 vinsten
1326 317 125 32 genom
1479 310 140 29 bensin-

98 357 243 30 traktorernas
369 355 93 39 lägre
487 353 380 39 bränsleförbrukning
894 353 70 30 kan
992 353 123 29 därför
1143 353 124 29 endast
1295 352 89 30 efter
1412 352 95 29 hand
1536 353 81 38 göra

99 399 53 39 sig
172 398 171 39 gällande.

146 440 67 30 Om
235 442 23 27 t.
283 449 50 20 ex.
358 439 19 30 8
392 439 62 30 000
478 438 177 31 traktorer
678 440 78 28 med
780 448 43 20 en
847 439 85 29 total
954 437 382 41 bränsleförbrukning
1360 447 41 20 av
1428 438 36 29 11
1481 437 64 30 000
1568 438 50 29 1n?

101 491 61 30 per
181 482 39 31 år
239 482 115 30 drives
375 483 78 29 med
472 481 126 30 bensin
618 481 11 29 i
649 481 115 29 stället
785 480 54 30 för
861 481 141 38 fotogen
1022 481 99 30 torde
1141 490 43 21 en
1203 480 188 40 besparing
1411 481 10 28 i
1441 480 100 39 fråga
1561 489 57 21 om

100 524 193 30 drivmedel
315 525 46 39 på
384 524 106 30 minst
513 524 64 29 550
600 524 50 29 m?
673 523 174 30 beräknas
870 523 48 29 bli
941 522 133 40 möjlig.
1100 522 155 31 Sålunda
1278 523 114 29 skulle
1415 531 57 21 om
1494 522 124 30 bensin

101 567 122 39 väljes,
243 568 136 29 landets
399 566 110 39 årliga
527 566 234 29 valutabehov
780 566 55 29 för
854 564 234 40 anskaffning
1105 574 43 21 av
1167 564 192 31 drivmedel
1379 564 52 29 till
1451 566 41 29 de
1512 565 108 39 enligt

101 620 89 20 ovan
211 610 124 39 gjorda
355 609 194 39 beräkning
569 608 133 40 årligen
722 608 228 39 erforderliga
972 607 19 30 8
1006 607 63 30 000
1090 607 386 39 förgasartraktorerna
1496 607 123 29 kunna

101 653 186 30 reduceras
308 653 80 29 med
410 651 147 39 ungefär
580 651 62 29 100
657 651 63 29 000
741 651 141 29 kronor.
917 650 131 30 Härvid
1070 650 64 29 har
1155 648 242 41 importpriset
1418 649 55 30 för
1495 649 123 30 bensin

101 696 190 29 beräknats
320 704 83 20 vara
435 694 39 29 19
503 695 58 28 öre
591 703 62 29 per
682 693 89 29 liter.
812 693 157 29 Ersättes
1000 692 162 39 samtliga
1192 701 46 20 nu
1270 691 162 30 använda
1462 691 157 39 fotogen-

101 738 185 33 traktorer,
309 737 97 29 inom
428 736 41 29 de
493 736 306 38 storleksgrupper
822 735 63 29 där
909 734 287 30 dieseltraktorer
1221 734 55 29 för
1299 734 220 29 närvarande
1543 735 76 28 icke

101 782 39 28 är
167 780 240 33 ekonomiska,
434 780 79 29 med
539 777 313 34 bensintraktorer,
880 777 147 39 uppstår
1054 786 43 19 en
1124 776 207 39 minskning
1357 786 42 20 av
1425 777 58 29 det
1509 775 110 39 årliga

101 822 147 30 behovet
270 821 207 40 importerat
499 820 142 30 bränsle
664 820 45 39 på
731 819 101 31 totalt
856 818 164 40 omkring
1043 818 98 30 3500
1165 819 50 29 m?
1240 818 83 31 eller
1346 819 11 29 i
1382 818 237 40 importvärde

101 865 99 30 cirka
221 864 62 29 700
299 864 63 29 000
383 864 141 29 kronor.

146 904 352 31 Bensinmotorernas
521 904 95 39 lägre
639 903 423 40 smörjoljeförbrukning
1085 903 71 29 kan
1178 903 11 29 i
1212 903 41 29 de
1276 903 155 29 aktuella
1455 902 165 30 storleks-

102 955 201 32 grupperna
319 947 174 29 beräknas
512 955 39 31 ge
568 956 44 20 en
629 946 187 39 besparing
833 955 61 29 per
911 945 138 29 traktor
1066 944 45 40 på
1128 944 109 31 minst
1254 945 99 29 cirka
1370 945 41 29 30
1430 945 45 38 kg
1493 945 127 38 smörj-

101 990 74 40 olja
191 990 143 39 årligen.
352 990 68 29 För
437 989 18 30 8
470 989 63 30 000
551 989 176 29 traktorer
744 988 66 29 blir
827 989 68 29 den
912 987 111 39 årliga
1041 986 252 40 minskningen
1310 987 150 30 sålunda
1477 987 63 30 240
1556 987 63 30 000

101 1032 48 40 kg
165 1033 66 29 och
248 1033 55 29 för
320 1032 42 30 50
377 1032 62 29 000
457 1031 98 30 cirka
575 1031 95 30 1500
686 1030 62 30 000
766 1030 55 39 kg.

143 1117 13 29 I
176 1118 67 29 den
262 1116 97 30 inom
378 1117 133 28 statens
531 1114 330 40 jordbruksnämnd
880 1114 212 39 upprättade
1112 1113 262 40 promemorian
1393 1113 65 30 har
1478 1113 137 30 anförts

99 1167 169 39 följande.

147 1226 118 38 Enligt
293 1227 49 28 ett
370 1224 140 40 nyligen
538 1225 184 39 upprättat
751 1224 131 39 förslag
910 1224 46 29 ha
985 1224 230 29 statsverkets
1245 1223 191 30 kostnader
1466 1223 54 30 för
1548 1223 71 30 viss

101 1268 204 30 restitution
333 1277 43 20 av
403 1267 242 30 bensinsskatt
674 1267 53 29 till
753 1266 229 39 jordbrukets
1012 1265 253 31 bensindrivna
1292 1266 177 30 traktorer
1497 1266 123 29 beräk-

102 1313 81 29 nats
200 1311 54 29 till
273 1312 44 33 1,5
334 1310 165 40 miljoner
516 1311 53 28 kr.
587 1318 61 31 per
667 1310 64 29 år.!
750 1309 66 30 Om
834 1308 169 38 förslaget
1022 1308 232 40 genomföres,
1273 1308 144 30 komma
1436 1309 40 29 de
1496 1308 11 29 i
1524 1308 96 39 jord-

100 1352 282 38 brukskalkylen
404 1353 180 38 upptagna
607 1351 239 30 kostnaderna
868 1351 55 29 för
945 1350 193 30 drivmedel
1161 1352 50 28 att
1239 1350 5 29 i
1266 1351 248 29 motsvarande
1537 1350 83 29 mån

101 1395 170 29 minskas.
294 1395 66 29 Det
381 1394 62 30 bör
465 1393 195 30 emellertid
682 1393 134 29 erinras
839 1402 57 20 om
919 1394 51 28 att
991 1392 365 39 jordbrukskalkylen
1377 1401 148 20 numera
1548 1401 70 20 om-

102 1437 109 30 sluter
234 1437 140 38 mycket
399 1438 94 28 stora
515 1435 137 39 belopp.
676 1435 233 29 Jordbrukets
934 1434 193 30 kostnader
1150 1434 116 39 uppgå
1290 1434 150 30 sålunda
1464 1434 55 29 för
1542 1443 78 30 pro-

101 1478 248 30 duktionsåret
369 1478 149 35 1952/53
538 1478 53 29 till
609 1478 11 28 i
638 1479 83 28 runt
740 1478 48 29 tal
806 1476 19 29 4
840 1477 63 30 260
923 1476 88 39 milj.
1031 1477 53 28 kr.
1104 1477 166 38 Beloppet
1288 1476 55 30 för
1362 1476 258 30 bensinskatte-

102 1521 203 30 restitution
331 1521 102 38 utgör
460 1520 150 30 sålunda
638 1520 135 38 knappt
801 1519 77 39 fyra
906 1519 217 29 hundradels
1151 1521 145 36 procent
1323 1527 42 21 av
1391 1518 228 39 jordbrukets

101 1564 111 30 totala
243 1563 192 30 kostnader
467 1563 65 29 och
564 1562 108 39 ligger
704 1562 224 39 följaktligen
962 1560 96 40 långt
1091 1560 97 30 inom
1221 1560 311 39 felmarginalerna
1565 1562 54 28 för

100 1605 374 40 jordbrukskalkylen.

147 1647 229 31 Beträffande
406 1646 310 30 konsekvenserna
746 1655 42 20 ur
817 1645 454 40 prisregleringssynpunkt
1301 1654 43 21 av
1373 1655 44 19 en
1446 1646 173 29 eventuell

101 1690 203 29 restitution
330 1699 43 20 av
398 1688 359 31 bensinskattemedel
783 1689 110 29 redan
919 1687 82 31 från
1026 1688 66 29 och
1119 1688 79 29 med
1225 1688 66 29 den
1321 1688 14 29 1
1363 1687 144 39 januari
1536 1688 83 30 1953

102 1732 58 29 må
182 1732 158 38 följande
364 1731 152 30 anföras.

147 1775 117 38 Enligt
281 1775 58 29 det
357 1775 130 38 system
506 1773 55 29 för
576 1772 235 40 prissättning
828 1772 45 39 på
889 1772 230 39 jordbrukets
1136 1771 195 40 produkter
1349 1771 65 29 och
1432 1771 189 30 förnöden-

101 1817 108 34 heter,
235 1826 76 20 som
336 1816 107 39 gäller
467 1816 55 29 för
546 1814 269 40 regleringsåret
843 1814 161 34 1952/53,
1030 1814 101 30 skola
1155 1815 41 28 de
1221 1814 45 39 på
1290 1814 109 30 våren
1425 1815 83 29 1952
1535 1814 85 30 fast-

103 1859 126 30 ställda
251 1859 160 38 priserna
432 1858 76 29 icke
529 1858 130 29 ändras
681 1858 112 29 under
813 1856 92 30 årets
927 1857 82 38 lopp
1031 1858 99 27 utom
1151 1856 10 29 i
1183 1857 57 29 det
1261 1856 63 30 fall
1346 1858 50 27 att
1418 1866 42 20 en
1482 1857 139 29 omräk-

102 1902 85 38 ning
209 1910 41 20 av
271 1899 364 39 jordbrukskalkylen
659 1899 45 39 på
726 1900 124 29 hösten
877 1899 83 29 1952
984 1898 94 29 visar
1102 1900 48 28 ett
1173 1899 97 28 över-
1293 1899 83 28 eller
1398 1899 221 32 underskott,

102 1952 77 21 som
196 1945 38 28 är
250 1944 112 29 större
379 1944 44 28 än
439 1942 19 29 4
474 1944 146 37 procent
637 1950 42 21 av
695 1942 67 29 den
778 1941 109 29 totala
903 1940 305 30 intäktssumman
1229 1940 85 33 (den
1330 1949 26 20 s.
1374 1940 32 29 k.
1424 1940 196 39 4-procent-

102 1985 134 38 regeln)
264 1987 92 27 samt
377 1985 11 29 i
410 1984 57 30 det
489 1984 62 29 fall
573 1985 51 28 att
644 1983 228 39 jordbrukets
895 1983 193 29 kostnader
1109 1982 86 30 ökas
1218 1982 53 29 till
1293 1982 90 39 följd
1406 1992 41 20 av
1470 1983 151 29 löneför-

101 2027 192 39 höjningar
314 2027 44 39 på
379 2027 113 38 grund
514 2035 41 20 av
577 2035 70 30 nya
667 2025 264 30 kollektivavtal
953 2024 55 31 för
1030 2024 235 30 lantarbetare
1287 2024 83 30 eller
1392 2025 109 29 andra
1524 2025 96 29 arbe-

102 2070 219 38 targrupper.
341 2087 45 3 —
405 2068 117 39 Enligt
543 2068 67 30 den
632 2077 47 20 nu
701 2068 216 29 omräknade
938 2076 81 20 men
1041 2067 96 28 ännu
1158 2066 31 39 ej
1213 2066 291 39 offentliggjorda
1525 2067 96 38 jord-

100 2111 297 38 brukskalkylen?
415 2111 160 29 kommer
594 2110 115 39 någon
727 2109 175 39 justering
921 2109 11 29 i
950 2108 191 39 anledning
1160 2117 43 21 av
1221 2108 302 40 4-procentregeln
1542 2119 79 20 san-

102 2154 113 29 nolikt
236 2154 30 38 ej
290 2156 50 27 att
362 2154 71 28 ske.

147 2198 13 28 I
182 2196 171 29 samband
374 2196 79 28 med
474 2196 50 28 att
545 2194 361 30 överenskommelser
928 2193 144 29 träffats
1094 2202 56 19 om
1173 2193 201 38 grunderna
1396 2193 55 29 för
1471 2193 150 39 prisreg-

103 2240 156 38 leringen
280 2239 44 39 på
345 2238 228 39 jordbrukets
594 2237 193 40 produkter
809 2237 45 28 ha
876 2236 276 30 statsmakterna
1174 2236 111 28 under
1308 2245 122 21 senare
1453 2236 38 29 år
1514 2237 107 28 fram-

142 2323 7 14 1
170 2325 35 22 H.
233 2324 126 23 Nitelius:
380 2322 187 24 Promemoria
588 2322 62 23 med
670 2322 99 27 förslag
788 2327 44 17 om
853 2321 144 22 införande
1017 2326 34 17 av
1072 2321 56 22 rätt
1147 2320 40 23 till
1207 2320 54 23 viss
1281 2320 156 23 restitution
1458 2327 34 16 av
1513 2321 109 23 bensin-

97 2368 83 27 skatt,
207 2373 57 16 som
294 2366 98 28 erlagts
421 2365 40 22 för
480 2364 96 23 bensin
597 2363 41 23 till
657 2363 175 29 jordbrukets
853 2362 198 24 bensindrivna
1072 2362 138 23 traktorer
1229 2361 182 30 (stencilerad,
1432 2363 116 23 daterad
1569 2364 51 22 den

98 2407 34 26 30
151 2409 115 23 oktober
285 2405 85 30 1952).

140 2449 9 15 2
169 2451 59 23 Den
247 2449 168 24 verkställda
434 2448 200 29 omräkningen
654 2454 35 17 av
708 2446 279 31 jordbrukskalkylen
1009 2447 49 22 har
1079 2452 35 17 nu
1135 2446 220 30 offentliggjorts.
