2117 2647
684 179 260 43 Lag-Utskottets
972 178 168 32 Utlåtande
1165 178 64 32 N:o
1252 179 50 31 56.
1776 174 19 32 3

952 307 21 50 $
1002 313 33 34 3.

346 390 126 51 Lyder
514 389 344 50 pantförskrifning
892 391 20 34 å
938 388 95 36 visst
1061 388 84 48 slag
1176 387 40 36 af
1241 386 199 49 egendom,
1470 399 84 23 men
1583 385 33 49 ej
1648 388 20 33 å
1696 385 101 36 vissa

196 443 161 46 lösören,
386 455 88 23 vare
499 442 70 36 den
601 440 345 50 pantförskrifning
973 439 33 48 ej
1036 438 133 36 hinder
1199 438 56 36 för
1284 450 141 35 egaren
1454 442 53 31 att
1541 436 106 36 öfver
1676 441 120 31 större

197 493 91 37 eller
316 493 145 37 mindre
490 492 61 37 del
577 491 112 38 deraf
712 491 103 48 råda,
845 490 97 37 dock
971 495 54 32 att
1053 489 127 37 städse
1209 488 61 37 vid
1293 487 390 50 pantförskrifningen
1702 500 95 36 upp-

196 544 108 49 gifna
340 544 228 49 myckenhet
607 543 111 36 deraf
762 542 70 37 och
872 540 244 50 ungefärliga
1159 539 115 37 värde
1324 539 219 37 bibehålles.
1618 538 179 37 Förfares

198 595 248 48 annorlunda,
474 607 90 24 vare
592 594 64 37 det
684 593 135 37 ansedt
841 596 122 34 såsom
994 591 261 49 förskingring
1283 591 41 37 af
1350 589 211 37 anförtrodt
1588 589 110 49 gods,
1726 589 71 36 och

197 646 200 37 bestraffas
420 645 152 51 jemlikt
599 647 45 34 22
673 645 86 49 kap.
791 646 43 35 13
864 641 20 50 $
912 642 240 49 Strafflagen.

955 742 21 51 $
1003 746 34 37 4.

348 814 202 37 Meddelad
588 819 76 32 rätt
691 814 56 36 till
774 814 215 48 underpant
1016 812 215 50 upphäfves
1259 812 82 36 icke
1369 825 137 34 genom
1537 811 260 48 egendomens

199 866 236 49 försäljning,
465 879 89 24 vare
583 865 59 49 sig
671 868 20 34 å
718 864 47 38 de
793 864 132 49 vilkor,
955 877 79 24 som
1064 863 243 38 omförmälas
1330 863 12 36 1
1406 862 101 49 Kongl.
1525 861 271 49 förordningen

199 918 73 36 den
314 919 46 35 20
398 917 217 37 November
655 917 95 36 1845
778 916 11 35 i
819 915 179 37 afseende
1028 918 20 33 å
1075 914 140 37 handel
1243 928 59 23 om
1331 914 162 47 lösören,
1523 927 79 22 som
1633 912 163 50 säljaren

198 969 96 36 låter
334 968 11 36 i
382 969 186 48 köparens
596 966 91 38 vård
716 966 179 37 förblifva
922 966 91 36 eller
1042 965 237 48 annorledes,
1307 970 93 31 utan
1428 967 42 34 så
1498 969 39 31 är
1567 970 53 30 att
1649 963 149 49 försälj-

200 1020 92 49 ning
315 1020 102 37 skett
446 1019 41 37 af
511 1018 159 38 enstaka
700 1018 110 37 saker
838 1017 70 37 och
936 1016 241 38 öfverlåtelse
1205 1016 111 37 deraf
1340 1016 57 37 till
1423 1016 170 48 köparen
1621 1021 175 42 egtrum.

959 1116 20 49 $
1008 1120 32 35 5.

349 1188 364 49 Pantförskrifning,
742 1202 79 22 som
850 1187 12 36 i
889 1185 20 50 $
940 1190 17 34 1
984 1187 172 47 omtalas,
1185 1185 97 38 skall
1309 1185 186 37 inlemnas
1510 1185 56 37 till
1582 1184 214 38 domstolen

198 1240 11 36 i
238 1240 73 36 den
339 1245 69 41 ort,
437 1239 155 37 hvarest
620 1239 238 49 egendomen
886 1239 153 47 brukas,
1069 1243 98 32 samt
1194 1237 66 37 der
1285 1237 221 48 offentligen
1529 1236 181 49 uppläsas
1729 1235 69 37 och

197 1291 13 36 i
237 1290 231 50 protokollet
498 1290 106 37 öfver
638 1290 367 49 bouppteckningar,
1039 1287 367 50 morgongåfvobref
1431 1288 70 36 och
1530 1286 269 49 afhandlingar

200 1356 61 24 om
290 1342 202 48 lösöreköp
519 1340 164 50 intagas,
708 1344 41 34 så
773 1341 70 36 ock
872 1341 83 37 med
985 1340 163 50 påskrift
1176 1353 59 23 om
1264 1338 217 38 införandet
1509 1338 133 38 förses.

410 1392 130 37 landet
568 1396 61 33 må
656 1392 33 49 ej
719 1391 193 50 lagföring
941 1391 41 38 af
1006 1391 345 50 pantförskrifning
1379 1390 67 37 ske
1475 1396 115 32 annat
1618 1394 48 32 än
1683 1392 12 34 å
1719 1388 80 49 lag-

200 1445 93 37 tima
319 1443 94 49 ting.

957 1542 21 50 $
1008 1547 32 35 6.

352 1614 58 36 Då
452 1612 345 50 pantförskrifning
838 1618 40 32 är
915 1612 162 50 lagförd,
1120 1612 96 37 efter
1256 1612 99 37 hvad
1396 1612 11 36 i
1438 1609 17 50 $
1484 1614 21 34 5
1536 1617 125 43 säges,
1690 1611 110 49 följer

206 1664 155 38 dermed
403 1664 247 37 förmånsrätt
689 1664 11 36 i
742 1664 74 36 den
848 1663 302 50 pantförskrifna
1178 1663 239 50 egendomen
1444 1666 126 33 såsom
1597 1662 13 37 i
1640 1664 42 35 17
1712 1662 86 49 kap.

204 1720 18 33 7
253 1713 20 50 &
302 1715 313 37 Handelsbalken
643 1715 258 37 föreskrifves.

354 1766 79 36 Har
465 1769 129 44 någon
626 1765 57 37 till
706 1766 254 48 jordbrukare
989 1765 72 37 sålt
1088 1765 149 37 maskin
1266 1765 90 36 eller
1384 1764 164 48 redskap
1578 1769 54 31 att
1661 1768 140 32 använ-

203 1818 68 36 das
312 1817 102 36 inom
450 1816 96 36 hans
573 1816 138 50 näring
740 1819 20 34 å
786 1816 202 50 uppgifvet
1016 1816 109 37 ställe
1154 1822 101 31 emot
1281 1815 200 37 utfästelse
1511 1815 40 36 af
1574 1814 227 49 underpant,

203 1882 71 36 ege
303 1868 74 37 den
406 1867 234 38 sistnämnde
673 1867 180 50 giltighet
886 1867 84 38 från
998 1867 73 38 den
1095 1867 88 50 dag,
1212 1867 48 37 då
1288 1867 118 37 saken
1434 1866 86 37 kom
1549 1866 169 49 köparen
1745 1864 57 38 till

203 1919 137 46 handa,
368 1919 128 36 derest
523 1918 13 36 i
560 1919 83 37 stad
672 1919 102 36 inom
802 1922 65 33 två
894 1919 180 36 månader
1102 1919 69 36 och
1202 1922 20 33 å
1249 1918 129 37 landet
1406 1922 129 32 senast
1549 1917 62 36 vid
1628 1917 64 36 det
1706 1916 95 49 ting,

205 1984 80 23 som
327 1974 170 32 närmast
529 1968 167 39 derefter
719 1969 162 49 infaller,
911 1970 164 50 säljaren
1103 1970 95 36 låter
1223 1969 12 37 i
1263 1967 241 50 vederbörlig
1531 1967 163 50 ordning
1720 1967 82 50 lag-

205 2022 82 37 föra
314 2020 406 50 pantförskrifningen.

962 2120 21 49 $
1013 2125 31 34 7.

357 2199 224 37 Oberoende
623 2199 42 36 af
700 2198 396 50 pantförskrifningen
1138 2201 59 34 må
1232 2198 233 49 jordegaren
1493 2212 43 22 ur
1564 2198 240 49 egendomen

206 2249 86 37 med:
321 2250 247 37 förmånsrätt
594 2250 247 40 utbekomma
869 2249 317 38 arrendefordran
1214 2249 71 37 och
1312 2248 214 50 ergättning
1553 2249 58 37 för
1633 2249 169 49 husröta,
