1866 2780
280 138 17 29 4
629 142 313 31 Bankoutskottets
965 145 179 32 utlåtande
1167 156 41 21 nr
1232 149 38 28 14
1292 149 38 29 år
1354 150 82 29 1957

286 223 58 29 ber
368 224 81 29 1938
473 224 78 30 från
575 226 621 44 militieombudsmansexpeditionen
1219 232 70 31 fick
1313 234 196 30 kännedom
1533 246 55 19 om
1612 240 48 27 att
1685 239 101 30 Holm

284 266 133 38 uppbar
439 268 56 28 lön
520 268 54 29 för
597 269 386 41 majorsbeställningen
1005 274 43 38 på
1071 276 194 28 reservstat.

328 308 100 29 Holm
448 309 168 39 tillägger,
635 313 48 28 att
703 312 69 29 han
792 313 78 29 med
889 314 136 39 hänsyn
1047 316 49 28 till
1117 317 221 30 Centerwalls
1358 321 205 29 uttalanden
1583 322 9 28 i
1614 323 168 30 samband

285 352 74 28 med
378 353 48 27 att
445 353 112 29 denne
577 354 182 31 utfärdade
778 357 262 29 konstitutorial
1060 359 18 29 å
1097 360 444 41 byråintendentstjänsten
1563 364 153 32 saknade
1737 366 44 29 all

282 393 187 40 anledning
493 394 204 40 ifrågasätta
724 399 49 27 att
799 399 103 38 något
929 399 155 32 tillstånd
1111 402 53 29 för
1192 403 224 39 uppbärande
1442 414 42 21 av
1508 407 190 30 oavkortad
1725 409 55 29 lön

282 435 19 29 å
323 436 152 38 tjänsten
498 438 116 29 såsom
635 439 269 39 byråintendent
923 460 44 2 —
987 443 242 39 byrådirektör
1250 464 43 2 -—
1314 446 111 31 skulle
1447 457 81 20 vara
1552 445 229 48 erforderligt,

280 479 63 27 när
373 478 68 29 han
472 480 111 30 erhöll
614 482 145 37 pension
792 483 79 29 från
903 486 463 40 reservstatsbeställningen
1396 507 43 3 -—
1470 490 128 29 liksom
1629 492 151 30 dessför-

282 520 107 30 innan
409 522 110 29 under
539 523 88 29 hans
648 525 214 39 anställning
879 526 57 30 vid
956 528 623 43 militieombudsmansexpeditionen
1598 551 44 3 —
1661 536 120 28 utöver

281 564 63 29 vad
370 563 202 30 Centerwall
595 566 116 31 kunde
733 568 44 30 ha
801 570 170 29 utverkat.
996 571 77 29 Han
1096 572 87 30 hade
1206 572 119 30 därför
1346 574 74 30 icke
1443 574 119 30 funnit
1583 577 57 28 det
1662 573 118 47 påkal-

282 605 46 29 lat
351 607 57 32 att,
432 607 9 28 i
463 609 78 27 vart
564 608 60 29 fall
648 608 74 32 icke
744 609 10 29 i
779 619 94 20 mera
898 611 136 30 formell
1058 613 158 39 ordning,
1241 616 156 29 meddela
1420 617 199 31 dåvarande
1643 620 136 29 militie-

281 648 303 31 ombudsmannen
613 651 80 30 eller
719 652 339 38 riksgäldskontoret
1084 666 56 19 om
1169 657 57 29 sitt
1255 658 128 30 avsked
1411 659 80 30 från
1519 662 261 29 reservstatsbe-

279 690 208 40 ställningen
504 693 64 28 och
585 693 164 31 hänvisar
764 696 52 28 till
834 697 49 28 att
899 697 88 30 hans
1005 699 476 39 anställningsförhållanden
1502 712 82 21 voro
1603 704 115 30 kända
1737 714 41 20 av

280 732 86 29 båda
386 734 98 29 dessa
507 735 252 39 myndigheter.

320 825 407 42 Riksgäldsfullmäktige
748 830 88 30 hava
857 832 10 28 i
889 831 56 30 sitt
966 834 162 37 yttrande
1149 835 131 30 anmält
1301 837 49 27 att
1371 846 81 20 man
1473 837 93 30 inom
1588 838 186 40 riksgälds-

277 867 160 30 kontoret
451 870 86 28 känt
554 870 51 29 till
623 873 48 28 att
688 872 101 29 Holm
809 874 136 39 uppbar
959 875 146 39 pension
1123 876 78 29 från
1219 878 249 30 statskontoret
1486 881 54 28 för
1557 883 219 28 reservstats-

275 909 263 41 beställningen,
559 922 80 20 men
659 915 48 29 att
728 916 359 38 uppmärksamheten
1108 919 147 30 kommit
1277 922 49 27 att
1346 921 110 31 riktas
1476 923 43 38 på
1540 923 234 30 förhållandet

274 952 87 29 först
383 953 9 28 i
413 953 65 39 juli
506 955 93 30 1956.
623 956 72 30 Vad
714 958 68 28 den
805 958 235 40 föreliggande
1065 961 303 40 framställningen
1390 964 171 30 beträffar
1584 966 89 29 hava
1695 967 79 28 full-

274 995 151 38 mäktige
451 997 137 34 uttalat,
616 1000 48 27 att
689 999 56 30 det
772 1002 116 37 syntes
915 1001 221 40 fullmäktige
1162 1004 247 40 otvivelaktigt,
1437 1008 49 27 att
1516 1007 101 29 Holm
1645 1008 127 30 likaväl

274 1046 71 20 som
369 1038 39 28 de
428 1039 217 38 tjänstemän
665 1041 10 29 i
695 1041 348 39 riksgäldskontoret,
1066 1045 93 31 vilka
1181 1046 172 31 handhaft
1377 1049 236 39 uträkningen
1635 1052 62 28 och
1721 1054 51 26 ut-

272 1079 220 40 betalningen
515 1092 42 19 av
578 1083 120 30 Holms
719 1085 172 39 avlöning,
913 1087 88 29 varit
1021 1087 10 28 i
1054 1089 64 36 god
1141 1090 62 28 tro.
1225 1089 118 39 Någon
1365 1091 188 40 anledning
1575 1094 49 28 att
1646 1093 126 39 ifråga-

272 1123 87 28 sätta
384 1122 211 40 riktigheten
619 1135 41 20 av
683 1126 121 30 Holms
827 1128 137 39 uppgift
986 1131 50 27 att
1058 1131 70 28 han
1150 1131 75 29 icke
1249 1132 111 30 skulle
1384 1134 132 38 antagit
1540 1135 230 38 erbjudandet

270 1173 55 20 om
351 1166 214 40 anställning
587 1167 58 31 vid
671 1168 631 44 militieombudsmansexpeditionen,
1329 1175 115 30 därest
1470 1177 102 38 något
1599 1179 130 38 avdrag
1752 1179 18 29 å

269 1205 102 30 lönen
391 1209 76 29 med
487 1208 139 39 hänsyn
647 1210 50 29 till
716 1211 89 29 hans
826 1214 417 42 reservstatsbeställning
1264 1217 111 29 skulle
1396 1218 44 28 ha
1461 1219 149 29 kommit
1631 1220 9 28 i
1662 1220 107 38 fråga,

271 1251 116 36 syntes
414 1250 108 30 heller
551 1252 74 29 icke
653 1252 176 40 föreligga.
859 1255 114 29 Under
1002 1256 349 32 förhandenvarande
1381 1261 296 39 omständigheter
1706 1264 63 29 och

269 1293 76 28 med
369 1292 194 30 beaktande
587 1294 9 28 i
619 1295 109 39 övrigt
752 1306 41 20 av
818 1298 63 29 vad
907 1298 100 29 Holm
1035 1299 117 30 anfört
1175 1301 50 28 till
1251 1302 76 29 stöd
1351 1302 54 30 för
1429 1303 53 29 sin
1508 1304 260 41 framställning

270 1335 125 38 ansåge
425 1335 220 41 fullmäktige
673 1337 254 41 billighetsskäl
955 1341 69 29 tala
1053 1342 55 29 för
1137 1344 48 27 att
1212 1361 44 2 —
1282 1345 115 29 därest
1426 1345 201 39 delegerade
1657 1348 111 30 skulle

269 1377 87 29 fatta
382 1378 112 29 beslut
520 1389 55 19 om
602 1380 85 29 visst
713 1381 209 41 löneavdrag
945 1401 43 2 —
1014 1384 104 37 något
1144 1385 84 30 krav
1254 1386 74 30 icke
1355 1396 46 20 nu
1429 1388 104 31 borde
1561 1389 109 30 riktas
1697 1393 70 26 mot

267 1419 100 29 Holm
390 1429 55 20 om
466 1421 254 41 återbetalning
743 1432 41 21 av
807 1424 53 29 för
883 1426 137 38 mycket
1043 1427 184 39 uppburna
1250 1428 317 42 avlöningsbelopp.
1591 1432 175 30 Fullmäk-

267 1461 66 38 tige
358 1462 187 40 tillstyrkte
569 1464 128 35 därför,
722 1468 49 27 att
796 1468 77 28 med
897 1469 39 28 de
960 1469 108 29 redan
1093 1470 210 31 verkställda
1330 1472 304 40 utbetalningarna
1660 1476 105 29 måtte

269 1504 33 29 få
323 1505 89 29 bero.

310 1551 272 31 Lönenämnden
601 1554 56 38 för
673 1553 206 41 riksdagens
901 1557 81 29 verk
1003 1566 112 26 anser,
1136 1560 49 28 att
1208 1560 99 29 Holm
1328 1579 41 2 —
1390 1562 8 28 i
1419 1563 346 30 överensstämmelse

265 1594 77 28 med
364 1595 40 29 de
424 1595 186 40 principer,
634 1606 72 20 som
728 1597 175 40 tillämpas
925 1598 92 31 inom
1041 1601 66 28 den
1129 1601 124 39 Kungl.
1276 1603 104 38 Maj:t
1403 1605 239 31 underställda
1665 1608 99 28 stats-

267 1635 256 41 förvaltningen
539 1656 45 2 —
601 1639 124 29 räknat
744 1639 77 31 från
840 1641 64 29 och
921 1643 77 28 med
1017 1643 65 29 den
1104 1643 13 28 1
1139 1644 142 30 oktober
1302 1645 81 29 1946
1401 1646 76 30 bort
1495 1647 196 31 vidkännas
1710 1659 54 20 av-

265 1678 84 38 drag
375 1679 18 29 å
419 1679 102 30 lönen
552 1682 77 28 med
656 1681 123 41 belopp
808 1684 243 31 motsvarande
1079 1686 128 29 honom
1236 1687 264 31 tillkommande
1528 1690 236 39 pensionsför-

264 1721 120 29 måner
403 1722 61 29 och
486 1724 50 28 att
556 1724 68 29 han
645 1725 85 28 även
749 1725 174 38 framgent
943 1727 60 29 bör
1022 1727 195 31 vidkännas
1239 1730 122 30 sådant
1382 1732 137 38 avdrag.

305 1813 218 39 Delegerade.
548 1816 116 38 Enligt
687 1817 64 29 den
776 1818 93 29 inom
893 1819 356 40 civildepartementet
1273 1824 207 38 upprättade
1504 1826 258 38 promemorian

264 1857 95 28 torde
383 1866 78 20 man
482 1858 122 29 kunna
626 1860 124 38 antaga
771 1862 50 27 att
842 1861 103 28 Holm
966 1862 112 29 skulle
1102 1863 43 30 ha
1168 1864 136 30 erhållit
1329 1865 156 31 tillstånd
1507 1868 50 28 att
1580 1867 121 31 förena
1722 1869 40 29 de

262 1898 87 29 båda
367 1899 207 38 tjänsterna,
592 1910 55 20 om
665 1902 124 39 Kungl.
807 1903 104 39 Maj:t
928 1904 76 30 haft
1021 1906 50 28 att
1088 1906 124 38 avgöra
1231 1907 122 39 frågan
1370 1908 141 39 jämlikt
1529 1910 231 38 kungörelsen

262 1941 187 30 1919:523.
471 1942 52 30 Av
542 1945 257 37 promemorian
823 1946 152 38 framgår
995 1947 118 30 vidare
1134 1950 59 32 att,
1214 1950 116 28 därest
1353 1951 124 29 sådant
1498 1951 157 31 tillstånd
1676 1953 83 30 läm-

261 1985 88 32 nats,
376 1984 336 40 tjänsteföreningen
737 1987 75 30 icke
841 1988 110 31 skulle
977 1990 44 28 ha
1049 1990 164 30 föranlett
1239 1992 224 40 nedsättning
1488 1994 9 28 i
1524 1994 120 30 Holms
1671 1996 89 29 avlö-

260 2025 84 39 ning
364 2026 77 30 från
460 2036 82 21 vare
564 2027 50 39 sig
632 2029 66 29 den
718 2030 100 29 civila
840 2031 81 28 eller
941 2032 65 29 den
1027 2033 153 30 militära
1201 2034 165 38 tjänsten.

302 2072 91 30 Även
418 2075 201 37 delegerade
644 2084 92 27 anse,
761 2079 49 27 att
835 2087 81 20 man
941 2080 78 28 med
1045 2080 137 38 hänsyn
1207 2080 50 29 till
1283 2083 40 28 de
1348 2082 89 30 båda
1463 2083 215 38 tjänsternas
1705 2087 52 26 art

257 2114 76 30 icke
354 2115 9 28 i
386 2117 62 28 och
469 2116 55 30 för
546 2117 52 39 sig
619 2119 68 28 kan
708 2118 90 30 rikta
821 2120 112 39 någon
955 2122 236 39 anmärkning
1211 2125 71 27 mot
1304 2126 49 27 att
1375 2125 101 29 Holm
1499 2126 137 29 förenat
1657 2127 100 29 dessa

260 2158 162 37 tjänster;
447 2168 143 22 snarare
612 2161 95 29 lorde
728 2171 82 20 man
832 2163 121 30 kunna
976 2165 80 36 säga
1079 2166 49 28 att
1152 2165 56 29 det
1230 2165 9 28 i
1262 2167 171 29 anseende
1456 2167 51 31 till
1531 2168 120 29 Holms
1675 2178 84 30 upp-

257 2199 103 38 gifter
380 2200 10 28 i
408 2200 66 30 den
493 2201 103 30 civila
615 2202 240 40 befattningen
875 2205 69 28 kan
963 2206 45 28 ha
1027 2206 88 29 varit
1136 2216 41 19 av
1195 2208 103 29 värde
1319 2210 46 27 att
1387 2208 69 29 han
1477 2210 171 29 kvarstått
1670 2210 18 29 å
1709 2220 48 19 re-

256 2244 145 28 serystat
419 2244 64 28 och
501 2244 145 29 därmed
663 2245 179 30 bibehållit
860 2256 41 20 en
919 2248 69 28 viss
1006 2249 175 38 personlig
1199 2249 147 30 kontakt
1366 2251 75 28 med
1462 2251 150 29 militära
1632 2252 123 39 tjänst-

254 2284 399 38 göringsförhållanden.
681 2288 107 30 Såvitt
815 2290 200 38 delegerade
1042 2291 136 30 kunnat
1205 2292 98 30 finna
1329 2295 38 28 är
1393 2294 56 29 det
1474 2295 106 29 också
1605 2296 66 28 den
1697 2295 58 29 då-

253 2328 151 29 varande
428 2328 429 33 militiecombudsmannen
882 2342 73 20 som
979 2333 10 28 i
1013 2334 185 30 huvudsak
1221 2336 69 29 kan
1315 2336 107 30 lastas
1445 2337 55 29 för
1523 2339 50 27 att
1598 2338 157 38 gällande

254 2369 260 32 bestämmelser
535 2372 189 31 åsidosatts
742 2373 58 31 vid
822 2375 120 29 Holms
964 2376 213 40 anställning
1198 2378 19 29 å
1239 2377 515 42 militieombudsmansexpedi-

252 2411 128 30 tionen.
406 2413 57 29 Att
489 2414 102 29 Holm
618 2417 77 29 med
719 2417 52 28 sin
797 2417 239 41 obekantskap
1063 2419 219 31 beträffande
1307 2422 42 29 då
1374 2421 159 38 gällande
1558 2422 194 38 avlönings-

252 2454 261 31 bestämmelser
535 2457 54 29 för
608 2457 204 40 riksdagens
832 2461 81 28 verk
935 2460 74 30 icke
1032 2461 105 29 insett
1157 2463 48 28 att
1226 2463 337 39 tjänsteföreningen
1584 2473 61 20 var
1664 2465 87 29 otill-
