1852 2788
254 157 41 30 50
517 158 407 40 Bevillningsutskottets
950 161 218 30 betänkande
1193 171 43 19 nr
1260 162 42 30 45
1326 162 40 29 år
1391 163 85 29 1955

254 237 96 30 inom
367 238 67 30 den
450 238 161 31 enskilda
628 239 299 40 företagssektorn
943 241 12 29 i
970 241 237 39 näringslivet,
1225 242 101 30 tedde
1344 243 57 29 det
1419 243 50 40 sig
1486 244 121 30 därför
1624 246 119 27 natur-

254 290 71 39 ligt,
344 293 51 28 att
412 291 402 41 beskattningsreglerna
831 310 45 4 —
892 294 79 29 med
989 294 224 40 iakttagande
1232 305 43 20 av
1293 296 137 40 rimliga
1447 296 296 40 konsoliderings-

253 343 87 30 krav
362 344 81 30 från
466 344 247 40 näringslivets
737 346 75 31 sida
833 364 45 3 —
900 348 212 38 anpassades
1136 348 52 30 till
1213 348 41 30 de
1278 349 242 30 restriktioner
1544 351 45 39 på
1612 350 130 29 kredit-

253 397 184 30 väsendets
456 398 153 34 område,
632 407 75 21 som
725 399 164 39 vidtagits
909 401 11 29 i
940 400 89 40 syfte
1050 402 51 28 att
1121 401 233 40 åvägabringa
1374 411 44 21 en
1437 403 81 29 från
1538 403 204 30 samhällets

254 450 179 38 synpunkt
454 450 178 30 önskvärd
653 451 235 42 begränsning
909 462 42 21 av
971 453 310 40 investeringarna.
1314 455 104 30 Detta
1438 456 221 30 förhållande
1680 465 61 21 var

254 503 87 29 även
369 504 195 38 avgörande
594 504 57 30 för
681 505 400 40 ståndpunktstagandet
1111 508 57 29 vid
1198 508 288 39 genomförandet
1516 509 39 30 år
1587 510 83 29 1952
1700 518 42 21 av

253 555 348 41 inskränkningarna
622 558 11 29 i
654 559 114 28 rätten
789 559 53 29 till
863 560 297 39 vinstreglerande
1183 561 256 39 dispositioner.

297 609 66 29 Vid
388 610 60 29 sitt
474 610 335 40 ställningstagande
836 612 53 29 till
916 613 56 29 det
997 622 47 21 nu
1071 613 198 40 framlagda
1295 614 167 41 förslaget
1487 617 38 29 är
1552 616 189 29 utskottets

252 662 321 41 grundinställning
598 665 54 29 till
678 665 124 39 frågan
827 674 58 20 om
910 666 442 41 företagsbeskattningens
1379 669 215 40 anpassning
1619 670 53 29 till
1699 678 41 20 en

252 714 490 39 konjunkturstabiliserande
766 718 125 39 politik
916 719 152 39 alltjämt
1093 720 205 31 densamma
1324 730 75 21 som
1423 731 90 21 ovan
1537 722 204 30 redovisats.

252 767 14 29 I
286 767 110 31 likhet
416 771 78 29 med
514 769 611 42 företagsbeskattningskommittén
1146 774 65 29 och
1231 774 387 39 departementschefen
1639 785 101 20 anser

250 821 181 35 utskottet,
451 824 50 29 att
520 823 69 30 den
608 824 154 30 önskade
782 824 157 31 effekten
958 826 122 30 endast
1099 827 72 29 kan
1191 827 151 30 erhållas
1363 835 123 32 genom
1506 830 51 29 att
1577 829 163 30 åtstram-

250 873 129 40 ningen
404 875 56 30 får
486 875 91 39 gälla
603 877 42 30 de
670 880 229 36 permanenta
925 879 413 40 beskattningsreglerna.
1377 881 195 31 Härutöver
1599 882 59 30 vill
1687 883 53 29 ut-

250 926 130 31 skottet
404 928 123 31 anföra
552 929 159 39 följande
735 932 229 38 synpunkter.

295 982 105 31 Målet
422 983 55 30 för
500 983 68 29 den
590 983 229 32 ekonomiska
842 984 169 39 politiken
1035 987 38 28 är
1097 986 66 29 full
1188 986 267 42 sysselsättning
1478 989 80 29 med
1582 989 123 30 balans
1729 989 11 29 i

252 1034 369 31 samhällsekonomin.
655 1036 130 31 Härom
806 1037 103 31 råder
931 1038 130 30 allmän
1082 1039 150 39 enighet.
1266 1040 65 30 Det
1353 1041 105 29 borde
1480 1041 44 30 då
1547 1043 87 28 även
1656 1050 84 22 vara

250 1087 178 40 naturligt,
451 1090 50 28 att
523 1089 57 30 för
603 1090 207 39 uppnående
834 1100 43 21 av
899 1091 94 31 detta
1015 1092 70 30 mål
1109 1092 68 31 alla
1200 1092 148 41 tjänliga
1370 1095 112 29 medel
1505 1095 183 39 begagnas.
1724 1095 14 29 I

249 1142 48 28 ett
318 1142 96 29 antal
434 1142 173 30 motioner
627 1143 65 30 har
712 1143 223 36 framhållits,
958 1146 50 29 att
1028 1145 265 41 utformningen
1315 1156 41 21 av
1377 1150 229 36 permanenta
1627 1149 110 39 regler

250 1192 55 30 för
330 1193 425 42 företagsbeskattningen
778 1214 45 4 —
846 1197 95 31 vilka
966 1198 142 39 avsåges
1136 1199 98 30 skola
1260 1199 90 39 gälla
1375 1200 55 30 för
1457 1210 95 21 mera
1580 1201 158 30 normala

250 1246 89 31 tider
358 1265 45 4 —
422 1247 71 31 inte
514 1248 108 31 borde
645 1250 151 38 grundas
818 1251 45 38 på
885 1250 286 33 erfarenheterna
1193 1252 79 30 från
1295 1253 313 40 efterkrigstidens,
1631 1255 107 39 enligt

248 1299 278 32 motionärernas
558 1302 152 40 mening,
742 1304 249 38 exceptionella
1021 1305 303 40 högkonjunktur.
1357 1307 122 30 Denna
1512 1308 227 39 uppfattning

248 1352 71 30 kan
340 1353 170 31 utskottet
532 1354 73 31 inte
627 1355 138 31 ansluta
788 1357 51 39 sig
860 1357 64 29 till.
957 1358 165 29 Tvärtom
1145 1359 116 30 finner
1284 1360 170 30 utskottet
1477 1361 58 30 det
1558 1361 180 40 angeläget

248 1407 50 27 att
324 1405 157 39 reglerna
505 1408 46 39 på
577 1407 442 42 företagsbeskattningens
1045 1412 143 30 område
1215 1414 126 38 avvägs
1367 1415 79 29 med
1473 1414 265 40 utgångspunkt

248 1457 80 31 från
353 1459 268 32 förhållandena
645 1463 11 29 i
680 1465 48 27 ett
753 1463 168 31 samhälle
946 1465 79 28 med
1049 1465 66 29 full
1140 1465 278 41 sysselsättning.
1454 1468 102 30 Detta
1580 1468 156 34 innebär,

248 1513 50 28 att
318 1522 83 20 man
420 1514 152 29 normalt
593 1516 98 29 torde
711 1516 36 29 få
766 1516 112 31 räkna
898 1517 79 29 med
997 1527 43 20 en
1059 1518 234 39 konjunktur,
1315 1529 75 20 som
1410 1521 194 30 innesluter
1626 1522 110 29 större

248 1564 112 31 risker
375 1566 56 29 för
446 1575 43 21 en
504 1567 269 31 inflationistisk
790 1570 199 40 utveckling
1005 1572 45 28 än
1065 1572 68 29 vad
1151 1582 74 20 som
1241 1574 90 29 varit
1347 1573 98 30 fallet
1462 1574 111 30 under
1590 1575 146 39 tidigare

248 1616 140 31 skeden.
424 1619 48 30 De
496 1628 68 31 nya
589 1620 157 40 reglerna
770 1622 56 30 för
850 1622 424 42 företagsbeskattningen
1298 1627 71 29 kan
1394 1627 121 30 därför
1538 1628 72 30 inte
1635 1629 101 38 sägas

246 1669 46 31 ha
316 1670 187 32 utformats
528 1674 114 29 under
666 1675 148 40 ensidigt
838 1676 308 40 hänsynstagande
1170 1678 53 29 till
1248 1679 215 40 tillspetsade
1488 1681 249 39 högkonjunk-

246 1723 170 40 turlägen.

289 1782 331 40 Upprätthållandet
644 1795 42 20 av
708 1795 43 21 en
774 1787 65 39 god
863 1787 222 39 konjunktur
1108 1806 45 4 —
1175 1790 80 29 med
1279 1790 223 31 undvikande
1528 1801 42 20 av
1595 1793 139 38 utpräg-

245 1835 76 30 lade
346 1837 345 39 överkonjunkturer
716 1840 63 29 och
805 1840 108 30 därav
937 1840 206 32 föranledda
1169 1843 198 40 störningar
1392 1845 45 38 på
1462 1845 95 30 olika
1581 1841 153 47 punkter

246 1897 41 21 av
307 1889 361 33 samhällsekonomin
686 1910 44 3 -—
749 1893 260 40 nödvändiggör
1030 1894 171 40 åtgärder,
1224 1905 75 20 som
1321 1896 111 40 syftar
1452 1897 53 29 till
1526 1907 43 20 en
1590 1898 144 39 lämplig

245 1942 194 41 avvägning
461 1953 42 20 av
525 1944 69 30 den
619 1944 153 32 samlade
796 1946 215 40 efterfrågan
1034 1948 56 30 för
1113 1949 263 30 konsumtions-
1400 1951 63 29 och
1488 1951 246 40 investerings-

245 1994 173 31 ändamål.
445 1996 190 41 Härvidlag
661 1998 109 30 måste
796 2000 360 39 uppmärksamheten
1182 2003 86 29 även
1293 2003 112 30 riktas
1431 2006 73 27 mot
1529 2005 42 29 de
1597 2005 136 39 privata

244 2047 300 41 investeringarna
565 2050 116 30 såsom
702 2060 41 21 en
764 2052 55 30 del
839 2062 43 20 av
901 2054 68 29 den
989 2055 107 30 totala
1118 2056 270 39 användningen
1409 2067 42 20 av
1470 2067 215 21 resurserna.
1718 2059 14 29 I

244 2100 41 30 de
312 2099 223 42 likalydande
564 2104 219 32 motionerna
811 2106 29 29 I:
857 2106 63 30 463
948 2108 64 28 och
1040 2107 123 31 II:571
1193 2109 65 30 har
1285 2109 146 35 anförts,
1461 2112 50 28 att
1540 2111 106 40 enligt
1675 2112 57 29 det

245 2153 270 37 siffermaterial,
545 2166 77 20 som
648 2158 220 31 redovisades
896 2160 11 29 i
933 2160 273 39 propositionen,
1235 2163 67 29 den
1329 2164 101 29 andel
1458 2174 42 20 av
1527 2165 42 29 de
1596 2165 136 39 privata

243 2206 432 43 bruttoinvesteringarna,
695 2220 73 21 som
786 2212 216 39 påverkades
1021 2224 42 20 av
1081 2215 265 40 utformningen
1365 2226 41 20 av
1425 2217 307 41 företagsbeskatt-

244 2259 138 39 ningen,
403 2261 117 30 kunde
543 2264 209 38 uppskattas
773 2266 52 28 till
847 2275 40 21 ca
908 2266 41 29 20
970 2270 144 36 procent
1136 2277 43 21 av
1199 2269 388 41 totalinvesteringarna
1608 2272 11 29 i
1642 2281 90 21 sam-

243 2312 107 30 hället
374 2313 83 31 eller
480 2324 39 21 ca
545 2316 17 29 7
587 2321 145 34 procent
756 2328 42 20 av
820 2318 488 42 bruttonationalprodukten.
1333 2322 109 32 Dessa
1468 2324 120 30 siffror
1612 2325 119 29 visade

243 2368 106 39 enligt
366 2369 271 36 motionärerna,
655 2373 50 28 att
722 2371 264 41 utformningen
1002 2383 41 20 av
1060 2374 159 39 reglerna
1235 2375 55 30 för
1306 2375 425 42 företagsbeskattningen

242 2420 71 31 inte
335 2421 116 31 kunde
474 2421 171 33 tillmätas
667 2424 113 39 någon
802 2426 195 38 avgörande
1019 2426 176 40 betydelse
1218 2428 55 30 för
1296 2425 434 49 stabiliseringspolitiken.

243 2473 116 40 Enligt
379 2475 188 31 utskottets
588 2477 141 40 mening
749 2478 129 30 saknar
899 2479 192 30 emellertid
1111 2480 115 32 denna
1248 2483 179 38 synpunkt
1447 2483 168 31 relevans.
1638 2484 92 29 Även
