1868 2794
365 156 405 40 Bevillningsutskottets
797 154 220 31 betänkande
1043 163 42 20 nr
1109 154 42 29 45
1175 153 41 29 år
1241 152 84 31 1955
1552 150 39 30 13

103 237 213 31 kommande
340 237 63 30 fall
426 236 156 31 minskat
604 235 80 30 med
708 235 129 39 avdrag
861 234 56 30 för
940 233 183 35 inkurans,
1148 232 21 30 å
1191 232 58 30 det
1271 231 58 31 vid
1355 231 175 40 utgången
1553 239 42 20 av

103 291 59 30 det
183 290 295 39 beskattningsår,
500 290 54 29 för
575 289 108 30 vilket
704 288 158 39 taxering
884 287 12 30 i
918 287 111 30 första
1051 286 137 29 instans
1211 284 204 31 verkställes
1438 284 39 29 år
1501 283 94 33 1954,

103 344 183 39 befintliga
310 344 121 39 lagret,
457 343 75 34 och,
568 343 10 30 å
603 342 111 30 andra
739 341 111 34 sidan,
877 341 129 38 lagrets
1031 340 12 29 i
1067 337 445 40 beskattningshänseende
1539 335 55 31 vid

105 398 155 29 nämnda
284 397 160 39 taxering
469 396 114 30 åsatta
607 395 116 30 värde.

150 452 34 33 c)
211 451 144 30 Oavsett
376 450 67 30 vad
463 450 11 30 i
495 448 289 40 nästföregående
806 447 120 40 stycke
948 447 79 39 sägs
1047 446 59 30 må
1126 445 46 40 på
1191 445 123 33 därom
1336 453 43 22 av
1398 444 69 30 den
1488 443 109 30 skatt-

105 504 158 40 skyldige
287 503 191 30 framställt
499 502 160 40 yrkande
680 501 200 39 avsättning
904 500 53 30 till
980 498 302 40 övergångskonto
1307 497 55 30 för
1386 497 212 40 lagerreserv

105 558 12 29 i
141 558 114 29 stället
276 557 175 30 beräknas
473 555 107 40 enligt
601 555 115 30 nedan
738 554 151 39 angivna
911 553 164 40 grunder.

150 610 125 40 Lagret
299 610 58 30 vid
383 609 176 40 utgången
583 618 42 21 av
650 608 57 30 det
732 606 295 40 beskattningsår,
1053 606 56 29 för
1133 605 108 31 vilket
1266 604 159 39 taxering
1450 604 11 29 i
1487 603 111 30 första

106 664 138 30 instans
265 663 206 30 verkställes
492 662 39 30 år
554 662 94 34 1957,
669 662 169 39 upptages
860 660 53 29 till
933 659 41 30 30
996 660 145 39 procent
1161 668 42 20 av
1223 658 58 30 det
1301 658 12 29 i
1335 657 106 30 femte
1463 657 135 38 stycket

106 717 13 30 i
140 717 114 40 punkt
279 717 14 29 1
319 726 43 20 av
384 715 274 39 anvisningarna
680 714 52 30 till
755 713 39 30 41
823 713 16 38 $
863 712 151 40 angivna
1035 711 132 35 värdet,
1189 712 14 29 i
1224 709 290 32 förekommande
1536 708 62 31 fall

107 770 157 30 minskat
287 770 80 29 med
391 769 129 39 avdrag
543 768 55 30 för
621 767 183 30 inkurans.

152 823 68 30 Till
241 823 67 30 den
330 823 56 29 del
407 822 95 30 detta
524 822 94 39 lager
639 831 42 20 av
702 821 67 30 den
792 819 254 40 skattskyldige
1068 819 93 30 visas
1183 819 178 29 motsvara
1383 817 126 30 sådant
1531 816 69 30 för-

108 877 203 39 krigslager,
335 885 75 21 som
434 885 98 20 avses
554 876 10 29 i
586 875 115 40 punkt
721 874 20 30 4
763 874 37 33 b)
828 883 43 20 av
892 873 275 39 anvisningarna
1188 871 53 31 till
1263 871 20 29 4
1308 870 16 37 3
1349 869 251 40 förordningen

108 930 69 30 den
203 930 38 30 21
269 929 79 39 juni
376 929 85 30 1946
486 938 58 21 om
569 926 420 41 krigskonjunkturskatt
1015 926 55 29 för
1096 925 39 30 år
1163 924 94 35 1946,
1284 925 169 38 upptages
1479 923 122 30 värdet

109 983 109 31 därav
242 983 108 39 enligt
376 983 42 29 de
444 983 11 29 i
482 982 154 30 nämnda
663 980 310 40 författningsrum
1001 979 54 30 för
1094 977 249 40 förkrigslager
1381 976 219 31 föreskrivna

110 1036 211 40 grunderna.

156 1089 203 31 Skillnaden
384 1089 130 29 mellan
536 1088 132 34 värdet,
692 1087 171 30 beräknat
887 1087 11 29 i
923 1086 153 39 enlighet
1100 1085 80 29 med
1205 1084 67 30 vad
1295 1084 12 29 i
1332 1083 111 31 andra
1467 1083 135 39 styeket

111 1144 90 38 sägs,
224 1143 20 29 å
266 1152 43 20 en
332 1141 269 40 lagerkvantitet
623 1140 246 30 motsvarande
893 1138 275 40 förkrigslagret,
1191 1138 65 29 och
1279 1137 58 30 det
1360 1136 107 39 enligt
1490 1135 112 40 tredje

112 1196 136 40 stycket
272 1195 235 40 uppskattade
530 1194 122 31 värdet
685 1194 10 30 å
719 1203 135 21 samma
878 1191 270 41 lagerkvantitet
1171 1191 58 30 må
1252 1191 155 30 avsättas
1431 1189 54 31 till
1508 1190 95 29 över-

111 1250 219 39 gångskonto
352 1249 56 30 för
428 1249 223 39 lagerreserv.
672 1248 68 30 Om
760 1247 110 39 lagret
890 1246 59 30 vid
971 1245 175 40 utgången
1167 1253 42 22 av
1229 1244 58 30 det
1308 1242 294 40 beskattningsår,

113 1303 55 30 för
185 1303 108 30 vilket
310 1302 159 41 taxering
486 1302 12 29 i
516 1302 112 30 första
645 1301 137 30 instans
799 1299 208 31 verkställes
1025 1299 39 30 år
1085 1298 94 35 1957,
1199 1296 219 40 understiger
1437 1295 167 40 förkrigs-

112 1356 121 39 lagret,
253 1356 58 30 må
331 1355 91 30 dock
442 1355 147 30 allenast
611 1353 197 31 skillnaden
829 1353 131 30 mellan
979 1352 42 30 de
1042 1351 109 40 enligt
1171 1360 90 21 ovan
1281 1350 151 39 angivna
1452 1349 152 40 grunder

113 1409 199 30 beräknade
328 1408 154 30 värdena
498 1408 20 30 å
533 1408 116 30 denna
664 1407 136 29 mindre
817 1405 270 40 lagerkvantitet
1103 1405 154 29 avsättas
1273 1404 54 31 till
1344 1403 125 30 sådant
1485 1403 119 29 konto.

158 1462 39 34 d)
227 1461 170 31 Inträffar
421 1461 89 30 efter
533 1460 176 39 utgången
733 1469 42 21 av
798 1460 59 29 det
881 1457 295 40 beskattningsår,
1201 1457 55 30 för
1279 1456 109 30 vilket
1411 1455 158 39 taxering
1593 1454 12 30 i

114 1515 113 31 första
246 1515 137 30 instans
404 1514 205 30 verkställes
630 1513 39 30 år
691 1512 94 35 1957,
807 1512 111 30 sådan
939 1510 268 40 stadigvarande
1228 1509 204 39 minskning
1452 1508 13 29 i
1485 1509 120 39 lagret,

114 1570 52 28 att
190 1567 241 31 kvarvarande
457 1566 268 40 lagerkvantitet
750 1565 221 39 understiger
995 1564 68 30 den
1089 1573 76 20 som
1189 1563 107 39 enligt
1322 1562 66 30 vad
1413 1570 90 22 ovan
1527 1562 79 38 sägs

115 1622 92 39 legat
224 1622 52 29 till
294 1621 115 39 grund
427 1621 55 29 för
498 1620 194 40 beräkning
710 1629 42 21 av
770 1618 246 39 avsättningen
1035 1617 52 30 till
1105 1616 302 40 övergångskonto
1426 1615 55 30 för
1498 1615 109 39 lager-

115 1684 127 25 reserv,
268 1675 89 29 skall
382 1674 96 30 detta
500 1673 109 30 konto
634 1673 158 29 minskas
817 1672 80 33 med
922 1671 67 30 vad
1013 1670 86 30 därå
1123 1670 45 40 på
1192 1670 68 29 den
1283 1669 191 30 bortfallna
1498 1668 109 39 lager-

115 1728 219 29 kvantiteten
359 1726 267 41 proportionellt
651 1726 139 39 belöper
817 1727 92 28 samt
935 1723 245 31 motsvarande
1206 1723 125 39 belopp
1358 1723 171 39 upptagas
1555 1720 51 31 till

116 1780 226 40 beskattning
367 1780 117 30 såsom
507 1779 116 30 intäkt
647 1788 43 21 av
714 1778 139 30 rörelse.

163 1833 274 40 Stadigvarande
468 1832 300 40 lagerminskning
800 1841 102 20 anses
933 1831 47 31 ha
1010 1831 135 33 inträtt,
1177 1829 45 30 då
1253 1828 313 40 lagerkvantiteten
1597 1827 11 29 i

117 1887 163 29 medeltal
306 1887 111 29 under
442 1888 51 28 tre
517 1886 45 39 på
586 1885 174 30 varandra
786 1884 157 39 följande
969 1884 48 34 år,
1044 1882 320 39 beskattningsåret
1388 1881 220 33 inberäknat,

119 1939 210 40 understigit
357 1939 68 30 den
454 1938 278 39 lagerkvantitet,
761 1938 11 29 i
802 1936 221 30 förhållande
1052 1936 53 29 till
1134 1935 118 30 vilken
1281 1934 244 39 avsättningen
1555 1934 55 29 be-

120 1994 156 29 räknats.

164 2073 36 33 2)
228 2074 127 38 antaga
378 2071 157 40 följande

793 2141 144 38 Förslag

839 2211 52 29 till

292 2283 209 40 förordning
522 2291 56 21 om
601 2282 149 39 ändring
771 2291 43 20 av
835 2281 253 39 förordningen
1111 2280 67 29 den
1201 2280 42 28 26
1264 2278 68 40 juli
1356 2279 82 29 1947

530 2344 56 21 om
608 2335 119 40 statlig
747 2333 253 31 inkomstskatt
1025 2333 61 33 (nr
1106 2332 96 34 576).

167 2425 212 38 Härigenom
403 2423 196 35 förordnas,
623 2425 51 28 att
696 2423 19 29 5
742 2422 15 38 8
783 2421 252 39 förordningen
1058 2421 69 29 den
1150 2420 41 30 26
1214 2420 67 39 juli
1307 2419 82 30 1947
1415 2428 57 21 om
1497 2419 115 39 statlig

123 2478 254 30 inkomstskatt
411 2477 59 33 (nr
498 2476 81 34 576)
613 2476 89 30 skall
731 2475 133 30 erhålla
895 2474 156 39 följande
1082 2473 153 31 ändrade
1264 2472 140 40 lydelse.
