1914 2788
538 145 254 28 Statsutskottets
816 145 162 27 utlåtande
1000 153 40 19 nr
1062 145 17 27 4
1101 145 36 27 år
1159 144 76 29 1960
1594 147 42 30 79

150 228 169 38 upptages
342 227 79 29 med
444 226 40 30 88
499 226 62 30 500
576 226 63 30 000
662 227 140 29 kronor.
837 227 65 28 Det
925 226 97 29 torde
1046 225 36 30 få
1105 226 190 29 ankomma
1317 225 44 39 på
1383 224 125 39 Kungl.
1531 224 106 40 Maj:t

150 282 50 28 att
224 280 106 39 enligt
355 281 150 38 angivna
529 279 178 40 riktlinjer
732 279 175 30 fastställa
932 279 333 38 anskaffningsplan
1291 278 54 30 för
1369 278 268 30 verksamheten

151 334 111 29 under
287 333 166 40 anslaget.

206 387 176 30 Utskottet
406 386 54 30 får
482 387 117 29 erinra
621 396 58 20 om
703 388 49 28 att
776 386 171 30 utskottet
970 387 112 29 under
1104 386 159 40 punkten
1287 386 18 30 2
1330 385 158 40 avstyrkt
1512 385 123 30 motio-

152 450 109 20 nerna
280 440 28 30 I:
326 441 61 30 156
407 440 64 30 och
490 440 45 30 II:
552 440 74 30 222.

205 494 117 40 Enligt
343 494 83 30 1958
444 494 57 30 års
520 494 272 31 försvarsbeslut
810 494 239 30 reserverades
1068 493 53 31 till
1140 494 125 39 Kungl.
1285 493 124 40 Maj:ts
1427 493 208 40 förfogande

151 550 48 28 ett
216 548 124 40 belopp
359 548 20 30 å
396 548 41 30 68
455 548 164 40 miljoner
636 548 141 34 kronor,
798 557 75 21 som
891 547 118 40 ingick
1028 557 75 21 som
1122 548 55 29 del
1194 549 11 29 i
1225 547 57 30 det
1299 548 97 29 inom
1414 547 220 40 flygvapnets

150 602 248 30 kostnadsram
425 602 165 30 anvisade
616 602 157 39 anslaget
799 602 53 29 till
878 600 476 41 flygmaterielanskaffning.
1381 601 104 30 Detta
1508 600 126 40 belopp

150 665 62 20 var
230 658 111 28 avsett
359 658 50 28 att
427 656 174 39 utnyttjas
620 656 124 30 endast
763 665 58 20 om
839 656 65 29 och
922 655 11 29 i
953 655 67 30 den
1039 655 82 29 mån
1140 654 192 31 inträffade
1350 654 88 41 pris-
1458 654 64 30 och
1541 654 94 30 löne-

150 709 189 40 höjningar
367 709 118 30 kunde
512 709 140 30 befaras
681 709 183 30 föranleda
893 708 179 40 försening
1102 717 42 21 av
1172 708 188 40 planlagda
1388 707 247 40 flygmateriel-

152 763 271 40 anskaffningar
444 764 165 29 ävensom
629 763 56 30 för
707 764 50 29 att
778 764 95 28 möta
893 763 93 29 vissa
1007 762 188 30 eventuellt
1217 761 285 41 uppkommande
1523 761 112 31 ökade

153 817 280 30 lönekostnader.

207 871 248 40 Avvägningen
476 871 128 29 mellan
624 871 42 29 de
687 870 94 30 olika
801 869 412 31 försvarsfunktionerna
1233 869 155 35 innebar,
1411 869 116 30 såsom
1549 870 87 29 även

151 924 387 41 departementschefen
557 924 167 30 framhöll
744 924 12 29 i
775 924 67 30 den
862 923 228 40 proposition,
1112 932 76 21 som
1208 923 54 40 låg
1283 923 52 30 till
1356 923 113 40 grund
1490 922 55 31 för
1565 922 70 30 för-

153 979 258 34 svarsbeslutet,
432 980 50 28 att
501 978 160 30 marinen
680 977 145 30 hårdast
845 977 194 30 drabbades
1060 986 42 21 av
1121 977 41 30 de
1182 976 124 40 gjorda
1324 976 311 40 beskärningarna,

151 1033 201 39 varigenom
384 1032 131 30 antalet
547 1031 280 40 fartygsenheter
860 1032 159 28 avsevärt
1053 1030 213 30 minskades.
1299 1029 126 31 Därtill
1457 1030 93 34 kom,
1585 1031 51 28 att

153 1087 177 29 marinens
357 1086 121 39 anslag
503 1085 196 30 belastades
727 1085 78 29 med
832 1084 239 30 kostnaderna
1097 1084 55 30 för
1179 1083 253 40 avbeställning
1459 1092 42 21 av
1526 1083 110 30 redan

151 1139 197 40 igångsatta
377 1138 344 40 fartygsbygganden
749 1138 79 30 med
856 1137 68 35 49,3
953 1137 164 40 miljoner
1146 1137 140 30 kronor.
1315 1136 68 31 Till
1412 1137 101 30 dessa
1541 1137 95 29 kost-

151 1194 118 34 nader,
290 1193 94 30 vilka
402 1193 51 30 till
473 1195 48 27 ett
542 1192 234 39 sammanlagt
795 1191 125 39 belopp
941 1200 41 21 av
1002 1191 67 34 33,5
1088 1191 164 39 miljoner
1271 1191 130 29 kronor
1421 1190 156 30 bestritts
1598 1199 42 20 av

153 1247 177 30 marinens
354 1255 88 31 egna
465 1246 121 35 medel,
611 1248 58 37 tog
694 1244 83 31 1955
802 1245 57 30 års
884 1244 348 40 försvarsberedning
1255 1244 77 31 icke
1357 1244 175 40 ställning.
1558 1243 79 31 Med

152 1301 138 39 hänsyn
309 1300 119 30 härtill
448 1300 65 29 och
532 1300 55 30 för
608 1301 51 28 att
679 1299 182 39 tillgodose
884 1298 83 30 1955
989 1298 57 30 års
1067 1297 365 41 försvarsberednings
1453 1296 183 31 önskemål

153 1356 50 28 att
223 1354 244 30 åstadkomma
487 1363 43 20 en
550 1353 10 29 i
581 1352 221 31 förhållande
822 1352 54 30 till
897 1351 221 31 alternativet
1139 1352 112 29 Adam
1272 1351 104 40 något
1396 1351 107 40 högre
1524 1350 112 31 effekt

152 1408 58 30 vid
232 1408 159 29 marinen
411 1407 111 30 beslöt
546 1405 84 31 1958
652 1406 57 30 års
731 1406 153 39 riksdag,
907 1407 51 28 att
980 1405 117 30 därest
1119 1405 267 40 ifrågavarande
1408 1404 186 40 anvisning
1616 1403 21 30 å

153 1461 41 30 68
211 1461 164 39 miljoner
391 1461 130 29 kronor
536 1460 76 29 icke
629 1459 53 30 till
699 1459 88 30 fullo
804 1462 96 36 toges
917 1461 11 29 i
946 1458 154 40 anspråk
1117 1458 55 30 för
1190 1458 150 40 angivna
1357 1457 173 35 ändamål,
1548 1457 90 30 åter-

153 1515 144 30 stående
316 1514 124 39 belopp
463 1513 94 40 finge
579 1513 180 30 användas
781 1512 55 30 för
856 1511 224 31 bestridande
1103 1521 42 20 av
1165 1511 267 40 ifrågavarande
1455 1511 182 30 avbeställ-

152 1568 305 40 ningskostnader.
477 1567 117 30 Skulle
613 1566 68 30 den
699 1566 55 30 del
773 1575 42 20 av
833 1565 102 30 dessa
953 1565 200 34 kostnader,
1174 1574 75 20 som
1268 1564 82 31 fölle
1368 1564 46 41 på
1431 1564 206 40 budgetåret

155 1621 153 36 1958/59,
328 1621 75 30 icke
423 1621 121 29 kunna
563 1620 121 30 täckas
703 1619 45 40 på
768 1621 69 28 sätt
856 1619 188 39 riksdagen
1064 1618 140 40 angivit,
1226 1618 113 30 skulle
1359 1618 124 40 frågan
1503 1627 58 21 om
1581 1617 57 30 de-

154 1684 153 21 sammas
337 1674 223 30 bestridande
593 1673 90 40 ånyo
716 1673 235 30 underställas
984 1672 206 39 riksdagens
1222 1672 182 40 prövning.
1437 1671 200 40 Riksdagen

153 1729 197 33 förutsatte,
367 1730 50 28 att
433 1726 513 40 avbeställningskostnaderna
963 1726 112 29 skulle
1092 1735 155 30 rymmas
1263 1725 96 30 inom
1375 1725 67 30 den
1456 1724 181 31 beslutade

153 1783 109 29 totala
280 1782 303 29 kostnadsramen.

209 1836 50 29 Av
280 1835 230 30 förenämnda
530 1834 125 39 belopp
678 1834 19 29 å
719 1833 41 30 68
782 1833 164 39 miljoner
968 1833 130 29 kronor
1119 1832 46 30 ha
1186 1832 52 30 till
1261 1832 376 39 marinförvaltningen

154 1889 54 30 för
229 1888 223 31 bestridande
474 1897 41 20 av
537 1886 514 40 avbeställningskostnaderna
1073 1885 187 30 utbetalats
1285 1885 66 34 15,8
1373 1885 163 39 miljoner
1559 1885 78 29 kro-

154 1951 74 22 nor.
255 1941 319 40 Prisstegringarna
599 1940 112 30 under
737 1949 93 20 mars
859 1939 82 29 1957
968 1939 46 29 ha
1038 1938 189 30 beräknats
1254 1938 159 30 medföra
1436 1947 44 21 en
1505 1938 133 39 ökning

154 2005 42 20 av
218 1995 186 30 årskvoten
428 1993 141 36 1959/60
593 1993 112 30 under
728 1992 392 40 flygmaterielanslaget
1143 1992 79 29 med
1245 1992 38 29 31
1310 1991 163 40 miljoner
1496 1991 141 30 kronor.

154 2049 51 29 Av
224 2049 95 30 detta
336 2048 125 39 belopp
481 2047 45 30 ha
546 2047 53 30 till
619 2046 336 40 flygförvaltningen
975 2046 10 29 i
1007 2045 155 30 februari
1185 2044 84 30 1959
1290 2045 188 29 utbetalats
1499 2044 40 31 25
1562 2044 76 30 mil-

153 2103 102 38 joner
275 2102 139 29 kronor.
435 2100 226 30 Återstående
681 2100 125 39 belopp
832 2099 55 33 (31
903 2117 44 3 —
960 2099 39 29 25
1017 2098 49 34 =)
1093 2099 18 29 6
1133 2098 164 39 miljoner
1317 2098 130 29 kronor
1469 2097 71 31 står
1561 2098 78 29 allt-

153 2156 91 38 jämt
265 2155 52 30 till
339 2154 125 39 Kungl.
487 2153 123 40 Maj:ts
633 2152 219 40 disposition.
876 2152 25 29 Å
923 2152 161 39 beloppet
1107 2151 40 30 68
1171 2151 164 40 miljoner
1357 2151 130 30 kronor
1510 2151 46 29 ha
1578 2150 61 35 5,25

153 2209 164 38 miljoner
338 2209 130 28 kronor
490 2207 172 29 överförts
685 2206 52 29 till
762 2208 132 27 statens
916 2204 438 39 budgetutjämningsfond
1378 2213 74 20 som
1474 2204 167 38 kompen-

155 2261 114 29 sation
286 2261 54 29 för
356 2260 93 30 vissa
465 2260 111 29 ökade
593 2259 271 29 lönekostnader
881 2259 10 28 i
911 2257 152 39 enlighet
1081 2257 78 29 med
1179 2257 84 30 1958
1281 2257 57 29 års
1356 2257 281 30 försvarsbeslut.

210 2314 12 29 I
240 2313 162 40 yttrande
420 2314 81 28 över
519 2311 309 40 myndigheternas
848 2310 324 39 anslagsäskanden
1192 2310 54 30 för
1266 2311 102 29 nästa
1386 2309 169 40 budgetår
1574 2309 65 29 har

154 2366 330 31 överbefälhavaren
511 2366 54 29 för
591 2367 50 27 att
669 2364 206 39 möjliggöra
900 2363 106 30 bland
1033 2365 108 27 annat
1167 2372 42 20 en
1235 2363 133 39 ökning
1392 2372 43 20 av
1460 2362 178 30 marinens

153 2418 454 40 beställningsverksamhet
633 2417 190 40 föreslagit,
851 2419 49 27 att
927 2426 41 20 av
995 2416 231 30 förenämnda
1252 2416 41 29 68
1320 2416 163 39 miljoner
1508 2416 131 29 kronor

155 2476 48 27 ett
225 2473 124 39 belopp
372 2482 40 20 av
435 2472 98 29 cirka
555 2471 40 30 22
620 2471 164 39 miljoner
807 2471 140 33 kronor,
972 2479 74 20 som
1071 2471 94 28 ännu
1190 2470 75 29 icke
1289 2469 230 40 disponerats,
1544 2469 95 39 finge
