1904 2782
285 161 41 30 16
675 156 253 27 Statsutskottets
952 154 162 27 utlåtande
1135 161 40 19 nr
1197 153 16 27 4
1236 153 36 27 år
1295 152 76 28 1960

340 239 65 29 Det
425 237 98 30 torde
544 237 37 29 få
602 237 188 29 ankomma
810 236 45 39 på
874 235 125 39 Kungl.
1021 234 107 40 Maj:t
1149 236 50 28 att
1226 233 4 30 i
1251 233 172 30 samband
1443 233 79 29 med
1542 231 227 39 organisatio-

284 300 87 21 nens
391 290 272 40 genomförande
683 289 77 30 föra
780 288 174 30 ordinarie
975 288 151 39 tjänster
1145 288 65 29 och
1228 286 252 39 beställningar
1500 286 44 39 på
1565 284 205 40 övergångs-

286 345 79 33 stat,
391 344 116 29 därest
532 343 39 30 så
593 343 70 29 kan
686 342 164 30 befinnas
874 341 231 39 erforderligt.

340 409 226 39 Åberopande
592 408 56 29 det
674 407 149 30 anförda
848 405 202 31 hemställer
1075 404 180 34 utskottet,

607 475 50 28 att
673 472 188 38 riksdagen
877 470 58 30 må
952 469 186 39 godkänna
1153 467 67 30 vad
1236 463 386 42 departementschefen
1638 463 13 30 i
1668 464 102 29 stats-

550 525 293 40 rådsprotokollet
867 525 79 28 över
970 520 311 32 försvarsärenden
1306 519 55 30 för
1385 519 67 29 den
1475 518 20 29 4
1519 517 141 40 januari
1686 515 83 30 1960

551 579 178 39 föreslagit
747 578 12 29 i
779 577 101 39 fråga
897 585 57 21 om
973 574 239 40 organisation
1230 574 66 29 och
1315 572 162 40 personal
1496 571 96 29 inom
1612 570 67 30 den
1698 570 73 29 tek-

550 633 103 29 niska
676 632 157 39 tjänsten
857 630 58 30 vid
940 629 211 39 flygvapnet.

341 803 75 35 8:0)
445 804 230 40 Flygvapnets
698 800 273 32 markärenden.
1010 797 126 39 Kungl.
1162 796 105 39 Maj:t
1291 796 65 29 har
1380 794 179 38 föreslagit
1583 792 187 39 riksdagen

290 857 131 40 (punkt
442 856 29 35 6,
495 865 25 21 s.
543 854 167 34 94—105)
738 855 51 28 att
811 853 186 39 godkänna
1017 851 68 30 vad
1107 847 385 42 departementschefen
1515 846 179 39 föreslagit
1715 845 56 30 be-

286 909 178 31 träffande
478 908 305 39 handläggningen
800 915 42 21 av
857 905 152 30 ärenden
1024 904 149 29 rörande
1187 902 182 40 byggande
1385 902 65 29 och
1465 900 184 30 underhåll
1665 908 45 20 m.
1724 908 46 20 m.

286 972 42 21 av
349 962 140 40 flygfält
510 963 91 28 samt
623 959 229 39 anskaffning
874 968 45 20 m.
933 967 45 20 m.
1001 967 43 20 av
1065 957 102 29 mark
1188 956 54 30 för
1264 953 335 42 flygfältsändamål.

340 1069 67 30 Vid
427 1068 165 30 anmälan
613 1077 41 20 av
673 1063 535 39 fortifikationsförvaltningens
1228 1061 305 39 avlöningsanslag
1554 1060 54 30 för
1628 1059 143 39 budget-

286 1123 74 29 året
388 1121 140 31 1958/59
560 1121 112 39 (prop.
700 1118 189 35 1958:110,
917 1128 25 19 s.
971 1117 59 30 167
1047 1116 47 35 ff)
1125 1116 155 30 uttalade
1305 1113 386 41 departementschefen
1717 1112 55 30 sin

287 1176 115 29 avsikt
428 1177 49 27 att
503 1174 73 30 låta
600 1173 123 30 utreda
748 1172 177 30 huruvida
951 1170 152 30 ärenden
1131 1169 177 40 angående
1334 1169 109 38 inköp
1469 1168 64 29 och
1560 1166 211 40 försäljning

286 1238 43 20 av
348 1228 101 29 mark
469 1227 55 30 för
543 1227 154 29 militära
715 1225 141 40 flygfält
876 1225 65 29 och
962 1224 152 29 ärenden
1135 1222 177 40 angående
1332 1221 208 40 nybyggnad
1561 1221 65 29 och
1646 1220 126 29 under-

285 1282 73 29 håll
383 1290 43 21 av
450 1280 132 30 sådana
607 1279 138 40 flygfält
770 1287 46 21 m.
831 1287 45 20 m.
902 1277 71 31 helt
996 1277 107 29 borde
1129 1276 177 30 överföras
1333 1275 80 30 från
1439 1273 333 40 flygförvaltningen

286 1335 53 30 till
365 1332 516 38 fortifikationsförvaltningen
911 1331 114 39 (prop.
1053 1328 188 36 1958:110,
1268 1339 26 20 s.
1323 1328 94 34 198).
1454 1329 49 29 De
1528 1327 150 39 angivna
1702 1326 70 30 frå-

286 1396 109 31 gorna
417 1388 64 29 har
506 1395 146 21 numera
675 1386 141 39 prövats
841 1394 42 20 av
908 1384 82 29 1956
1015 1384 57 29 års
1096 1380 625 42 försvarsförvaltningssakkunniga.
1758 1379 13 29 I

287 1441 166 30 skrivelse
475 1440 67 29 den
564 1440 40 29 29
627 1438 194 40 september
845 1437 83 30 1959
949 1437 65 29 har
1035 1436 42 30 de
1101 1435 222 39 sakkunniga
1344 1435 215 29 överlämnat
1580 1434 192 29 resultaten

287 1503 42 21 av
347 1493 276 38 utredningarna
639 1492 11 29 i
668 1492 101 29 dessa
787 1490 128 39 frågor.
944 1490 13 29 I
977 1489 229 30 förevarande
1224 1488 218 40 proposition
1460 1488 136 29 lämnas
1614 1497 43 20 en
1674 1487 98 29 redo-

287 1546 132 40 görelse
441 1545 55 30 för
518 1546 42 29 de
584 1544 238 38 sakkunnigas
846 1542 130 40 förslag
999 1543 20 29 å
1042 1552 25 20 s.
1092 1541 161 35 95—100,
1275 1541 118 30 vartill
1416 1541 97 30 torde
1537 1541 36 30 få
1595 1540 176 30 hänvisas.

341 1610 393 40 Departementschefen
759 1609 65 29 har
850 1608 56 29 för
931 1615 85 31 egen
1042 1606 54 30 del
1124 1605 116 30 anfört
1267 1604 168 40 följande.

344 1677 34 29 »I
403 1676 217 39 proposition
644 1675 52 29 till
723 1673 82 30 1947
833 1672 56 30 års
914 1671 143 39 riksdag
1082 1669 177 40 angående
1284 1665 298 41 omorganisation
1608 1674 41 21 av
1674 1664 98 30 forti-

288 1729 185 30 fikations-
501 1729 66 29 och
594 1724 441 43 byggnadsförvaltningen
1062 1724 96 29 inom
1187 1722 172 29 försvaret
1387 1729 104 20 m.m.
1525 1719 114 39 (prop.
1670 1718 99 29 1947:

290 1783 72 34 142,
391 1792 25 21 s.
444 1782 57 34 62)
534 1780 164 31 framhöll
725 1778 253 40 föredragande
1006 1774 397 42 departementschefen,
1431 1773 105 30 bland
1565 1773 116 33 annat,
1711 1773 60 32 att,

288 1836 45 29 då
359 1836 162 29 ansvaret
549 1835 54 29 för
630 1832 283 41 flygsäkerheten
939 1831 112 29 måste
1078 1829 91 30 åvila
1195 1828 271 40 flygledningen,
1494 1826 57 30 det
1578 1826 79 29 med
1685 1825 87 39 flyg-

288 1888 208 30 säkerheten
519 1888 119 29 intimt
662 1884 346 39 sammanhängande
1032 1882 220 31 underhållet
1277 1891 42 20 av
1343 1881 42 29 de
1410 1880 152 29 militära
1587 1878 185 40 flygfälten

286 1941 13 30 i
317 1941 152 40 enlighet
486 1940 80 30 med
584 1939 270 30 fortifikations-
872 1938 64 29 och
952 1934 435 42 byggnadsutredningens
1405 1933 129 39 förslag
1553 1934 117 38 syntes
1688 1932 85 29 böra

287 1994 92 30 åvila
402 1993 342 40 flygförvaltningen.
780 1991 94 30 Även
897 1989 228 41 planerandet
1148 1989 66 29 och
1236 1987 204 30 utförandet
1465 1996 41 20 av
1529 1985 244 39 förbättrings-

289 2048 65 29 och
382 2046 368 39 utvidgningsarbeten
778 2045 45 39 på
851 2045 42 29 de
921 2043 154 30 militära
1103 2041 184 40 flygfälten
1315 2041 116 34 borde,
1461 2039 211 30 åtminstone
1700 2039 72 29 tills

287 2100 129 34 vidare,
436 2100 180 38 kvarligga
633 2099 63 29 hos
715 2097 345 40 flygförvaltningen.
1092 2096 112 30 Sedan
1223 2095 41 30 de
1285 2093 218 31 omfattande
1523 2093 151 34 arbeten,
1697 2101 75 21 som

287 2153 81 30 med
384 2154 138 38 hänsyn
539 2152 52 30 till
609 2151 184 30 teknikens
811 2150 199 39 utveckling
1026 2149 119 29 kunde
1161 2148 174 30 beräknas
1352 2147 48 30 bli
1418 2146 226 40 erforderliga
1661 2146 111 29 under

288 2207 41 29 de
351 2207 177 28 närmaste
551 2206 92 33 åren,
665 2205 12 29 i
698 2203 188 30 huvudsak
908 2202 220 34 fullbordats,
1151 2201 106 30 borde
1279 2201 58 30 det
1360 2200 191 30 emellertid
1574 2200 197 38 övervägas,

287 2258 176 30 huruvida
482 2267 43 21 en
546 2258 133 29 ändrad
698 2256 239 40 organisation
956 2256 11 29 i
987 2255 100 39 fråga
1107 2264 57 20 om
1184 2255 102 29 dessa
1307 2254 142 30 arbeten
1470 2263 41 20 av
1531 2252 241 40 nybyggnads-

287 2312 168 29 karaktär
477 2311 107 29 borde
607 2310 232 40 genomföras.
874 2309 126 30 Vidare
1024 2308 184 34 uttalades,
1233 2309 50 28 att
1306 2307 58 30 det
1387 2306 105 30 borde
1516 2306 190 30 ankomma
1728 2305 45 40 på

288 2364 126 39 Kungl.
436 2364 107 39 Maj:t
564 2365 50 28 att
636 2363 175 30 fastställa
830 2360 452 41 kompetensfördelningen
1302 2361 12 29 i
1336 2360 105 39 detalj
1466 2359 128 30 mellan
1616 2360 67 29 den
1704 2368 69 30 nya

287 2416 517 39 fortifikationsförvaltningen
829 2415 65 30 och
918 2414 344 40 flygförvaltningen.
