1904 2784
299 162 19 30 8
692 160 252 27 Statsutskottets
967 160 163 28 utlåtande
1151 168 40 19 nr
1212 160 18 27 4
1252 160 36 28 år
1310 160 76 28 1960

356 238 130 31 Genom
503 239 115 30 beslut
637 240 67 29 den
721 239 40 30 30
778 240 79 39 juni
878 240 83 30 1954
979 241 160 39 uppdrog
1157 241 125 39 Kungl.
1302 241 106 39 Maj:t
1426 241 35 30 åt
1480 240 124 41 chefen
1622 241 57 40 för
1695 241 87 40 flyg-

302 294 126 38 vapnet
443 294 60 33 att,
527 293 3 29 i
546 293 141 30 samråd
703 294 78 29 med
796 293 333 40 flygförvaltningen
1148 294 64 30 och
1227 295 112 29 under
1355 295 196 30 beaktande
1568 304 42 20 av
1624 295 67 30 vad
1708 303 73 21 som

301 346 137 30 anförts
454 347 10 29 i
484 346 125 40 frågan
626 347 58 30 vid
702 348 165 29 anmälan
885 357 41 20 av
944 347 264 41 propositionen
1229 347 99 31 1954:
1346 348 72 34 109,
1437 349 124 29 utreda
1581 348 124 39 frågan
1726 357 55 21 om

301 409 42 20 en
365 400 323 40 sammanslagning
710 410 42 20 av
774 401 66 30 den
862 401 10 29 i
894 401 261 40 flygledningen
1177 401 170 40 ingående
1369 402 247 39 inspektionen
1639 402 54 30 för
1715 402 66 30 den

300 453 164 30 tekniska
486 454 158 39 tjänsten
666 455 64 29 och
753 454 352 40 flygförvaltningens
1128 455 371 40 materielinspektion.
1523 455 194 30 Resultatet
1741 464 41 21 av

300 507 233 39 utredningen
551 508 65 29 har
635 507 182 40 framlagts
837 508 54 30 för
910 508 125 40 Kungl.
1055 508 106 40 Maj:t
1179 509 79 29 med
1278 509 167 29 skrivelse
1465 509 67 30 den
1551 508 18 30 8
1587 509 80 39 juni
1688 508 93 30 1959.

356 560 85 31 1954
465 561 57 30 års
549 561 187 40 utredning
760 561 177 39 angående
965 561 90 31 vissa
1080 562 270 40 personalkårer
1375 562 94 30 inom
1495 562 184 40 försvaret,
1707 571 73 21 som

299 614 132 40 jämväl
450 615 185 29 anmodats
653 616 93 38 yttra
765 615 51 40 sig
834 616 79 29 över
933 616 279 39 flygledningens
1232 616 232 30 förenämnda
1483 616 141 40 förslag,
1643 616 64 30 har
1727 616 54 29 be-

299 668 147 30 handlat
469 668 166 40 förslaget
655 669 11 29 i
688 670 48 28 ett
759 669 66 29 den
848 669 40 30 30
911 669 194 40 september
1129 669 83 30 1959
1235 669 135 40 avgivet
1391 670 222 29 betänkande
1642 669 140 34 (stenci-

300 721 104 34 lerat)
429 721 179 40 angående
625 721 94 31 vissa
736 722 282 40 personalfrågor
1037 732 46 20 m.
1097 732 46 21 m.
1163 723 96 29 inom
1279 723 67 30 den
1367 723 162 30 tekniska
1549 723 156 40 tjänsten
1724 723 56 30 vid

300 775 211 40 flygvapnet.

353 834 12 28 I
387 832 229 31 förevarande
637 832 217 40 proposition
874 832 135 29 lämnas
1032 831 217 39 redogörelse
1271 831 55 30 för
1349 830 278 40 flygledningens
1651 829 129 38 förslag

298 887 21 30 å
333 896 26 21 s.
376 886 128 30 46—50
520 886 66 30 och
602 886 54 30 för
671 885 481 40 personalkårutredningens
1169 884 131 39 förslag
1316 884 20 30 å
1352 894 25 20 s.
1394 883 140 35 51—380,
1550 883 116 30 vartill
1683 882 97 31 torde

298 940 37 30 få
359 939 176 31 hänvisas.

352 993 395 40 Departementschefen
767 993 65 29 har
852 993 54 29 för
926 1000 84 32 egen
1031 992 55 30 del
1107 991 118 30 anfört
1246 990 167 40 följande.

356 1047 70 30 >De
451 1046 208 40 ifrågasatta
685 1046 296 40 organisatoriska
1006 1045 66 31 och
1097 1045 196 40 personella
1319 1044 248 40 förändringar
1592 1044 97 30 inom
1715 1044 66 30 den

298 1100 164 31 tekniska
485 1100 158 40 tjänsten
666 1100 58 30 vid
750 1100 201 39 flygvapnet
975 1099 55 30 för
1053 1099 96 29 vilka
1172 1098 59 40 jag
1255 1097 178 40 redogjort
1457 1097 11 30 i
1494 1098 57 29 det
1576 1097 207 40 föregående

298 1153 128 40 bygger
450 1153 46 40 på
520 1153 133 39 förslag
678 1153 73 30 dels
777 1162 42 21 av
844 1152 270 40 flygledningen,
1142 1152 73 30 dels
1242 1161 42 20 av
1309 1151 473 40 personalkårutredningen.

298 1206 292 40 Flygledningens
617 1207 130 38 förslag
771 1206 145 30 innebär
940 1206 12 29 i
975 1205 141 30 korthet
1143 1207 50 28 att
1217 1205 67 30 den
1310 1204 203 30 nuvarande
1537 1204 246 40 inspektionen

298 1259 56 30 för
377 1259 67 30 den
467 1259 165 30 tekniska
654 1259 156 40 tjänsten
832 1259 171 30 ombildas
1028 1259 52 30 till
1105 1268 43 21 en
1171 1258 201 40 inspektion
1396 1258 55 30 för
1473 1258 222 39 bastjänsten
1719 1257 65 31 och

298 1314 51 28 att
370 1312 52 30 till
444 1312 115 30 denna
579 1313 126 39 knytes
726 1322 43 20 en
788 1312 288 40 bastjänstskola.
1109 1313 75 29 Den
1206 1312 163 30 tekniska
1389 1312 266 39 inspektionens
1677 1321 107 20 nuva-

297 1365 109 31 rande
434 1366 178 39 uppgifter
639 1365 169 30 avseende
835 1366 284 39 grundläggande
1145 1365 141 30 teknisk
1313 1365 199 40 utbildning
1539 1365 206 30 förutsättes
1772 1365 11 30 i

298 1418 170 30 samband
489 1419 147 29 härmed
658 1419 98 29 skola
777 1418 178 31 överföras
976 1419 53 29 till
1050 1419 216 39 flygstabens
1288 1418 405 41 utbildningsavdelning
1714 1428 69 20 me-

297 1472 70 30 dan
389 1471 425 40 bastjänstinspektionen
837 1472 62 29 bör
921 1472 77 30 leda
1021 1473 66 29 och
1110 1472 172 30 övervaka
1304 1473 67 29 den
1395 1472 203 40 tillämpade
1621 1472 162 31 tekniska

297 1524 255 40 utbildningen.
591 1525 127 30 Vidare
745 1525 146 30 innebär
919 1525 166 40 förslaget
1114 1527 50 28 att
1192 1525 352 40 flygförvaltningens
1572 1526 211 30 materielin-

298 1577 162 40 spektion
481 1578 103 39 utgår
605 1578 65 30 och
692 1578 78 30 dess
792 1578 177 39 uppgifter
991 1578 153 31 fördelas
1166 1579 44 39 på
1232 1579 111 30 andra
1365 1587 118 32 organ.
1518 1580 155 30 Sålunda
1695 1580 88 29 före-

297 1630 79 35 slås,
403 1632 51 28 att
479 1630 398 40 detaljinspektionerna
903 1641 42 20 av
970 1632 278 40 flygmaterielen
1273 1633 11 29 i
1311 1633 115 30 stället
1453 1634 89 29 skall
1569 1634 61 29 ske
1657 1641 123 32 genom

298 1684 359 40 sakavdelningarnas
686 1685 145 39 försorg,
862 1687 50 28 att
940 1685 461 40 översiktsinspektionerna
1429 1688 179 38 övertages
1637 1697 42 19 av
1706 1687 77 30 bas-

297 1736 360 41 tjänstinspektionen
683 1739 90 28 samt
799 1739 50 29 att
874 1738 116 40 frågor
1014 1748 58 20 om
1098 1739 440 40 utbildningsmaterielens
1563 1740 220 39 utformning

298 1795 89 31 skall
414 1795 91 31 åvila
529 1794 445 40 underhållsavdelningen,
1002 1795 63 29 där
1091 1804 43 20 en
1161 1794 150 30 särskild
1338 1794 357 39 utbildningssektion
1720 1794 63 30 bör

296 1848 150 30 inrättas
471 1848 97 30 inom
595 1848 208 39 driftbyrån.
840 1849 67 29 För
931 1848 242 30 kvarvarande
1199 1847 178 40 uppgifter
1403 1847 146 31 föreslås
1577 1849 50 28 att
1654 1857 42 20 en
1723 1847 59 30 fri-

297 1901 143 30 stående
464 1901 260 30 haverisektion
750 1901 212 30 tillkommer
985 1901 59 30 vid
1070 1901 344 39 flygförvaltningen.

351 1957 332 39 Huvudpunkterna
712 1957 12 30 i
753 1957 317 39 kårutredningens
1102 1956 131 39 förslag
1265 1956 37 29 är
1334 1954 167 40 följande.
1544 1954 238 40 Utredningen

297 2019 103 21 anser
417 2010 51 40 sig
485 2010 77 30 icke
578 2011 124 29 kunna
718 2010 143 30 förorda
878 2011 50 29 att
944 2010 68 29 den
1028 2008 236 31 civilmilitära
1281 2008 163 30 tekniska
1461 2008 208 39 personalen
1686 2008 96 30 inom

296 2062 202 40 flygvapnet
524 2063 272 30 sammanhålles
821 2063 12 29 i
857 2062 228 40 personalkår
1109 2071 80 21 men
1214 2061 158 35 föreslår,
1398 2063 50 28 att
1472 2061 67 30 den
1565 2071 48 20 nu
1637 2062 145 29 vakant-

296 2117 92 29 satta
409 2116 256 39 beställningen
688 2116 54 30 för
766 2115 312 40 flygöverdirektör
1101 2115 226 30 återbesättes
1350 2115 66 30 och
1439 2116 50 28 att
1511 2115 271 39 flygöverdirek-

296 2169 100 29 tören
423 2169 112 30 under
561 2169 125 30 chefen
714 2169 54 29 för
795 2169 201 39 flygvapnet
1023 2168 150 30 erhåller
1199 2168 148 30 ledande
1375 2168 178 40 uppgifter
1579 2169 81 29 med
1688 2178 94 20 avse-

295 2221 88 30 ende
404 2221 20 30 å
445 2221 463 41 flygingenjörspersonalen
928 2222 247 30 motsvarande
1195 2222 67 29 vad
1284 2231 75 21 som
1380 2222 11 29 i
1413 2231 43 21 en
1476 2221 306 39 kårorganisation

295 2274 102 30 faller
420 2275 45 39 på
487 2275 203 30 kårchefen.
725 2275 237 40 Utredningen
985 2275 155 30 biträder
1165 2275 41 30 de
1231 2285 42 20 av
1297 2275 261 39 flygledningen
1583 2274 199 41 föreslagna

295 2327 498 41 organisationsändringarna
820 2329 65 29 och
912 2328 67 30 den
1006 2328 12 30 i
1047 2328 170 30 samband
1245 2328 145 30 därmed
1417 2328 209 39 ifrågasatta
1653 2329 128 30 omför-

295 2380 187 40 delningen
508 2390 43 20 av
577 2381 295 39 arbetsuppgifter
897 2382 79 29 med
1002 2382 181 39 undantag
1208 2382 89 29 dock
1324 2381 55 30 för
1405 2383 50 28 att
1481 2381 119 40 frågor
1626 2391 57 21 om
1709 2383 72 29 tek-

295 2433 80 30 nisk
400 2433 199 40 utbildning
624 2434 66 30 och
715 2434 144 30 därmed
884 2434 346 39 sammanhängande
1257 2435 152 29 ärenden
1434 2435 62 30 bör
1521 2435 112 29 under
1657 2436 124 29 chefen

294 2486 56 30 för
384 2486 202 40 flygvapnet
619 2487 214 39 handläggas
868 2496 42 21 av
943 2487 368 39 flygöverdirektören.
1347 2489 120 29 Denne
1501 2488 147 31 föreslås
1683 2489 99 30 skola
