1912 2786
509 127 253 28 Statsutskottets
786 125 161 28 utlåtande
970 133 40 19 nr
1031 124 17 28 4
1071 124 36 27 år
1129 123 77 29 1960
1564 124 40 30 97

443 210 50 29 att
516 208 187 39 riksdagen
726 206 58 30 må
807 206 51 30 till
882 205 232 40 Flygvapnet:
1138 202 342 40 Drivmedelsförråd
1508 210 40 21 m.
1568 210 40 20 m.

388 263 55 29 för
464 261 205 40 budgetåret
694 259 138 31 1960/61
859 258 121 31 anvisa
1003 260 48 28 ett
1074 257 274 39 förslagsanslag
1372 265 41 21 av
1435 254 96 31 8200
1545 253 63 31 000

387 315 141 29 kronor.

182 422 119 33 110:0)
331 423 229 39 Flygvapnet:
595 421 244 39 Anskaffning
870 431 42 20 av
944 419 431 39 drivmedelsutrustning.
1409 417 14 29 I
1456 415 153 40 enlighet

124 477 77 30 med
226 476 126 40 Kungl.
378 476 123 39 Maj:ts
528 475 131 39 förslag
690 474 131 40 (punkt
849 473 72 34 116,
948 482 26 20 s.
1001 472 63 30 282
1090 472 65 29 och
1181 471 96 34 283),
1303 469 237 31 innebärande
1566 478 44 21 en

121 529 347 40 anslagsminskning
490 538 42 21 av
553 528 62 30 200
629 527 63 30 000
715 528 141 33 kronor,
879 526 203 30 hemställer
1104 525 183 34 utskottet,

442 593 51 28 att
515 591 188 38 riksdagen
725 589 58 30 må
805 589 52 30 till
879 588 232 40 Flygvapnet:
1135 586 241 40 Anskaffning
1398 595 42 21 av
1463 585 148 30 drivme-

388 644 279 39 delsutrustning
687 644 55 30 för
762 642 206 40 budgetåret
991 640 138 32 1960/61
1153 641 122 30 anvisa
1296 642 48 28 ett
1364 639 247 30 reservations-

389 699 120 39 anslag
530 708 42 20 av
592 698 18 30 2
625 697 63 30 300
703 696 63 31 000
787 697 140 29 kronor.

181 833 118 34 111:0)
329 834 228 40 Flygvapnet:
586 832 144 40 Ökning
757 843 42 19 av
826 830 410 40 drivmedelslagringen.
1264 827 126 40 Kungl.
1417 826 105 40 Maj:t
1548 826 65 29 har

122 888 180 39 föreslagit
319 887 188 39 riksdagen
529 886 131 40 (punkt
679 885 73 34 117,
771 894 26 20 s.
815 884 62 30 283
896 884 65 29 och
978 882 81 35 284)
1082 884 51 28 att
1151 882 52 30 till
1221 880 267 40 ifrågavarande
1506 879 106 31 ända-

123 942 70 30 mål
208 941 55 30 för
277 940 205 40 budgetåret
498 939 137 32 1960/61
653 939 122 30 anvisa
790 940 48 28 ett
853 936 358 39 reservationsanslag
1226 945 42 20 av
1285 936 14 28 1
1316 933 62 31 000
1393 933 62 31 000
1471 934 140 29 kronor.

181 1050 68 29 För
270 1049 215 39 budgetåren
510 1046 140 32 1955/58
672 1046 65 30 har
759 1045 11 30 i
793 1045 191 29 riksstaten
1008 1043 111 30 under
1143 1042 202 40 flygvapnet
1368 1040 137 31 funnits
1528 1047 87 32 upp-

127 1102 70 30 fört
224 1103 49 29 ett
298 1100 356 38 reservationsanslag
680 1099 53 30 till
760 1098 131 39 ökning
919 1107 41 20 av
987 1095 402 39 drivmedelslagringen.
1428 1093 67 31 Om
1520 1093 95 30 vissa

126 1155 112 30 medel
263 1164 75 21 som
362 1154 111 30 under
495 1152 205 40 budgetåret
726 1151 141 31 1954/55
893 1150 113 30 ställts
1030 1149 52 30 till
1106 1148 208 40 förfogande
1338 1148 55 29 för
1416 1146 199 31 ändamålet

126 1208 223 34 medräknas,
374 1208 134 38 uppgår
532 1204 365 39 medelsanvisningen
923 1204 55 29 för
1002 1203 131 39 ökning
1158 1212 43 20 av
1224 1200 391 40 drivmedelslagringen

127 1261 56 31 för
200 1261 202 40 flygvapnet
419 1260 53 30 till
491 1259 233 39 sammanlagt
742 1257 41 31 20
802 1257 165 40 miljoner
984 1257 141 29 kronor.
1155 1256 68 30 För
1240 1254 214 41 budgetåren
1474 1252 140 33 1958/60

127 1315 65 30 har
215 1315 114 29 medel
353 1314 31 39 ej
412 1314 153 29 anvisats
591 1313 55 29 för
671 1311 210 31 ändamålet.

181 1376 347 40 Flygförvaltningen
551 1374 157 34 föreslår,
732 1373 111 30 under
867 1372 220 40 åberopande
1110 1381 43 20 av
1175 1380 43 21 en
1240 1372 96 28 inom
1360 1370 256 31 ämbetsverket

129 1430 175 40 uppgjord
320 1430 83 39 plan
419 1430 55 29 för
489 1429 131 38 ökning
637 1437 41 20 av
695 1425 393 39 drivmedelslagringen
1104 1425 112 30 under
1231 1424 215 39 budgetåren
1464 1422 151 34 1960/67,

129 1485 50 28 att
199 1483 56 30 för
276 1484 102 28 nästa
398 1481 169 40 budgetår
590 1481 14 29 1
622 1480 62 30 300
699 1479 63 30 000
784 1479 131 30 kronor
937 1478 140 30 anvisas
1098 1478 112 29 under
1232 1479 48 28 ett
1301 1476 142 31 särskilt
1464 1485 153 21 reserva-

127 1536 227 38 tionsanslag,
373 1535 228 39 Flygvapnet:
622 1533 139 38 Ökning
780 1542 42 20 av
840 1531 403 39 drivmedelslagringen.

182 1596 394 42 Departementschefen
604 1595 156 30 biträder
790 1594 353 40 flygförvaltningens
1174 1593 130 39 förslag
1334 1594 50 29 att
1412 1592 68 30 öka
1508 1592 109 39 lager-

128 1652 203 38 hållningen
367 1660 41 20 av
444 1650 189 30 drivmedel
670 1658 81 21 men
788 1648 116 30 finner
930 1648 57 29 det
1013 1646 226 40 nödvändigt,
1265 1649 50 27 att
1341 1645 276 40 anskaffningen

128 1706 157 29 bedrives
311 1706 10 28 i
347 1704 104 39 något
487 1704 257 39 långsammare
781 1702 77 30 takt
883 1703 45 29 än
954 1700 256 31 ämbetsverket
1237 1699 188 39 föreslagit.
1452 1699 165 40 Departe-

128 1758 242 30 mentschefen
407 1757 157 34 föreslår,
590 1759 50 28 att
678 1756 111 29 under
815 1757 102 28 nästa
941 1754 171 39 budgetår
1137 1753 190 30 drivmedel
1354 1752 184 31 anskaffas
1564 1751 53 30 till

128 1815 48 27 ett
199 1813 124 39 belopp
345 1821 42 21 av
411 1810 93 31 1000
519 1810 62 30 000
604 1810 131 29 kronor
758 1809 54 29 för
833 1807 269 40 ifrågavarande
1124 1807 238 39 lagerökning.
1385 1805 137 31 Medlen
1544 1805 73 34 bör,

129 1866 116 30 såsom
268 1864 333 41 flygförvaltningen
624 1862 191 38 föreslagit,
838 1861 140 30 anvisas
1001 1860 111 30 under
1135 1862 49 27 ett
1207 1859 142 31 särskilt
1370 1858 248 30 reservations-

129 1920 132 38 anslag,
287 1919 167 29 benämnt
479 1918 229 39 Flygvapnet:
737 1915 139 39 Ökning
901 1924 43 20 av
969 1913 402 38 drivmedelslagringen.

187 2025 175 30 Utskottet
399 2024 202 39 tillstyrker,
628 2025 50 28 att
716 2023 55 29 för
808 2022 131 38 ökning
966 2030 42 20 av
1034 2019 300 39 lagerhållningen
1360 2028 42 21 av
1428 2017 190 31 drivmedel

130 2080 140 29 anvisas
298 2080 48 28 ett
374 2078 142 30 särskilt
544 2076 357 37 reservationsanslag
928 2074 20 30 å
978 2073 93 30 1000
1086 2073 63 30 000
1177 2073 141 29 kronor.
1346 2072 71 29 Mot
1444 2072 174 38 anslagets

131 2132 212 39 benämning
366 2132 63 29 har
454 2131 169 29 utskottet
647 2130 76 29 icke
748 2129 118 29 funnit
890 2127 189 38 anledning
1104 2127 51 29 till
1181 2126 151 29 erinran.

186 2194 177 30 Utskottet
387 2192 211 33 hemställer,

452 2255 50 28 att
520 2253 187 38 riksdagen
726 2251 57 29 må
802 2251 50 29 till
871 2250 231 39 Flygvapnet:
1123 2249 139 39 Ökning
1279 2257 42 21 av
1339 2247 281 39 drivmedelslag-

398 2307 120 38 ringen
538 2306 54 28 för
611 2305 205 38 budgetåret
837 2304 137 30 1960/61
997 2302 121 30 anvisa
1137 2304 48 27 ett
1204 2301 355 38 reservationsanslag
1578 2309 42 20 av

401 2359 92 30 1000
509 2358 61 30 000
596 2359 141 28 kronor.

131 2461 105 23 7—298
249 2463 32 20 60
318 2462 120 33 Bihang
461 2460 46 28 till
529 2460 175 34 riksdagens
728 2458 147 36 protokoll
900 2458 87 27 1960.
1015 2457 16 26 6
1055 2457 87 27 saml.
1169 2457 48 27 Nr
1243 2457 16 26 4
