1912 2792
547 152 252 28 Statsutskottets
823 151 162 28 utlåtande
1007 159 40 19 nr
1069 151 16 27 4
1108 151 35 27 år
1167 151 76 27 1960
1602 152 35 29 11

214 234 315 31 Personalbehovet
558 234 54 29 för
641 233 42 29 de
712 242 69 29 nya
809 240 153 31 organen
992 241 101 21 anser
1121 231 59 40 jag
1209 231 11 29 i
1249 231 186 29 huvudsak
1463 231 86 29 böra
1577 230 66 29 till-

158 289 145 39 godoses
331 289 79 29 med
438 287 178 30 anlitande
644 296 42 20 av
713 286 183 39 befintliga
922 285 250 39 beställningar
1201 285 65 29 och
1294 285 160 38 tjänster.
1492 284 65 39 Jag
1585 293 59 20 an-

159 342 108 30 sluter
294 342 70 39 mig
392 342 10 28 i
429 341 187 30 huvudsak
645 340 51 30 till
725 339 251 39 utredningens
1002 338 236 39 beräkningar
1265 348 42 20 av
1334 337 310 40 personalbehovet

158 396 64 29 och
249 395 102 40 utgår
378 395 80 29 från
485 394 67 30 den
580 392 393 41 personaluppsättning
1002 402 75 20 som
1105 392 233 39 utredningen
1367 391 179 39 föreslagit
1578 391 66 39 (jfr

157 448 329 39 sammanställning
512 447 19 30 å
558 457 25 19 s.
609 447 74 33 58).
707 447 65 39 Jag
797 447 71 29 kan
894 446 101 30 alltså
1021 446 75 30 icke
1121 446 188 39 tillstyrka,
1336 447 50 28 att
1411 455 69 30 nya
1504 445 138 30 beställ-

158 503 125 40 ningar
304 504 65 29 och
391 504 150 38 tjänster
561 503 149 29 inrättas
731 502 11 29 i
763 501 119 30 vidare
904 501 82 30 mån
1009 502 44 28 än
1075 502 50 28 att
1146 510 43 20 en
1211 499 346 40 majorsbeställning
1578 499 67 29 till-

158 557 169 34 kommer,
355 557 129 29 avsedd
512 557 54 29 för
593 555 80 30 chef
699 555 54 30 för
780 554 313 40 bastjänstskolan.
1132 555 75 29 Den
1235 553 55 30 för
1317 553 163 30 tekniska
1506 552 140 40 inspek-

159 610 118 30 tionen
305 610 151 30 avsedda
482 609 359 40 inspektörstjänsten
868 608 11 29 i
905 608 82 29 Bo
967 602 20 51 4
1013 608 63 29 bör
1102 607 173 30 ombildas
1303 607 52 29 till
1383 606 181 40 inspektör
1591 606 55 30 för

158 663 222 40 bastjänsten
404 664 65 29 och
493 663 52 29 till
571 662 151 30 skillnad
747 661 80 30 från
853 661 202 30 nuvarande
1080 661 111 39 tjänst
1216 670 99 20 avses
1340 660 55 30 för
1419 660 122 30 enbart
1565 659 81 30 offi-

159 726 66 20 cer.
265 717 52 29 Då
343 716 59 40 jag
430 718 85 28 även
544 716 130 29 räknar
701 715 79 30 med
809 716 50 28 att
888 714 221 30 stabschefen
1136 714 58 30 vid
1222 713 424 40 bastjänstinspektionen

160 770 89 31 skall
271 780 84 20 vara
376 770 125 30 officer
522 788 44 2 —
588 769 290 39 överstelöjtnant
900 768 82 30 eller
1004 768 115 39 major
1141 786 42 3 —
1206 767 177 30 erfordras
1406 767 30 40 ej
1462 768 119 38 längre
1604 777 43 20 en

160 833 48 20 nu
233 824 132 29 vakant
392 823 210 39 beställning
629 823 54 29 för
711 822 230 40 flygdirektör
968 831 42 20 av
1039 822 27 29 1.
1094 822 140 39 graden.
1274 821 127 30 Vidare
1428 821 55 30 får
1509 821 138 39 indrag-

160 877 128 40 ningen
315 886 42 21 av
382 875 553 41 överstelöjtnantsbefattningen
960 875 58 30 vid
1046 875 406 39 materielinspektionen
1479 875 51 29 till
1558 874 89 40 följd

160 932 50 28 att
236 932 49 28 ett
311 930 237 30 förordnande
575 930 19 29 å
619 928 553 40 regementsofficersbeställning
1198 929 58 29 vid
1283 928 202 39 flygvapnet
1510 928 138 40 upphör

161 985 50 28 att
230 984 93 39 utgå.
354 983 103 40 Övrig
476 983 162 39 personal
658 982 57 30 vid
735 982 406 39 materielinspektionen
1160 982 63 29 bör
1242 982 205 39 disponeras
1468 982 55 29 för
1541 983 107 28 mate-

160 1037 403 30 rielkontrollsektionen
587 1038 91 28 samt
699 1036 177 39 personal-
899 1036 65 29 och
987 1035 402 39 utbildningssektionen
1412 1036 79 29 med
1514 1036 135 29 undan-

161 1092 57 37 tag
242 1100 42 20 av
307 1099 43 21 en
374 1099 203 25 amanuens,
603 1089 117 29 vilken
744 1089 62 29 bör
830 1089 205 39 överflyttas
1060 1089 51 29 till
1136 1088 217 40 flygstabens
1378 1088 271 40 flygsäkerhets-

162 1143 195 39 avdelning.
395 1143 65 39 Jag
487 1143 71 29 kan
585 1143 89 29 dock
701 1142 76 30 icke
805 1142 177 39 tillstyrka
1010 1144 50 28 att
1086 1142 268 39 ifrågavarande
1382 1142 111 40 tjänst
1520 1143 11 29 i
1560 1152 89 21 sam-

160 1196 94 30 band
270 1197 146 29 härmed
434 1196 138 39 utbytes
589 1197 73 28 mot
679 1195 110 40 tjänst
807 1195 55 30 för
879 1195 108 30 förste
1003 1195 313 39 byråsekreterare.
1335 1196 168 39 Slutligen
1520 1196 129 30 räknar

161 1250 59 39 jag
245 1250 80 29 med
351 1251 50 28 att
425 1251 49 28 ett
498 1249 135 30 biträde
659 1249 54 29 för
739 1248 110 30 skriv-
874 1249 65 29 och
964 1249 303 39 kontorsgöromål
1293 1250 57 29 vid
1376 1250 273 39 flygplanavdel-

162 1303 128 39 ningen
314 1303 177 29 överföres
515 1302 52 30 till
591 1302 509 30 materielkontrollsektionen.

217 1368 257 39 Utredningens
503 1367 130 39 förslag
661 1366 51 29 till
741 1365 198 39 fördelning
967 1374 41 20 av
1034 1363 287 38 befattningarna
1347 1361 56 30 vid
1433 1360 217 40 flygförvalt-

163 1421 128 40 ningen
311 1421 45 39 på
375 1421 94 29 olika
489 1418 361 41 personalkategorier
871 1427 101 20 anser
991 1417 59 39 jag
1070 1417 70 38 mig
1159 1416 11 29 i
1191 1415 187 30 huvudsak
1399 1415 84 29 böra
1502 1413 147 30 biträda.

162 1475 104 29 Detta
285 1474 107 40 gäller
410 1474 11 29 i
441 1474 100 38 fråga
560 1482 57 20 om
638 1472 93 30 såväl
752 1472 42 29 de
815 1471 146 29 ledande
980 1469 287 39 befattningarna
1287 1468 55 30 för
1361 1466 205 40 byråchefer
1586 1466 65 30 och

163 1528 105 38 högre
292 1536 75 21 som
391 1527 118 38 övriga
532 1525 248 39 befattningar.
815 1524 52 30 Då
890 1524 58 39 jag
973 1523 100 39 utgår
1096 1523 80 29 från
1200 1524 50 28 att
1273 1522 185 29 officerare
1483 1520 88 30 skall
1596 1529 55 20 av-

164 1590 53 20 ses
244 1580 55 30 för
323 1579 239 39 befattningar
587 1579 11 29 i
624 1579 67 29 den
718 1577 244 39 utsträckning
989 1576 232 39 utredningen
1248 1574 190 39 föreslagit,
1466 1583 101 21 anser
1592 1573 59 40 jag

163 1634 70 38 mig
257 1634 76 29 icke
357 1633 84 29 böra
464 1634 112 28 räkna
600 1632 78 29 med
704 1633 50 28 att
778 1631 89 29 flera
890 1630 146 30 ledande
1059 1629 238 38 befattningar
1322 1629 98 38 göres
1445 1627 206 30 alternativa

163 1687 132 39 jämväl
322 1686 55 30 för
402 1686 132 29 militär
560 1685 161 39 personal
749 1685 44 28 än
819 1685 41 28 de
888 1693 74 20 som
989 1683 178 39 upptagits
1194 1683 11 29 i
1232 1682 250 39 utredningens
1510 1680 141 40 förslag.

164 1740 78 30 Med
268 1740 189 39 anledning
483 1749 41 20 av
549 1739 93 29 vissa
668 1738 320 29 remissinstansers
1015 1736 204 30 uttalanden
1246 1736 44 39 på
1315 1736 115 29 denna
1455 1735 113 39 punkt
1592 1734 60 29 vill

164 1794 59 39 jag
252 1793 190 30 framhålla
470 1794 50 28 att
548 1793 95 28 detta
671 1791 75 29 icke
775 1791 146 29 innebär
951 1792 50 27 att
1030 1790 114 39 någon
1174 1799 41 20 av
1244 1788 267 39 ifrågavarande
1540 1787 113 30 chefs-

165 1847 150 39 tjänster
337 1846 76 29 icke
437 1846 112 29 skulle
573 1846 121 28 kunna
716 1845 154 29 besättas
894 1844 78 29 med
996 1843 131 29 militär
1149 1842 173 39 personal.
1357 1843 75 28 Den
1455 1841 199 39 föreslagna

165 1899 244 39 fördelningen
435 1908 42 20 av
501 1898 286 38 befattningarna
811 1897 129 29 mellan
965 1896 213 29 civilmilitär
1203 1896 66 29 och
1294 1895 78 29 civil
1399 1895 161 39 personal
1587 1894 67 29 fin-

166 1962 61 20 ner
246 1952 60 39 jag
326 1952 11 29 i
358 1954 87 27 stort
466 1953 65 28 sett
551 1951 153 38 lämplig.
735 1951 65 37 Jag
821 1959 101 20 anser
942 1950 86 28 även
1047 1949 202 29 välbetänkt
1270 1950 50 28 att
1340 1950 48 27 ett
1408 1948 138 29 relativt
1567 1949 86 28 stort

167 2006 95 29 antal
292 2005 150 39 tjänster
472 2006 10 27 i
513 2004 264 39 gränsområdet
808 2003 129 29 mellan
967 2003 102 29 dessa
1098 2002 196 38 kategorier
1325 2002 98 38 göres
1454 2001 200 30 alternativt

165 2058 364 30 civilmilitära/civila.
559 2057 126 30 Vidare
705 2057 161 29 förordar
883 2056 59 39 jag
961 2058 50 27 att
1029 2056 264 29 bestämmelser
1311 2055 177 29 meddelas
1507 2054 147 30 rörande

166 2112 216 30 tillsättande
410 2121 40 19 m.
474 2120 35 20 m.
533 2120 42 20 av
599 2110 206 30 alternativa
829 2110 148 38 tjänster
999 2109 11 29 i
1033 2109 151 38 enlighet
1208 2109 79 29 med
1313 2108 249 39 utredningens
1586 2107 69 30 för-

168 2165 72 39 slag
264 2165 65 29 och
354 2165 101 38 utgår
480 2164 86 29 även
591 2163 79 29 från
695 2172 42 20 en
762 2162 263 39 pensionsålder
1050 2172 40 19 av
1115 2162 40 29 65
1180 2162 38 29 år
1244 2162 54 29 för
1323 2161 213 29 civilmilitär
1559 2161 96 29 inne-

167 2218 127 29 havare
316 2227 42 20 av
379 2217 185 29 alternativ
584 2216 110 39 tjänst
715 2216 57 29 vid
795 2214 342 40 flygförvaltningen.
1171 2216 65 28 Det
1258 2214 85 30 fåtal
1364 2214 292 39 löneregleringar

169 2280 73 20 som
271 2270 197 38 föreslagits
496 2279 41 19 av
563 2268 231 37 utredningen
821 2268 10 29 i
859 2268 169 28 samband
1055 2268 78 29 med
1161 2267 239 38 avvägningen
1426 2268 70 28 kan
1522 2267 59 39 jag
1607 2267 49 29 bi-

170 2323 99 29 träda
295 2322 78 29 med
401 2323 57 28 det
486 2322 214 37 undantaget
727 2323 50 26 att
803 2320 59 39 jag
890 2320 146 29 föreslår
1063 2322 48 27 att
1138 2320 241 38 befattningen
1409 2329 73 20 som
1511 2320 145 29 militär-

169 2375 165 30 assistent
358 2374 56 29 vid
439 2373 364 38 elektroavdelningen
828 2373 61 29 bör
915 2382 97 20 avses
1038 2373 53 29 för
1116 2373 115 38 major
1255 2373 82 29 eller
1361 2374 140 38 kapten.

224 2431 102 30 Vissa
351 2432 132 28 smärre
509 2429 192 30 avvikelser
726 2428 78 29 från
832 2427 249 38 utredningens
1107 2426 130 38 förslag
1264 2436 102 19 anser
1390 2426 59 39 jag
1474 2426 70 39 mig
1569 2426 87 29 dock

170 2485 82 28 böra
276 2483 138 30 föreslå.
450 2483 154 29 Sålunda
628 2482 99 38 utgår
749 2481 59 39 jag
833 2480 77 29 från
934 2482 49 27 att
1008 2480 155 38 följande
1187 2479 251 38 beställningar
1460 2480 64 29 och
1548 2480 109 39 tjäns-
