1844 2780
253 152 40 30 18
598 152 297 36 Statsutskottets
911 155 185 34 utlåtande
1113 169 41 21 nr
1171 159 65 31 103
1253 158 38 33 år
1308 160 89 31 1957

252 230 64 33 och
347 231 64 33 bör
441 237 136 28 snarast
608 233 190 35 betecknas
830 247 74 21 som
935 236 157 42 lyckligt,
1125 237 106 34 bland
1264 244 111 28 annat
1405 240 80 33 med
1517 240 139 42 hänsyn
1688 243 52 32 till

251 275 364 44 lärarrekryteringen,
638 284 57 28 att
716 291 42 21 en
780 281 46 41 på
848 293 48 30 ny
918 282 93 41 plats
1034 282 136 43 förlagd
1194 284 205 35 akademisk
1422 286 253 44 undervisning
1695 290 47 40 på

251 322 100 34 detta
381 326 73 31 sätt
483 324 65 33 blir
576 326 141 41 gradvis
748 327 170 42 utbyggd.
949 328 92 34 Från
1072 329 115 34 denna
1217 331 270 42 utgångspunkt
1516 338 54 28 ter
1599 334 61 34 det
1691 336 50 40 sig

251 367 80 43 föga
357 369 131 43 rimligt
513 375 55 29 att
594 372 75 33 låta
694 372 182 43 hänsynen
903 374 51 33 till
982 375 160 42 speciella
1169 378 309 42 startsvårigheter
1504 383 92 39 väga
1623 381 118 34 alltför

251 419 116 38 tungt.
384 416 65 33 Att
466 417 152 34 tillmäta
635 419 133 33 sådana
785 426 185 35 argument
986 422 285 42 utslagsgivande
1289 424 180 42 betydelse
1487 429 38 31 är
1542 427 198 34 detsamma

250 472 75 22 som
349 467 57 28 att
429 465 82 40 säga
535 468 55 29 att
614 465 116 42 någon
755 466 204 35 akademisk
984 469 251 43 undervisning
1259 471 111 42 aldrig
1394 473 87 33 skall
1507 472 36 35 få
1566 473 173 43 förläggas

251 507 50 33 till
323 507 178 36 Norrland
520 530 45 4 —
587 516 111 28 annat
720 515 44 30 än
786 513 166 42 möjligen
974 515 46 41 på
1042 515 60 33 det
1125 528 40 21 ur
1187 517 230 35 ekonomiska
1438 519 66 33 och
1526 520 111 33 andra
1660 533 79 29 syn-

249 553 154 41 punkter
425 555 186 43 olämpliga
635 560 110 31 sättet
768 564 55 28 att
845 571 42 22 en
912 561 243 43 vetenskaplig
1177 563 353 43 utbildningsanstalt
1553 566 11 34 i
1588 567 69 33 alla
1659 580 80 33 av-

249 601 150 33 seenden
421 602 128 43 bygges
570 604 75 34 helt
666 604 114 44 färdig
799 607 47 41 på
867 619 44 21 en
932 611 101 39 gång.
1055 609 56 33 En
1134 610 98 42 dylik
1254 613 284 42 argumentering
1559 615 60 32 vill
1641 615 98 33 kom-

249 646 127 35 mittén
401 649 73 34 inte
499 650 164 43 godtaga.
688 652 121 43 Enligt
833 654 231 35 kommitténs
1090 657 92 34 åsikt
1207 658 64 33 bör
1296 659 67 33 den
1389 660 52 34 till
1466 660 178 35 Norrland
1671 662 67 34 för-

248 691 104 42 lagda
375 693 149 35 kliniska
549 696 245 43 utbildningen
818 698 91 34 helst
933 700 142 34 relativt
1101 707 97 28 snart
1222 703 154 34 omfatta
1400 705 107 33 också
1531 706 61 34 det
1615 719 124 29 prope-

248 736 163 35 deutiska
434 739 75 33 året
530 740 65 33 och
618 741 48 42 på
687 742 171 41 grundval
882 744 110 33 härav
1015 745 63 34 bör
1102 745 185 36 framdeles
1310 748 132 42 byggas
1466 761 42 21 en
1532 750 207 43 fullständig

251 781 194 35 medicinsk
465 783 168 43 högskola
653 785 11 33 i
682 786 188 35 Norrland.

291 835 146 34 Statens
456 836 143 36 institut
620 839 56 41 för
695 840 199 40 folkhälsan
915 843 156 33 ansluter
1092 843 52 43 sig
1165 845 51 33 till
1239 845 60 34 det
1322 858 45 21 av
1389 843 349 52 utredningsmajori-

247 883 98 29 teten
376 880 184 35 förordade
592 883 227 35 alternativet
853 886 212 43 »Befintliga
1095 889 196 34 lärosäten»
1325 903 81 21 men
1438 891 212 42 framhåller,
1683 899 53 28 att

246 922 85 34 flera
359 936 46 21 av
432 925 42 33 de
501 928 231 40 synpunkter,
759 941 74 22 som
863 931 431 43 utredningsreservanten
1321 934 189 43 Lundgren
1539 937 118 34 anfört
1686 939 51 33 till

247 966 138 35 förmån
406 968 54 34 för
479 972 241 40 upprättande
742 985 45 21 av
807 986 41 22 en
869 975 194 35 medicinsk
1084 978 208 34 läroanstalt
1313 979 10 33 i
1344 979 189 42 Norrland,
1555 994 103 29 synes
1681 984 56 33 väl

250 1013 218 34 motiverade
485 1015 64 33 och
566 1017 110 33 värda
694 1022 55 29 att
766 1018 158 35 beaktas.

290 1065 161 34 Svenska
478 1067 389 44 landstingsförbundet
895 1072 171 35 förklarar
1095 1074 51 43 sig
1174 1088 85 21 vara
1287 1079 189 40 övertygat
1504 1091 58 21 om
1592 1084 55 28 att
1676 1080 60 33 det

246 1108 169 36 framtida
437 1112 254 36 läkarbehovet
714 1115 74 34 icke
812 1117 71 33 kan
907 1118 123 34 täckas
1054 1131 126 30 genom
1206 1121 41 33 de
1272 1123 206 33 nuvarande
1503 1124 233 43 utbildnings-

246 1155 228 35 anstalterna.
503 1157 122 43 Enligt
656 1159 207 35 förbundets
893 1163 142 42 mening
1064 1163 173 37 erfordras
1267 1167 204 41 ytterligare
1501 1180 43 21 en
1576 1168 159 35 fullstän-

246 1197 58 43 dig
328 1199 193 35 medicinsk
546 1201 181 43 högskola.
754 1203 205 36 Förbundet
985 1219 101 21 anser
1112 1208 128 40 därför,
1268 1215 55 28 att
1350 1210 61 34 det
1437 1212 107 41 ligger
1570 1216 87 30 nära
1683 1215 52 33 till

245 1242 113 34 hands
381 1249 55 29 att
457 1257 46 21 nu
527 1250 83 38 taga
631 1246 112 35 första
764 1253 113 38 steget
898 1250 53 33 till
973 1252 199 41 skapandet
1193 1265 46 21 av
1261 1266 42 21 en
1325 1266 48 30 ny
1395 1255 179 42 högskola.
1597 1258 138 42 Frågan

245 1299 57 21 om
321 1288 68 33 den
408 1289 219 43 lämpligaste
646 1291 376 45 förläggningsplatsen
1041 1296 54 33 för
1114 1309 42 21 en
1176 1298 109 33 sådan
1306 1301 133 32 anstalt
1458 1301 64 33 bör
1540 1302 109 42 enligt
1668 1303 67 34 för-

249 1331 153 35 bundets
419 1334 140 43 mening
576 1335 48 33 bli
642 1335 146 35 föremål
805 1337 54 33 för
876 1350 42 21 en
937 1340 112 33 snabb
1067 1341 199 43 utredning.

288 1384 160 35 Svenska
464 1387 309 42 stadsförbundets
788 1389 389 45 sjukvårdsdelegation
1192 1394 113 34 finner
1321 1396 51 42 sig
1387 1397 184 35 nödsakad
1588 1399 145 43 tillstyr-

242 1428 45 34 ka
314 1430 61 34 det
403 1443 46 21 av
475 1433 432 43 utredningsmajoriteten
935 1436 185 36 förordade
1149 1440 228 35 alternativet
1407 1457 15 16 »
1427 1443 192 43 Befintliga
1646 1445 88 34 läro-

244 1476 133 32 säten».
397 1475 189 44 Samtidigt
604 1489 101 22 anser
723 1479 50 42 sig
790 1480 242 42 delegationen
1052 1483 85 33 böra
1155 1483 196 43 framhålla,
1370 1491 56 29 att
1443 1488 60 33 vid
1521 1494 54 28 ett
1593 1501 140 29 genom-

243 1517 145 35 förande
413 1532 45 21 av
480 1522 156 33 nämnda
660 1523 200 40 alternativ,
885 1525 445 44 utbildningskapaciteten
1356 1531 59 33 vid
1439 1532 185 43 befintliga
1646 1534 88 34 läro-

243 1566 100 30 säten
365 1565 113 33 måste
500 1578 99 21 anses
621 1567 47 33 ha
689 1568 107 42 tagits
818 1568 10 33 i
851 1571 152 41 anspråk
1025 1571 10 33 i
1058 1572 119 33 alltför
1198 1578 73 28 stor
1292 1574 217 44 omfattning
1530 1580 46 30 än
1598 1590 76 22 som
1696 1582 38 30 är

243 1607 321 36 tillfredsställande
595 1623 42 21 ur
667 1612 97 34 såväl
795 1613 262 44 utbildningens
1089 1628 74 22 som
1195 1617 232 42 sjukvårdens
1458 1621 156 36 intresse.
1646 1623 86 34 Med

241 1651 138 43 hänsyn
402 1653 117 34 härtill
542 1655 65 34 och
631 1656 52 33 till
708 1661 55 29 att
785 1657 60 34 det
868 1658 200 35 beräknade
1092 1662 135 33 antalet
1250 1663 352 44 utbildningsplatser
1624 1668 109 41 enligt

242 1696 259 43 delegationens
523 1699 233 44 uppfattning
777 1704 38 31 är
835 1702 54 34 för
909 1703 74 43 lågt
1005 1717 101 21 anser
1127 1706 242 42 delegationen
1393 1709 115 34 behov
1530 1723 45 21 av
1597 1709 136 50 ytterli-

241 1752 79 30 gare
343 1754 43 21 en
409 1743 352 44 utbildningsanstalt
784 1746 176 44 föreligga.
982 1749 52 33 På
1056 1751 113 40 grund
1192 1751 110 34 härav
1326 1753 65 34 och
1414 1755 80 33 med
1517 1755 140 43 hänsyn
1680 1758 52 33 till

243 1786 67 33 vad
330 1787 431 43 utredningsreservanten
779 1790 187 44 Lundgren
985 1793 118 34 anfört
1122 1795 113 34 finner
1253 1797 243 42 delegationen
1515 1800 60 34 det
1595 1803 137 39 angelä-

242 1835 57 36 get
324 1836 56 28 att
405 1833 169 32 anstalter
598 1833 160 43 vidtages
783 1835 53 33 för
860 1841 55 29 att
939 1836 91 35 förse
1053 1838 179 35 Norrland
1255 1841 82 33 med
1361 1854 43 21 en
1429 1843 194 35 medicinsk
1647 1845 83 43 hög-

245 1875 107 35 skola.

284 1928 160 35 Svenska
461 1931 310 44 läkaresällskapet
786 1933 96 34 delar
897 1936 250 43 utredningens
1164 1938 232 44 uppfattning
1412 1941 10 33 i
1440 1941 98 42 fråga
1555 1955 57 21 om
1629 1943 102 34 alter-

239 1972 138 35 nativet
402 1974 231 36 »Norrland».
658 1977 78 33 Vad
760 1978 170 34 beträffar
954 1981 227 34 alternativet
1207 1983 212 43 »Befintliga
1442 1987 197 34 lärosäten»
1665 1988 65 34 fin-

239 2028 60 21 ner
322 2018 312 43 läkaresällskapet
658 2021 61 34 det
744 2034 45 21 av
813 2024 232 42 utredningen
1071 2026 199 35 beräknade
1296 2030 136 34 antalet
1456 2032 275 41 propedeutiska

239 2061 64 34 och
333 2062 152 35 kliniska
513 2064 351 44 utbildningsplatser
893 2069 236 43 otillräckligt,
1160 2071 45 34 då
1235 2073 232 43 utredningen
1499 2076 72 34 dels
1601 2078 129 33 räknat

238 2106 79 33 med
339 2106 55 34 för
413 2108 69 42 hög
503 2110 302 42 avgångsprocent
827 2113 110 33 under
959 2115 181 33 studierna
1161 2115 90 35 fram
1273 2117 52 34 till
1348 2119 171 34 medicine
1541 2121 188 35 kandidat

238 2162 145 23 examen
408 2153 72 33 dels
504 2153 74 34 icke
603 2155 129 33 räknat
756 2157 79 33 med
861 2160 258 40 reservplatser.
1144 2161 127 34 Vidare
1298 2163 134 33 vänder
1456 2164 51 42 sig
1530 2165 199 35 läkaresäll-

239 2194 124 42 skapet
387 2202 96 28 emot
506 2203 55 29 att
584 2199 229 35 alternativet
837 2201 211 44 »Befintliga
1071 2204 196 34 lärosäten»
1293 2207 207 43 omöjliggör
1523 2214 54 29 ett
1601 2210 128 34 fullföl-

237 2239 105 41 Jande
368 2253 46 21 av
439 2242 179 34 studierna
643 2244 60 33 vid
729 2257 134 22 samma
888 2247 150 34 lärosäte
1063 2248 53 33 för
1141 2254 53 29 ett
1219 2252 109 32 30-tal
1355 2253 213 34 studerande
1593 2267 62 29 per
1680 2256 48 39 år,

241 2284 93 33 vilka
355 2286 104 33 alltså
476 2288 112 32 måste
607 2288 166 34 hänvisas
792 2290 51 33 till
864 2297 111 28 annat
992 2293 162 34 lärosäte.
1174 2294 328 45 Läkaresällskapet
1522 2311 102 21 anser
1642 2300 84 33 såle-

241 2328 70 40 des,
328 2334 56 29 att
398 2332 249 42 utredningens
664 2334 224 34 betänkande
904 2335 75 34 icke
995 2337 70 33 kan
1082 2343 87 28 utan
1185 2340 203 42 ytterligare
1405 2343 188 42 utredning
1609 2345 118 41 läggas

240 2373 50 33 till
313 2375 114 40 grund
450 2375 53 34 för
525 2377 66 33 den
616 2379 155 33 avsedda
793 2380 217 43 utökningen
1033 2394 45 21 av
1101 2383 67 33 den
1191 2386 273 40 propedeutiska
1487 2388 65 33 och
1576 2389 151 34 kliniska

240 2419 256 43 utbildningen.

283 2472 160 43 Sveriges
466 2474 253 43 läkarförbund
742 2479 183 41 avstyrker
949 2480 225 35 alternativet
1202 2482 232 36 »Norrland».
