1890 2776
246 161 37 29 14
639 162 124 39 Tredje
790 162 247 39 lagutskottets
1064 164 180 30 utlåtande
1269 173 44 20 nr
1338 164 28 31 7.

913 271 177 35 Lagrådet.

245 352 228 40 Beträffande
498 354 15 28 1
538 353 22 36 $
582 355 11 29 i
614 354 169 40 förslaget
807 355 53 30 till
882 356 55 38 lag
958 365 55 21 om
1037 355 282 40 sammanföring
1340 366 43 20 av
1405 357 168 39 samfälld
1596 357 170 38 vågmark

291 405 80 29 med
390 405 247 38 angränsande
657 405 169 39 fastighet
845 415 46 21 m.
911 415 62 20 m.:

293 456 167 30 >Jämlikt
488 456 15 29 1
535 455 16 37 8
580 457 111 30 andra
717 457 137 39 stycket
881 458 89 29 skall
994 458 68 30 vad
1088 458 11 29 i
1125 458 102 39 lagen
1253 459 140 38 stadgas
1421 467 57 21 om
1504 459 171 38 vägmark
1700 460 64 38 äga

245 507 247 29 motsvarande
515 506 228 41 tillämpning
764 507 46 40 på
834 508 103 29 mark
959 508 131 30 avsedd
1114 508 54 29 till
1192 508 228 40 avloppsdike
1445 509 168 29 ävensom
1635 509 45 39 på
1704 518 60 20 na-

245 556 123 40 turligt
385 557 219 40 vattendrag.
624 575 43 3 -—
684 575 44 3 —
744 575 45 3 —
808 558 79 30 Med
906 558 270 39 ifrågavarande
1196 559 192 39 stadgande
1408 560 99 29 torde
1527 559 135 39 åsyftas
1681 560 83 29 alle-

247 609 80 28 nast
355 608 137 30 mindre
522 609 218 39 vattendrag.
771 609 123 29 Denna
924 609 237 40 begränsning
1190 609 64 31 har
1284 610 195 29 emellertid
1507 610 77 30 icke
1615 610 148 29 kommit

247 658 52 30 till
324 659 143 39 uttryck
490 659 11 29 i
525 659 177 39 lagtexten
726 660 66 29 och
817 659 105 40 följer
947 659 31 40 ej
1005 659 109 31 heller
1140 669 42 21 av
1207 660 57 30 det
1287 660 12 29 i
1324 659 18 30 3
1370 658 15 37 8
1411 660 154 39 angivna
1589 659 173 34 villkoret,

248 709 51 27 att
324 708 143 29 område
492 708 57 29 för
575 710 51 28 att
652 708 122 30 kunna
799 709 261 29 sammanföras
1087 709 80 29 med
1193 709 167 39 fastighet
1386 709 91 30 skall
1502 719 83 20 vara
1613 710 151 39 onyttigt

247 758 55 31 för
332 760 199 39 delägarna.
563 759 45 31 Så
638 769 76 21 som
743 761 96 29 detta
869 760 127 30 villkor
1025 761 165 30 närmare
1219 761 190 30 utformats
1440 761 195 31 innefattar
1665 762 57 29 det
1752 761 9 29 i

246 809 129 40 många
402 810 63 30 fall
493 810 78 29 icke
600 810 125 30 hinder
753 812 74 28 mot
855 811 119 39 lagens
1002 810 227 41 tillämpning
1257 811 20 30 å
1304 812 218 39 vattendrag,
1552 812 211 39 exempelvis

247 861 125 33 forsar,
400 860 79 30 med
507 861 89 29 stort
623 860 225 31 ekonomiskt
873 861 115 30 värde.
1017 860 60 30 Att
1103 861 11 30 i
1141 861 120 39 dylika
1288 861 62 31 fall
1378 862 282 40 sammanföring
1687 862 77 29 icke

244 909 63 31 bör
332 910 122 31 kunna
478 911 62 30 ske
566 919 104 30 synes
695 911 208 39 uppenbart.
930 910 77 31 Med
1031 911 141 40 hänsyn
1195 911 120 30 härtill
1339 912 100 30 torde
1464 913 58 29 det
1544 922 84 21 vara
1654 913 109 29 erfor-

248 959 135 39 derligt,
405 960 50 29 att
478 959 11 29 i
511 959 232 30 förevarande
765 960 193 39 stadgande
979 960 179 39 uttrycket
1180 960 179 40 ”naturligt
1379 961 216 39 vattendrag”
1617 962 148 29 ersättes

245 1019 42 21 av
312 1012 48 28 ett
385 1011 144 39 uttryck
552 1012 82 29 med
658 1020 98 22 mera
778 1011 196 40 begränsad
999 1012 181 36 räckvidd,
1206 1012 205 40 förslagsvis
1437 1012 101 31 ”bäck
1563 1013 66 30 och
1654 1014 107 29 annat

246 1061 113 38 dylikt
378 1061 137 30 mindre
534 1061 250 40 vattendrag”.»>

245 1152 228 40 Beträffande
493 1153 20 30 4
532 1152 22 37 $
572 1152 170 40 förslaget
762 1154 53 30 till
833 1163 136 21 samma
990 1155 72 38 lag:

292 1203 263 40 >Lagförslaget
576 1203 148 31 innebär
744 1204 108 31 bland
873 1206 120 33 annat,
1017 1206 51 29 att
1091 1205 45 30 då
1157 1205 114 30 beslut
1294 1214 56 21 om
1374 1205 283 41 sammanföring
1680 1206 82 29 eller

247 1251 137 31 inlösen
401 1253 127 29 vunnit
549 1253 79 39 laga
645 1253 107 34 kraft,
772 1254 68 29 den
858 1254 180 39 vägmark,
1059 1263 76 20 som
1155 1263 98 21 avses
1273 1254 11 29 i
1302 1254 161 34 beslutet,
1484 1255 92 29 skall
1594 1255 59 29 vid
1674 1264 91 20 sam-

246 1302 203 40 manföring
469 1303 83 40 ingå
572 1303 12 29 i
605 1304 68 29 den
695 1304 83 30 eller
799 1304 42 30 de
863 1304 217 39 fastigheter,
1103 1305 79 29 med
1203 1305 95 30 vilka
1321 1305 67 30 den
1410 1305 266 35 sammanförts,
1698 1306 66 29 och

247 1353 57 29 vid
323 1353 137 30 inlösen
478 1363 104 20 anses
602 1354 116 30 såsom
735 1355 193 39 avstyckad
950 1354 177 39 fastighet.
1145 1355 14 29 I
1177 1355 90 30 båda
1284 1356 109 29 fallen
1411 1356 92 29 skall
1520 1356 149 30 marken
1686 1356 79 30 där-

246 1403 89 30 efter
356 1413 83 21 vara
461 1404 46 29 fri
528 1404 83 30 från
633 1405 46 29 all
700 1406 80 35 rätt,
805 1414 76 20 som
903 1405 124 29 dittills
1048 1405 163 31 besvärat
1232 1406 216 34 densamma,
1472 1407 66 29 och
1560 1406 111 30 sådan
1693 1407 70 29 rätt

245 1453 91 30 skall
356 1454 157 30 orubbad
534 1455 92 38 gälla
647 1455 11 29 i
678 1455 201 30 återstoden
900 1465 42 20 av
960 1455 171 30 besvärad
1152 1456 180 39 egendom.
1354 1457 157 29 Belastas
1533 1457 41 29 de
1595 1457 168 39 fastighe-

244 1506 62 32 ter,
330 1504 53 30 till
405 1505 94 29 vilka
524 1505 217 39 vägmarken
762 1506 97 31 förut
882 1506 119 34 hörde,
1025 1515 43 21 av
1092 1507 158 36 servitut,
1273 1507 114 30 skulle
1410 1507 103 30 alltså
1536 1508 96 29 detta
1655 1508 107 39 enligt

247 1555 156 30 nämnda
427 1555 92 39 regel
545 1555 145 31 komma
717 1558 51 28 att
794 1556 161 40 upphöra
979 1556 225 31 beträffande
1230 1558 224 38 vägmarken,
1482 1558 39 30 så
1548 1560 99 28 snart
1673 1568 91 20 sam-

247 1605 203 39 manföring
472 1606 85 30 eller
581 1606 137 30 inlösen
741 1606 223 31 fullbordats.
989 1607 72 29 Mot
1085 1617 44 20 en
1153 1608 110 29 sådan
1288 1608 150 39 ordning
1462 1609 39 29 är
1524 1608 89 30 intet
1637 1610 51 28 att
1712 1609 53 29 in-

245 1655 125 36 vända,
395 1656 104 30 såvitt
523 1656 183 30 servitutet
731 1657 110 30 redan
866 1657 147 40 tidigare
1037 1667 62 20 var
1121 1658 151 39 onyttigt
1299 1659 84 29 eller
1405 1659 58 29 det
1488 1659 102 38 eljest
1614 1660 39 29 är
1676 1660 86 29 utan

245 1705 151 40 egentlig
415 1706 179 39 betydelse
614 1707 56 30 för
691 1707 332 34 servitutshavaren,
1046 1709 48 29 att
1116 1709 144 29 marken
1281 1708 215 38 undantages
1517 1708 80 30 från
1619 1709 145 31 servitu-

245 1757 66 28 tets
335 1756 178 38 utövning,
537 1766 82 20 men
642 1757 274 38 betänkligheter
940 1758 94 30 möta
1057 1761 73 27 mot
1154 1760 48 28 att
1226 1758 110 31 tillåta
1362 1760 46 29 ett
1434 1759 123 30 sådant
1581 1759 145 38 ingrepp
1751 1760 12 29 i

246 1806 343 31 servitutshavarens
607 1809 80 33 rätt,
706 1808 118 30 därest
841 1808 142 40 förfång
1003 1809 205 39 därigenom
1225 1810 212 39 tillskyndas
1456 1810 131 30 honom
1607 1811 66 30 och
1692 1811 71 30 han

245 1856 30 39 ej
299 1857 200 39 samtycker
518 1857 55 30 till
594 1858 179 39 åtgärden.
794 1858 104 31 Detta
918 1859 71 30 kan
1011 1859 152 30 framför
1183 1860 62 30 allt
1265 1860 150 30 inträffa
1435 1860 10 30 i
1467 1861 134 30 sådana
1622 1862 73 33 fall,
1717 1862 45 30 då

245 1907 201 30 servitutets
465 1907 228 40 begagnande
713 1909 39 29 är
771 1909 204 30 lokaliserat
993 1909 76 39 just
1088 1910 55 30 till
1163 1911 67 29 den
1249 1911 270 39 ifrågavarande
1539 1912 149 30 marken
1709 1912 53 30 så-

245 1966 75 20 som
347 1957 56 30 vid
429 1958 158 34 servitut,
613 1958 239 31 innebärande
875 1960 71 29 rätt
972 1961 51 28 att
1046 1961 163 29 använda
1234 1962 148 29 marken
1405 1962 53 29 till
1482 1962 200 40 utfartsväg
1706 1963 55 30 för

244 2006 72 30 viss
333 2007 163 38 fastighet
512 2008 85 30 eller
614 2010 48 28 att
678 2008 94 31 hålla
790 2018 43 21 en
849 2009 109 30 kraft-
975 2010 82 29 eller
1075 2011 288 38 avloppsledning
1378 2011 45 37 på
1440 2012 156 30 området
1614 2013 83 30 eller
1714 2015 49 28 att

244 2057 62 29 där
325 2057 117 31 hämta
461 2060 129 28 vatten.
608 2059 159 30 Nämnda
786 2059 220 31 förhållande
1024 2059 64 31 har
1108 2061 107 30 också
1232 2061 157 31 beaktats
1411 2062 110 30 under
1541 2062 221 31 förarbetena

243 2108 52 30 till
320 2108 177 39 förslaget.
523 2109 608 41 Fastighetsbildningssakkunniga
1155 2112 46 30 ha
1227 2112 149 30 sålunda
1401 2112 207 35 framhållit,
1635 2115 51 29 att
1711 2115 49 28 ett

245 2158 113 40 dylikt
383 2159 225 30 förhållande
631 2160 111 30 måste
765 2160 181 30 betraktas
970 2161 118 30 såsom
1112 2163 48 29 ett
1184 2163 143 38 uttryck
1349 2163 56 29 för
1429 2165 51 28 att
1505 2164 112 30 behov
1641 2174 43 20 av
1707 2172 55 32 ge-

245 2218 159 20 mensam
430 2210 229 39 användning
684 2220 42 20 av
751 2211 149 30 marken
926 2211 118 30 kunde
1070 2212 169 40 föreligga
1265 2213 64 29 och
1355 2214 162 30 medföra
1542 2216 51 28 att
1619 2215 142 30 förrätt-

243 2259 260 39 ningsmannen
526 2261 135 38 ägnade
682 2261 116 30 denna
820 2261 101 39 fråga
943 2262 153 30 särskild
1117 2263 326 40 uppmärksamhet.
1470 2265 199 39 Förslagets
1690 2275 71 20 me-

244 2310 85 39 ning
348 2310 56 30 får
422 2310 122 30 därför
563 2312 146 38 antagas
728 2321 94 25 vara,
844 2314 51 28 att
915 2313 282 39 sammanföring
1214 2314 77 29 icke
1310 2314 62 30 bör
1391 2315 143 35 tillåtas,
1554 2316 118 30 därest
1692 2325 70 20 ser-

243 2360 258 31 vitutshavares
521 2362 72 29 rätt
615 2361 31 39 ej
668 2362 70 29 kan
758 2362 45 39 på
822 2364 110 28 annat
951 2363 70 29 sätt
1040 2363 251 40 tillvaratagas,
1313 2366 210 39 exempelvis
1545 2374 125 31 genom
1690 2367 71 29 för-

244 2410 169 40 flyttning
439 2421 43 20 av
508 2412 184 30 servitutet
722 2412 84 30 eller
832 2412 204 40 därigenom
1064 2415 51 28 att
1144 2415 128 38 ägaren
1298 2415 54 29 till
1379 2416 67 29 den
1474 2416 178 40 fastighet,
1680 2417 79 30 med

244 2460 117 31 vilken
389 2462 148 29 marken
566 2462 270 36 sammanföres,
865 2463 134 30 ikläder
1028 2463 52 40 sig
1109 2474 128 21 ansvar
1264 2465 56 30 för
1348 2466 183 31 servitutet
1558 2467 45 40 på
1633 2467 127 31 sådant
