1898 2822
570 169 250 27 Statsutskottets
843 169 158 27 utlåtande
1024 169 42 26 Nr
1091 169 44 26 74.
1583 169 16 28 7

151 250 12 29 I
191 249 53 31 sin
268 250 256 38 framställning
550 259 57 20 om
632 250 121 38 anslag
779 249 50 30 till
855 249 201 30 karolinska
1081 249 182 38 sjukhuset
1288 248 55 31 för
1368 248 234 30 innevarande

106 293 169 40 budgetår
300 294 130 30 äskade
455 294 215 30 direktionen
696 294 51 29 till
773 294 204 30 avslutande
1002 303 42 21 av
1070 293 309 30 radiumhemmets
1405 293 197 38 utrustning

106 341 47 28 ett
175 339 265 39 anslagsbelopp
465 347 42 21 av
531 339 60 29 201
608 339 63 29 000
694 339 139 29 kronor.
869 338 223 30 Direktionen
1117 337 200 31 förklarade
1340 337 51 39 sig
1413 337 76 30 icke
1512 337 91 29 hava

106 384 95 29 ännu
220 383 207 30 medhunnit
446 382 115 40 någon
581 383 203 39 fullständig
804 383 191 38 beräkning
1015 392 42 21 av
1075 382 452 38 utrustningskostnaderna
1547 381 55 30 för

106 427 41 30 de
170 427 119 39 övriga
313 428 109 30 under
445 427 163 39 byggnad
631 428 152 30 varande
807 427 204 36 klinikerna,
1036 427 93 30 vilka
1153 427 172 30 beräknas
1349 426 92 31 bliva
1466 426 136 39 färdiga

106 475 50 27 att
176 475 98 36 tagas
296 472 10 30 i
326 473 89 29 bruk
435 473 112 29 under
567 471 38 31 år
628 473 94 35 1939,
745 472 64 30 och
831 472 90 30 hade
938 472 220 39 följaktligen
1179 471 31 39 ej
1232 472 135 29 kunnat
1388 471 107 30 träffa
1516 480 84 30 upp-

106 517 149 38 görelser
275 518 79 29 med
375 517 219 30 Stockholms
616 517 75 30 stad
713 518 65 29 och
800 517 219 30 Stockholms
1039 517 75 29 läns
1134 516 177 39 landsting
1331 526 57 20 om
1409 516 121 39 bidrag
1552 516 51 30 till

106 561 451 39 utrustningskostnaderna
579 561 55 31 för
655 562 42 29 de
718 561 224 39 vårdplatser,
965 571 74 20 som
1061 561 121 30 staden
1203 561 65 30 och
1291 562 93 29 länet
1405 561 105 38 enligt
1533 560 68 39 gäl-

106 605 104 31 lande
239 607 92 29 avtal
361 606 111 30 skulle
504 606 193 39 disponera.
741 606 217 30 Verkställda
987 605 223 40 preliminära
1241 606 158 38 kalkyler
1430 604 84 40 gåve
1544 605 58 30 vid

104 650 151 36 handen,
276 654 49 27 att
344 651 453 38 utrustningskostnaderna
817 650 54 31 för
891 651 99 29 dessa
1011 651 94 29 delar
1125 660 42 20 av
1189 650 180 38 sjukhuset
1390 650 75 30 icke
1485 650 117 29 kunde

106 694 179 31 förväntas
303 695 198 39 understiga
518 697 19 28 4
552 696 63 29 500
629 696 64 29 000
710 696 138 29 kronor.
880 696 66 29 För
962 694 204 40 budgetåret
1186 689 140 41 1937/38
1344 695 129 30 äskade
1490 694 111 30 direk-

105 739 117 30 tionen
250 743 46 26 ett
321 739 120 38 anslag
469 749 42 20 av
539 740 96 29 2500
649 740 64 29 000
740 740 138 35 kronor,
906 739 74 31 däri
1007 740 162 29 inräknat
1195 739 131 38 jämväl
1352 738 250 31 förutnämnda

105 783 125 40 belopp
253 783 21 31 å
296 785 60 29 201
373 785 64 29 000
461 785 129 29 kronor
611 784 51 30 till
684 784 204 30 avslutande
910 794 43 20 av
975 784 308 30 radiumhemmets
1306 783 207 39 utrustning.

150 828 13 29 I
189 828 57 31 sitt
274 828 5 30 i
302 829 140 30 ärendet
466 829 146 38 avgivna
636 828 179 31 utlåtande
838 828 157 31 erinrade
1019 829 256 35 statskontoret,
1299 831 50 27 att
1372 827 228 40 utrustnings-

105 873 235 30 kostnaderna
360 873 54 31 för
435 873 200 30 karolinska
657 873 180 38 sjukhuset
855 891 45 3 —
919 872 145 31 frånsett
1083 873 292 30 radiumhemmet
1393 891 44 3 —
1457 872 38 30 år
1518 873 83 29 1930

104 917 187 30 beräknats
311 918 50 30 till
381 919 18 28 2
414 918 64 29 900
492 919 65 29 000
576 919 138 29 kronor.

150 962 65 30 Vid
234 963 164 29 anmälan
417 972 42 20 av
478 962 123 39 frågan
619 963 10 29 i
647 962 259 39 propositionen
925 972 41 20 nr
985 957 161 41 272/1937
1167 961 146 31 anförde
1333 961 267 39 departements-

106 1006 123 30 chefen
249 1007 106 29 bland
375 1010 109 26 annat
503 1006 167 39 följande:

151 1047 95 35 Även
272 1060 56 21 om
356 1062 41 20 en
424 1052 54 29 del
504 1061 42 20 av
573 1052 65 30 den
665 1051 10 30 i
702 1051 198 38 jämförelse
926 1052 79 29 med
1036 1051 82 30 1930
1145 1050 55 31 års
1228 1050 157 39 kalkyler
1407 1050 196 39 betydande

107 1096 175 39 ökningen
308 1107 41 19 av
377 1097 41 29 de
445 1097 198 29 beräknade
670 1096 232 30 kostnaderna
928 1096 54 30 för
1010 1095 196 39 utrustning
1232 1105 42 20 av
1303 1096 108 30 andra
1439 1095 94 30 delar
1560 1104 42 20 av

108 1141 201 30 karolinska
337 1141 182 39 sjukhuset
545 1142 44 29 än
616 1140 291 31 radiumhemmet
936 1141 96 30 torde
1061 1141 119 29 kunna
1209 1139 184 31 tillskrivas
1424 1141 41 30 de
1493 1140 110 30 under

107 1195 120 21 senare
251 1185 39 31 år
312 1185 161 31 inträdda
497 1186 153 30 ändrade
674 1184 348 40 prisförhållandena,
1048 1186 116 29 kunde
1188 1184 379 39 departementschefen
1592 1183 11 30 i

106 1230 109 31 likhet
237 1231 79 30 med
334 1231 243 30 statskontoret
599 1231 30 38 ej
649 1230 117 39 undgå
787 1233 47 27 att
855 1230 97 30 finna
974 1229 343 39 kostnadsökningen
1337 1227 263 40 anmärknings-

107 1277 75 29 värt
207 1279 79 27 stor.
324 1276 78 29 Han
426 1275 189 35 förutsatte,
643 1278 47 27 att
715 1274 215 31 direktionen
953 1275 67 30 läte
1042 1274 48 39 sig
1115 1275 179 37 angeläget
1317 1283 82 21 vara
1424 1277 48 27 att
1495 1274 107 38 pröva

108 1321 67 29 alla
203 1319 216 40 möjligheter
447 1320 50 30 till
523 1323 45 27 ett
594 1319 243 39 förbilligande
863 1329 41 21 av
932 1320 154 30 nämnda
1113 1320 186 29 kostnader
1325 1321 85 28 utan
1436 1322 49 27 att
1513 1319 88 29 dock

108 1365 177 31 eftersätta
312 1366 41 29 de
384 1365 196 38 fordringar
608 1364 44 40 på
681 1363 250 40 utrustningen,
962 1374 74 20 som
1064 1363 110 31 måste
1201 1363 116 31 ställas
1347 1363 56 30 vid
1431 1366 47 28 ett
1508 1362 93 39 sjuk-

107 1410 66 30 hus
198 1420 42 20 av
265 1409 199 31 karolinska
490 1410 197 38 sjukhusets
713 1408 149 31 kvalitet.
898 1409 79 30 Han
1001 1408 106 39 ansåg
1132 1408 49 39 sig
1206 1409 85 29 böra
1314 1407 137 36 föreslå,
1476 1410 48 28 att
1547 1408 57 30 det

107 1464 42 20 av
175 1454 215 31 direktionen
417 1454 54 30 för
498 1456 97 28 nästa
621 1453 167 38 budgetår
815 1455 127 28 äskade
965 1452 379 39 utrustningsanslaget,
1372 1452 230 38 sammanlagt

106 1500 19 29 2
140 1499 65 30 500
218 1499 64 29 000
308 1500 138 33 kronor,
472 1498 10 29 i
509 1498 52 30 sin
586 1498 117 30 helhet
727 1498 192 35 anvisades,
946 1507 79 20 men
1051 1497 141 39 utginge
1216 1497 124 30 härvid
1365 1496 79 30 från
1471 1499 49 27 att
1545 1497 57 29 det

108 1544 130 38 anslag,
258 1552 74 21 som
353 1544 106 29 borde
480 1543 54 30 för
556 1542 197 31 ändamålet
773 1542 135 31 anvisas
928 1542 55 30 för
1001 1541 199 39 budgetåret
1225 1538 147 41 1938/39,
1394 1542 30 37 ej
1446 1540 155 31 behövde

109 1588 46 30 bli
178 1588 38 30 så
238 1591 84 27 stort
344 1597 73 21 som
441 1587 215 30 direktionen
680 1590 114 35 syntes
815 1588 90 29 hava
927 1587 98 30 tänkt
1046 1586 59 38 sig.

152 1633 13 29 I
190 1632 162 31 skrivelse
375 1642 42 20 nr
436 1627 162 41 465/1937
624 1631 199 39 ifrågasatte
846 1631 193 38 riksdagen,
1064 1630 172 31 huruvida
1260 1628 342 39 kostnadsökningen

108 1677 9 30 i
148 1677 53 30 sin
228 1677 115 30 helhet
372 1686 81 21 vore
482 1680 48 27 att
558 1677 148 30 hänföra
735 1676 51 30 till
817 1676 260 39 prisstegringar
1104 1676 65 30 och
1198 1675 222 30 oförutsedda
1449 1676 150 29 omstän-

106 1721 155 39 digheter
289 1722 9 29 i
325 1721 121 39 övrigt,
474 1724 89 27 samt
589 1721 208 30 underströk
824 1720 396 40 departementschefens
1249 1720 178 30 uttalande
1454 1719 148 31 rörande

108 1766 303 38 nödvändigheten
431 1770 48 26 att
499 1767 106 38 pröva
625 1766 67 30 alla
709 1765 217 39 möjligheter
946 1764 51 31 till
1016 1764 242 39 förbilligande
1278 1774 41 21 av
1338 1765 154 30 nämnda
1511 1764 90 30 kost-

109 1811 118 30 nader.
269 1811 196 38 Riksdagen
503 1811 89 30 hade
631 1811 88 29 dock
749 1810 74 30 icke
852 1811 89 29 velat
967 1811 161 29 motsätta
1159 1809 59 38 sig,
1249 1812 48 28 att
1326 1810 54 29 det
1408 1818 42 21 av
1479 1808 122 39 Kungl.

110 1855 100 39 Maj:t
237 1855 54 30 för
319 1855 201 39 budgetåret
548 1851 139 40 1937/38
712 1855 149 38 begärda
889 1855 152 37 anslaget
1068 1854 19 30 å
1114 1854 96 29 2500
1225 1854 63 29 000
1316 1854 129 29 kronor
1470 1851 132 31 anvisa-

109 1901 59 29 des
192 1900 54 30 för
271 1900 205 30 ändamålet.

155 1980 373 39 Sjukhusdirektionen
561 1981 64 29 har
659 1989 144 21 numera
839 1979 73 30 låtit
943 1981 161 37 upprätta
1138 1979 203 39 fullständig
1374 1978 227 40 utrustnings-

110 2033 92 39 plan,
231 2034 157 29 slutande
414 2033 19 30 å
458 2036 46 27 ett
530 2033 209 39 totalbelopp
768 2043 41 20 av
837 2034 16 28 5
870 2034 60 29 957
947 2033 63 29 000
1038 2034 137 34 kronor,
1206 2041 104 21 varav
1337 2036 44 26 ett
1410 2033 123 38 belopp
1562 2043 41 19 av

114 2088 93 29 1489
222 2088 63 29 250
312 2088 127 28 kronor
466 2087 183 30 beräknats
676 2087 122 38 belöpa
826 2086 43 39 på
895 2085 244 40 undervisning
1166 2087 65 29 och
1258 2085 189 39 forskning.
1488 2087 114 29 Stock-

107 2139 114 30 holms
245 2140 75 29 stad
342 2139 64 29 har
427 2139 186 29 beräknats
637 2139 96 29 skola
758 2139 106 29 härav
887 2139 136 37 erlägga
1050 2138 94 29 1593
1161 2139 61 28 150
1245 2139 129 28 kronor
1396 2138 64 29 och
1485 2138 117 29 Stock-

111 2193 113 30 holms
266 2194 73 29 läns
365 2193 174 37 landsting
566 2194 62 28 586
643 2194 63 27 950
735 2194 136 28 kronor.
914 2193 132 29 Statens
1075 2192 120 38 bidrag
1225 2193 109 30 skulle
1362 2193 98 29 alltså
1489 2192 115 39 uppgå

112 2245 48 30 till.
208 2248 97 27 3776
329 2248 54 27 900
431 2247 136 28 kronor.
629 2246 49 29 Då
704 2247 107 29 härav
860 2247 53 28 för
960 2245 232 30 innevarande
1241 2245 166 38 budgetår
1453 2246 150 30 anvisats

116 2298 110 37 (2500
240 2300 63 28 000
329 2317 24 2 —
373 2299 61 29 201
461 2299 54 29 000
540 2298 40 38 =)
629 2300 174 28 2299000
845 2300 137 33 kronor,
1024 2297 172 39 uppginge
1236 2299 283 36 anslagsbehovet
1552 2299 52 28 för

110 2351 98 28 nästa
227 2350 167 37 budgetår
413 2351 49 28 till
486 2352 8 27 1
516 2351 60 28 477
592 2351 64 28 900
676 2351 137 28 kronor.

155 2438 251 29 Statskontoret
434 2439 62 28 har
554 2457 11 2 —
591 2439 108 28 under
726 2439 136 28 erinran
889 2448 56 19 om
975 2439 40 28 de
1045 2438 140 37 lidigare
1213 2439 138 29 utförda
1380 2439 222 29 kostnadsbe-

111 2491 234 37 räkningarna
365 2491 63 29 och
449 2502 55 18 om
526 2492 64 28 vad
610 2491 100 34 enligt
734 2491 52 29 det
811 2491 203 36 föregående
1036 2492 152 28 förekom
1210 2491 54 29 vid
1292 2492 77 28 1937
1391 2491 54 29 års
1465 2491 138 36 riksdag
