1862 2782
465 165 453 33 Konstitutionsutskotiets
944 164 180 31 utlåtande
1149 173 41 20 nr
1217 163 48 31 10.
1600 158 14 30 1

781 392 59 41 Nr
867 392 59 40 10.

336 496 450 31 Konstitutionsutskottets
813 494 179 30 utlåtande
1021 493 10 29 i
1056 492 189 40 anledning
1272 499 42 22 av
1340 489 126 40 Kungl.
1492 488 125 40 Maj:ts

555 546 216 40 proposition
793 546 80 29 med
893 544 132 40 förslag
1048 543 52 30 till
1121 543 53 39 lag
1195 551 55 20 om
1271 541 135 30 ändrad
1426 539 129 40 lydelse
1576 547 42 21 av

560 595 503 41 övergångsbestämmelserna
1089 593 52 30 till
1164 593 99 39 lagen
1287 592 66 30 den
1378 592 40 29 10
1442 590 69 41 juli
1535 589 83 30 1947

562 648 60 33 (nr
645 647 81 33 629)
753 645 178 40 angående
954 644 150 40 ändring
1126 644 10 30 i
1159 644 98 39 lagen
1281 643 66 29 den
1370 642 40 29 28
1434 641 75 40 maj
1534 640 83 30 1937

562 698 61 34 (nr
649 697 82 34 249)
766 706 54 20 om
853 695 299 39 inskränkningar
1179 695 11 28 i
1218 694 114 29 rätten
1359 694 51 29 att
1438 691 181 30 utbekom-

559 757 57 21 ma
645 747 178 30 allmänna
852 746 220 39 handlingar.

160 851 67 30 Till
248 849 427 31 konstitutionsutskottet
696 849 45 29 ha
761 848 90 30 båda
873 847 191 29 kamrarna
1085 846 66 29 den
1174 845 38 30 10
1234 854 94 20 mars
1352 843 82 31 1954
1456 843 164 30 hänvisat

117 911 42 20 en
183 911 42 21 av
248 901 126 39 Kungl.
399 900 105 40 Maj:t
528 899 53 30 till
603 898 188 39 riksdagen
815 897 136 31 avlåten
976 896 228 41 proposition,
1231 904 41 21 nr
1298 895 71 34 105,
1393 894 74 30 vari
1492 893 127 39 Kungl.

116 952 115 39 Maj:t,
255 951 112 30 under
392 949 218 40 åberopande
635 958 42 22 av
699 948 262 41 propositionen
986 947 107 38 bilagt
1117 947 126 38 utdrag
1266 955 43 20 av
1332 944 288 40 statsrådsproto-

116 1002 106 30 kollet
251 1002 80 29 över
360 998 539 40 justitiedepartementsärenden
929 998 54 29 för
1013 998 66 29 den
1110 996 36 29 19
1175 995 153 30 februari
1359 994 88 35 1954,
1476 994 145 30 föresla-

118 1053 47 39 git
189 1052 187 39 riksdagen
401 1053 49 28 att
473 1052 128 38 antaga
624 1049 158 40 följande

733 1151 272 42 Förslag

842 1216 53 30 till

801 1284 135 50 Lag

130 1375 58 24 om
212 1365 139 33 ändrad
374 1364 140 41 lydelse
538 1372 43 24 av
605 1361 535 42 övergångsbestämmelserna
1162 1361 61 32 till
1247 1361 109 39 lagen
1380 1359 70 32 den
1474 1359 41 32 10
1534 1357 76 43 juli

146 1416 80 33 1947
250 1414 60 40 (nr
330 1413 76 41 629)
429 1413 187 42 angående
639 1414 161 39 ändring
822 1413 15 32 i
859 1413 107 39 lagen
991 1412 70 32 den
1084 1411 41 32 28
1147 1409 73 43 maj
1247 1410 81 33 1937
1350 1407 63 42 (nr
1435 1407 77 40 249)
1536 1417 59 25 om

213 1465 321 40 inskränkningar
557 1465 13 32 i
592 1465 124 32 rätten
740 1464 57 31 att
819 1462 240 33 utbekomma
1082 1462 187 31 allmänna
1292 1460 235 40 handlingar.

164 1548 210 39 Härigenom
396 1546 197 34 förordnas,
615 1547 50 28 att
686 1543 503 40 övergångsbestämmelserna
1211 1542 52 30 till
1285 1542 97 39 lagen
1406 1541 67 30 den
1497 1540 39 30 10
1558 1540 67 40 juli

123 1598 81 30 1947
224 1597 178 39 angående
420 1597 149 38 ändring
585 1596 11 29 i
613 1596 99 39 lagen
729 1595 67 30 den
814 1594 41 30 28
872 1594 69 39 maj
964 1594 82 29 1937
1072 1594 58 33 (nr
1147 1593 80 33 249)
1251 1602 56 22 om
1325 1591 299 39 inskränkningar

121 1649 10 28 i
155 1649 113 29 rätten
293 1649 51 29 att
367 1647 227 30 utbekomma
618 1646 179 29 allmänna
822 1644 209 39 handlingar
1058 1644 97 29 skola
1180 1643 132 30 erhålla
1336 1642 133 31 ändrad
1496 1641 128 40 lydelse

121 1699 44 39 på
187 1699 68 29 sätt
280 1698 113 30 nedan
415 1697 152 39 angives.

325 1788 183 36 (Gällande
535 1788 157 40 lydelse.)
1035 1785 226 40 (Föreslagen
1287 1785 157 39 lydelse.)

168 1874 120 29 Denna
306 1874 53 38 lag
843 1870 66 29 den
928 1870 13 29 1
960 1869 143 40 januari
1122 1868 93 33 1948.

941 1920 227 39 Beträffande
1201 1919 225 30 utlämnande
1458 1928 43 21 av
1532 1919 95 29 dom-

896 1970 85 29 stols
1021 1969 176 40 protokoll
1239 1971 80 28 över
1357 1969 270 39 handläggning,

896 2030 73 20 som
988 2021 57 38 ägt
1064 2029 77 21 rum
1159 2020 74 39 före
1252 2020 65 29 den
1339 2020 14 29 1
1372 2019 143 40 januari
1535 2020 93 34 1948,

895 2072 93 27 samt
1035 2080 117 20 annan
1202 2070 179 39 handling,
1430 2079 74 20 som
1554 2070 75 39 före

897 2121 155 29 nämnda
1077 2121 66 38 dag
1169 2121 196 38 upprättats
1390 2120 64 30 hos
1478 2120 152 29 domsto-

898 2170 54 30 len
970 2171 83 29 eller
1070 2171 49 29 dit
1139 2170 197 36 inkommit,
1353 2170 91 29 skall
1460 2170 96 29 äldre
1577 2171 53 37 lag

897 2221 220 38 fortfarande
1144 2220 100 39 gälla.

717 2288 66 3 -—
796 2289 43 2 —
856 2269 157 30 tillstånd
1033 2270 127 28 därtill.

170 2275 70 28 Har
259 2274 77 28 med
355 2291 97 2 ——
466 2289 181 2 ———-—

172 2375 119 28 Denna
317 2374 52 36 lag
393 2373 113 28 träder
530 2372 9 28 i
564 2372 93 28 kraft
680 2371 109 38 dagen
814 2371 86 28 efter
924 2370 76 32 den,
1025 2370 43 29 då
1094 2369 96 38 lagen
1215 2370 105 37 enligt
1342 2371 82 28 därå
1449 2370 181 29 meddelad

129 2425 135 39 uppgift
285 2423 185 29 utkommit
491 2422 78 29 från
590 2421 133 39 trycket
743 2421 9 28 i
772 2420 131 29 Svensk
923 2420 391 37 författningssamling.

159 2525 8 25 1
217 2525 110 28 Bihang
341 2523 44 23 till
400 2522 167 29 riksdagens
580 2521 146 30 protokoll
741 2521 74 23 1954.
835 2523 14 21 5
863 2522 75 23 saml.
952 2522 14 22 2
981 2522 57 22 avd.
1055 2523 37 21 Nr
1108 2521 35 23 10.
