1864 2772
255 145 18 30 6
614 148 451 33 Konstitutionsutskottets
1091 152 178 29 utlåtande
1294 162 42 20 nr
1362 153 50 30 10.

257 230 64 28 och
342 231 377 38 rättegångsreformen
741 233 80 30 fölle
842 233 11 29 i
876 234 156 38 glömska
1053 235 64 29 och
1139 237 49 28 att
1210 236 118 29 därför
1352 237 117 29 risken
1492 237 53 30 för
1567 247 43 20 en
1631 238 128 40 oriktig

256 279 162 40 tolkning
441 281 138 30 ökades.
603 282 75 29 Den
701 283 218 39 lämpligaste
943 284 164 39 åtgärden
1131 295 90 26 vore,
1247 287 106 38 enligt
1376 287 65 29 vad
1465 287 10 29 i
1499 289 259 38 promemorian

257 330 176 35 anfördes,
461 333 48 28 att
536 332 232 39 komplettera
794 334 501 39 övergångsbestämmelserna
1324 337 52 29 till
1406 336 80 30 1947
1516 338 56 29 års
1601 338 65 39 lag.

300 380 66 30 Vid
387 382 257 38 promemorian
664 383 141 39 fogades
827 384 120 29 utkast
967 384 50 29 till
1038 385 55 39 lag
1113 395 56 20 om
1189 387 133 29 ändrad
1343 388 128 37 lydelse
1492 397 42 21 av
1552 389 206 39 övergångs-

256 430 308 31 bestämmelserna
592 433 52 28 till
672 433 98 39 lagen
798 434 67 29 den
894 435 38 29 10
957 435 65 38 juli
1053 435 81 30 1947
1168 435 57 33 (nr
1252 437 80 32 629)
1367 438 177 38 angående
1572 439 149 39 ändring
1747 439 10 29 i

256 480 284 40 sekretesslagen,
566 482 108 30 vilket
701 484 118 30 utkast
846 485 39 29 är
910 485 221 39 likalydande
1158 487 77 28 med
1261 487 56 29 det
1344 495 123 31 genom
1494 489 262 39 propositionen

255 530 198 40 framlagda
476 532 175 40 förslaget.

298 630 89 31 Över
416 633 258 39 promemorian
704 635 147 38 avgåvos
880 637 313 38 remissyttranden
1224 647 41 20 av
1292 638 464 39 justitiekanslersämbetet,

255 680 84 31 Svea
358 682 149 35 hovrätt,
526 683 86 30 Göta
632 685 148 34 hovrätt,
800 685 220 34 riksarkivet,
1040 686 155 40 Sveriges
1216 688 331 35 advokatsamfund,
1568 690 188 39 Förening-

255 740 41 20 en
324 732 155 39 Sveriges
505 734 325 40 häradshövdingar
856 736 65 29 och
947 736 217 40 Föreningen
1191 738 154 39 Sveriges
1372 739 251 31 stadsdomare.
1653 741 65 29 Det
1745 741 10 29 i

252 783 258 37 promemorian
530 784 196 39 framlagda
747 785 212 39 lagutkastet
979 786 206 40 tillstyrktes
1207 788 80 29 eller
1308 788 180 31 lämnades
1508 791 86 29 utan
1613 790 142 31 erinran

253 832 11 29 i
291 834 163 40 samtliga
479 836 198 38 yttranden.
704 836 455 33 Justitiekanslersämbetet
1186 840 192 30 framförde
1406 842 89 29 dock
1521 842 196 41 erinringar
1743 842 11 30 i

252 883 48 28 ett
320 891 64 31 par
407 883 294 41 detaljspörsmål,
721 885 105 31 bland
847 888 109 28 annat
977 888 148 30 rörande
1147 888 266 40 tillämpningen
1436 899 41 21 av
1499 890 67 30 den
1588 891 11 29 i
1620 900 134 31 prome-

252 932 137 30 morian
410 934 232 31 omförmälda
662 935 41 30 39
725 935 15 36 $
763 936 284 40 sekretesslagen.
1069 938 160 30 Rörande
1248 939 215 31 innebörden
1485 940 10 29 i
1515 941 66 30 vad
1603 941 151 31 ämbetet

253 982 149 31 sålunda
423 985 134 38 yttrade
580 986 57 29 må
659 986 164 30 hänvisas
844 987 52 29 till
920 988 56 29 det
997 988 55 30 vid
1074 989 261 40 propositionen
1360 990 123 39 fogade
1505 988 249 47 protokollsut-

251 1032 132 40 draget.

293 1133 265 41 Föredragande
584 1136 397 41 departementschefen,
1006 1139 188 30 statsrådet
1218 1139 209 41 Zetterberg,
1451 1141 64 30 har
1539 1142 128 30 uttalat
1692 1144 60 33 att,

250 1182 45 30 då
314 1183 57 30 det
393 1184 10 29 i
423 1185 258 39 promemorian
702 1186 196 40 framlagda
920 1188 154 30 utkastet
1101 1189 4 29 i
1125 1189 185 31 huvudsak
1333 1191 151 31 lämnats
1505 1193 86 28 utan
1611 1192 141 31 erinran

251 1232 9 29 i
280 1234 162 39 samtliga
460 1236 196 38 yttranden,
675 1237 70 29 han
764 1237 118 30 kunde
899 1239 79 29 med
995 1238 201 40 tillstyrkan
1215 1249 42 21 av
1273 1241 157 30 utkastet
1447 1242 147 30 hänvisa
1613 1243 53 29 till
1685 1243 67 30 den

251 1284 209 40 motivering
483 1295 74 20 som
583 1286 137 30 anförts
746 1288 10 28 i
781 1288 269 39 promemorian.
1077 1289 12 29 I
1117 1290 59 29 sitt
1201 1291 161 38 yttrande
1389 1291 63 30 har
1477 1292 275 40 departements-

249 1333 125 30 chefen
400 1335 116 40 anlagt
540 1336 94 30 vissa
661 1338 218 39 synpunkter
903 1339 46 39 på
973 1339 40 29 de
1039 1339 10 29 i
1074 1339 470 40 justitiekanslersämbetets
1571 1343 180 30 utlåtande

250 1385 234 32 omförmälda
514 1387 339 40 detaljspörsmålen.
886 1389 66 30 Om
981 1392 65 30 vad
1077 1392 385 39 departementschefen
1491 1395 110 37 yttrat
1631 1395 120 30 härut-

248 1433 109 30 innan
376 1435 57 30 må
450 1435 164 31 hänvisas
632 1437 53 30 till
704 1438 57 29 det
778 1438 57 30 vid
854 1439 261 40 propositionen
1136 1441 122 39 fogade
1277 1442 367 40 protokollsutdraget.

293 1535 185 31 Utskottet.
507 1538 6 29 I
537 1537 124 39 frågan
683 1547 57 20 om
763 1539 214 30 innebörden
999 1550 41 20 av
1064 1542 493 38 sekretessbestämmelserna,
1582 1544 105 30 såvitt
1710 1545 40 29 de

247 1594 80 21 avse
352 1586 391 41 domstolshandlingar,
768 1589 93 30 vilka
885 1590 139 39 ingivits
1048 1591 83 29 eller
1155 1593 198 39 upprättats
1377 1594 74 31 före
1475 1594 66 30 den
1568 1594 14 30 1
1607 1595 143 39 januari

251 1634 92 35 1948,
371 1636 46 30 ha
443 1637 91 30 olika
559 1639 183 38 meningar
768 1640 155 31 uttalats.
949 1640 25 29 Å
1002 1650 63 20 ena
1093 1642 100 30 sidan
1219 1643 62 29 har
1305 1643 444 39 justitieombudsmannen

248 1685 82 38 givit
351 1687 140 38 uttryck
511 1688 34 29 åt
567 1688 271 40 uppfattningen
861 1692 59 32 att,
943 1692 81 28 enär
1047 1692 29 39 ej
1100 1693 221 29 annorlunda
1344 1694 210 35 förordnats,
1576 1692 173 47 spörsmål

247 1744 56 20 om
325 1736 226 33 utlämnande
573 1748 42 20 av
637 1740 130 29 sådana
789 1741 209 39 handlingar
1020 1742 110 30 måste
1151 1744 124 38 prövas
1297 1744 107 39 enligt
1425 1745 40 29 de
1487 1745 262 31 bestämmelser

248 1794 55 20 om
321 1787 356 36 domstolssekretess,
696 1799 73 21 som
787 1800 147 20 numera
952 1792 97 38 gälla,
1069 1793 102 30 alltså
1191 1793 101 30 såvitt
1310 1804 46 20 nu
1376 1796 38 28 är
1432 1795 10 29 i
1461 1795 97 39 fråga
1577 1796 41 29 36
1637 1796 15 36 $
1674 1797 75 29 sek-

246 1836 212 40 retesslagen
480 1838 10 28 i
514 1839 78 29 dess
616 1839 80 30 från
720 1840 63 29 och
806 1842 79 29 med
909 1842 152 30 nämnda
1083 1843 67 39 dag
1173 1843 157 40 gällande
1355 1845 138 38 lydelse.
1517 1846 123 30 Denna
1663 1856 85 31 upp-

247 1885 154 41 fattning
428 1888 153 36 innebär,
609 1889 106 30 bland
744 1893 117 32 annat,
889 1893 50 28 att
967 1892 241 40 inneliggande
1237 1893 219 41 handlingar,
1485 1905 74 20 som
1588 1897 159 30 företetts

246 1936 57 29 vid
330 1937 399 42 domstolsförhandling
755 1941 74 29 före
857 1941 67 30 den
953 1942 13 29 1
996 1942 141 38 januari
1168 1943 92 35 1948,
1288 1945 113 30 skulle
1428 1946 35 29 få
1490 1947 177 30 utlämnas
1695 1948 52 29 till

246 1995 115 25 envar,
381 1988 86 30 även
485 1997 55 20 om
558 1989 41 29 de
619 1990 9 28 i
647 1991 64 28 och
730 1990 53 30 för
802 1991 51 39 sig
872 2001 80 20 vore
970 2002 41 20 av
1030 1992 246 31 beskaffenhet
1293 1997 51 27 att
1363 1995 83 30 böra
1464 1996 111 31 hållas
1595 1997 152 40 hemliga

243 2035 143 39 jämlikt
407 2038 103 29 1—34
529 2038 37 36 $$
586 2040 286 40 sekretesslagen.
891 2041 25 29 Å
935 2043 107 28 andra
1060 2043 101 30 sidan
1178 2045 63 29 har
1257 2045 95 29 inom
1368 2046 379 40 justitiedepartemen-

244 2087 48 28 tet
312 2087 66 29 den
402 2088 184 39 meningen
607 2090 155 34 uttalats,
784 2093 50 27 att
854 2100 43 20 en
918 2092 157 40 tolkning
1097 2104 43 19 av
1159 2095 484 33 sekretessbestämmelserna
1664 2099 82 38 gåve

244 2136 57 29 vid
321 2136 148 35 handen,
492 2141 47 27 att
560 2140 170 35 spörsmål
753 2149 55 20 om
830 2142 221 30 utlämnande
1071 2152 43 20 av
1134 2143 215 39 handlingar,
1371 2155 120 20 varom
1511 2156 46 20 nu
1579 2148 38 28 är
1639 2147 107 38 fråga,

245 2186 110 30 skulle
375 2188 125 36 prövas
519 2189 105 37 enligt
644 2190 268 35 bestämmelser,
934 2201 72 20 som
1027 2193 110 36 gällde
1159 2194 73 30 före
1253 2195 65 29 den
1340 2195 14 28 1
1377 2195 137 37 januari
1537 2197 88 35 1948,
1646 2198 101 30 alltså

243 2236 10 28 i
273 2238 87 28 stort
381 2240 67 27 sett
466 2239 39 28 36
526 2239 14 35 $
562 2240 275 39 sekretesslagen
857 2242 10 29 i
886 2243 78 29 dess
982 2243 73 29 före
1074 2245 154 29 nämnda
1246 2246 65 38 dag
1331 2246 159 38 gällande
1511 2248 139 38 lydelse.
1671 2248 74 30 Den

243 2286 94 31 inom
357 2289 273 39 departementet
649 2292 153 29 uttalade
820 2293 196 41 meningen,
1035 2295 50 30 till
1104 2296 115 30 vilken
1238 2298 385 38 departementschefen
1642 2309 101 29 synes

242 2335 44 30 ha
308 2337 144 30 anslutit
473 2339 58 37 sig,
554 2339 154 35 innebär,
730 2341 105 29 bland
857 2344 115 32 annat,
993 2345 47 27 att
1062 2343 238 38 inneliggande
1321 2345 205 39 handlingar
1548 2356 42 21 av
1611 2347 134 31 föreva-

242 2387 105 29 rande
371 2387 152 38 kategori
549 2390 111 30 skulle
684 2391 117 29 kunna
824 2391 238 39 hemlighållas
1086 2394 87 29 efter
1197 2396 170 37 prövning
1392 2397 104 37 enligt
1519 2398 40 29 de
1585 2398 159 37 grunder,

243 2446 73 21 som
334 2440 62 29 äro
413 2440 146 39 angivna
578 2442 9 29 i
608 2442 105 29 1—34
732 2442 36 36 $$
789 2444 283 41 sekretesslagen.
1090 2445 49 30 De
1157 2447 241 38 myndigheter
1414 2449 64 29 och
1495 2451 248 29 sammanslut-
