1878 2848
535 180 320 32 Utrikesutskottets
880 180 176 32 utlåtande
1080 181 49 31 Nr
1158 183 29 30 5.
1593 179 19 30 9

794 367 60 41 Nr
882 368 39 40 35.

514 473 125 27 Ankom
661 473 47 27 till
730 473 178 35 riksdagens
930 474 99 27 kansli
1052 475 60 26 den
1136 474 16 27 3
1176 475 67 34 juni
1268 474 78 28 1939
1371 475 40 27 kl.
1436 475 18 27 2
1478 482 24 20 e.
1527 483 41 19 m.

330 582 319 32 Utrikesutskottets
680 583 176 31 utlåtande
886 585 11 30 i
925 584 188 39 anledning
1141 594 42 22 av
1214 585 102 31 väckt
1345 586 132 30 motion
1506 585 104 38 angå-

549 634 86 30 ende
660 637 46 28 ett
732 634 233 38 världsspråk.

149 733 15 31 I
185 743 42 21 en
249 733 98 31 inom
367 734 113 31 första
500 735 210 30 kammaren
731 735 114 36 väckt,
868 735 53 30 till
941 736 307 31 utrikesutskottet
1268 737 174 30 hänvisad
1463 737 146 36 motion,

106 793 42 21 nr
168 785 70 35 193,
258 785 65 30 har
340 785 82 30 herr
441 785 206 36 Lindhagen
666 786 189 36 hemställt,
873 789 52 28 att
940 787 189 36 riksdagen
1147 787 80 31 ville
1245 786 143 32 anhålla
1407 797 59 22 om
1485 788 124 37 Kungl.

106 834 118 37 Maj:ts
249 835 153 31 initiativ
427 836 66 30 och
518 836 226 36 medverkan,
771 839 51 28 att
847 836 229 32 nationernas
1102 838 402 37 självbestämningsrätt
1529 839 80 30 full-

104 886 150 30 komnas
275 887 81 30 med
377 896 44 20 en
442 887 262 31 internationell
726 888 343 31 överenskommelse
1091 899 59 21 om
1171 892 48 28 ett
1239 893 218 33 gemensamt
1478 890 131 31 världs-

106 936 106 37 språk
232 937 58 30 vid
311 937 102 31 sidan
434 947 43 21 av
497 938 324 37 nationalspråken.

150 987 231 31 Beträffande
401 989 256 36 motiveringen
677 988 56 31 får
753 990 172 30 utskottet
945 990 147 31 hänvisa
1113 991 53 30 till
1185 991 191 31 motionen.

149 1096 65 31 Vid
242 1097 82 30 1937
352 1096 56 32 års
433 1098 141 38 riksdag
598 1099 174 36 avstyrkte
797 1099 298 32 utrikesutskottet
1120 1101 66 30 och
1211 1102 119 37 avslog
1354 1102 185 37 riksdagen
1564 1104 47 29 ett
1652 1110 128 26 Utskottet.

105 1156 43 21 av
175 1157 132 21 samme
333 1148 174 31 motionär
533 1149 187 31 framställt
745 1149 132 39 förslag
904 1160 57 21 om
989 1151 147 31 initiativ
1163 1151 81 31 från
1272 1152 153 38 Sveriges
1453 1153 75 31 sida
1554 1153 57 31 för

104 1196 313 33 åstadkommande
437 1209 42 21 av
501 1209 43 21 en
565 1200 254 31 internationell
841 1202 336 31 överenskommelse
1198 1203 11 30 i
1231 1202 377 39 världsspråksfrågan.

106 1248 114 37 Enligt
243 1250 184 31 utskottets
450 1249 90 32 åsikt
562 1251 65 30 har
650 1252 106 30 sedan
779 1252 77 31 dess
880 1252 76 32 icke
979 1252 107 37 några
1109 1252 131 33 sådana
1262 1254 76 31 skäl
1363 1254 179 32 framförts
1567 1264 43 22 av

104 1299 218 32 motionären
340 1301 81 30 eller
440 1301 97 36 eljest
556 1301 132 32 sådana
706 1303 294 36 omständigheter
1018 1304 209 37 tillkommit,
1248 1308 49 28 att
1315 1306 187 38 anledning
1520 1306 89 31 före-

105 1350 105 37 ligger
231 1350 57 31 för
308 1351 186 37 riksdagen
516 1355 49 28 att
586 1352 124 38 frångå
733 1354 54 30 sin
808 1353 45 32 då
874 1354 142 37 intagna
1038 1354 214 38 ståndpunkt
1274 1356 51 31 till
1349 1356 132 38 frågan.

149 1400 171 32 Utskottet
344 1402 200 31 hemställer
567 1403 110 37 alltså,

459 1482 49 27 att
527 1480 177 31 motionen
723 1481 28 30 I:
768 1481 61 30 193
850 1481 77 31 icke
946 1481 106 32 måtte
1072 1482 181 32 föranleda
1273 1482 115 38 någon
1407 1484 202 37 riksdagens

416 1529 130 37 åtgärd.

150 1628 201 31 Stockholm
372 1630 67 30 den
461 1632 18 28 2
501 1630 77 36 juni
604 1632 92 30 1939.

580 1748 49 32 På
651 1750 314 32 utrikesutskottets
989 1753 142 35 vägnar:

686 1796 145 36 ÖSTEN
858 1798 168 36 UNDÉN.

139 2129 52 24 Vid
212 2129 76 25 detta
310 2130 120 25 ärendes
453 2131 173 33 behandling
650 2132 35 24 ha
707 2133 137 25 närvarit:

139 2178 63 25 från
222 2179 135 25 första
377 2180 178 25 kammaren:
576 2182 98 24 herrar
694 2183 107 30 Undén,
824 2184 67 31 Olof
910 2185 111 30 Olsson,
1041 2182 149 35 Åkerberg,
1212 2187 66 25 Sam
1298 2186 132 31 Larsson,
1456 2188 151 29 Wistrand,

102 2220 171 31 Lindström,
297 2222 54 24 Per
373 2223 186 30 Gustafsson
584 2225 53 24 och
661 2225 142 30 Andrén;
829 2229 74 22 samt

139 2270 64 25 från
233 2273 126 24 andra
388 2273 178 25 kammaren:
595 2275 97 24 herrar
720 2276 100 31 Bagge,
852 2277 94 29 Ward,
975 2277 154 32 Lindqvist,
1159 2279 163 25 Andersson
1351 2280 7 24 i
1388 2279 114 32 Rasjön,
1532 2281 75 28 Fast,

101 2312 168 32 Svensson",
289 2314 119 25 Hallén"
429 2316 54 23 och
505 2316 161 25 Lithander.

133 2544 111 36 Bihang
262 2547 43 25 till
324 2547 168 33 riksdagens
513 2549 145 32 protokoll
680 2551 73 25 1939.
794 2551 16 24 5
834 2551 80 25 saml.
947 2552 14 23 1
980 2551 56 25 avd.
1071 2552 40 25 Nr
1129 2553 74 24 1—6.
1562 2555 15 24 2
