<?xml version="1.0" encoding="UTF-8"?>
<alto xmlns="http://www.loc.gov/standards/alto/ns-v3#" xmlns:xlink="http://www.w3.org/1999/xlink" xmlns:xsi="http://www.w3.org/2001/XMLSchema-instance" xsi:schemaLocation="http://www.loc.gov/standards/alto/ns-v3# http://www.loc.gov/alto/v3/alto-3-0.xsd">
	<Description>
		<MeasurementUnit>pixel</MeasurementUnit>
		<sourceImageInformation>
			<fileName>/tmp/tess_4zkui1iv_input.PNG</fileName>
		</sourceImageInformation>
		<OCRProcessing ID="OCR_0">
			<ocrProcessingStep>
				<processingSoftware>
					<softwareName>tesseract 5.3.0</softwareName>
				</processingSoftware>
			</ocrProcessingStep>
		</OCRProcessing>
	</Description>
	<Layout>
		<Page WIDTH="1896" HEIGHT="2782" PHYSICAL_IMG_NR="0" ID="page_0">
			<PrintSpace HPOS="0" VPOS="0" WIDTH="1896" HEIGHT="2782">
				<ComposedBlock ID="cblock_0" HPOS="253" VPOS="178" WIDTH="1220" HEIGHT="40">
					<TextBlock ID="block_0" HPOS="253" VPOS="178" WIDTH="1220" HEIGHT="40">
						<TextLine ID="line_0" HPOS="253" VPOS="178" WIDTH="1220" HEIGHT="40">
							<String ID="string_0" HPOS="253" VPOS="178" WIDTH="58" HEIGHT="30" WC="0.96" CONTENT="312"/><SP WIDTH="231" VPOS="178" HPOS="311"/>
							<String ID="string_1" HPOS="542" VPOS="179" WIDTH="402" HEIGHT="39" WC="0.87" CONTENT="Bevillningsutskottets"/><SP WIDTH="19" VPOS="179" HPOS="944"/>
							<String ID="string_2" HPOS="963" VPOS="180" WIDTH="218" HEIGHT="30" WC="0.96" CONTENT="betänkande"/><SP WIDTH="17" VPOS="180" HPOS="1181"/>
							<String ID="string_3" HPOS="1198" VPOS="190" WIDTH="42" HEIGHT="20" WC="0.93" CONTENT="nr"/><SP WIDTH="14" VPOS="190" HPOS="1240"/>
							<String ID="string_4" HPOS="1254" VPOS="181" WIDTH="27" HEIGHT="29" WC="0.92" CONTENT="B"/><SP WIDTH="20" VPOS="181" HPOS="1281"/>
							<String ID="string_5" HPOS="1301" VPOS="183" WIDTH="13" HEIGHT="28" WC="0.94" CONTENT="1"/><SP WIDTH="19" VPOS="183" HPOS="1314"/>
							<String ID="string_6" HPOS="1333" VPOS="181" WIDTH="39" HEIGHT="29" WC="0.96" CONTENT="år"/><SP WIDTH="18" VPOS="181" HPOS="1372"/>
							<String ID="string_7" HPOS="1390" VPOS="182" WIDTH="83" HEIGHT="29" WC="0.96" CONTENT="1958"/>
						</TextLine>
					</TextBlock>
				</ComposedBlock>
				<ComposedBlock ID="cblock_1" HPOS="253" VPOS="262" WIDTH="1501" HEIGHT="441">
					<TextBlock ID="block_1" HPOS="253" VPOS="262" WIDTH="1501" HEIGHT="283">
						<TextLine ID="line_1" HPOS="297" VPOS="262" WIDTH="1457" HEIGHT="43">
							<String ID="string_8" HPOS="297" VPOS="262" WIDTH="49" HEIGHT="28" WC="0.95" CONTENT="Nr"/><SP WIDTH="17" VPOS="262" HPOS="346"/>
							<String ID="string_9" HPOS="363" VPOS="262" WIDTH="92" HEIGHT="29" WC="0.93" CONTENT="53.11"/><SP WIDTH="22" VPOS="262" HPOS="455"/>
							<String ID="string_10" HPOS="477" VPOS="263" WIDTH="36" HEIGHT="28" WC="0.90" CONTENT="B."/><SP WIDTH="20" VPOS="263" HPOS="513"/>
							<String ID="string_11" HPOS="533" VPOS="263" WIDTH="66" HEIGHT="28" WC="0.96" CONTENT="För"/><SP WIDTH="18" VPOS="263" HPOS="599"/>
							<String ID="string_12" HPOS="617" VPOS="263" WIDTH="173" HEIGHT="29" WC="0.96" CONTENT="vävnader"/><SP WIDTH="18" VPOS="263" HPOS="790"/>
							<String ID="string_13" HPOS="808" VPOS="272" WIDTH="41" HEIGHT="20" WC="0.96" CONTENT="av"/><SP WIDTH="19" VPOS="272" HPOS="849"/>
							<String ID="string_14" HPOS="868" VPOS="263" WIDTH="46" HEIGHT="29" WC="0.96" CONTENT="ull"/><SP WIDTH="23" VPOS="263" HPOS="914"/>
							<String ID="string_15" HPOS="937" VPOS="263" WIDTH="127" HEIGHT="34" WC="0.96" CONTENT="(andra"/><SP WIDTH="18" VPOS="263" HPOS="1064"/>
							<String ID="string_16" HPOS="1082" VPOS="265" WIDTH="44" HEIGHT="28" WC="0.96" CONTENT="än"/><SP WIDTH="19" VPOS="265" HPOS="1126"/>
							<String ID="string_17" HPOS="1145" VPOS="264" WIDTH="132" HEIGHT="30" WC="0.96" CONTENT="sådana"/><SP WIDTH="18" VPOS="264" HPOS="1277"/>
							<String ID="string_18" HPOS="1295" VPOS="264" WIDTH="76" HEIGHT="30" WC="0.96" CONTENT="med"/><SP WIDTH="20" VPOS="264" HPOS="1371"/>
							<String ID="string_19" HPOS="1391" VPOS="264" WIDTH="106" HEIGHT="30" WC="0.96" CONTENT="minst"/><SP WIDTH="20" VPOS="264" HPOS="1497"/>
							<String ID="string_20" HPOS="1517" VPOS="265" WIDTH="40" HEIGHT="29" WC="0.32" CONTENT="40"/><SP WIDTH="75" VPOS="265" HPOS="1557"/>
							<String ID="string_21" HPOS="1632" VPOS="275" WIDTH="122" HEIGHT="30" WC="0.91" CONTENT="rayon-"/>
						</TextLine>
						<TextLine ID="line_2" HPOS="254" VPOS="311" WIDTH="1498" HEIGHT="43">
							<String ID="string_22" HPOS="254" VPOS="311" WIDTH="118" HEIGHT="35" WC="0.95" CONTENT="silke),"/><SP WIDTH="22" VPOS="311" HPOS="372"/>
							<String ID="string_23" HPOS="394" VPOS="312" WIDTH="94" HEIGHT="28" WC="0.96" CONTENT="vilka"/><SP WIDTH="22" VPOS="312" HPOS="488"/>
							<String ID="string_24" HPOS="510" VPOS="312" WIDTH="106" HEIGHT="39" WC="0.93" CONTENT="enligt"/><SP WIDTH="22" VPOS="312" HPOS="616"/>
							<String ID="string_25" HPOS="638" VPOS="313" WIDTH="373" HEIGHT="30" WC="0.91" CONTENT="tulltaxekommitténs"/><SP WIDTH="26" VPOS="313" HPOS="1011"/>
							<String ID="string_26" HPOS="1037" VPOS="313" WIDTH="129" HEIGHT="40" WC="0.96" CONTENT="förslag"/><SP WIDTH="22" VPOS="313" HPOS="1166"/>
							<String ID="string_27" HPOS="1188" VPOS="315" WIDTH="276" HEIGHT="39" WC="0.96" CONTENT="genomsnittligt"/><SP WIDTH="24" VPOS="315" HPOS="1464"/>
							<String ID="string_28" HPOS="1488" VPOS="315" WIDTH="112" HEIGHT="29" WC="0.95" CONTENT="skulle"/><SP WIDTH="23" VPOS="315" HPOS="1600"/>
							<String ID="string_29" HPOS="1623" VPOS="316" WIDTH="129" HEIGHT="29" WC="0.96" CONTENT="erhålla"/>
						</TextLine>
						<TextLine ID="line_3" HPOS="253" VPOS="361" WIDTH="1501" HEIGHT="42">
							<String ID="string_30" HPOS="253" VPOS="361" WIDTH="104" HEIGHT="39" WC="0.96" CONTENT="något"/><SP WIDTH="21" VPOS="361" HPOS="357"/>
							<String ID="string_31" HPOS="378" VPOS="362" WIDTH="157" HEIGHT="29" WC="0.96" CONTENT="starkare"/><SP WIDTH="24" VPOS="362" HPOS="535"/>
							<String ID="string_32" HPOS="559" VPOS="362" WIDTH="109" HEIGHT="39" WC="0.96" CONTENT="skydd"/><SP WIDTH="22" VPOS="362" HPOS="668"/>
							<String ID="string_33" HPOS="690" VPOS="364" WIDTH="44" HEIGHT="28" WC="0.96" CONTENT="än"/><SP WIDTH="20" VPOS="364" HPOS="734"/>
							<String ID="string_34" HPOS="754" VPOS="364" WIDTH="207" HEIGHT="39" WC="0.96" CONTENT="exempelvis"/><SP WIDTH="21" VPOS="364" HPOS="961"/>
							<String ID="string_35" HPOS="982" VPOS="364" WIDTH="175" HEIGHT="29" WC="0.96" CONTENT="vävnader"/><SP WIDTH="20" VPOS="364" HPOS="1157"/>
							<String ID="string_36" HPOS="1177" VPOS="374" WIDTH="40" HEIGHT="20" WC="0.96" CONTENT="av"/><SP WIDTH="20" VPOS="374" HPOS="1217"/>
							<String ID="string_37" HPOS="1237" VPOS="365" WIDTH="141" HEIGHT="36" WC="0.96" CONTENT="bomull,"/><SP WIDTH="22" VPOS="365" HPOS="1378"/>
							<String ID="string_38" HPOS="1400" VPOS="365" WIDTH="63" HEIGHT="29" WC="0.96" CONTENT="har"/><SP WIDTH="21" VPOS="365" HPOS="1463"/>
							<String ID="string_39" HPOS="1484" VPOS="366" WIDTH="168" HEIGHT="30" WC="0.93" CONTENT="utskottet"/><SP WIDTH="24" VPOS="366" HPOS="1652"/>
							<String ID="string_40" HPOS="1676" VPOS="366" WIDTH="78" HEIGHT="29" WC="0.93" CONTENT="fun-"/>
						</TextLine>
						<TextLine ID="line_4" HPOS="253" VPOS="411" WIDTH="1498" HEIGHT="44">
							<String ID="string_41" HPOS="253" VPOS="411" WIDTH="51" HEIGHT="29" WC="0.96" CONTENT="nit"/><SP WIDTH="19" VPOS="411" HPOS="304"/>
							<String ID="string_42" HPOS="323" VPOS="412" WIDTH="74" HEIGHT="29" WC="0.96" CONTENT="skäl"/><SP WIDTH="20" VPOS="412" HPOS="397"/>
							<String ID="string_43" HPOS="417" VPOS="412" WIDTH="143" HEIGHT="29" WC="0.96" CONTENT="förorda"/><SP WIDTH="19" VPOS="412" HPOS="560"/>
							<String ID="string_44" HPOS="579" VPOS="422" WIDTH="41" HEIGHT="20" WC="0.96" CONTENT="en"/><SP WIDTH="19" VPOS="422" HPOS="620"/>
							<String ID="string_45" HPOS="639" VPOS="413" WIDTH="152" HEIGHT="39" WC="0.93" CONTENT="enhetlig"/><SP WIDTH="19" VPOS="413" HPOS="791"/>
							<String ID="string_46" HPOS="810" VPOS="414" WIDTH="148" HEIGHT="33" WC="0.92" CONTENT="tullsats,"/><SP WIDTH="21" VPOS="414" HPOS="958"/>
							<String ID="string_47" HPOS="979" VPOS="423" WIDTH="73" HEIGHT="20" WC="0.95" CONTENT="som"/><SP WIDTH="21" VPOS="423" HPOS="1052"/>
							<String ID="string_48" HPOS="1073" VPOS="415" WIDTH="77" HEIGHT="29" WC="0.96" CONTENT="med"/><SP WIDTH="23" VPOS="415" HPOS="1150"/>
							<String ID="string_49" HPOS="1173" VPOS="417" WIDTH="10" HEIGHT="27" WC="0.96" CONTENT="1"/><SP WIDTH="26" VPOS="417" HPOS="1183"/>
							<String ID="string_50" HPOS="1209" VPOS="415" WIDTH="102" HEIGHT="30" WC="0.96" CONTENT="enhet"/><SP WIDTH="19" VPOS="415" HPOS="1311"/>
							<String ID="string_51" HPOS="1330" VPOS="416" WIDTH="188" HEIGHT="38" WC="0.96" CONTENT="överstiger"/><SP WIDTH="20" VPOS="416" HPOS="1518"/>
							<String ID="string_52" HPOS="1538" VPOS="416" WIDTH="66" HEIGHT="29" WC="0.96" CONTENT="den"/><SP WIDTH="20" VPOS="416" HPOS="1604"/>
							<String ID="string_53" HPOS="1624" VPOS="417" WIDTH="98" HEIGHT="38" WC="0.95" CONTENT="eljest"/><SP WIDTH="21" VPOS="417" HPOS="1722"/>
							<String ID="string_54" HPOS="1743" VPOS="418" WIDTH="8" HEIGHT="28" WC="0.96" CONTENT="i"/>
						</TextLine>
						<TextLine ID="line_5" HPOS="254" VPOS="461" WIDTH="1496" HEIGHT="41">
							<String ID="string_55" HPOS="254" VPOS="461" WIDTH="190" HEIGHT="30" WC="0.94" CONTENT="allmänhet"/><SP WIDTH="29" VPOS="461" HPOS="444"/>
							<String ID="string_56" HPOS="473" VPOS="462" WIDTH="199" HEIGHT="40" WC="0.93" CONTENT="föreslagna"/><SP WIDTH="26" VPOS="462" HPOS="672"/>
							<String ID="string_57" HPOS="698" VPOS="464" WIDTH="276" HEIGHT="29" WC="0.83" CONTENT="vävnadstullen."/><SP WIDTH="30" VPOS="464" HPOS="974"/>
							<String ID="string_58" HPOS="1004" VPOS="465" WIDTH="176" HEIGHT="29" WC="0.96" CONTENT="Utskottet"/><SP WIDTH="30" VPOS="465" HPOS="1180"/>
							<String ID="string_59" HPOS="1210" VPOS="465" WIDTH="145" HEIGHT="30" WC="0.96" CONTENT="föreslår"/><SP WIDTH="29" VPOS="465" HPOS="1355"/>
							<String ID="string_60" HPOS="1384" VPOS="466" WIDTH="133" HEIGHT="30" WC="0.96" CONTENT="således"/><SP WIDTH="30" VPOS="466" HPOS="1517"/>
							<String ID="string_61" HPOS="1547" VPOS="476" WIDTH="41" HEIGHT="19" WC="0.96" CONTENT="en"/><SP WIDTH="30" VPOS="476" HPOS="1588"/>
							<String ID="string_62" HPOS="1618" VPOS="467" WIDTH="61" HEIGHT="29" WC="0.82" CONTENT="tull"/><SP WIDTH="33" VPOS="467" HPOS="1679"/>
							<String ID="string_63" HPOS="1712" VPOS="476" WIDTH="38" HEIGHT="20" WC="0.96" CONTENT="av"/>
						</TextLine>
						<TextLine ID="line_6" HPOS="256" VPOS="511" WIDTH="453" HEIGHT="34">
							<String ID="string_64" HPOS="256" VPOS="511" WIDTH="38" HEIGHT="29" WC="0.91" CONTENT="14"/><SP WIDTH="19" VPOS="511" HPOS="294"/>
							<String ID="string_65" HPOS="313" VPOS="512" WIDTH="32" HEIGHT="33" WC="0.87" CONTENT="Z"/><SP WIDTH="23" VPOS="512" HPOS="345"/>
							<String ID="string_66" HPOS="368" VPOS="512" WIDTH="56" HEIGHT="29" WC="0.96" CONTENT="vid"/><SP WIDTH="20" VPOS="512" HPOS="424"/>
							<String ID="string_67" HPOS="444" VPOS="512" WIDTH="116" HEIGHT="29" WC="0.96" CONTENT="denna"/><SP WIDTH="19" VPOS="512" HPOS="560"/>
							<String ID="string_68" HPOS="579" VPOS="513" WIDTH="130" HEIGHT="29" WC="0.96" CONTENT="rubrik."/>
						</TextLine>
					</TextBlock>
					<TextBlock ID="block_2" HPOS="253" VPOS="563" WIDTH="1500" HEIGHT="140">
						<TextLine ID="line_7" HPOS="296" VPOS="563" WIDTH="1457" HEIGHT="36">
							<String ID="string_69" HPOS="296" VPOS="563" WIDTH="48" HEIGHT="28" WC="0.94" CONTENT="Nr"/><SP WIDTH="34" VPOS="563" HPOS="344"/>
							<String ID="string_70" HPOS="378" VPOS="563" WIDTH="93" HEIGHT="29" WC="0.93" CONTENT="53.11"/><SP WIDTH="26" VPOS="563" HPOS="471"/>
							<String ID="string_71" HPOS="497" VPOS="564" WIDTH="38" HEIGHT="35" WC="0.89" CONTENT="B,"/><SP WIDTH="35" VPOS="564" HPOS="535"/>
							<String ID="string_72" HPOS="570" VPOS="564" WIDTH="95" HEIGHT="29" WC="0.95" CONTENT="53.12"/><SP WIDTH="34" VPOS="564" HPOS="665"/>
							<String ID="string_73" HPOS="699" VPOS="565" WIDTH="63" HEIGHT="28" WC="0.96" CONTENT="och"/><SP WIDTH="38" VPOS="565" HPOS="762"/>
							<String ID="string_74" HPOS="800" VPOS="565" WIDTH="106" HEIGHT="29" WC="0.94" CONTENT="53.13."/><SP WIDTH="34" VPOS="565" HPOS="906"/>
							<String ID="string_75" HPOS="940" VPOS="566" WIDTH="64" HEIGHT="28" WC="0.94" CONTENT="Del"/><SP WIDTH="26" VPOS="566" HPOS="1004"/>
							<String ID="string_76" HPOS="1030" VPOS="565" WIDTH="9" HEIGHT="28" WC="0.96" CONTENT="i"/><SP WIDTH="25" VPOS="565" HPOS="1039"/>
							<String ID="string_77" HPOS="1064" VPOS="566" WIDTH="218" HEIGHT="29" WC="0.96" CONTENT="motionerna"/><SP WIDTH="25" VPOS="566" HPOS="1282"/>
							<String ID="string_78" HPOS="1307" VPOS="568" WIDTH="27" HEIGHT="28" WC="0.72" CONTENT="I:"/><SP WIDTH="17" VPOS="568" HPOS="1334"/>
							<String ID="string_79" HPOS="1351" VPOS="567" WIDTH="25" HEIGHT="28" WC="0.72" CONTENT="B"/><SP WIDTH="27" VPOS="567" HPOS="1376"/>
							<String ID="string_80" HPOS="1403" VPOS="567" WIDTH="59" HEIGHT="29" WC="0.96" CONTENT="117"/><SP WIDTH="26" VPOS="567" HPOS="1462"/>
							<String ID="string_81" HPOS="1488" VPOS="567" WIDTH="63" HEIGHT="29" WC="0.96" CONTENT="och"/><SP WIDTH="27" VPOS="567" HPOS="1551"/>
							<String ID="string_82" HPOS="1578" VPOS="569" WIDTH="44" HEIGHT="29" WC="0.49" CONTENT="II:"/><SP WIDTH="17" VPOS="569" HPOS="1622"/>
							<String ID="string_83" HPOS="1639" VPOS="570" WIDTH="25" HEIGHT="28" WC="0.49" CONTENT="B"/><SP WIDTH="29" VPOS="570" HPOS="1664"/>
							<String ID="string_84" HPOS="1693" VPOS="568" WIDTH="60" HEIGHT="29" WC="0.95" CONTENT="154"/>
						</TextLine>
						<TextLine ID="line_8" HPOS="254" VPOS="612" WIDTH="1498" HEIGHT="44">
							<String ID="string_85" HPOS="254" VPOS="612" WIDTH="220" HEIGHT="30" WC="0.95" CONTENT="framställda"/><SP WIDTH="25" VPOS="612" HPOS="474"/>
							<String ID="string_86" HPOS="499" VPOS="613" WIDTH="172" HEIGHT="39" WC="0.96" CONTENT="yrkandet"/><SP WIDTH="23" VPOS="613" HPOS="671"/>
							<String ID="string_87" HPOS="694" VPOS="623" WIDTH="57" HEIGHT="20" WC="0.93" CONTENT="om"/><SP WIDTH="25" VPOS="623" HPOS="751"/>
							<String ID="string_88" HPOS="776" VPOS="615" WIDTH="244" HEIGHT="29" WC="0.91" CONTENT="minimitullar"/><SP WIDTH="23" VPOS="615" HPOS="1020"/>
							<String ID="string_89" HPOS="1043" VPOS="616" WIDTH="57" HEIGHT="29" WC="0.96" CONTENT="vid"/><SP WIDTH="24" VPOS="616" HPOS="1100"/>
							<String ID="string_90" HPOS="1124" VPOS="616" WIDTH="100" HEIGHT="29" WC="0.96" CONTENT="dessa"/><SP WIDTH="23" VPOS="616" HPOS="1224"/>
							<String ID="string_91" HPOS="1247" VPOS="617" WIDTH="160" HEIGHT="29" WC="0.93" CONTENT="rubriker"/><SP WIDTH="24" VPOS="617" HPOS="1407"/>
							<String ID="string_92" HPOS="1431" VPOS="618" WIDTH="181" HEIGHT="38" WC="0.91" CONTENT="avstyrkes"/><SP WIDTH="25" VPOS="618" HPOS="1612"/>
							<String ID="string_93" HPOS="1637" VPOS="628" WIDTH="41" HEIGHT="20" WC="0.93" CONTENT="av"/><SP WIDTH="24" VPOS="628" HPOS="1678"/>
							<String ID="string_94" HPOS="1702" VPOS="620" WIDTH="50" HEIGHT="27" WC="0.93" CONTENT="ut-"/>
						</TextLine>
						<TextLine ID="line_9" HPOS="253" VPOS="662" WIDTH="1498" HEIGHT="41">
							<String ID="string_95" HPOS="253" VPOS="662" WIDTH="128" HEIGHT="29" WC="0.96" CONTENT="skottet"/><SP WIDTH="21" VPOS="662" HPOS="381"/>
							<String ID="string_96" HPOS="402" VPOS="663" WIDTH="111" HEIGHT="29" WC="0.96" CONTENT="under"/><SP WIDTH="19" VPOS="663" HPOS="513"/>
							<String ID="string_97" HPOS="532" VPOS="663" WIDTH="218" HEIGHT="40" WC="0.95" CONTENT="åberopande"/><SP WIDTH="21" VPOS="663" HPOS="750"/>
							<String ID="string_98" HPOS="771" VPOS="674" WIDTH="42" HEIGHT="20" WC="0.96" CONTENT="av"/><SP WIDTH="21" VPOS="674" HPOS="813"/>
							<String ID="string_99" HPOS="834" VPOS="665" WIDTH="77" HEIGHT="30" WC="0.96" CONTENT="dess"/><SP WIDTH="20" VPOS="665" HPOS="911"/>
							<String ID="string_100" HPOS="931" VPOS="666" WIDTH="178" HEIGHT="29" WC="0.95" CONTENT="allmänna"/><SP WIDTH="21" VPOS="666" HPOS="1109"/>
							<String ID="string_101" HPOS="1130" VPOS="666" WIDTH="178" HEIGHT="30" WC="0.96" CONTENT="uttalande"/><SP WIDTH="21" VPOS="666" HPOS="1308"/>
							<String ID="string_102" HPOS="1329" VPOS="668" WIDTH="146" HEIGHT="29" WC="0.93" CONTENT="rörande"/><SP WIDTH="21" VPOS="668" HPOS="1475"/>
							<String ID="string_103" HPOS="1496" VPOS="668" WIDTH="255" HEIGHT="29" WC="0.91" CONTENT="minimitullar."/>
						</TextLine>
					</TextBlock>
				</ComposedBlock>
				<ComposedBlock ID="cblock_2" HPOS="873" VPOS="785" WIDTH="261" HEIGHT="113">
					<TextBlock ID="block_3" HPOS="873" VPOS="785" WIDTH="261" HEIGHT="113">
						<TextLine ID="line_10" HPOS="929" VPOS="785" WIDTH="146" HEIGHT="38">
							<String ID="string_104" HPOS="929" VPOS="785" WIDTH="86" HEIGHT="38" WC="0.95" CONTENT="Kap."/><SP WIDTH="19" VPOS="785" HPOS="1015"/>
							<String ID="string_105" HPOS="1034" VPOS="785" WIDTH="41" HEIGHT="29" WC="0.96" CONTENT="54"/>
						</TextLine>
						<TextLine ID="line_11" HPOS="873" VPOS="868" WIDTH="261" HEIGHT="30">
							<String ID="string_106" HPOS="873" VPOS="868" WIDTH="60" HEIGHT="29" WC="0.96" CONTENT="Lin"/><SP WIDTH="26" VPOS="868" HPOS="933"/>
							<String ID="string_107" HPOS="959" VPOS="869" WIDTH="63" HEIGHT="28" WC="0.93" CONTENT="och"/><SP WIDTH="26" VPOS="869" HPOS="1022"/>
							<String ID="string_108" HPOS="1048" VPOS="870" WIDTH="86" HEIGHT="28" WC="0.92" CONTENT="rami"/>
						</TextLine>
					</TextBlock>
				</ComposedBlock>
				<ComposedBlock ID="cblock_3" HPOS="251" VPOS="965" WIDTH="1502" HEIGHT="344">
					<TextBlock ID="block_4" HPOS="252" VPOS="965" WIDTH="1501" HEIGHT="137">
						<TextLine ID="line_12" HPOS="298" VPOS="965" WIDTH="1455" HEIGHT="39">
							<String ID="string_109" HPOS="298" VPOS="965" WIDTH="75" HEIGHT="29" WC="0.96" CONTENT="Med"/><SP WIDTH="21" VPOS="965" HPOS="373"/>
							<String ID="string_110" HPOS="394" VPOS="965" WIDTH="210" HEIGHT="38" WC="0.96" CONTENT="hänvisning"/><SP WIDTH="24" VPOS="965" HPOS="604"/>
							<String ID="string_111" HPOS="628" VPOS="968" WIDTH="9" HEIGHT="28" WC="0.96" CONTENT="i"/><SP WIDTH="24" VPOS="968" HPOS="637"/>
							<String ID="string_112" HPOS="661" VPOS="967" WIDTH="110" HEIGHT="37" WC="0.96" CONTENT="övrigt"/><SP WIDTH="22" VPOS="967" HPOS="771"/>
							<String ID="string_113" HPOS="793" VPOS="968" WIDTH="50" HEIGHT="29" WC="0.87" CONTENT="till"/><SP WIDTH="24" VPOS="968" HPOS="843"/>
							<String ID="string_114" HPOS="867" VPOS="968" WIDTH="52" HEIGHT="29" WC="0.95" CONTENT="det"/><SP WIDTH="24" VPOS="968" HPOS="919"/>
							<String ID="string_115" HPOS="943" VPOS="969" WIDTH="175" HEIGHT="29" WC="0.92" CONTENT="allmänna"/><SP WIDTH="23" VPOS="969" HPOS="1118"/>
							<String ID="string_116" HPOS="1141" VPOS="970" WIDTH="256" HEIGHT="29" WC="0.40" CONTENT="textilavsnittet"/><SP WIDTH="26" VPOS="970" HPOS="1397"/>
							<String ID="string_117" HPOS="1423" VPOS="973" WIDTH="85" HEIGHT="26" WC="0.96" CONTENT="samt"/><SP WIDTH="24" VPOS="973" HPOS="1508"/>
							<String ID="string_118" HPOS="1532" VPOS="972" WIDTH="65" HEIGHT="28" WC="0.96" CONTENT="den"/><SP WIDTH="22" VPOS="972" HPOS="1597"/>
							<String ID="string_119" HPOS="1619" VPOS="972" WIDTH="57" HEIGHT="29" WC="0.93" CONTENT="vid"/><SP WIDTH="22" VPOS="972" HPOS="1676"/>
							<String ID="string_120" HPOS="1698" VPOS="972" WIDTH="55" HEIGHT="28" WC="0.92" CONTENT="be-"/>
						</TextLine>
						<TextLine ID="line_13" HPOS="252" VPOS="1014" WIDTH="1501" HEIGHT="45">
							<String ID="string_121" HPOS="252" VPOS="1014" WIDTH="191" HEIGHT="30" WC="0.96" CONTENT="tänkandet"/><SP WIDTH="24" VPOS="1014" HPOS="443"/>
							<String ID="string_122" HPOS="467" VPOS="1015" WIDTH="124" HEIGHT="39" WC="0.96" CONTENT="fogade"/><SP WIDTH="22" VPOS="1015" HPOS="591"/>
							<String ID="string_123" HPOS="613" VPOS="1016" WIDTH="137" HEIGHT="39" WC="0.96" CONTENT="bilagan"/><SP WIDTH="24" VPOS="1016" HPOS="750"/>
							<String ID="string_124" HPOS="774" VPOS="1017" WIDTH="53" HEIGHT="30" WC="0.96" CONTENT="får"/><SP WIDTH="24" VPOS="1017" HPOS="827"/>
							<String ID="string_125" HPOS="851" VPOS="1018" WIDTH="168" HEIGHT="30" WC="0.96" CONTENT="utskottet"/><SP WIDTH="22" VPOS="1018" HPOS="1019"/>
							<String ID="string_126" HPOS="1041" VPOS="1018" WIDTH="221" HEIGHT="31" WC="0.96" CONTENT="beträffande"/><SP WIDTH="24" VPOS="1018" HPOS="1262"/>
							<String ID="string_127" HPOS="1286" VPOS="1020" WIDTH="50" HEIGHT="29" WC="0.93" CONTENT="hit"/><SP WIDTH="23" VPOS="1020" HPOS="1336"/>
							<String ID="string_128" HPOS="1359" VPOS="1019" WIDTH="198" HEIGHT="40" WC="0.91" CONTENT="hänförliga"/><SP WIDTH="23" VPOS="1019" HPOS="1557"/>
							<String ID="string_129" HPOS="1580" VPOS="1021" WIDTH="173" HEIGHT="29" WC="0.96" CONTENT="vävnader"/>
						</TextLine>
						<TextLine ID="line_14" HPOS="253" VPOS="1065" WIDTH="310" HEIGHT="37">
							<String ID="string_130" HPOS="253" VPOS="1065" WIDTH="123" HEIGHT="30" WC="0.96" CONTENT="anföra"/><SP WIDTH="21" VPOS="1065" HPOS="376"/>
							<String ID="string_131" HPOS="397" VPOS="1066" WIDTH="166" HEIGHT="36" WC="0.96" CONTENT="följande."/>
						</TextLine>
					</TextBlock>
					<TextBlock ID="block_5" HPOS="251" VPOS="1116" WIDTH="1502" HEIGHT="193">
						<TextLine ID="line_15" HPOS="295" VPOS="1116" WIDTH="1458" HEIGHT="43">
							<String ID="string_132" HPOS="295" VPOS="1116" WIDTH="48" HEIGHT="28" WC="0.94" CONTENT="Nr"/><SP WIDTH="17" VPOS="1116" HPOS="343"/>
							<String ID="string_133" HPOS="360" VPOS="1116" WIDTH="106" HEIGHT="30" WC="0.82" CONTENT="54.05."/><SP WIDTH="18" VPOS="1116" HPOS="466"/>
							<String ID="string_134" HPOS="484" VPOS="1117" WIDTH="118" HEIGHT="38" WC="0.95" CONTENT="Enligt"/><SP WIDTH="17" VPOS="1117" HPOS="602"/>
							<String ID="string_135" HPOS="619" VPOS="1118" WIDTH="92" HEIGHT="29" WC="0.93" CONTENT="såväl"/><SP WIDTH="18" VPOS="1118" HPOS="711"/>
							<String ID="string_136" HPOS="729" VPOS="1119" WIDTH="366" HEIGHT="30" WC="0.91" CONTENT="tulltaxekommitténs"/><SP WIDTH="18" VPOS="1119" HPOS="1095"/>
							<String ID="string_137" HPOS="1113" VPOS="1120" WIDTH="129" HEIGHT="37" WC="0.96" CONTENT="förslag"/><SP WIDTH="17" VPOS="1120" HPOS="1242"/>
							<String ID="string_138" HPOS="1259" VPOS="1131" WIDTH="73" HEIGHT="19" WC="0.96" CONTENT="som"/><SP WIDTH="20" VPOS="1131" HPOS="1332"/>
							<String ID="string_139" HPOS="1352" VPOS="1122" WIDTH="122" HEIGHT="36" WC="0.95" CONTENT="Kungl."/><SP WIDTH="19" VPOS="1122" HPOS="1474"/>
							<String ID="string_140" HPOS="1493" VPOS="1122" WIDTH="120" HEIGHT="36" WC="0.93" CONTENT="Maj:ts"/><SP WIDTH="18" VPOS="1122" HPOS="1613"/>
							<String ID="string_141" HPOS="1631" VPOS="1132" WIDTH="122" HEIGHT="27" WC="0.92" CONTENT="propo-"/>
						</TextLine>
						<TextLine ID="line_16" HPOS="254" VPOS="1166" WIDTH="1499" HEIGHT="45">
							<String ID="string_142" HPOS="254" VPOS="1166" WIDTH="103" HEIGHT="28" WC="0.90" CONTENT="sition"/><SP WIDTH="23" VPOS="1166" HPOS="357"/>
							<String ID="string_143" HPOS="380" VPOS="1166" WIDTH="112" HEIGHT="30" WC="0.96" CONTENT="skulle"/><SP WIDTH="22" VPOS="1166" HPOS="492"/>
							<String ID="string_144" HPOS="514" VPOS="1167" WIDTH="109" HEIGHT="29" WC="0.95" CONTENT="tullen"/><SP WIDTH="23" VPOS="1167" HPOS="623"/>
							<String ID="string_145" HPOS="646" VPOS="1167" WIDTH="53" HEIGHT="30" WC="0.96" CONTENT="för"/><SP WIDTH="21" VPOS="1167" HPOS="699"/>
							<String ID="string_146" HPOS="720" VPOS="1168" WIDTH="175" HEIGHT="30" WC="0.96" CONTENT="vävnader"/><SP WIDTH="21" VPOS="1168" HPOS="895"/>
							<String ID="string_147" HPOS="916" VPOS="1178" WIDTH="41" HEIGHT="20" WC="0.96" CONTENT="av"/><SP WIDTH="22" VPOS="1178" HPOS="957"/>
							<String ID="string_148" HPOS="979" VPOS="1170" WIDTH="47" HEIGHT="28" WC="0.96" CONTENT="lin"/><SP WIDTH="24" VPOS="1170" HPOS="1026"/>
							<String ID="string_149" HPOS="1050" VPOS="1170" WIDTH="89" HEIGHT="38" WC="0.96" CONTENT="ligga"/><SP WIDTH="24" VPOS="1170" HPOS="1139"/>
							<String ID="string_150" HPOS="1163" VPOS="1172" WIDTH="14" HEIGHT="28" WC="0.96" CONTENT="1"/><SP WIDTH="25" VPOS="1172" HPOS="1177"/>
							<String ID="string_151" HPOS="1202" VPOS="1171" WIDTH="103" HEIGHT="30" WC="0.96" CONTENT="enhet"/><SP WIDTH="21" VPOS="1171" HPOS="1305"/>
							<String ID="string_152" HPOS="1326" VPOS="1172" WIDTH="80" HEIGHT="28" WC="0.96" CONTENT="över"/><SP WIDTH="22" VPOS="1172" HPOS="1406"/>
							<String ID="string_153" HPOS="1428" VPOS="1172" WIDTH="109" HEIGHT="29" WC="0.95" CONTENT="tullen"/><SP WIDTH="24" VPOS="1172" HPOS="1537"/>
							<String ID="string_154" HPOS="1561" VPOS="1172" WIDTH="43" HEIGHT="39" WC="0.93" CONTENT="på"/><SP WIDTH="24" VPOS="1172" HPOS="1604"/>
							<String ID="string_155" HPOS="1628" VPOS="1174" WIDTH="125" HEIGHT="28" WC="0.91" CONTENT="vävna-"/>
						</TextLine>
						<TextLine ID="line_17" HPOS="252" VPOS="1216" WIDTH="1500" HEIGHT="45">
							<String ID="string_156" HPOS="252" VPOS="1216" WIDTH="61" HEIGHT="28" WC="0.96" CONTENT="der"/><SP WIDTH="22" VPOS="1216" HPOS="313"/>
							<String ID="string_157" HPOS="335" VPOS="1225" WIDTH="42" HEIGHT="20" WC="0.96" CONTENT="av"/><SP WIDTH="21" VPOS="1225" HPOS="377"/>
							<String ID="string_158" HPOS="398" VPOS="1217" WIDTH="210" HEIGHT="39" WC="0.95" CONTENT="exempelvis"/><SP WIDTH="23" VPOS="1217" HPOS="608"/>
							<String ID="string_159" HPOS="631" VPOS="1218" WIDTH="146" HEIGHT="36" WC="0.96" CONTENT="bomull;"/><SP WIDTH="27" VPOS="1218" HPOS="777"/>
							<String ID="string_160" HPOS="804" VPOS="1219" WIDTH="9" HEIGHT="28" WC="0.96" CONTENT="i"/><SP WIDTH="24" VPOS="1219" HPOS="813"/>
							<String ID="string_161" HPOS="837" VPOS="1220" WIDTH="346" HEIGHT="29" WC="0.96" CONTENT="överensstämmelse"/><SP WIDTH="24" VPOS="1220" HPOS="1183"/>
							<String ID="string_162" HPOS="1207" VPOS="1221" WIDTH="77" HEIGHT="28" WC="0.95" CONTENT="med"/><SP WIDTH="25" VPOS="1221" HPOS="1284"/>
							<String ID="string_163" HPOS="1309" VPOS="1221" WIDTH="112" HEIGHT="29" WC="0.95" CONTENT="denna"/><SP WIDTH="24" VPOS="1221" HPOS="1421"/>
							<String ID="string_164" HPOS="1445" VPOS="1222" WIDTH="137" HEIGHT="39" WC="0.96" CONTENT="princip"/><SP WIDTH="26" VPOS="1222" HPOS="1582"/>
							<String ID="string_165" HPOS="1608" VPOS="1222" WIDTH="144" HEIGHT="30" WC="0.96" CONTENT="föreslår"/>
						</TextLine>
						<TextLine ID="line_18" HPOS="251" VPOS="1266" WIDTH="1329" HEIGHT="43">
							<String ID="string_166" HPOS="251" VPOS="1266" WIDTH="164" HEIGHT="30" WC="0.96" CONTENT="utskottet"/><SP WIDTH="23" VPOS="1266" HPOS="415"/>
							<String ID="string_167" HPOS="438" VPOS="1268" WIDTH="49" HEIGHT="28" WC="0.96" CONTENT="att"/><SP WIDTH="24" VPOS="1268" HPOS="487"/>
							<String ID="string_168" HPOS="511" VPOS="1267" WIDTH="109" HEIGHT="30" WC="0.96" CONTENT="tullen"/><SP WIDTH="21" VPOS="1267" HPOS="620"/>
							<String ID="string_169" HPOS="641" VPOS="1268" WIDTH="54" HEIGHT="29" WC="0.96" CONTENT="vid"/><SP WIDTH="26" VPOS="1268" HPOS="695"/>
							<String ID="string_170" HPOS="721" VPOS="1268" WIDTH="113" HEIGHT="31" WC="0.95" CONTENT="denna"/><SP WIDTH="24" VPOS="1268" HPOS="834"/>
							<String ID="string_171" HPOS="858" VPOS="1269" WIDTH="119" HEIGHT="29" WC="0.93" CONTENT="rubrik"/><SP WIDTH="26" VPOS="1269" HPOS="977"/>
							<String ID="string_172" HPOS="1003" VPOS="1271" WIDTH="168" HEIGHT="38" WC="0.91" CONTENT="upptages"/><SP WIDTH="23" VPOS="1271" HPOS="1171"/>
							<String ID="string_173" HPOS="1194" VPOS="1271" WIDTH="50" HEIGHT="29" WC="0.96" CONTENT="till"/><SP WIDTH="26" VPOS="1271" HPOS="1244"/>
							<String ID="string_174" HPOS="1270" VPOS="1271" WIDTH="38" HEIGHT="29" WC="0.96" CONTENT="14"/><SP WIDTH="19" VPOS="1271" HPOS="1308"/>
							<String ID="string_175" HPOS="1327" VPOS="1273" WIDTH="32" HEIGHT="33" WC="0.54" CONTENT="Zz,"/><SP WIDTH="27" VPOS="1273" HPOS="1359"/>
							<String ID="string_176" HPOS="1386" VPOS="1281" WIDTH="41" HEIGHT="19" WC="0.96" CONTENT="av"/><SP WIDTH="22" VPOS="1281" HPOS="1427"/>
							<String ID="string_177" HPOS="1449" VPOS="1273" WIDTH="131" HEIGHT="29" WC="0.96" CONTENT="värdet."/>
						</TextLine>
					</TextBlock>
				</ComposedBlock>
				<ComposedBlock ID="cblock_4" HPOS="924" VPOS="1387" WIDTH="153" HEIGHT="112">
					<TextBlock ID="block_6" HPOS="924" VPOS="1387" WIDTH="153" HEIGHT="112">
						<TextLine ID="line_19" HPOS="924" VPOS="1387" WIDTH="153" HEIGHT="38">
							<String ID="string_178" HPOS="924" VPOS="1387" WIDTH="87" HEIGHT="38" WC="0.95" CONTENT="Kap."/><SP WIDTH="25" VPOS="1387" HPOS="1011"/>
							<String ID="string_179" HPOS="1036" VPOS="1388" WIDTH="41" HEIGHT="28" WC="0.93" CONTENT="55"/>
						</TextLine>
						<TextLine ID="line_20" HPOS="933" VPOS="1471" WIDTH="135" HEIGHT="28">
							<String ID="string_180" HPOS="933" VPOS="1471" WIDTH="135" HEIGHT="28" WC="0.95" CONTENT="Bomull"/>
						</TextLine>
					</TextBlock>
				</ComposedBlock>
				<ComposedBlock ID="cblock_5" HPOS="250" VPOS="1567" WIDTH="1503" HEIGHT="192">
					<TextBlock ID="block_7" HPOS="250" VPOS="1567" WIDTH="1503" HEIGHT="192">
						<TextLine ID="line_21" HPOS="295" VPOS="1567" WIDTH="1458" HEIGHT="45">
							<String ID="string_181" HPOS="295" VPOS="1568" WIDTH="12" HEIGHT="28" WC="0.95" CONTENT="I"/><SP WIDTH="26" VPOS="1568" HPOS="307"/>
							<String ID="string_182" HPOS="333" VPOS="1567" WIDTH="97" HEIGHT="39" WC="0.96" CONTENT="fråga"/><SP WIDTH="25" VPOS="1567" HPOS="430"/>
							<String ID="string_183" HPOS="455" VPOS="1577" WIDTH="56" HEIGHT="21" WC="0.95" CONTENT="om"/><SP WIDTH="26" VPOS="1577" HPOS="511"/>
							<String ID="string_184" HPOS="537" VPOS="1568" WIDTH="94" HEIGHT="30" WC="0.95" CONTENT="detta"/><SP WIDTH="24" VPOS="1568" HPOS="631"/>
							<String ID="string_185" HPOS="655" VPOS="1570" WIDTH="129" HEIGHT="38" WC="0.96" CONTENT="kapitel"/><SP WIDTH="27" VPOS="1570" HPOS="784"/>
							<String ID="string_186" HPOS="811" VPOS="1579" WIDTH="100" HEIGHT="30" WC="0.96" CONTENT="synes"/><SP WIDTH="25" VPOS="1579" HPOS="911"/>
							<String ID="string_187" HPOS="936" VPOS="1571" WIDTH="70" HEIGHT="29" WC="0.96" CONTENT="inte"/><SP WIDTH="26" VPOS="1571" HPOS="1006"/>
							<String ID="string_188" HPOS="1032" VPOS="1570" WIDTH="166" HEIGHT="40" WC="0.96" CONTENT="föreligga"/><SP WIDTH="25" VPOS="1570" HPOS="1198"/>
							<String ID="string_189" HPOS="1223" VPOS="1572" WIDTH="106" HEIGHT="38" WC="0.96" CONTENT="några"/><SP WIDTH="26" VPOS="1572" HPOS="1329"/>
							<String ID="string_190" HPOS="1355" VPOS="1573" WIDTH="170" HEIGHT="39" WC="0.96" CONTENT="spörsmål"/><SP WIDTH="26" VPOS="1573" HPOS="1525"/>
							<String ID="string_191" HPOS="1551" VPOS="1583" WIDTH="41" HEIGHT="20" WC="0.91" CONTENT="av"/><SP WIDTH="24" VPOS="1583" HPOS="1592"/>
							<String ID="string_192" HPOS="1616" VPOS="1573" WIDTH="137" HEIGHT="30" WC="0.91" CONTENT="beskaf-"/>
						</TextLine>
						<TextLine ID="line_22" HPOS="251" VPOS="1617" WIDTH="1499" HEIGHT="40">
							<String ID="string_193" HPOS="251" VPOS="1617" WIDTH="118" HEIGHT="30" WC="0.91" CONTENT="fenhet"/><SP WIDTH="26" VPOS="1617" HPOS="369"/>
							<String ID="string_194" HPOS="395" VPOS="1619" WIDTH="48" HEIGHT="28" WC="0.96" CONTENT="att"/><SP WIDTH="26" VPOS="1619" HPOS="443"/>
							<String ID="string_195" HPOS="469" VPOS="1618" WIDTH="141" HEIGHT="39" WC="0.96" CONTENT="påkalla"/><SP WIDTH="27" VPOS="1618" HPOS="610"/>
							<String ID="string_196" HPOS="637" VPOS="1620" WIDTH="172" HEIGHT="29" WC="0.96" CONTENT="särskilda"/><SP WIDTH="27" VPOS="1620" HPOS="809"/>
							<String ID="string_197" HPOS="836" VPOS="1621" WIDTH="259" HEIGHT="29" WC="0.96" CONTENT="kommentarer"/><SP WIDTH="26" VPOS="1621" HPOS="1095"/>
							<String ID="string_198" HPOS="1121" VPOS="1621" WIDTH="76" HEIGHT="30" WC="0.95" CONTENT="från"/><SP WIDTH="29" VPOS="1621" HPOS="1197"/>
							<String ID="string_199" HPOS="1226" VPOS="1623" WIDTH="186" HEIGHT="30" WC="0.95" CONTENT="utskottets"/><SP WIDTH="27" VPOS="1623" HPOS="1412"/>
							<String ID="string_200" HPOS="1439" VPOS="1623" WIDTH="73" HEIGHT="30" WC="0.96" CONTENT="sida"/><SP WIDTH="28" VPOS="1623" HPOS="1512"/>
							<String ID="string_201" HPOS="1540" VPOS="1625" WIDTH="120" HEIGHT="28" WC="0.96" CONTENT="utöver"/><SP WIDTH="28" VPOS="1625" HPOS="1660"/>
							<String ID="string_202" HPOS="1688" VPOS="1625" WIDTH="62" HEIGHT="28" WC="0.96" CONTENT="vad"/>
						</TextLine>
						<TextLine ID="line_23" HPOS="251" VPOS="1668" WIDTH="1502" HEIGHT="36">
							<String ID="string_203" HPOS="251" VPOS="1676" WIDTH="73" HEIGHT="20" WC="0.96" CONTENT="som"/><SP WIDTH="25" VPOS="1676" HPOS="324"/>
							<String ID="string_204" HPOS="349" VPOS="1668" WIDTH="135" HEIGHT="29" WC="0.96" CONTENT="anförts"/><SP WIDTH="24" VPOS="1668" HPOS="484"/>
							<String ID="string_205" HPOS="508" VPOS="1669" WIDTH="9" HEIGHT="28" WC="0.96" CONTENT="i"/><SP WIDTH="26" VPOS="1669" HPOS="517"/>
							<String ID="string_206" HPOS="543" VPOS="1669" WIDTH="56" HEIGHT="29" WC="0.96" CONTENT="det"/><SP WIDTH="25" VPOS="1669" HPOS="599"/>
							<String ID="string_207" HPOS="624" VPOS="1670" WIDTH="177" HEIGHT="29" WC="0.96" CONTENT="allmänna"/><SP WIDTH="25" VPOS="1670" HPOS="801"/>
							<String ID="string_208" HPOS="826" VPOS="1671" WIDTH="162" HEIGHT="29" WC="0.96" CONTENT="avsnittet"/><SP WIDTH="25" VPOS="1671" HPOS="988"/>
							<String ID="string_209" HPOS="1013" VPOS="1671" WIDTH="148" HEIGHT="30" WC="0.93" CONTENT="rörande"/><SP WIDTH="25" VPOS="1671" HPOS="1161"/>
							<String ID="string_210" HPOS="1186" VPOS="1673" WIDTH="201" HEIGHT="29" WC="0.89" CONTENT="textilvaror"/><SP WIDTH="25" VPOS="1673" HPOS="1387"/>
							<String ID="string_211" HPOS="1412" VPOS="1676" WIDTH="88" HEIGHT="26" WC="0.96" CONTENT="samt"/><SP WIDTH="26" VPOS="1676" HPOS="1500"/>
							<String ID="string_212" HPOS="1526" VPOS="1674" WIDTH="65" HEIGHT="29" WC="0.96" CONTENT="den"/><SP WIDTH="27" VPOS="1674" HPOS="1591"/>
							<String ID="string_213" HPOS="1618" VPOS="1675" WIDTH="55" HEIGHT="29" WC="0.93" CONTENT="vid"/><SP WIDTH="26" VPOS="1675" HPOS="1673"/>
							<String ID="string_214" HPOS="1699" VPOS="1675" WIDTH="54" HEIGHT="28" WC="0.92" CONTENT="be-"/>
						</TextLine>
						<TextLine ID="line_24" HPOS="250" VPOS="1718" WIDTH="511" HEIGHT="41">
							<String ID="string_215" HPOS="250" VPOS="1718" WIDTH="190" HEIGHT="30" WC="0.96" CONTENT="tänkandet"/><SP WIDTH="26" VPOS="1718" HPOS="440"/>
							<String ID="string_216" HPOS="466" VPOS="1718" WIDTH="124" HEIGHT="39" WC="0.96" CONTENT="fogade"/><SP WIDTH="24" VPOS="1718" HPOS="590"/>
							<String ID="string_217" HPOS="614" VPOS="1719" WIDTH="147" HEIGHT="40" WC="0.96" CONTENT="bilagan."/>
						</TextLine>
					</TextBlock>
				</ComposedBlock>
				<ComposedBlock ID="cblock_6" HPOS="554" VPOS="1840" WIDTH="893" HEIGHT="119">
					<TextBlock ID="block_8" HPOS="554" VPOS="1840" WIDTH="893" HEIGHT="119">
						<TextLine ID="line_25" HPOS="927" VPOS="1840" WIDTH="146" HEIGHT="38">
							<String ID="string_218" HPOS="927" VPOS="1840" WIDTH="85" HEIGHT="38" WC="0.91" CONTENT="Kap."/><SP WIDTH="20" VPOS="1840" HPOS="1012"/>
							<String ID="string_219" HPOS="1032" VPOS="1840" WIDTH="41" HEIGHT="28" WC="0.85" CONTENT="56"/>
						</TextLine>
						<TextLine ID="line_26" HPOS="554" VPOS="1922" WIDTH="893" HEIGHT="37">
							<String ID="string_220" HPOS="554" VPOS="1922" WIDTH="104" HEIGHT="28" WC="0.96" CONTENT="Korta"/><SP WIDTH="22" VPOS="1922" HPOS="658"/>
							<String ID="string_221" HPOS="680" VPOS="1923" WIDTH="191" HEIGHT="34" WC="0.96" CONTENT="syntetiska"/><SP WIDTH="22" VPOS="1923" HPOS="871"/>
							<String ID="string_222" HPOS="893" VPOS="1923" WIDTH="81" HEIGHT="29" WC="0.96" CONTENT="eller"/><SP WIDTH="21" VPOS="1923" HPOS="974"/>
							<String ID="string_223" HPOS="995" VPOS="1925" WIDTH="226" HEIGHT="34" WC="0.96" CONTENT="konstgjorda"/><SP WIDTH="22" VPOS="1925" HPOS="1221"/>
							<String ID="string_224" HPOS="1243" VPOS="1926" WIDTH="204" HEIGHT="28" WC="0.96" CONTENT="textilfibrer"/>
						</TextLine>
					</TextBlock>
				</ComposedBlock>
				<ComposedBlock ID="cblock_7" HPOS="247" VPOS="2019" WIDTH="1504" HEIGHT="499">
					<TextBlock ID="block_9" HPOS="247" VPOS="2019" WIDTH="1503" HEIGHT="193">
						<TextLine ID="line_27" HPOS="292" VPOS="2019" WIDTH="1458" HEIGHT="41">
							<String ID="string_225" HPOS="292" VPOS="2019" WIDTH="100" HEIGHT="29" WC="0.96" CONTENT="Vissa"/><SP WIDTH="21" VPOS="2019" HPOS="392"/>
							<String ID="string_226" HPOS="413" VPOS="2020" WIDTH="63" HEIGHT="29" WC="0.96" CONTENT="här"/><SP WIDTH="24" VPOS="2020" HPOS="476"/>
							<String ID="string_227" HPOS="500" VPOS="2023" WIDTH="177" HEIGHT="37" WC="0.96" CONTENT="upptagna"/><SP WIDTH="21" VPOS="2023" HPOS="677"/>
							<String ID="string_228" HPOS="698" VPOS="2022" WIDTH="193" HEIGHT="38" WC="0.92" CONTENT="produkter"/><SP WIDTH="20" VPOS="2022" HPOS="891"/>
							<String ID="string_229" HPOS="911" VPOS="2022" WIDTH="137" HEIGHT="30" WC="0.92" CONTENT="beröres"/><SP WIDTH="23" VPOS="2022" HPOS="1048"/>
							<String ID="string_230" HPOS="1071" VPOS="2033" WIDTH="42" HEIGHT="20" WC="0.96" CONTENT="av"/><SP WIDTH="21" VPOS="2033" HPOS="1113"/>
							<String ID="string_231" HPOS="1134" VPOS="2033" WIDTH="42" HEIGHT="20" WC="0.96" CONTENT="en"/><SP WIDTH="22" VPOS="2033" HPOS="1176"/>
							<String ID="string_232" HPOS="1198" VPOS="2025" WIDTH="149" HEIGHT="30" WC="0.96" CONTENT="särskild"/><SP WIDTH="23" VPOS="2025" HPOS="1347"/>
							<String ID="string_233" HPOS="1370" VPOS="2026" WIDTH="142" HEIGHT="34" WC="0.96" CONTENT="motion,"/><SP WIDTH="23" VPOS="2026" HPOS="1512"/>
							<String ID="string_234" HPOS="1535" VPOS="2026" WIDTH="116" HEIGHT="29" WC="0.91" CONTENT="vilken"/><SP WIDTH="23" VPOS="2026" HPOS="1651"/>
							<String ID="string_235" HPOS="1674" VPOS="2028" WIDTH="76" HEIGHT="28" WC="0.90" CONTENT="när-"/>
						</TextLine>
						<TextLine ID="line_28" HPOS="248" VPOS="2069" WIDTH="1502" HEIGHT="44">
							<String ID="string_236" HPOS="248" VPOS="2078" WIDTH="95" HEIGHT="20" WC="0.96" CONTENT="mare"/><SP WIDTH="18" VPOS="2078" HPOS="343"/>
							<String ID="string_237" HPOS="361" VPOS="2069" WIDTH="193" HEIGHT="31" WC="0.96" CONTENT="behandlas"/><SP WIDTH="20" VPOS="2069" HPOS="554"/>
							<String ID="string_238" HPOS="574" VPOS="2071" WIDTH="109" HEIGHT="29" WC="0.96" CONTENT="under"/><SP WIDTH="18" VPOS="2071" HPOS="683"/>
							<String ID="string_239" HPOS="701" VPOS="2081" WIDTH="41" HEIGHT="20" WC="0.96" CONTENT="nr"/><SP WIDTH="19" VPOS="2081" HPOS="742"/>
							<String ID="string_240" HPOS="761" VPOS="2072" WIDTH="93" HEIGHT="29" WC="0.96" CONTENT="56.01"/><SP WIDTH="23" VPOS="2072" HPOS="854"/>
							<String ID="string_241" HPOS="877" VPOS="2073" WIDTH="62" HEIGHT="29" WC="0.96" CONTENT="här"/><SP WIDTH="18" VPOS="2073" HPOS="939"/>
							<String ID="string_242" HPOS="957" VPOS="2073" WIDTH="124" HEIGHT="29" WC="0.96" CONTENT="nedan."/><SP WIDTH="22" VPOS="2073" HPOS="1081"/>
							<String ID="string_243" HPOS="1103" VPOS="2075" WIDTH="11" HEIGHT="28" WC="0.96" CONTENT="I"/><SP WIDTH="20" VPOS="2075" HPOS="1114"/>
							<String ID="string_244" HPOS="1134" VPOS="2074" WIDTH="110" HEIGHT="39" WC="0.96" CONTENT="övrigt"/><SP WIDTH="22" VPOS="2074" HPOS="1244"/>
							<String ID="string_245" HPOS="1266" VPOS="2075" WIDTH="54" HEIGHT="29" WC="0.95" CONTENT="får"/><SP WIDTH="20" VPOS="2075" HPOS="1320"/>
							<String ID="string_246" HPOS="1340" VPOS="2076" WIDTH="168" HEIGHT="29" WC="0.96" CONTENT="utskottet"/><SP WIDTH="20" VPOS="2076" HPOS="1508"/>
							<String ID="string_247" HPOS="1528" VPOS="2076" WIDTH="222" HEIGHT="30" WC="0.96" CONTENT="beträffande"/>
						</TextLine>
						<TextLine ID="line_29" HPOS="247" VPOS="2118" WIDTH="1503" HEIGHT="42">
							<String ID="string_248" HPOS="247" VPOS="2118" WIDTH="208" HEIGHT="31" WC="0.93" CONTENT="hithörande"/><SP WIDTH="23" VPOS="2118" HPOS="455"/>
							<String ID="string_249" HPOS="478" VPOS="2121" WIDTH="163" HEIGHT="39" WC="0.91" CONTENT="varuslag"/><SP WIDTH="23" VPOS="2121" HPOS="641"/>
							<String ID="string_250" HPOS="664" VPOS="2122" WIDTH="146" HEIGHT="29" WC="0.96" CONTENT="hänvisa"/><SP WIDTH="24" VPOS="2122" HPOS="810"/>
							<String ID="string_251" HPOS="834" VPOS="2123" WIDTH="50" HEIGHT="30" WC="0.96" CONTENT="till"/><SP WIDTH="26" VPOS="2123" HPOS="884"/>
							<String ID="string_252" HPOS="910" VPOS="2123" WIDTH="54" HEIGHT="29" WC="0.96" CONTENT="det"/><SP WIDTH="25" VPOS="2123" HPOS="964"/>
							<String ID="string_253" HPOS="989" VPOS="2124" WIDTH="177" HEIGHT="29" WC="0.96" CONTENT="allmänna"/><SP WIDTH="25" VPOS="2124" HPOS="1166"/>
							<String ID="string_254" HPOS="1191" VPOS="2125" WIDTH="163" HEIGHT="30" WC="0.96" CONTENT="avsnittet"/><SP WIDTH="26" VPOS="2125" HPOS="1354"/>
							<String ID="string_255" HPOS="1380" VPOS="2126" WIDTH="145" HEIGHT="29" WC="0.93" CONTENT="rörande"/><SP WIDTH="25" VPOS="2126" HPOS="1525"/>
							<String ID="string_256" HPOS="1550" VPOS="2127" WIDTH="200" HEIGHT="29" WC="0.92" CONTENT="textilvaror"/>
						</TextLine>
						<TextLine ID="line_30" HPOS="247" VPOS="2169" WIDTH="645" HEIGHT="43">
							<String ID="string_257" HPOS="247" VPOS="2169" WIDTH="109" HEIGHT="38" WC="0.96" CONTENT="jämte"/><SP WIDTH="19" VPOS="2169" HPOS="356"/>
							<String ID="string_258" HPOS="375" VPOS="2170" WIDTH="65" HEIGHT="29" WC="0.96" CONTENT="den"/><SP WIDTH="18" VPOS="2170" HPOS="440"/>
							<String ID="string_259" HPOS="458" VPOS="2170" WIDTH="124" HEIGHT="30" WC="0.96" CONTENT="härvid"/><SP WIDTH="20" VPOS="2170" HPOS="582"/>
							<String ID="string_260" HPOS="602" VPOS="2171" WIDTH="123" HEIGHT="40" WC="0.96" CONTENT="fogade"/><SP WIDTH="18" VPOS="2171" HPOS="725"/>
							<String ID="string_261" HPOS="743" VPOS="2172" WIDTH="149" HEIGHT="40" WC="0.96" CONTENT="bilagan."/>
						</TextLine>
					</TextBlock>
					<TextBlock ID="block_10" HPOS="247" VPOS="2221" WIDTH="1504" HEIGHT="297">
						<TextLine ID="line_31" HPOS="291" VPOS="2221" WIDTH="1458" HEIGHT="46">
							<String ID="string_262" HPOS="291" VPOS="2221" WIDTH="48" HEIGHT="28" WC="0.95" CONTENT="Nr"/><SP WIDTH="19" VPOS="2221" HPOS="339"/>
							<String ID="string_263" HPOS="358" VPOS="2221" WIDTH="105" HEIGHT="29" WC="0.81" CONTENT="56.01."/><SP WIDTH="21" VPOS="2221" HPOS="463"/>
							<String ID="string_264" HPOS="484" VPOS="2222" WIDTH="67" HEIGHT="28" WC="0.54" CONTENT="&quot;Till"/><SP WIDTH="22" VPOS="2222" HPOS="551"/>
							<String ID="string_265" HPOS="573" VPOS="2222" WIDTH="93" HEIGHT="30" WC="0.95" CONTENT="detta"/><SP WIDTH="19" VPOS="2222" HPOS="666"/>
							<String ID="string_266" HPOS="685" VPOS="2232" WIDTH="162" HEIGHT="20" WC="0.93" CONTENT="nummer"/><SP WIDTH="20" VPOS="2232" HPOS="847"/>
							<String ID="string_267" HPOS="867" VPOS="2223" WIDTH="196" HEIGHT="40" WC="0.92" CONTENT="hänförliga"/><SP WIDTH="21" VPOS="2223" HPOS="1063"/>
							<String ID="string_268" HPOS="1084" VPOS="2225" WIDTH="100" HEIGHT="29" WC="0.96" CONTENT="korta"/><SP WIDTH="21" VPOS="2225" HPOS="1184"/>
							<String ID="string_269" HPOS="1205" VPOS="2227" WIDTH="193" HEIGHT="37" WC="0.96" CONTENT="syntetiska"/><SP WIDTH="20" VPOS="2227" HPOS="1398"/>
							<String ID="string_270" HPOS="1418" VPOS="2227" WIDTH="81" HEIGHT="29" WC="0.96" CONTENT="eller"/><SP WIDTH="23" VPOS="2227" HPOS="1499"/>
							<String ID="string_271" HPOS="1522" VPOS="2228" WIDTH="227" HEIGHT="39" WC="0.96" CONTENT="konstgjorda"/>
						</TextLine>
						<TextLine ID="line_32" HPOS="248" VPOS="2270" WIDTH="1501" HEIGHT="45">
							<String ID="string_272" HPOS="248" VPOS="2270" WIDTH="208" HEIGHT="30" WC="0.92" CONTENT="textilfibrer"/><SP WIDTH="27" VPOS="2270" HPOS="456"/>
							<String ID="string_273" HPOS="483" VPOS="2272" WIDTH="183" HEIGHT="38" WC="0.92" CONTENT="(syntetull"/><SP WIDTH="24" VPOS="2272" HPOS="666"/>
							<String ID="string_274" HPOS="690" VPOS="2282" WIDTH="88" HEIGHT="30" WC="0.93" CONTENT="resp."/><SP WIDTH="24" VPOS="2282" HPOS="778"/>
							<String ID="string_275" HPOS="802" VPOS="2275" WIDTH="176" HEIGHT="37" WC="0.89" CONTENT="rayonull)"/><SP WIDTH="27" VPOS="2275" HPOS="978"/>
							<String ID="string_276" HPOS="1005" VPOS="2275" WIDTH="85" HEIGHT="38" WC="0.96" CONTENT="drog"/><SP WIDTH="23" VPOS="2275" HPOS="1090"/>
							<String ID="string_277" HPOS="1113" VPOS="2275" WIDTH="93" HEIGHT="30" WC="0.96" CONTENT="förut"/><SP WIDTH="23" VPOS="2275" HPOS="1206"/>
							<String ID="string_278" HPOS="1229" VPOS="2277" WIDTH="160" HEIGHT="38" WC="0.95" CONTENT="samtliga"/><SP WIDTH="23" VPOS="2277" HPOS="1389"/>
							<String ID="string_279" HPOS="1412" VPOS="2286" WIDTH="41" HEIGHT="20" WC="0.96" CONTENT="en"/><SP WIDTH="25" VPOS="2286" HPOS="1453"/>
							<String ID="string_280" HPOS="1478" VPOS="2278" WIDTH="63" HEIGHT="28" WC="0.95" CONTENT="tull"/><SP WIDTH="25" VPOS="2278" HPOS="1541"/>
							<String ID="string_281" HPOS="1566" VPOS="2287" WIDTH="42" HEIGHT="20" WC="0.96" CONTENT="av"/><SP WIDTH="24" VPOS="2287" HPOS="1608"/>
							<String ID="string_282" HPOS="1632" VPOS="2279" WIDTH="37" HEIGHT="29" WC="0.90" CONTENT="13"/><SP WIDTH="24" VPOS="2279" HPOS="1669"/>
							<String ID="string_283" HPOS="1693" VPOS="2280" WIDTH="56" HEIGHT="28" WC="0.96" CONTENT="öre"/>
						</TextLine>
						<TextLine ID="line_33" HPOS="248" VPOS="2320" WIDTH="1500" HEIGHT="43">
							<String ID="string_284" HPOS="248" VPOS="2328" WIDTH="61" HEIGHT="30" WC="0.95" CONTENT="per"/><SP WIDTH="22" VPOS="2328" HPOS="309"/>
							<String ID="string_285" HPOS="331" VPOS="2320" WIDTH="54" HEIGHT="39" WC="0.93" CONTENT="kg."/><SP WIDTH="24" VPOS="2320" HPOS="385"/>
							<String ID="string_286" HPOS="409" VPOS="2321" WIDTH="372" HEIGHT="32" WC="0.89" CONTENT="Tulltaxekommittén"/><SP WIDTH="25" VPOS="2321" HPOS="781"/>
							<String ID="string_287" HPOS="806" VPOS="2324" WIDTH="149" HEIGHT="39" WC="0.96" CONTENT="föreslog"/><SP WIDTH="23" VPOS="2324" HPOS="955"/>
							<String ID="string_288" HPOS="978" VPOS="2334" WIDTH="41" HEIGHT="19" WC="0.96" CONTENT="en"/><SP WIDTH="24" VPOS="2334" HPOS="1019"/>
							<String ID="string_289" HPOS="1043" VPOS="2326" WIDTH="64" HEIGHT="28" WC="0.95" CONTENT="tull"/><SP WIDTH="25" VPOS="2326" HPOS="1107"/>
							<String ID="string_290" HPOS="1132" VPOS="2335" WIDTH="41" HEIGHT="20" WC="0.96" CONTENT="av"/><SP WIDTH="23" VPOS="2335" HPOS="1173"/>
							<String ID="string_291" HPOS="1196" VPOS="2326" WIDTH="18" HEIGHT="29" WC="0.93" CONTENT="8"/><SP WIDTH="29" VPOS="2326" HPOS="1214"/>
							<String ID="string_292" HPOS="1243" VPOS="2328" WIDTH="32" HEIGHT="32" WC="0.63" CONTENT="Z"/><SP WIDTH="30" VPOS="2328" HPOS="1275"/>
							<String ID="string_293" HPOS="1305" VPOS="2336" WIDTH="41" HEIGHT="20" WC="0.96" CONTENT="av"/><SP WIDTH="22" VPOS="2336" HPOS="1346"/>
							<String ID="string_294" HPOS="1368" VPOS="2328" WIDTH="130" HEIGHT="33" WC="0.96" CONTENT="värdet,"/><SP WIDTH="25" VPOS="2328" HPOS="1498"/>
							<String ID="string_295" HPOS="1523" VPOS="2328" WIDTH="115" HEIGHT="30" WC="0.96" CONTENT="vilken"/><SP WIDTH="25" VPOS="2328" HPOS="1638"/>
							<String ID="string_296" HPOS="1663" VPOS="2329" WIDTH="85" HEIGHT="29" WC="0.96" CONTENT="dock"/>
						</TextLine>
						<TextLine ID="line_34" HPOS="249" VPOS="2369" WIDTH="1502" HEIGHT="42">
							<String ID="string_297" HPOS="249" VPOS="2369" WIDTH="221" HEIGHT="32" WC="0.93" CONTENT="beträffande"/><SP WIDTH="28" VPOS="2369" HPOS="470"/>
							<String ID="string_298" HPOS="498" VPOS="2373" WIDTH="165" HEIGHT="38" WC="0.92" CONTENT="syntetull"/><SP WIDTH="27" VPOS="2373" HPOS="663"/>
							<String ID="string_299" HPOS="690" VPOS="2373" WIDTH="71" HEIGHT="30" WC="0.96" CONTENT="inte"/><SP WIDTH="28" VPOS="2373" HPOS="761"/>
							<String ID="string_300" HPOS="789" VPOS="2374" WIDTH="112" HEIGHT="29" WC="0.96" CONTENT="skulle"/><SP WIDTH="26" VPOS="2374" HPOS="901"/>
							<String ID="string_301" HPOS="927" VPOS="2375" WIDTH="108" HEIGHT="29" WC="0.96" CONTENT="sättas"/><SP WIDTH="28" VPOS="2375" HPOS="1035"/>
							<String ID="string_302" HPOS="1063" VPOS="2375" WIDTH="9" HEIGHT="28" WC="0.96" CONTENT="i"/><SP WIDTH="28" VPOS="2375" HPOS="1072"/>
							<String ID="string_303" HPOS="1100" VPOS="2376" WIDTH="104" HEIGHT="35" WC="0.96" CONTENT="kraft,"/><SP WIDTH="30" VPOS="2376" HPOS="1204"/>
							<String ID="string_304" HPOS="1234" VPOS="2376" WIDTH="119" HEIGHT="31" WC="0.96" CONTENT="förrän"/><SP WIDTH="27" VPOS="2376" HPOS="1353"/>
							<String ID="string_305" HPOS="1380" VPOS="2377" WIDTH="64" HEIGHT="30" WC="0.96" CONTENT="den"/><SP WIDTH="28" VPOS="2377" HPOS="1444"/>
							<String ID="string_306" HPOS="1472" VPOS="2378" WIDTH="185" HEIGHT="30" WC="0.91" CONTENT="inhemska"/><SP WIDTH="27" VPOS="2378" HPOS="1657"/>
							<String ID="string_307" HPOS="1684" VPOS="2379" WIDTH="67" HEIGHT="29" WC="0.91" CONTENT="till-"/>
						</TextLine>
						<TextLine ID="line_35" HPOS="247" VPOS="2420" WIDTH="1504" HEIGHT="48">
							<String ID="string_308" HPOS="247" VPOS="2420" WIDTH="215" HEIGHT="40" WC="0.91" CONTENT="verkningen"/><SP WIDTH="18" VPOS="2420" HPOS="462"/>
							<String ID="string_309" HPOS="480" VPOS="2422" WIDTH="77" HEIGHT="30" WC="0.96" CONTENT="nått"/><SP WIDTH="19" VPOS="2422" HPOS="557"/>
							<String ID="string_310" HPOS="576" VPOS="2432" WIDTH="42" HEIGHT="20" WC="0.96" CONTENT="en"/><SP WIDTH="17" VPOS="2432" HPOS="618"/>
							<String ID="string_311" HPOS="635" VPOS="2424" WIDTH="70" HEIGHT="29" WC="0.96" CONTENT="viss"/><SP WIDTH="19" VPOS="2424" HPOS="705"/>
							<String ID="string_312" HPOS="724" VPOS="2424" WIDTH="222" HEIGHT="39" WC="0.95" CONTENT="omfattning."/><SP WIDTH="20" VPOS="2424" HPOS="946"/>
							<String ID="string_313" HPOS="966" VPOS="2426" WIDTH="177" HEIGHT="39" WC="0.96" CONTENT="Förslaget"/><SP WIDTH="20" VPOS="2426" HPOS="1143"/>
							<String ID="string_314" HPOS="1163" VPOS="2427" WIDTH="63" HEIGHT="30" WC="0.96" CONTENT="har"/><SP WIDTH="19" VPOS="2427" HPOS="1226"/>
							<String ID="string_315" HPOS="1245" VPOS="2427" WIDTH="103" HEIGHT="30" WC="0.96" CONTENT="såvitt"/><SP WIDTH="19" VPOS="2427" HPOS="1348"/>
							<String ID="string_316" HPOS="1367" VPOS="2428" WIDTH="106" HEIGHT="38" WC="0.93" CONTENT="angår"/><SP WIDTH="20" VPOS="2428" HPOS="1473"/>
							<String ID="string_317" HPOS="1493" VPOS="2430" WIDTH="160" HEIGHT="37" WC="0.89" CONTENT="rayonull"/><SP WIDTH="21" VPOS="2430" HPOS="1653"/>
							<String ID="string_318" HPOS="1674" VPOS="2439" WIDTH="77" HEIGHT="29" WC="0.93" CONTENT="pro-"/>
						</TextLine>
						<TextLine ID="line_36" HPOS="248" VPOS="2470" WIDTH="1502" HEIGHT="48">
							<String ID="string_319" HPOS="248" VPOS="2470" WIDTH="165" HEIGHT="30" WC="0.91" CONTENT="visoriskt"/><SP WIDTH="16" VPOS="2470" HPOS="413"/>
							<String ID="string_320" HPOS="429" VPOS="2472" WIDTH="217" HEIGHT="38" WC="0.96" CONTENT="genomförts"/><SP WIDTH="17" VPOS="2472" HPOS="646"/>
							<String ID="string_321" HPOS="663" VPOS="2475" WIDTH="8" HEIGHT="28" WC="0.96" CONTENT="i"/><SP WIDTH="18" VPOS="2475" HPOS="671"/>
							<String ID="string_322" HPOS="689" VPOS="2474" WIDTH="63" HEIGHT="29" WC="0.96" CONTENT="och"/><SP WIDTH="18" VPOS="2474" HPOS="752"/>
							<String ID="string_323" HPOS="770" VPOS="2475" WIDTH="78" HEIGHT="29" WC="0.96" CONTENT="med"/><SP WIDTH="20" VPOS="2475" HPOS="848"/>
							<String ID="string_324" HPOS="868" VPOS="2475" WIDTH="80" HEIGHT="30" WC="0.96" CONTENT="1955"/><SP WIDTH="19" VPOS="2475" HPOS="948"/>
							<String ID="string_325" HPOS="967" VPOS="2476" WIDTH="55" HEIGHT="29" WC="0.96" CONTENT="års"/><SP WIDTH="18" VPOS="2476" HPOS="1022"/>
							<String ID="string_326" HPOS="1040" VPOS="2476" WIDTH="112" HEIGHT="30" WC="0.96" CONTENT="beslut"/><SP WIDTH="17" VPOS="2476" HPOS="1152"/>
							<String ID="string_327" HPOS="1169" VPOS="2486" WIDTH="55" HEIGHT="20" WC="0.95" CONTENT="om"/><SP WIDTH="20" VPOS="2486" HPOS="1224"/>
							<String ID="string_328" HPOS="1244" VPOS="2478" WIDTH="148" HEIGHT="29" WC="0.93" CONTENT="särskild"/><SP WIDTH="22" VPOS="2478" HPOS="1392"/>
							<String ID="string_329" HPOS="1414" VPOS="2479" WIDTH="190" HEIGHT="38" WC="0.91" CONTENT="tullavgift;"/><SP WIDTH="22" VPOS="2479" HPOS="1604"/>
							<String ID="string_330" HPOS="1626" VPOS="2480" WIDTH="8" HEIGHT="28" WC="0.96" CONTENT="i"/><SP WIDTH="20" VPOS="2480" HPOS="1634"/>
							<String ID="string_331" HPOS="1654" VPOS="2479" WIDTH="96" HEIGHT="39" WC="0.96" CONTENT="fråga"/>
						</TextLine>
					</TextBlock>
				</ComposedBlock>
			</PrintSpace>
		</Page>
	</Layout>
</alto>
