1874 2784
275 174 21 29 2
617 170 297 35 Statsutskottets
929 171 186 33 utlåtande
1135 183 39 20 nr
1192 172 66 38 148
1276 171 39 33 år
1332 173 89 31 1955

276 261 60 21 ren
357 262 45 20 av
421 249 54 33 fru
495 249 188 42 Sjöstrand
702 249 65 33 och
787 249 80 33 herr
884 249 232 42 Rimmerfors
1139 249 62 42 (IT:
1217 248 95 42 582),
1332 248 11 34 i
1363 249 95 33 vilka
1476 249 211 39 hemställts,
1708 252 55 30 att

276 302 186 42 riksdagen
486 302 114 33 måtte
627 302 137 33 besluta
790 306 55 29 att
870 302 11 33 i
907 301 165 35 skrivelse
1098 302 53 33 till
1175 302 133 42 Kungl.
1333 301 111 42 Maj:t
1470 301 142 34 anhålla
1637 314 58 21 om
1719 313 43 22 en

276 355 193 42 skyndsam
497 354 191 43 utredning
715 354 179 43 angående
922 354 237 43 påbörjandet
1187 366 46 21 av
1261 366 43 21 en
1333 353 392 43 tandläkarutbildning
1752 353 11 33 i

278 408 180 42 Göteborg
477 407 110 43 enligt
608 407 10 33 i
638 407 179 34 motionen
837 407 154 42 angivna
1011 406 184 42 riktlinjer.

322 464 18 32 I
365 463 67 33 den
455 463 84 33 mån
563 463 215 42 redogörelse
801 463 11 33 i
834 463 61 33 det
918 462 156 42 följande
1097 462 76 34 icke
1196 462 136 33 lämnas
1356 462 54 34 för
1433 462 42 33 de
1497 462 53 33 till
1574 461 113 43 grund
1710 461 54 34 för

276 516 262 42 propositionen
565 516 160 42 liggande
749 515 363 42 kommittéförslagen
1138 514 63 34 och
1229 515 42 33 de
1298 518 84 30 över
1409 515 100 33 dessa
1535 513 153 42 avgivna
1714 525 49 21 re-

276 569 304 42 missyttrandena
604 569 81 33 eller
709 568 54 34 för
787 568 256 43 motiveringen
1069 568 54 33 för
1147 568 42 33 de
1214 567 210 34 motionsvis
1449 567 222 34 framställda
1696 567 67 33 för-

277 623 118 41 slagen
412 621 54 34 får
483 621 179 34 utskottet
680 620 148 34 hänvisa
845 621 53 33 till
916 620 263 43 propositionen
1198 620 198 43 respektive
1414 619 222 35 motionerna
1653 620 29 33 TI:
1697 623 67 30 470

276 675 66 33 och
363 675 49 33 II:
427 678 76 30 582.

430 799 85 34 Den
533 799 247 43 prekliniska
798 797 513 43 tandläkarutbildningens
1330 797 276 43 organisation

889 869 40 31 A.
949 869 189 40 Inledning

322 958 81 33 Den
421 970 72 30 nya
509 958 201 43 studieplan
728 958 54 33 för
799 957 447 42 tandläkarutbildningen,
1265 969 76 22 som
1360 956 191 35 successivt
1569 956 196 43 tillämpats

277 1011 79 34 från
378 1011 64 34 och
463 1011 82 34 med
566 1011 255 34 höstterminen
844 1014 99 37 1947,
963 1011 65 33 har
1047 1010 126 34 hittills
1194 1010 75 34 icke
1290 1010 141 33 kunnat
1450 1009 74 34 helt
1544 1008 221 43 genomföras

277 1064 224 34 beträffande
526 1064 62 34 det
611 1063 214 43 prekliniska
850 1063 203 34 studieåret.
1078 1063 115 34 Sedan
1218 1062 212 43 budgetåret
1456 1062 157 42 1947/48
1638 1061 127 34 tilläm-

277 1129 65 30 pas
363 1121 53 29 ett
436 1116 245 43 provisorium,
701 1116 237 34 innebärande
958 1116 11 33 i
989 1116 200 39 huvudsak,
1210 1120 57 29 att
1286 1115 68 34 den
1375 1127 45 22 av
1443 1118 87 30 1944
1553 1115 54 33 års
1628 1114 137 34 tandlä-

277 1169 508 43 karutbildningssakkunniga
813 1169 196 42 framlagda
1037 1168 246 43 studieplanen
1312 1168 178 42 tillämpas
1519 1168 47 42 på
1594 1167 69 33 den
1690 1179 75 31 pre-

277 1223 153 34 kliniska
450 1222 258 43 utbildningen,
728 1223 91 33 dock
839 1222 81 34 med
942 1222 67 33 den
1031 1221 290 43 begränsningen,
1343 1225 55 29 att
1420 1221 42 33 de
1483 1220 82 34 med
1585 1219 180 35 undervis-

278 1276 127 42 ningen
433 1275 167 35 förenade
626 1275 184 43 praktiska
836 1275 227 42 övningarna,
1092 1274 276 34 dissektionerna
1396 1274 64 33 och
1487 1272 280 34 laborationerna

279 1328 218 43 väsentligen
515 1328 182 34 bortfaller
713 1328 11 33 i
741 1328 99 42 fråga
858 1340 58 21 om
933 1327 68 34 den
1020 1327 56 34 del
1094 1339 45 21 av
1157 1326 307 43 undervisningen,
1482 1338 76 21 som
1576 1329 38 30 är
1631 1325 135 42 förlagd

279 1382 53 33 till
358 1381 203 34 karolinska
587 1381 182 33 institutet
796 1380 197 43 respektive
1020 1380 195 34 medicinsk
1241 1379 166 34 fakultet.
1434 1378 252 34 Kostnaderna
1714 1378 53 33 för

279 1435 156 33 arvoden
454 1434 53 34 till
526 1435 111 33 lärare
657 1434 11 33 i
688 1434 41 33 de
749 1433 213 43 prekliniska
982 1436 152 31 ämnena
1154 1436 168 30 ävensom
1343 1432 93 33 vissa
1456 1431 110 34 andra
1586 1430 180 34 hithöran-

279 1488 54 39 de,
356 1500 81 21 men
461 1487 53 33 till
538 1499 44 21 en
606 1499 119 21 senare
749 1486 236 43 studieperiod
1008 1486 161 42 förlagda
1192 1488 128 30 ämnen
1343 1485 64 33 har
1429 1484 11 33 i
1463 1483 303 43 avlöningsstaten

279 1540 54 34 för
352 1540 384 42 tandläkarhögskolan
755 1539 11 33 i
787 1539 204 34 Stockholm
1011 1538 54 34 för
1084 1538 212 43 budgetåret
1317 1537 155 43 1954/55
1493 1537 191 34 beräknats
1704 1548 62 22 un-

280 1594 61 33 der
373 1605 44 21 en
449 1593 112 34 under
595 1593 274 42 arvodesposten
902 1591 153 43 uppförd
1091 1590 147 34 särskild
1272 1591 139 42 delpost
1444 1590 53 33 till
1531 1590 237 42 sammanlagt

281 1650 64 30 115
361 1650 62 30 381
449 1646 140 33 kronor.
612 1645 258 34 Motsvarande
891 1644 193 34 kostnader
1105 1644 65 33 har
1191 1643 11 33 i
1225 1642 304 43 avlöningsstaten
1553 1642 54 33 för
1630 1641 137 34 tandlä-

278 1699 260 42 karhögskolan
563 1699 11 33 i
598 1698 138 33 Malmö
760 1697 55 34 för
838 1696 238 34 innevarande
1101 1696 173 43 budgetår
1298 1696 190 33 beräknats
1513 1695 54 33 till
1592 1706 175 22 samman-

278 1753 75 42 lagt
378 1755 63 31 126
456 1755 65 30 972
546 1751 139 34 kronor.

326 1806 145 42 Förslag
488 1805 54 34 till
561 1804 297 43 omorganisation
878 1816 44 21 av
941 1804 67 33 den
1028 1802 213 44 prekliniska
1260 1801 297 42 undervisningen
1576 1813 47 22 m.
1643 1813 46 21 m.
1709 1801 64 33 har

281 1858 68 34 den
369 1862 38 29 11
427 1858 70 42 maj
520 1861 85 30 1951
627 1857 151 43 avgivits
795 1869 46 21 av
859 1859 88 38 1947
965 1857 56 33 års
1037 1855 222 42 sakkunniga
1275 1855 56 42 för
1348 1855 69 33 den
1434 1854 215 43 prekliniska
1667 1854 101 33 tand-

280 1911 366 42 läkarutbildningens
666 1910 180 34 ordnande
872 1909 104 43 (SOU
999 1913 100 30 1951:
1114 1910 72 41 50).

326 1966 53 33 På
396 1965 174 42 grundval
589 1977 45 21 av
653 1964 41 34 de
713 1963 237 42 sakkunnigas
968 1963 190 42 utredning
1175 1962 64 34 har
1256 1962 392 35 universitetskanslern
1667 1962 104 34 fram-

280 2019 75 41 lagt
373 2022 54 29 ett
445 2017 130 42 förslag
593 2017 54 33 till
666 2017 67 34 den
751 2016 214 43 prekliniska
984 2015 314 43 undervisningens
1318 2016 191 39 ordnande,
1530 2027 80 22 vars
1631 2027 140 30 genom-

280 2069 147 34 förande
452 2069 55 34 för
531 2072 106 31 nästa
663 2069 174 42 budgetår
862 2068 172 34 beräknas
1060 2068 54 33 för
1139 2068 42 34 de
1208 2068 111 42 bägge
1344 2067 425 43 tandläkarhögskolorna

282 2124 328 41 tillsammantagna
635 2122 158 34 medföra
819 2134 43 21 en
888 2121 305 42 kostnadsökning
1217 2121 82 34 med
1325 2124 66 31 624
1405 2124 65 31 300
1497 2121 139 40 kronor,
1663 2133 110 22 varav

283 2180 63 30 271
363 2180 64 30 300
449 2177 130 33 kronor
598 2175 54 34 för
672 2176 149 42 löpande
842 2174 145 43 utgifter
1007 2174 66 35 och
1095 2178 65 30 353
1174 2177 65 31 000
1260 2174 128 34 kronor
1408 2174 54 34 för
1481 2173 148 43 utgifter
1649 2186 46 21 av
1714 2186 58 21 en-

281 2230 227 42 gångsnatur.

691 2306 39 30 B.
753 2305 234 41 Jämkningar
1008 2307 13 29 i
1043 2305 318 40 studieordningen

326 2386 57 34 De
407 2386 222 42 sakkunniga
654 2398 110 27 anser,
790 2390 55 29 att
869 2386 43 33 de
936 2385 248 40 erfarenheter,
1209 2398 75 20 som
1310 2385 145 33 vunnits
1479 2384 111 34 under
1614 2383 155 43 proviso-

281 2439 77 40 riet,
376 2439 136 33 utvisat
529 2443 57 29 att
605 2439 67 33 den
690 2439 206 33 nuvarande
914 2438 192 43 ordningen
1125 2438 75 33 icke
1219 2437 89 44 givit
1326 2441 119 30 avsett
1461 2437 139 42 utbyte.
1619 2437 55 33 De
1692 2436 77 34 sak-

280 2492 157 43 kunniga
457 2492 144 33 föreslår
622 2492 92 33 vissa
733 2491 225 43 jämkningar
977 2491 10 33 i
1007 2490 311 43 studieordningen
1337 2511 46 4 —
1402 2489 239 34 innebärande
1662 2488 107 35 bland
