1890 2826
466 179 380 32 Jordbruksutskottets
871 180 177 31 utlåtande
1072 180 49 31 Nr
1144 183 50 30 59.
1580 176 14 30 1

767 560 60 41 Nr
853 561 63 41 59.

674 681 103 24 Ankom
796 681 41 23 till
858 681 155 30 riksdagens
1031 681 87 23 kansli
1137 681 51 24 den
1210 678 29 26 18
1256 681 59 30 juni
1337 679 64 32 1942
1419 681 36 23 kl.
1478 680 29 24 12
1520 687 40 23 m.

309 784 181 31 Utlåtande
525 785 9 29 i
567 784 185 37 anledning
784 794 42 20 av
859 784 123 37 Kungl.
1015 785 119 36 Maj:ls
1167 785 214 36 proposition
1414 784 177 37 angående

529 835 271 37 prisreglerande
823 835 159 37 åtgärder
1004 835 46 37 på
1071 835 221 37 jordbrukets
1315 835 141 30 område
1478 845 44 20 m.
1547 845 34 20 m

527 887 107 35 jämte
658 888 10 28 i
690 888 116 28 ämnet
829 886 123 30 väckta
976 887 178 30 motioner.

131 1005 14 29 I
172 1003 89 32 årets
289 1004 402 36 statsverksproposition
719 1005 65 29 har
811 1004 122 36 Kungl.
962 1004 101 38 Maj:t
1088 1003 177 37 föreslagit
1291 1004 186 36 riksdagen
1502 1007 49 28 att
1580 1003 10 30 i

86 1055 149 30 avbidan
261 1055 45 36 på
330 1055 148 31 särskild
502 1055 214 36 proposition
739 1055 156 31 beräkna
918 1055 55 30 för
995 1054 202 37 budgetåret
1222 1052 143 33 1942/43
1388 1055 72 30 dels
1483 1055 111 29 under

87 1106 154 36 punkten
264 1107 60 28 112
345 1105 11 30 i
376 1105 126 30 nionde
520 1105 218 30 huvudtiteln
758 1105 50 30 till
828 1105 277 36 Prisreglerande
1127 1104 158 37 åtgärder
1304 1104 45 37 på
1369 1104 221 37 jordbrukets

85 1156 143 30 område
253 1158 47 28 ett
324 1156 349 36 reservationsanslag
697 1166 43 20 av
767 1157 198 35 80,000,000
988 1156 141 35 kronor,
1156 1156 71 30 dels
1253 1156 65 30 ock
1344 1156 110 30 under
1478 1156 112 35 punk-

87 1211 57 27 ten
167 1208 60 29 113
246 1207 51 30 till
318 1207 192 30 Kostnader
530 1207 11 29 i
559 1207 173 30 samband
751 1207 80 30 med
852 1207 147 30 svenska
1018 1202 452 78 spannmålsaktiebolagets
1494 1206 98 60 Venkr

86 1258 135 30 samhet
237 1260 48 29 ett
302 1258 349 36 reservationsanslag
669 1267 42 21 av
729 1257 198 36 34,000,000
945 1258 139 29 kronor.

132 1309 200 30 Sedermera
354 1309 66 30 har
441 1308 122 36 Kungl.
587 1308 102 36 Maj:t
708 1308 13 30 i
741 1318 43 20 en
806 1308 51 31 till
881 1308 185 36 riksdagen
1088 1308 66 30 den
1176 1309 41 29 22
1240 1307 71 37 maj
1338 1308 82 29 1942
1443 1306 146 36 avlåten,

87 1359 50 30 till
164 1359 354 36 jordbruksutskottet
544 1358 171 32 hänvisad
742 1358 226 37 proposition,
996 1368 43 20 nr
1065 1359 73 35 319,
1166 1358 110 31 under
1302 1357 219 37 åberopande
1549 1368 41 20 av

87 1410 105 37 bilagt
213 1410 123 36 utdrag
358 1419 42 21 av
419 1409 376 37 statsrådsprotokollet
816 1410 81 29 över
918 1409 343 36 jordbruksärenden
1282 1409 55 30 för
1357 1418 135 21 samma
1514 1409 75 35 dag,

87 1460 175 37 föreslagit
284 1460 185 36 riksdagen

131 1509 72 32 dels
221 1502 126 45 antaga
368 1510 58 30 vid
443 1510 260 36 propositionen
721 1510 127 36 fogade
866 1510 131 36 förslag
1016 1509 51 30 till

136 1558 30 40 1)
192 1561 205 36 förordning
418 1570 57 21 om
498 1559 138 32 fortsatt
657 1560 154 37 giltighet
836 1570 43 21 av
904 1560 247 36 förordningen
1176 1560 66 30 den
1266 1561 41 30 28
1330 1559 76 38 juni
1432 1561 80 29 1941
1541 1558 53 40 (nr

88 1608 76 40 488)
186 1610 178 37 angående
380 1610 233 37 mjölkavgift;

134 1659 35 40 2)
196 1661 204 37 förordning
424 1671 56 21 om
504 1661 138 31 fortsatt
666 1661 155 38 giltighet
844 1671 42 21 av
911 1661 248 37 förordningen
1184 1661 66 31 den
1276 1663 16 29 7
1321 1661 75 37 juni
1426 1662 81 30 1935
1541 1661 53 39 (nr

88 1713 76 38 279)
190 1711 177 37 angående
388 1711 311 38 slaktdjursavgift;

133 1760 35 40 3)
192 1762 204 37 förordning
418 1772 56 21 om
497 1762 137 31 fortsatt
659 1763 153 36 giltighet
837 1773 43 21 av
906 1763 246 36 förordningen
1176 1763 65 30 den
1269 1764 36 29 11
1331 1762 74 38 juni
1429 1764 80 30 1937
1541 1757 54 40 (nr

89 1813 75 35 369)
187 1812 177 37 angående
380 1812 239 32 utförselbevis
637 1813 53 31 för
709 1813 59 37 råg
787 1814 65 30 och
869 1816 87 33 vete;

133 1863 71 30 dels
225 1863 65 30 ock

136 1913 27 38 1)
197 1913 158 36 medgiva
383 1914 122 35 Kungl.
535 1913 101 36 Maj:t
663 1917 49 27 att
740 1914 137 36 vidtaga
904 1914 225 35 erforderliga
1157 1913 158 37 åtgärder
1342 1915 55 29 för
1425 1914 166 36 reglering

89 1964 53 30 för
164 1964 290 30 nästkommande
475 1963 225 37 regleringsår
722 1974 42 20 av
785 1964 245 36 produktions-
1055 1965 65 29 och
1143 1964 445 36 avsättningsförhållande-:

89 2024 44 21 na
157 2014 44 36 på
222 2014 221 36 Jordbrukets
465 2014 141 31 område
629 2016 9 29 i
660 2015 232 37 huvudsaklig
914 2015 340 30 överensstämmelse
1276 2015 78 30 med
1377 2025 41 20 av
1441 2015 152 30 föredra-

88 2066 110 34 gande
219 2063 378 38 departementschefen
620 2065 148 36 angivna
790 2064 185 37 riktlinjer;
998 2069 89 27 samt

133 2114 31 39 2)
189 2116 54 29 för
262 2114 201 37 budgetåret
486 2113 137 40 1942/43
643 2115 20 31 å
683 2115 257 36 driftbudgeten
960 2116 109 30 under
1089 2116 126 30 nionde
1235 2116 217 30 huvudtiteln
1472 2116 120 30 anvisa

132 2165 31 38 a)
194 2166 49 29 till
268 2166 276 35 Prisreglerande
568 2165 157 36 åtgärder
749 2165 45 37 på
818 2166 222 38 jordbrukets
1065 2165 141 31 område
1232 2169 46 27 ett
1303 2167 287 30 reservationsan-

88 2216 73 35 slag
179 2226 42 20 av
240 2216 197 35 93,000,000
457 2216 141 35 kronor;

133 2265 33 39 b)
201 2266 48 29 till
278 2266 192 30 Kostnader
497 2266 10 29 i
535 2266 170 30 samband
733 2266 78 30 med
841 2267 147 29 svenska
1017 2266 449 36 spannmålsaktiebolagets
1495 2267 96 30 verk-

89 2316 133 29 samhet
242 2318 47 27 ett
311 2316 347 35 reservationsanslag
680 2326 42 19 av
744 2317 196 34 34,000,000
963 2317 138 29 kronor.

135 2365 61 30 Vid
224 2365 256 36 propositionen
509 2366 123 35 fogade
660 2366 355 35 författningsförslag
1042 2367 60 29 äro
1129 2376 41 19 av
1198 2366 154 36 följande
1380 2367 139 36 lydelse:

133 2480 109 31 Bihang
253 2480 41 25 till
305 2480 167 31 riksdagens
484 2480 145 32 protokoll
643 2480 73 25 1942.
740 2481 31 24 10
782 2480 80 26 saml.
890 2481 39 23 Nr
946 2481 31 23 59
1546 2479 8 23 1
