2202 2620
188 1440 59 30 Nya
265 1439 82 32 lagbe-

193 1473 151 33 redninger.

438 152 18 30 DD

845 153 116 32 Första
985 155 219 40 lagutskottets
1229 154 164 32 utlåtande
1416 156 48 29 Nr
1492 157 47 29 11.

514 303 66 45 1:0)
640 302 177 44 Längden
846 314 42 23 av
917 303 65 34 den
1014 303 52 34 tid
1093 304 96 34 inom
1218 304 118 34 vilken
1365 304 257 35 klandertalan
1652 305 58 33 må
1738 305 141 34 väckas.

521 404 14 35 I
580 404 58 36 sin
680 405 271 48 ursprungliga
991 405 145 47 lydelse
1195 406 167 36 innehöll
1408 407 46 34 10
1496 406 21 48 $
1558 406 442 49 lagfartsförordningen

393 456 159 35 allenast
579 455 296 38 bestämmelsen
903 456 12 36 1
943 456 251 50 paragrafens
1215 457 221 37 nuvarande
1457 456 118 38 första
1594 457 144 49 stycke.
1777 457 74 36 Det
1870 471 134 23 senare

391 507 150 48 stycket
569 520 48 23 av
644 508 229 48 paragrafen
901 508 69 36 har
997 508 145 47 tillagts
1171 509 12 35 i
1212 509 282 48 sammanhang
1522 509 86 36 med
1634 509 46 36 de
1699 522 140 35 genom
1867 510 133 49 kungl.

392 558 275 49 förordningen
709 559 73 36 den
825 561 47 34 22
902 560 96 48 april
1029 561 97 35 1881
1158 560 151 36 införda
1336 560 337 37 bestämmelserna
1702 561 199 48 angående
1929 561 75 36 för-

391 615 93 31 värv
526 624 45 22 av
617 610 76 37 fast
734 611 187 48 egendom
963 624 139 36 genom
1145 612 112 36 hävd.
1325 612 136 48 Enligt
1501 612 240 36 sistnämnda
1777 612 227 49 förordning

390 661 219 49 grundades
628 662 162 48 hävden,
810 669 106 30 utom
936 666 48 46 på
1003 663 153 37 förvärv
1175 664 12 35 i
1207 663 77 49 god
1303 670 72 40 tro,
1396 666 49 46 på
1463 676 154 24 vunnen
1637 663 142 49 lagfart
1798 671 100 29 samt
1916 677 87 24 oav-

391 713 134 37 bruten
549 714 199 49 tjuguårig
766 715 190 48 utövning
974 728 48 23 av
1041 715 276 48 äganderätten
1332 716 99 36 efter
1445 715 204 49 lagfarten.
1679 715 57 36 Då
1751 728 156 23 vunnen
1921 716 83 48 lag-

390 765 77 36 fart
490 765 158 37 sålunda
667 766 157 48 gjordes
840 766 57 36 till
912 767 276 47 förutsättning
1203 766 58 36 för
1275 767 332 47 hävdeförvärvet,
1623 767 87 37 blev
1728 767 62 36 det
1804 767 200 49 tydligtvis

390 817 241 48 nödvändigt
664 822 55 31 att
755 817 137 37 bereda
925 818 202 48 möjlighet
1155 819 57 35 till
1240 819 194 36 vinnande
1462 832 47 23 av
1537 818 141 49 lagfart
1707 821 20 33 å
1754 819 147 48 lagliga
1928 819 77 36 för-

389 873 93 31 värv
509 874 94 31 även
632 868 12 36 i
673 869 46 36 de
748 869 77 47 fall,
855 869 47 36 då
930 870 231 48 föregående
1190 875 161 43 ägarens
1381 870 167 36 åtkomst
1575 870 84 37 icke
1689 870 128 37 kunde
1837 870 164 49 styrkas.

389 920 113 36 Detta
543 920 143 36 skedde
728 933 140 36 genom
902 921 61 36 det
991 922 56 35 till
1075 922 231 48 paragrafen
1334 922 143 48 fogade
1505 922 119 36 andra
1652 922 160 49 stycket.
1867 921 137 49 Enligt

391 972 105 36 detta
536 972 141 47 kunde,
711 986 61 23 om
806 986 46 22 en
885 973 337 48 lagfartsansökan
1251 973 238 37 förklarades
1518 973 152 36 vilande
1699 976 48 47 på
1775 973 73 36 den
1876 973 127 48 grund

390 1028 56 32 att
488 1024 98 36 förre
627 1029 164 43 ägarens
833 1024 166 37 åtkomst
1039 1025 33 47 ej
1117 1025 155 48 styrkts,
1304 1025 198 36 sökanden
1529 1025 145 48 begära
1701 1025 228 36 utfärdande
1957 1038 46 23 av

390 1076 229 48 kungörelse
647 1089 63 23 om
738 1076 262 37 förhållandet.
1057 1075 71 38 Om
1153 1077 96 35 efter
1274 1076 489 49 kungörelseförfarandets
1783 1076 221 37 avslutande

390 1127 158 37 klander
575 1130 21 33 å
625 1127 216 37 sökandens
869 1128 94 48 fång
989 1128 32 48 ej
1052 1128 209 36 instämdes
1290 1129 104 36 inom
1424 1129 53 36 tio
1506 1131 51 45 år,
1578 1129 135 46 skulle,
1733 1129 120 36 under
1870 1128 134 37 vissa
1985 1123 22 57 i

389 1180 233 47 lagrummet
651 1180 169 48 angivna
850 1179 330 48 förutsättningar,
1210 1180 72 36 den
1311 1181 109 35 sökta
1448 1181 192 47 lagfarten
1669 1180 171 48 beviljas,
1876 1180 128 36 oaktat

390 1230 98 37 förre
512 1235 163 44 ägarens
703 1231 166 37 åtkomst
896 1231 34 48 ej
961 1231 109 37 blivit
1098 1232 135 49 styrkt.

520 1282 86 50 Nya
647 1283 342 48 lagberedningen,
1033 1297 82 23 som
1159 1284 195 48 föreslagit
1400 1284 166 36 nämnda
1608 1284 141 48 tillägg
1778 1284 55 36 till
1862 1284 142 48 ifråga-

390 1334 165 36 varande
583 1335 193 48 paragraf,
804 1335 150 49 yttrade
982 1335 56 35 till
1068 1335 233 48 motivering
1328 1336 120 35 härav
1477 1335 115 36 bland
1622 1341 132 30 annat:

524 1437 129 32 »Sättet
687 1438 51 31 för
772 1438 385 40 lagfartsansökningens
1180 1438 212 39 kungörande
1418 1442 37 27 är
1488 1440 101 38 ägnat
1613 1440 52 30 att
1688 1438 111 40 sprida
1817 1438 185 32 kännedom

390 1491 50 21 om
480 1481 221 32 förhållandet
735 1481 87 32 inom
856 1481 94 32 såväl
982 1486 153 27 närmare
1163 1491 70 21 som
1257 1481 156 40 fjärmare
1437 1481 141 32 kretsar.
1625 1481 173 41 Därjämte
1821 1482 106 31 måste
1951 1482 52 31 för

389 1524 141 40 lagfarts
565 1524 161 32 vinnande
760 1524 123 33 företes
918 1525 171 32 sannolika
1127 1524 83 39 skäl,
1237 1526 50 30 att
1309 1524 312 41 lagfartssökanden
1644 1525 80 32 eller
1747 1525 65 32 han
1836 1524 61 33 och
1919 1525 84 32 hans

391 1568 284 32 rättsinnehavare
710 1569 175 32 oavbrutet
919 1569 100 31 under
1049 1569 63 31 den
1136 1568 206 32 föreskrivna
1365 1568 91 32 tiden
1479 1568 172 41 verkligen
1674 1570 110 30 såsom
1807 1573 99 36 ägare
1930 1569 72 31 haft

389 1612 200 40 egendomen
622 1611 11 32 i
670 1612 188 41 besittning,
888 1612 10 31 i
922 1612 105 32 vilket
1049 1612 195 37 hänseende,
1269 1612 41 32 då
1333 1612 84 32 tvist
1440 1612 112 32 därom
1577 1617 87 27 ännu
1687 1612 30 41 ej
1742 1615 130 39 yppats,
1897 1612 104 32 erfor-

388 1655 105 41 derlig
526 1655 173 41 bevisning
722 1657 126 31 ansetts
870 1655 190 42 lämpligast
1082 1656 112 31 kunna
1217 1655 248 32 åstadkommas
1487 1667 118 29 genom
1628 1657 159 31 mantals-
1811 1656 62 32 och
1896 1657 106 31 skatt-

388 1698 339 42 skrivningslängden.
785 1699 111 32 Skulle
930 1699 165 40 nämligen
1134 1699 70 39 den,
1238 1709 70 22 som
1333 1699 135 32 alldeles
1492 1700 73 31 icke
1589 1700 81 32 eller
1693 1700 86 32 blott
1801 1701 109 31 såsom
1933 1700 69 31 för-

388 1743 128 31 valtare
544 1743 78 31 eller
645 1743 143 31 brukare
812 1743 128 31 besutte
964 1754 40 21 en
1027 1743 172 41 fastighet,
1223 1743 200 32 föranstalta
1447 1745 51 30 att
1519 1743 66 32 han
1608 1744 104 40 något
1735 1745 36 30 år
1794 1743 94 32 bleve
1911 1742 11 32 i
1944 1743 57 31 be-

389 1786 97 32 rörda
516 1786 98 40 längd
649 1788 167 40 upptagen
847 1787 109 31 såsom
989 1791 99 36 ägare
1123 1786 53 33 till
1210 1786 212 41 fastigheten,
1452 1786 105 33 vilket
1581 1787 30 40 ej
1635 1787 109 31 kunde
1767 1787 59 31 ske
1850 1788 80 30 utan
1953 1789 49 29 ett

388 1829 179 38 falsarium,
603 1840 80 21 vore
717 1829 11 32 i
764 1830 58 32 allt
856 1830 59 32 fall
938 1830 156 39 utsikten,
1120 1832 52 30 att
1194 1831 117 31 sådant
1333 1831 109 31 kunde
1466 1832 79 30 utan
1567 1832 130 39 protest
1719 1831 160 31 forsättas
1902 1830 101 32 under

388 1873 47 31 tio
460 1874 46 37 år,
536 1875 124 39 ytterst
683 1874 104 40 ringa.
834 1874 59 31 Ett
916 1874 108 41 dylikt
1045 1874 112 41 tilltag
1180 1874 92 32 torde
1296 1874 112 32 därför
1430 1874 135 41 mycket
1588 1874 106 32 sällan
1716 1874 133 32 komma
1872 1876 51 30 att
1945 1884 58 21 ens

389 1917 160 32 försökas.
595 1917 123 32 Vidare
748 1917 59 33 bör
840 1918 133 31 märkas
1009 1920 59 36 att,
1104 1917 98 32 innan
1235 1918 164 40 lagfarten
1433 1917 148 42 beviljas,
1617 1918 144 31 kronans
1790 1918 212 32 ombudsman

389 1961 11 30 i
423 1962 94 30 orten
539 1960 86 32 skall
651 1961 109 37 höras,
784 1961 192 40 varigenom
998 1961 213 41 tillförlitliga
1235 1961 237 42 upplysningar
1494 1961 111 32 kunna
1627 1961 118 32 vinnas
1761 1962 29 40 ej
1807 1962 126 31 mindre
1948 1971 53 22 om

388 2005 144 31 kronans
556 2008 41 28 än
620 2005 65 31 ock
706 2005 205 40 gemenligen
935 2016 51 21 om
1010 2005 165 32 enskildes
1198 2007 77 36 rätt,
1300 2007 88 30 samt
1412 2007 51 30 att
1487 2005 183 32 domstolen
1693 2005 62 32 har
1777 2005 52 41 sig
1844 2006 92 39 ålagt
1951 2007 51 29 att

388 2048 74 32 med
495 2047 132 41 ledning
658 2059 42 21 av
723 2048 95 32 dessa
842 2048 60 32 och
926 2049 101 32 andra
1049 2048 210 42 tillgängliga
1282 2048 236 42 upplysningar
1541 2048 195 39 undersöka,
1759 2048 163 33 huruvida
1944 2059 58 21 an-

386 2091 133 40 ledning
541 2092 220 32 förekommer
784 2094 52 30 att
860 2103 105 21 annan
989 2096 42 28 än
1053 2093 169 32 sökanden
1246 2097 36 27 är
1304 2094 70 30 rätt
1397 2097 100 35 ägare
1520 2092 52 32 till
1596 2092 213 41 fastigheten.
1842 2091 160 42 Slutliger

387 2135 94 32 torde
501 2135 126 41 jämväl
661 2136 62 31 den
758 2135 211 39 tidsutdräkt,
992 2146 71 22 som
1086 2136 289 41 lagfartssökande
1399 2137 106 31 måste
1529 2135 203 33 underkasta
1755 2136 60 40 sig,
1840 2135 163 32 innefatta

387 2178 195 41 ytterligare
616 2179 157 32 säkerhet
807 2181 51 30 att
891 2179 55 32 det
973 2179 189 41 föreslagna
1185 2179 286 41 förfaringssättet
1493 2179 29 41 ej
1547 2179 121 32 varder
1692 2179 120 32 anlitat
1833 2179 12 32 i
1868 2181 135 38 oträngt

387 2222 67 32 mål
499 2222 59 31 och
605 2224 51 30 att
699 2222 136 32 sålunda
869 2222 62 32 den
953 2223 78 32 reda
1063 2223 10 31 i
1109 2223 472 41 äganderättsförhållandena,
1618 2223 113 32 vilken
1762 2222 239 41 lagfartslagen

387 2265 138 41 åsyftar,
550 2267 28 39 ej
604 2266 119 31 varder
746 2276 116 30 genom
886 2266 253 41 ifrågavarande
1163 2266 180 41 stadgande
1367 2267 9 31 i
1401 2267 108 39 någon
1532 2267 76 31 mån
1632 2266 154 33 rubbad.>
