2178 2594
159 518 186 22 Omkostnader

162 552 38 21 för
219 552 124 22 kontroll:

172 587 47 21 och
238 587 92 21 under-

184 621 135 28 söknings-

184 656 134 22 väsendet.

194 697 118 46 [124.]

374 212 37 30 76
834 210 255 32 Statsutskottets
1111 210 168 31 utlåtande
1302 210 52 30 Nr
1376 212 19 28 4
1418 209 39 31 ÅA.

874 300 56 32 att
956 295 207 49 riksdagen
1191 297 61 34 må
1280 294 56 37 till
1364 295 195 49 utförande
1587 307 44 23 av
1659 294 260 49 sjömätningar
1947 295 20 34 å

773 352 106 32 extra
916 351 74 33 stat
1031 347 58 37 för
1125 347 102 36 tiden
1267 349 17 33 1
1316 346 255 50 januari—30
1595 345 85 50 juni
1710 347 97 35 1923
1837 345 131 36 anvisa

771 404 57 32 ett
851 398 390 48 reservationsanslag
1271 412 45 23 av
1346 400 137 46 91,700
1513 398 151 36 kronor.
1962 402 2 2 |

478 502 126 49 143:o0)
642 502 140 50 Kungl.
812 503 109 49 Maj:t
947 503 68 36 har
1044 502 198 49 föreslagit
1269 501 207 49 riksdagen
1510 500 136 50 (punkt
1675 499 86 49 124)
1793 504 53 32 att
1873 506 95 43 upp-

373 560 87 44 taga
502 554 186 38 ordinarie
728 554 434 49 reservationsanslaget
1201 553 57 37 till
1300 553 268 37 omkostnader
1602 552 58 37 för
1687 551 182 37 kontroll-
1897 551 71 36 och

374 607 510 48 undersökningsväsendet,
913 620 49 23 nu
993 608 137 46 14,000
1160 606 153 45 kronor,
1342 605 84 36 med
1457 606 113 45 9,500
1599 605 150 35 kronor.

474 658 266 49 Utredningen
781 659 12 36 i
835 659 155 37 ärendet
1031 658 203 37 återfinnes
1276 660 20 34 å
1338 657 68 37 sid.
1448 658 202 35 360—363
1680 669 46 23 av
1755 654 214 50 åberopade

374 710 429 50 statsrådsprotokollet.

477 814 197 37 Ordinarie
702 813 429 48 reservationsanslaget
1171 813 57 37 till
1271 812 266 38 omkostnader
1579 810 58 38 för
1677 810 181 37 kontroll-
1900 810 69 37 och

374 866 495 49 undersökningsväsendet
905 871 40 31 är
972 866 12 36 i
1011 865 208 37 riksstaten
1248 864 59 38 för
1335 867 40 33 år
1405 865 96 36 1922
1531 867 186 45 upptaget
1743 861 59 37 till
1833 862 136 47 14,000

374 919 150 36 kronor.
581 918 75 37 Till
682 917 261 50 förstärkning
970 931 47 23 av
1045 917 173 49 anslaget
1246 921 41 32 är
1315 916 12 36 i
1355 929 142 24 samma
1524 915 160 37 riksstat
1712 917 20 34 å
1760 919 106 32 extra
1894 917 77 33 stat

374 971 156 49 uppfört
559 975 55 32 ett
641 971 133 49 anslag
802 973 20 34 å
851 971 111 46 3,000
991 970 154 36 kronor.

478 1021 332 38 Omkostnaderna
837 1022 58 36 för
922 1021 185 37 kontroll-
1131 1018 70 39 och
1220 1018 489 49 undersökningsväsendet
1726 1017 121 37 under
1866 1015 104 38 tiden

379 1077 17 34 1
423 1074 252 51 januari—30
704 1074 80 48 juni
815 1075 95 34 1923
939 1073 98 36 hava
1065 1070 205 39 beräknats
1298 1074 49 47 på
1375 1070 167 49 följande
1571 1074 88 33 sätt:

377 1142 202 37 Allmänna
609 1142 304 50 expensutgifter
944 1171 609 6 ...msmcmmmmmmmssmeeeeece
1468 1136 87 60 sm
1586 1138 139 36 kronor
1780 1138 190 47 2,250:—

376 1195 122 49 Inköp
528 1195 71 36 och
626 1194 199 37 underhåll
853 1207 47 24 av
927 1193 228 36 instrument
1186 1225 14 3 =
1208 1223 347 5 ecsmmmevvvccc
1496 1189 64 59 see
1652 1203 16 21 »
1820 1189 85 37 500:
1925 1210 43 4 —

376 1247 245 49 Magnetiska
648 1245 368 50 rekognosceringar
1044 1244 61 49 ("/s
1136 1257 44 23 av
1210 1242 347 49 årsbehovet).........
1652 1254 17 23 »
1780 1241 126 47 4,000:
1924 1262 46 3 —

378 1289 141 58 Övriga
547 1298 293 37 resekostnader...
845 1326 711 7 ...-e-Weeememmmmmvvsvvanvvans
1652 1306 17 22 »
1784 1293 121 46 1,000:
1923 1314 49 4 —

378 1350 224 50 Tryckning
630 1364 46 23 av
703 1349 281 52 publikationer
1016 1380 255 4 ......0ee000---
1279 1371 9 8 ruuen
1292 1377 265 5 munrorssunmmmsnnen
1652 1358 17 21 »
1783 1345 122 46 1,750:
1924 1366 47 4 —

378 1402 181 37 Biträden
587 1402 64 37 vid
680 1401 865 46 kontrollstatlonernå.......2e2ccc2eeeewemmwc22s
1556 1409 113 27 oo
1782 1396 123 47 2,000:
1924 1418 47 4 —

1404 1466 156 38 Summa
1587 1466 140 37 kronor
1758 1466 148 52 11,500:
1924 1487 47 3 —

480 1557 60 37 Av
560 1557 84 36 från
665 1556 400 37 kontrollstationerna
1083 1555 159 37 influtna
1262 1554 134 46 medel,
1412 1552 215 38 beräknade
1642 1552 56 37 till
1709 1552 114 47 4,000
1835 1551 139 37 kronor

378 1610 57 36 för
476 1612 40 33 år
562 1610 109 45 1923,
699 1609 98 36 hava
839 1609 111 46 2,000
992 1608 141 36 kronor
1173 1611 144 33 avsetts
1356 1605 58 37 till
1451 1604 168 38 arvoden
1647 1607 36 34 åt
1710 1603 172 46 biträden
1909 1603 65 36 vid

379 1660 400 38 kontrollstationerna
820 1660 117 36 under
977 1660 119 36 första
1136 1658 170 37 halvåret
1349 1660 108 35 1923.
1515 1655 259 39 Omförmälda
1815 1667 158 34 summa,

383 1714 136 46 11,500
561 1712 152 47 kronor,
755 1712 151 37 komme
947 1712 129 36 därför
1118 1716 53 31 att
1207 1709 168 51 minskas
1407 1708 86 37 med
1526 1708 102 37 detta
1656 1708 153 49 belopp,
1846 1707 129 37 varför

378 1764 308 37 medelsbehovet
712 1764 59 37 för
799 1762 181 38 kontroll-
1001 1763 70 37 och
1090 1760 491 50 undersökningsväsendet
1599 1759 235 39 beträffande
1854 1760 121 36 första

378 1816 171 37 halvåret
580 1818 96 35 1923
705 1815 177 50 utgjorde
911 1816 112 46 9,500
1051 1815 153 36 kronor.

481 1920 197 37 Utskottet
705 1920 69 36 har
801 1918 84 38 icke
914 1918 125 37 funnit
1067 1917 209 48 anledning
1304 1916 56 37 till
1388 1928 124 25 annan
1541 1915 152 37 erinran
1713 1919 47 32 än
1780 1919 55 32 att
1855 1912 121 52 enligt

381 1971 62 36 vid
472 1971 423 49 anslagsberäkningen
927 1972 94 35 1921
1053 1969 218 50 tillämpade
1297 1967 168 50 grunder
1486 1980 45 24 av
1551 1965 249 39 förenämnda
1818 1965 152 51 belopp,

382 2025 111 45 9,500
535 2023 151 46 kronor,
717 2026 20 34 å
778 2022 188 37 ordinarie
995 2027 76 32 stat
1099 2022 92 36 böra
1217 2021 183 49 uppföras
1430 2021 112 45 8,000
1571 2019 140 37 kronor
1737 2018 70 37 och
1828 2021 20 33 å
1868 2023 108 32 extra

382 2081 73 31 stat
484 2079 124 33 såsom
638 2074 419 49 anslagsförstärkning
1087 2075 109 45 1,500
1224 2073 151 36 kronor.

483 2126 244 48 Beträffande
755 2126 64 37 det
848 2126 186 37 ordinarie
1063 2126 174 48 anslaget
1265 2123 220 38 hemställer
1513 2123 195 46 utskottet,

883 2218 56 31 att
967 2212 208 48 riksdagen
1204 2214 61 33 må
1292 2215 171 45 upptaga
1491 2208 188 38 ordinarie
1706 2206 271 38 reservations-

781 2265 172 47 anslaget
988 2264 57 36 till
1082 2263 267 37 omkostnader
1377 2262 59 37 för
1462 2260 182 38 kontroll-
1673 2260 69 36 och
1769 2258 208 37 undersök-

781 2316 312 50 ningsväsendet,
1122 2328 49 23 nu
1215 2315 136 47 14,000
1380 2314 152 46 kronor,
1567 2311 84 37 med
1681 2311 111 48 8,000
1821 2310 153 37 kronor.
