2180 2594
379 211 40 31 66
851 209 254 32 Statsutskottets
1126 207 167 32 utlåtande
1316 207 53 31 Nr
1390 209 20 28 4
1427 206 39 31 ÅA.

164 309 187 26 Förstärkning
485 294 123 47 113:o)
648 295 17 35 I
707 293 226 50 anslutning
972 293 57 36 till
1070 293 74 36 vad
1184 292 191 37 utskottet
1402 291 119 37 under
1548 295 168 32 närmast
1744 289 234 50 föregående

172 349 50 49 Mn
224 344 118 57 pms
379 348 122 49 punkt
529 347 124 37 anfört
681 347 58 36 får
766 346 190 36 utskottet
983 345 211 46 hemställa,

164 412 98 28 ningar,
277 412 73 23 kust-
1659 408 3 4 |

180 446 153 23 axtilloriets
883 453 53 31 att
976 448 208 47 riksdagen
1224 449 61 33 må
1327 446 57 36 till
1419 446 249 49 förstärkning
1710 458 44 23 av
1796 446 182 35 ordinarie

199 481 122 22 kaserner
938 501 5 6 .
1210 499 5 6 .
1331 503 15 5 ES
1416 499 5 5 :
1703 497 87 11 DN

215 521 32 15 m.
267 522 32 15 m.
777 500 394 48 reservationsanslaget
1188 499 56 36 till
1264 499 259 48 befästningar,
1553 497 287 36 kustartilleriets
1860 497 117 36 kaser-

778 565 61 23 ner
866 566 45 22 m.
941 565 45 22 m.
1029 554 20 34 å
1090 555 107 32 extra
1238 555 77 31 stat
1348 550 58 35 för
1433 549 105 36 tiden
1569 550 18 35 1
1617 543 162 60 januari
1790 550 76 34 —30
1892 547 85 49 juni

780 605 98 36 1923
908 603 129 36 anvisa
1066 607 56 31 ett
1149 602 316 49 förslagsanslag,
1493 601 126 47 högst,
1643 601 163 46 120,000
1825 600 151 36 kronor.

217 703 77 62 Kust-
483 706 125 50 114:0o)
636 706 142 49 Kungl.
809 706 106 49 Maj:t
942 706 67 36 har
1036 704 201 49 föreslagit
1264 704 207 48 riksdagen
1492 702 135 50 (punkt
1648 702 60 49 96)
1737 707 54 32 att
1809 707 169 44 upptaga

155 751 203 56 matend
307 747 40 64 5)
378 759 186 36 Ordinarie
605 758 437 47 reservationsanslaget
1083 756 58 37 till
1182 756 304 37 kustartilleriets
1526 754 172 37 materiel
1740 767 47 23 m.
1821 767 62 34 m.,
1925 767 53 23 nu

220 826 87 47 [96.)
378 812 164 47 —373,240
571 810 150 47 kronor,
750 810 88 36 med
868 811 162 46 302,000
1059 808 152 37 kronor.

478 861 241 37 Beträffande
746 861 256 48 utredningen
1030 860 12 36 i
1062 860 155 37 ärendet
1237 860 57 36 får
1314 859 187 37 utskottet
1519 858 159 36 hänvisa
1697 857 57 36 till
1775 856 202 38 statsråds-

377 913 231 51 protokollet
636 913 68 37 sid.
735 915 216 34 313—317.

478 1017 142 48 Kungl.
661 1016 108 48 Maj:t
811 1016 69 36 har
919 1015 60 36 för
1019 1015 122 35 första
1181 1013 172 37 halvåret
1396 1015 96 33 1923
1535 1012 109 36 äskat
1680 1016 53 32 ett
1762 1011 139 49 belopp
1930 1024 47 23 av

378 1070 162 45 302,000
570 1069 150 45 kronor,
749 1067 82 36 vari
859 1066 195 36 inräknats
1083 1078 46 23 en
1158 1065 267 47 förstärkning
1448 1077 45 23 av
1513 1063 64 37 det
1597 1063 186 37 ordinarie
1803 1063 174 48 anslaget

377 1120 85 37 med
504 1121 48 35 60
593 1123 171 45 procent.
820 1109 35 45 Å
896 1117 234 49 tilläggsstat
1171 1117 58 36 för
1261 1116 258 37 innevarande
1548 1118 40 33 år
1615 1115 69 36 har
1711 1119 146 32 ansetts
1885 1115 92 36 böra

377 1171 151 38 anvisas
570 1176 54 31 ett
665 1170 134 48 anslag
840 1183 48 24 av
926 1170 163 46 224,000
1118 1169 144 36 kronor
1290 1168 58 36 till
1376 1167 272 48 förstärkning,
1677 1166 184 37 likaledes
1889 1166 86 36 med

378 1226 47 34 60
453 1228 170 44 procent,
652 1236 47 23 av
726 1222 66 37 det
821 1221 186 37 ordinarie
1037 1221 185 48 anslaget.

182 1339 149 22 Utskottets
478 1325 133 50 Enligt
650 1325 210 37 utskottets
900 1324 156 48 mening
1096 1323 68 37 bör
1205 1336 48 23 en
1280 1321 239 50 uppdelning
1547 1334 47 23 av
1622 1320 173 50 anslaget
1823 1322 81 45 ske,
1935 1323 41 34 så

190 1375 130 25 yttrande.
376 1383 55 31 att
470 1378 146 36 hälften
656 1391 47 23 av
745 1377 65 36 det
850 1381 90 31 utav
975 1375 142 49 Kungl.
1146 1375 107 48 Maj:t
1288 1374 58 36 till
1380 1374 162 46 377,516
1571 1373 141 36 kronor
1738 1373 62 36 för
1827 1373 80 36 helt
1935 1376 41 32 år

374 1429 253 50 uppskattade
655 1428 187 37 ordinarie
870 1427 319 49 anslagsbehovet
1217 1425 92 37 eller
1339 1426 161 46 188,750
1529 1424 140 37 kronor
1688 1424 150 37 anvisas
1857 1424 123 37 under

374 1495 52 23 nu
455 1480 249 37 förevarande
732 1478 254 50 anslagstitel,
1015 1478 137 36 medan
1185 1476 469 49 förstärkningsanslaget,
1683 1476 83 37 med
1786 1476 12 37 i
1816 1482 89 31 runt
1923 1477 53 36 tal

378 1534 161 47 110,000
568 1533 151 47 kronor,
748 1531 152 37 anvisas
928 1534 20 33 å
976 1536 107 31 extra
1112 1534 84 32 stat.

477 1584 17 36 I
535 1584 126 48 övrigt
701 1584 69 36 har
811 1583 141 48 Kungl.
982 1582 127 49 Maj:ts
1142 1580 147 49 förslag
1316 1580 84 37 icke
1428 1580 96 49 givit
1552 1580 185 36 utskottet
1765 1579 210 49 anledning

377 1636 54 37 till
460 1636 162 36 erinran.

477 1687 241 37 Beträffande
746 1687 65 36 det
840 1685 186 37 ordinarie
1055 1684 173 48 anslaget
1255 1683 220 37 hemställer
1502 1683 200 47 utskottet,

877 1792 55 32 att
958 1788 207 48 riksdagen
1194 1789 60 34 må
1281 1791 169 44 upptaga
1483 1786 187 36 ordinarie
1702 1785 273 37 reservations-

774 1840 175 49 anslaget
975 1839 68 40 till.
1061 1838 305 37 kustartilleriets
1394 1837 170 37 materiel
1592 1851 47 22 m.
1657 1851 61 33 m.,
1739 1850 50 22 nu
1810 1837 164 46 373,240

773 1893 153 46 kronor,
954 1891 86 36 med
1072 1891 161 47 188,750
1262 1890 153 36 kronor.

159 2014 189 27 Förstärkning
479 1994 124 49 115:0)
644 1995 17 35 I
700 1994 224 49 anslutning
964 1993 56 37 till
1061 1993 74 36 vad
1175 1993 187 36 utskottet
1404 1991 116 37 under
1547 1995 169 33 närmast
1743 1990 231 49 föregående

168 2055 36 32 av
219 2050 120 25 anslaget
374 2048 121 48 punkt
523 2047 138 47 anfört,
690 2046 57 36 får
774 2046 188 36 utskottet
990 2044 210 47 hemställa,

186 2083 41 21 till
247 2084 72 21 kust-

179 2117 151 22 artilleriets
1304 2125 5 4 3

149 2153 162 21 Miäterierr.
321 2158 25 15 få
878 2153 55 31 att
972 2147 208 48 riksdagen
1221 2150 60 33 må
1323 2145 57 37 till
1418 2146 249 49 förstärkning
1709 2159 44 22 av
1795 2144 179 37 ordinarie

773 2200 396 48 reservationsanslaget
1190 2199 74 35 -till
1306 2199 282 35 kustartilleriets
1619 2197 158 36 materiel
1803 2209 45 22 m.
1879 2209 44 22 m.
1953 2198 20 34 å

774 2255 106 32 extra
922 2255 75 32 stat
1038 2250 59 37 för
1136 2250 107 36 tiden
1280 2252 17 33 1
1324 2249 254 49 januari—30
1601 2248 84 48 juni
1715 2249 97 34 1923
1842 2246 133 37 anvisa

774 2308 54 31 ett
855 2302 314 49 förslagsanslag,
1197 2302 129 48 högst,
1358 2303 162 46 110,000
1549 2300 152 36 kronor.
