2231 2662
209 1656 26 28 d)
256 1654 130 30 angående

219 1725 109 28 grunder
346 1724 39 21 för

206 1759 197 28 statsbidragets

231 1793 137 31 utgående.

451 238 39 31 14
895 232 265 33 Statsulskottets
1190 230 177 34 Utlåtande
1390 230 65 32 N:o
1481 232 52 30 75.

408 326 226 49 ifrågasatta
663 323 211 49 ändringen
902 322 162 37 rörande
1092 319 313 52 pensionsåldern
1436 323 131 45 syntes
1596 318 59 37 för
1684 316 219 38 nuvarande
1924 315 79 37 del-

409 384 115 44 ägare
554 378 135 36 endast
716 377 92 36 böra
836 375 117 37 blifva
983 374 169 49 frivillig.
1208 373 200 48 Delägare,
1438 386 80 23 som
1546 371 85 37 icke
1659 370 90 37 ville
1774 369 229 37 underkasta

411 432 61 49 sig
500 431 229 46 densamma,
760 428 119 38 skulle
909 428 146 36 således
1083 440 90 23 vara
1192 425 216 49 berättigad
1428 429 55 32 att
1502 423 209 38 bibehållas
1730 422 64 37 vid
1815 422 45 37 de
1881 421 123 50 gamla

409 484 186 37 villkoren
643 481 264 48 oförändrade,
937 494 86 23 men
1067 478 153 38 därmed
1259 478 111 37 också
1400 477 183 37 uteslutas
1611 476 85 36 från
1725 475 198 37 förmånen
1952 479 53 31 att

410 536 272 49 tillgodonjuta
710 535 75 36 den
813 534 150 50 garanti
998 533 41 36 af
1064 537 125 32 staten
1218 531 60 37 för
1305 531 276 50 pensionernas
1609 528 321 38 utbekommande
1949 527 57 36 till

412 588 245 39 oförändradt
698 588 151 49 belopp,
892 600 82 24 som
1011 584 236 47 kommittén,
1285 587 49 46 på
1372 587 76 33 sätt
1475 582 205 37 framdeles
1710 581 96 37 skall
1836 585 169 42 nämnas,

407 642 143 50 jämväl
580 640 169 38 föreslår.
806 641 16 36 I
851 640 100 36 vissa
979 638 187 38 särskilda
1195 637 66 37 fall
1290 635 119 38 skulle
1438 635 219 37 nuvarande
1687 634 178 49 delägare
1894 633 112 37 äfven

413 700 72 43 äga
512 699 75 31 rätt
614 699 54 31 att
697 693 201 36 oafkortad
925 692 128 35 fordra
1080 690 293 48 tillämpningen
1402 689 40 35 af
1466 702 50 21 nu
1545 687 177 49 gällande
1742 686 265 36 bestämmelse

413 760 60 24 om
506 745 287 51 pensionsålder
831 744 69 37 och
938 742 115 38 likväl
1080 743 150 36 komma
1258 740 11 37 i
1299 740 221 50 åtnjutande
1549 740 41 36 af
1616 738 74 37 den
1719 738 40 36 af
1784 737 224 37 kommittén

412 800 225 49 ifrågasatta
665 796 297 50 statsgarantien
990 796 59 36 för
1076 794 275 51 pensionernas
1380 792 92 37 fulla
1500 791 244 49 erläggande.

517 851 74 36 För
631 850 251 50 nytillkomna
932 849 177 48 delägare
1159 848 68 35 har
1277 849 82 34 åter
1400 845 226 37 kommittén
1666 844 200 48 ifrågasatt
1906 842 103 36 vissa

415 903 268 49 förändringar
709 901 235 39 beträffande
965 900 101 37 såväl
1086 898 410 52 pensionsafgifternas
1516 910 82 24 som
1618 894 391 52 pensionsbeloppens

415 956 154 38 storlek.

421 1689 97 48 gade
556 1688 111 46 finna,
706 1688 115 36 högst
858 1685 183 49 betydlig.
1096 1684 75 37 För
1212 1683 240 37 densammas
1480 1680 187 38 täckande
1695 1681 68 35 har
1791 1678 223 37 kommittén

420 1741 84 37 icke
545 1740 125 36 funnit
710 1743 126 44 någon
878 1751 124 23 annan
1043 1741 120 44 utväg
1204 1740 46 32 än
1287 1734 227 38 förändrade
1543 1732 168 51 grunder
1739 1732 60 36 för
1825 1730 190 49 utgående

423 1794 39 35 af
488 1793 63 36 det
585 1791 133 37 hittills
746 1792 59 36 för
832 1789 289 50 ifrågavarande
1150 1787 173 37 ändamål
1352 1786 188 49 beviljade
1561 1785 240 47 statsbidrag.
1845 1784 15 35 I
1881 1782 136 37 sådant

421 1845 218 37 hänseende
667 1844 68 35 har
763 1843 226 36 kommittén
1015 1841 209 47 föreslagit,
1254 1839 81 38 dels
1364 1844 54 31 att
1447 1843 126 32 staten
1602 1837 119 36 skulle
1750 1849 127 23 ensam
1894 1835 122 36 öfver-

422 1903 88 43 taga
552 1902 179 31 ansvaret
771 1896 59 36 för
870 1893 274 51 pensionering
1184 1892 58 37 till
1284 1891 94 49 följd
1414 1891 42 37 af
1481 1888 200 52 olycksfall
1709 1888 92 37 eller
1829 1886 187 49 sjukdom,

424 1963 79 23 som
547 1948 167 50 ådragits
761 1947 120 37 under
922 1945 311 50 tjänstutöfning,
1272 1944 34 37 d.
1335 1958 34 22 v.
1402 1956 27 23 s.
1460 1947 54 32 att
1542 1946 123 32 staten
1694 1940 123 37 allena
1845 1938 174 38 betalade

423 2002 85 36 hela
536 2001 179 49 beloppet
742 2000 42 36 af
807 1999 188 49 utgående
1022 1997 348 49 invalidpensioner
1399 1995 119 48 enligt
1547 1996 20 34 6
1599 1993 17 49 $
1635 2006 111 23 mom.
1770 2006 21 22 a
1809 1992 13 35 i
1841 1991 178 49 gällande

423 2054 247 49 reglemente,
709 2052 80 37 dels
818 2053 70 36 ock
916 2056 56 32 att
1001 2055 126 32 staten
1154 2049 117 37 borde
1301 2052 112 45 åtaga
1443 2048 59 48 sig
1531 2051 53 31 att
1612 2046 57 36 till
1696 2047 66 34 två
1789 2043 231 50 tredjedelar

423 2120 160 23 ansvara
624 2106 58 36 för
718 2104 318 50 pensioneringen
1075 2103 11 36 i
1115 2102 118 49 öfrigt
1261 2101 41 37 af
1329 2105 144 32 statens
1497 2096 378 53 järnvägspersonal.
1930 2095 89 37 Men

423 2159 130 36 vidare
581 2159 80 46 har,
690 2162 89 31 enär
808 2157 224 49 delägarnas
1062 2155 219 48 årsafgifter
1307 2153 83 36 icke
1418 2159 191 29 motsvara
1638 2164 48 22 en
1713 2149 199 48 tredjedel,
1934 2153 84 31 utan

425 2211 159 36 allenast
624 2210 177 48 omkring
842 2222 47 23 en
932 2207 184 49 fjärdedel
1157 2207 41 35 af
1237 2206 73 36 den
1347 2219 48 23 en
1432 2205 92 35 hvar
1553 2204 41 35 af
1619 2203 84 36 dem
1732 2200 287 37 tillkommande

424 2263 171 49 pension,
637 2262 226 36 kommittén
903 2260 210 48 föreslagit,
1155 2264 56 32 att
1252 2262 124 33 staten
1405 2255 123 38 skulle
1557 2255 146 49 årligen
1731 2254 126 37 lämna
1885 2252 136 48 bidrag

423 2315 58 36 till
509 2313 443 51 pensionsinrättningen
981 2312 84 37 med
1096 2312 63 35 det
1184 2311 151 48 belopp,
1357 2322 79 24 som
1459 2307 238 38 erfordrades
1719 2309 123 33 såsom
1861 2304 158 50 fyllnad,

424 2368 59 36 för
512 2372 53 31 att
593 2365 446 50 pensionsinrättningen
1069 2364 63 36 vid
1158 2363 113 37 slutet
1291 2362 40 36 af
1347 2361 133 49 hvarje
1501 2363 39 34 år
1561 2359 120 37 skulle
1701 2363 72 45 äga
1794 2371 46 24 en
1861 2356 158 50 kapital-
