<?xml version="1.0" encoding="UTF-8"?>
<alto xmlns="http://www.loc.gov/standards/alto/ns-v3#" xmlns:xlink="http://www.w3.org/1999/xlink" xmlns:xsi="http://www.w3.org/2001/XMLSchema-instance" xsi:schemaLocation="http://www.loc.gov/standards/alto/ns-v3# http://www.loc.gov/alto/v3/alto-3-0.xsd">
	<Description>
		<MeasurementUnit>pixel</MeasurementUnit>
		<sourceImageInformation>
			<fileName>/tmp/tess_12v484___input.PNG</fileName>
		</sourceImageInformation>
		<OCRProcessing ID="OCR_0">
			<ocrProcessingStep>
				<processingSoftware>
					<softwareName>tesseract 5.3.0</softwareName>
				</processingSoftware>
			</ocrProcessingStep>
		</OCRProcessing>
	</Description>
	<Layout>
		<Page WIDTH="1835" HEIGHT="2829" PHYSICAL_IMG_NR="0" ID="page_0">
			<PrintSpace HPOS="0" VPOS="0" WIDTH="1835" HEIGHT="2829">
				<ComposedBlock ID="cblock_0" HPOS="385" VPOS="180" WIDTH="1159" HEIGHT="41">
					<TextBlock ID="block_0" HPOS="385" VPOS="180" WIDTH="1159" HEIGHT="41">
						<TextLine ID="line_0" HPOS="385" VPOS="180" WIDTH="1159" HEIGHT="41">
							<String ID="string_0" HPOS="385" VPOS="180" WIDTH="123" HEIGHT="40" WC="0.93" CONTENT="Tredje"/><SP WIDTH="16" VPOS="180" HPOS="508"/>
							<String ID="string_1" HPOS="524" VPOS="181" WIDTH="244" HEIGHT="40" WC="0.92" CONTENT="lagutskottets"/><SP WIDTH="17" VPOS="181" HPOS="768"/>
							<String ID="string_2" HPOS="785" VPOS="182" WIDTH="177" HEIGHT="30" WC="0.96" CONTENT="utlåtande"/><SP WIDTH="16" VPOS="182" HPOS="962"/>
							<String ID="string_3" HPOS="978" VPOS="191" WIDTH="41" HEIGHT="20" WC="0.96" CONTENT="nr"/><SP WIDTH="14" VPOS="191" HPOS="1019"/>
							<String ID="string_4" HPOS="1033" VPOS="183" WIDTH="41" HEIGHT="29" WC="0.95" CONTENT="26"/><SP WIDTH="15" VPOS="183" HPOS="1074"/>
							<String ID="string_5" HPOS="1089" VPOS="182" WIDTH="38" HEIGHT="30" WC="0.96" CONTENT="år"/><SP WIDTH="16" VPOS="182" HPOS="1127"/>
							<String ID="string_6" HPOS="1143" VPOS="182" WIDTH="82" HEIGHT="29" WC="0.96" CONTENT="1969"/><SP WIDTH="303" VPOS="182" HPOS="1225"/>
							<String ID="string_7" HPOS="1528" VPOS="186" WIDTH="16" HEIGHT="29" WC="0.72" CONTENT="i"/>
						</TextLine>
					</TextBlock>
				</ComposedBlock>
				<ComposedBlock ID="cblock_1" HPOS="63" VPOS="261" WIDTH="1487" HEIGHT="2305">
					<TextBlock ID="block_1" HPOS="63" VPOS="261" WIDTH="1483" HEIGHT="1011">
						<TextLine ID="line_1" HPOS="63" VPOS="261" WIDTH="1482" HEIGHT="42">
							<String ID="string_8" HPOS="63" VPOS="261" WIDTH="206" HEIGHT="30" WC="0.91" CONTENT="mänhetens"/><SP WIDTH="20" VPOS="261" HPOS="269"/>
							<String ID="string_9" HPOS="289" VPOS="262" WIDTH="215" HEIGHT="39" WC="0.96" CONTENT="granskning"/><SP WIDTH="20" VPOS="262" HPOS="504"/>
							<String ID="string_10" HPOS="524" VPOS="272" WIDTH="41" HEIGHT="19" WC="0.96" CONTENT="ur"/><SP WIDTH="19" VPOS="272" HPOS="565"/>
							<String ID="string_11" HPOS="584" VPOS="263" WIDTH="125" HEIGHT="39" WC="0.95" CONTENT="många"/><SP WIDTH="21" VPOS="263" HPOS="709"/>
							<String ID="string_12" HPOS="730" VPOS="264" WIDTH="217" HEIGHT="39" WC="0.96" CONTENT="synpunkter"/><SP WIDTH="20" VPOS="264" HPOS="947"/>
							<String ID="string_13" HPOS="967" VPOS="264" WIDTH="9" HEIGHT="28" WC="0.96" CONTENT="i"/><SP WIDTH="21" VPOS="264" HPOS="976"/>
							<String ID="string_14" HPOS="997" VPOS="265" WIDTH="65" HEIGHT="38" WC="0.96" CONTENT="dag"/><SP WIDTH="21" VPOS="265" HPOS="1062"/>
							<String ID="string_15" HPOS="1083" VPOS="265" WIDTH="36" HEIGHT="28" WC="0.96" CONTENT="är"/><SP WIDTH="20" VPOS="265" HPOS="1119"/>
							<String ID="string_16" HPOS="1139" VPOS="264" WIDTH="238" HEIGHT="39" WC="0.95" CONTENT="betydelselös."/><SP WIDTH="21" VPOS="264" HPOS="1377"/>
							<String ID="string_17" HPOS="1398" VPOS="264" WIDTH="53" HEIGHT="29" WC="0.95" CONTENT="En"/><SP WIDTH="21" VPOS="264" HPOS="1451"/>
							<String ID="string_18" HPOS="1472" VPOS="273" WIDTH="73" HEIGHT="20" WC="0.96" CONTENT="mer"/>
						</TextLine>
						<TextLine ID="line_2" HPOS="64" VPOS="315" WIDTH="1482" HEIGHT="43">
							<String ID="string_19" HPOS="64" VPOS="315" WIDTH="94" HEIGHT="29" WC="0.96" CONTENT="aktiv"/><SP WIDTH="19" VPOS="315" HPOS="158"/>
							<String ID="string_20" HPOS="177" VPOS="315" WIDTH="65" HEIGHT="29" WC="0.96" CONTENT="och"/><SP WIDTH="19" VPOS="315" HPOS="242"/>
							<String ID="string_21" HPOS="261" VPOS="316" WIDTH="186" HEIGHT="39" WC="0.96" CONTENT="väsentligt"/><SP WIDTH="20" VPOS="316" HPOS="447"/>
							<String ID="string_22" HPOS="467" VPOS="317" WIDTH="131" HEIGHT="29" WC="0.96" CONTENT="utökad"/><SP WIDTH="19" VPOS="317" HPOS="598"/>
							<String ID="string_23" HPOS="617" VPOS="316" WIDTH="91" HEIGHT="30" WC="0.96" CONTENT="form"/><SP WIDTH="21" VPOS="316" HPOS="708"/>
							<String ID="string_24" HPOS="729" VPOS="327" WIDTH="42" HEIGHT="19" WC="0.96" CONTENT="av"/><SP WIDTH="19" VPOS="327" HPOS="771"/>
							<String ID="string_25" HPOS="790" VPOS="317" WIDTH="228" HEIGHT="30" WC="0.96" CONTENT="information"/><SP WIDTH="20" VPOS="317" HPOS="1018"/>
							<String ID="string_26" HPOS="1038" VPOS="319" WIDTH="114" HEIGHT="29" WC="0.96" CONTENT="krävs."/><SP WIDTH="21" VPOS="319" HPOS="1152"/>
							<String ID="string_27" HPOS="1173" VPOS="318" WIDTH="52" HEIGHT="29" WC="0.96" CONTENT="En"/><SP WIDTH="21" VPOS="318" HPOS="1225"/>
							<String ID="string_28" HPOS="1246" VPOS="318" WIDTH="238" HEIGHT="40" WC="0.96" CONTENT="presentation"/><SP WIDTH="21" VPOS="318" HPOS="1484"/>
							<String ID="string_29" HPOS="1505" VPOS="328" WIDTH="41" HEIGHT="19" WC="0.96" CONTENT="av"/>
						</TextLine>
						<TextLine ID="line_3" HPOS="64" VPOS="369" WIDTH="1481" HEIGHT="43">
							<String ID="string_30" HPOS="64" VPOS="369" WIDTH="364" HEIGHT="40" WC="0.92" CONTENT="problemställningar"/><SP WIDTH="20" VPOS="369" HPOS="428"/>
							<String ID="string_31" HPOS="448" VPOS="370" WIDTH="65" HEIGHT="30" WC="0.96" CONTENT="och"/><SP WIDTH="20" VPOS="370" HPOS="513"/>
							<String ID="string_32" HPOS="533" VPOS="371" WIDTH="184" HEIGHT="30" WC="0.96" CONTENT="alternativ"/><SP WIDTH="19" VPOS="371" HPOS="717"/>
							<String ID="string_33" HPOS="736" VPOS="371" WIDTH="52" HEIGHT="30" WC="0.96" CONTENT="till"/><SP WIDTH="21" VPOS="371" HPOS="788"/>
							<String ID="string_34" HPOS="809" VPOS="371" WIDTH="176" HEIGHT="40" WC="0.96" CONTENT="lösningar"/><SP WIDTH="21" VPOS="371" HPOS="985"/>
							<String ID="string_35" HPOS="1006" VPOS="372" WIDTH="105" HEIGHT="30" WC="0.96" CONTENT="borde"/><SP WIDTH="20" VPOS="372" HPOS="1111"/>
							<String ID="string_36" HPOS="1131" VPOS="382" WIDTH="83" HEIGHT="20" WC="0.96" CONTENT="vara"/><SP WIDTH="21" VPOS="382" HPOS="1214"/>
							<String ID="string_37" HPOS="1235" VPOS="374" WIDTH="47" HEIGHT="28" WC="0.96" CONTENT="ett"/><SP WIDTH="20" VPOS="374" HPOS="1282"/>
							<String ID="string_38" HPOS="1302" VPOS="373" WIDTH="243" HEIGHT="39" WC="0.95" CONTENT="rutinmässigt"/>
						</TextLine>
						<TextLine ID="line_4" HPOS="65" VPOS="423" WIDTH="1480" HEIGHT="41">
							<String ID="string_39" HPOS="65" VPOS="423" WIDTH="110" HEIGHT="40" WC="0.96" CONTENT="inslag"/><SP WIDTH="21" VPOS="423" HPOS="175"/>
							<String ID="string_40" HPOS="196" VPOS="423" WIDTH="10" HEIGHT="29" WC="0.96" CONTENT="i"/><SP WIDTH="21" VPOS="423" HPOS="206"/>
							<String ID="string_41" HPOS="227" VPOS="424" WIDTH="307" HEIGHT="39" WC="0.96" CONTENT="handläggningen"/><SP WIDTH="20" VPOS="424" HPOS="534"/>
							<String ID="string_42" HPOS="554" VPOS="434" WIDTH="41" HEIGHT="20" WC="0.96" CONTENT="av"/><SP WIDTH="23" VPOS="434" HPOS="595"/>
							<String ID="string_43" HPOS="618" VPOS="425" WIDTH="67" HEIGHT="29" WC="0.92" CONTENT="alla"/><SP WIDTH="21" VPOS="425" HPOS="685"/>
							<String ID="string_44" HPOS="706" VPOS="426" WIDTH="249" HEIGHT="38" WC="0.91" CONTENT="planäranden."/><SP WIDTH="25" VPOS="426" HPOS="955"/>
							<String ID="string_45" HPOS="980" VPOS="426" WIDTH="231" HEIGHT="29" WC="0.95" CONTENT="Information"/><SP WIDTH="22" VPOS="426" HPOS="1211"/>
							<String ID="string_46" HPOS="1233" VPOS="426" WIDTH="52" HEIGHT="30" WC="0.96" CONTENT="till"/><SP WIDTH="23" VPOS="426" HPOS="1285"/>
							<String ID="string_47" HPOS="1308" VPOS="426" WIDTH="237" HEIGHT="30" WC="0.96" CONTENT="allmänheten"/>
						</TextLine>
						<TextLine ID="line_5" HPOS="65" VPOS="477" WIDTH="1481" HEIGHT="42">
							<String ID="string_48" HPOS="65" VPOS="477" WIDTH="59" HEIGHT="30" WC="0.96" CONTENT="bör"/><SP WIDTH="23" VPOS="477" HPOS="124"/>
							<String ID="string_49" HPOS="147" VPOS="478" WIDTH="107" HEIGHT="39" WC="0.93" CONTENT="enligt"/><SP WIDTH="23" VPOS="478" HPOS="254"/>
							<String ID="string_50" HPOS="277" VPOS="478" WIDTH="277" HEIGHT="30" WC="0.91" CONTENT="motionärernas"/><SP WIDTH="23" VPOS="478" HPOS="554"/>
							<String ID="string_51" HPOS="577" VPOS="479" WIDTH="140" HEIGHT="39" WC="0.96" CONTENT="mening"/><SP WIDTH="24" VPOS="479" HPOS="717"/>
							<String ID="string_52" HPOS="741" VPOS="487" WIDTH="56" HEIGHT="32" WC="0.96" CONTENT="ges"/><SP WIDTH="24" VPOS="487" HPOS="797"/>
							<String ID="string_53" HPOS="821" VPOS="480" WIDTH="44" HEIGHT="39" WC="0.96" CONTENT="på"/><SP WIDTH="23" VPOS="480" HPOS="865"/>
							<String ID="string_54" HPOS="888" VPOS="480" WIDTH="68" HEIGHT="29" WC="0.95" CONTENT="alla"/><SP WIDTH="24" VPOS="480" HPOS="956"/>
							<String ID="string_55" HPOS="980" VPOS="480" WIDTH="128" HEIGHT="30" WC="0.96" CONTENT="stadier"/><SP WIDTH="25" VPOS="480" HPOS="1108"/>
							<String ID="string_56" HPOS="1133" VPOS="480" WIDTH="9" HEIGHT="29" WC="0.96" CONTENT="i"/><SP WIDTH="24" VPOS="480" HPOS="1142"/>
							<String ID="string_57" HPOS="1166" VPOS="480" WIDTH="227" HEIGHT="39" WC="0.96" CONTENT="planeringen"/><SP WIDTH="25" VPOS="480" HPOS="1393"/>
							<String ID="string_58" HPOS="1418" VPOS="481" WIDTH="64" HEIGHT="29" WC="0.96" CONTENT="och"/><SP WIDTH="26" VPOS="481" HPOS="1482"/>
							<String ID="string_59" HPOS="1508" VPOS="481" WIDTH="38" HEIGHT="29" WC="0.96" CONTENT="så"/>
						</TextLine>
						<TextLine ID="line_6" HPOS="64" VPOS="531" WIDTH="1481" HEIGHT="42">
							<String ID="string_60" HPOS="64" VPOS="533" WIDTH="49" HEIGHT="27" WC="0.96" CONTENT="att"/><SP WIDTH="23" VPOS="533" HPOS="113"/>
							<String ID="string_61" HPOS="136" VPOS="531" WIDTH="235" HEIGHT="30" WC="0.95" CONTENT="allmänheten"/><SP WIDTH="24" VPOS="531" HPOS="371"/>
							<String ID="string_62" HPOS="395" VPOS="533" WIDTH="70" HEIGHT="29" WC="0.96" CONTENT="kan"/><SP WIDTH="23" VPOS="533" HPOS="465"/>
							<String ID="string_63" HPOS="488" VPOS="532" WIDTH="172" HEIGHT="30" WC="0.96" CONTENT="framföra"/><SP WIDTH="23" VPOS="532" HPOS="660"/>
							<String ID="string_64" HPOS="683" VPOS="534" WIDTH="76" HEIGHT="29" WC="0.96" CONTENT="sina"/><SP WIDTH="24" VPOS="534" HPOS="759"/>
							<String ID="string_65" HPOS="783" VPOS="534" WIDTH="216" HEIGHT="39" WC="0.95" CONTENT="synpunkter"/><SP WIDTH="25" VPOS="534" HPOS="999"/>
							<String ID="string_66" HPOS="1024" VPOS="534" WIDTH="51" HEIGHT="29" WC="0.95" CONTENT="till"/><SP WIDTH="26" VPOS="534" HPOS="1075"/>
							<String ID="string_67" HPOS="1101" VPOS="534" WIDTH="68" HEIGHT="29" WC="0.96" CONTENT="alla"/><SP WIDTH="23" VPOS="534" HPOS="1169"/>
							<String ID="string_68" HPOS="1192" VPOS="534" WIDTH="174" HEIGHT="30" WC="0.95" CONTENT="instanser"/><SP WIDTH="25" VPOS="534" HPOS="1366"/>
							<String ID="string_69" HPOS="1391" VPOS="544" WIDTH="74" HEIGHT="20" WC="0.93" CONTENT="som"/><SP WIDTH="25" VPOS="544" HPOS="1465"/>
							<String ID="string_70" HPOS="1490" VPOS="535" WIDTH="55" HEIGHT="29" WC="0.92" CONTENT="be-"/>
						</TextLine>
						<TextLine ID="line_7" HPOS="64" VPOS="586" WIDTH="1481" HEIGHT="41">
							<String ID="string_71" HPOS="64" VPOS="586" WIDTH="148" HEIGHT="29" WC="0.96" CONTENT="handlar"/><SP WIDTH="22" VPOS="586" HPOS="212"/>
							<String ID="string_72" HPOS="234" VPOS="586" WIDTH="152" HEIGHT="30" WC="0.96" CONTENT="ärendet."/><SP WIDTH="23" VPOS="586" HPOS="386"/>
							<String ID="string_73" HPOS="409" VPOS="587" WIDTH="51" HEIGHT="29" WC="0.95" CONTENT="Av"/><SP WIDTH="22" VPOS="587" HPOS="460"/>
							<String ID="string_74" HPOS="482" VPOS="589" WIDTH="70" HEIGHT="28" WC="0.96" CONTENT="stor"/><SP WIDTH="22" VPOS="589" HPOS="552"/>
							<String ID="string_75" HPOS="574" VPOS="587" WIDTH="74" HEIGHT="30" WC="0.96" CONTENT="vikt"/><SP WIDTH="22" VPOS="587" HPOS="648"/>
							<String ID="string_76" HPOS="670" VPOS="589" WIDTH="38" HEIGHT="28" WC="0.96" CONTENT="är"/><SP WIDTH="22" VPOS="589" HPOS="708"/>
							<String ID="string_77" HPOS="730" VPOS="588" WIDTH="106" HEIGHT="30" WC="0.96" CONTENT="också"/><SP WIDTH="22" VPOS="588" HPOS="836"/>
							<String ID="string_78" HPOS="858" VPOS="590" WIDTH="49" HEIGHT="28" WC="0.91" CONTENT="att"/><SP WIDTH="23" VPOS="590" HPOS="907"/>
							<String ID="string_79" HPOS="930" VPOS="588" WIDTH="353" HEIGHT="39" WC="0.91" CONTENT="frågeställningarna"/><SP WIDTH="22" VPOS="588" HPOS="1283"/>
							<String ID="string_80" HPOS="1305" VPOS="588" WIDTH="240" HEIGHT="39" WC="0.90" CONTENT="åskådliggörs"/>
						</TextLine>
						<TextLine ID="line_8" HPOS="64" VPOS="639" WIDTH="1481" HEIGHT="42">
							<String ID="string_81" HPOS="64" VPOS="639" WIDTH="43" HEIGHT="39" WC="0.92" CONTENT="på"/><SP WIDTH="24" VPOS="639" HPOS="107"/>
							<String ID="string_82" HPOS="131" VPOS="641" WIDTH="48" HEIGHT="28" WC="0.89" CONTENT="elt"/><SP WIDTH="26" VPOS="641" HPOS="179"/>
							<String ID="string_83" HPOS="205" VPOS="640" WIDTH="123" HEIGHT="29" WC="0.96" CONTENT="sådant"/><SP WIDTH="26" VPOS="640" HPOS="328"/>
							<String ID="string_84" HPOS="354" VPOS="641" WIDTH="78" HEIGHT="33" WC="0.95" CONTENT="sätt,"/><SP WIDTH="26" VPOS="641" HPOS="432"/>
							<String ID="string_85" HPOS="458" VPOS="642" WIDTH="50" HEIGHT="28" WC="0.96" CONTENT="att"/><SP WIDTH="26" VPOS="642" HPOS="508"/>
							<String ID="string_86" HPOS="534" VPOS="641" WIDTH="105" HEIGHT="29" WC="0.96" CONTENT="också"/><SP WIDTH="25" VPOS="641" HPOS="639"/>
							<String ID="string_87" HPOS="664" VPOS="641" WIDTH="76" HEIGHT="34" WC="0.96" CONTENT="den,"/><SP WIDTH="27" VPOS="641" HPOS="740"/>
							<String ID="string_88" HPOS="767" VPOS="650" WIDTH="74" HEIGHT="20" WC="0.96" CONTENT="som"/><SP WIDTH="26" VPOS="650" HPOS="841"/>
							<String ID="string_89" HPOS="867" VPOS="641" WIDTH="70" HEIGHT="30" WC="0.96" CONTENT="inte"/><SP WIDTH="27" VPOS="641" HPOS="937"/>
							<String ID="string_90" HPOS="964" VPOS="643" WIDTH="38" HEIGHT="28" WC="0.96" CONTENT="är"/><SP WIDTH="26" VPOS="643" HPOS="1002"/>
							<String ID="string_91" HPOS="1028" VPOS="643" WIDTH="127" HEIGHT="37" WC="0.95" CONTENT="expert,"/><SP WIDTH="27" VPOS="643" HPOS="1155"/>
							<String ID="string_92" HPOS="1182" VPOS="642" WIDTH="71" HEIGHT="29" WC="0.96" CONTENT="kan"/><SP WIDTH="25" VPOS="642" HPOS="1253"/>
							<String ID="string_93" HPOS="1278" VPOS="642" WIDTH="137" HEIGHT="39" WC="0.96" CONTENT="deltaga"/><SP WIDTH="26" VPOS="642" HPOS="1415"/>
							<String ID="string_94" HPOS="1441" VPOS="643" WIDTH="11" HEIGHT="29" WC="0.93" CONTENT="i"/><SP WIDTH="26" VPOS="643" HPOS="1452"/>
							<String ID="string_95" HPOS="1478" VPOS="642" WIDTH="67" HEIGHT="29" WC="0.93" CONTENT="dis-"/>
						</TextLine>
						<TextLine ID="line_9" HPOS="65" VPOS="693" WIDTH="1480" HEIGHT="42">
							<String ID="string_96" HPOS="65" VPOS="693" WIDTH="199" HEIGHT="30" WC="0.91" CONTENT="kussionen."/><SP WIDTH="18" VPOS="693" HPOS="264"/>
							<String ID="string_97" HPOS="282" VPOS="694" WIDTH="81" HEIGHT="29" WC="0.96" CONTENT="Man"/><SP WIDTH="16" VPOS="694" HPOS="363"/>
							<String ID="string_98" HPOS="379" VPOS="694" WIDTH="70" HEIGHT="29" WC="0.91" CONTENT="kan"/><SP WIDTH="18" VPOS="694" HPOS="449"/>
							<String ID="string_99" HPOS="467" VPOS="697" WIDTH="22" HEIGHT="27" WC="0.91" CONTENT="t."/><SP WIDTH="15" VPOS="697" HPOS="489"/>
							<String ID="string_100" HPOS="504" VPOS="703" WIDTH="61" HEIGHT="25" WC="0.87" CONTENT="ex.,"/><SP WIDTH="18" VPOS="703" HPOS="565"/>
							<String ID="string_101" HPOS="583" VPOS="695" WIDTH="96" HEIGHT="29" WC="0.96" CONTENT="heter"/><SP WIDTH="17" VPOS="695" HPOS="679"/>
							<String ID="string_102" HPOS="696" VPOS="695" WIDTH="57" HEIGHT="29" WC="0.96" CONTENT="det"/><SP WIDTH="17" VPOS="695" HPOS="753"/>
							<String ID="string_103" HPOS="770" VPOS="695" WIDTH="10" HEIGHT="28" WC="0.96" CONTENT="i"/><SP WIDTH="17" VPOS="695" HPOS="780"/>
							<String ID="string_104" HPOS="797" VPOS="695" WIDTH="229" HEIGHT="34" WC="0.96" CONTENT="motionerna,"/><SP WIDTH="19" VPOS="695" HPOS="1026"/>
							<String ID="string_105" HPOS="1045" VPOS="696" WIDTH="108" HEIGHT="29" WC="0.96" CONTENT="tänka"/><SP WIDTH="18" VPOS="696" HPOS="1153"/>
							<String ID="string_106" HPOS="1171" VPOS="696" WIDTH="50" HEIGHT="39" WC="0.96" CONTENT="sig"/><SP WIDTH="18" VPOS="696" HPOS="1221"/>
							<String ID="string_107" HPOS="1239" VPOS="697" WIDTH="50" HEIGHT="28" WC="0.96" CONTENT="att"/><SP WIDTH="18" VPOS="697" HPOS="1289"/>
							<String ID="string_108" HPOS="1307" VPOS="696" WIDTH="78" HEIGHT="29" WC="0.96" CONTENT="med"/><SP WIDTH="19" VPOS="696" HPOS="1385"/>
							<String ID="string_109" HPOS="1404" VPOS="695" WIDTH="141" HEIGHT="31" WC="0.96" CONTENT="filmens"/>
						</TextLine>
						<TextLine ID="line_10" HPOS="64" VPOS="748" WIDTH="1482" HEIGHT="41">
							<String ID="string_110" HPOS="64" VPOS="748" WIDTH="64" HEIGHT="28" WC="0.92" CONTENT="och"/><SP WIDTH="25" VPOS="748" HPOS="128"/>
							<String ID="string_111" HPOS="153" VPOS="748" WIDTH="269" HEIGHT="30" WC="0.92" CONTENT="datateknikens"/><SP WIDTH="24" VPOS="748" HPOS="422"/>
							<String ID="string_112" HPOS="446" VPOS="748" WIDTH="99" HEIGHT="39" WC="0.96" CONTENT="hjälp"/><SP WIDTH="26" VPOS="748" HPOS="545"/>
							<String ID="string_113" HPOS="571" VPOS="749" WIDTH="159" HEIGHT="29" WC="0.96" CONTENT="utveckla"/><SP WIDTH="25" VPOS="749" HPOS="730"/>
							<String ID="string_114" HPOS="755" VPOS="749" WIDTH="155" HEIGHT="29" WC="0.96" CONTENT="metoder"/><SP WIDTH="25" VPOS="749" HPOS="910"/>
							<String ID="string_115" HPOS="935" VPOS="749" WIDTH="54" HEIGHT="30" WC="0.95" CONTENT="för"/><SP WIDTH="27" VPOS="749" HPOS="989"/>
							<String ID="string_116" HPOS="1016" VPOS="751" WIDTH="49" HEIGHT="29" WC="0.96" CONTENT="att"/><SP WIDTH="26" VPOS="751" HPOS="1065"/>
							<String ID="string_117" HPOS="1091" VPOS="749" WIDTH="44" HEIGHT="39" WC="0.96" CONTENT="på"/><SP WIDTH="26" VPOS="749" HPOS="1135"/>
							<String ID="string_118" HPOS="1161" VPOS="751" WIDTH="47" HEIGHT="28" WC="0.96" CONTENT="ett"/><SP WIDTH="26" VPOS="751" HPOS="1208"/>
							<String ID="string_119" HPOS="1234" VPOS="750" WIDTH="116" HEIGHT="29" WC="0.96" CONTENT="enkelt"/><SP WIDTH="27" VPOS="750" HPOS="1350"/>
							<String ID="string_120" HPOS="1377" VPOS="751" WIDTH="68" HEIGHT="28" WC="0.93" CONTENT="sätt"/><SP WIDTH="27" VPOS="751" HPOS="1445"/>
							<String ID="string_121" HPOS="1472" VPOS="759" WIDTH="74" HEIGHT="30" WC="0.92" CONTENT="pre-"/>
						</TextLine>
						<TextLine ID="line_11" HPOS="64" VPOS="802" WIDTH="1480" HEIGHT="39">
							<String ID="string_122" HPOS="64" VPOS="803" WIDTH="137" HEIGHT="27" WC="0.92" CONTENT="sentera"/><SP WIDTH="26" VPOS="803" HPOS="201"/>
							<String ID="string_123" HPOS="227" VPOS="802" WIDTH="312" HEIGHT="38" WC="0.92" CONTENT="perspektivbilder"/><SP WIDTH="27" VPOS="802" HPOS="539"/>
							<String ID="string_124" HPOS="566" VPOS="803" WIDTH="65" HEIGHT="28" WC="0.93" CONTENT="och"/><SP WIDTH="27" VPOS="803" HPOS="631"/>
							<String ID="string_125" HPOS="658" VPOS="803" WIDTH="367" HEIGHT="38" WC="0.89" CONTENT="miljöbeskrivningar"/><SP WIDTH="29" VPOS="803" HPOS="1025"/>
							<String ID="string_126" HPOS="1054" VPOS="812" WIDTH="42" HEIGHT="20" WC="0.96" CONTENT="av"/><SP WIDTH="29" VPOS="812" HPOS="1096"/>
							<String ID="string_127" HPOS="1125" VPOS="804" WIDTH="140" HEIGHT="29" WC="0.95" CONTENT="stadens"/><SP WIDTH="35" VPOS="804" HPOS="1265"/>
							<String ID="string_128" HPOS="1300" VPOS="804" WIDTH="244" HEIGHT="33" WC="0.95" CONTENT="(stadsdelens,"/>
						</TextLine>
						<TextLine ID="line_12" HPOS="64" VPOS="855" WIDTH="1481" HEIGHT="41">
							<String ID="string_129" HPOS="64" VPOS="855" WIDTH="192" HEIGHT="30" WC="0.96" CONTENT="kvarterets"/><SP WIDTH="25" VPOS="855" HPOS="256"/>
							<String ID="string_130" HPOS="281" VPOS="857" WIDTH="80" HEIGHT="32" WC="0.96" CONTENT="etc.)"/><SP WIDTH="30" VPOS="857" HPOS="361"/>
							<String ID="string_131" HPOS="391" VPOS="855" WIDTH="168" HEIGHT="30" WC="0.96" CONTENT="framtida"/><SP WIDTH="25" VPOS="855" HPOS="559"/>
							<String ID="string_132" HPOS="584" VPOS="856" WIDTH="174" HEIGHT="29" WC="0.96" CONTENT="utseende."/><SP WIDTH="26" VPOS="856" HPOS="758"/>
							<String ID="string_133" HPOS="784" VPOS="856" WIDTH="67" HEIGHT="29" WC="0.96" CONTENT="För"/><SP WIDTH="26" VPOS="856" HPOS="851"/>
							<String ID="string_134" HPOS="877" VPOS="857" WIDTH="283" HEIGHT="39" WC="0.96" CONTENT="presentationen"/><SP WIDTH="25" VPOS="857" HPOS="1160"/>
							<String ID="string_135" HPOS="1185" VPOS="867" WIDTH="41" HEIGHT="19" WC="0.96" CONTENT="av"/><SP WIDTH="27" VPOS="867" HPOS="1226"/>
							<String ID="string_136" HPOS="1253" VPOS="857" WIDTH="136" HEIGHT="39" WC="0.96" CONTENT="färdiga"/><SP WIDTH="26" VPOS="857" HPOS="1389"/>
							<String ID="string_137" HPOS="1415" VPOS="857" WIDTH="130" HEIGHT="39" WC="0.96" CONTENT="förslag"/>
						</TextLine>
						<TextLine ID="line_13" HPOS="64" VPOS="909" WIDTH="1481" HEIGHT="41">
							<String ID="string_138" HPOS="64" VPOS="909" WIDTH="60" HEIGHT="29" WC="0.96" CONTENT="bör"/><SP WIDTH="25" VPOS="909" HPOS="124"/>
							<String ID="string_139" HPOS="149" VPOS="909" WIDTH="126" HEIGHT="30" WC="0.96" CONTENT="krävas"/><SP WIDTH="26" VPOS="909" HPOS="275"/>
							<String ID="string_140" HPOS="301" VPOS="910" WIDTH="163" HEIGHT="38" WC="0.96" CONTENT="regelrätt"/><SP WIDTH="25" VPOS="910" HPOS="464"/>
							<String ID="string_141" HPOS="489" VPOS="910" WIDTH="319" HEIGHT="39" WC="0.96" CONTENT="marknadsföring."/><SP WIDTH="27" VPOS="910" HPOS="808"/>
							<String ID="string_142" HPOS="835" VPOS="910" WIDTH="63" HEIGHT="29" WC="0.96" CONTENT="Det"/><SP WIDTH="25" VPOS="910" HPOS="898"/>
							<String ID="string_143" HPOS="923" VPOS="911" WIDTH="62" HEIGHT="29" WC="0.96" CONTENT="bör"/><SP WIDTH="27" VPOS="911" HPOS="985"/>
							<String ID="string_144" HPOS="1012" VPOS="910" WIDTH="117" HEIGHT="30" WC="0.96" CONTENT="finnas"/><SP WIDTH="27" VPOS="910" HPOS="1129"/>
							<String ID="string_145" HPOS="1156" VPOS="911" WIDTH="221" HEIGHT="39" WC="0.96" CONTENT="möjligheter"/><SP WIDTH="27" VPOS="911" HPOS="1377"/>
							<String ID="string_146" HPOS="1404" VPOS="911" WIDTH="55" HEIGHT="29" WC="0.92" CONTENT="för"/><SP WIDTH="27" VPOS="911" HPOS="1459"/>
							<String ID="string_147" HPOS="1486" VPOS="911" WIDTH="59" HEIGHT="29" WC="0.88" CONTENT="all-"/>
						</TextLine>
						<TextLine ID="line_14" HPOS="64" VPOS="963" WIDTH="1481" HEIGHT="41">
							<String ID="string_148" HPOS="64" VPOS="963" WIDTH="187" HEIGHT="30" WC="0.91" CONTENT="mänheten"/><SP WIDTH="20" VPOS="963" HPOS="251"/>
							<String ID="string_149" HPOS="271" VPOS="965" WIDTH="50" HEIGHT="28" WC="0.96" CONTENT="att"/><SP WIDTH="21" VPOS="965" HPOS="321"/>
							<String ID="string_150" HPOS="342" VPOS="963" WIDTH="181" HEIGHT="30" WC="0.96" CONTENT="diskutera"/><SP WIDTH="19" VPOS="963" HPOS="523"/>
							<String ID="string_151" HPOS="542" VPOS="964" WIDTH="64" HEIGHT="29" WC="0.96" CONTENT="och"/><SP WIDTH="20" VPOS="964" HPOS="606"/>
							<String ID="string_152" HPOS="626" VPOS="963" WIDTH="171" HEIGHT="30" WC="0.96" CONTENT="framföra"/><SP WIDTH="21" VPOS="963" HPOS="797"/>
							<String ID="string_153" HPOS="818" VPOS="964" WIDTH="77" HEIGHT="30" WC="0.96" CONTENT="sina"/><SP WIDTH="20" VPOS="964" HPOS="895"/>
							<String ID="string_154" HPOS="915" VPOS="965" WIDTH="217" HEIGHT="38" WC="0.93" CONTENT="synpunkter"/><SP WIDTH="20" VPOS="965" HPOS="1132"/>
							<String ID="string_155" HPOS="1152" VPOS="966" WIDTH="22" HEIGHT="27" WC="0.91" CONTENT="t."/><SP WIDTH="14" VPOS="966" HPOS="1174"/>
							<String ID="string_156" HPOS="1188" VPOS="974" WIDTH="50" HEIGHT="20" WC="0.96" CONTENT="ex."/><SP WIDTH="22" VPOS="974" HPOS="1238"/>
							<String ID="string_157" HPOS="1260" VPOS="965" WIDTH="165" HEIGHT="39" WC="0.96" CONTENT="muntligt"/><SP WIDTH="21" VPOS="965" HPOS="1425"/>
							<String ID="string_158" HPOS="1446" VPOS="966" WIDTH="11" HEIGHT="28" WC="0.93" CONTENT="i"/><SP WIDTH="21" VPOS="966" HPOS="1457"/>
							<String ID="string_159" HPOS="1478" VPOS="965" WIDTH="67" HEIGHT="29" WC="0.92" CONTENT="dis-"/>
						</TextLine>
						<TextLine ID="line_15" HPOS="64" VPOS="1016" WIDTH="1482" HEIGHT="42">
							<String ID="string_160" HPOS="64" VPOS="1016" WIDTH="146" HEIGHT="30" WC="0.90" CONTENT="kussion"/><SP WIDTH="20" VPOS="1016" HPOS="210"/>
							<String ID="string_161" HPOS="230" VPOS="1017" WIDTH="81" HEIGHT="29" WC="0.96" CONTENT="eller"/><SP WIDTH="22" VPOS="1017" HPOS="311"/>
							<String ID="string_162" HPOS="333" VPOS="1025" WIDTH="123" HEIGHT="31" WC="0.96" CONTENT="genom"/><SP WIDTH="21" VPOS="1025" HPOS="456"/>
							<String ID="string_163" HPOS="477" VPOS="1019" WIDTH="49" HEIGHT="27" WC="0.96" CONTENT="att"/><SP WIDTH="21" VPOS="1019" HPOS="526"/>
							<String ID="string_164" HPOS="547" VPOS="1017" WIDTH="101" HEIGHT="40" WC="0.96" CONTENT="lägga"/><SP WIDTH="18" VPOS="1017" HPOS="648"/>
							<String ID="string_165" HPOS="666" VPOS="1026" WIDTH="131" HEIGHT="30" WC="0.96" CONTENT="papper"/><SP WIDTH="20" VPOS="1026" HPOS="797"/>
							<String ID="string_166" HPOS="817" VPOS="1018" WIDTH="10" HEIGHT="28" WC="0.96" CONTENT="i"/><SP WIDTH="22" VPOS="1018" HPOS="827"/>
							<String ID="string_167" HPOS="849" VPOS="1027" WIDTH="42" HEIGHT="20" WC="0.96" CONTENT="en"/><SP WIDTH="21" VPOS="1027" HPOS="891"/>
							<String ID="string_168" HPOS="912" VPOS="1018" WIDTH="164" HEIGHT="29" WC="0.96" CONTENT="brevlåda"/><SP WIDTH="21" VPOS="1018" HPOS="1076"/>
							<String ID="string_169" HPOS="1097" VPOS="1018" WIDTH="81" HEIGHT="29" WC="0.96" CONTENT="eller"/><SP WIDTH="21" VPOS="1018" HPOS="1178"/>
							<String ID="string_170" HPOS="1199" VPOS="1018" WIDTH="72" HEIGHT="29" WC="0.96" CONTENT="tala"/><SP WIDTH="20" VPOS="1018" HPOS="1271"/>
							<String ID="string_171" HPOS="1291" VPOS="1018" WIDTH="37" HEIGHT="29" WC="0.96" CONTENT="in"/><SP WIDTH="22" VPOS="1018" HPOS="1328"/>
							<String ID="string_172" HPOS="1350" VPOS="1018" WIDTH="130" HEIGHT="30" WC="0.96" CONTENT="åsikter"/><SP WIDTH="22" VPOS="1018" HPOS="1480"/>
							<String ID="string_173" HPOS="1502" VPOS="1019" WIDTH="44" HEIGHT="39" WC="0.96" CONTENT="på"/>
						</TextLine>
						<TextLine ID="line_16" HPOS="64" VPOS="1071" WIDTH="1482" HEIGHT="39">
							<String ID="string_174" HPOS="64" VPOS="1071" WIDTH="102" HEIGHT="29" WC="0.96" CONTENT="band."/><SP WIDTH="22" VPOS="1071" HPOS="166"/>
							<String ID="string_175" HPOS="188" VPOS="1071" WIDTH="158" HEIGHT="29" WC="0.96" CONTENT="Material"/><SP WIDTH="23" VPOS="1071" HPOS="346"/>
							<String ID="string_176" HPOS="369" VPOS="1081" WIDTH="56" HEIGHT="19" WC="0.96" CONTENT="om"/><SP WIDTH="23" VPOS="1081" HPOS="425"/>
							<String ID="string_177" HPOS="448" VPOS="1071" WIDTH="168" HEIGHT="39" WC="0.96" CONTENT="planerna"/><SP WIDTH="22" VPOS="1071" HPOS="616"/>
							<String ID="string_178" HPOS="638" VPOS="1072" WIDTH="62" HEIGHT="29" WC="0.95" CONTENT="bör"/><SP WIDTH="22" VPOS="1072" HPOS="700"/>
							<String ID="string_179" HPOS="722" VPOS="1071" WIDTH="175" HEIGHT="30" WC="0.96" CONTENT="tillställas"/><SP WIDTH="23" VPOS="1071" HPOS="897"/>
							<String ID="string_180" HPOS="920" VPOS="1072" WIDTH="165" HEIGHT="29" WC="0.96" CONTENT="bibliotek"/><SP WIDTH="24" VPOS="1072" HPOS="1085"/>
							<String ID="string_181" HPOS="1109" VPOS="1073" WIDTH="65" HEIGHT="28" WC="0.96" CONTENT="och"/><SP WIDTH="24" VPOS="1073" HPOS="1174"/>
							<String ID="string_182" HPOS="1198" VPOS="1072" WIDTH="115" HEIGHT="29" WC="0.96" CONTENT="skolor"/><SP WIDTH="25" VPOS="1072" HPOS="1313"/>
							<String ID="string_183" HPOS="1338" VPOS="1076" WIDTH="90" HEIGHT="26" WC="0.96" CONTENT="samt"/><SP WIDTH="24" VPOS="1076" HPOS="1428"/>
							<String ID="string_184" HPOS="1452" VPOS="1073" WIDTH="94" HEIGHT="29" WC="0.96" CONTENT="olika"/>
						</TextLine>
						<TextLine ID="line_17" HPOS="64" VPOS="1125" WIDTH="1482" HEIGHT="40">
							<String ID="string_185" HPOS="64" VPOS="1125" WIDTH="276" HEIGHT="39" WC="0.96" CONTENT="organisationer"/><SP WIDTH="32" VPOS="1125" HPOS="340"/>
							<String ID="string_186" HPOS="372" VPOS="1125" WIDTH="191" HEIGHT="40" WC="0.96" CONTENT="(politiska,"/><SP WIDTH="29" VPOS="1125" HPOS="563"/>
							<String ID="string_187" HPOS="592" VPOS="1125" WIDTH="160" HEIGHT="39" WC="0.93" CONTENT="fackliga,"/><SP WIDTH="29" VPOS="1125" HPOS="752"/>
							<String ID="string_188" HPOS="781" VPOS="1125" WIDTH="384" HEIGHT="39" WC="0.90" CONTENT="byresgästföreningar"/><SP WIDTH="29" VPOS="1125" HPOS="1165"/>
							<String ID="string_189" HPOS="1194" VPOS="1125" WIDTH="94" HEIGHT="35" WC="0.91" CONTENT="etc.),"/><SP WIDTH="31" VPOS="1125" HPOS="1288"/>
							<String ID="string_190" HPOS="1319" VPOS="1135" WIDTH="74" HEIGHT="21" WC="0.96" CONTENT="som"/><SP WIDTH="28" VPOS="1135" HPOS="1393"/>
							<String ID="string_191" HPOS="1421" VPOS="1127" WIDTH="125" HEIGHT="29" WC="0.96" CONTENT="verkar"/>
						</TextLine>
						<TextLine ID="line_18" HPOS="65" VPOS="1178" WIDTH="1479" HEIGHT="41">
							<String ID="string_192" HPOS="65" VPOS="1178" WIDTH="8" HEIGHT="29" WC="0.96" CONTENT="i"/><SP WIDTH="22" VPOS="1178" HPOS="73"/>
							<String ID="string_193" HPOS="95" VPOS="1179" WIDTH="57" HEIGHT="29" WC="0.96" CONTENT="det"/><SP WIDTH="20" VPOS="1179" HPOS="152"/>
							<String ID="string_194" HPOS="172" VPOS="1179" WIDTH="147" HEIGHT="29" WC="0.96" CONTENT="berörda"/><SP WIDTH="20" VPOS="1179" HPOS="319"/>
							<String ID="string_195" HPOS="339" VPOS="1179" WIDTH="168" HEIGHT="30" WC="0.96" CONTENT="området."/><SP WIDTH="22" VPOS="1179" HPOS="507"/>
							<String ID="string_196" HPOS="529" VPOS="1179" WIDTH="211" HEIGHT="30" WC="0.96" CONTENT="Massmedia"/><SP WIDTH="19" VPOS="1179" HPOS="740"/>
							<String ID="string_197" HPOS="759" VPOS="1179" WIDTH="63" HEIGHT="30" WC="0.96" CONTENT="bör"/><SP WIDTH="21" VPOS="1179" HPOS="822"/>
							<String ID="string_198" HPOS="843" VPOS="1179" WIDTH="106" HEIGHT="30" WC="0.96" CONTENT="också"/><SP WIDTH="22" VPOS="1179" HPOS="949"/>
							<String ID="string_199" HPOS="971" VPOS="1179" WIDTH="174" HEIGHT="40" WC="0.95" CONTENT="utnyttjas"/><SP WIDTH="24" VPOS="1179" HPOS="1145"/>
							<String ID="string_200" HPOS="1169" VPOS="1179" WIDTH="53" HEIGHT="30" WC="0.96" CONTENT="för"/><SP WIDTH="23" VPOS="1179" HPOS="1222"/>
							<String ID="string_201" HPOS="1245" VPOS="1182" WIDTH="50" HEIGHT="27" WC="0.96" CONTENT="att"/><SP WIDTH="25" VPOS="1182" HPOS="1295"/>
							<String ID="string_202" HPOS="1320" VPOS="1180" WIDTH="117" HEIGHT="39" WC="0.93" CONTENT="sprida"/><SP WIDTH="23" VPOS="1180" HPOS="1437"/>
							<String ID="string_203" HPOS="1460" VPOS="1189" WIDTH="84" HEIGHT="30" WC="0.92" CONTENT="upp-"/>
						</TextLine>
						<TextLine ID="line_19" HPOS="66" VPOS="1233" WIDTH="187" HEIGHT="39">
							<String ID="string_204" HPOS="66" VPOS="1233" WIDTH="187" HEIGHT="39" WC="0.92" CONTENT="lysningar."/>
						</TextLine>
					</TextBlock>
					<TextBlock ID="block_2" HPOS="64" VPOS="1287" WIDTH="1486" HEIGHT="1279">
						<TextLine ID="line_20" HPOS="107" VPOS="1287" WIDTH="1439" HEIGHT="43">
							<String ID="string_205" HPOS="107" VPOS="1287" WIDTH="258" HEIGHT="29" WC="0.96" CONTENT="Motionärerna"/><SP WIDTH="23" VPOS="1287" HPOS="365"/>
							<String ID="string_206" HPOS="388" VPOS="1287" WIDTH="205" HEIGHT="30" WC="0.96" CONTENT="framhåller"/><SP WIDTH="21" VPOS="1287" HPOS="593"/>
							<String ID="string_207" HPOS="614" VPOS="1288" WIDTH="118" HEIGHT="30" WC="0.96" CONTENT="vidare"/><SP WIDTH="24" VPOS="1288" HPOS="732"/>
							<String ID="string_208" HPOS="756" VPOS="1290" WIDTH="49" HEIGHT="28" WC="0.93" CONTENT="att"/><SP WIDTH="25" VPOS="1290" HPOS="805"/>
							<String ID="string_209" HPOS="830" VPOS="1289" WIDTH="389" HEIGHT="40" WC="0.91" CONTENT="ansvarsfördelningen"/><SP WIDTH="25" VPOS="1289" HPOS="1219"/>
							<String ID="string_210" HPOS="1244" VPOS="1291" WIDTH="9" HEIGHT="29" WC="0.96" CONTENT="i"/><SP WIDTH="23" VPOS="1291" HPOS="1253"/>
							<String ID="string_211" HPOS="1276" VPOS="1291" WIDTH="270" HEIGHT="39" WC="0.96" CONTENT="planprocessen"/>
						</TextLine>
						<TextLine ID="line_21" HPOS="65" VPOS="1340" WIDTH="1480" HEIGHT="42">
							<String ID="string_212" HPOS="65" VPOS="1341" WIDTH="37" HEIGHT="28" WC="0.96" CONTENT="är"/><SP WIDTH="22" VPOS="1341" HPOS="102"/>
							<String ID="string_213" HPOS="124" VPOS="1340" WIDTH="108" HEIGHT="30" WC="0.95" CONTENT="oklar."/><SP WIDTH="24" VPOS="1340" HPOS="232"/>
							<String ID="string_214" HPOS="256" VPOS="1340" WIDTH="115" HEIGHT="30" WC="0.96" CONTENT="Större"/><SP WIDTH="22" VPOS="1340" HPOS="371"/>
							<String ID="string_215" HPOS="393" VPOS="1341" WIDTH="74" HEIGHT="30" WC="0.96" CONTENT="vikt"/><SP WIDTH="22" VPOS="1341" HPOS="467"/>
							<String ID="string_216" HPOS="489" VPOS="1341" WIDTH="110" HEIGHT="30" WC="0.96" CONTENT="måste"/><SP WIDTH="22" VPOS="1341" HPOS="599"/>
							<String ID="string_217" HPOS="621" VPOS="1342" WIDTH="117" HEIGHT="39" WC="0.96" CONTENT="läggas"/><SP WIDTH="22" VPOS="1342" HPOS="738"/>
							<String ID="string_218" HPOS="760" VPOS="1343" WIDTH="57" HEIGHT="29" WC="0.91" CONTENT="vid"/><SP WIDTH="24" VPOS="1343" HPOS="817"/>
							<String ID="string_219" HPOS="841" VPOS="1344" WIDTH="280" HEIGHT="38" WC="0.91" CONTENT="programarbete"/><SP WIDTH="24" VPOS="1344" HPOS="1121"/>
							<String ID="string_220" HPOS="1145" VPOS="1345" WIDTH="65" HEIGHT="28" WC="0.96" CONTENT="och"/><SP WIDTH="23" VPOS="1345" HPOS="1210"/>
							<String ID="string_221" HPOS="1233" VPOS="1345" WIDTH="205" HEIGHT="30" WC="0.93" CONTENT="kvalitativa"/><SP WIDTH="23" VPOS="1345" HPOS="1438"/>
							<String ID="string_222" HPOS="1461" VPOS="1345" WIDTH="84" HEIGHT="29" WC="0.93" CONTENT="mål-"/>
						</TextLine>
						<TextLine ID="line_22" HPOS="64" VPOS="1395" WIDTH="1482" HEIGHT="43">
							<String ID="string_223" HPOS="64" VPOS="1395" WIDTH="194" HEIGHT="38" WC="0.96" CONTENT="sättningar"/><SP WIDTH="21" VPOS="1395" HPOS="258"/>
							<String ID="string_224" HPOS="279" VPOS="1395" WIDTH="54" HEIGHT="29" WC="0.96" CONTENT="för"/><SP WIDTH="20" VPOS="1395" HPOS="333"/>
							<String ID="string_225" HPOS="353" VPOS="1395" WIDTH="236" HEIGHT="39" WC="0.96" CONTENT="planeringen."/><SP WIDTH="22" VPOS="1395" HPOS="589"/>
							<String ID="string_226" HPOS="611" VPOS="1396" WIDTH="64" HEIGHT="29" WC="0.96" CONTENT="Det"/><SP WIDTH="21" VPOS="1396" HPOS="675"/>
							<String ID="string_227" HPOS="696" VPOS="1397" WIDTH="38" HEIGHT="28" WC="0.96" CONTENT="är"/><SP WIDTH="20" VPOS="1397" HPOS="734"/>
							<String ID="string_228" HPOS="754" VPOS="1397" WIDTH="279" HEIGHT="39" WC="0.96" CONTENT="huvudsakligen"/><SP WIDTH="22" VPOS="1397" HPOS="1033"/>
							<String ID="string_229" HPOS="1055" VPOS="1398" WIDTH="40" HEIGHT="29" WC="0.93" CONTENT="de"/><SP WIDTH="22" VPOS="1398" HPOS="1095"/>
							<String ID="string_230" HPOS="1117" VPOS="1397" WIDTH="321" HEIGHT="31" WC="0.91" CONTENT="förtroendevaldas"/><SP WIDTH="23" VPOS="1397" HPOS="1438"/>
							<String ID="string_231" HPOS="1461" VPOS="1408" WIDTH="85" HEIGHT="30" WC="0.92" CONTENT="upp-"/>
						</TextLine>
						<TextLine ID="line_23" HPOS="64" VPOS="1448" WIDTH="1481" HEIGHT="42">
							<String ID="string_232" HPOS="64" VPOS="1448" WIDTH="64" HEIGHT="39" WC="0.96" CONTENT="gift"/><SP WIDTH="21" VPOS="1448" HPOS="128"/>
							<String ID="string_233" HPOS="149" VPOS="1448" WIDTH="64" HEIGHT="29" WC="0.97" CONTENT="och"/><SP WIDTH="21" VPOS="1448" HPOS="213"/>
							<String ID="string_234" HPOS="234" VPOS="1448" WIDTH="197" HEIGHT="39" WC="0.96" CONTENT="skyldighet"/><SP WIDTH="21" VPOS="1448" HPOS="431"/>
							<String ID="string_235" HPOS="452" VPOS="1451" WIDTH="50" HEIGHT="27" WC="0.96" CONTENT="att"/><SP WIDTH="21" VPOS="1451" HPOS="502"/>
							<String ID="string_236" HPOS="523" VPOS="1449" WIDTH="202" HEIGHT="39" WC="0.96" CONTENT="sysselsätta"/><SP WIDTH="21" VPOS="1449" HPOS="725"/>
							<String ID="string_237" HPOS="746" VPOS="1450" WIDTH="50" HEIGHT="39" WC="0.96" CONTENT="sig"/><SP WIDTH="20" VPOS="1450" HPOS="796"/>
							<String ID="string_238" HPOS="816" VPOS="1451" WIDTH="79" HEIGHT="28" WC="0.96" CONTENT="med"/><SP WIDTH="21" VPOS="1451" HPOS="895"/>
							<String ID="string_239" HPOS="916" VPOS="1451" WIDTH="101" HEIGHT="29" WC="0.96" CONTENT="dessa"/><SP WIDTH="20" VPOS="1451" HPOS="1017"/>
							<String ID="string_240" HPOS="1037" VPOS="1450" WIDTH="127" HEIGHT="40" WC="0.96" CONTENT="frågor."/><SP WIDTH="23" VPOS="1450" HPOS="1164"/>
							<String ID="string_241" HPOS="1187" VPOS="1451" WIDTH="159" HEIGHT="30" WC="0.96" CONTENT="Därefter"/><SP WIDTH="22" VPOS="1451" HPOS="1346"/>
							<String ID="string_242" HPOS="1368" VPOS="1452" WIDTH="61" HEIGHT="29" WC="0.93" CONTENT="bör"/><SP WIDTH="22" VPOS="1452" HPOS="1429"/>
							<String ID="string_243" HPOS="1451" VPOS="1452" WIDTH="94" HEIGHT="30" WC="0.91" CONTENT="fack-"/>
						</TextLine>
						<TextLine ID="line_24" HPOS="66" VPOS="1502" WIDTH="1480" HEIGHT="42">
							<String ID="string_244" HPOS="66" VPOS="1503" WIDTH="151" HEIGHT="28" WC="0.96" CONTENT="männen"/><SP WIDTH="24" VPOS="1503" HPOS="217"/>
							<String ID="string_245" HPOS="241" VPOS="1510" WIDTH="57" HEIGHT="31" WC="0.96" CONTENT="ges"/><SP WIDTH="25" VPOS="1510" HPOS="298"/>
							<String ID="string_246" HPOS="323" VPOS="1502" WIDTH="284" HEIGHT="30" WC="0.96" CONTENT="huvudansvaret"/><SP WIDTH="25" VPOS="1502" HPOS="607"/>
							<String ID="string_247" HPOS="632" VPOS="1503" WIDTH="54" HEIGHT="29" WC="0.96" CONTENT="för"/><SP WIDTH="25" VPOS="1503" HPOS="686"/>
							<String ID="string_248" HPOS="711" VPOS="1506" WIDTH="50" HEIGHT="27" WC="0.96" CONTENT="att"/><SP WIDTH="23" VPOS="1506" HPOS="761"/>
							<String ID="string_249" HPOS="784" VPOS="1504" WIDTH="208" HEIGHT="29" WC="0.96" CONTENT="alternativa"/><SP WIDTH="25" VPOS="1504" HPOS="992"/>
							<String ID="string_250" HPOS="1017" VPOS="1505" WIDTH="129" HEIGHT="29" WC="0.96" CONTENT="skisser"/><SP WIDTH="26" VPOS="1505" HPOS="1146"/>
							<String ID="string_251" HPOS="1172" VPOS="1506" WIDTH="65" HEIGHT="29" WC="0.96" CONTENT="och"/><SP WIDTH="25" VPOS="1506" HPOS="1237"/>
							<String ID="string_252" HPOS="1262" VPOS="1506" WIDTH="120" HEIGHT="38" WC="0.96" CONTENT="planer"/><SP WIDTH="27" VPOS="1506" HPOS="1382"/>
							<String ID="string_253" HPOS="1409" VPOS="1506" WIDTH="137" HEIGHT="30" WC="0.96" CONTENT="arbetas"/>
						</TextLine>
						<TextLine ID="line_25" HPOS="65" VPOS="1555" WIDTH="1481" HEIGHT="41">
							<String ID="string_254" HPOS="65" VPOS="1555" WIDTH="92" HEIGHT="29" WC="0.96" CONTENT="fram"/><SP WIDTH="26" VPOS="1555" HPOS="157"/>
							<String ID="string_255" HPOS="183" VPOS="1564" WIDTH="74" HEIGHT="21" WC="0.95" CONTENT="som"/><SP WIDTH="28" VPOS="1564" HPOS="257"/>
							<String ID="string_256" HPOS="285" VPOS="1556" WIDTH="176" HEIGHT="39" WC="0.96" CONTENT="uppfyller"/><SP WIDTH="26" VPOS="1556" HPOS="461"/>
							<String ID="string_257" HPOS="487" VPOS="1556" WIDTH="227" HEIGHT="30" WC="0.93" CONTENT="beställarens"/><SP WIDTH="29" VPOS="1556" HPOS="714"/>
							<String ID="string_258" HPOS="743" VPOS="1558" WIDTH="267" HEIGHT="38" WC="0.54" CONTENT="programidéer,"/><SP WIDTH="29" VPOS="1558" HPOS="1010"/>
							<String ID="string_259" HPOS="1039" VPOS="1559" WIDTH="367" HEIGHT="30" WC="0.91" CONTENT="Förtroendemännen"/><SP WIDTH="29" VPOS="1559" HPOS="1406"/>
							<String ID="string_260" HPOS="1435" VPOS="1560" WIDTH="111" HEIGHT="30" WC="0.95" CONTENT="måste"/>
						</TextLine>
						<TextLine ID="line_26" HPOS="65" VPOS="1609" WIDTH="1481" HEIGHT="44">
							<String ID="string_261" HPOS="65" VPOS="1609" WIDTH="106" HEIGHT="40" WC="0.92" CONTENT="enligt"/><SP WIDTH="23" VPOS="1609" HPOS="171"/>
							<String ID="string_262" HPOS="194" VPOS="1609" WIDTH="277" HEIGHT="30" WC="0.91" CONTENT="motionärernas"/><SP WIDTH="25" VPOS="1609" HPOS="471"/>
							<String ID="string_263" HPOS="496" VPOS="1610" WIDTH="140" HEIGHT="39" WC="0.96" CONTENT="mening"/><SP WIDTH="25" VPOS="1610" HPOS="636"/>
							<String ID="string_264" HPOS="661" VPOS="1618" WIDTH="38" HEIGHT="32" WC="0.93" CONTENT="ge"/><SP WIDTH="25" VPOS="1618" HPOS="699"/>
							<String ID="string_265" HPOS="724" VPOS="1610" WIDTH="235" HEIGHT="31" WC="0.90" CONTENT="fackmännen"/><SP WIDTH="25" VPOS="1610" HPOS="959"/>
							<String ID="string_266" HPOS="984" VPOS="1612" WIDTH="109" HEIGHT="30" WC="0.96" CONTENT="större"/><SP WIDTH="25" VPOS="1612" HPOS="1093"/>
							<String ID="string_267" HPOS="1118" VPOS="1612" WIDTH="220" HEIGHT="40" WC="0.96" CONTENT="möjligheter"/><SP WIDTH="28" VPOS="1612" HPOS="1338"/>
							<String ID="string_268" HPOS="1366" VPOS="1615" WIDTH="49" HEIGHT="28" WC="0.96" CONTENT="att"/><SP WIDTH="25" VPOS="1615" HPOS="1415"/>
							<String ID="string_269" HPOS="1440" VPOS="1615" WIDTH="106" HEIGHT="38" WC="0.96" CONTENT="pröva"/>
						</TextLine>
						<TextLine ID="line_27" HPOS="65" VPOS="1663" WIDTH="1482" HEIGHT="43">
							<String ID="string_270" HPOS="65" VPOS="1663" WIDTH="208" HEIGHT="29" WC="0.96" CONTENT="alternativa"/><SP WIDTH="25" VPOS="1663" HPOS="273"/>
							<String ID="string_271" HPOS="298" VPOS="1663" WIDTH="178" HEIGHT="39" WC="0.96" CONTENT="lösningar"/><SP WIDTH="25" VPOS="1663" HPOS="476"/>
							<String ID="string_272" HPOS="501" VPOS="1664" WIDTH="11" HEIGHT="28" WC="0.92" CONTENT="i"/><SP WIDTH="26" VPOS="1664" HPOS="512"/>
							<String ID="string_273" HPOS="538" VPOS="1664" WIDTH="319" HEIGHT="40" WC="0.92" CONTENT="planeringsfrågor"/><SP WIDTH="27" VPOS="1664" HPOS="857"/>
							<String ID="string_274" HPOS="884" VPOS="1666" WIDTH="64" HEIGHT="28" WC="0.96" CONTENT="och"/><SP WIDTH="28" VPOS="1666" HPOS="948"/>
							<String ID="string_275" HPOS="976" VPOS="1674" WIDTH="38" HEIGHT="31" WC="0.96" CONTENT="ge"/><SP WIDTH="28" VPOS="1674" HPOS="1014"/>
							<String ID="string_276" HPOS="1042" VPOS="1667" WIDTH="78" HEIGHT="28" WC="0.96" CONTENT="dem"/><SP WIDTH="28" VPOS="1667" HPOS="1120"/>
							<String ID="string_277" HPOS="1148" VPOS="1667" WIDTH="202" HEIGHT="38" WC="0.96" CONTENT="uppdragen"/><SP WIDTH="29" VPOS="1667" HPOS="1350"/>
							<String ID="string_278" HPOS="1379" VPOS="1667" WIDTH="8" HEIGHT="28" WC="0.96" CONTENT="i"/><SP WIDTH="29" VPOS="1667" HPOS="1387"/>
							<String ID="string_279" HPOS="1416" VPOS="1667" WIDTH="38" HEIGHT="30" WC="0.96" CONTENT="så"/><SP WIDTH="28" VPOS="1667" HPOS="1454"/>
							<String ID="string_280" HPOS="1482" VPOS="1668" WIDTH="65" HEIGHT="38" WC="0.96" CONTENT="god"/>
						</TextLine>
						<TextLine ID="line_28" HPOS="66" VPOS="1717" WIDTH="1481" HEIGHT="39">
							<String ID="string_281" HPOS="66" VPOS="1717" WIDTH="48" HEIGHT="29" WC="0.95" CONTENT="tid"/><SP WIDTH="25" VPOS="1717" HPOS="114"/>
							<String ID="string_282" HPOS="139" VPOS="1718" WIDTH="49" HEIGHT="28" WC="0.96" CONTENT="att"/><SP WIDTH="24" VPOS="1718" HPOS="188"/>
							<String ID="string_283" HPOS="212" VPOS="1717" WIDTH="243" HEIGHT="39" WC="0.95" CONTENT="utvecklingen"/><SP WIDTH="23" VPOS="1717" HPOS="455"/>
							<String ID="string_284" HPOS="478" VPOS="1718" WIDTH="71" HEIGHT="29" WC="0.96" CONTENT="inte"/><SP WIDTH="23" VPOS="1718" HPOS="549"/>
							<String ID="string_285" HPOS="572" VPOS="1718" WIDTH="125" HEIGHT="29" WC="0.96" CONTENT="hinner"/><SP WIDTH="24" VPOS="1718" HPOS="697"/>
							<String ID="string_286" HPOS="721" VPOS="1718" WIDTH="47" HEIGHT="29" WC="0.93" CONTENT="bli"/><SP WIDTH="25" VPOS="1718" HPOS="768"/>
							<String ID="string_287" HPOS="793" VPOS="1719" WIDTH="378" HEIGHT="30" WC="0.91" CONTENT="teknisk-ekonomiskt"/><SP WIDTH="25" VPOS="1719" HPOS="1171"/>
							<String ID="string_288" HPOS="1196" VPOS="1720" WIDTH="76" HEIGHT="30" WC="0.93" CONTENT="låst."/><SP WIDTH="27" VPOS="1720" HPOS="1272"/>
							<String ID="string_289" HPOS="1299" VPOS="1721" WIDTH="248" HEIGHT="30" WC="0.91" CONTENT="Fackmannen"/>
						</TextLine>
						<TextLine ID="line_29" HPOS="65" VPOS="1770" WIDTH="1482" HEIGHT="44">
							<String ID="string_290" HPOS="65" VPOS="1770" WIDTH="111" HEIGHT="30" WC="0.96" CONTENT="måste"/><SP WIDTH="17" VPOS="1770" HPOS="176"/>
							<String ID="string_291" HPOS="193" VPOS="1773" WIDTH="180" HEIGHT="37" WC="0.96" CONTENT="acceptera"/><SP WIDTH="17" VPOS="1773" HPOS="373"/>
							<String ID="string_292" HPOS="390" VPOS="1773" WIDTH="50" HEIGHT="28" WC="0.96" CONTENT="att"/><SP WIDTH="18" VPOS="1773" HPOS="440"/>
							<String ID="string_293" HPOS="458" VPOS="1771" WIDTH="69" HEIGHT="29" WC="0.96" CONTENT="låta"/><SP WIDTH="19" VPOS="1771" HPOS="527"/>
							<String ID="string_294" HPOS="546" VPOS="1772" WIDTH="58" HEIGHT="29" WC="0.96" CONTENT="sitt"/><SP WIDTH="19" VPOS="1772" HPOS="604"/>
							<String ID="string_295" HPOS="623" VPOS="1772" WIDTH="115" HEIGHT="29" WC="0.96" CONTENT="arbete"/><SP WIDTH="18" VPOS="1772" HPOS="738"/>
							<String ID="string_296" HPOS="756" VPOS="1772" WIDTH="252" HEIGHT="39" WC="0.96" CONTENT="kontinuerligt"/><SP WIDTH="19" VPOS="1772" HPOS="1008"/>
							<String ID="string_297" HPOS="1027" VPOS="1773" WIDTH="105" HEIGHT="39" WC="0.96" CONTENT="följas"/><SP WIDTH="20" VPOS="1773" HPOS="1132"/>
							<String ID="string_298" HPOS="1152" VPOS="1775" WIDTH="64" HEIGHT="28" WC="0.96" CONTENT="och"/><SP WIDTH="19" VPOS="1775" HPOS="1216"/>
							<String ID="string_299" HPOS="1235" VPOS="1776" WIDTH="50" HEIGHT="28" WC="0.96" CONTENT="att"/><SP WIDTH="18" VPOS="1776" HPOS="1285"/>
							<String ID="string_300" HPOS="1303" VPOS="1774" WIDTH="95" HEIGHT="30" WC="0.96" CONTENT="olika"/><SP WIDTH="19" VPOS="1774" HPOS="1398"/>
							<String ID="string_301" HPOS="1417" VPOS="1774" WIDTH="130" HEIGHT="40" WC="0.95" CONTENT="förslag"/>
						</TextLine>
						<TextLine ID="line_30" HPOS="66" VPOS="1824" WIDTH="1480" HEIGHT="44">
							<String ID="string_302" HPOS="66" VPOS="1824" WIDTH="207" HEIGHT="30" WC="0.89" CONTENT="diskuteras."/><SP WIDTH="25" VPOS="1824" HPOS="273"/>
							<String ID="string_303" HPOS="298" VPOS="1824" WIDTH="146" HEIGHT="30" WC="0.96" CONTENT="Strävan"/><SP WIDTH="22" VPOS="1824" HPOS="444"/>
							<String ID="string_304" HPOS="466" VPOS="1825" WIDTH="45" HEIGHT="39" WC="0.93" CONTENT="på"/><SP WIDTH="23" VPOS="1825" HPOS="511"/>
							<String ID="string_305" HPOS="534" VPOS="1826" WIDTH="413" HEIGHT="39" WC="0.90" CONTENT="samhällsplaneringens"/><SP WIDTH="26" VPOS="1826" HPOS="947"/>
							<String ID="string_306" HPOS="973" VPOS="1826" WIDTH="68" HEIGHT="30" WC="0.96" CONTENT="alla"/><SP WIDTH="24" VPOS="1826" HPOS="1041"/>
							<String ID="string_307" HPOS="1065" VPOS="1827" WIDTH="117" HEIGHT="29" WC="0.96" CONTENT="nivåer"/><SP WIDTH="24" VPOS="1827" HPOS="1182"/>
							<String ID="string_308" HPOS="1206" VPOS="1827" WIDTH="121" HEIGHT="33" WC="0.96" CONTENT="måste,"/><SP WIDTH="25" VPOS="1827" HPOS="1327"/>
							<String ID="string_309" HPOS="1352" VPOS="1829" WIDTH="78" HEIGHT="39" WC="0.96" CONTENT="sägs"/><SP WIDTH="25" VPOS="1829" HPOS="1430"/>
							<String ID="string_310" HPOS="1455" VPOS="1829" WIDTH="56" HEIGHT="29" WC="0.95" CONTENT="det"/><SP WIDTH="26" VPOS="1829" HPOS="1511"/>
							<String ID="string_311" HPOS="1537" VPOS="1829" WIDTH="9" HEIGHT="29" WC="0.95" CONTENT="i"/>
						</TextLine>
						<TextLine ID="line_31" HPOS="67" VPOS="1879" WIDTH="1480" HEIGHT="43">
							<String ID="string_312" HPOS="67" VPOS="1879" WIDTH="226" HEIGHT="34" WC="0.96" CONTENT="motionerna,"/><SP WIDTH="25" VPOS="1879" HPOS="293"/>
							<String ID="string_313" HPOS="318" VPOS="1888" WIDTH="84" HEIGHT="20" WC="0.96" CONTENT="vara"/><SP WIDTH="23" VPOS="1888" HPOS="402"/>
							<String ID="string_314" HPOS="425" VPOS="1881" WIDTH="50" HEIGHT="28" WC="0.96" CONTENT="att"/><SP WIDTH="25" VPOS="1881" HPOS="475"/>
							<String ID="string_315" HPOS="500" VPOS="1880" WIDTH="160" HEIGHT="29" WC="0.95" CONTENT="utarbeta"/><SP WIDTH="25" VPOS="1880" HPOS="660"/>
							<String ID="string_316" HPOS="685" VPOS="1880" WIDTH="206" HEIGHT="30" WC="0.96" CONTENT="alternativa"/><SP WIDTH="25" VPOS="1880" HPOS="891"/>
							<String ID="string_317" HPOS="916" VPOS="1881" WIDTH="130" HEIGHT="38" WC="0.95" CONTENT="planer,"/><SP WIDTH="28" VPOS="1881" HPOS="1046"/>
							<String ID="string_318" HPOS="1074" VPOS="1891" WIDTH="75" HEIGHT="20" WC="0.95" CONTENT="som"/><SP WIDTH="24" VPOS="1891" HPOS="1149"/>
							<String ID="string_319" HPOS="1173" VPOS="1882" WIDTH="71" HEIGHT="29" WC="0.95" CONTENT="kan"/><SP WIDTH="26" VPOS="1882" HPOS="1244"/>
							<String ID="string_320" HPOS="1270" VPOS="1881" WIDTH="193" HEIGHT="41" WC="0.90" CONTENT="föreläggas"/><SP WIDTH="28" VPOS="1881" HPOS="1463"/>
							<String ID="string_321" HPOS="1491" VPOS="1884" WIDTH="56" HEIGHT="28" WC="0.90" CONTENT="all-"/>
						</TextLine>
						<TextLine ID="line_32" HPOS="66" VPOS="1933" WIDTH="1481" HEIGHT="41">
							<String ID="string_322" HPOS="66" VPOS="1933" WIDTH="151" HEIGHT="33" WC="0.91" CONTENT="mänhet,"/><SP WIDTH="29" VPOS="1933" HPOS="217"/>
							<String ID="string_323" HPOS="246" VPOS="1933" WIDTH="276" HEIGHT="39" WC="0.96" CONTENT="organisationer"/><SP WIDTH="27" VPOS="1933" HPOS="522"/>
							<String ID="string_324" HPOS="549" VPOS="1934" WIDTH="65" HEIGHT="28" WC="0.96" CONTENT="och"/><SP WIDTH="27" VPOS="1934" HPOS="614"/>
							<String ID="string_325" HPOS="641" VPOS="1934" WIDTH="204" HEIGHT="29" WC="0.96" CONTENT="beslutande"/><SP WIDTH="29" VPOS="1934" HPOS="845"/>
							<String ID="string_326" HPOS="874" VPOS="1934" WIDTH="257" HEIGHT="40" WC="0.93" CONTENT="församlingar."/><SP WIDTH="31" VPOS="1934" HPOS="1131"/>
							<String ID="string_327" HPOS="1162" VPOS="1935" WIDTH="12" HEIGHT="28" WC="0.96" CONTENT="I"/><SP WIDTH="29" VPOS="1935" HPOS="1174"/>
							<String ID="string_328" HPOS="1203" VPOS="1936" WIDTH="185" HEIGHT="29" WC="0.96" CONTENT="inledande"/><SP WIDTH="30" VPOS="1936" HPOS="1388"/>
							<String ID="string_329" HPOS="1418" VPOS="1937" WIDTH="129" HEIGHT="29" WC="0.96" CONTENT="skeden"/>
						</TextLine>
						<TextLine ID="line_33" HPOS="67" VPOS="1987" WIDTH="1478" HEIGHT="39">
							<String ID="string_330" HPOS="67" VPOS="1987" WIDTH="60" HEIGHT="29" WC="0.96" CONTENT="bör"/><SP WIDTH="19" VPOS="1987" HPOS="127"/>
							<String ID="string_331" HPOS="146" VPOS="1987" WIDTH="102" HEIGHT="29" WC="0.96" CONTENT="dessa"/><SP WIDTH="17" VPOS="1987" HPOS="248"/>
							<String ID="string_332" HPOS="265" VPOS="1987" WIDTH="122" HEIGHT="29" WC="0.96" CONTENT="kunna"/><SP WIDTH="19" VPOS="1987" HPOS="387"/>
							<String ID="string_333" HPOS="406" VPOS="1987" WIDTH="140" HEIGHT="39" WC="0.96" CONTENT="utgöras"/><SP WIDTH="20" VPOS="1987" HPOS="546"/>
							<String ID="string_334" HPOS="566" VPOS="1996" WIDTH="42" HEIGHT="20" WC="0.96" CONTENT="av"/><SP WIDTH="20" VPOS="1996" HPOS="608"/>
							<String ID="string_335" HPOS="628" VPOS="1987" WIDTH="129" HEIGHT="30" WC="0.96" CONTENT="skisser"/><SP WIDTH="20" VPOS="1987" HPOS="757"/>
							<String ID="string_336" HPOS="777" VPOS="1997" WIDTH="74" HEIGHT="20" WC="0.96" CONTENT="som"/><SP WIDTH="20" VPOS="1997" HPOS="851"/>
							<String ID="string_337" HPOS="871" VPOS="1988" WIDTH="92" HEIGHT="29" WC="0.96" CONTENT="visar"/><SP WIDTH="21" VPOS="1988" HPOS="963"/>
							<String ID="string_338" HPOS="984" VPOS="1989" WIDTH="305" HEIGHT="30" WC="0.96" CONTENT="konsekvenserna"/><SP WIDTH="21" VPOS="1989" HPOS="1289"/>
							<String ID="string_339" HPOS="1310" VPOS="2000" WIDTH="42" HEIGHT="19" WC="0.96" CONTENT="av"/><SP WIDTH="19" VPOS="2000" HPOS="1352"/>
							<String ID="string_340" HPOS="1371" VPOS="1990" WIDTH="94" HEIGHT="30" WC="0.93" CONTENT="olika"/><SP WIDTH="20" VPOS="1990" HPOS="1465"/>
							<String ID="string_341" HPOS="1485" VPOS="1991" WIDTH="60" HEIGHT="29" WC="0.78" CONTENT="hu-"/>
						</TextLine>
						<TextLine ID="line_34" HPOS="66" VPOS="2040" WIDTH="1482" HEIGHT="41">
							<String ID="string_342" HPOS="66" VPOS="2040" WIDTH="265" HEIGHT="30" WC="0.91" CONTENT="vudalternativ."/><SP WIDTH="21" VPOS="2040" HPOS="331"/>
							<String ID="string_343" HPOS="352" VPOS="2040" WIDTH="237" HEIGHT="30" WC="0.96" CONTENT="Allteftersom"/><SP WIDTH="20" VPOS="2040" HPOS="589"/>
							<String ID="string_344" HPOS="609" VPOS="2050" WIDTH="83" HEIGHT="20" WC="0.96" CONTENT="man"/><SP WIDTH="19" VPOS="2050" HPOS="692"/>
							<String ID="string_345" HPOS="711" VPOS="2042" WIDTH="210" HEIGHT="29" WC="0.96" CONTENT="bestämmer"/><SP WIDTH="21" VPOS="2042" HPOS="921"/>
							<String ID="string_346" HPOS="942" VPOS="2042" WIDTH="50" HEIGHT="39" WC="0.96" CONTENT="sig"/><SP WIDTH="20" VPOS="2042" HPOS="992"/>
							<String ID="string_347" HPOS="1012" VPOS="2042" WIDTH="54" HEIGHT="30" WC="0.96" CONTENT="för"/><SP WIDTH="20" VPOS="2042" HPOS="1066"/>
							<String ID="string_348" HPOS="1086" VPOS="2043" WIDTH="93" HEIGHT="29" WC="0.96" CONTENT="vissa"/><SP WIDTH="21" VPOS="2043" HPOS="1179"/>
							<String ID="string_349" HPOS="1200" VPOS="2053" WIDTH="41" HEIGHT="19" WC="0.96" CONTENT="av"/><SP WIDTH="20" VPOS="2053" HPOS="1241"/>
							<String ID="string_350" HPOS="1261" VPOS="2044" WIDTH="78" HEIGHT="28" WC="0.96" CONTENT="dem"/><SP WIDTH="20" VPOS="2044" HPOS="1339"/>
							<String ID="string_351" HPOS="1359" VPOS="2044" WIDTH="62" HEIGHT="29" WC="0.93" CONTENT="bör"/><SP WIDTH="20" VPOS="2044" HPOS="1421"/>
							<String ID="string_352" HPOS="1441" VPOS="2044" WIDTH="107" HEIGHT="30" WC="0.89" CONTENT="insal-"/>
						</TextLine>
						<TextLine ID="line_35" HPOS="66" VPOS="2095" WIDTH="1481" HEIGHT="41">
							<String ID="string_353" HPOS="66" VPOS="2103" WIDTH="102" HEIGHT="21" WC="0.95" CONTENT="serna"/><SP WIDTH="18" VPOS="2103" HPOS="168"/>
							<String ID="string_354" HPOS="186" VPOS="2095" WIDTH="85" HEIGHT="29" WC="0.95" CONTENT="ökas"/><SP WIDTH="21" VPOS="2095" HPOS="271"/>
							<String ID="string_355" HPOS="292" VPOS="2095" WIDTH="53" HEIGHT="29" WC="0.96" CONTENT="för"/><SP WIDTH="21" VPOS="2095" HPOS="345"/>
							<String ID="string_356" HPOS="366" VPOS="2104" WIDTH="96" HEIGHT="20" WC="0.96" CONTENT="mera"/><SP WIDTH="20" VPOS="2104" HPOS="462"/>
							<String ID="string_357" HPOS="482" VPOS="2095" WIDTH="288" HEIGHT="38" WC="0.96" CONTENT="genomarbetade"/><SP WIDTH="20" VPOS="2095" HPOS="770"/>
							<String ID="string_358" HPOS="790" VPOS="2097" WIDTH="65" HEIGHT="28" WC="0.93" CONTENT="och"/><SP WIDTH="20" VPOS="2097" HPOS="855"/>
							<String ID="string_359" HPOS="875" VPOS="2096" WIDTH="296" HEIGHT="39" WC="0.89" CONTENT="detaljstuderade"/><SP WIDTH="22" VPOS="2096" HPOS="1171"/>
							<String ID="string_360" HPOS="1193" VPOS="2097" WIDTH="140" HEIGHT="39" WC="0.96" CONTENT="förslag."/><SP WIDTH="24" VPOS="2097" HPOS="1333"/>
							<String ID="string_361" HPOS="1357" VPOS="2098" WIDTH="51" HEIGHT="29" WC="0.96" CONTENT="En"/><SP WIDTH="23" VPOS="2098" HPOS="1408"/>
							<String ID="string_362" HPOS="1431" VPOS="2108" WIDTH="116" HEIGHT="19" WC="0.95" CONTENT="annan"/>
						</TextLine>
						<TextLine ID="line_36" HPOS="67" VPOS="2148" WIDTH="1480" HEIGHT="43">
							<String ID="string_363" HPOS="67" VPOS="2149" WIDTH="64" HEIGHT="38" WC="0.96" CONTENT="väg"/><SP WIDTH="19" VPOS="2149" HPOS="131"/>
							<String ID="string_364" HPOS="150" VPOS="2149" WIDTH="37" HEIGHT="28" WC="0.96" CONTENT="är"/><SP WIDTH="19" VPOS="2149" HPOS="187"/>
							<String ID="string_365" HPOS="206" VPOS="2150" WIDTH="50" HEIGHT="28" WC="0.96" CONTENT="att"/><SP WIDTH="19" VPOS="2150" HPOS="256"/>
							<String ID="string_366" HPOS="275" VPOS="2148" WIDTH="70" HEIGHT="29" WC="0.96" CONTENT="låta"/><SP WIDTH="19" VPOS="2148" HPOS="345"/>
							<String ID="string_367" HPOS="364" VPOS="2148" WIDTH="88" HEIGHT="29" WC="0.96" CONTENT="flera"/><SP WIDTH="19" VPOS="2148" HPOS="452"/>
							<String ID="string_368" HPOS="471" VPOS="2148" WIDTH="93" HEIGHT="29" WC="0.96" CONTENT="olika"/><SP WIDTH="19" VPOS="2148" HPOS="564"/>
							<String ID="string_369" HPOS="583" VPOS="2156" WIDTH="150" HEIGHT="31" WC="0.96" CONTENT="grupper"/><SP WIDTH="19" VPOS="2156" HPOS="733"/>
							<String ID="string_370" HPOS="752" VPOS="2158" WIDTH="42" HEIGHT="20" WC="0.96" CONTENT="av"/><SP WIDTH="20" VPOS="2158" HPOS="794"/>
							<String ID="string_371" HPOS="814" VPOS="2149" WIDTH="165" HEIGHT="30" WC="0.96" CONTENT="fackmän"/><SP WIDTH="19" VPOS="2149" HPOS="979"/>
							<String ID="string_372" HPOS="998" VPOS="2150" WIDTH="11" HEIGHT="29" WC="0.95" CONTENT="i"/><SP WIDTH="19" VPOS="2150" HPOS="1009"/>
							<String ID="string_373" HPOS="1028" VPOS="2150" WIDTH="221" HEIGHT="30" WC="0.96" CONTENT="konkurrens"/><SP WIDTH="22" VPOS="2150" HPOS="1249"/>
							<String ID="string_374" HPOS="1271" VPOS="2151" WIDTH="159" HEIGHT="30" WC="0.93" CONTENT="utarbeta"/><SP WIDTH="21" VPOS="2151" HPOS="1430"/>
							<String ID="string_375" HPOS="1451" VPOS="2152" WIDTH="96" HEIGHT="39" WC="0.93" CONTENT="plan-"/>
						</TextLine>
						<TextLine ID="line_37" HPOS="67" VPOS="2202" WIDTH="1480" HEIGHT="41">
							<String ID="string_376" HPOS="67" VPOS="2202" WIDTH="140" HEIGHT="39" WC="0.92" CONTENT="förslag."/><SP WIDTH="18" VPOS="2202" HPOS="207"/>
							<String ID="string_377" HPOS="225" VPOS="2202" WIDTH="74" HEIGHT="29" WC="0.96" CONTENT="Den"/><SP WIDTH="19" VPOS="2202" HPOS="299"/>
							<String ID="string_378" HPOS="318" VPOS="2202" WIDTH="131" HEIGHT="29" WC="0.96" CONTENT="snabba"/><SP WIDTH="18" VPOS="2202" HPOS="449"/>
							<String ID="string_379" HPOS="467" VPOS="2203" WIDTH="242" HEIGHT="39" WC="0.96" CONTENT="utvecklingen"/><SP WIDTH="19" VPOS="2203" HPOS="709"/>
							<String ID="string_380" HPOS="728" VPOS="2203" WIDTH="93" HEIGHT="29" WC="0.93" CONTENT="inom"/><SP WIDTH="19" VPOS="2203" HPOS="821"/>
							<String ID="string_381" HPOS="840" VPOS="2204" WIDTH="250" HEIGHT="29" WC="0.91" CONTENT="datatekniken"/><SP WIDTH="19" VPOS="2204" HPOS="1090"/>
							<String ID="string_382" HPOS="1109" VPOS="2205" WIDTH="59" HEIGHT="38" WC="0.96" CONTENT="gör"/><SP WIDTH="18" VPOS="2205" HPOS="1168"/>
							<String ID="string_383" HPOS="1186" VPOS="2206" WIDTH="50" HEIGHT="28" WC="0.96" CONTENT="att"/><SP WIDTH="18" VPOS="2206" HPOS="1236"/>
							<String ID="string_384" HPOS="1254" VPOS="2214" WIDTH="82" HEIGHT="20" WC="0.96" CONTENT="man"/><SP WIDTH="19" VPOS="2214" HPOS="1336"/>
							<String ID="string_385" HPOS="1355" VPOS="2206" WIDTH="95" HEIGHT="28" WC="0.95" CONTENT="inom"/><SP WIDTH="18" VPOS="2206" HPOS="1450"/>
							<String ID="string_386" HPOS="1468" VPOS="2206" WIDTH="79" HEIGHT="28" WC="0.95" CONTENT="kort"/>
						</TextLine>
						<TextLine ID="line_38" HPOS="68" VPOS="2255" WIDTH="1479" HEIGHT="42">
							<String ID="string_387" HPOS="68" VPOS="2255" WIDTH="50" HEIGHT="30" WC="0.94" CONTENT="till"/><SP WIDTH="27" VPOS="2255" HPOS="118"/>
							<String ID="string_388" HPOS="145" VPOS="2256" WIDTH="137" HEIGHT="29" WC="0.95" CONTENT="relativt"/><SP WIDTH="27" VPOS="2256" HPOS="282"/>
							<String ID="string_389" HPOS="309" VPOS="2255" WIDTH="78" HEIGHT="39" WC="0.96" CONTENT="låga"/><SP WIDTH="25" VPOS="2255" HPOS="387"/>
							<String ID="string_390" HPOS="412" VPOS="2256" WIDTH="189" HEIGHT="29" WC="0.96" CONTENT="kostnader"/><SP WIDTH="27" VPOS="2256" HPOS="601"/>
							<String ID="string_391" HPOS="628" VPOS="2256" WIDTH="70" HEIGHT="29" WC="0.96" CONTENT="kan"/><SP WIDTH="28" VPOS="2256" HPOS="698"/>
							<String ID="string_392" HPOS="726" VPOS="2256" WIDTH="195" HEIGHT="30" WC="0.96" CONTENT="framställa"/><SP WIDTH="29" VPOS="2256" HPOS="921"/>
							<String ID="string_393" HPOS="950" VPOS="2257" WIDTH="94" HEIGHT="30" WC="0.93" CONTENT="olika"/><SP WIDTH="28" VPOS="2257" HPOS="1044"/>
							<String ID="string_394" HPOS="1072" VPOS="2258" WIDTH="396" HEIGHT="39" WC="0.88" CONTENT="planeringsalternativ."/><SP WIDTH="30" VPOS="2258" HPOS="1468"/>
							<String ID="string_395" HPOS="1498" VPOS="2260" WIDTH="49" HEIGHT="29" WC="0.96" CONTENT="De"/>
						</TextLine>
						<TextLine ID="line_39" HPOS="67" VPOS="2310" WIDTH="1482" HEIGHT="41">
							<String ID="string_396" HPOS="67" VPOS="2311" WIDTH="97" HEIGHT="27" WC="0.96" CONTENT="extra"/><SP WIDTH="20" VPOS="2311" HPOS="164"/>
							<String ID="string_397" HPOS="184" VPOS="2310" WIDTH="190" HEIGHT="28" WC="0.96" CONTENT="kostnader"/><SP WIDTH="21" VPOS="2310" HPOS="374"/>
							<String ID="string_398" HPOS="395" VPOS="2319" WIDTH="74" HEIGHT="20" WC="0.96" CONTENT="som"/><SP WIDTH="23" VPOS="2319" HPOS="469"/>
							<String ID="string_399" HPOS="492" VPOS="2310" WIDTH="70" HEIGHT="28" WC="0.96" CONTENT="kan"/><SP WIDTH="21" VPOS="2310" HPOS="562"/>
							<String ID="string_400" HPOS="583" VPOS="2310" WIDTH="143" HEIGHT="29" WC="0.96" CONTENT="komma"/><SP WIDTH="21" VPOS="2310" HPOS="726"/>
							<String ID="string_401" HPOS="747" VPOS="2312" WIDTH="49" HEIGHT="28" WC="0.96" CONTENT="att"/><SP WIDTH="22" VPOS="2312" HPOS="796"/>
							<String ID="string_402" HPOS="818" VPOS="2310" WIDTH="46" HEIGHT="29" WC="0.96" CONTENT="bli"/><SP WIDTH="24" VPOS="2310" HPOS="864"/>
							<String ID="string_403" HPOS="888" VPOS="2311" WIDTH="133" HEIGHT="39" WC="0.96" CONTENT="följden"/><SP WIDTH="24" VPOS="2311" HPOS="1021"/>
							<String ID="string_404" HPOS="1045" VPOS="2321" WIDTH="42" HEIGHT="20" WC="0.96" CONTENT="av"/><SP WIDTH="22" VPOS="2321" HPOS="1087"/>
							<String ID="string_405" HPOS="1109" VPOS="2312" WIDTH="226" HEIGHT="39" WC="0.96" CONTENT="utredningar"/><SP WIDTH="23" VPOS="2312" HPOS="1335"/>
							<String ID="string_406" HPOS="1358" VPOS="2313" WIDTH="79" HEIGHT="29" WC="0.96" CONTENT="med"/><SP WIDTH="23" VPOS="2313" HPOS="1437"/>
							<String ID="string_407" HPOS="1460" VPOS="2313" WIDTH="89" HEIGHT="30" WC="0.96" CONTENT="flera"/>
						</TextLine>
						<TextLine ID="line_40" HPOS="67" VPOS="2363" WIDTH="1481" HEIGHT="39">
							<String ID="string_408" HPOS="67" VPOS="2363" WIDTH="185" HEIGHT="30" WC="0.96" CONTENT="alternativ"/><SP WIDTH="19" VPOS="2363" HPOS="252"/>
							<String ID="string_409" HPOS="271" VPOS="2363" WIDTH="54" HEIGHT="30" WC="0.97" CONTENT="får"/><SP WIDTH="19" VPOS="2363" HPOS="325"/>
							<String ID="string_410" HPOS="344" VPOS="2363" WIDTH="31" HEIGHT="29" WC="0.96" CONTENT="vi"/><SP WIDTH="21" VPOS="2363" HPOS="375"/>
							<String ID="string_411" HPOS="396" VPOS="2363" WIDTH="106" HEIGHT="39" WC="0.96" CONTENT="enligt"/><SP WIDTH="19" VPOS="2363" HPOS="502"/>
							<String ID="string_412" HPOS="521" VPOS="2363" WIDTH="260" HEIGHT="30" WC="0.96" CONTENT="motionärerna"/><SP WIDTH="19" VPOS="2363" HPOS="781"/>
							<String ID="string_413" HPOS="800" VPOS="2374" WIDTH="84" HEIGHT="19" WC="0.96" CONTENT="vara"/><SP WIDTH="18" VPOS="2374" HPOS="884"/>
							<String ID="string_414" HPOS="902" VPOS="2365" WIDTH="151" HEIGHT="29" WC="0.95" CONTENT="beredda"/><SP WIDTH="19" VPOS="2365" HPOS="1053"/>
							<String ID="string_415" HPOS="1072" VPOS="2367" WIDTH="50" HEIGHT="28" WC="0.56" CONTENT="att"/><SP WIDTH="20" VPOS="2367" HPOS="1122"/>
							<String ID="string_416" HPOS="1142" VPOS="2366" WIDTH="123" HEIGHT="33" WC="0.96" CONTENT="betala,"/><SP WIDTH="22" VPOS="2366" HPOS="1265"/>
							<String ID="string_417" HPOS="1287" VPOS="2375" WIDTH="57" HEIGHT="20" WC="0.96" CONTENT="om"/><SP WIDTH="20" VPOS="2375" HPOS="1344"/>
							<String ID="string_418" HPOS="1364" VPOS="2367" WIDTH="34" HEIGHT="29" WC="0.96" CONTENT="vi"/><SP WIDTH="21" VPOS="2367" HPOS="1398"/>
							<String ID="string_419" HPOS="1419" VPOS="2367" WIDTH="129" HEIGHT="29" WC="0.96" CONTENT="önskar"/>
						</TextLine>
						<TextLine ID="line_41" HPOS="68" VPOS="2417" WIDTH="1480" HEIGHT="42">
							<String ID="string_420" HPOS="68" VPOS="2425" WIDTH="41" HEIGHT="20" WC="0.96" CONTENT="en"/><SP WIDTH="22" VPOS="2425" HPOS="109"/>
							<String ID="string_421" HPOS="131" VPOS="2417" WIDTH="67" HEIGHT="39" WC="0.93" CONTENT="hög"/><SP WIDTH="22" VPOS="2417" HPOS="198"/>
							<String ID="string_422" HPOS="220" VPOS="2417" WIDTH="270" HEIGHT="39" WC="0.91" CONTENT="miljöstandard"/><SP WIDTH="23" VPOS="2417" HPOS="490"/>
							<String ID="string_423" HPOS="513" VPOS="2417" WIDTH="65" HEIGHT="29" WC="0.95" CONTENT="och"/><SP WIDTH="23" VPOS="2417" HPOS="578"/>
							<String ID="string_424" HPOS="601" VPOS="2426" WIDTH="56" HEIGHT="20" WC="0.95" CONTENT="om"/><SP WIDTH="23" VPOS="2426" HPOS="657"/>
							<String ID="string_425" HPOS="680" VPOS="2417" WIDTH="81" HEIGHT="30" WC="0.96" CONTENT="reell"/><SP WIDTH="24" VPOS="2417" HPOS="761"/>
							<String ID="string_426" HPOS="785" VPOS="2418" WIDTH="194" HEIGHT="29" WC="0.96" CONTENT="demokrati"/><SP WIDTH="25" VPOS="2418" HPOS="979"/>
							<String ID="string_427" HPOS="1004" VPOS="2419" WIDTH="88" HEIGHT="29" WC="0.95" CONTENT="skall"/><SP WIDTH="25" VPOS="2419" HPOS="1092"/>
							<String ID="string_428" HPOS="1117" VPOS="2419" WIDTH="121" HEIGHT="30" WC="0.96" CONTENT="kunna"/><SP WIDTH="24" VPOS="2419" HPOS="1238"/>
							<String ID="string_429" HPOS="1262" VPOS="2420" WIDTH="136" HEIGHT="39" WC="0.96" CONTENT="uppnås"/><SP WIDTH="26" VPOS="2420" HPOS="1398"/>
							<String ID="string_430" HPOS="1424" VPOS="2421" WIDTH="9" HEIGHT="28" WC="0.93" CONTENT="i"/><SP WIDTH="27" VPOS="2421" HPOS="1433"/>
							<String ID="string_431" HPOS="1460" VPOS="2430" WIDTH="88" HEIGHT="20" WC="0.90" CONTENT="sam-"/>
						</TextLine>
						<TextLine ID="line_42" HPOS="68" VPOS="2470" WIDTH="1480" HEIGHT="41">
							<String ID="string_432" HPOS="68" VPOS="2470" WIDTH="327" HEIGHT="40" WC="0.91" CONTENT="hällsplaneringen."/><SP WIDTH="21" VPOS="2470" HPOS="395"/>
							<String ID="string_433" HPOS="416" VPOS="2471" WIDTH="52" HEIGHT="29" WC="0.96" CONTENT="En"/><SP WIDTH="20" VPOS="2471" HPOS="468"/>
							<String ID="string_434" HPOS="488" VPOS="2472" WIDTH="95" HEIGHT="28" WC="0.96" CONTENT="extra"/><SP WIDTH="19" VPOS="2472" HPOS="583"/>
							<String ID="string_435" HPOS="602" VPOS="2471" WIDTH="151" HEIGHT="29" WC="0.96" CONTENT="kostnad"/><SP WIDTH="20" VPOS="2471" HPOS="753"/>
							<String ID="string_436" HPOS="773" VPOS="2472" WIDTH="110" HEIGHT="28" WC="0.93" CONTENT="under"/><SP WIDTH="19" VPOS="2472" HPOS="883"/>
							<String ID="string_437" HPOS="902" VPOS="2472" WIDTH="323" HEIGHT="39" WC="0.91" CONTENT="planeringsskedet"/><SP WIDTH="20" VPOS="2472" HPOS="1225"/>
							<String ID="string_438" HPOS="1245" VPOS="2474" WIDTH="70" HEIGHT="28" WC="0.96" CONTENT="kan"/><SP WIDTH="20" VPOS="2474" HPOS="1315"/>
							<String ID="string_439" HPOS="1335" VPOS="2474" WIDTH="144" HEIGHT="29" WC="0.95" CONTENT="komma"/><SP WIDTH="20" VPOS="2474" HPOS="1479"/>
							<String ID="string_440" HPOS="1499" VPOS="2476" WIDTH="49" HEIGHT="28" WC="0.96" CONTENT="att"/>
						</TextLine>
						<TextLine ID="line_43" HPOS="68" VPOS="2524" WIDTH="1482" HEIGHT="42">
							<String ID="string_441" HPOS="68" VPOS="2524" WIDTH="73" HEIGHT="30" WC="0.96" CONTENT="visa"/><SP WIDTH="22" VPOS="2524" HPOS="141"/>
							<String ID="string_442" HPOS="163" VPOS="2524" WIDTH="52" HEIGHT="39" WC="0.96" CONTENT="sig"/><SP WIDTH="18" VPOS="2524" HPOS="215"/>
							<String ID="string_443" HPOS="233" VPOS="2534" WIDTH="85" HEIGHT="20" WC="0.96" CONTENT="vara"/><SP WIDTH="20" VPOS="2534" HPOS="318"/>
							<String ID="string_444" HPOS="338" VPOS="2534" WIDTH="42" HEIGHT="20" WC="0.96" CONTENT="en"/><SP WIDTH="21" VPOS="2534" HPOS="380"/>
							<String ID="string_445" HPOS="401" VPOS="2524" WIDTH="223" HEIGHT="40" WC="0.96" CONTENT="inbesparing"/><SP WIDTH="22" VPOS="2524" HPOS="624"/>
							<String ID="string_446" HPOS="646" VPOS="2524" WIDTH="53" HEIGHT="30" WC="0.96" CONTENT="för"/><SP WIDTH="23" VPOS="2524" HPOS="699"/>
							<String ID="string_447" HPOS="722" VPOS="2525" WIDTH="199" HEIGHT="35" WC="0.95" CONTENT="framtiden,"/><SP WIDTH="24" VPOS="2525" HPOS="921"/>
							<String ID="string_448" HPOS="945" VPOS="2535" WIDTH="56" HEIGHT="20" WC="0.96" CONTENT="om"/><SP WIDTH="21" VPOS="2535" HPOS="1001"/>
							<String ID="string_449" HPOS="1022" VPOS="2526" WIDTH="193" HEIGHT="40" WC="0.96" CONTENT="väsentliga"/><SP WIDTH="22" VPOS="2526" HPOS="1215"/>
							<String ID="string_450" HPOS="1237" VPOS="2527" WIDTH="204" HEIGHT="30" WC="0.95" CONTENT="kvalitativa"/><SP WIDTH="22" VPOS="2527" HPOS="1441"/>
							<String ID="string_451" HPOS="1463" VPOS="2529" WIDTH="87" HEIGHT="28" WC="0.96" CONTENT="krav"/>
						</TextLine>
					</TextBlock>
				</ComposedBlock>
			</PrintSpace>
		</Page>
	</Layout>
</alto>
