1870 2838
96 482 138 24 Utskottet.

327 142 17 30 4
694 145 317 36 Bankoutskottets
1033 151 188 33 utlåtande
1244 154 51 32 Nr
1320 156 52 30 63.

285 221 87 35 7,000
390 221 131 33 kronor
543 223 61 32 vid
623 226 143 36 avgång
786 236 41 21 ur
849 227 115 37 tjänst
985 229 75 31 före
1082 231 172 36 uppnådd
1271 233 37 30 12
1329 234 59 31 års
1410 234 188 37 tjänstetid
1620 236 12 31 i
1654 237 126 32 befatt-

285 272 142 38 ningen.
474 274 337 39 Pensionsavgiften
835 278 115 32 skulle
977 282 128 35 utgöra
1128 282 60 32 480
1211 283 129 32 kronor
1366 285 58 32 för
1448 288 50 30 år.
1545 287 155 33 Pension
1724 290 56 31 till

285 324 281 38 ifrågavarande
583 327 360 39 befattningshavare
960 333 99 32 torde
1078 333 87 32 böra
1182 335 86 36 utgå
1287 336 82 32 från
1387 338 162 38 anslaget
1567 340 57 32 till
1643 341 137 32 diverse

285 377 188 36 pensioner
490 379 63 31 och
570 381 194 32 understöd
781 391 44 22 m.
846 392 63 22 m.»

322 477 205 41 Riksdagen
552 482 66 31 har
644 493 148 23 numera
814 485 137 33 bifallit
976 486 133 38 Kungl.
1134 488 128 37 Maj:ts
1285 491 135 38 förslag
1448 493 10 30 i
1484 494 103 36 fråga
1611 505 56 21 om
1691 496 90 31 löne-

285 533 173 38 ställning
495 536 64 31 och
593 537 336 38 anställningsform
954 541 55 31 för
1034 541 126 32 ehefen
1185 543 55 31 för
1265 547 80 34 väg-
1370 546 65 31 och
1460 548 323 37 vattenbyggnads-

285 586 182 36 styrelsen.
511 588 50 31 På
583 591 118 34 grund
723 590 111 32 härav
857 592 65 30 och
945 593 109 31 under
1078 595 260 33 framhållande
1361 599 54 30 att
1435 599 43 30 de
1503 599 202 37 föreslagna
1729 602 52 30 be-

284 639 269 32 stämmelserna
584 641 227 33 beträffande
842 644 149 35 pension
1022 645 54 31 för
1111 646 279 37 ifrågavarande
1426 649 357 38 befattningshavare

285 691 61 30 äro
366 692 157 31 avsedda
542 693 53 31 att
615 693 99 37 gälla
734 695 123 32 endast
877 696 11 30 i
909 696 182 32 avvaktan
1111 700 47 34 på
1179 698 307 35 ikraftträdandet
1505 713 45 20 av
1571 703 103 31 civilt
1693 704 90 37 tjän-

284 743 447 39 stepensionsreglemente,
760 756 122 22 varom
911 748 172 32 utskottet
1112 749 117 32 denna
1256 751 68 37 dag
1354 752 131 33 avlåtit
1513 754 185 32 utlåtande
1728 755 55 32 till

286 794 202 38 riksdagen,
514 796 55 32 får
594 798 175 32 utskottet
782 798 207 38 hemställa,

726 903 53 29 att
801 902 191 37 riksdagen
1014 906 56 30 må
1094 905 128 32 bifalla
1244 906 133 37 Kungl.
1400 907 127 36 Maj:ts
1550 909 233 31 förevarande

685 954 229 36 proposition.

326 1055 204 32 Stockholm
550 1056 65 32 den
637 1058 37 30 25
698 1058 72 36 maj
791 1058 85 31 1934.

758 1161 51 31 På
829 1161 310 33 bankoutskottets
1161 1166 149 33 vägnar:

788 1264 197 32 HARALD
1010 1264 271 34 AKERBERG.

327 1599 195 25 Närvarande:
542 1608 27 16 se
588 1601 170 32 anteckning
776 1602 14 23 å
812 1602 144 25 utlåtande
976 1610 34 17 nr
1030 1605 39 22 62.
