2226 2614
650 198 117 32 Andra
790 198 221 41 lagutskottets
1031 197 169 33 utlåtande
1223 197 53 32 Nr
1298 200 49 29 13.
1766 197 41 32 35

713 283 44 50 C)
787 289 54 32 att
868 284 191 37 motionen
1086 298 45 23 nr
1159 286 74 35 218
1262 284 12 36 i
1303 283 115 37 andra
1445 283 228 48 kammaren,
1702 284 12 36 i
1733 283 82 37 vad

610 336 218 38 densamma
867 337 205 36 innefattar
1112 336 224 37 hemställan
1377 349 61 24 om
1476 336 200 37 skrivelses
1706 336 100 36 avlå-

610 389 111 37 tande
750 389 56 36 till
834 388 140 49 Kungl.
1004 387 107 50 Maj:t
1139 388 83 37 med
1242 388 169 49 begäran
1431 401 61 23 om
1512 388 205 49 utredning
1736 388 71 37 och

610 441 142 49 förslag
779 441 12 36 1
819 441 104 48 visst,
953 454 98 23 ovan
1078 445 171 32 närmare
1279 440 156 49 angivet
1466 440 226 47 hänseende,
1724 440 82 37 icke

609 496 117 33 måtte
754 493 56 36 till
838 495 116 46 något
981 492 224 49 riksdagens
1232 492 134 49 åtgärd
1395 492 210 45 föranleda;
1635 498 97 30 samt

712 544 48 50 D)
789 549 54 32 att
870 544 189 37 motionen
1089 558 46 23 nr
1163 545 73 36 219
1265 544 12 36 i
1306 544 117 36 andra
1451 544 230 45 kammaren,
1701 544 12 36 i
1732 544 73 36 vad

610 597 218 37 densamma
845 596 205 37 innefattar
1068 596 225 37 hemställan
1313 609 60 24 om
1393 596 199 37 skrivelses
1609 596 197 37 avlåtande

608 649 56 36 till
692 649 142 49 Kungl.
855 649 108 49 Maj:t
981 648 85 37 med
1085 649 168 49 begäran
1273 662 61 23 om
1353 648 202 49 utredning
1573 648 70 37 och
1663 648 143 49 förslag

608 701 12 36 i
660 701 104 48 visst,
808 714 96 23 ovan
937 706 172 32 närmare
1141 701 153 48 angivet
1322 700 236 49 hänseende,
1581 700 81 37 icke
1690 703 115 34 måtte

608 753 56 36 till
691 756 128 46 någon
846 753 222 49 riksdagens
1097 753 135 49 åtgärd
1261 752 202 37 föranleda.

315 821 218 38 Stockholm
563 822 72 37 den
664 824 47 35 25
741 822 95 49 april
867 823 108 35 1923.

671 925 51 37 På
750 925 116 37 andra
893 924 267 50 lagutskottets
1189 929 161 45 vägnar:

823 1028 132 38 BROR
982 1017 211 48 PETRÉN.

314 1255 63 28 Vid
400 1255 148 28 ärendets
571 1255 197 37 behandling
790 1254 84 28 hava
896 1254 155 28 närvarit:

313 1297 72 28 från
408 1298 101 27 första
531 1297 198 28 kammaren:
753 1297 110 27 herrar
886 1296 80 29 Bror
981 1296 113 34 Petrén,
1110 1304 53 20 von
1176 1295 114 36 Sydow,
1303 1293 150 38 Linder,")
1464 1304 95 29 greve
1572 1294 100 37 Spens,
1689 1293 118 38 Hult,)

211 1340 158 36 Tjällgren,
392 1339 115 36 Sigfrid
529 1338 138 29 Hansson
690 1339 59 28 och
775 1338 157 36 Thorberg;

314 1382 72 28 från
409 1382 101 28 andra
531 1382 199 27 kammaren:
754 1381 110 28 herrar
887 1380 146 37 Hagman,
1051 1380 143 29 Karlsson
1206 1380 10 28 i
1229 1380 176 35 Gasabäck,
1422 1379 177 37 Magnusson
1614 1380 11 27 i
1641 1377 167 38 Skövde,”)

207 1424 148 29 Johanson
378 1425 11 27 i
412 1424 192 34 Stockholm,
628 1423 179 29 Holmström
830 1424 10 27 i
864 1423 193 35 Stockholm,
1081 1422 140 29 Svensson
1244 1423 10 27 i
1278 1422 189 38 Skönsberg,
1484 1421 141 36 Sundling
1648 1422 58 28 och
1723 1421 83 29 Pers-

207 1476 51 19 son
281 1467 10 27 i
314 1466 155 38 Trången.

312 1549 26 32 +)
354 1550 32 32 Ej
408 1550 179 25 närvarande
607 1550 48 25 vid
672 1549 179 25 utlåtandets
869 1549 153 31 justering.

863 1800 290 33 Reservationer:

317 1901 72 49 1:0)
432 1915 45 23 av
518 1901 129 37 herrar
688 1914 67 23 von
791 1901 143 48 Sydow,
968 1914 114 34 greve
1111 1900 124 47 Spens,
1269 1901 222 47 Magnusson
1519 1899 11 35 i
1560 1898 150 37 Skövde
1738 1898 67 36 och

211 1954 193 49 Sundling,
447 1953 101 37 vilka
590 1958 123 31 ansett
754 1958 54 30 att
848 1952 185 36 utskottet
1068 1953 11 34 i
1118 1951 220 48 anslutning
1365 1951 56 36 till
1449 1951 129 36 herrar
1604 1950 204 36 Lindmans

210 2020 47 21 m.
290 2006 70 35 fl.:s
389 2005 144 36 motion
562 2005 85 36 bort
675 2004 180 49 avstyrka
883 2004 104 36 bifall
1015 2003 56 36 till
1100 2003 72 35 den
1201 2003 131 48 kungl.
1363 2002 300 49 propositionen;

316 2106 73 49 2:0)
417 2120 46 22 av
492 2107 127 36 herrar
650 2107 142 45 Linder,
823 2106 144 48 Sigfrid
995 2106 183 44 Hansson,
1213 2105 186 48 Thorberg,
1421 2105 184 47 Hagman,
1622 2104 186 36 Johanson

211 2159 10 35 i
252 2159 232 44 Stockholm,
527 2159 222 35 Holmström
790 2158 10 34 i
844 2157 217 36 Stockholm
1104 2156 69 36 och
1202 2157 173 36 Svensson
1403 2156 11 35 i
1444 2155 231 48 Skönsberg,
1705 2155 103 36 vilka

210 2215 118 44 yttrat
356 2210 182 49 följande:

314 2262 102 36 »Den
446 2261 216 48 utredning,
684 2274 80 23 som
785 2274 46 22 av
852 2259 301 48 socialstyrelsen
1175 2258 214 36 verkställts
1410 2258 235 36 beträffande
1666 2257 142 37 arbets-

211 2313 207 49 tidslagens
446 2313 231 50 verkningar
704 2313 68 36 och
801 2311 85 38 dess
915 2311 234 50 anpassning
1177 2311 95 36 efter
1300 2310 70 37 den
1400 2310 302 37 internationella
1730 2309 79 49 lag-
