1890 2866
551 234 107 28 Första
681 236 199 35 lagutskottets
902 238 147 27 utlåtande
1071 238 50 27 Nr
1144 236 50 31 13.
1609 240 19 30 5

796 566 60 40 Nr
883 566 60 41 13.

444 674 124 28 Ankom
593 675 48 28 till
665 676 189 37 riksdagens
877 678 103 27 kansli
1005 678 61 28 den
1094 679 37 27 18
1154 678 140 29 februari
1320 680 79 28 1932
1423 681 41 27 kl.
1492 681 13 27 1
1531 690 24 19 e.
1580 691 45 19 m.

434 765 194 37 Utlåtande
655 767 14 35 i
697 767 193 49 anledning
927 782 45 22 av
1000 770 127 35 väckta
1154 771 172 36 motioner
1354 772 185 48 angående
1567 774 54 35 be-

517 818 157 36 redande
702 832 46 23 av
777 821 200 48 befogenhet
997 822 67 48 för
1087 823 341 37 exekutionsbiträde
1446 825 62 35 och
1519 825 103 48 fjär-

518 870 193 49 dingsmän
752 879 51 28 att
839 872 14 36 i
884 873 95 36 vissa
1009 873 79 49 fall
1122 875 163 36 meddela
1321 876 112 36 beslut
1474 889 54 23 om
1569 877 56 36 in-

512 922 117 49 försel
655 924 15 35 i
697 924 169 48 avlöning
895 938 45 23 m.
970 939 46 22 m.

169 1020 19 31 I
220 1022 124 30 tvenne
377 1022 94 31 inom
505 1023 106 31 andra
644 1024 195 32 kammaren
872 1026 129 39 väckta,
1035 1027 220 42 likalydande
1288 1029 180 39 motioner,
1492 1041 41 20 nr
1560 1030 60 32 267

116 1081 40 21 av
190 1071 79 32 herr
309 1072 157 33 Wiklund
498 1074 12 30 i
543 1074 116 41 Byske
693 1075 65 31 och
791 1087 41 20 nr
853 1077 62 31 369
949 1088 40 21 av
1011 1077 118 32 herrar
1159 1079 174 32 Wikström
1357 1080 64 31 och
1446 1080 175 42 Sandberg,

116 1121 91 32 vilka
229 1122 171 32 motioner
422 1123 177 33 hänvisats
622 1125 53 31 till
699 1126 190 41 lagutskott
905 1128 64 31 och
984 1128 207 32 behandlats
1207 1140 40 20 av
1263 1130 107 31 första
1385 1130 237 42 lagutskottet,

115 1172 63 31 har
210 1172 205 40 hemställts,
453 1176 68 30 »att
552 1175 184 42 riksdagen
770 1179 105 30 måtte
909 1178 135 32 anhålla
1077 1179 65 32 hos
1176 1180 126 42 Kungl.
1326 1179 99 43 Maj:t
1454 1192 55 21 om
1533 1183 90 31 över-

115 1223 154 42 vägande
292 1224 64 31 och
379 1225 129 41 förslag
530 1225 52 32 till
606 1226 106 32 sådan
736 1227 145 43 ändring
897 1228 11 31 i
924 1229 157 41 gällande
1098 1230 226 42 lagstiftning,
1341 1233 51 30 att
1408 1232 214 32 exekutions-

115 1273 135 32 biträde
284 1274 64 31 och
381 1275 248 42 fjärdingsman
652 1277 223 33 tillerkännas
898 1281 69 30 rätt
988 1282 50 29 att
1060 1280 58 31 vid
1141 1280 198 43 indrivning
1360 1293 41 20 av
1423 1284 198 31 resterande

115 1324 181 42 utskylder
318 1325 64 32 och
406 1326 171 32 allmänna
600 1328 144 41 avgifter
765 1329 158 32 meddela
945 1330 115 32 beslut
1083 1342 56 20 om
1162 1332 143 32 införsel
1328 1332 12 31 i
1356 1333 169 42 avlöning,
1542 1345 80 30 pen-

116 1375 77 31 sion
218 1375 83 32 eller
322 1376 176 33 livränta».

168 1425 18 31 I
208 1426 94 41 fråga
335 1437 55 21 om
414 1427 42 31 de
480 1428 82 38 skäl,
587 1439 74 21 som
685 1429 92 42 ligga
799 1430 53 32 till
874 1432 112 40 grund
1008 1432 54 31 för
1084 1433 225 39 motionerna,
1333 1434 52 31 får
1407 1435 178 39 utskottet,
1610 1436 10 31 i

115 1476 66 31 den
205 1478 78 30 mån
306 1477 218 41 redogörelse
547 1478 117 32 härför
685 1480 75 31 icke
783 1481 130 31 lämnas
930 1482 61 31 här
1013 1483 122 38 nedan,
1160 1483 143 32 hänvisa
1326 1484 53 32 till
1395 1485 225 33 motionerna.

167 1577 220 32 Motionerna
420 1590 79 20 avse
533 1582 50 29 att
616 1581 386 33 exekutionsbiträdena
1034 1602 41 4 —
1108 1585 139 31 varmed
1270 1585 108 42 enligt
1400 1586 115 42 kungl.
1539 1587 82 31 kun-

114 1628 133 41 görelse
271 1628 66 32 den
363 1630 39 31 18
425 1630 180 32 december
629 1631 83 32 1925
734 1632 78 32 med
827 1633 92 31 vissa
935 1634 261 32 bestämmelser
1211 1636 176 41 angående
1404 1637 217 32 exekutions-

113 1679 158 32 biträden
306 1690 98 21 avses
438 1680 11 31 i
484 1681 76 31 stad
591 1682 377 42 exekutionsbetjänter
991 1687 88 29 samt
1102 1687 19 30 å
1143 1686 118 32 landet
1283 1687 248 42 fjärdingsmän
1554 1689 65 31 och

113 1729 107 31 andra
242 1730 171 40 polismän
436 1731 78 31 med
537 1731 496 44 handräckningsverksamhet
1057 1754 38 4 —
1120 1737 111 32 skulle
1254 1737 12 31 i
1289 1738 93 31 vissa
1404 1738 59 31 fall
1490 1739 129 32 erhålla

114 1791 130 20 samma
273 1780 208 42 befogenhet
503 1782 78 31 med
604 1783 170 32 avseende
797 1786 19 29 å
838 1785 226 33 meddelande
1087 1798 41 20 av
1151 1787 116 32 beslut
1290 1799 54 20 om
1367 1788 152 40 införsel,
1544 1800 74 21 som

112 1830 53 31 för
187 1832 210 31 närvarande
420 1832 208 32 tillkommer
650 1835 303 41 utmätningsman.

166 1881 304 42 Utmätningsman
494 1884 36 29 är
553 1883 107 42 enligt
683 1885 326 42 utsökningslagens
1033 1888 19 30 2
1074 1887 22 41 8
1119 1890 19 29 å
1160 1888 118 32 landet
1300 1889 201 32 landsfiskal
1525 1890 94 32 och
1602 1877 21 55 i

112 1932 78 31 stad
224 1932 209 41 stadsfogde.
477 1933 80 31 Han
591 1934 63 31 har
675 1937 51 29 att
749 1936 85 31 efter
855 1936 65 31 vad
942 1937 12 30 i
977 1937 309 43 utsökningslagen
1310 1939 139 41 stadgas
1471 1940 148 42 fullgöra

111 1982 65 31 vad
200 1983 247 31 överexekutor
468 1983 188 40 förordnar,
680 1985 184 32 verkställa
887 1986 79 32 dom
991 1989 88 30 samt
1102 1988 11 30 i
1136 1988 94 32 vissa
1256 1989 58 31 fall
1338 1991 81 29 utan
1444 1991 173 31 föreskrift

111 2044 41 19 av
175 2043 112 21 annan
311 2032 201 42 myndighet
532 2034 143 32 förrätta
698 2037 202 41 utmätning.

165 2083 372 42 Utmätningsmannen
571 2085 156 32 handhar
761 2087 177 32 dessutom
971 2088 243 42 indrivningen
1248 2101 40 20 av
1311 2090 41 32 de
1376 2091 172 32 allmänna
1571 2094 47 29 ut-

112 2133 147 42 skylder,
284 2144 73 21 som
390 2134 74 32 icke
497 2135 11 31 i
541 2136 217 42 vederbörlig
791 2138 148 42 ordning
971 2139 141 32 betalas.
1159 2140 17 31 I
1199 2141 419 42 restindrivningsförord-

111 2185 127 40 ningen
262 2185 66 31 den
354 2187 39 29 14
416 2185 181 33 december
621 2188 79 31 1917
726 2189 183 41 stadgades
932 2189 208 32 härutinnan
1164 2191 11 30 i
1201 2193 14 29 1
1239 2191 94 42 8,att
1356 2192 116 32 därest
1494 2193 123 31 indriv-

110 2235 83 40 ning
227 2235 109 32 skulle
370 2238 62 38 äga
455 2247 74 20 rum
553 2248 39 19 av
616 2237 119 32 krono-
759 2239 63 30 och
845 2239 379 42 kommunalutskylder
1247 2244 89 29 samt
1357 2242 93 31 vissa
1472 2243 146 40 angivna

110 2285 172 31 allmänna
315 2286 143 40 avgifter
491 2297 42 20 m.
557 2298 53 27 m.,
635 2288 95 40 ålåge
765 2289 58 31 det
855 2290 256 31 vederbörande
1147 2292 291 41 utmätningsman
1466 2295 50 29 att
1539 2294 78 31 med

110 2335 218 40 iakttagande
352 2346 40 20 av
414 2336 265 41 förordningens
702 2338 213 32 föreskrifter
941 2340 159 31 »förrätta
1123 2341 238 40 utmätningen
1385 2344 162 29 ävensom
1564 2354 50 20 av-

111 2385 76 41 giva
209 2384 253 42 redovisning».
494 2386 119 42 Enligt
636 2388 19 31 3
678 2387 21 41 8
722 2388 85 41 ägde
831 2389 362 41 utmätningsmannen
1218 2393 34 29 åt
1275 2392 339 32 exekutionsbiträde

110 2435 179 41 uppdraga
322 2438 50 28 att
404 2436 52 31 för
488 2436 199 42 indrivning
719 2449 40 20 av
782 2438 255 41 ifrågavarande
1061 2440 113 32 medel
1197 2441 140 31 förrätta
1361 2443 194 40 utmätning
1577 2454 40 20 av

110 2486 53 31 lös
186 2485 176 41 egendom.
395 2486 54 31 Då
471 2487 339 33 exekutionsbiträde
830 2489 157 32 förriättat
1004 2490 106 31 sådan
1127 2491 202 41 utmätning,
1345 2492 110 32 skulle
1472 2493 58 31 det
1546 2493 71 31 där-

109 2536 58 31 vid
191 2536 98 31 förda
311 2537 209 40 protokollet
543 2549 39 19 av
606 2538 127 32 honom
757 2542 121 38 genast
900 2540 164 32 insändas
1082 2541 51 31 till
1151 2542 372 41 utmätningsmannen,
1541 2554 73 21 som

1651 1595 182 24 Motionernas

1665 1629 126 24 innebörd
1810 1631 10 22 i

1649 1664 135 31 belysning
1803 1672 31 16 av

1649 1698 125 31 gällande
1794 1700 37 22 be-

1656 1733 169 24 stämmelser.
