1884 2820
460 153 395 34 Jordbruksutskottets
885 155 186 31 utlåtande
1099 156 53 32 Nr
1179 156 50 31 39.
1534 160 17 28 1

765 485 59 40 Nr
852 485 62 40 39.

596 594 110 24 Ankom
726 595 43 24 till
788 595 163 32 riksdagens
970 597 90 24 kansli
1081 597 54 25 den
1158 599 30 23 19
1207 599 71 31 april
1299 600 66 24 1929
1385 600 36 24 kl.
1442 602 14 22 4
1477 609 20 16 e.
1520 609 33 16 m.

194 683 192 34 Utlåtande
415 686 14 30 i
460 686 191 38 anledning
685 697 45 22 av
764 688 107 32 väckt
905 690 135 31 motion
1074 691 181 36 angående
1288 694 213 37 statsanslag
1532 695 57 34 för

390 738 215 36 premiering
627 748 45 22 av
695 739 180 32 välskötta
900 742 136 30 mindre
1059 742 207 37 skogsbruk.

1367 798 64 35 (2:a
1454 798 90 35 avd.)

122 897 18 31 I
163 907 43 21 en
228 898 97 31 inom
348 899 109 31 andra
477 901 202 32 kammaren
696 903 114 36 väckt,
827 903 56 31 till
898 904 351 36 jordbruksutskottet
1265 908 166 32 hänvisad
1448 906 139 44 motion,

77 959 44 20 nr
145 949 51 36 55,
231 961 45 20 av
311 951 81 31 herr
419 951 155 38 Heiding
598 953 64 31 har
685 954 203 37 hemställts,
912 957 52 30 att
988 957 182 37 riksdagen
1193 959 84 31 ville
1301 960 131 31 besluta
1454 964 51 28 att
1529 963 59 30 hos

77 1000 133 37 Kungl.
235 1002 102 37 Maj:t
371 1003 139 32 anhålla
544 1015 56 21 om
634 1006 187 38 utredning
856 1008 62 31 och
951 1009 128 37 förslag
1108 1011 176 36 angående
1307 1014 204 36 statsanslag
1536 1015 51 30 för

74 1054 213 37 premiering
310 1066 46 20 av
379 1057 173 31 välskötta
575 1058 137 31 mindre
735 1059 202 37 skogsbruk.

120 1106 221 32 Beträffande
365 1108 40 31 de
429 1109 84 36 skäl,
538 1120 71 21 som
631 1111 181 37 åberopats
836 1113 55 30 till
916 1113 73 31 stöd
1005 1114 129 37 härför,
1151 1116 163 31 hänvisas
1331 1118 54 30 till
1403 1119 182 31 motionen.

119 1208 89 33 Över
241 1212 175 31 motionen
448 1213 65 31 har
545 1214 165 31 utskottet
734 1215 220 32 införskaffat
977 1217 178 32 utlåtande
1179 1219 79 31 från
1281 1221 227 32 centralrådet
1532 1223 53 30 för

70 1262 436 38 skogsvårdsstyrelsernas
539 1265 161 37 förbund,
736 1268 110 30 vilket
880 1269 110 31 såsom
1025 1270 115 37 bilaga
1168 1271 112 37 fogats
1303 1273 55 30 till
1382 1273 91 32 detta
1498 1275 87 31 utlå-

73 1314 115 40 tande.

117 1367 81 31 Med
221 1368 227 32 förevarande
471 1370 131 31 motion
625 1381 97 21 avses
746 1373 52 30 att
818 1390 40 3 —
876 1373 86 31 efter
984 1376 151 30 mönster
1159 1386 43 20 av
1226 1376 65 31 vad
1315 1387 70 21 som
1409 1375 175 46 tillämpas

72 1419 13 30 i
103 1419 100 37 fråga
227 1430 54 21 om
304 1420 170 37 jordbruk
491 1440 39 3 —
547 1423 133 31 erhålla
704 1425 47 30 ett
774 1425 425 37 premieringsförfarande
1222 1429 131 36 jämväl
1373 1431 210 32 beträffande

72 1472 174 31 välskötta
280 1473 134 31 mindre
448 1474 202 36 skogsbruk.
697 1476 121 36 Enligt
853 1478 231 32 motionärens
1112 1481 140 36 mening
1276 1482 110 31 skulle
1410 1493 42 21 en
1476 1485 107 30 sådan

71 1524 212 37 premiering
306 1526 60 30 väl
389 1526 225 36 komplettera
638 1527 40 32 de
701 1529 124 36 övriga
849 1530 158 36 åtgärder
1030 1532 54 30 för
1100 1532 147 37 höjande
1262 1544 44 21 av
1323 1535 131 31 landets
1471 1537 112 36 skogs-

71 1576 99 36 bruk,
206 1577 122 31 vartill
362 1579 112 30 staten
508 1579 104 31 redan
647 1580 138 32 lämnar
819 1582 56 30 sin
910 1583 219 32 medverkan.
1176 1585 75 32 Den
1274 1587 212 37 skogsägare,
1509 1598 73 21 som

70 1629 94 35 gjort
187 1629 54 31 sin
265 1630 84 36 skog
372 1631 57 30 till
452 1640 43 22 en
521 1633 286 37 »mönsterskog»,
833 1635 201 36 varigenom
1057 1637 70 31 han
1152 1638 112 36 tjänat
1287 1639 53 31 sin
1357 1642 51 29 ort
1424 1641 55 30 till
1498 1641 84 31 före-

71 1680 108 37 döme,
204 1683 116 35 syntes
343 1683 218 32 motionären
584 1684 87 31 värd
694 1686 149 31 allmänt
866 1687 230 38 erkännande,
1120 1690 62 30 och
1199 1690 65 31 den
1280 1692 215 37 utmärkelse,
1509 1704 72 20 som

70 1732 137 31 komme
241 1734 230 37 skogsägaren
505 1736 56 30 till
584 1736 65 36 del,
673 1737 113 31 skulle
810 1739 110 30 väcka
943 1740 126 31 andras
1092 1741 145 32 intresse
1259 1744 51 30 att
1333 1746 83 33 göra
1438 1745 52 36 sig
1514 1746 66 30 för-

69 1784 114 36 tjänta
205 1796 48 20 av
275 1796 132 21 samma
431 1787 112 31 heder.
578 1788 123 37 Enligt
724 1790 234 32 motionärens
974 1792 224 38 uppfattning
1215 1794 101 32 borde
1332 1796 118 31 endast
1466 1798 113 36 skogs-

68 1836 91 31 bruk
181 1847 45 21 av
250 1838 71 31 viss
344 1839 241 32 maximiareal
608 1841 139 31 komma
770 1843 13 30 i
805 1842 100 36 fråga
928 1843 52 32 för
1004 1844 97 37 dylik
1125 1842 220 45 premiering.

112 1940 18 31 I
167 1940 111 32 likhet
320 1942 77 31 med
440 1943 226 32 centralrådet
709 1945 54 31 för
807 1946 431 39 skogsvårdsstyrelsernas
1281 1951 148 32 förbund
1468 1953 109 32 finner

65 1993 168 31 utskottet
256 1995 190 31 motionens
470 1996 88 36 syfte
582 1998 78 30 värt
683 1997 201 32 beaktande.
931 1999 148 33 Behovet
1102 2002 62 30 och
1189 2003 119 31 vikten
1330 2015 45 20 av
1397 2007 52 29 att
1464 2007 113 36 skogs-

66 2044 131 32 vården
231 2045 238 38 understödjes
504 2048 62 31 och
600 2048 96 37 höjes
730 2051 45 34 på
810 2050 40 31 de
884 2052 96 31 cirka
1016 2053 40 30 10
1080 2054 164 36 miljoner
1278 2056 64 31 har
1365 2057 210 38 skogsmark,

63 2107 77 21 som
174 2098 144 31 tillhöra
353 2099 136 32 mindre
522 2100 237 38 jordbrukare,
793 2103 94 31 torde
910 2104 64 31 här
997 2105 169 37 knappast
1189 2107 131 32 behöva
1343 2112 159 30 närmare
1525 2114 51 28 ut-

65 2150 148 31 vecklas.
261 2151 137 32 Statens
431 2152 211 32 medverkan
673 2155 56 30 till
763 2156 161 35 åtgärder
945 2158 43 35 på
1011 2157 92 31 detta
1126 2160 138 31 område
1287 2163 38 28 är
1348 2162 99 30 också
1471 2163 104 31 redan

65 2202 130 36 ganska
229 2203 222 37 omfattande,
487 2214 78 21 men
599 2207 51 29 att
682 2207 135 36 mycket
849 2208 214 32 härutinnan
1095 2211 145 31 återstår
1271 2214 50 29 att
1350 2214 106 31 vinna
1480 2215 95 31 torde

65 2263 85 21 vara
184 2255 203 36 uppenbart.
442 2256 142 32 'Tanken
617 2259 51 30 att
702 2259 225 36 komplettera
961 2262 125 30 statens
1121 2264 218 32 verksamhet
1371 2266 52 31 för
1453 2277 40 21 en
1510 2268 64 31 för-

63 2306 140 32 bättrad
239 2308 188 36 skogsvård
462 2310 78 30 med
573 2311 211 36 premiering
818 2323 46 20 av
899 2314 173 31 välskötta
1095 2316 135 31 mindre
1253 2318 190 35 skogsbruk
1466 2322 108 30 måste

63 2358 79 31 från
165 2359 106 36 sagda
295 2361 213 35 synpunkter
528 2372 97 21 anses
641 2363 265 33 beaktansvärd.
941 2366 74 31 Den
1030 2367 170 32 enskildes
1216 2371 289 37 ansträngningar
1521 2373 52 31 för

62 2411 176 31 vårdande
262 2413 63 30 och
349 2413 235 32 förbättrande
607 2425 44 20 av
674 2416 55 30 sin
752 2417 84 36 skog
859 2419 107 29 måste
990 2421 88 28 även
1100 2430 99 21 anses
1211 2432 85 21 vara
1312 2424 43 35 på
1371 2425 48 29 ett
1435 2425 138 31 särskilt

59 2464 72 30 sätt
167 2464 108 31 värda
309 2467 237 34 uppmuntran
580 2467 62 31 och
677 2468 221 32 erkännande
927 2470 78 31 från
1028 2473 128 30 statens
1179 2473 85 37 sida,
1289 2477 81 29 enär
1393 2476 178 32 frukterna

61 2524 111 33 Bihang
193 2527 41 25 till
254 2527 168 32 riksdagens
443 2530 145 30 protokoll
610 2531 76 25 1929.
726 2533 31 23 10
777 2534 81 23 saml.
900 2534 32 24 12
952 2535 69 30 häft.
1058 2531 53 29 (Nr
1130 2537 126 30 39—42.)
1524 2540 8 23 1

1629 1957 137 24 Utskottet.
