1868 2842
294 163 18 30 2
720 164 101 28 Andra
844 164 198 36 lagutskottets
1064 164 149 28 utlåtande
1235 164 48 28 Nr
1307 165 47 28 17.

295 241 170 37 delägares
493 240 135 39 förfång
658 239 32 40 (7
720 238 45 41 $).
803 242 18 30 I
848 242 17 31 9
895 240 19 38 $
941 240 190 39 uppräknas
1159 241 146 38 exempel
1331 241 43 38 på
1402 241 150 38 servitut,
1580 252 67 20 som
1676 240 113 32 kunna

293 290 107 33 bildas
437 290 56 33 vid
529 291 77 37 laga
642 291 111 32 skifte.
790 290 245 33 Fiskeservitut
1059 291 209 33 omförmäles
1294 291 81 33 icke.
1413 291 118 31 Ehuru
1557 292 61 31 den
1644 292 143 38 uppräk-

294 340 88 39 ning,
411 352 67 21 som
507 347 92 32 göres
626 343 13 30 i
665 341 210 39 paragrafen,
904 342 71 32 icke
1002 353 93 21 avser
1123 344 50 30 att
1199 354 81 20 vara
1305 342 236 38 uttömmande,
1568 342 109 33 tolkas
1705 342 82 32 dock

293 391 200 38 paragrafen
512 393 44 38 så,
573 394 51 30 att
642 392 63 32 den
723 404 91 20 anses
832 392 73 32 icke
924 392 162 40 medgiva,
1104 396 50 29 att
1172 392 56 33 vid
1247 393 76 38 laga
1340 392 104 32 skifte
1462 394 19 30 å
1498 393 206 32 vattentäckt
1722 405 64 20 om-

292 441 78 32 råde
392 441 230 33 fiskeservitut
642 442 118 33 bildas.
793 443 19 32 I
833 443 92 38 syfte
946 446 49 29 att
1017 443 184 39 förhindra,
1224 445 48 31 att
1294 443 230 32 fiskeservitut
1544 444 42 37 på
1608 454 39 21 en
1669 449 119 32 omväg

292 491 107 33 skalle
422 492 112 33 kunna
556 493 255 39 åstadkommas,
835 494 12 31 i
870 494 56 32 det
949 496 49 30 att
1020 493 56 33 vid
1099 494 264 32 vattenområdes
1388 494 170 32 skiftande
1581 494 102 32 fisket
1705 495 81 37 jäm-

291 542 65 33 likt
381 544 40 31 10
446 543 75 38 kap.
548 546 16 30 7
590 542 18 39 $
633 544 205 37 undantoges
863 545 107 31 såsom
996 544 52 32 för
1071 545 179 37 delägarna
1274 548 204 35 gemensamt
1502 546 58 31 och
1584 545 203 33 omedelbart

292 592 146 32 därefter
463 593 102 32 skifte
589 593 160 39 begärdes
775 595 20 32 å
820 595 55 32 det
900 595 142 32 sålunda
1065 595 217 38 undantagna
1307 595 113 39 fisket,
1446 596 61 31 har
1532 598 47 30 ett
1603 596 183 37 stadgande

290 642 140 39 intagits
454 644 12 31 i
491 645 39 32 20
552 644 76 39 kap.
655 645 18 32 8
699 643 29 40 $,
752 645 230 33 innefattande
1006 645 121 33 förbud
1152 649 67 29 mot
1244 646 135 38 delning
1402 657 41 21 av
1468 646 95 39 fiske,
1588 658 69 20 som
1681 647 105 38 enligt

293 694 39 31 10
347 694 79 38 kap.
446 696 16 30 7
481 693 18 38 $
516 695 216 37 undantagits
749 696 105 31 såsom
872 696 54 32 för
943 696 179 37 delägarna
1136 699 213 36 gemensamt.
1378 697 43 38 Ej
1439 697 103 32 heller
1557 697 57 33 vid
1631 698 154 38 avstyck-

291 743 79 39 ning
393 745 54 31 må
470 743 230 35 fiskeservitut
722 745 107 33 bildas
856 744 56 40 (19
936 747 75 38 kap.
1037 748 38 30 12
1101 746 18 38 $
1143 748 105 37 tredje
1271 744 158 42 stycket).
1466 748 71 31 Har
1559 749 147 32 däremot
1729 748 55 33 vid

291 793 102 33 skifte
420 807 41 20 av
487 796 205 32 vattentäckt
718 797 132 32 område
875 797 104 33 fisket
1005 798 71 32 däri
1101 799 75 32 med
1202 799 73 32 stöd
1302 810 40 20 av
1368 799 93 32 äldre
1486 799 244 33 bestämmelser
1755 800 29 38 ej

289 844 140 38 intagits
449 846 12 30 i
482 845 184 40 delningen,
688 847 79 32 eller
786 849 99 36 utgör
904 847 89 33 fiske
1013 848 143 33 särskild
1177 849 171 39 fastighet,
1370 849 55 32 får
1446 850 134 38 delning
1600 851 103 32 därav
1723 855 61 33 äga

289 906 82 28 rum,
393 895 142 33 såframt
554 897 55 32 det
628 897 68 32 kan
716 897 56 32 ske
792 900 81 30 utan
893 899 109 37 någon
1022 899 171 37 delägares
1213 899 138 39 förfång
1374 898 56 40 (20
1450 900 75 39 kap.
1547 901 18 31 8
1588 898 45 40 8).

343 987 67 34 Det
427 994 36 27 är
480 991 67 30 mot
562 989 251 34 bestämmelsen
829 990 13 32 i
860 992 17 31 1
895 991 77 39 kap.
991 993 18 31 6
1028 990 17 39 $
1062 992 337 40 jorddelningslagen,
1418 996 50 30 att
1485 994 157 38 samtliga
1657 997 126 30 vatten-

287 1038 112 32 täckta
417 1039 164 39 områden,
599 1052 69 20 som
686 1041 57 33 vid
760 1041 103 32 skifte
880 1043 20 31 å
917 1043 56 32 det
989 1042 188 40 skifteslag,
1195 1044 72 32 däri
1285 1045 39 32 de
1340 1044 89 39 ingå,
1448 1045 140 32 lämnats
1606 1045 177 38 oskiftade,

288 1088 79 32 eller
388 1100 70 21 som
481 1091 72 32 med
574 1089 215 41 tillämpning
811 1104 41 20 av
874 1092 92 33 äldre
988 1093 56 38 lag
1065 1093 139 33 skiftats
1226 1095 116 32 endast
1363 1095 13 31 i
1398 1096 159 32 avseende
1578 1096 19 31 å
1619 1097 164 32 områdets

286 1139 178 38 nyttjande
483 1140 54 32 till
557 1140 98 39 fiske,
678 1142 105 32 såsom
804 1143 207 38 huvudregel
1031 1143 222 36 tillsammans
1273 1145 95 33 skola
1387 1147 121 36 utgöra
1527 1148 47 30 ett
1594 1146 188 39 skifteslag,

285 1199 67 21 som
377 1190 203 33 motionären
603 1191 123 33 främst
747 1192 106 32 riktar
875 1193 116 33 kritik.

339 1239 57 32 Nu
414 1240 257 38 ifrågavarande
688 1243 183 38 stadgande
888 1244 121 33 saknar
1027 1245 239 39 motsvarighet
1281 1246 12 32 i
1310 1247 92 32 förut
1419 1248 154 37 gällande
1590 1248 191 39 skifteslag-

286 1289 169 39 stiftning.
491 1291 53 32 En
566 1291 228 34 bestämmelse
819 1305 41 21 av
885 1295 120 32 sådant
1027 1295 147 33 innehåll
1198 1298 143 37 upptogs
1367 1298 87 32 först
1476 1298 13 31 i
1512 1298 269 39 skifteslagstift-

283 1338 309 38 ningskommitténs
611 1341 209 34 betänkande
839 1356 41 20 av
902 1345 82 31 1911
1008 1342 54 41 (16
1082 1342 47 41 $).
1159 1345 121 39 Någon
1299 1348 199 39 motivering
1516 1349 53 32 för
1587 1352 50 30 att
1655 1352 122 30 vatten-

284 1390 112 32 täckta
415 1392 163 39 områden,
598 1404 69 21 som
687 1398 56 28 äro
761 1394 190 39 samfällda,
971 1396 115 32 endast
1103 1396 222 34 tillsammans
1344 1398 110 33 skulle
1471 1399 92 33 bilda
1581 1402 49 31 ett
1647 1400 133 33 skiftes-

284 1440 64 39 lag,
374 1442 107 32 under
507 1442 53 32 det
585 1444 51 31 att
660 1444 105 32 andra
789 1444 52 33 för
866 1445 160 33 samfälld
1051 1446 145 40 räkning
1221 1451 131 30 avsatta
1376 1450 157 32 områden
1555 1471 45 4 —
1623 1452 156 38 upplags-

282 1490 134 41 platser,
440 1494 133 37 myrtag
594 1496 59 30 etc.
675 1514 46 4 —
740 1506 58 21 var
820 1495 53 32 för
895 1496 53 38 sig
969 1496 106 32 skulle
1096 1500 122 35 utgöra
1238 1501 47 30 ett
1307 1499 188 41 skifteslag,
1517 1501 169 33 lämnades
1708 1503 72 31 icke

280 1540 12 31 i
317 1540 232 35 betänkandet.
586 1543 19 32 I
630 1543 629 41 skifteslagstiftningskommissionens
1284 1550 209 34 betänkande
1518 1564 40 20 av
1586 1553 83 32 1918
1695 1554 82 31 åter-

282 1589 98 35 fanns
400 1592 10 31 i
434 1594 15 30 1
470 1593 75 38 kap.
568 1596 15 29 7
605 1593 18 38 $
644 1596 47 30 ett
711 1595 12 31 i
741 1595 59 32 sak
820 1599 342 33 överensstämmande
1180 1600 193 37 stadgande.
1405 1602 373 39 Jordstyckningskom-

281 1640 193 35 missionens
498 1643 126 39 förslag
647 1656 43 20 av
716 1646 82 31 1920
821 1647 137 37 återgav
981 1649 201 37 paragrafen
1206 1651 104 37 enligt
1335 1652 85 32 1918
1444 1653 53 32 års
1520 1653 136 39 förslag.
1691 1654 86 38 Lag-

281 1691 93 32 rådet
403 1693 135 38 yttrade
569 1695 82 32 1926
682 1695 212 34 beträffande
924 1710 45 20 nu
998 1698 259 39 ifrågavarande
1285 1703 184 37 stadgande
1497 1703 83 34 intet
1608 1706 170 37 angående

279 1742 152 36 grunden
456 1744 53 31 till
535 1747 49 30 att
608 1744 214 35 beträffande
846 1747 105 33 skifte
976 1760 41 21 av
1043 1750 181 34 samfällda
1248 1754 269 33 vattenområden
1543 1756 104 32 andra
1671 1757 107 37 regler

280 1791 107 33 skulle
408 1793 92 37 gälla
521 1799 41 27 än
583 1795 12 31 i
617 1795 99 38 fråga
739 1809 50 20 om
810 1798 105 32 andra
938 1799 52 32 för
1012 1800 152 33 samfällt
1184 1802 106 32 behov
1311 1806 133 30 avsatta
1465 1806 164 33 områden.
1663 1807 19 32 I
1703 1819 72 27 pro-

279 1842 185 36 positionen
486 1845 53 31 till
562 1845 83 33 1926
669 1847 53 32 års
745 1847 137 40 riksdag
904 1851 73 32 med
1000 1850 128 40 förslag
1148 1851 55 33 till
1224 1853 287 41 jorddelningslag
1535 1854 53 40 (nr
1610 1854 56 42 38)
1691 1861 85 30 samt

279 1891 11 31 i
311 1892 321 36 utskottsutlåtande
657 1894 121 40 (första
798 1899 168 34 särskilda
986 1901 179 34 utskottets
1187 1904 172 33 utlåtande
1381 1917 40 20 nr
1444 1903 32 41 1)
1501 1907 12 31 i
1533 1908 181 39 anledning
1735 1921 41 20 av

278 1943 245 37 propositionen
548 1946 170 33 lämnades
744 1948 72 32 icke
840 1950 105 37 några
971 1952 244 39 upplysningar
1241 1955 169 37 angående
1436 1959 142 31 nämnda
1604 1961 169 36 spörsmål.

333 2028 18 31 I
373 2028 165 34 motionen
560 2030 62 32 har
643 2032 13 32 i
679 2031 105 34 första
807 2034 89 33 hand
920 2035 126 33 berörts
1069 2037 122 38 frågan
1215 2051 50 20 om
1289 2041 39 32 de
1351 2040 12 32 i
1388 2043 16 30 1
1429 2041 75 40 kap.
1530 2044 17 31 6
1572 2042 18 39 $
1613 2045 161 38 stadgade

277 2076 303 37 bestämmelsernas
601 2081 171 39 betydelse
791 2083 214 36 beträffande
1026 2088 211 33 överlåtelser
1256 2102 41 20 av
1317 2092 137 32 andelar
1474 2093 11 31 i
1504 2094 181 34 samfällda
1704 2099 69 29 vat-

275 2127 130 35 tenfall.
442 2129 213 35 Härutinnan
679 2133 61 32 har
763 2134 128 35 anförts
915 2136 102 34 bland
1041 2141 113 30 annat:

278 2218 6 5 |
330 2174 204 39 Överlåtelse
556 2193 41 20 av
621 2183 116 33 enbart
760 2195 38 21 en
822 2185 180 40 fastighets
1025 2189 97 32 andel
1145 2190 12 31 i
1180 2190 84 33 visst
1286 2193 153 34 samfällt
1461 2196 178 34 vattenfall
1662 2197 111 34 kunde

275 2219 71 32 icke
371 2220 68 40 ske,
465 2225 80 30 utan
570 2225 215 33 överlåtelsen
809 2228 104 33 måste
938 2231 174 38 samtidigt
1138 2233 142 32 omfatta
1304 2234 219 40 fastighetens
1548 2239 97 32 andel
1669 2240 12 31 i
1706 2241 67 32 alla

275 2262 104 32 andra
396 2264 178 34 samfällda
592 2269 282 38 vattenområden,
894 2272 98 38 sjöar,
1012 2273 57 32 åar
1086 2286 28 20 o.
1135 2286 24 21 s.
1179 2287 30 21 v.
1240 2275 117 34 Denna
1375 2278 203 35 konsekvens
1597 2293 42 20 av
1657 2283 113 37 lagens

274 2302 245 51 bestämmelser
544 2319 76 21 vore
646 2310 55 32 till
728 2311 109 32 direkt
862 2313 115 33 skada.
1015 2315 157 39 Köparen
1199 2330 41 20 av
1266 2320 334 35 vattenfallsandelen
1627 2325 144 32 önskade

274 2346 182 48 vanligtvis
475 2349 71 32 icke
564 2349 157 35 förvärva
740 2354 102 32 andra
860 2357 271 34 vattenområden
1150 2364 42 27 än
1211 2361 222 41 vattenfallet,
1453 2364 59 32 och
1530 2365 143 38 säljaren
1691 2367 80 32 ville

274 2385 142 55 givetvis
441 2385 133 55 behålla
598 2393 12 31 i
637 2394 52 32 sin
714 2400 61 33 ägo
800 2395 51 33 sin
878 2399 98 32 andel
1001 2399 12 31 i
1038 2400 208 34 återstående
1270 2406 279 33 vattenområden.
1587 2408 65 33 Det
1676 2410 94 32 torde

274 2426 182 57 emellertid
475 2437 80 28 även
572 2446 82 21 vara
669 2436 100 40 klart,
787 2439 50 31 att
854 2439 144 39 säljaren
1015 2443 104 32 under
1137 2443 119 39 dylika
1273 2445 280 41 förutsättningar
1569 2451 73 32 icke
1658 2451 111 34 kunde

272 2472 150 35 påräkna
441 2475 106 38 någon
566 2478 145 33 särskild
730 2481 186 39 ersättning
935 2483 53 32 för
1007 2484 39 32 de
1063 2487 281 39 vattenområden,
1365 2501 68 20 som
1453 2490 95 38 lagen
1566 2494 203 38 påtvingade
