1872 2838
271 162 19 30 6
702 167 100 28 Andra
826 168 196 35 lagutskottets
1044 170 153 28 utlåtande
1218 171 49 27 Nr
1290 172 49 29 17.

326 240 77 34 Med
426 241 180 40 anledning
627 255 41 20 av
690 244 64 32 vad
775 244 164 33 utskottet
961 245 141 33 sålunda
1125 246 111 32 anfört
1258 247 55 32 får
1333 248 163 33 utskottet
1517 250 186 40 hemställa,

578 320 51 29 att
656 318 187 40 riksdagen,
871 320 13 31 i
910 320 181 40 anledning
1118 334 41 20 av
1185 322 257 38 ifrågavarande
1468 326 134 38 motion,
1630 328 103 32 måtte
1757 328 13 31 i

535 367 160 34 skrivelse
718 369 53 32 till
797 369 127 39 Kungl.
950 371 100 38 Maj:t
1075 373 145 38 anhålla,
1245 375 50 31 att
1318 374 129 38 Kungl.
1472 375 102 39 Maj:t
1597 377 80 32 ville
1701 378 69 32 låta

535 419 182 33 verkställa
736 421 181 38 utredning
937 434 51 20 om
1009 423 239 38 lämpligheten
1269 436 41 20 av
1330 425 104 33 sådan
1454 427 143 38 ändring
1616 427 12 31 i
1650 429 18 31 6
1689 428 18 38 8
1728 441 40 20 av

537 471 15 29 1
575 469 143 38 kapitlet
737 470 11 31 i
768 471 99 37 lagen
888 472 62 32 den
973 473 39 31 18
1032 474 75 37 juni
1129 474 83 32 1926
1233 487 51 20 om
1306 475 136 39 delning
1462 488 42 20 av
1522 478 74 37 jord
1618 479 19 31 å
1656 479 113 33 landet

534 522 51 29 att
610 521 227 32 vattentäckta
861 523 165 39 områden,
1053 535 69 21 som
1147 524 57 33 vid
1230 525 102 32 skifte
1357 527 20 31 å
1402 527 55 32 det
1481 528 189 40 skifteslag,
1696 530 72 32 däri

534 570 40 32 de
612 570 90 39 ingå,
741 572 142 33 lämnats
911 573 177 39 oskiftade,
1117 575 80 32 eller
1225 587 67 21 som
1320 577 74 32 med
1423 579 73 31 stöd
1524 590 42 20 av
1594 580 92 32 äldre
1712 581 56 37 lag

533 619 139 34 skiftats
707 622 116 32 endast
858 623 12 31 i
906 625 159 31 avseende
1089 626 20 31 å
1134 626 192 32 områdenas
1351 629 215 38 utnyttjande
1591 630 54 32 till
1670 630 96 39 fiske,

534 671 94 32 skola
645 675 74 29 vart
735 673 52 31 för
804 673 53 38 sig
873 675 60 31 och
949 674 71 32 icke
1038 675 141 34 allenast
1196 676 220 34 tillsammans
1433 681 119 36 utgöra
1569 682 48 30 ett
1634 681 132 33 skiftes-

533 722 56 38 lag
607 725 87 30 samt
711 723 52 32 för
781 723 179 39 riksdagen
977 725 190 39 framlägga
1186 728 55 32 det
1258 728 138 40 förslag,
1414 731 115 31 vartill
1546 732 221 39 utredningen

531 771 67 33 kan
618 773 80 37 giva
717 774 190 39 anledning.

323 829 191 33 Stockholm
535 831 63 32 den
620 833 41 30 20
681 844 86 22 mars
790 834 93 32 1934.

719 908 47 32 På
788 910 105 32 andra
913 910 237 38 lagutskottets
1172 917 137 34 vägnar:

826 984 44 32 K.
893 985 40 32 G.
955 986 249 34 WESTMAN.

314 1190 64 29 Vid
401 1192 142 29 ärendets
566 1193 191 36 behandling
777 1195 80 29 hava
880 1198 155 28 närvarit:

315 1241 76 30 från
413 1242 148 31 första
582 1244 193 30 kammaren:
798 1245 112 31 herrar
931 1248 41 28 K.
994 1249 35 28 G.
1055 1249 167 34 Westman,
1243 1244 36 36 P.
1300 1251 196 35 Sandström,
1519 1253 151 35 Norman,
1693 1255 73 34 Olof

267 1283 158 34 Carlsson,
445 1286 82 28 Karl
546 1285 105 30 Bodin
674 1288 56 28 och
751 1288 86 29 John
858 1289 133 34 Björck;

313 1333 76 30 från
424 1336 136 28 andra
595 1336 191 31 kammaren:
824 1338 112 30 herrar
959 1340 196 34 Magnusson
1179 1343 11 27 i
1215 1342 130 36 Skövde,
1371 1345 192 35 Magnusson
1587 1348 11 28 i
1623 1348 140 35 Kalmar,

264 1375 166 31 Johanson
453 1379 11 27 i
488 1378 225 36 Hallagården,
741 1380 177 34 Wallerius,
946 1382 134 30 Olovson
1105 1385 12 27 i
1143 1384 157 35 Västerås,
1325 1388 182 29 Pettersson
1533 1390 11 27 i
1569 1389 194 30 Hällbacken

264 1418 56 28 och
342 1418 171 36 Sandberg.

674 2480 156 25 Stockholm
848 2463 82 52 1934.
959 2483 34 25 K.
1013 2484 29 24 L.
1063 2485 156 25 Beckmans
1238 2485 97 25 Boktr.
