2186 2650
404 205 20 29 4
855 206 348 34 Jordbruksutskottets
1226 210 165 32 utlåtande
1415 210 53 32 Nr
1492 213 51 30 64.

403 284 133 45 landet,
581 287 51 34 alt
674 286 9 35 i
727 286 218 36 densamma
987 288 79 35 icke
1095 289 144 46 intagits
1270 290 287 47 bestämmelser,
1589 303 81 25 som
1700 294 213 45 möjliggöra
1941 296 56 35 för

403 338 71 35 den
504 338 415 48 väghållningsskyldige
948 343 52 34 att
1029 342 49 35 till
1108 343 192 36 underhåll
1329 355 46 24 av
1404 344 141 37 sådana
1574 347 165 35 enskilda
1769 350 121 43 vägar,
1914 349 81 35 med

402 392 184 36 avseende
615 393 22 35 å
666 393 99 36 vilka
794 394 121 35 denna
944 395 57 45 lag
1030 398 40 33 är
1099 396 197 46 tillämplig,
1326 398 10 35 i
1366 398 60 35 fall
1455 410 46 24 av
1531 400 122 35 behov
1682 403 98 34 emot
1809 402 114 45 skälig
1945 414 50 24 er-

402 446 158 44 sättning
588 448 83 43 taga
701 447 373 45 väglagningsämnen
1104 449 21 35 å
1154 461 146 25 annans
1329 453 116 34 mark.
1503 454 134 34 Denna
1666 454 89 35 brist
1783 466 110 34 synes
1922 459 73 32 sär-

401 498 83 35 skilt
519 500 357 45 anmärkningsvärd
905 501 11 35 i
945 501 240 37 betraktande
1214 514 46 25 av
1290 503 60 36 det
1378 505 123 35 kända
1530 506 70 35 och
1626 507 139 44 jämväl
1794 518 46 25 av
1869 509 126 35 motio-

401 554 115 33 nären
558 552 191 46 påpekade
792 554 239 46 förhållande,
1072 558 51 33 att
1151 556 143 37 sådana
1323 558 279 37 bestämmelser
1629 560 122 36 finnas
1780 561 215 38 meddelade

401 606 83 36 med
518 608 184 36 avseende
732 607 21 36 å
782 608 189 36 allmänna
1000 612 130 43 vägars
1159 611 203 37 underhåll.
1422 613 164 36 Sålunda
1614 615 147 45 stadgar
1789 615 105 45 lagen
1924 617 70 35 den

401 660 48 35 23
494 661 154 35 oktober
693 662 98 35 1891
837 663 190 44 angående
1072 664 447 46 väghållningsbesvärets
1561 669 202 44 utgörande
1797 670 47 43 på
1872 670 123 36 landet

400 714 21 44 $$
453 713 60 43 33,
554 724 111 26 mom.
699 715 34 43 3,
769 717 61 42 att,
876 716 47 34 då
952 716 124 45 någon
1120 718 60 34 vill
1218 718 22 35 å
1268 729 125 25 annan
1423 720 156 45 tillhörig
1609 722 139 35 enskild
1778 724 105 33 mark
1912 725 83 43 taga

400 766 104 45 sand,
535 777 86 35 grus
650 768 87 35 eller
766 770 80 33 sten
875 769 50 34 till
955 772 87 42 vägs
1072 770 193 36 underhåll
1294 772 70 35 och
1395 775 362 35 överenskommelse
1786 776 85 35 med
1896 776 97 44 jord-

399 822 134 43 ägaren
578 821 79 36 icke
700 822 74 34 kan
816 822 137 44 träffas,
993 823 257 36 häradsrätten
1280 827 96 43 äger,
1408 826 46 35 då
1483 827 396 47 väghållningsskyldig
1908 830 86 35 eller

400 874 247 45 vägstyrelsen
690 875 128 36 därom
862 876 215 36 instämmer
1119 877 110 46 talan,
1261 878 217 46 bestämma,
1511 883 121 34 varest
1661 882 163 36 nämnda
1852 883 141 46 väglag-

399 927 244 45 ningsämnen
677 929 183 45 tjänligast
889 930 70 35 och
988 931 50 34 till
1067 931 135 35 minsta
1231 932 116 36 skada
1376 933 55 35 för
1455 934 223 45 jordägaren
1708 936 62 34 må
1798 936 196 36 avhämtas

398 983 95 32 samt
534 981 50 35 till
626 982 113 35 vilket
777 983 132 44 belopp
939 984 202 45 ersättning
1169 984 123 36 därför
1321 986 91 35 skall
1442 987 154 45 utgivas.
1655 989 189 36 Likaledes
1873 989 119 36 finnes

398 1034 167 45 rättighet
593 1035 193 45 medgiven
816 1038 51 33 att
896 1036 22 35 å
946 1037 199 45 kronojord
1175 1038 56 35 för
1259 1038 136 36 allmän
1424 1042 89 43 vägs
1542 1041 192 36 underhåll
1758 1044 89 34 utan
1868 1046 124 32 ersält-

397 1087 312 47 ningsskyldighet
737 1091 83 44 taga
849 1090 384 46 väglagningsämnen,
1265 1093 183 45 nämligen
1478 1093 88 46 dels,
1595 1095 10 35 i
1625 1095 101 46 fråga
1748 1107 59 25 om
1829 1097 163 35 kronans

397 1141 278 46 allmänningar,
706 1143 49 35 uti
789 1144 17 35 1
839 1146 202 34 momentet
1069 1156 46 24 av
1145 1145 155 36 berörda
1329 1149 180 43 paragraf,
1541 1149 70 35 och
1641 1149 89 45 dels,
1761 1150 10 35 i
1801 1150 100 45 fråga
1931 1162 59 24 om

397 1195 162 36 kronans
589 1196 391 45 jordbruksdomäner,
1020 1199 51 34 uti
1106 1199 21 34 2
1158 1202 201 33 momentet
1387 1212 46 24 av
1462 1212 143 25 samma
1634 1204 180 44 paragraf,
1840 1204 151 45 jämfört

396 1248 82 35 med
509 1249 121 45 kungl.
662 1251 247 44 kungörelsen
938 1251 71 35 den
1040 1252 21 34 2
1087 1252 82 45 juni
1202 1253 99 35 1905
1331 1254 190 45 angående
1541 1256 169 44 rättighet
1729 1251 49 40 till
1799 1257 190 45 hämtning

393 1313 47 23 av
470 1302 378 46 väglagningsämnen
877 1304 79 36 från
986 1306 165 35 kronans
1168 1306 392 47 jordbruksdomäner,
1583 1310 117 35 under
1721 1310 266 46 förutsättning,

395 1356 9 33 i
450 1355 98 36 förra
590 1356 108 45 fallet,
744 1359 50 33 att
826 1358 240 46 avhämtning
1095 1360 84 34 sker
1208 1360 90 35 efter
1327 1361 278 37 vederbörande
1635 1364 354 44 skogstjänstemans

394 1409 203 45 anvisning,
629 1410 82 44 och,
742 1411 10 34 i
781 1410 60 36 det
870 1422 141 33 senare,
1042 1414 51 32 alt
1121 1412 317 46 domänstyrelsen
1468 1418 134 41 prövar
1631 1416 115 35 sådan
1778 1418 126 34 kunna
1924 1419 64 34 ske

393 1464 89 32 utan
512 1462 194 45 olägenhet
735 1463 55 35 för
819 1464 239 45 egendomen.

499 1515 14 35 I
555 1516 184 36 avseende
782 1517 22 35 å
846 1517 159 36 behovet
1042 1519 55 35 för
1127 1519 396 47 väghållningsskyldig
1556 1524 61 42 att,
1653 1522 46 36 då
1732 1523 76 35 han
1842 1522 22 36 å
1897 1534 90 35 egen

393 1570 105 34 mark
538 1570 135 35 saknar
702 1571 87 35 eller
817 1571 80 36 från
927 1571 218 37 densamma
1173 1573 131 36 endast
1332 1574 82 36 med
1445 1575 184 46 svårighet
1657 1576 86 36 eller
1772 1577 216 36 överdriven

393 1623 156 35 kostnad
575 1624 74 35 kan
675 1625 50 35 till
749 1625 142 44 platsen
917 1626 55 35 för
996 1626 107 36 deras
1128 1627 246 36 användande
1400 1629 207 36 framforsla
1632 1630 193 46 behövliga
1847 1631 141 46 väglag-

394 1677 254 45 ningsämnen,
691 1678 36 35 få
760 1681 83 42 taga
872 1679 141 35 sådana
1040 1680 79 35 från
1149 1692 145 24 annans
1323 1683 115 43 mark,
1471 1683 116 35 måste
1618 1684 279 36 förhållandena
1927 1696 60 24 an-

393 1740 59 24 ses
479 1730 10 34 i
510 1732 90 33 stort
620 1733 69 33 sett
709 1731 215 45 fullkomligt
944 1732 176 36 likartade
1141 1733 10 35 i
1172 1734 100 44 fråga
1292 1745 61 24 om
1374 1735 188 36 allmänna
1583 1737 71 35 och
1675 1737 168 35 enskilda
1864 1741 120 42 vägar.

393 1783 232 36 Beträffande
669 1784 43 35 de
756 1785 234 46 svårigheter,
1036 1797 80 25 som
1161 1787 117 36 under
1320 1788 156 36 berörda
1520 1790 313 46 omständigheter
1862 1792 127 35 kunna

394 1837 132 44 uppstå
560 1838 55 35 för
644 1837 83 46 den,
759 1839 121 35 vilken
910 1839 61 36 det
999 1840 133 46 åligger
1161 1843 50 33 att
1240 1853 160 24 ansvara
1429 1843 55 35 för
1513 1843 230 37 underhållet
1772 1856 45 24 av
1847 1846 141 35 enskild

393 1893 79 43 väg,
503 1902 109 24 anser
642 1893 174 35 utskoltet
845 1893 52 45 sig
917 1894 127 34 kunna
1064 1894 51 35 till
1136 1895 87 35 fullo
1249 1895 198 36 instämma
1467 1897 9 34 i
1497 1897 71 35 vad
1598 1898 231 36 motionären
1859 1899 10 34 i
1890 1899 98 35 detta

393 1944 184 38 avseende
607 1945 121 35 anfört
757 1946 124 35 såsom
912 1947 162 35 varande
1103 1948 80 35 icke
1213 1948 89 36 blott
1330 1949 110 45 enligt
1468 1951 135 35 sakens
1631 1953 108 33 natur
1759 1952 119 45 riktigt
1897 1954 87 34 utan

388 1998 139 43 Jämväl
556 2009 47 24 av
632 1999 253 35 erfarenheten
917 2000 190 36 bekräftat.
1167 2001 78 36 Och
1275 2001 22 36 å
1325 2003 116 35 andra
1471 2004 105 35 sidan
1605 2004 104 36 torde
1739 2005 59 36 det
1818 2005 167 45 intresse,

393 2054 134 42 ägaren
557 2062 46 25 av
632 2064 46 24 en
707 2053 9 35 i
747 2053 179 36 närheten
956 2065 46 24 av
1031 2055 141 35 enskild
1201 2058 69 43 väg
1299 2056 167 46 liggande
1496 2058 119 44 sand-,
1647 2069 99 34 grus-
1776 2059 86 35 eller
1892 2062 94 33 sten-

393 2106 75 34 täkt
496 2106 67 35 har
592 2117 46 24 av
667 2109 51 33 alt
746 2118 128 24 ensam
905 2108 199 45 disponera
1133 2109 166 46 däröver,
1330 2111 10 34 i
1370 2110 44 36 de
1444 2111 89 36 allra
1562 2112 105 35 flesta
1695 2112 61 36 fall
1785 2113 79 36 icke
1894 2113 56 35 stå
1977 2114 9 34 i

394 2159 128 45 rimligt
550 2159 228 37 förhållande
807 2161 47 34 till
886 2161 44 36 de
961 2173 51 24 nu
1041 2162 162 45 antydda
1233 2163 287 46 olägenheterna
1549 2166 55 35 för
1629 2166 70 35 den
1721 2166 265 46 väghållnings-

392 2212 172 44 skyldige.

497 2265 55 36 Då
594 2266 157 36 sålunda
793 2267 159 36 behovet
995 2268 71 35 och
1107 2269 170 36 intresset
1305 2281 46 24 av
1380 2282 45 24 en
1455 2271 155 46 lagligen
1640 2273 163 44 reglerad
1833 2275 69 33 rätt
1931 2274 55 35 för
