2218 2620
724 208 243 40 Lagutskottets
995 207 172 31 utlåtande
1195 206 52 31 Nr
1275 208 52 29 17.
1779 203 47 31 35

732 287 126 37 Sedan
898 286 252 49 utlänningen
1190 285 206 48 undergått
1437 285 119 46 straff,
1598 283 118 37 varde
1752 283 75 36 han

628 339 236 37 omedelbart
891 338 85 37 förd
1004 352 45 22 ur
1076 338 115 44 riket;
1236 337 70 36 och
1343 336 161 37 förfares
1542 335 133 37 därvid
1708 334 120 50 enligt

629 392 46 36 de
703 393 11 34 i
747 394 45 34 12
822 391 21 49 &
872 390 166 48 angivna
1066 390 178 49 grunder.

731 444 126 44 Böter,
888 456 80 23 som
998 441 122 49 enligt
1149 441 126 36 denna
1294 440 184 49 paragraf
1494 439 165 46 ådömes,
1680 437 148 38 tillfalla

628 495 157 36 kronan.
843 493 148 38 BSaknas
1015 493 167 49 tillgång
1209 492 59 36 till
1295 492 179 36 böternas
1504 490 92 37 fulla
1625 490 203 49 gäldande,

629 546 107 37 skola
765 547 45 35 de
839 545 219 37 förvandlas
1087 544 120 49 enligt
1234 544 140 36 allmän
1404 542 212 50 strafflag.»

331 641 275 36 Bestämmelsen
634 641 185 48 angående
847 641 121 47 lagens
998 639 177 35 trädande
1203 640 12 32 1
1242 637 115 47 kraft:

330 722 48 23 av
418 709 132 36 herrar
578 709 182 36 Petersson
787 708 12 35 i
827 707 164 48 Lidingö
1019 706 189 47 villastad,
1242 705 172 44 Gezelius,
1443 717 117 36 greve
1589 704 239 48 Lagerbjelke,

225 762 189 36 Johanson
442 760 12 36 i
481 759 176 45 Valared,
686 772 119 36 greve
835 759 122 48 Spens,
987 759 113 42 Dahl,
1130 758 199 36 Pettersson
1356 757 11 35 1
1397 756 133 49 Bjälbo
1559 755 70 36 och
1663 754 126 38 Olsson
1817 754 12 36 i

228 812 183 48 Broberg,
440 811 102 37 vilka
571 817 139 41 ansett,
738 816 56 31 att
823 810 139 49 Kungl.
993 809 127 47 Maj:ts
1148 808 236 50 proposition
1413 808 10 36 i
1453 808 126 36 denna
1599 806 60 37 del
1677 806 87 37 bort
1784 819 46 23 av

227 864 189 37 utskottet
443 863 213 49 tillstyrkas
684 863 12 36 i
726 863 220 36 oförändrat
975 862 117 36 skick.

332 969 52 42 B)
413 968 26 35 I
453 967 116 48 fråga
598 980 55 23 om
681 967 177 36 utskottets
886 966 214 35 hemställan
1128 966 114 34 under
1270 965 77 44 2:0)

333 1020 76 35 dels
450 1031 46 22 av
524 1019 132 35 herrar
685 1019 182 35 Petersson
893 1017 12 35 i
933 1016 164 48 Lidingö
1126 1015 188 41 villastad,
1349 1014 171 45 Gezelius,
1550 1027 118 31 greve
1697 1014 134 47 Lager-

230 1071 120 48 bjelke,
381 1071 189 36 Johanson
605 1070 13 35 i
654 1068 176 47 Valared,
873 1081 119 36 greve
1034 1069 125 47 Spens,
1188 1067 112 46 Dahl,
1334 1067 196 35 Pettersson
1557 1065 12 36 i
1597 1065 132 49 Bjälbo
1759 1065 71 35 och

234 1121 128 38 Olsson
397 1122 12 35 i
442 1121 183 49 Broberg,
654 1121 105 36 vilka
800 1126 137 41 ansett,
966 1125 56 30 att
1065 1119 71 36 den
1166 1118 10 36 i
1206 1123 127 31 ämnet
1361 1118 137 35 väckta
1527 1117 190 36 motionen
1746 1116 84 36 icke

230 1174 87 36 bort
344 1172 196 37 föranleda
567 1172 210 36 utskottets
805 1171 295 49 ifrågavarande
1128 1169 240 45 hemställan;

335 1277 74 36 dels
437 1289 47 23 av
512 1277 89 35 herr
628 1276 290 41 Alexanderson;

335 1381 75 35 dels
447 1381 60 35 ock
536 1392 46 23 av
611 1379 88 36 herr
727 1379 150 36 Persson
904 1378 10 35 i
945 1377 259 49 Norrköping,
1235 1376 83 36 med
1347 1375 127 36 vilken
1504 1375 87 35 herr
1620 1375 212 47 Lindhagen

230 1431 307 47 huvudsakligen
564 1430 172 36 instämt:

335 1483 107 36 »Med
471 1482 232 48 hänvisning
730 1480 58 37 till
816 1494 46 23 av
891 1480 80 49 mig
998 1480 120 36 under
1152 1482 14 33 1
1198 1478 20 49 8
1247 1478 135 36 anförd
1412 1478 239 48 motivering,
1680 1477 58 35 får
1761 1477 70 48 jag

232 1534 213 48 hemställa,

736 1591 52 28 att
815 1583 204 49 riksdagen
1048 1586 59 33 må
1135 1583 11 35 i
1176 1580 184 38 skrivelse
1388 1581 56 35 till
1471 1580 141 49 Kungl.
1643 1580 106 47 Maj:t
1768 1592 64 23 an-

632 1635 110 46 hålla,
764 1641 55 30 att
843 1635 140 49 Kungl.
1006 1635 106 46 Maj:t
1130 1634 88 36 ville
1237 1635 74 34 låta
1331 1632 133 36 utreda
1482 1631 199 46 huruvida,
1698 1634 46 46 på
1758 1631 73 36 vad

634 1692 77 31 sätt
739 1687 71 36 och
838 1687 120 36 under
986 1686 101 36 vilka
1115 1685 124 37 vilkor
1267 1684 202 37 utländska
1498 1684 184 46 arbetare,
1710 1683 122 36 vilkas

634 1739 161 37 härvaro
836 1739 74 36 kan
952 1752 89 23 vara
1078 1737 126 49 ägnad
1234 1742 54 31 att
1315 1737 183 36 försämra
1528 1735 164 36 svenska
1724 1735 108 36 arbe-

634 1797 102 30 tares
764 1791 102 36 löne-
895 1791 71 36 och
994 1788 374 44 levnadsstandards,
1398 1791 116 33 måtte
1543 1788 38 35 få
1608 1788 12 35 i
1647 1787 97 36 riket
1776 1787 57 35 in-

634 1843 150 36 komma
825 1843 70 36 och
937 1843 68 36 här
1046 1842 130 48 vistas,
1218 1846 97 31 samt
1344 1840 167 36 därefter
1539 1840 58 36 för
1625 1838 206 48 riksdagen

636 1895 213 48 framlägga
890 1895 46 36 de
978 1894 156 49 förslag,
1176 1893 126 36 vartill
1339 1892 252 48 utredningen
1621 1894 59 33 må
1707 1891 126 36 föran-

635 1947 116 35 leda.»
