2220 2622
696 188 240 43 Lagutskottets
958 191 168 34 utlåtande
1148 193 53 33 Nr
1223 197 51 30 17.
1753 199 38 31 15

294 285 172 42 (Kungl.
499 287 140 40 Maj:ts
660 288 192 43 förslag.)
1193 294 230 38 (Utskottets
1445 296 194 41 förslag).

952 418 21 34 2
991 415 42 49 8.

292 495 153 38 Finnes.
472 498 203 50 avvisning
716 499 90 37 böra
843 505 73 44 äga
943 515 94 34 rum,
1067 502 96 36 skall
1192 504 57 36 till
1278 506 249 49 utlänningen
1556 509 231 36 överlämnas

189 546 184 50 skriftligt
402 548 139 37 besked
570 551 197 48 angående
795 553 249 48 avvisningen
1073 554 84 36 med
1186 556 130 36 skälen
1345 557 138 46 därför;
1513 560 69 35 och
1610 560 95 36 skall
1725 561 62 36 be-

188 598 131 37 skedet
356 600 145 47 jämväl
530 602 190 35 innehålla
748 603 270 37 underrättelse
1046 619 60 22 om
1135 607 73 35 vad
1236 609 249 49 utlänningen
1514 611 67 35 har
1609 618 53 29 att
1691 613 95 35 iakt-

187 655 103 44 taga,
320 650 66 36 där
414 652 74 36 han
515 653 66 35 vill
610 653 80 36 föra
719 654 140 49 klagan
888 660 87 32 över
1002 662 55 30 att
1086 657 74 36 han
1189 660 176 36 avvisats.

945 797 21 34 3
995 794 31 49 8.

289 874 76 37 Vill
393 875 203 50 utlänning
623 878 115 48 klaga
766 878 165 49 däröver,
961 886 55 30 att
1044 881 75 36 han
1148 884 177 48 avvisats,
1341 890 90 43 äger
1451 886 73 36 han
1544 887 67 36 hos
1632 888 152 36 Konun-

185 938 95 35 gens
322 926 406 50 befallningshavande
770 930 130 36 anföra
941 931 144 49 besvär,
1119 934 114 49 vilka,
1262 936 62 35 vid
1352 938 123 35 talans
1506 938 142 48 förlust,
1679 940 104 36 skola

184 976 151 49 ingivas
363 978 57 35 till
448 979 235 50 Konungens
713 981 404 50 befallningshavande
1145 986 77 36 före
1251 987 158 37 klockan
1438 990 78 35 tolv
1544 994 20 31 å
1584 991 200 36 trettionde

184 1028 124 49 dagen
329 1030 93 35 efter
441 1030 61 36 det
523 1031 139 37 besked
683 1033 196 49 angående
899 1035 249 50 avvisningen
1168 1038 85 36 blev
1272 1039 215 49 klaganden
1507 1042 177 46 tillställt;
1705 1043 78 35 kla-

184 1080 152 47 ganden
364 1081 115 36 likväl
508 1082 177 51 obetaget
715 1091 67 42 att,
811 1088 47 45 på
887 1091 85 43 eget
1001 1092 169 46 äventyr,
1199 1090 12 35 i
1240 1090 116 37 betalt
1385 1092 90 36 brev
1494 1093 84 36 med
1594 1094 189 36 allmänna

183 1137 133 43 posten
357 1133 56 36 till
456 1134 235 50 Konungens
732 1136 404 50 befallningshavande
1176 1141 159 37 insända
1367 1143 180 38 besvären
1589 1148 40 33 så
1657 1146 125 49 tidigt,

183 1189 55 30 att
268 1184 45 36 de
341 1184 102 37 inom
472 1188 165 35 nämnda
665 1188 55 36 tid
749 1189 54 36 dit
832 1189 203 39 inkomma.

941 1313 21 34 4
994 1311 32 49 8.

285 1384 76 44 Åro
391 1391 133 38 besvär
552 1398 87 32 över
667 1395 202 49 avvisning
897 1396 168 48 anförda,
1095 1398 96 37 skall
1221 1400 234 50 Konungens
1484 1402 296 51 befallningsha-

181 1442 121 37 vande
330 1444 165 36 infordra
523 1447 390 50 polismyndighetens
942 1449 206 49 utlåtande,
1178 1454 40 33 så
1248 1453 69 35 ock
1346 1454 157 36 avskrift
1532 1469 46 21 av
1597 1452 182 56 protokoll

180 1494 62 35 vid
280 1495 137 49 förhör,
456 1510 79 23 som
573 1501 60 33 må
671 1499 98 36 hava
797 1500 12 35 i
837 1500 152 36 ärendet
1022 1501 138 49 hållits,
1190 1509 97 31 samt
1316 1518 46 22 av
1390 1505 191 50 beskedet,
1610 1508 66 35 där
1704 1509 76 35 det-

181 1559 146 23 samma
355 1547 81 37 icke
464 1549 84 36 med
577 1550 183 36 besvären
788 1551 166 49 ingivits.

284 1598 126 37 Sedan
450 1600 214 38 infordrade
692 1602 228 50 handlingar
946 1604 211 50 inkommit,
1187 1608 167 36 meddele
1382 1609 235 50 Konungens
1646 1612 133 36 befall-

179 1649 288 49 ningshavande
496 1660 147 30 snarast
672 1655 150 49 möjligt
850 1655 122 37 beslut
1000 1657 12 35 i
1041 1658 164 37 ärendet.

284 1688 98 69 Över
409 1703 236 52 Konungens
673 1706 426 51 befallningshavandes
1128 1710 121 38 beslut
1278 1715 60 34 må
1367 1713 32 49 ej
1430 1714 141 50 klagan
1600 1715 109 37 föras.

541 1845 21 34 5
582 1842 42 50 8.

280 1925 217 50 Avvisning
524 1930 130 47 gånge
682 1929 269 50 iverkställig-

175 1976 67 36 het
270 1983 92 30 utan
391 1978 135 37 hinder
555 1993 46 23 av
622 1981 160 37 anförda
801 1982 145 37 besvär.

280 2029 169 37 Avvisad
469 2043 141 36 person
629 2032 130 48 varde,
781 2036 41 33 så
846 2040 105 31 snart

176 2079 67 36 ske
272 2080 87 48 kan,
387 2094 141 36 genom
557 2083 395 51 polismyndighetens

175 2131 156 50 försorg
384 2134 87 36 förd
526 2148 44 23 ur
611 2135 115 46 riket;
769 2137 71 37 och
882 2137 67 38 bör

174 2183 73 36 den
276 2185 179 37 avvisade
477 2186 195 38 befordras
693 2188 57 37 till
771 2189 64 37 det
851 2189 99 48 land,

173 2235 168 37 varifrån
382 2237 75 37 han
485 2238 57 37 hit
569 2239 220 49 ankommit,
819 2241 68 37 där
916 2243 34 48 ej

173 2288 188 37 särskilda
406 2291 330 50 omständigheter
777 2293 172 38 däremot

1335 1851 20 35 5
1379 1827 38 77 8.

1350 1938 9 9 o
1460 1936 6 6 .

1084 1933 217 49 Avvisning
1315 1948 127 36 gånge
1457 1949 12 22 i
1489 1937 290 50 verkställighet

1005 1989 90 31 utan
1125 1985 134 37 hinder
1287 2000 45 22 av
1360 1988 159 36 anförda
1549 1989 145 36 besvir.

1083 2036 168 38 Avvisad
1280 2051 137 36 person
1446 2040 128 47 varde,
1605 2044 40 33 så
1674 2047 104 31 snart

1007 2087 66 36 ske
1103 2088 85 49 kan,
1217 2102 140 35 genom
1382 2091 394 51 polismyndighetens

1004 2139 154 50 försorg
1209 2142 83 36 förd
1343 2155 43 23 ur
1441 2144 113 45 riket;
1598 2146 69 35 och
1709 2145 68 37 bör

1006 2191 75 36 den
1100 2192 181 38 avvisade
1302 2193 197 39 befordras
1520 2196 57 36 till
1597 2197 62 36 det
1674 2197 101 47 land,

1006 2243 166 37 varifrån
1209 2245 75 37 han
1312 2246 57 36 hit
1397 2248 220 48 ankommit,
1646 2249 66 36 där
1741 2251 33 47 ej

1003 2296 187 37 särskilda
1232 2299 327 49 omständigheter
1608 2301 169 37 däremot
