1900 2752
285 179 42 30 20
547 181 406 37 Bevillningsutskottets
974 181 222 32 betänkande
1217 191 43 22 nr
1280 183 42 30 39
1345 182 39 30 år
1407 183 85 30 1962

287 268 117 30 flutna
432 269 240 31 varuskatten.
701 271 103 29 Detta
833 270 222 31 förhållande
1083 270 181 31 verifierar
1294 272 85 29 även
1409 272 51 28 att
1489 271 57 30 det
1575 271 197 29 allmännas

288 322 66 29 och
379 323 41 29 de
444 323 179 30 enskildas
649 324 189 29 kostnader
863 324 11 29 i
899 326 49 28 ett
973 324 140 36 mycket
1138 326 89 28 stort
1252 325 95 29 antal
1373 324 62 30 fall
1461 324 31 37 ej
1521 324 73 30 står
1620 324 10 29 i
1656 324 115 37 rimlig

285 377 204 36 proportion
504 377 53 30 till
574 378 41 29 de
630 377 154 30 influtna
800 378 265 30 skattemedlen.

330 430 74 29 Den
425 430 148 37 höjning
593 440 43 20 av
656 431 65 29 den
741 431 180 30 allmänna
940 432 240 34 varuskatten,
1201 441 75 21 som
1295 431 216 38 genomförts
1532 432 108 37 enligt
1658 432 114 29 beslut

286 492 43 20 av
352 483 79 30 1961
454 484 57 29 års
532 484 153 38 riksdag,
705 493 103 29 synes
828 485 172 30 utskottet
1019 485 180 35 motivera,
1220 487 49 28 att
1289 494 42 21 en
1351 485 223 37 omläggning
1593 485 53 29 till
1666 485 106 37 parti-

285 537 161 30 handels-
472 538 83 30 eller
582 537 327 31 fabrikationsledet
934 538 79 30 sker
1039 540 140 28 snarast
1204 539 147 37 möjligt.
1376 538 178 31 Utskottet
1579 539 194 37 tillstyrker

286 590 131 36 därför,
439 593 50 28 att
511 591 125 38 frågan
657 592 10 29 i
689 592 152 37 enlighet
862 592 77 30 med
959 593 66 29 vad
1047 601 75 21 som
1143 592 176 30 förordats
1339 593 11 29 i
1370 592 220 30 motionerna
1611 592 74 29 1:17
1707 592 65 30 och

285 644 90 29 II:41
402 646 126 35 prövas
554 645 39 30 så
617 645 218 37 skyndsamt,
861 647 51 28 att
935 645 132 38 förslag
1091 646 70 29 kan
1185 645 194 38 föreläggas
1404 646 108 29 redan
1536 646 236 29 innevarande

286 698 57 29 års
362 698 225 38 höstriksdag
606 699 82 30 eller
707 701 118 28 senast
844 700 101 29 nästa
964 699 57 30 års
1039 699 216 37 vårriksdag.
1274 700 152 29 Härmed
1446 708 102 21 anser
1568 699 50 37 sig
1637 700 134 29 utskot-

283 754 49 28 tet
351 753 85 29 även
455 753 45 30 ha
518 752 162 32 besvarat
698 753 220 31 motionerna
935 753 74 30 1:65
1028 754 66 29 och
1112 753 102 36 11:97,
1232 753 97 30 1:363
1347 754 65 29 och
1430 753 115 30 I1:436
1562 756 92 28 samt
1672 753 96 30 1:365

285 805 64 29 och
369 805 124 36 II:439,
513 805 246 30 förstnämnda
777 806 91 30 båda
887 806 217 37 motionspar
1122 807 10 28 i
1150 807 66 29 vad
1236 807 41 29 de
1294 815 99 21 avser
1411 806 232 30 förevarande
1661 806 109 37 fråga.

328 880 75 30 Vad
423 880 155 31 härefter
599 881 170 30 beträffar
789 881 120 38 övriga
928 882 10 29 i
958 882 95 30 detta
1072 881 221 31 betänkande
1312 881 218 30 behandlade
1550 881 220 37 utrednings-

283 934 182 37 yrkanden
493 944 101 21 avser
620 935 101 30 dessa
747 936 52 28 att
825 935 165 37 tillskapa
1017 935 180 37 undantag
1223 934 80 30 från
1330 935 207 37 skatteplikt
1562 935 52 29 till
1642 935 130 29 allmän

284 988 184 30 varuskatt
493 989 11 29 i
530 988 267 38 betydelsefulla
822 988 234 30 hänseenden.
1084 988 153 30 Sålunda
1261 988 106 37 yrkas
1393 988 180 37 undantag
1600 988 54 30 för
1679 989 92 29 inve-

284 1041 163 38 sterings-
478 1042 66 29 och
576 1041 357 38 förbrukningsvaror
962 1042 97 30 inom
1089 1041 238 37 näringslivet,
1358 1041 55 30 för
1443 1041 234 37 reparations-
1707 1042 63 30 och

284 1095 350 30 underhållsarbeten
657 1097 89 28 samt
770 1095 55 30 för
847 1096 227 36 jordbrukets
1097 1096 252 36 prisreglerade
1370 1095 203 37 produkter.

329 1148 120 31 Såsom
469 1149 153 37 påtalats
643 1150 10 29 i
674 1150 40 29 de
734 1149 231 30 förevarande
984 1150 221 30 motionerna
1224 1151 38 28 är
1282 1150 66 30 den
1367 1150 205 30 nuvarande
1592 1150 178 29 allmänna

282 1202 229 30 varuskatten
538 1203 11 29 i
577 1204 72 29 stor
674 1203 246 37 utsträckning
945 1212 42 21 en
1013 1204 96 29 skatt
1133 1203 44 38 på
1202 1203 269 37 produktionen.
1498 1203 273 30 Konsekvensen

283 1256 110 30 härav
419 1256 66 30 blir
513 1257 50 30 ett
590 1256 177 38 försvagat
795 1257 300 37 konkurrensläge
1122 1257 55 30 för
1203 1257 77 30 vårt
1307 1257 99 30 lands
1433 1257 204 37 näringsliv,
1663 1257 108 29 vilket

284 1309 167 31 framstår
476 1319 76 21 som
577 1310 143 30 särskilt
743 1310 176 38 allvarligt
942 1310 93 30 inför
1059 1310 178 38 pågående
1260 1310 199 38 utveckling
1482 1312 75 28 mot
1580 1310 190 30 stormark-

284 1364 118 30 nader.
424 1364 51 29 En
497 1373 118 21 annan
638 1363 87 38 följd
747 1373 43 20 av
807 1364 206 30 nuvarande
1034 1363 335 38 skatteutformning
1389 1364 70 30 kan
1479 1364 140 30 befaras
1640 1364 58 35 bli,
1719 1365 51 28 att

284 1417 460 30 konkurrensförhållandet
766 1418 129 30 mellan
917 1418 93 30 olika
1031 1418 96 30 delar
1149 1427 41 21 av
1210 1418 228 37 näringslivet
1459 1417 140 31 rubbas.
1621 1417 149 30 Särskilt

283 1471 42 30 de
346 1471 135 30 mindre
501 1471 180 37 företagen
702 1472 99 29 torde
819 1480 84 21 vara
923 1471 160 38 känsliga
1103 1471 55 30 för
1177 1480 43 21 en
1240 1471 109 30 sådan
1368 1471 180 30 inverkan.
1568 1472 67 29 Det
1654 1472 38 29 är
1712 1480 56 21 en-

283 1525 62 37 ligt
373 1525 189 30 utskottets
591 1525 140 37 mening
758 1525 191 37 angeläget,
977 1526 50 29 att
1055 1525 66 30 den
1147 1525 181 30 allmänna
1352 1525 230 29 varuskatten
1610 1524 38 31 så
1676 1525 95 37 långt

282 1578 139 38 möjligt
443 1578 176 30 utformas
643 1587 73 22 som
739 1588 43 21 en
805 1588 62 20 ren
890 1578 354 30 konsumtionsskatt.
1268 1579 51 29 En
1342 1578 223 38 omläggning
1588 1578 52 30 till
1662 1578 107 37 parti-

282 1632 161 30 handels-
464 1632 83 30 eller
569 1631 328 31 fabrikationsledet
918 1632 10 29 i
949 1632 153 37 enlighet
1122 1632 78 30 med
1221 1632 65 30 vad
1308 1632 171 30 utskottet
1499 1641 90 21 ovan
1611 1631 157 30 förordat

280 1686 63 30 bör
360 1686 109 37 skapa
484 1686 113 31 ökade
613 1686 220 37 möjligheter
848 1685 132 31 härför.

326 1740 13 29 I
363 1739 110 30 första
495 1739 96 30 hand
614 1740 38 29 är
674 1740 56 31 det
752 1739 107 37 enligt
881 1740 190 29 utskottets
1093 1740 140 37 mening
1255 1740 189 37 angeläget,
1467 1741 52 29 att
1540 1740 55 30 för
1616 1740 152 37 produk-

281 1793 119 30 tionen
421 1793 268 38 betydelsefulla
709 1793 336 37 investeringsvaror
1067 1793 218 37 undantages
1306 1793 79 30 från
1407 1793 281 38 beskattningen.
1710 1794 58 29 Så-

282 1856 74 20 som
376 1846 176 31 förordats
571 1847 10 28 i
600 1847 219 29 motionerna
838 1846 75 30 1:17
931 1847 64 29 och
1014 1847 90 29 1II:41
1124 1846 63 30 bör
1205 1847 113 29 denna
1336 1846 99 38 fråga
1453 1848 188 36 övervägas
1660 1848 106 29 redan

280 1901 11 28 i
308 1900 169 30 samband
494 1901 79 29 med
590 1900 215 38 prövningen
822 1909 43 21 av
880 1909 42 21 en
938 1900 223 37 omläggning
1176 1900 53 30 till
1244 1900 256 37 partihandels-
1516 1901 82 29 eller
1614 1900 153 30 fabrika-

280 1954 195 30 tionsledet.
493 1954 212 37 Härigenom
724 1962 102 22 anser
845 1954 50 37 sig
912 1954 172 29 utskottet
1102 1954 86 29 även
1206 1954 45 29 ha
1268 1954 213 37 tillgodosett
1498 1953 268 38 ifrågavarande

279 2008 182 37 yrkanden
479 2008 10 29 i
508 2007 220 30 motionerna
745 2007 97 30 1:337
862 2007 65 30 och
944 2007 111 29 I1:411
1077 2009 92 28 samt
1186 2007 96 30 1:363
1298 2007 67 30 och
1382 2007 125 30 I1:436.

324 2080 14 29 I
360 2081 220 30 motionerna
601 2080 96 30 1:157
718 2080 66 30 och
805 2080 115 30 II:188
940 2081 65 29 har
1026 2080 210 30 framställts
1258 2080 365 37 utredningsyrkande
1643 2080 11 29 i
1676 2080 91 37 syfte

280 2136 51 27 att
355 2134 79 30 från
459 2135 130 29 allmän
613 2134 184 30 varuskatt
819 2135 158 29 undanta
1000 2134 367 36 förbrukningsvaror,
1390 2133 241 30 halvfabrikat
1653 2143 29 20 o.
1697 2134 68 37 dyl.

280 2197 74 20 som
380 2187 54 31 för
457 2188 173 30 hantverk
654 2188 64 29 och
742 2187 229 31 småindustri
994 2188 39 29 är
1056 2189 51 28 att
1129 2187 151 30 hänföra
1303 2187 52 30 till
1377 2187 311 30 underleveranser
1711 2187 55 30 för

278 2241 120 31 vidare
425 2241 238 37 bearbetning.
692 2241 244 30 Motsvarande
963 2241 159 37 yrkande
1149 2241 12 29 i
1188 2240 218 30 motionerna
1434 2240 98 30 1:338
1560 2241 65 30 och
1653 2240 113 30 I1:410

280 2296 92 28 samt
397 2295 96 30 1:363
520 2295 66 30 och
611 2295 114 29 II:436
752 2294 113 37 syftar
890 2295 52 29 till
968 2296 51 28 att
1044 2294 81 30 från
1151 2294 130 30 allmän
1305 2294 185 30 varuskatt
1514 2294 158 30 undanta
1697 2294 69 30 för-

278 2349 311 37 brukningsvaror,
615 2357 74 21 som
714 2349 177 29 användes
916 2347 54 31 för
993 2348 260 37 produktionen
1277 2348 95 29 inom
1394 2348 165 34 industri,
1582 2347 183 35 hantverk,

277 2403 183 36 jordbruk,
476 2402 94 31 fiske
585 2403 64 30 och
665 2402 138 30 handel.

323 2456 121 30 Såsom
463 2456 175 30 utskottet
656 2456 11 29 i
687 2456 56 29 det
763 2455 209 37 föregående
991 2455 121 30 anfört
1130 2454 173 31 förefinns
1323 2455 75 30 skäl
1418 2455 56 30 för
1493 2457 271 37 undantagande

276 2512 87 29 även
381 2520 41 20 av
439 2511 110 29 andra
567 2510 56 30 för
637 2510 259 37 produktionen
912 2509 227 37 erforderliga
1155 2518 102 21 varor
1273 2510 44 30 än
1332 2510 346 37 investeringsvaror.
1695 2511 67 30 Till
