1898 2756
409 160 406 37 Bevillningsutskottets
835 158 220 31 betänkande
1075 167 42 21 nr
1135 158 42 29 39
1197 157 39 29 år
1258 157 83 29 1962
1602 154 19 28 9

137 250 246 31 halvfabrikat.
401 249 117 38 Enligt
535 249 278 30 motionärernas
830 247 141 38 mening
989 255 102 30 synes
1108 255 42 21 en
1168 245 219 30 konsekvens
1405 252 41 22 av
1464 243 84 29 talet
1564 250 57 21 om

133 315 42 20 en
201 313 171 30 gynnsam
398 304 206 36 inställning
629 303 52 30 till
707 300 396 38 småföretagsamheten
1128 298 84 31 böra
1237 297 158 31 medföra
1420 299 52 28 att
1496 295 125 37 ifråga-

133 359 153 30 varande
306 366 103 22 varor
430 358 176 29 undantas
628 355 80 31 från
729 355 216 37 skatteplikt.
967 353 260 31 Motionärerna
1248 350 215 36 framhåller,
1484 351 51 28 att
1555 349 66 29 den

138 412 201 30 nuvarande
362 411 178 30 allmänna
561 409 229 31 varuskatten
812 409 65 29 har
899 407 168 31 karaktär
1088 416 41 21 av
1152 406 206 37 permanent
1378 403 245 38 investerings-

137 466 95 30 skatt
248 465 76 29 med
343 462 442 32 kostnadsinflationistisk
800 462 143 30 verkan.
960 461 121 35 Varor,
1099 469 73 21 som
1190 459 55 30 för
1261 458 174 31 hantverk
1452 457 66 30 och
1534 456 90 30 små-

139 518 151 31 industri
315 518 38 30 är
379 519 51 29 att
454 517 150 30 hänföra
628 516 52 30 till
706 515 310 30 underleveranser
1041 513 52 31 till
1119 512 266 37 storföretagen,
1410 511 63 30 bör
1498 519 41 21 av
1564 518 60 22 an-

139 572 102 37 givna
261 571 85 34 skäl,
365 569 206 31 framhåller
590 569 271 35 motionärerna,
880 568 177 30 undantas
1076 566 80 31 från
1175 566 216 37 skatteplikt.

180 650 219 31 Motionerna
416 650 32 29 1:
462 650 64 29 338
545 650 64 30 och
625 649 49 30 II:
689 650 74 29 410.
783 648 260 31 Motionärerna
1061 646 214 36 framhåller,
1295 647 51 29 att
1364 645 109 37 enligt
1490 644 133 30 förord-

139 704 127 37 ningen
281 713 55 20 om
353 703 131 30 allmän
498 703 185 30 varuskatt
698 702 88 30 skall
801 702 66 30 vad
884 710 75 22 som
976 700 187 31 förbrukas
1178 700 11 29 i
1205 700 66 29 den
1287 698 171 38 egentliga
1473 697 151 38 produk-

138 758 107 30 tions-
263 757 64 30 och
343 756 434 38 bearbetningsprocessen
793 755 11 29 i
822 754 137 38 princip
976 763 84 21 vara
1077 754 215 36 undantaget
1309 751 81 30 från
1408 750 216 38 skatteplikt.

139 812 75 28 Den
241 810 278 38 gränsdragning
547 818 74 22 som
651 807 370 32 riksskattenämnden
1049 807 93 37 gjort
1167 805 224 31 beträffande
1418 813 103 21 varor
1550 812 73 22 som

140 864 186 30 förbrukas
352 863 11 29 i
389 863 420 37 produktionsprocessen
836 860 265 31 sammanfaller
1127 859 71 30 inte
1225 859 78 30 med
1330 859 129 37 gängse
1485 857 139 30 teknisk

139 918 82 29 eller
241 916 361 38 företagsekonomisk
622 915 238 38 uppfattning.

184 969 411 38 Redovisningstekniskt
612 969 177 37 tillämpas
808 977 40 21 av
868 968 127 30 svensk
1014 967 150 30 industri
1182 976 43 21 en
1243 966 289 38 gränsdragning,
1550 974 74 21 som

139 1025 61 36 gör
227 1025 50 28 att
301 1023 51 30 till
379 1030 158 30 gruppen
563 1021 496 38 tillverkningsomkostnader
1085 1019 166 31 hänföres
1278 1020 190 29 kostnader
1495 1018 54 30 för
1576 1018 50 30 in-

139 1076 174 30 ventarier
327 1075 66 30 och
409 1075 178 30 maskiner
603 1075 78 30 med
698 1084 42 21 en
756 1073 291 39 varaktighetstid
1064 1083 41 20 av
1121 1073 102 38 högst
1238 1072 18 31 3
1274 1072 48 31 år.
1339 1072 124 30 Denna
1477 1071 149 38 ordning

140 1130 65 29 har
223 1129 85 30 även
328 1128 77 30 stöd
424 1128 12 30 i
455 1128 67 30 den
540 1128 56 30 vid
615 1127 362 38 inkomsttaxeringen
996 1127 159 37 gällande
1175 1125 230 31 definitionen
1426 1134 42 21 av
1489 1125 138 37 anlägg-

141 1182 259 38 ningstillgång.
427 1181 261 30 Motionärerna
715 1180 158 36 föreslår,
900 1181 52 30 att
979 1179 278 39 avgränsningen
1284 1178 55 30 för
1366 1177 164 32 skattefri
1558 1177 70 31 för-

140 1235 177 38 brukning
335 1234 95 30 inom
449 1234 420 38 produktionsprocessen
886 1250 46 5 —
949 1234 64 29 när
1032 1233 58 30 det
1108 1233 106 37 gäller
1233 1232 130 30 allmän
1381 1231 187 31 varuskatt
1584 1248 43 4 —

142 1289 89 30 skall
254 1289 174 37 anknytas
450 1288 52 30 till
525 1288 114 30 denna
660 1287 219 37 treårsgräns
901 1287 12 29 i
935 1286 116 30 stället
1074 1285 55 31 för
1150 1286 66 30 den
1237 1294 48 21 nu
1309 1286 10 29 i
1342 1284 138 38 princip
1501 1284 126 30 tilläm-

142 1342 88 38 pade
248 1341 322 38 gränsdragningen
585 1340 58 30 vid
661 1349 43 21 en
721 1339 113 38 fysisk
852 1339 171 38 livslängd
1042 1348 41 21 av
1100 1338 57 30 två
1173 1338 137 30 veckor.

186 1396 260 30 Motionärerna
461 1395 216 36 framhåller,
694 1396 51 29 att
759 1395 203 29 nuvarande
977 1395 130 37 system
1124 1394 222 37 missgynnar
1362 1392 266 30 underleveran-

143 1450 94 30 törer
256 1449 11 30 i
289 1448 221 31 förhållande
531 1449 52 29 till
606 1448 218 38 integrerade
846 1447 136 38 företag
1003 1448 91 29 samt
1117 1448 50 28 att
1189 1444 304 38 exportföretagen
1514 1461 45 4 —
1581 1443 48 30 ef-

143 1504 130 28 tersom
296 1502 65 29 den
384 1502 179 29 allmänna
584 1501 230 30 varuskatten
837 1500 150 30 drabbar
1009 1508 103 21 varor
1134 1508 74 21 som
1232 1498 188 30 förbrukas
1443 1498 11 29 i
1478 1497 151 37 produk-

144 1556 118 29 tionen
282 1572 44 4 —
346 1554 72 30 inte
439 1554 54 30 får
515 1555 93 29 möta
630 1554 77 30 sina
729 1554 258 29 konkurrenter
1008 1553 44 37 på
1074 1553 66 29 den
1162 1551 282 30 internationella
1467 1550 163 30 markna-

143 1609 65 29 den
227 1608 110 30 under
353 1607 222 38 jämbördiga
592 1607 255 30 förhållanden.
867 1606 118 30 Andra
1005 1606 119 29 länder
1142 1605 137 37 medger
1298 1604 176 37 nämligen
1492 1604 138 29 restitu-

143 1661 73 30 tion
238 1670 40 20 av
297 1661 333 37 omsättningsskatt
648 1660 57 29 vid
726 1661 130 35 export.

189 1740 218 30 Motionerna
430 1740 32 29 1:
476 1741 64 29 363
564 1740 64 29 och
651 1740 48 29 II:
714 1740 74 29 436.
813 1739 336 38 Argumenteringen
1174 1738 9 29 i
1207 1737 228 30 förevarande
1460 1736 172 30 motioner

147 1794 55 30 för
229 1795 50 28 att
305 1803 26 20 s.
359 1793 32 30 k.
418 1792 367 38 förbrukningsvaror,
813 1801 75 21 som
917 1792 176 29 användes
1121 1791 10 30 i
1158 1790 270 37 produktionen,
1455 1789 176 30 undantas

146 1846 80 30 från
253 1846 206 36 skatteplikt
486 1846 314 29 överensstämmer
828 1845 10 29 i
866 1845 64 29 sak
958 1844 77 30 med
1064 1843 326 37 argumenteringen
1419 1843 11 28 i
1458 1842 42 30 de
1527 1851 104 20 ovan-

146 1900 154 29 nämnda
317 1898 220 30 motionerna
553 1898 28 29 1:
598 1897 63 30 338
677 1898 65 29 och
759 1898 45 28 II:
820 1897 73 29 410.
912 1897 258 29 Motionärerna
1187 1896 10 29 i
1215 1895 229 30 förevarande
1461 1895 172 29 motioner

147 1952 204 30 framhåller
374 1951 178 30 dessutom
577 1952 50 28 att
649 1950 194 37 beräkning
866 1959 41 20 av
929 1948 350 38 beskattningsvärde
1302 1948 66 29 och
1391 1947 241 37 skattebelopp

148 2005 54 29 för
221 2005 99 29 dessa
338 2013 103 20 varor
458 2004 111 29 vållar
587 2004 195 37 betydande
800 2003 124 30 besvär
943 2002 55 30 för
1017 2001 93 30 såväl
1131 2000 502 38 beskattningsmyndigheter-

146 2067 45 21 na
209 2066 73 20 som
302 2057 189 37 företagen.
511 2057 51 29 En
580 2056 162 30 befrielse
760 2056 77 29 från
855 2056 186 29 varuskatt
1060 2054 53 30 för
1131 2055 100 29 dessa
1248 2063 102 20 varor
1369 2054 113 29 skulle
1501 2053 132 30 således

147 2112 71 29 inte
235 2111 122 29 endast
374 2110 111 29 sänka
502 2109 430 38 produktionskostnaden
950 2110 84 27 utan
1054 2108 176 29 dessutom
1248 2107 152 29 friställa
1419 2105 213 31 arbetskraft

148 2163 54 30 för
221 2172 71 20 mer
311 2163 187 36 produktiv
518 2162 234 37 användning.

149 2274 184 36 Undantag
346 2274 81 36 från
442 2273 206 37 skatteplikt
664 2273 57 36 för
737 2272 238 37 reparationer
990 2272 62 28 och
1071 2269 345 32 underhållsarbeten

193 2330 218 30 Motionerna
431 2330 31 29 1:
477 2331 64 28 469
562 2330 63 29 och
647 2330 48 29 II:
709 2330 74 29 548.
814 2330 4 27 I
841 2329 218 29 motionerna
1081 2328 63 28 har
1165 2327 196 29 hemställts
1385 2327 50 28 att
1458 2326 176 29 allmänna

148 2384 348 36 skatteberedningen
521 2384 106 29 måtte
648 2383 106 36 pröva
777 2382 121 37 frågan
921 2383 50 29 att
994 2381 76 29 från
1093 2380 204 36 skatteplikt
1319 2379 157 29 undanta
1499 2387 134 27 repara-

151 2438 106 29 tions-
280 2437 63 29 och
368 2436 274 30 servicearbeten
667 2435 42 37 på
736 2436 49 29 lös
809 2435 167 36 egendom
1003 2434 53 29 för
1081 2431 409 39 produktionsändamål.
1515 2431 120 28 Motio-

152 2493 147 29 närerna
328 2490 215 33 framhåller,
571 2491 50 28 att
648 2488 206 36 skatteplikt
882 2487 54 29 för
965 2486 241 37 reparations-,
1236 2484 227 34 underhålls-,
1493 2483 142 30 service-
