2129 2653
377 220 43 33 14
831 212 99 34 Stats-
939 211 165 34 Utskottets
1132 208 170 35 Memorial
1322 207 64 33 N:o
1409 209 28 30 1.

331 320 67 21 som
420 306 51 34 till
497 304 116 46 sjelfva
634 300 272 42 lånekontraktet,
934 310 67 21 som
1027 297 104 32 finnes
1158 294 141 46 aftryckt
1324 292 12 34 i
1349 291 206 44 Riksdagens
1570 288 189 35 Revisorers
1783 286 33 34 år
1834 285 94 34 1875

332 358 120 46 afgifna
469 356 173 35 berättelse
666 367 52 21 om
743 351 336 45 Riksgäldskontoret.

457 411 52 33 De
531 408 100 33 redan
656 406 149 34 förfallna
826 407 49 30 tre
901 402 99 34 första
1021 399 232 35 femtedelarne
1280 396 35 34 af
1334 396 88 34 lånet
1443 394 98 35 hafva
1566 393 89 33 inom
1669 390 166 35 bestämda
1847 388 85 35 tider

332 464 35 33 af
386 463 296 42 låneöfvertagarne
707 456 177 45 behörigen
908 454 164 34 inbetalts.

458 670 75 32 Den
559 669 12 31 i
592 672 19 37 8
640 668 43 31 66
721 665 35 32 af
782 664 94 33 1875
904 662 50 33 års
987 661 199 42 reglemente
1210 655 192 35 föreskrifna
1428 653 174 44 tryckning
1629 651 33 33 af
1686 649 249 35 Bondeståndets

328 722 157 42 protokoll
522 720 52 32 vid
609 718 225 33 1809—1810
873 716 55 30 års
966 712 129 41 riksdag
1133 710 58 31 har
1217 707 104 33 under
1349 706 34 32 år
1412 704 94 34 1875
1534 703 35 33 så
1595 701 191 41 fortskridit,
1814 702 46 30 att
1887 699 50 44 sju

334 773 86 35 band
446 772 35 33 af
505 772 73 32 dem
606 777 52 26 äro
693 768 70 33 från
801 765 129 46 trycket
968 762 126 46 utgifna
1116 762 60 33 och
1204 759 55 34 det
1281 758 129 34 åttonde
1437 756 87 34 inom
1548 755 97 44 några
1672 753 97 44 dagar
1795 752 144 33 kommer

335 829 48 30 att
404 826 171 32 utlemnas.
620 812 191 42 Återstoden
833 818 35 32 af
892 817 115 33 verket
1032 814 157 33 beräknas
1216 812 129 32 komma
1372 812 47 30 att
1444 811 141 42 upptaga
1611 805 55 34 två
1692 804 94 34 band.

472 1030 67 33 Det
564 1029 12 32 i
602 1024 238 45 Fullmäktiges
867 1022 172 35 berättelse
1066 1020 51 33 till
1143 1018 93 34 1875
1265 1017 50 33 års
1343 1015 147 44 Riksdag
1522 1011 219 42 omförmälda,
1757 1012 66 31 mot
1837 1009 105 43 Höga-

337 1087 61 30 näs
438 1079 321 41 stenkols-aktiebolag
798 1072 274 47 anhängiggjorda
1108 1071 65 33 mål
1206 1077 34 26 är
1275 1076 87 26 ännu
1401 1067 42 45 på
1474 1066 122 43 Kongl.
1630 1063 189 34 Hofrättens
1855 1061 88 32 öfver

339 1135 109 35 Skåne
475 1134 60 34 och
561 1130 163 45 Blekinge
750 1127 150 48 pröfning
926 1124 171 36 beroende.

468 1332 99 41 Öfver
605 1335 123 44 Kongl.
769 1333 108 45 Maj:ts
904 1326 384 46 Befallningshafvandes
1314 1325 13 33 i
1348 1324 215 34 Norrbottens
1590 1321 54 32 län
1677 1321 107 31 senast
1811 1317 62 33 den
1902 1317 43 32 22

342 1391 73 34 Juli
453 1390 95 33 1874
584 1385 190 46 upprättade
801 1379 337 49 köpeskillingsliqvid
1164 1377 167 44 angående
1354 1376 129 42 bolaget
1518 1374 48 32 the
1597 1371 163 34 Gellivara
1790 1368 159 42 Company

343 1443 133 33 limiteds
502 1439 201 34 konkursbos
726 1436 18 32 &
772 1433 171 35 exsekutiv
969 1431 135 34 auktion
1126 1429 139 33 försålda
1287 1427 191 44 fastigheter
1491 1424 87 33 inom
1592 1422 106 41 Piteå,
1711 1420 111 33 Neder
1833 1418 115 41 Luleå,

345 1488 98 39 Öfver
466 1490 116 43 Luleå,
610 1487 125 43 Råneå,
756 1485 196 35 Jockmocks
969 1484 60 33 och
1048 1480 167 35 Gellivara
1227 1479 140 44 tingslag
1381 1476 132 34 anförde
1528 1473 128 35 enskild
1668 1473 156 43 borgenär
1835 1470 115 33 besvär

343 1547 58 31 hos
427 1544 123 42 Kongl.
580 1542 86 33 Svea
688 1538 143 42 Hofrätt,
859 1550 67 20 som
953 1547 115 32 genom
1091 1534 72 42 laga
1189 1530 87 33 kraft
1301 1532 125 31 vunnet
1450 1527 107 43 utslag
1575 1526 62 32 den
1654 1524 45 33 29
1712 1522 161 34 nästlidne
1885 1521 67 32 De-

345 1596 138 41 cember,
510 1594 48 33 för
594 1589 239 37 verkställande
868 1587 35 34 af
934 1584 192 36 föreskrifna
1153 1580 181 36 rättelser
1324 1567 16 61 i
1360 1579 157 45 liqviden,
1545 1576 84 35 visat
1651 1574 134 35 ärendet
1806 1573 68 33 åter
1900 1571 51 34 till

344 1647 122 43 Kongl.
512 1645 110 44 Maj:ts
654 1638 386 46 Befallningshafvande;
1068 1637 60 32 och
1161 1635 75 41 kan,
1276 1632 65 34 förr
1376 1639 41 25 än
1443 1629 135 34 berörda
1603 1622 350 50 köpeskillings-liqvid

345 1698 108 34 blifvit
481 1697 35 33 af
536 1694 122 45 Kongl.
688 1693 107 44 Maj:ts
830 1686 369 47 Befallningshafvande
1221 1684 142 45 lagligen
1386 1680 177 43 verkstäld,
1589 1680 144 43 bolagets
1755 1676 144 34 konkurs
1923 1674 28 45 ej

346 1750 128 45 bringas
497 1748 51 34 till
570 1748 76 32 slut.

472 1903 78 34 Med
585 1900 176 44 anledning
795 1898 35 33 af
862 1896 147 34 sistlidna
1049 1894 50 33 års
1131 1890 163 43 Riksdags
1318 1887 108 34 beslut
1455 1884 166 45 angående
1643 1882 222 35 Strömsholms
1890 1892 65 31 nya

348 1956 196 42 kanalbolag,
579 1953 98 33 hafva
711 1948 221 44 Fullmäktige
966 1945 73 34 låtit
1066 1944 51 34 till
1149 1943 144 42 bolagets
1319 1939 117 41 forum,
1461 1937 205 34 Stockholms
1692 1933 262 41 Rådstufvurätt,

348 2009 172 32 instämma
553 2005 140 42 bolaget,
729 2002 76 33 med
843 1999 145 45 yrkande
1024 2009 52 21 om
1110 1995 72 32 dess
1209 1990 215 46 förpligtande
1447 1991 47 30 att
1517 1989 28 44 ej
1571 1986 127 35 mindre
1730 1984 226 44 ofördröjligen

349 2060 51 33 till
434 2056 327 45 Riksgäldskontoret
782 2052 144 33 inbetala
947 2048 87 34 hvad
1055 2046 104 34 under
1181 2044 64 33 den
1267 2043 151 33 förflutna
1445 2040 90 33 tiden
1558 2039 51 34 till
1635 2036 206 44 aktieegarne
1864 2034 92 33 utde-

349 2112 61 32 lats
433 2109 102 34 såsom
558 2105 186 44 afkastning
767 2104 34 32 af
828 2102 234 45 egendomarne
1100 2097 178 38 Skantzen,
1307 2092 186 34 Norrtunbo
1523 2091 61 32 och
1606 2089 172 42 Finntorp,
1801 2087 79 32 bron
1902 2084 56 34 vid

350 2161 123 44 Borgås
496 2159 94 42 sund,
612 2159 112 31 hamn-
760 2156 60 32 och
841 2152 251 44 lastageplatsen
1116 2146 176 41 derstädes,
1317 2156 39 21 en
1382 2142 168 44 kanaljakt
1572 2142 60 32 och
1659 2136 298 46 telegrafstationen

351 2214 55 34 vid
429 2210 214 37 Strömsholm
666 2210 83 31 samt
774 2209 92 30 ränta
888 2204 19 33 å
927 2200 211 37 innestående
1162 2194 260 45 aktieutdelning
1444 2194 61 33 och
1527 2189 207 46 tillfälligtvis
1756 2187 201 46 deponerade

353 2266 79 33 eller
471 2255 126 41 utlånta
629 2260 118 42 medel,
773 2259 100 44 jemte
900 2257 72 43 laga
998 2256 92 31 ränta
1116 2251 19 33 &
1159 2248 89 35 hvad
1274 2247 135 34 sålunda
1430 2245 52 34 till
1508 2244 206 43 aktieegarne
1737 2240 153 42 utdelats,
1917 2245 41 27 än

352 2317 61 34 ock
453 2313 192 35 hädanefter
666 2311 12 33 i
700 2311 70 33 sina
804 2308 218 43 räkenskaper
1055 2302 99 35 bland
1188 2301 145 41 bolagets
1362 2297 172 43 tillgångar
1559 2297 141 42 upptaga
1727 2294 59 31 och
1812 2290 148 34 redovisa
