2166 2622
696 163 227 40 Lagutskottets
947 158 162 33 utlåtande
1139 159 46 30 Nr
1216 161 45 26 10.
1757 150 9 29 1

894 535 68 40 Nr
1003 533 76 41 10.

744 642 113 25 Ankom
878 641 40 25 till
939 639 167 29 riksdagens
1128 636 91 26 kansli
1239 636 56 24 den
1316 634 33 25 26
1371 632 125 26 februari
1518 630 67 25 1918
1606 629 35 25 kl.
1663 628 15 25 2
1699 636 23 17 e.
1744 636 35 16 m.

513 790 185 34 Utlåtande
730 788 12 33 i
776 785 187 42 anledning
1005 795 43 22 av
1076 782 99 34 väckt
1203 779 126 35 motion
1359 776 175 44 angående
1563 773 147 35 revision
1740 783 43 23 av

613 851 99 43 lagen
744 861 52 23 om
826 847 194 42 skiljemän.

403 1009 193 28 Närvarande:
626 1009 99 25 herrar
755 1007 165 25 Pettersson
941 1004 6 24 i
968 1001 166 33 Södertälje,
1156 1001 123 25 Persson
1300 998 7 25 i
1328 996 188 32 Norrköping,
1538 992 141 31 Stärner",
1699 999 86 26 greve

616 1045 97 32 Spens,
735 1041 242 28 Alexanderson”,
1004 1039 80 30 Dahl,
1105 1036 111 30 Tisell,
1237 1033 219 29 Permansson”,
1476 1030 149 30 Klefbeck,
1645 1028 140 31 Frändén,

619 1079 147 32 Lindqvist
786 1078 8 25 i
814 1078 100 28 Kosta,
938 1074 119 33 Lindley
1087 1074 94 28 Ernst,
1211 1069 162 31 Holmdahl,
1404 1067 136 25 Karlsson
1561 1066 7 24 i
1590 1065 67 32 Fjäl,
1687 1065 99 24 Svens-

619 1124 51 17 son
691 1116 7 24 i
718 1114 202 31 Betingetorp"
941 1111 52 25 och
1013 1110 163 25 Johansson
1198 1108 5 23 i
1224 1106 186 25 Trollhättan.

724 1186 10 12 +
750 1186 25 24 Ej
792 1183 152 22 närvarande
960 1182 39 21 vid
1016 1180 148 21 utlåtandets
1180 1178 127 26 justering.

286 1243 11 8 .

298 1329 19 34 I
359 1340 45 22 en
432 1326 95 35 inom
558 1324 112 34 första
698 1322 210 34 kammaren
936 1317 119 43 väckt,
1085 1314 57 37 till
1169 1313 240 47 lagutskottet
1438 1308 175 37 hänvisad
1642 1302 145 53 motion,

192 1395 43 23 nr
267 1384 59 41 58,
367 1379 72 37 har
471 1389 100 34 greve
600 1377 111 44 Spens
740 1373 194 42 hemställt,
966 1374 53 31 att
1047 1368 196 46 riksdagen
1272 1367 111 34 måtte
1410 1363 142 36 besluta
1580 1364 53 32 att
1660 1360 13 35 i
1701 1359 90 36 skri-

194 1437 95 35 velse
318 1434 57 36 till
404 1432 135 46 Kungl.
570 1429 107 48 Maj:t
706 1427 153 43 anhålla,
882 1428 53 32 att
954 1423 135 47 Kungl.
1112 1421 106 47 Maj:t
1239 1419 86 37 ville
1345 1418 93 35 efter
1457 1415 197 37 verkställd
1672 1413 119 35 utred-

193 1490 91 46 ning
322 1487 173 47 antingen
523 1485 74 35 låta
624 1483 108 46 lagen
761 1492 56 24 om
848 1478 190 49 skiljemän
1065 1477 77 34 den
1166 1477 47 32 28
1245 1472 151 36 oktober
1429 1472 97 33 1887
1558 1469 161 44 undergå
1747 1478 46 23 en

194 1541 217 46 fullständig
453 1536 251 47 omarbetning
746 1534 86 35 eller
874 1532 68 36 ock
983 1531 73 36 låta
1096 1528 168 36 utarbeta
1307 1526 136 45 förslag
1478 1523 57 36 till
1564 1520 156 47 ändring
1749 1532 43 24 av

195 1608 135 25 samma
372 1596 58 45 lag
466 1593 13 35 i
516 1591 96 37 vissa
654 1588 157 48 angivna
853 1587 98 35 delar
980 1587 92 33 samt
1100 1581 160 37 därefter
1288 1580 56 35 för
1372 1578 194 47 riksdagen
1595 1575 199 46 framlägga

197 1651 133 46 förslag
358 1648 13 35 i
400 1649 130 34 ämnet.
1771 1658 2 2 .

303 1702 70 36 Till
402 1701 80 36 stöd
510 1699 55 36 för
594 1697 56 37 sin
680 1695 215 36 hemställan
924 1694 65 34 har
1018 1690 226 37 motionären
1272 1687 120 36 anfört
1421 1685 173 47 följande:

310 1825 13 18 »
332 1802 508 55 Skiljemannainstitutionen
873 1801 65 35 har
967 1799 14 35 i
1000 1801 81 33 vårt
1100 1797 86 35 land
1207 1794 145 37 erhållit
1372 1805 46 24 en
1437 1791 140 49 ganska
1597 1788 200 37 vidsträckt
1811 1788 200 29 Motionärens

198 1862 247 47 användning.
504 1861 138 35 Genom
681 1855 153 47 frivillig
863 1851 350 39 överenskommelse
1242 1847 217 48 hänskjutas
1489 1845 75 35 ofta
1592 1843 55 36 till
1675 1841 122 48 skilje-
1820 1831 179 37 motivering.

199 1924 101 30 mäns
329 1915 204 49 avgörande
561 1913 112 35 redan
701 1909 210 48 uppkomna
940 1907 87 35 eller
1056 1904 192 36 framdeles
1277 1901 172 48 möjligen
1477 1897 226 49 uppstående
1731 1895 66 36 tvi-

199 1976 83 32 ster.
342 1970 159 36 Sålunda
529 1967 142 46 intages
700 1968 25 32 t.
757 1976 55 22 ex.
845 1961 146 48 mycket
1019 1959 75 36 ofta
1123 1958 13 35 i
1164 1955 176 38 kontrakt
1368 1967 55 23 om
1449 1954 215 41 leveranser,
1687 1950 112 47 bygg-

199 2025 242 45 nadsföretag,
477 2020 177 38 arrenden
683 2032 45 21 m.
760 2030 45 22 m.
838 2022 167 29 ävensom
1033 2013 14 35 i
1075 2010 243 48 bolagsregler
1339 2009 66 35 och
1425 2008 111 34 andra
1555 2005 245 47 reglementen

201 2078 200 48 stadgande
448 2077 133 41 därom,
613 2076 53 33 att
693 2070 129 38 tvister
851 2068 152 37 rörande
1032 2066 331 36 kontrahenternas
1392 2062 85 35 eller
1506 2060 212 46 delägarnes
1747 2056 52 35 in-

200 2134 129 36 bördes
371 2127 345 39 rättsförhållanden
757 2124 81 36 icke
880 2122 99 46 finge
1013 2121 128 46 dragas
1175 2118 97 35 inför
1303 2115 152 37 domstol
1482 2117 88 32 utan
1598 2111 117 37 skulle
1744 2123 57 23 av-

202 2193 104 42 göras
344 2198 44 24 av
422 2183 203 49 skiljemän.
685 2180 110 35 Detta
824 2178 71 34 sätt
924 2175 55 36 för
1007 2173 204 48 avgörande
1241 2171 86 35 eller
1356 2167 216 48 biläggande
1602 2178 43 23 av
1672 2164 130 36 tvister

204 2247 38 29 är
270 2240 13 35 i
313 2239 29 48 ej
375 2239 104 46 ringa
508 2238 83 33 mån
621 2235 112 47 ägnat
761 2234 54 34 att
843 2230 224 36 förekomma
1095 2226 225 46 rättsfrågor,
1351 2223 99 37 vilka
1471 2220 200 36 merendels
1692 2219 111 45 draga

249 2301 132 40 Bihang
397 2299 48 32 till
458 2298 190 39 riksdagens
656 2292 159 44 protokoll
829 2293 95 30 1918.
954 2294 19 28 9
987 2289 90 32 saml.
1106 2291 20 28 8
1138 2286 83 41 häft.
1248 2286 71 41 (Nr
1332 2284 70 38 10.)
1741 2280 15 30 1
