1874 2842
243 172 118 32 Andra
385 173 202 31 kammarens
611 172 106 42 tredje
741 171 170 41 tillfälliga
934 173 135 30 utskotts
1094 172 164 31 utlåtande
1282 173 54 30 Nr
1360 175 30 29 8.
1550 174 19 30 9

82 271 56 21 om
161 262 97 30 stora
280 260 155 38 företag,
458 270 105 29 synes
585 270 82 22 man
691 260 180 32 måhända
894 260 120 32 därtill
1038 261 11 31 i
1071 260 118 32 första
1211 261 96 31 hand
1330 261 88 31 böra
1441 262 127 31 under-

80 305 86 32 söka
185 305 233 38 möjligheten
440 305 60 31 för
520 315 43 21 en
584 305 139 31 fastare
745 304 246 38 organisation
1013 314 45 22 av
1079 305 97 31 detta
1198 305 213 37 inflytande.

127 349 182 39 Styrelsen
328 350 68 31 har
416 350 126 31 endast
561 349 138 32 kunnat
717 348 161 32 meddela
898 349 103 31 dessa
1022 348 95 33 olika
1134 348 104 32 fakta
1259 349 63 31 och
1344 349 222 38 synpunkter

80 394 54 32 till
156 395 59 31 det
234 394 110 32 värde
364 395 41 32 de
426 394 120 32 kunna
568 393 151 39 erbjuda
741 393 59 32 vid
822 393 60 32 det
902 393 228 32 förestående
1151 393 247 38 bedömandet,
1421 403 55 22 om
1499 393 66 32 den

80 438 207 38 föreslagna
309 439 238 37 utredningen
569 438 89 32 skall
679 437 187 38 företagas
888 436 84 34 eller
994 437 86 32 icke.

126 519 203 33 Stockholm
349 519 67 33 den
436 520 19 31 9
475 528 97 23 mars
593 519 98 31 1932.

449 599 175 33 KUNGL.
651 598 538 33 JÄRNVÄGSSTYRELSEN.

643 680 102 27 AXEL
767 679 231 28 GRANHOLM.

122 747 83 24 ERIK
226 747 214 24 MALMKVIST.

253 792 51 31 Tjf.

126 1012 66 32 Till
212 1012 225 38 Riksdagens
458 1011 117 32 första
595 1011 205 32 kammares
819 1011 113 31 andra
952 1010 183 38 tillfälliga
1157 1010 147 32 utskott.

126 1101 82 33 Med
224 1101 173 33 skrivelse
415 1099 53 33 till
487 1101 159 32 Svenska
663 1100 393 38 järnvägsföreningen
1076 1101 65 31 den
1161 1101 44 30 30
1222 1100 180 31 nästlidne
1420 1099 146 38 januari

79 1146 68 32 har
173 1146 183 37 utskottet,
390 1146 5 31 i
422 1145 165 32 ändamål
614 1147 53 30 att
693 1145 131 32 bereda
850 1145 216 37 föreningen
1092 1144 142 32 tillfälle
1262 1145 54 30 att
1342 1144 129 37 avgiva
1498 1144 69 37 ytt-

79 1192 111 31 rande
205 1193 85 30 över
305 1191 217 37 densamma,
539 1191 169 31 översänt
722 1191 52 30 ett
789 1189 183 39 exemplar
987 1199 46 21 av
1048 1199 42 22 en
1107 1189 95 32 inom
1219 1188 212 38 riksdagens
1448 1188 117 32 första

80 1236 183 32 kammare
284 1245 46 22 av
349 1236 87 31 herr
457 1235 127 32 Albert
605 1234 177 33 Forslund
805 1234 107 32 väckt
931 1234 145 37 motion,
1100 1234 11 31 i
1133 1233 118 32 vilken
1273 1232 215 38 hemställes,
1513 1233 53 30 att

80 1280 192 38 riksdagen
292 1280 112 32 måtte
424 1280 11 31 i
457 1279 172 33 skrivelse
648 1279 54 32 till
724 1278 131 38 Kungl.
878 1278 114 38 Maj:t
1010 1277 188 33 hemställa
1220 1287 56 22 om
1298 1277 193 38 skyndsam
1512 1278 54 30 ut-

81 1325 161 38 redning,
262 1325 180 31 huruvida
462 1324 63 32 och
546 1324 11 31 i
577 1324 117 31 vilken
716 1323 253 37 utsträckning
988 1332 43 22 en
1052 1322 111 32 sådan
1183 1322 209 32 ekonomisk
1411 1330 156 23 samver-

79 1370 71 31 kan
177 1370 42 32 de
246 1369 92 33 olika
365 1368 366 40 järnvägsföretagen
759 1367 149 33 emellan
935 1367 71 31 kan
1034 1366 275 38 åvägabringas,
1338 1375 75 23 som
1440 1375 128 28 genom

81 1415 195 37 uttagande
298 1424 45 21 av
365 1423 44 23 en
433 1413 154 32 särskild
612 1412 347 39 utjämningsavgift
981 1412 141 31 lämnar
1144 1410 190 39 möjlighet
1357 1410 59 31 för
1440 1410 126 31 bestri-

80 1459 131 32 dandet
227 1468 45 22 av
287 1458 332 39 hjälpverksamhet
635 1457 53 32 till
706 1456 333 39 järnvägsföretag,
1057 1455 96 31 vilka
1171 1455 96 32 efter
1284 1454 130 38 Kungl.
1434 1454 131 37 Maj:ts

79 1503 179 39 prövning
280 1503 11 31 i
314 1503 103 37 varje
440 1502 148 32 särskilt
609 1501 65 32 fall
696 1501 124 31 kunna
842 1510 88 21 vara
954 1500 10 31 i
987 1500 116 31 behov
1124 1509 45 21 av
1192 1498 224 32 ekonomiskt
1439 1498 127 31 under-

80 1548 80 32 stöd
180 1548 61 31 för
261 1547 181 32 trafikens
465 1546 174 32 fortsatta
661 1544 284 38 ombesörjande,
969 1545 95 31 samt
1086 1544 54 31 att
1162 1542 130 38 Kungl.
1318 1542 115 38 Maj:t
1454 1542 111 31 måtte

80 1593 60 32 för
161 1592 192 37 riksdagen
374 1590 206 38 framlägga
600 1589 139 38 förslag
761 1590 11 31 i
794 1590 130 31 ämnet.

126 1638 15 30 I
165 1636 193 38 anledning
380 1636 115 31 härav
516 1635 61 31 får
600 1634 215 38 föreningen
839 1633 150 32 härmed
1011 1635 90 29 äran
1125 1632 130 31 anföra
1279 1631 173 38 följande.

126 1682 71 31 För
216 1682 56 31 sin
294 1681 54 32 del
367 1680 114 32 håller
502 1679 213 38 föreningen
736 1679 91 37 före,
849 1679 55 30 att
925 1678 59 32 det
1004 1677 76 32 icke
1101 1676 121 32 finnes
1244 1675 105 38 giltig
1369 1675 117 38 grund
1507 1674 59 32 för

80 1727 54 31 att
155 1726 232 31 beträffande
410 1725 41 32 de
475 1724 160 33 enskilda
657 1724 259 37 järnvägarna,
939 1721 98 32 vilka
1057 1722 41 37 ju
1121 1731 65 21 var
1208 1720 60 32 för
1292 1720 57 37 sig
1371 1722 63 29 äro
1457 1718 109 39 själv-

80 1771 167 37 ständiga
267 1770 155 37 företag,
445 1769 174 39 påfordra
641 1767 86 33 eller
748 1768 220 37 ifrågasätta
989 1776 43 22 en
1055 1765 244 37 särställning,
1322 1765 11 31 i
1356 1763 209 39 jämförelse

80 1815 79 32 med
177 1815 114 31 andra
309 1814 154 38 företag,
484 1813 137 32 därhän
641 1814 54 30 att
715 1813 41 31 de
775 1811 99 33 skola
894 1821 87 21 vara
1001 1810 165 38 skyldiga
1184 1810 54 31 att
1257 1809 96 31 efter
1371 1808 73 32 viss
1463 1817 103 22 norm

78 1879 47 4 —
148 1859 295 37 trafikmängden
468 1877 47 5 —
538 1857 119 32 lämna
681 1857 129 37 bidrag
837 1855 85 32 eller
947 1855 81 31 med
1053 1854 114 31 andra
1192 1854 63 31 ord
1282 1852 103 32 avstå
1411 1852 72 32 viss
1511 1851 54 32 del

80 1914 45 21 av
148 1904 78 31 sina
249 1902 196 38 tillgångar
468 1904 55 29 att
547 1902 183 31 användas
754 1900 54 32 till
833 1899 101 38 hjälp
960 1899 65 32 och
1049 1898 78 32 stöd
1153 1898 39 31 åt
1216 1897 135 32 sådana
1376 1896 190 38 järnvägs-

79 1948 154 37 företag,
257 1957 76 22 som
356 1947 121 31 kunna
500 1955 89 22 vara
612 1946 11 30 i
647 1945 114 31 behov
784 1945 122 31 därav.
932 1944 76 30 Den
1033 1941 311 37 omständigheten
1369 1941 55 30 att
1447 1941 118 30 staten

80 1992 135 32 lämnat
232 1991 59 32 lån
310 1991 53 32 till
382 1990 200 38 betydande
599 1989 126 38 belopp
743 1988 56 32 till
819 1987 162 33 enskilda
997 1987 200 38 järnvägar
1216 1988 95 30 samt
1329 1986 70 31 kan
1419 1986 146 32 befaras

79 2036 141 32 komma
241 2037 56 30 att
317 2035 40 32 få
378 2035 199 31 vidkännas
598 2033 174 32 förluster
794 2033 46 38 på
863 2033 102 31 dessa
986 2031 61 32 lån
1068 2031 71 32 kan
1160 2030 154 38 givetvis
1337 2030 76 32 icke
1437 2031 128 36 utgöra

79 2081 158 31 bärande
257 2079 212 38 rättsgrund
487 2079 60 32 för
566 2079 54 31 att
638 2077 128 38 ålägga
786 2078 248 37 järnvägarna
1054 2085 43 22 en
1117 2075 111 32 sådan
1250 2074 212 38 skyldighet.
1485 2073 80 32 Icke

79 2125 111 32 heller
206 2125 96 31 lärer
320 2125 66 31 den
406 2123 309 37 omständigheten
733 2123 55 30 att
806 2122 66 31 den
891 2120 229 32 verksamhet
1136 2119 86 32 eller
1240 2119 67 31 den
1326 2117 143 38 rörelse,
1490 2127 75 23 som

78 2170 247 37 järnvägarna
344 2168 159 37 bedriva,
523 2170 42 29 är
584 2177 45 21 av
649 2176 137 22 samma
806 2165 79 38 slag
904 2165 161 37 skäligen
1086 2165 120 31 kunna
1227 2164 124 37 läggas
1372 2163 54 32 till
1447 2163 117 38 grund

78 2214 60 31 för
166 2213 197 37 stadgande
392 2222 45 22 av
465 2212 96 37 dylik
589 2211 213 38 skyldighet.
834 2211 226 36 Föreningen
1088 2209 70 31 kan
1188 2210 76 31 icke
1293 2209 186 32 föreställa
1509 2210 56 37 sig

79 2259 111 31 annat
210 2260 57 34 än,
289 2258 54 30 att
365 2257 60 31 det
445 2256 112 31 skulle
579 2255 149 31 allmänt
750 2255 65 31 och
836 2254 159 37 kraftigt
1016 2263 168 28 reageras
1207 2255 75 30 mot
1305 2253 191 32 införande
1520 2263 45 21 av

78 2312 44 22 en
145 2302 110 31 sådan
278 2301 154 36 ordning
453 2310 75 21 som
550 2300 66 31 den
639 2309 45 21 av
704 2299 224 31 motionären
951 2297 220 37 ifrågasatta
1194 2297 234 31 beträffande
1450 2307 115 21 exem-

78 2345 112 39 pelvis
215 2345 319 36 rederiföretagen,
557 2343 188 36 företagen
770 2342 60 31 för
853 2341 172 32 drivande
1049 2351 45 21 av
1118 2340 321 37 automobiltrafik,
1464 2341 100 37 spår-

79 2389 289 37 vägsföretagen,
389 2387 85 32 eller
495 2389 175 30 utövarna
691 2396 45 21 av
756 2395 120 22 annan
898 2384 142 32 rörelse.

126 2433 212 32 Införandet
358 2442 45 22 av
423 2441 44 23 en
488 2431 96 38 dylik
605 2430 155 37 ordning
780 2430 112 32 skulle
915 2430 10 31 i
949 2430 186 32 realiteten
1159 2431 173 32 innebära
1355 2432 52 31 ett
1429 2431 136 37 beslag-

79 2478 154 37 tagande
252 2487 45 22 av
314 2487 42 22 en
379 2476 53 32 del
453 2485 45 22 av
516 2475 265 31 vederbörande
802 2474 162 37 företags
984 2474 196 38 tillgångar
1198 2475 11 31 i
1231 2475 165 31 ändamål
1418 2477 54 29 att
1492 2475 72 32 låta

79 2523 59 32 det
162 2522 233 37 beslagtagna
419 2520 141 32 komma
584 2520 113 31 andra
723 2519 168 31 liknande
916 2518 144 38 företag
1084 2518 53 31 till
1163 2519 101 37 godo.
1292 2519 120 37 Något
1436 2520 129 31 sådant

112 2585 108 32 Bihang
240 2585 42 26 till
300 2584 157 32 riksdagens
472 2582 135 34 protokoll
626 2583 79 25 1932.
745 2582 33 26 13
797 2582 77 25 saml.
913 2583 16 23 3
947 2581 60 25 avd.
1048 2583 16 24 7
1083 2581 68 32 häft.
1190 2582 55 32 (Nr
1263 2582 36 28 9.
1516 2582 15 25 2
