2222 2628
419 166 40 31 70
838 168 347 34 Jordbruksutskottets
1208 171 165 33 utlåtande
1399 173 50 31 Nr
1472 175 51 30 67.

1147 250 20 30 4
1191 250 28 40 8.

415 348 5 6 |
507 305 218 42 Gottgörelse,
761 318 71 22 som
867 308 103 41 enligt
999 309 106 33 denna
1128 310 193 42 förordning
1343 311 60 32 bör
1426 312 124 40 gäldas,
1575 313 86 32 skall
1685 315 79 30 utan
1788 314 161 32 avseende
1973 315 19 31 å

375 351 81 30 tvist
479 359 54 22 om
556 351 142 39 ägande-
722 351 81 33 eller
827 352 266 42 besittningsrätt
1116 354 153 41 erläggas
1293 365 43 21 av
1359 355 71 39 den,
1454 366 71 22 som
1549 356 55 33 vid
1627 357 158 41 räknings
1810 357 183 41 avgivande

374 392 88 39 eller,
486 393 42 32 då
550 393 97 41 fråga
669 398 37 28 är
730 405 54 22 om
808 395 210 42 förrättning,
1043 407 71 22 som
1138 398 165 32 erfordrar
1326 398 223 41 fastställelse,
1575 402 112 31 senast
1710 400 56 33 vid
1786 401 206 32 fastställan-

373 436 55 32 det
450 436 137 33 innehar
607 438 125 41 jorden.

1118 521 19 29 2
1161 519 82 42 Kap.

1067 606 237 42 Detaljarvode.

1148 695 19 30 5
1192 694 27 41 8.
1492 736 5 4 |

153 765 125 25 Kallelse
299 766 55 25 och
504 748 63 34 För
592 752 90 40 varje
705 751 155 33 utfärdad
882 752 137 33 kallelse
1044 753 79 33 eller
1145 755 198 40 kungörelse
1366 755 51 32 till
1441 755 201 41 förrättning
1665 756 99 41 utgår
1781 755 120 33 arvode
1918 756 73 31 med

162 800 178 32 kungörelse.
373 792 40 31 930
438 796 66 29 öre,

1145 842 18 31 6
1189 842 27 40 8.

153 892 194 51 Ägomätning
506 899 27 30 1.
580 898 64 32 För
667 900 215 41 ägomätning
905 900 55 33 vid
983 901 114 42 vanlig
1119 902 150 42 mätning
1292 904 99 40 utgår
1415 903 130 39 arvode,
1569 908 61 27 när
1652 904 100 31 karta
1776 903 215 42 upprättats
1973 894 21 55 i

167 939 48 24 vid
234 940 99 39 vanlig
371 941 11 32 i
406 941 95 32 skala
526 943 12 30 I
557 943 128 38 :4,000,
710 944 88 32 med:

179 972 136 58 mätning.
504 985 31 41 a)
560 986 185 42 ersättning
769 987 70 33 dels
862 988 52 32 för
938 989 92 40 varje
1053 989 174 33 kilometer
1251 1000 42 22 av
1309 990 335 40 mätningsområdets
1659 992 230 39 yttergränser
1904 992 88 30 samt

371 1029 203 41 sjöstränder
608 1030 61 32 och
704 1032 153 31 stränder
880 1042 42 21 av
944 1032 201 41 vattendrag
1167 1033 74 31 med
1265 1044 40 21 en
1328 1034 208 31 medelbredd
1559 1045 41 20 av
1624 1034 101 31 minst
1752 1035 38 30 15
1814 1035 116 38 meter,
1955 1034 37 31 så

372 1073 63 31 ock
469 1083 43 21 av
546 1073 123 32 sådana
704 1078 211 37 ägogränser,
946 1086 71 21 som
1048 1077 38 30 så
1108 1076 66 32 vitt
1197 1076 55 32 vid
1275 1076 315 41 mätningstillfället
1611 1077 68 32 kan
1703 1082 142 36 avgöras
1865 1077 127 41 jämväl

372 1116 144 32 därefter
544 1117 93 32 skola
661 1116 182 34 bibehållas
866 1119 109 31 såsom
999 1119 134 39 sådana,
1158 1120 73 32 med
1255 1119 11 32 i
1290 1120 80 32 åker
1394 1121 19 30 3
1436 1121 122 31 kronor
1581 1120 52 33 för
1656 1121 62 32 rak
1741 1121 62 32 och
1827 1122 18 30 5
1870 1121 121 32 kronor

371 1159 52 33 för
456 1159 121 43 krokig
610 1160 77 42 linje
722 1163 89 30 samt
833 1162 12 31 i
868 1172 107 22 annan
1009 1163 97 31 mark
1140 1165 19 29 5
1193 1163 123 32 kronor
1339 1163 52 32 för
1414 1164 61 31 rak
1498 1164 61 32 och
1586 1165 37 31 11
1649 1165 123 31 kronor
1795 1164 53 32 för
1870 1164 121 41 krokig

370 1203 78 42 linje
484 1203 62 32 och
580 1204 78 39 dels,
683 1204 42 32 då
748 1205 185 41 inmätning
957 1216 41 21 av
1022 1210 164 37 ägogräns
1210 1207 92 32 skett
1325 1207 73 32 med
1422 1207 129 33 direkta
1574 1208 96 39 mått,
1697 1209 74 31 med
1795 1209 41 31 50
1861 1212 55 28 öre
1940 1208 52 32 för

371 1247 92 41 varje
484 1247 45 42 på
551 1248 118 32 sådant
692 1250 70 31 sätt
785 1248 120 34 inmätt
928 1249 80 32 änd-
1032 1250 80 32 eller
1135 1250 292 42 brytningspunkt;

502 1291 33 42 b)
560 1302 53 22 om
637 1292 238 41 stommätning
902 1293 123 32 utförts
1048 1304 118 30 genom
1188 1294 305 42 polygonmätning,
1519 1295 186 41 ersättning
1727 1295 75 32 med
1826 1296 19 31 6
1868 1295 123 32 kronor

371 1334 51 32 för
444 1335 93 41 varje
560 1336 264 42 polygonpunkt;
851 1337 85 32 dock
959 1339 51 30 att
1034 1337 185 41 ersättning
1241 1338 74 32 icke
1340 1340 70 30 mot
1432 1339 204 40 sakägarnas
1660 1338 209 33 bestridande
1893 1340 98 40 utgår

371 1378 51 32 för
445 1380 107 31 större
576 1380 90 32 antal
687 1380 146 42 punkter
857 1385 41 27 än
921 1381 188 40 sakägarna
1131 1383 41 40 på
1196 1381 141 32 förhand
1360 1382 172 41 medgivit;

503 1423 30 41 c)
567 1433 39 22 en
641 1423 84 33 efter
760 1424 40 32 de
824 1424 88 32 olika
936 1425 179 41 ägoslagen
1139 1425 61 32 och
1224 1426 246 41 ägofigurernas
1493 1425 198 33 medelareal
1714 1426 132 41 lämpad
1870 1427 120 31 ersätt-

370 1465 79 42 ning
472 1466 103 41 enligt
598 1466 144 42 följande
764 1468 104 33 tariff:

1104 1564 105 32 Tariff
1227 1565 24 31 I.

1052 1644 257 32 Mätningstariff.

755 1730 84 29 Aker,
859 1732 81 29 tomt,
959 1730 134 32 trädgård
1175 1742 65 38 Äng
1260 1748 55 25 och
1335 1748 193 32 odlingsmark
1619 1729 242 32 Avrösningsjord
1880 1729 54 25 och

457 1759 173 49 Medelareal
889 1774 24 16 o.
936 1765 18 24 d
1523 1802 44 2 od
1647 1765 222 39 impediment

443 1797 45 25 för
495 1794 152 69 ygoligar;
1127 1820 277 31 Öretal
1459 1827 65 24 fö
1555 1835 108 31 po
1786 1864 4 2 |

727 1857 161 60 ”ägofigur
925 1884 1 25 |
959 1864 164 40 hektar
1133 1864 23 2 |
1191 1880 66 7 ägofi
1353 1888 22 23 >
1412 1879 101 25 hektar
1606 1878 130 33 ägofigur
1776 1904 2 7 |
1835 1878 101 24 hektar

394 1973 17 24 0
475 1973 111 24 -—0.125
605 1993 99 5 sn.
835 1975 15 25 5
1011 1976 52 25 212
1259 1977 16 24 5
1438 1976 49 25 156
1572 1978 12 40 l
1684 2000 15 25 5
1879 2000 34 26 88

393 2025 175 25 0.125—0.25
605 2046 98 4 su...
818 2028 32 24 17
1012 2029 51 24 116
1242 2029 33 24 14
1454 2028 34 24 8

393 2077 59 26 0.25
475 2078 75 25 —0.5
571 2098 132 6 susen
816 2079 34 25 24
1029 2081 34 25 88
1243 2081 32 26 18
1454 2080 34 25 68
1668 2079 33 25 14
1879 2081 34 26 52

369 2136 3 8 |
392 2131 42 24 0.5
473 2132 171 24 —Lossssenerso
653 2152 50 4 rena
816 2131 34 25 36
1029 2134 34 25 64
1232 2131 43 27 "26
1454 2132 33 25 52
1666 2133 35 24 20
1878 2134 36 25 40

394 2184 13 24 1
534 2203 157 5 soon
816 2183 35 26 30
1029 2186 34 25 50
1240 2186 35 25 42
1454 2185 34 25 36
1665 2185 33 25 31
1879 2186 34 24 29

393 2237 16 24 2
472 2237 230 25 Iden
817 2237 33 25 72
1028 2238 34 25 39
1241 2238 34 25 52
1453 2237 32 25 31
1665 2238 33 25 41
1879 2238 34 24 24
