2202 2626
428 164 18 31 6
849 166 347 33 Jordbruksutskottets
1219 166 165 34 utlåtande
1407 168 54 32 Nr
1486 170 50 31 67.

513 242 35 49 4)
590 243 55 37 Nr
688 246 72 35 390
802 245 12 36 i
853 245 118 36 andra
1008 246 222 37 kammaren
1269 260 44 23 av
1346 248 87 36 herr
1462 249 122 36 Molin
1612 249 12 35 i
1652 248 342 49 Dombäcksmark,

380 295 81 36 vari
490 295 226 49 hemställts,
746 302 54 31 att
827 297 208 48 riksdagen
1065 300 116 35 måtte

512 348 73 36 dels
626 348 11 35 i
680 348 183 37 samband
906 349 84 36 med
1033 349 281 49 godkännande
1357 364 47 23 av
1446 352 144 49 förslag
1624 352 58 36 till
1710 358 75 31 stat
1813 352 57 37 för
1897 353 98 36 lant-

381 399 324 37 mäterikontoren
734 400 11 36 i
773 401 114 36 länen
916 401 212 48 hemställa,
1158 408 54 30 att
1239 402 141 49 Kungl.
1409 403 109 49 Maj:t
1545 408 117 32 måtte
1690 417 39 23 se
1756 404 67 48 till,
1846 410 54 31 att
1924 405 72 36 alla

380 451 291 49 upplysningar,
709 465 79 23 som
832 453 130 36 kunna
1003 453 159 37 erhållas
1205 468 46 22 av
1288 454 45 37 de
1362 455 130 36 kartor
1520 456 71 36 och
1620 456 241 49 handlingar,
1892 456 103 37 vilka

379 503 123 36 finnas
539 503 11 35 i
587 504 401 37 lantmäterikontoren
1021 506 12 35 i
1060 505 126 48 länen,
1230 509 115 34 måtte
1387 507 306 37 tillhandahållas
1738 508 256 37 allmänheten

378 560 91 30 utan
507 568 125 23 annan
669 555 173 49 kostnad,
881 562 47 31 än
966 557 71 36 den
1078 570 82 23 som
1190 557 170 38 kommer
1388 563 56 32 att
1472 562 92 46 utgå
1593 563 124 33 såsom
1747 560 163 49 stämpel
1938 560 56 36 till

378 606 237 48 statsverket,
654 611 180 34 ävensom
864 613 56 31 att
948 609 403 38 lantmäterikontoren
1381 611 107 36 skola
1516 611 117 37 hållas
1663 611 245 49 tillgängliga
1938 611 58 37 för

377 658 256 37 allmänheten
662 662 21 33 å
711 660 198 48 tjänstetid
940 661 72 36 alla
1040 661 280 49 söckendagar;

509 712 75 35 dels
626 711 57 36 för
723 713 58 35 sin
823 712 60 37 del
925 712 147 37 besluta
1105 713 33 49 ej
1170 714 145 36 mindre
1343 714 170 50 lindring
1540 715 11 36 i
1579 715 187 36 villkoren
1795 715 59 36 för
1883 719 111 32 stats-

377 762 139 49 bidrag
543 763 57 35 till
624 763 546 50 jorddelningsförrättningar
1195 765 116 37 minst
1331 767 12 35 i
1363 766 71 36 den
1455 767 280 48 utsträckning,
1756 779 82 24 som
1859 767 133 36 motio-

377 819 119 31 nären
523 815 56 35 uti
608 815 60 36 sin
698 816 144 36 motion
873 830 44 22 nr
946 818 71 34 371
1049 817 65 36 vid
1147 819 96 34 1919
1274 820 58 34 års
1360 818 159 49 riksdag
1547 819 158 47 avgivit,
1735 823 47 31 än
1812 823 96 32 även
1938 824 55 31 att

377 870 126 32 staten
545 866 96 36 skall
682 867 112 49 gälda
837 868 255 41 kostnaderna
1134 869 58 36 för
1228 870 98 47 gode
1355 874 109 32 mäns
1495 870 145 36 biträde
1671 870 62 36 vid
1761 870 231 37 lantmäteri-

376 917 274 49 förrättningar
679 919 12 35 i
720 919 171 49 enlighet
933 920 84 36 med
1055 920 63 36 det
1151 921 155 49 förslag,
1337 934 81 24 som
1452 924 96 34 1917
1579 925 59 33 års
1666 922 326 37 lantmäterikom-

375 969 158 37 mission
561 970 147 49 avgivit
735 971 11 36 I
774 976 140 43 ämnet,
944 978 98 31 samt
1061 972 12 35 i
1094 972 210 50 anledning
1327 973 118 36 härav
1464 974 89 49 höja
1573 974 137 36 nionde
1730 974 262 36 huvudtitelns

375 1021 188 37 ordinarie
591 1022 304 50 förslagsanslag
923 1024 56 35 till
1006 1037 98 23 rese-
1133 1024 71 36 och
1228 1025 472 49 traktamentspenningar
1719 1025 85 37 med
1827 1027 164 46 200,000

375 1072 156 46 kronor;

505 1126 75 36 dels
608 1128 62 34 ock
699 1130 54 32 att
780 1126 209 49 riksdagen
1017 1127 90 37 ville
1136 1128 150 36 besluta
1314 1128 118 36 sådan
1462 1128 165 49 ändring
1654 1129 11 35 i
1695 1129 143 48 Kungl.
1863 1130 128 48 Maj:ts

375 1177 155 47 förslag,
560 1183 55 30 att
644 1177 46 36 de
719 1178 251 49 synpunkter,
1001 1192 81 23 som
1112 1180 168 48 angivits
1309 1180 11 35 i
1350 1180 87 36 herr
1466 1180 186 36 Vasseurs
1680 1181 233 36 reservation
1934 1182 56 35 till

377 1230 98 35 1919
505 1231 60 34 års
590 1228 377 50 jordbruksutskotts
996 1231 194 36 utlåtande
1218 1245 45 22 nr
1285 1233 70 35 103
1380 1231 163 37 rörande
1562 1232 428 50 lantmäteristyrelsens

372 1280 293 49 inspekterande
692 1282 256 48 verksamhet,
978 1285 116 34 måtte
1121 1283 118 36 vinna
1268 1283 223 37 beaktande.

504 1332 238 38 Beträffande
771 1333 45 37 de
846 1334 94 47 skäl,
971 1347 81 23 som
1082 1335 146 36 anförts
1262 1335 56 36 till
1347 1336 85 35 stöd
1462 1336 57 36 för
1548 1336 46 36 de
1622 1336 137 49 gjorda
1788 1337 202 36 framställ-

373 1384 199 49 ningarna,
602 1384 181 37 hänvisas
811 1386 58 35 till
899 1387 249 36 motionerna.

503 1436 128 37 Redan
662 1436 58 37 för
752 1439 97 35 1919
881 1441 59 33 års
968 1437 159 50 lagtima
1155 1438 159 50 riksdag
1342 1438 184 38 framlade
1553 1439 143 49 Kungl.
1729 1440 106 50 Maj:t
1862 1442 12 35 i
1903 1455 85 35 pro-

373 1488 169 49 position
575 1501 46 23 nr
650 1490 73 35 355
753 1490 194 49 åtskilliga
977 1490 143 48 förslag
1149 1490 11 36 i
1190 1491 141 48 frågor,
1358 1504 83 23 som
1462 1491 159 37 berörde
1640 1492 349 49 lantmäteriväsen-

372 1540 77 47 det,
492 1545 97 31 samt
617 1541 140 36 äskade
785 1541 116 49 höjda
931 1543 134 47 anslag
1093 1543 59 35 för
1181 1542 216 38 ändamålet
1427 1549 180 31 ävensom
1637 1543 56 37 till
1722 1544 267 50 ålderstillägg

375 1597 100 31 samt
515 1605 99 23 rese-
648 1592 71 37 och
748 1593 471 38 traktamentskostnader.
1275 1595 401 37 Jordbruksutskottet
1703 1596 152 49 yttrade
1885 1597 62 48 sig
1977 1598 11 35 i

371 1643 195 36 utlåtande
595 1657 45 22 nr
670 1645 71 35 103
771 1650 92 31 över
892 1646 287 49 propositionen
1204 1647 121 48 jämte
1354 1647 59 49 sju
1442 1646 12 36 i
1482 1653 127 31 ämnet
1627 1648 138 36 väckta
1785 1648 200 37 motioner.

371 1694 196 38 Utskottet
608 1695 225 38 hemställde
876 1710 60 24 om
980 1698 133 49 avslag
1142 1701 20 33 å
1190 1698 164 37 nämnda
1382 1699 241 49 proposition
1652 1705 98 31 samt
1779 1706 55 30 att
1863 1701 45 36 de
1939 1714 47 23 av

369 1747 287 49 propositionen
699 1749 157 36 berörda
899 1749 183 49 anslagen
1124 1750 58 35 till
1223 1750 407 37 lantmäteriväsendet
1662 1752 70 36 och
1761 1752 56 36 till
1847 1752 139 37 ålders-

369 1798 141 50 tillägg
551 1802 117 34 måtte
701 1800 59 36 för
789 1803 40 33 år
861 1803 99 34 1920
988 1807 190 44 upptagas
1209 1802 84 36 med
1321 1802 252 37 oförändrade
1601 1803 138 49 belopp
1769 1804 11 35 i
1810 1808 176 32 överens-

370 1850 218 37 stämmelse
631 1852 85 36 med
762 1853 96 35 1919
903 1855 60 34 års
1006 1854 158 36 riksstat
1202 1858 181 32 ävensom
1413 1859 56 31 att
1497 1855 172 48 anslaget
1698 1855 58 36 till
1784 1869 101 23 rese-
1913 1856 72 36 och

370 1902 471 50 traktamentspenningar
882 1908 118 33 måtte
1041 1905 109 48 höjas
1193 1906 158 36 allenast
1391 1906 85 36 med
1514 1912 52 31 ett
1595 1907 157 47 mindre,
1783 1921 47 22 av
1859 1921 126 23 annan

369 1954 114 47 orsak
511 1954 179 38 föranlett
718 1955 149 50 belopp.
910 1956 76 37 Vid
1013 1957 206 37 utskottets
1239 1958 194 36 utlåtande
1452 1971 93 23 voro
1565 1958 138 49 fogade
1723 1959 74 37 fem
1817 1972 168 24 reserva-

368 2005 138 47 tioner,
536 2019 48 22 av
612 2007 102 36 vilka
742 2010 64 34 två
835 2014 81 30 mot
944 2009 292 49 motiveringen.
1292 2009 16 36 I
1338 2009 45 36 de
1411 2014 57 32 tre
1497 2009 133 50 övriga
1658 2011 327 37 reservationerna

368 2057 230 49 tillstyrktes
627 2058 144 49 Kungl.
803 2059 130 50 Maj:ts
962 2060 145 49 förslag
1131 2060 86 37 med
1238 2062 102 35 vissa
1354 2061 261 49 jämkningar.
1658 2062 104 37 Enär
1780 2063 205 37 kamrarna

369 2109 186 37 stannade
583 2109 12 35 i
625 2110 100 35 olika
752 2110 135 49 beslut,
917 2112 12 35 i
959 2112 63 37 det
1051 2117 54 31 att
1132 2112 122 37 första
1282 2113 221 37 kammaren
1523 2114 117 48 följde
1659 2114 324 50 utskottsmajori-

368 2166 102 31 teten
512 2161 70 36 och
621 2160 118 51 andra
766 2162 223 38 kammaren
1019 2164 59 36 för
1106 2164 58 36 sin
1193 2164 60 36 del
1282 2171 119 42 antog
1429 2165 74 37 den
1532 2167 244 47 reservation,
1807 2180 82 23 som
1920 2181 63 22 av-

365 2213 119 48 givits
513 2226 48 23 av
590 2212 87 37 herr
707 2204 129 59 Öberg
864 2228 49 23 m.
936 2215 50 47 fl.,
1008 2215 141 37 skedde
1169 2229 223 35 gemensam
1413 2217 189 49 votering,
1623 2219 132 35 varvid
1775 2218 208 37 utskottets

368 2265 147 48 förslag
544 2265 162 49 segrade
735 2266 85 37 med
852 2268 73 35 148
955 2272 122 32 röster
1105 2274 80 30 mot
1216 2270 84 35 139.

497 2316 234 50 Ytterligare
768 2319 208 49 utredning
1004 2320 11 35 i
1044 2320 104 36 detta
1185 2324 111 33 ämne
1332 2321 67 36 har
1433 2334 63 35 nu,
1527 2323 125 35 såsom
1681 2324 39 33 år
1751 2323 97 35 1919
1879 2322 102 36 inom
