2198 2632
730 157 343 35 Jordbruksutskottets
1096 144 162 51 utlåtande
1280 164 53 31 Nr
1356 165 51 32 67.
1749 169 38 31 71

360 230 63 33 Vid
456 232 180 43 beräkning
670 245 41 21 av
745 237 185 42 ersättning
963 238 102 42 enligt
1088 240 104 33 denna
1214 241 94 33 tariff
1327 242 85 33 skall
1435 243 211 43 impediment
1668 258 164 22 samman-

227 274 121 31 räknas
383 275 74 32 med
491 277 274 43 avrösningsjord,
800 281 115 32 varvid
950 282 84 33 dock
1066 283 177 43 iakttages,
1268 287 52 31 att
1342 286 54 32 vid
1420 287 101 33 sådan
1544 286 289 51 sammanräkning

226 317 74 32 icke
334 319 54 31 må
423 329 41 22 av
497 320 107 41 någon
638 321 295 46 impedimentfigur
955 327 171 41 medtagas
1149 339 90 22 mera
1263 334 41 28 än
1328 331 41 31 25
1393 331 127 33 hektar.
1567 333 64 34 För
1653 336 181 33 eventuellt

227 361 253 42 överskjutande
504 365 90 32 areal
616 365 200 35 tillkommer
838 369 186 43 ersättning
1045 372 73 32 med
1142 373 40 31 22
1207 377 56 29 öre
1286 373 51 33 för
1361 374 128 35 hektar.

359 407 29 31 2.
434 406 71 33 Har
527 408 98 33 karta
648 413 186 39 upprättats
857 413 11 32 i
884 414 108 40 någon
1008 425 42 22 av
1065 415 154 34 skalorna
1238 418 36 32 1:
1291 419 105 38 1,000,
1416 421 37 31 1:
1467 421 96 38 2,000
1579 421 79 33 eller
1673 425 14 30 1
1703 436 7 20 :
1725 425 106 39 8,000,

227 450 96 40 utgår
347 451 120 32 arvode
490 452 104 41 enligt
619 454 15 31 1
659 465 107 30 mom.,
792 456 84 33 dock
899 457 85 33 skall
1008 460 183 41 ersättning
1214 461 104 41 enligt
1330 462 31 41 a)
1379 463 61 32 och
1456 464 30 41 c)
1501 464 95 42 höjas
1611 466 52 32 för
1677 467 155 33 skalorna

230 494 148 37 1:1,000
413 494 60 32 och
510 496 148 39 1:2,000
692 499 73 36 med
797 501 188 41 respektive
1016 504 41 31 60
1080 503 61 33 och
1165 505 41 31 30
1230 507 136 39 procent
1388 509 87 30 samt
1498 508 121 34 sänkas
1642 510 52 33 för
1716 512 116 32 skalan

230 537 148 39 1:8,000
401 538 74 32 med
501 540 38 31 15
562 543 144 39 procent.

358 581 30 32 3.
434 582 15 31 I
482 582 97 42 fråga
611 595 52 22 om
698 587 120 32 arvode
852 588 52 32 för
936 590 220 42 ägomätning,
1181 591 41 32 då
1244 592 98 33 karta
1365 596 187 40 upprättats
1575 596 11 31 i
1609 598 106 33 större
1738 599 94 33 skala

226 628 41 27 än
293 625 150 39 1:1,000
467 626 78 33 eller
568 628 124 33 mindre
715 630 94 32 skala
832 636 39 27 än
899 633 157 40 1:8,000,
1082 634 111 33 därom
1216 636 137 41 stadgas
1376 637 10 32 i
1409 639 41 31 44
1475 639 27 41 8.

994 730 69 41 78.

360 782 26 31 1.
433 782 64 32 För
530 784 300 44 polygonmätning,
866 790 109 32 utförd
1007 791 107 32 såsom
1147 792 112 42 vanlig
1281 793 149 42 mätning
1452 795 61 32 och
1538 799 78 30 utan
1640 799 50 31 att
1713 794 116 51 detalj-

224 823 150 43 mätning
404 826 193 34 verkställts
625 829 5 32 i
654 832 237 43 sammanhang
913 834 73 32 med
1010 834 197 41 densamma,
1232 838 98 41 utgår
1353 839 119 32 arvode
1495 841 73 31 med
1592 842 19 31 9
1635 842 122 32 kronor
1780 842 51 33 för

225 867 91 41 varje
338 868 259 44 polygonpunkt.

356 913 19 30 2.
431 913 72 32 Har
537 917 212 42 ägomätning
781 921 57 39 ägt
861 931 71 21 rum
956 921 73 32 med
1051 922 75 32 stöd
1149 934 41 21 av
1214 924 100 32 redan
1337 925 147 41 befintlig
1506 929 139 31 stomme
1668 929 79 32 eller
1770 929 61 33 har

224 956 236 42 stommätning
491 959 192 34 verkställts
716 963 108 32 såsom
858 964 203 42 finmätning,
1092 966 52 32 för
1165 966 113 34 vilken
1300 968 185 42 ersättning
1508 972 96 40 utgår
1627 973 85 32 efter
1735 978 94 28 över-

223 999 247 40 enskommelse,
495 1002 85 33 skall
603 1004 56 32 det
681 1006 103 41 enligt
807 1008 18 31 6
851 1008 17 41 8
893 1008 183 33 beräknade
1100 1010 136 33 arvodet
1259 1011 149 41 skäligen
1428 1013 141 41 jämkas.

354 1043 120 34 Därest
496 1046 162 42 sakägare
681 1050 118 32 sådant
821 1051 181 42 påfordrar,
1027 1053 85 32 skall
1134 1054 96 43 fråga
1254 1066 53 21 om
1328 1056 231 43 jämkningens
1575 1060 124 32 storlek
1712 1061 117 32 under-

222 1086 116 33 ställas
361 1087 368 46 lantmäteristyrelsens
751 1095 170 42 prövning.

990 1194 70 40 88

354 1244 148 42 Åndring
525 1246 11 31 i
559 1247 370 44 lantmäteristyrelsens
952 1253 107 32 beslut
1081 1253 11 32 i
1115 1254 104 40 fråga,
1244 1265 71 21 som
1339 1266 95 23 avses
1457 1257 11 31 i
1493 1258 17 31 7
1536 1259 17 41 $
1574 1261 14 30 2
1606 1270 107 30 mom.,
1730 1261 98 33 sökes

222 1286 60 32 hos
315 1287 119 42 Kungl.
469 1289 95 42 Maj:t
597 1301 117 30 genom
748 1293 127 41 besvär,
904 1295 91 33 vilka
1017 1297 94 32 skola
1133 1297 52 33 till
1199 1297 440 45 Jordbruksdepartementet
1661 1304 166 34 inkomma

221 1330 99 32 innan
354 1331 141 33 klockan
528 1334 71 31 tolv
633 1336 19 31 å
685 1337 177 34 trettionde
896 1339 106 41 dagen
1036 1341 83 32 efter
1153 1341 146 33 erhållen
1333 1343 52 32 del
1416 1355 42 21 av
1491 1346 153 39 beslutet;
1669 1348 84 32 dock
1777 1351 50 30 att

221 1374 176 42 menighet,
423 1387 69 21 som
516 1377 125 42 klagar,
669 1384 79 36 äger
770 1381 232 43 tillgodonjuta
1025 1385 41 31 45
1090 1385 119 41 dagars
1231 1385 194 34 besvärstid.

986 1472 19 31 9
1030 1472 27 41 8.

356 1525 26 30 1.
428 1524 75 32 Med
537 1528 155 40 ägofigur,
728 1540 71 21 som
834 1541 95 22 avses
952 1531 11 32 i
988 1533 18 31 6
1041 1533 27 41 8,
1104 1534 123 33 förstås
1250 1536 92 41 varje
1366 1538 19 31 å
1408 1538 119 32 kartan
1551 1541 164 40 upptagen
1737 1540 87 33 inom

221 1565 89 33 vissa
332 1566 95 42 linjer
450 1568 78 32 eller
552 1571 253 42 avprickningar
828 1574 183 34 innesluten
1034 1578 97 39 areal,
1155 1589 78 22 vars
1248 1584 137 36 gränser
1399 1581 192 34 tillkommit
1606 1593 117 31 genom
1739 1587 85 29 mät-

221 1609 78 41 ning
333 1610 80 32 eller
445 1612 176 43 gradering
644 1615 78 32 eller
745 1617 71 39 ock,
842 1629 52 21 om
917 1619 120 33 kartan
1060 1623 186 40 upprättats
1269 1624 11 31 i
1304 1624 83 40 blad,
1412 1625 50 32 till
1486 1636 40 22 en
1549 1626 52 33 del
1624 1629 135 39 utgöras
1784 1639 40 21 av

221 1653 314 44 begränsningslinje
559 1657 51 32 för
633 1658 134 41 ritytan.

428 1699 74 32 Med
534 1700 119 41 krokig
675 1702 77 41 linje
775 1704 121 32 förstås
919 1705 11 31 i
955 1707 18 30 6
998 1707 17 40 8
1038 1708 101 31 sådan
1162 1708 87 42 linje,
1271 1710 59 32 där
1353 1713 245 40 sammanlagda
1621 1713 138 41 längden
1783 1726 41 20 av

221 1740 181 32 avstånden
425 1742 119 32 mellan
566 1746 51 30 tre
640 1746 42 40 på
706 1747 161 32 varandra
890 1748 143 41 följande
1056 1751 122 33 krökar
1201 1753 79 32 eller
1302 1754 88 32 knän
1410 1755 204 42 understiger
1631 1758 62 31 200
1709 1759 113 31 meter.

781 1832 6 12 |
978 1838 39 30 10
1041 1838 27 40 8.

351 1888 130 33 Arvode
515 1890 51 33 för
600 1893 147 41 mätning
774 1905 40 21 av
838 1897 192 40 torvmosse,
1055 1898 40 32 då
1119 1899 101 32 sådan
1243 1901 86 32 skall
1352 1902 135 33 särskilt
1510 1903 128 41 skiftas,
1664 1906 160 32 beräknas

219 1938 109 25 såsom
352 1933 52 31 för
427 1933 88 32 åker.

975 2029 35 30 11
1038 2029 26 39 8.

350 2079 11 29 I
388 2079 55 31 det
466 2080 10 31 i
511 2081 8 30 6
544 2083 17 38 $
589 2083 12 29 1
628 2093 96 22 mom.
750 2085 214 33 omförmälda
988 2088 118 32 arvode
1129 2089 186 43 inbegripes
1338 2093 183 41 ersättning
1544 2094 52 32 för
1611 2095 114 32 kartas
1742 2107 79 30 upp-

219 2121 152 32 rättande
405 2123 72 31 med
512 2124 166 42 undantag
712 2127 82 32 dock
831 2128 51 32 för
905 2129 74 32 dess
1002 2130 167 34 förseende
1193 2134 73 31 med
1290 2134 121 41 rubrik,
1436 2146 118 30 ramar,
1579 2137 241 42 kringskrifter,

219 2164 102 38 skala,
347 2166 187 32 norrstreck
558 2168 61 31 och
635 2169 115 40 dylikt.
779 2171 130 33 Arvode
932 2173 112 32 härför
1067 2176 97 40 utgår
1185 2177 74 32 med
1276 2178 19 31 4
1312 2178 121 33 kronor
1448 2179 51 32 för
1515 2180 105 33 första
1635 2182 188 41 regalarket

219 2207 60 31 och
306 2209 14 29 1
347 2208 103 33 krona
473 2209 51 32 för
547 2212 91 40 varje
661 2213 142 41 följande
827 2215 87 39 eller,
940 2227 51 21 om
1014 2217 119 33 kartan
1158 2222 171 39 upprättas
1353 2221 9 32 i
1386 2222 84 39 blad,
