1880 2790
452 160 288 31 Statsutskottets
763 158 179 31 utlåtande
964 167 43 20 nr
1029 158 38 29 91
1090 157 39 29 år
1150 156 83 30 1957
1562 153 38 30 15

95 247 96 38 tagas
215 254 70 30 upp
309 245 44 39 på
377 246 76 37 nytt
474 253 59 21 om
559 244 108 38 några
692 243 39 29 år
754 242 181 38 samtidigt
959 241 78 29 med
1062 242 50 27 att
1137 249 42 21 en
1204 239 208 39 indragning
1438 247 42 20 av
1503 238 93 29 vissa

94 296 110 29 andra
221 296 121 38 bidrag
358 295 67 30 blir
442 294 143 30 aktuell.

138 347 53 29 En
209 348 144 28 motsatt
372 345 227 40 uppfattning
616 343 223 30 beträffande
858 343 68 29 den
944 341 219 40 lämpligaste
1183 340 211 39 tidpunkten
1412 339 55 29 för
1487 338 110 30 avlös-

95 398 83 39 ning
196 407 41 20 av
254 398 64 29 här
335 395 268 40 ifrågavarande
621 395 91 29 båda
729 394 122 38 bidrag
871 393 188 30 framföres
1078 392 10 29 i
1108 392 41 29 de
1168 390 223 40 likalydande
1411 389 185 30 motioner-

96 457 43 20 na
159 449 28 28 I:
204 448 62 30 479
287 448 65 29 och
373 448 44 28 II:
434 447 74 33 597,
528 446 11 29 i
558 446 95 29 vilka
671 445 106 39 yrkas
798 446 51 27 att
868 444 188 38 riksdagen
1076 442 108 30 måtte
1203 441 136 30 besluta
1360 442 49 27 att
1429 440 167 39 bidragen

95 508 47 20 nu
166 499 88 29 skall
278 499 47 28 bli
350 498 148 29 föremål
521 498 55 28 för
600 496 192 38 avlösning.
818 497 13 29 I
855 494 100 39 fråga
978 503 57 20 om
1058 494 58 28 det
1140 493 95 29 förra
1259 492 156 38 bidraget
1442 490 121 30 anförs
1587 490 10 28 i

95 550 219 29 motionerna
342 549 44 29 bl.
415 557 39 26 a.,
484 550 50 27 att
562 547 158 38 bidraget
749 554 148 20 numera
926 545 130 29 saknar
1085 543 148 40 egentlig
1262 541 336 31 kommunalekono-

95 600 91 30 misk
210 600 175 38 betydelse
410 599 66 29 och
499 600 51 28 att
574 598 79 31 dess
679 596 151 30 avsedda
856 594 251 31 stimulerande
1132 593 112 31 effekt
1268 594 121 28 rentav
1412 592 151 38 förbytls
1588 591 9 28 i

95 651 55 29 sin
177 652 157 32 motsats,
361 650 11 28 i
398 650 57 28 det
480 650 51 28 att
558 647 273 40 förespråkarna
857 647 55 29 för
938 655 43 20 en
1007 644 153 40 utbyggd
1187 644 106 29 social
1318 642 182 39 hemhjälp
1527 642 72 29 inte

95 702 126 29 vunnit
239 702 105 38 gehör
363 700 54 29 för
436 700 77 29 sina
532 698 182 30 önskemål
734 698 52 29 till
808 697 88 39 följd
916 706 43 19 av
977 698 51 27 att
1047 695 211 38 statsbidrag
1277 694 30 39 ej
1329 694 137 28 kunnat
1487 692 112 29 erhål-

96 752 50 30 las
171 752 54 29 för
248 750 219 31 anställande
490 759 42 20 av
552 749 202 39 ytterligare
777 747 325 30 hemvårdarinnor.
1125 746 188 29 Dessutom
1336 744 117 29 finner
1477 743 123 29 molio-

96 803 150 28 närerna
267 803 57 29 det
346 802 11 28 i
379 801 263 39 propositionen
666 799 198 38 föreslagna
886 798 196 39 uppskovet
1105 796 79 30 med
1207 796 174 38 bidragets
1406 794 193 38 avlösning.

97 871 41 3 -—
162 854 112 38 längst
298 852 90 29 intill
412 852 67 28 den
504 853 14 28 1
544 851 66 38 juli
636 850 82 30 1960
740 867 45 3 —
808 848 240 39 meningslöst.
1073 846 227 30 Beträffande
1323 846 58 29 det
1405 853 122 21 senare
1551 844 49 29 bi-

95 904 121 38 draget
238 902 250 39 understryker
510 902 261 28 motionärerna
794 902 50 27 att
866 900 195 29 detsamma
1083 899 39 29 är
1143 899 48 28 ett
1213 906 41 20 av
1277 896 40 30 de
1339 897 91 28 mest
1452 894 148 40 tungad-

96 955 245 28 ministrerade
365 953 257 38 statsbidragen
647 951 51 30 till
722 950 413 40 primärkommunernas
1161 947 230 38 driftutgifter
1417 947 92 28 samt
1533 945 68 29 till-

97 1005 125 38 lägger,
244 1006 49 27 att
314 1012 136 21 samma
471 1003 77 29 skäl
568 1012 77 21 som
664 1002 136 29 anförts
821 1001 54 29 för
896 1009 43 20 en
958 999 200 30 omedelbar
1179 997 180 39 avlösning
1380 1006 42 21 av
1442 996 158 39 bidraget

97 1056 52 28 till
174 1056 106 28 social
305 1054 181 39 hembjälp
513 1053 90 29 talar
626 1053 55 29 för
705 1061 42 20 en
771 1051 211 40 indragning
1005 1050 108 29 redan
1138 1058 47 20 nu
1211 1050 87 28 även
1321 1057 41 19 av
1385 1047 64 29 här
1473 1046 128 39 ifråga-

96 1106 154 29 varande
271 1106 132 37 bidrag.

142 1156 48 30 De
212 1156 217 38 synpunkter
450 1163 75 21 som
547 1153 147 31 sålunda
716 1153 136 29 anförts
873 1152 10 29 i
904 1151 222 30 motionerna
1145 1151 82 38 äger
1245 1148 183 39 onekligen
1449 1148 11 28 i
1481 1147 121 38 mångt

97 1207 65 29 och
182 1207 138 39 mycket
340 1207 57 37 fog
417 1205 55 30 för
491 1205 61 38 sig.
572 1204 53 29 Då
646 1203 193 30 emellertid
860 1202 57 29 vid
938 1200 385 38 remissbehandlingen
1342 1198 260 39 invändningar

98 1259 88 27 rests
209 1259 72 27 mot
302 1257 131 28 tanken
454 1256 46 39 på
521 1265 43 19 en
585 1254 182 39 avlösning
790 1254 108 29 redan
920 1262 47 19 nu
992 1262 42 19 av
1055 1250 266 40 ifrågavarande
1343 1249 132 39 bidrag,
1499 1256 103 21 anser

98 1308 180 34 utskottet,
306 1307 78 30 med
410 1306 196 30 beaktande
633 1306 132 38 jämväl
792 1313 43 20 av
861 1304 41 30 de
928 1305 84 27 utav
1039 1300 387 41 departementschefen
1452 1299 150 29 anförda

99 1358 173 29 särskilda
297 1357 121 30 skälen
442 1358 73 28 mot
539 1366 43 20 en
605 1355 199 30 omedelbar
828 1354 191 38 avlösning,
1044 1352 269 39 försiktigheten
1336 1350 119 39 bjuda,
1480 1351 50 28 att
1554 1349 49 28 bi-

98 1409 131 39 dragen
244 1410 95 28 ännu
356 1408 107 38 några
479 1407 38 29 år
533 1407 55 28 får
604 1406 141 29 kvarstå
762 1411 76 23 som
856 1403 254 40 självständiga
1125 1402 131 38 bidrag.
1274 1401 176 29 Utskottet
1467 1401 38 28 är
1522 1399 81 38 följ-

98 1459 154 39 aktligen
273 1459 71 28 inte
365 1458 110 28 berett
496 1458 51 28 att
568 1456 177 38 tillstyrka
764 1453 341 40 motionsyrkandet.

143 1510 74 29 Vad
246 1510 108 37 angår
381 1508 220 29 motionerna
630 1506 107 30 1:478
766 1505 66 30 och
860 1505 134 33 11:596,
1025 1504 10 28 i
1064 1503 95 29 vilka
1186 1502 122 39 yrkats
1337 1502 50 28 att
1414 1500 189 38 riksdagen

100 1561 107 28 mätte
226 1560 137 28 besluta
383 1559 50 28 att
452 1558 158 38 bidraget
630 1557 51 29 till
702 1555 233 31 hälsovården
954 1555 58 29 vid
1034 1554 88 29 folk-
1142 1553 65 29 och
1228 1552 195 30 småskolor
1445 1550 88 30 skall
1555 1550 49 29 bi-

100 1610 165 33 behållas,
285 1610 70 28 kan
375 1608 170 30 utskottet
565 1608 71 28 inte
656 1607 100 29 finna
775 1606 57 29 det
850 1606 76 29 däri
947 1606 101 29 förda
1067 1604 265 38 resonemanget
1351 1611 57 20 om
1426 1602 177 38 bidragets

100 1660 358 30 stimulanskaraktär
474 1660 63 38 äga
553 1659 68 29 den
638 1657 117 40 tyngd,
774 1659 50 27 att
840 1657 57 29 det
912 1656 71 29 kan
999 1656 169 28 motivera
1184 1656 48 28 ett
1248 1655 117 37 avsteg
1380 1652 81 29 från
1477 1651 126 39 Kungl.

100 1711 124 39 Maj:ts
243 1710 140 39 förslag.
403 1710 177 30 Utskottet
599 1709 182 39 avstyrker
800 1707 102 30 alltså
921 1706 328 39 motionsyrkandet
1267 1705 10 28 i
1296 1704 108 38 fråga.

145 1760 394 38 Sammanfattningsvis
561 1760 55 29 får
638 1759 170 29 utskottet
831 1767 75 20 som
928 1757 54 29 sin
1004 1756 227 40 uppfattning
1253 1755 120 32 uttala,
1396 1755 51 27 att
1469 1752 134 30 utskot-

101 1814 49 28 tet
168 1812 57 29 vid
247 1812 54 29 sin
322 1811 215 39 granskning
558 1810 119 29 funnit
698 1810 126 37 Kungl.
846 1808 124 39 Maj:ts
991 1807 131 41 förslag
1142 1807 11 28 i
1174 1806 98 39 fråga
1293 1814 56 21 om
1368 1805 95 28 vilka
1483 1803 122 38 bidrag

101 1872 76 20 som
196 1862 62 30 bör
280 1863 135 29 avlösas
435 1861 217 39 godtagbart,
671 1859 119 30 varför
811 1859 170 29 utskottet
1001 1857 154 29 biträder
1176 1856 263 40 propositionen
1459 1855 11 28 i
1490 1855 116 28 denna

102 1913 64 29 del.

147 1964 12 28 I
181 1963 97 39 fråga
300 1972 56 20 om
377 1962 105 28 sättet
500 1961 57 39 för
579 1960 192 38 beräkning
792 1968 42 20 av
856 1959 40 29 de
919 1958 88 29 båda
1028 1967 68 29 nya
1118 1964 260 32 gemensamma
1400 1954 205 29 statsbidra-

100 2022 65 29 gen
186 2013 146 30 innebär
351 2010 405 40 propositionsförslaget
777 2008 196 40 betydande
995 2007 250 38 förenklingar,
1269 2006 9 28 i
1302 2005 56 29 det
1379 2006 50 28 att
1450 2004 155 38 bidrags-

103 2064 204 38 underlaget
326 2064 81 32 inte,
428 2062 116 29 såsom
565 2062 23 31 f.
610 2071 43 24 n.,
675 2061 87 29 skall
784 2061 141 38 utgöras
945 2068 42 20 av
1006 2060 41 29 de
1067 2059 10 28 i
1097 2058 106 38 detalj
1227 2056 201 30 redovisade
1450 2054 157 30 faktiska

103 2115 236 28 kostnaderna
359 2113 84 28 utan
463 2112 8 29 i
493 2112 116 29 stället
628 2112 141 28 baseras
790 2110 44 39 på
854 2119 42 19 en
917 2108 214 30 schematisk
1151 2107 192 38 beräkning
1364 2106 79 28 med
1464 2105 142 37 ledning

103 2173 41 19 av
164 2165 41 28 de
226 2166 87 27 mest
332 2163 191 37 väsentliga
545 2161 378 30 kostnadselementen.
945 2160 103 28 Detta
1070 2159 140 37 förslag,
1233 2166 74 20 som
1327 2157 69 28 kan
1416 2155 190 30 betecknas

104 2223 74 20 som
201 2223 42 19 en
264 2224 40 19 av
327 2214 256 28 hörnstenarna
605 2212 9 28 i
638 2212 66 28 den
727 2210 203 29 tillämnade
953 2209 187 32 reformen,
1162 2208 159 28 kommer
1343 2205 191 40 självfallet
1556 2206 50 27 att

104 2264 10 28 i
140 2264 152 38 betydlig
319 2263 81 38 grad
427 2262 111 29 befria
565 2262 41 30 de
632 2261 94 29 olika
752 2260 291 39 myndigheterna
1069 2259 65 28 och
1160 2258 257 29 kommunerna
1444 2255 79 29 från
1550 2255 58 29 det

104 2315 79 29 med
207 2312 569 38 bidragsunderlagsberäkningen
802 2310 165 29 förenade
992 2309 142 29 arbetet.
1162 2308 59 28 Att
1244 2316 81 20 man
1349 2306 123 29 härvid
1497 2305 111 29 måste

105 2372 39 30 ge
168 2365 86 28 visst
279 2363 113 29 avkall
418 2362 42 40 på
486 2363 121 28 kravet
633 2363 50 27 att
709 2360 239 38 beräkningen
974 2359 88 29 skall
1090 2358 148 39 uppvisa
1264 2357 64 29 full
1354 2356 255 29 överensstäm-

105 2415 106 30 melse
233 2414 77 29 med
333 2413 40 29 de
395 2412 199 34 kostnader,
616 2421 75 20 som
712 2410 330 39 bidragsgivningen
1064 2417 109 25 avser,
1196 2409 37 28 är
1255 2406 210 40 uppenbart;
1490 2406 9 28 i
1523 2407 86 27 mot-

106 2467 68 27 satt
190 2465 59 28 fall
267 2463 112 30 skulle
394 2465 65 28 den
477 2462 252 33 eftersträvade
746 2459 440 39 rationaliseringsvinsten
1203 2460 40 36 gå
1260 2457 164 29 förlorad.
1441 2457 67 28 För
1524 2463 85 31 egen
