1905 2822
154 142 68 19 men
240 135 50 26 det
307 134 59 27 kan
385 134 59 28 inte
461 135 92 27 heller
570 144 71 19 vara
659 134 100 36 riktigt
777 140 41 23 att
835 136 90 35 lojala
943 137 126 27 svenska
1087 137 194 35 medborgare
1300 139 72 26 skall

153 187 73 35 göra
241 186 140 30 förluster
396 196 109 27 genom
521 188 57 29 den
595 188 140 29 situation
751 198 66 20 som
831 188 141 38 uppstått.
989 190 61 28 Det
1065 190 59 29 kan
1140 191 77 35 gälla
1232 200 141 28 personer

153 241 9 27 i
179 240 64 29 små
258 241 252 36 omständigheter
525 242 72 28 eller
612 242 112 29 sådana
740 252 65 19 som
822 243 55 29 har
907 244 117 28 särskilt
1040 244 79 29 svårt
1135 249 42 24 att
1192 245 181 29 kontrollera

153 295 37 27 de
211 294 96 29 sedlar
328 295 37 28 de
386 299 46 25 tar
453 300 90 29 emot,
566 296 10 29 i
596 296 95 29 första
711 296 80 29 hand
814 297 80 29 äldre
916 298 174 29 människor
1111 299 59 28 och
1189 299 184 36 jämförbara

154 348 173 36 kategorier.

193 401 86 30 Även
294 404 58 27 den
365 412 82 27 press
462 413 65 19 som
541 405 174 28 människor
728 405 114 29 känner
856 410 42 24 att
911 406 117 29 behöva
1041 407 183 28 kontrollera
1237 407 135 29 sedlarna

152 456 9 28 i
178 465 37 19 en
232 456 141 29 situation
391 466 65 20 som
474 458 58 28 den
548 459 173 29 nuvarande
737 459 60 29 kan
814 460 142 36 upplevas
974 469 66 20 som
1057 461 113 35 ganska
1187 461 185 37 bekymmer-

152 519 72 19 sam.
240 511 55 35 Jag
310 511 54 28 har
379 511 73 36 själv
467 511 69 29 stått
551 512 39 36 på
605 521 37 20 en
656 514 177 35 poststation
849 514 58 28 och
923 518 55 25 sett
992 515 193 36 pensionärer
1199 515 126 29 kvittera
1340 520 31 24 ut

151 564 64 29 sina
230 565 160 36 pensioner
407 565 59 28 och
483 566 134 36 iakttagit
634 567 57 28 hur
708 567 181 36 bekymrade
907 568 37 28 de
960 568 76 28 varit
1052 570 55 27 när
1124 569 38 28 de
1179 569 193 29 kontrollerat

153 618 35 27 de
212 618 97 28 sedlar
332 619 37 27 de
394 619 153 35 emottagit
572 629 37 18 av
631 620 290 36 postfunktionären.
945 622 61 28 Det
1030 623 33 27 är
1086 622 159 37 beklagligt
1270 628 41 23 att
1335 633 37 18 en

151 671 141 29 situation
311 681 65 19 som
394 673 99 28 denna
511 673 73 28 skall
603 673 116 37 uppstå,
738 683 70 20 men
826 675 50 28 det
895 675 91 29 borde
1004 684 72 20 vara
1094 676 115 36 möjligt
1228 680 41 25 att
1287 677 84 28 finna

151 726 90 34 vägar
258 725 49 29 för
325 730 42 24 att
383 725 80 30 hålla
480 727 134 28 enskilda
631 728 173 29 människor
822 729 170 29 skadeslösa
1009 730 10 28 i
1036 730 81 28 detta
1135 731 153 28 avseende.

192 780 54 34 Jag
263 779 141 36 beklagar
420 780 108 28 liksom
546 782 37 27 de
601 781 102 36 övriga
720 781 224 36 frågeställarna
961 787 42 24 att
1019 788 97 24 svaret
1134 785 32 28 är
1183 783 32 30 så
1232 785 137 35 negativt.

150 833 55 34 Jag
222 832 50 28 vill
291 832 78 29 ändå
385 833 116 37 hoppas
519 838 41 24 att
577 843 70 20 man
665 835 73 28 skall
757 836 102 28 kunna
876 836 85 28 finna
979 846 36 19 en
1034 838 169 35 acceptabel
1221 839 66 34 väg,
1306 847 64 20 som

152 885 38 36 på
204 890 40 24 ett
259 887 109 35 rimligt
381 888 57 27 sätt
451 887 81 29 leder
545 888 42 28 till
602 889 135 35 trygghet
751 889 49 29 för
814 890 36 28 de
864 891 174 28 människor
1052 892 49 27 det
1115 891 99 36 gäller.
1229 892 55 36 Jag
1298 892 73 37 hop-

152 948 51 27 pas
217 940 150 36 samtidigt
378 941 184 36 naturligtvis
576 946 42 24 att
630 951 71 20 man
714 943 73 28 skall
800 943 102 29 kunna
915 944 155 29 förhindra
1084 948 41 25 att
1138 945 233 37 förfalskningar

152 994 67 35 görs
240 994 109 28 liksom
371 998 42 24 att
434 1004 71 19 man
527 996 106 28 snabbt
654 997 60 27 kan
736 997 124 28 komma
882 998 36 28 de
940 1006 142 28 personer
1103 998 39 36 på
1164 999 106 36 spåren
1292 1000 78 28 vilka

152 1049 91 34 ägnar
255 1048 43 36 sig
311 1047 29 30 åt
352 1049 97 28 denna
461 1049 168 29 kriminella
640 1050 196 29 verksamhet.

192 1155 78 28 Herr
301 1154 159 31 JÖNSSON
460 1150 19 49 i
498 1157 263 36 Ingemarsgården
775 1158 67 37 (fp):

191 1209 79 28 Herr
288 1209 122 29 talman!
432 1211 54 35 Jag
505 1211 52 28 ber
577 1215 41 24 att
637 1210 32 30 få
689 1212 87 28 tacka
795 1212 253 30 finansministern
1068 1214 49 28 för
1136 1218 96 25 svaret
1250 1214 39 37 på
1309 1216 60 27 min

150 1262 93 35 fråga.
261 1264 54 34 Jag
332 1263 73 28 skall
421 1264 138 36 uttrycka
575 1265 61 35 mig
652 1266 120 35 positivt
789 1267 58 27 och
864 1268 71 34 säga
951 1271 42 24 att
1009 1268 50 27 det
1076 1269 32 27 är
1124 1268 77 33 kort,
1219 1268 77 28 klart
1312 1269 57 28 och

151 1316 135 34 bestämt,
300 1316 91 29 vilket
403 1317 31 36 ju
449 1319 32 27 är
493 1318 54 28 bra
560 1318 50 29 för
622 1328 38 19 en
673 1318 210 37 frågeställare.
898 1321 102 28 Svaret
1013 1321 60 28 kan
1085 1321 32 36 ju
1130 1321 61 29 inte
1204 1323 165 35 misstydas.

192 1370 265 29 Finansministern
475 1372 138 35 anlägger
629 1372 51 29 två
697 1374 191 35 synpunkter,
906 1383 91 20 varav
1015 1375 57 28 den
1090 1384 57 19 ena
1165 1377 33 27 är
1215 1380 42 25 att
1275 1376 95 36 statlig

150 1424 161 35 ersättning
326 1424 9 28 i
350 1424 80 28 detta
444 1424 53 28 fall
512 1426 60 28 inte
588 1427 32 27 är
633 1426 130 36 lämplig.
779 1428 54 34 Jag
848 1427 49 28 vill
913 1428 137 35 genmäla
1065 1432 41 24 att
1121 1432 94 25 staten
1231 1430 46 27 väl
1294 1429 76 29 ändå

151 1478 32 26 är
198 1481 104 31 garant
318 1477 49 29 för
382 1477 72 29 våra
468 1487 121 28 pengar,
606 1480 59 28 och
681 1489 65 19 som
763 1480 91 29 sådan
870 1481 55 29 har
941 1485 95 25 staten
1052 1486 41 24 ett
1109 1491 114 20 ansvar.
1240 1484 54 35 Jag
1311 1484 58 28 kan

150 1530 78 28 dock
246 1531 105 35 medge
370 1535 41 24 att
428 1532 80 28 detta
525 1534 33 27 är
574 1542 37 19 en
628 1532 124 30 svårlöst
769 1533 93 36 fråga,
880 1535 103 29 varför
999 1536 49 28 det
1064 1536 113 28 kanske
1194 1537 59 27 kan
1270 1537 100 28 finnas

150 1587 41 24 ett
212 1584 71 28 visst
304 1584 53 36 fog
377 1584 49 29 för
446 1586 58 27 den
526 1587 93 27 andra
638 1587 135 36 punkten
794 1588 10 28 i
825 1592 104 30 svaret,
951 1588 150 37 nämligen
1124 1594 41 24 att
1186 1591 49 27 det
1256 1591 59 28 inte
1339 1593 31 26 är

149 1637 115 36 möjligt
280 1642 42 24 att
337 1638 99 29 införa
449 1638 99 37 någon
564 1640 79 29 form
660 1649 36 19 av
712 1642 168 35 ersättning.
897 1643 75 28 Men
987 1643 141 29 önskvärt
1142 1653 72 19 vore
1229 1645 48 27 väl
1293 1644 77 29 ändå

151 1694 40 26 att
208 1700 71 19 man
295 1692 100 28 kunde
412 1692 79 29 hålla
509 1694 84 28 dessa
610 1694 182 34 människor,
811 1704 64 20 som
893 1696 158 36 oförskyllt
1068 1697 137 29 kommer
1223 1698 9 28 i
1250 1707 37 19 en
1305 1698 65 29 svår

150 1745 149 33 situation,
315 1746 178 28 skadeslösa.
508 1748 60 27 Det
581 1748 54 28 har
646 1748 32 35 ju
691 1748 119 36 skapats
824 1758 36 19 en
875 1753 61 25 stor
949 1750 157 29 osäkerhet
1118 1768 20 3 —
1151 1760 37 19 en
1202 1760 54 20 oro
1271 1751 48 29 för
1333 1753 36 27 de

150 1797 201 30 förlustrisker
364 1808 65 20 som
443 1799 79 30 finns
535 1802 55 27 när
603 1810 70 19 man
688 1805 44 25 tar
745 1806 81 25 emot
840 1803 96 29 sedlar
949 1812 65 20 som
1028 1804 59 28 kan
1101 1813 71 20 vara
1185 1805 184 29 förfalskade

148 1868 20 3 —
183 1852 58 28 och
256 1852 109 36 många
380 1853 55 29 har
451 1858 94 24 ansett
561 1855 50 28 det
626 1855 68 28 fullt
709 1856 140 35 naturligt
864 1857 59 28 och
938 1857 100 36 riktigt
1055 1862 42 24 att
1113 1862 94 25 staten
1224 1859 93 29 skulle
1334 1868 35 27 ge

149 1914 38 19 en
203 1906 114 35 garanti
332 1907 162 36 härvidlag.
511 1908 61 28 Det
588 1910 32 27 är
637 1908 83 29 alltså
737 1910 87 35 ingen
841 1910 139 36 självklar
995 1911 53 28 sak
1065 1915 42 25 att
1122 1921 71 19 man
1210 1913 72 28 skall
1300 1915 69 34 säga

148 1959 47 36 nej
212 1960 43 28 till
272 1960 88 29 detta.

190 2018 54 35 Jag
263 2018 103 35 tycker
385 2023 42 24 att
446 2020 80 27 detta
546 2020 153 29 önskemål
719 2021 92 29 också
830 2021 93 30 måste
943 2023 209 29 sammanfalla
1171 2025 69 28 med
1261 2028 108 25 statens

149 2070 164 34 önskemål,
334 2080 65 20 som
420 2072 60 29 inte
500 2073 59 28 kan
579 2082 71 20 vara
668 2073 92 37 något
780 2079 90 24 annat
890 2077 38 27 än
949 2080 42 26 att
1011 2077 107 28 snabbt
1137 2078 102 27 kunna
1259 2078 110 36 avslöja

149 2123 112 29 sådana
276 2125 55 28 här
347 2126 238 35 oegentligheter.
603 2127 49 29 Då
667 2127 94 29 måste
777 2138 71 19 man
864 2129 91 29 också
971 2129 32 29 få
1020 2130 199 29 allmänheten
1236 2136 41 24 att
1293 2141 76 19 sam-

148 2178 91 28 verka
258 2177 32 30 så
308 2177 82 37 långt
409 2188 65 20 som
493 2180 123 36 möjligt,
637 2182 58 27 och
715 2182 80 28 detta
814 2182 173 30 förutsätter
1007 2188 41 25 att
1066 2183 100 37 någon
1186 2186 182 28 osäkerhets-

148 2231 141 29 situation
306 2232 60 28 inte
382 2232 167 37 föreligger.

189 2286 55 34 Jag
258 2285 109 29 förstår
382 2290 42 24 att
438 2288 49 27 det
502 2287 60 29 inte
577 2289 32 27 är
624 2288 32 29 så
669 2288 54 29 lätt
738 2293 41 24 att
793 2290 63 28 lösa
870 2290 174 36 problemet.
1061 2291 55 29 Låt
1131 2293 61 35 mig
1206 2293 162 29 emellertid

148 2338 148 29 framföra
309 2339 93 36 några
417 2342 243 36 amatörmässiga
675 2343 190 35 synpunkter.

191 2392 100 29 Skulle
314 2394 50 27 det
385 2393 62 29 inte
468 2403 72 19 vara
562 2395 114 36 möjligt
700 2400 41 23 att
763 2397 177 34 genomföra
963 2402 41 24 ett
1026 2402 109 32 system
1158 2409 65 19 som
1246 2401 122 28 innebär

148 2445 143 36 följande:
309 2447 68 28 Den
394 2456 65 20 som
475 2447 56 30 fått
547 2458 37 19 en
601 2448 78 29 falsk
695 2450 78 28 sedel
790 2451 10 27 i
816 2451 45 28 sin
877 2451 79 29 hand
974 2452 93 29 skulle
1083 2453 102 28 kunna
1200 2458 168 32 presentera

148 2500 58 27 den
222 2500 9 28 i
247 2500 189 35 riksbanken,
454 2501 145 30 inklusive
615 2503 66 28 dess
698 2504 290 36 avdelningskontor,
1006 2510 65 24 mot
1087 2507 164 35 angivande
1268 2517 37 19 av
1321 2509 48 28 sitt

147 2562 91 19 namn
258 2554 58 28 och
337 2555 98 28 adress
455 2555 59 28 och
532 2555 33 29 få
584 2556 58 28 den
661 2556 97 29 falska
777 2558 101 28 sedeln
897 2559 179 36 deponerad.
1098 2561 64 28 När
1182 2560 186 30 falsktillver-

1430 140 47 28 Nr
1489 140 44 29 34

1429 201 184 41 Torsdagen
1626 202 62 31 den

1431 256 42 30 30
1489 255 134 31 oktober
1641 257 84 31 1969

1428 355 73 27 Svar
1513 353 39 36 på
1564 354 103 35 frågor
1679 365 66 26 ang.

1429 398 137 36 åtgärder
1577 401 50 32 för
1639 406 43 24 att

1428 443 79 29 hålla
1521 444 114 29 enskild

1428 498 108 25 person
1549 490 152 29 skadeslös

1428 534 50 28 vid
1488 534 55 34 fall
1555 545 36 18 av
1604 537 142 34 penning-

1427 580 200 35 förfalskning

1683 2781 58 32 (79)
