1892 2854
437 152 420 39 Bevillningsutskottets
883 147 226 35 betänkande
1134 147 53 32 Nr
1215 147 50 30 12.
1545 141 18 31 3

146 238 174 33 Gällande
344 234 266 34 bestämmelser
634 242 57 21 om
713 231 98 32 skatt
836 231 21 30 å
877 228 235 32 tobaksvaror
1137 224 202 33 innehållas
1365 224 12 31 i
1404 222 199 32 förordnin-

107 300 67 27 gen
198 290 69 32 den
293 289 39 31 15
359 286 181 34 december
567 285 78 31 1914
676 283 56 36 (nr
759 281 73 37 436)
862 279 184 37 angående
1073 277 258 36 statsmonopol
1357 277 22 30 å
1406 274 197 33 tobakstill-

105 342 225 35 verkningen
355 340 12 31 i
394 339 103 35 riket,
524 336 79 32 med
631 336 79 32 däri
735 334 177 35 vidtagna
939 330 207 36 ändringar.
1192 328 20 31 I
1238 327 104 37 varje
1370 326 234 33 tobaksvaras

106 392 288 39 priskurantpris
424 389 92 34 skall
545 388 113 36 enligt
688 387 38 31 18
756 385 18 38 $
806 386 19 30 1
854 394 104 22 mom.
989 392 47 22 av
1066 381 157 32 nämnda
1255 378 211 37 förordning
1507 377 96 33 skatt

107 445 86 43 ingå
215 444 74 33 dels
308 444 82 31 med
411 444 50 30 ett
482 441 136 36 belopp,
639 439 112 31 vilket
773 438 204 31 motsvarar
998 433 265 33 nedanstående
1284 434 145 35 procent
1449 441 46 22 av
1515 431 88 37 pris-

105 495 247 37 kurantpriset
373 494 96 36 eller,
495 493 11 31 i
528 492 91 31 visst
642 490 75 37 fall,
741 499 47 22 av
812 498 134 22 varans
969 486 121 36 värde,
1112 485 77 32 dels
1213 485 64 31 ock
1301 484 80 32 med
1406 483 115 32 nedan
1545 492 59 22 an-

108 548 120 37 givna,
255 548 12 31 i
296 545 225 34 förbållande
547 544 58 32 till
631 552 134 23 varans
792 540 213 38 myckenhet
1031 537 185 33 bestämda
1246 537 135 36 belopp,
1409 535 194 36 nämligen:

100 583 468 36 I

802 628 50 23 För
871 611 70 39 inom
962 627 66 23 riket
1047 626 52 23 till-
1162 644 2 4 |
1235 624 51 23 För
1305 623 40 24 till
1366 624 67 23 riket
1452 622 84 24 införd

863 663 94 23 verkad
978 669 60 16 vara
1348 666 104 32 vara

725 704 4 32 |
758 700 104 46 procent
881 723 30 16 av
977 723 87 29 belopp
1075 693 27 63 fi
1086 723 41 22 för
1197 696 104 46 procent
1321 719 28 16 av
1416 720 90 28 belopp
1526 719 39 23 för

754 752 160 29 priskurant-
936 778 2 14 |
1193 747 161 30 priskurant-

750 787 81 30 priset
850 786 62 23 eller
1188 783 82 29 priset
1289 783 62 23 eller

790 822 90 24 värdet
963 813 11 20 1
996 811 30 22 st.
1049 781 3 77 |
1076 811 11 21 1
1107 809 41 29 kg.
1229 818 90 23 värdet
1403 810 10 21 1
1434 808 32 23 st.
1487 799 17 49 |
1515 809 10 21 1
1547 806 60 32 kg;

729 838 113 40 -—
951 838 108 40 nn
733 857 864 15 hmnjqonmecvvmumo
1329 838 53 40 nt.
1429 838 170 40 nnore——

109 907 2 16 |
977 882 42 22 öre
1052 870 3 41 |
1095 879 38 25 kr.
1377 870 3 41 |
1416 879 42 22 öre
1533 873 38 38 kr.

124 921 125 48 Cigarrer
341 946 249 6 rrsriterererre
517 916 15 48 se
538 946 52 5 srnen
704 944 15 5 -
821 927 34 24 22
987 925 42 24 0.8)
1095 936 31 4 —
1260 922 35 25 26
1377 913 3 14 |
1428 920 17 24 4
1534 933 33 4 -

125 985 260 33 Cigarrcigarretter
411 996 309 8 «..coeeeseeeeeeeee-c
822 978 32 25 31
987 977 41 24 04
1051 971 19 42 |
1096 989 31 3 —
1170 973 3 82 |
1261 975 34 25 32
1428 973 17 24 2
1535 986 32 3 =

125 1038 209 32 Cigarretter
353 1051 227 6 «..seseesssereseere
621 1049 99 6 srererannen
727 1051 2 12 |
820 1031 35 24 48
988 1030 42 24 0.2
1097 1042 31 3 —
1262 1028 33 24 39
1430 1026 12 25 1
1535 1039 32 3 —

126 1090 150 25 Röktobak
306 1104 227 6 «:ceetesessserso0e
517 1085 20 40 re
542 1104 96 2 rossssere
646 1102 75 5 eran
727 1079 3 40 ;
822 1083 33 25 39
1000 1096 30 3 —
1048 1077 16 40 |
1088 1081 57 25 1.50
1262 1080 34 25 39
1423 1092 30 4 —
1527 1078 57 24 1.50

125 1143 165 32 Tuggtobak
306 1159 29 4 ...
377 1155 333 7 seesseessseerreosornernn
649 1135 64 44 enn
822 1136 34 24 29
1002 1149 28 3 —
1048 1130 15 40 |
1089 1134 56 24 1.00
1262 1133 34 24 39
1379 1134 4 17 |
1422 1145 31 3 —
1529 1130 55 25 1.50

112 1201 2 16 I
126 1196 596 24 SAUS-sosessoesrereernoeserrrerar
528 1188 30 36 arr
571 1188 37 36 ren
614 1188 30 36 ris
648 1188 16 36 An
670 1188 55 36 teser
823 1189 33 25 37
940 1175 2 8 |
999 1201 32 3 —
1086 1187 60 24 0.73
1172 1183 3 36 |
1263 1185 34 25 39
1380 1195 3 17 |
1422 1197 32 4 o—
1494 1173 2 41 i
1530 1183 55 25 1.50

154 1254 70 31 För
250 1252 221 38 importerad
496 1251 216 32 tobaksvara
736 1250 93 32 skall
852 1249 115 36 enligt
992 1248 38 30 22
1057 1246 18 37 $
1101 1248 19 30 2
1145 1256 102 22 mom.
1274 1246 13 31 i
1311 1243 300 38 monopolförord-

114 1305 134 36 ningen
271 1305 168 36 erläggas
463 1313 45 22 en
531 1302 240 37 licensavgift,
796 1311 76 22 som
896 1302 146 34 utgöres
1068 1309 45 21 av
1137 1299 70 31 den
1232 1300 23 30 å
1279 1307 116 22 varan
1419 1295 194 37 belöpande

115 1357 97 32 skatt
240 1359 169 29 ävensom
436 1366 46 21 av
509 1356 51 31 ett
586 1354 136 37 belopp,
750 1352 254 33 motsvarande
1031 1351 73 32 vad
1132 1349 220 37 monopolets
1379 1350 150 30 utövare
1558 1348 55 31 för

115 1409 176 32 täckande
339 1418 49 22 av
437 1407 80 32 sina
546 1406 251 32 omkostnader
829 1406 93 30 samt
952 1404 99 31 vinst
1081 1403 174 36 pålägger
1286 1401 217 32 tobaksvara
1534 1398 79 32 med

117 1470 136 21 samma
283 1458 289 39 priskurantpris
602 1458 95 36 eller,
727 1458 14 31 i
772 1456 91 32 visst
893 1455 75 36 fall,
1000 1454 81 32 med
1111 1463 138 22 samma
1277 1452 121 32 värde.
1449 1451 165 32 Nämnda

115 1511 127 37 belopp
267 1512 59 31 må
349 1511 34 36 ej
410 1509 180 36 överstiga
613 1510 39 30 10
675 1510 147 35 procent
845 1516 47 23 av
915 1516 134 22 varans
1074 1504 288 38 priskurantpris
1387 1503 84 31 eller
1496 1503 118 31 värde.

156 1613 117 32 Sedan
302 1613 137 36 förslag
466 1612 57 32 till
547 1613 84 35 nytt
651 1612 102 30 avtal
780 1610 133 31 mellan
939 1610 118 30 staten
1085 1609 64 31 och
1176 1607 251 36 Aktiebolaget
1455 1606 158 32 Svenska

116 1664 340 37 Tobaksmonopolet
487 1662 185 38 angående
698 1662 198 32 utövandet
927 1670 46 22 av
1001 1661 139 31 statens
1169 1658 292 37 tobaksmonopol
1491 1667 123 27 genom

116 1716 221 37 proposition
360 1725 44 22 nr
429 1716 58 30 195
512 1714 106 32 blivit
643 1714 216 31 underställt
884 1713 78 31 1930
988 1713 60 31 års
1072 1711 156 37 riksdag,
1254 1710 146 32 berörde
1424 1709 192 36 riksdagen

119 1769 12 31 i
161 1769 56 32 sin
246 1768 173 32 skrivelse
445 1777 45 22 nr
519 1767 60 31 258
607 1767 12 31 i
649 1766 197 35 anledning
873 1774 46 23 av
949 1774 138 23 samma
1117 1762 221 39 proposition
1366 1762 110 32 bland
1505 1763 110 30 annat

120 1820 131 35 frågan
270 1830 57 21 om
348 1818 255 37 avvägningen
622 1817 131 32 mellan
774 1817 137 33 statens
931 1815 190 37 utdelning
1141 1816 21 31 å
1182 1814 260 32 stamaktierna
1463 1814 12 30 i
1495 1815 122 29 nämn-

114 1871 47 31 da
182 1870 106 36 bolag
308 1870 66 32 och
397 1871 163 31 intäkten
582 1880 46 20 av
650 1869 269 31 tobaksskatten
942 1870 168 29 ävensom
1133 1867 131 35 frågan
1285 1876 56 20 om
1364 1865 253 36 dispositionen

118 1931 46 22 av
188 1923 160 35 bolagets
371 1921 212 32 vinstmedel
611 1923 94 30 samt
726 1920 151 31 anförde
896 1919 132 33 därvid
1051 1918 173 36 följande:

160 1974 70 31 Vid
247 1974 92 31 flera
351 1974 172 31 tillfällen
534 1973 92 31 hade
641 1972 281 32 statsmakterna
936 1970 92 37 givit
1041 1969 148 37 uttryck
1200 1970 37 31 åt
1252 1970 66 31 den
1331 1968 290 37 uppfattningen,

120 2019 54 30 att
209 2019 137 30 statens
383 2017 97 31 vinst
514 2027 44 21 ur
594 2015 365 35 tobakshanteringen
995 2012 289 37 huvudsakligen
1308 2013 108 31 borde
1440 2014 145 33 uttagas
1610 2011 11 30 i

117 2061 93 31 form
229 2071 46 21 av
296 2061 107 34 skatt,
422 2060 127 32 medan
568 2059 234 36 utdelningen
822 2058 108 32 borde
950 2057 204 36 begränsas.
1175 2057 160 32 Sålunda
1354 2056 114 32 skulle
1485 2056 62 31 det
1565 2064 56 22 en-

120 2104 68 36 ligt
207 2105 114 36 punkt
340 2106 18 30 5
378 2105 12 31 i
410 2104 319 36 tilläggskontrakt
746 2103 69 32 den
834 2103 40 31 20
891 2102 80 36 juni
992 2102 78 30 1924
1090 2101 57 31 till
1166 2100 136 32 avtalet
1321 2099 131 31 mellan
1471 2098 149 33 svenska

117 2150 117 30 staten
254 2149 65 31 och
340 2148 308 36 monopolbolaget
668 2147 123 37 åligga
811 2147 142 35 bolaget
973 2147 54 30 att
1048 2144 61 32 vid
1130 2143 267 33 fastställandet
1418 2153 45 21 av
1483 2142 138 32 tobaks-

120 2202 105 22 varas
241 2191 289 37 priskurantpris
547 2193 39 29 så
604 2193 141 33 avväga
762 2190 68 32 den
848 2189 55 32 del
920 2199 46 21 av
984 2188 249 36 belastningen
1250 2189 21 30 å
1287 2197 125 25 varan,
1430 2196 73 21 som
1521 2186 100 31 avså-

119 2244 42 28 ge
179 2238 53 30 att
250 2236 122 31 lämna
388 2235 97 32 vinst
503 2236 21 30 å
542 2235 166 35 rörelsen,
725 2236 54 29 att
797 2233 144 32 vinsten
959 2232 129 31 därvid
1107 2231 77 31 icke
1201 2230 221 32 beräknades
1440 2230 118 36 högre,
1576 2232 45 28 än

119 2289 74 21 som
210 2288 83 22 vore
308 2278 230 36 erforderligt
556 2278 55 31 för
628 2277 199 32 beredande
844 2277 36 31 åt
896 2276 141 35 bolaget
1054 2285 46 21 av
1115 2274 116 36 skälig
1249 2274 156 31 inkomst
1420 2275 20 29 å
1456 2273 166 31 rörelsen.

119 2322 125 36 Enligt
261 2322 187 31 uttalande
463 2332 45 21 av
525 2321 78 31 1924
619 2322 59 30 års
693 2320 148 36 riksdag
858 2319 114 32 skulle
989 2319 18 30 7
1023 2319 146 35 procent
1184 2317 188 36 utdelning
1390 2318 21 29 å
1427 2316 195 36 preferens-

119 2365 275 36 aktiekapitalet
414 2365 122 30 kunna
557 2363 184 32 betraktas
763 2364 115 30 såsom
901 2361 116 36 skälig
1039 2360 198 37 utdelning.
1279 2360 98 31 Från
1397 2360 65 30 och
1483 2359 79 31 med
1583 2359 40 30 år

120 2409 78 31 1927
221 2408 91 32 hade
336 2407 230 36 utdelningen
593 2406 139 36 utgjort
754 2407 20 30 å
799 2404 351 37 preferensaktierna
1174 2405 18 29 7
1216 2405 146 34 procent
1385 2403 64 30 och
1473 2404 21 30 å
1518 2404 105 29 stam-

123 2452 166 32 aktierna
311 2453 39 31 13
369 2453 155 35 procent.

1674 1623 68 24 1930
1758 1622 47 24 års

1684 1658 114 29 riksdag.
