1864 2790
255 162 35 29 12
648 164 388 32 Jordbruksutskottets
1059 166 181 32 utlåtande
1261 177 42 20 nr
1324 169 51 29 41.

416 246 144 40 (Kungl.
580 247 127 40 Maj:ts
727 248 160 40 förslag.)
1218 250 213 34 (Utskottets
1451 252 162 41 förslag.)

737 316 260 30 Gemensamma
1018 317 267 31 bestämmelser.

1351 386 39 30 13
1418 386 28 37 3.

1073 443 47 40 Ej
1146 444 59 30 må
1232 444 113 40 någon
1374 445 153 31 överlåta
1555 447 75 39 ägg,
1660 448 106 39 kyck-

1029 485 113 39 lingar
1174 486 83 31 eller
1284 487 90 30 höns
1406 489 112 29 under
1547 489 218 40 beteckning,

1028 536 74 21 som
1133 529 140 38 utsäger
1299 529 83 30 eller
1408 530 97 39 giver
1530 531 88 30 sken
1645 541 43 21 av
1714 534 51 28 att

1028 570 109 39 äggen
1157 570 83 30 eller
1255 571 127 39 djuren
1400 573 61 28 äro
1477 573 68 39 fria
1562 573 82 39 från
1660 574 105 30 höns-

1030 612 106 39 tyfus,
1165 613 80 29 med
1272 613 137 31 mindre
1437 614 41 32 de
1507 615 148 30 härröra
1683 616 80 39 från

1029 654 199 40 besättning
1250 655 82 30 eller
1352 656 57 29 del
1431 656 107 30 därav
1560 666 75 21 som
1658 658 107 40 enligt

1027 695 20 29 4
1069 697 18 33 $
1107 696 250 39 friförklarats.

1070 738 126 39 Bryter
1211 738 113 40 någon
1340 741 75 28 mot
1430 740 209 40 stadgandet
1655 742 11 29 i
1682 742 81 30 den-

1028 788 44 21 na
1095 781 176 39 paragraf,
1295 782 145 39 straffes
1463 783 80 29 med
1568 783 195 40 dagsböter.

962 854 39 29 14
1027 854 27 37 8.

301 900 48 30 De
374 901 163 30 närmare
561 902 222 31 föreskrifter
809 913 74 21 som
909 904 177 31 erfordras
1111 906 56 30 för
1193 906 265 41 tillämpningen
1486 919 42 20 av
1551 910 116 31 denna
1693 912 70 29 för-

258 942 148 41 ordning
425 944 176 30 meddelas
620 954 45 21 av
685 945 124 40 Kungl.
831 946 106 40 Maj:t
958 947 91 34 eller,
1070 948 89 30 efter
1180 948 124 40 Kungl.
1325 950 125 39 Maj:ts
1470 951 290 40 bemyndigande,

257 993 41 21 av
321 985 358 40 veterinärstyrelsen.

960 1031 38 30 15
1025 1031 28 37 8.

301 1077 126 40 Kungl.
456 1078 105 40 Maj:t
588 1079 58 31 må
674 1080 145 35 besluta,
848 1083 51 28 att
926 1082 67 30 vad
1020 1082 11 29 i
1057 1083 118 30 denna
1203 1083 206 41 förordning
1437 1086 38 28 är
1504 1086 137 39 stadgat
1671 1087 88 29 skall

257 1118 104 32 lända
376 1120 53 30 till
445 1120 232 31 efterrättelse
694 1123 86 29 även
795 1124 11 29 i
822 1123 101 39 fråga
939 1133 57 20 om
1012 1133 118 21 annan
1146 1126 180 39 paratyfos
1342 1126 65 30 hos
1423 1127 155 39 fjäderfä
1594 1129 46 29 än
1656 1128 104 31 höns-

257 1161 107 39 tyfus.
395 1162 131 30 Därvid
556 1163 58 30 må
645 1164 126 39 Kungl.
803 1165 106 39 Maj:t
940 1166 114 30 tillika
1085 1167 206 35 föreskriva,
1324 1170 50 28 att
1406 1169 312 31 bestämmelserna
1749 1171 11 29 i

257 1203 107 30 9—12
392 1204 38 37 88
460 1205 98 30 skola
583 1206 65 38 äga
674 1206 223 41 tillämpning
921 1207 131 39 jämväl
1079 1209 20 29 å
1125 1209 199 40 besättning
1350 1220 75 20 som
1453 1212 38 28 är
1517 1212 163 30 ansluten
1707 1213 52 29 till

257 1244 158 41 frivilligt
435 1246 252 41 bekämpande.

300 1336 122 32 Denna
438 1338 207 41 förordning
661 1341 117 29 träder
794 1341 10 29 i
819 1342 97 30 kraft
933 1342 66 30 den
1018 1343 13 29 1
1049 1343 144 39 januari
1212 1344 92 35 1950,
1322 1344 44 30 då
1381 1345 235 39 kungörelsen
1633 1346 68 30 den
1718 1347 41 29 20

255 1380 186 31 november
466 1381 80 30 1931
579 1382 58 33 (nr
660 1381 82 36 402)
771 1384 178 38 angående
973 1385 161 39 åtgärder
1157 1390 74 27 mot
1253 1387 222 36 hönskolera,
1500 1389 168 40 hönspest
1692 1390 65 30 och

255 1420 188 40 hönstyfus
465 1423 137 40 upphör
624 1425 51 30 att
698 1424 98 40 gälla.

608 1524 37 34 2)
671 1526 11 29 i
704 1525 109 39 övrigt
835 1526 186 39 godkänna
1042 1528 40 29 de
1105 1530 11 29 i
1138 1529 264 39 propositionen
1423 1530 149 39 angivna
1594 1532 167 37 grunder-

566 1583 44 21 na
636 1575 56 30 för
717 1575 241 41 bekämpande
984 1587 42 20 av
1051 1578 190 40 hönstyfus
1266 1589 45 20 m.
1337 1589 62 25 m.;

609 1625 36 34 3)
670 1626 53 29 till
738 1627 301 32 Förekommande
1056 1629 64 30 och
1136 1630 212 30 hämmande
1365 1638 43 21 av
1424 1630 236 32 smittsamma
1678 1632 83 30 hus-

564 1676 328 40 djurssjukdomar:
921 1678 169 40 Åtgärder
1116 1682 76 27 mot
1219 1679 189 41 hönstyfus
1438 1681 20 30 å
1485 1682 192 30 riksstaten
1705 1683 55 29 för

563 1726 205 40 budgetåret
790 1728 150 35 1949/50
960 1729 110 29 under
1090 1730 130 31 nionde
1239 1730 223 31 huvudtiteln
1482 1733 121 29 anvisa
1623 1735 48 27 ett
1691 1733 70 30 för-

564 1776 216 41 slagsanslag
799 1788 40 20 av
858 1779 40 29 25
914 1779 63 30 000
995 1779 145 36 kronor;

605 1844 44 34 B)
681 1847 50 29 att
752 1846 178 30 motionen
955 1846 46 30 II:
1017 1846 63 30 344
1103 1848 76 30 icke
1202 1848 57 30 må
1282 1848 182 31 föranleda
1488 1850 114 39 någon
1624 1850 136 30 riksda-

562 1904 83 32 gens
665 1897 131 40 åtgärd.

298 1960 200 32 Stockholm
521 1963 66 30 den
609 1964 39 30 10
668 1965 72 39 maj
765 1965 92 30 1949.

692 2023 48 30 På
764 2023 383 40 jordbruksutskottets
1170 2027 145 38 vägnar:

841 2092 37 30 L.
897 2092 268 32 TJÄLLGREN.

564 2192 63 30 Vid
646 2191 95 32 detta
757 2193 146 30 ärendes
922 2193 286 41 slutbehandling
1224 2195 44 31 ha
1285 2196 156 30 närvarit

297 2239 78 30 från
431 2241 138 31 första
596 2242 222 30 kammaren:
835 2243 124 30 herrar
974 2243 189 40 Tjällgren,
1180 2245 77 30 Carl
1272 2245 165 31 Edmund
1454 2247 179 34 Eriksson,
1644 2246 115 30 Alfred

252 2281 211 36 Andersson,
487 2283 210 40 Anderberg,
721 2284 179 40 Svedberg,
922 2285 168 36 Näslund,
1112 2287 69 29 Jon
1202 2287 152 30 Jonsson
1375 2289 66 29 och
1463 2288 180 35 Isaksson;
1669 2289 90 29 samt

294 2332 80 30 från
406 2334 156 30 andra
591 2335 222 30 kammaren:
835 2336 123 30 herrar
978 2336 203 31 Andersson
1201 2338 12 29 i
1233 2338 126 34 Löbbo,
1382 2339 174 30 Svensson
1576 2340 11 29 i
1607 2338 151 40 Ljungs-

252 2372 79 37 kile,
354 2374 200 31 Andersson
576 2377 10 29 i
607 2376 200 40 Tungelsta,
830 2377 201 31 Andersson
1053 2379 10 29 i
1086 2379 260 34 Surahammar,
1370 2380 212 39 Hzxggblom,
1606 2380 151 30 Anders-

254 2424 61 21 son
333 2416 11 29 i
363 2416 150 39 Hyssna,
532 2417 147 30 Ahlsten
698 2419 65 29 och
781 2419 134 30 Boman
933 2420 12 29 i
964 2420 179 31 Stafsund.

479 2530 109 22 497612.
626 2528 177 28 Stockholm,
819 2529 82 24 Isaac
918 2530 113 24 Marcus
1046 2530 189 30 Boktryckeri
1253 2530 179 31 Aktiebolag,
1450 2531 77 24 1949.
