2222 2618
645 142 398 34 Jordbruksutskottets
1075 141 188 34 utlåtande
1294 141 54 33 Nr
1371 141 29 31 1.
1715 140 59 32 131

349 221 73 36 För
449 221 123 36 första
598 220 172 37 halvåret
801 221 96 35 1923
928 219 67 37 har
1021 219 204 50 riksdagen
1254 220 58 36 för
1335 218 292 49 ifrågavarande
1647 219 174 37 ändamål

220 273 148 37 anvisat
396 275 21 34 å
444 279 108 31 extra
579 278 76 31 stat
682 278 54 31 ett
763 272 392 49 reservationsanslag
1183 274 21 34 å
1233 272 138 47 50,000
1400 271 150 37 kronor.

348 324 437 51 (Statsrådsprotokollet
812 324 69 36 sid.
912 323 230 49 352—355.)

348 428 355 49 Anslagsäskandet
743 427 60 37 för
844 427 226 49 budgetåret
1110 429 254 35 1923—1924
1392 427 168 47 grundar
1589 427 62 48 sig
1677 428 61 47 på,
1767 431 56 31 att

220 481 118 37 under
368 482 98 35 1923
496 480 124 37 skulle
643 493 91 23 vara
753 479 11 36 i
784 480 244 36 verksamhet
1047 482 64 34 två
1131 479 372 49 ströängsnämnder,
1524 493 47 22 en
1592 479 59 36 för
1669 477 153 37 Väster-

219 533 151 37 bottens
399 533 70 36 och
497 545 47 24 en
572 532 60 36 för
659 531 254 37 Norrbottens
937 532 73 36 län.
1067 531 196 49 Härjämte
1284 532 68 35 har
1371 531 210 46 förutsatts,
1602 535 56 31 att
1677 529 143 48 Kungl.

218 585 119 48 Maj:t,
380 584 127 37 därest
548 583 288 37 förhållandena
867 583 121 37 skulle
1020 583 59 37 för
1105 583 226 48 budgetåret
1363 584 252 35 1924—1925
1645 581 178 48 medgiva

219 637 119 37 sådan
381 636 148 48 ökning
558 649 46 23 av
631 635 160 47 utgifter
821 635 58 36 för
906 635 215 48 ersättning
1148 635 59 36 för
1234 635 131 48 odling
1394 648 47 23 m.
1472 648 63 33 m.,
1565 647 82 24 som
1675 633 146 49 ytterli-

219 702 91 36 gare
345 691 64 33 två
452 688 186 36 nämnder
667 687 120 36 skulle
816 687 182 46 medföra,
1028 690 60 33 må
1116 687 130 36 kunna
1273 687 117 37 redan
1419 687 58 36 för
1504 686 120 38 första
1651 685 170 37 halvåret

221 743 99 35 1924
350 740 181 37 förordna
558 752 60 23 om
649 738 109 37 deras
786 739 241 36 tillsättande.

348 791 267 38 Kostnaderna
656 790 98 37 hava
794 790 203 37 beräknats
1039 791 56 36 till
1135 791 165 47 260,000
1328 790 152 48 kronor,
1508 803 118 23 varav
1658 789 163 44 110,000

218 845 141 36 kronor
387 844 129 36 kunna
544 843 132 37 täckas
706 856 47 23 av
780 843 243 36 reserverade
1050 843 135 36 medel.

346 895 86 37 Med
465 895 150 49 hänsyn
643 895 59 36 till
729 895 104 36 vissa
861 894 237 50 stadganden
1126 895 12 35 i
1167 895 291 48 ströängslagen
1486 907 62 23 om
1577 892 245 49 utbetalning

217 948 71 37 och
329 947 215 48 ersättning
576 946 69 37 har
690 947 174 48 anslaget
902 952 143 31 ansetts
1075 946 91 36 böra
1195 946 197 36 förändras
1420 946 58 36 till
1507 944 313 49 förslagsanslag,

218 1013 81 23 som
328 999 98 37 dock
454 999 201 36 förutsatts
675 998 32 49 ej
730 998 38 36 få
787 999 149 47 anlitas,
956 999 124 36 förrän
1099 998 233 37 reservation
1351 1000 21 34 å
1391 998 45 36 de
1456 997 162 48 tidigare
1639 996 182 48 anslagen

220 1051 229 38 förbrukats.

345 1103 198 38 Utskottet
575 1103 70 36 har
678 1102 82 38 icke
789 1102 126 36 funnit
942 1101 209 49 anledning
1179 1101 57 37 till
1265 1101 148 37 erinran
1443 1106 79 32 mot
1550 1100 272 37 framställnin-

218 1168 88 37 gen,
336 1155 128 37 varför
492 1154 188 37 utskottet
706 1155 230 46 hemställer,

749 1246 55 31 att
832 1240 206 49 riksdagen
1066 1243 62 33 må
1155 1240 57 36 till
1233 1239 241 38 bestridande
1498 1252 46 23 av
1564 1238 258 37 kostnaderna

619 1292 58 37 för
706 1297 221 43 ströängars
955 1292 237 48 indragande
1209 1292 55 36 till
1281 1292 143 35 kronan
1441 1291 132 36 anvisa
1589 1291 57 35 för
1660 1289 162 48 budget-

620 1347 81 34 året
745 1345 254 35 1923—1924
1033 1349 54 31 ett
1116 1349 105 31 extra
1249 1343 303 49 förslagsanslag
1580 1355 47 23 av
1659 1342 163 46 150,000

618 1396 150 37 kronor.

609 1680 199 37 Rikets
836 1679 280 38 allmänna
1141 1679 284 38 kartverk.

348 1801 124 49 164:0)
502 1801 129 37 Under
658 1801 123 49 punkt
811 1803 71 34 164
911 1800 68 36 har
1006 1800 143 48 Kungl.
1178 1799 109 48 Maj:t
1316 1798 199 49 föreslagit
1533 1798 206 49 riksdagen
1761 1803 55 31 att

214 1854 12 36 i
254 1853 162 37 avbidan
444 1856 48 46 på
520 1853 73 36 den
621 1853 236 49 proposition
886 1851 197 49 angående
1113 1851 136 48 anslag
1275 1851 56 36 till
1360 1851 116 36 rikets
1505 1850 187 37 allmänna
1713 1850 102 36 kart-

215 1906 103 47 verk,
356 1918 81 23 som
480 1905 142 49 Kungl.
659 1905 107 48 Maj:t
799 1908 59 33 må
885 1904 152 36 komma
1065 1909 55 30 att
1149 1903 124 36 avlåta
1301 1903 55 35 till
1383 1902 217 48 riksdagen,
1630 1902 57 36 för
1715 1902 101 37 detta

214 1957 175 36 ändamål
432 1956 168 37 beräkna
641 1956 79 36 dels
762 1959 122 34 såsom
927 1955 187 37 ordinarie
1155 1955 135 48 anslag
1325 1959 53 31 ett
1406 1953 139 50 belopp
1574 1967 47 23 av
1650 1955 165 46 598,400

215 2009 149 43 kronor,
395 2008 79 36 dels
502 2008 71 36 ock
602 2010 124 34 såsom
756 2014 105 30 extra
889 2007 133 47 anslag
1050 2013 55 30 ett
1123 2006 136 48 belopp
1289 2019 46 22 av
1364 2008 139 44 45,000
1534 2006 151 35 kronor.

392 2072 67 24 ver
487 2059 123 36 denna
652 2059 284 47 framställning
973 2059 171 35 kommer
1175 2057 186 36 utskottet
1388 2062 54 30 att
1471 2057 198 35 framdeles
1697 2056 121 36 under

215 2110 205 49 riksdagen
442 2111 138 48 avgiva
598 2110 206 48 utlåtande,
824 2110 116 36 vilket
958 2109 186 36 utskottet
1163 2108 222 49 härigenom
1413 2108 103 36 velat
1540 2108 57 35 för
1611 2108 206 47 riksdagen

746 2195 159 37 anmäla.

1878 428 133 24 Utskottet.

1859 1808 90 26 Rikets
1966 1810 50 25 all-

1890 1848 101 21 männa

1875 1879 130 29 kartverk,

1832 1930 138 30 (ordinarie
1995 1932 45 23 och

1842 1970 71 19 extra
1943 1968 107 28 anslag.)

1881 2002 125 46 [164.]
