2224 2624
657 161 398 32 Jordbruksutskottets
1087 161 187 32 utlåtande
1307 161 52 31 Nr
1384 161 30 30 I.
1750 159 41 32 65

359 238 101 48 93:0)
490 238 129 37 Under
646 238 123 49 punkt
798 240 47 34 93
875 238 70 36 har
973 237 141 48 Kungl.
1145 237 87 50 Maj:t
1237 237 228 48 föreslagit
1479 237 205 48 riksdagen
1704 242 56 32 att
1779 237 57 36 till
1866 245 185 31 Försöksgård

229 289 298 38 driftkostnader
554 290 60 37 för
641 291 70 36 och
738 290 234 49 utvidgning
1000 303 46 23 av
1075 290 72 36 den
1175 289 119 37 under
1312 289 159 49 ledning
1490 303 48 22 av
1562 266 273 60 kemisk-växt-
1868 280 182 60 ANynurjord
2034 276 17 68 $

227 341 217 59 biologiska
472 342 188 37 anstalten
688 343 12 35 i
729 342 117 36 Luleå
874 342 134 36 drivna
1037 341 294 48 försöksgården
1351 344 21 33 å
1393 341 167 49 myrjord
1588 341 64 36 vid
1682 341 155 37 Alträsk
1933 351 53 25 län.

229 394 12 35 i
268 393 253 39 Norrbottens
549 394 63 37 län
641 394 133 37 anvisa
803 394 58 37 för
890 394 227 49 budgetåret
1148 394 254 36 1923—1924
1427 399 54 32 ett
1509 399 107 31 extra
1636 394 134 48 anslag
1789 407 48 23 av
1854 404 84 30 (extra
1957 404 111 30 anslag.)

232 447 138 45 12,000
399 446 149 36 kronor.
1914 440 72 43 [93.

360 497 433 50 (Statsrådsprotokollet
821 497 70 37 sid.
924 496 228 49 175—182.)

359 549 76 36 För
475 549 245 37 anordnande
751 549 64 36 vid
843 549 156 36 Ålträsk
1027 549 12 36 i
1067 548 254 37 Norrbottens
1349 550 63 35 län
1442 563 46 22 av
1516 562 45 23 en
1590 549 246 49 försöksgård

230 603 20 33 å
277 601 171 49 myrjord
489 601 119 36 under
649 601 159 48 ledning
849 614 47 22 av
937 600 467 48 kemisk-växtbiologiska
1447 601 186 37 anstalten
1670 601 12 36 i
1720 601 117 37 Luleå

231 652 179 37 anvisade
434 652 205 50 riksdagen
661 653 58 36 för
740 654 97 35 1919
863 653 136 47 10,000
1019 652 138 36 kronor
1177 653 70 36 och
1267 653 58 36 till
1345 653 231 36 inventarier
1596 653 59 36 för
1673 654 164 36 nämnda

230 704 250 49 försöksgård
521 704 58 37 för
623 706 97 35 1920
765 706 137 45 15,600
945 704 149 36 kronor.
1150 704 73 36 Till
1265 704 299 37 driftkostnader
1600 705 62 36 vid
1692 718 146 23 samma

229 756 94 48 gård
354 756 200 37 anvisades
583 757 58 36 för
672 758 97 35 1920
799 762 53 31 ett
881 756 134 49 anslag
1043 769 45 23 av
1117 757 113 45 5,000
1259 756 155 37 kronor.
1458 756 76 37 För
1564 758 94 35 1921
1681 757 69 36 har
1779 757 59 36 för

230 821 144 23 samma
416 808 176 36 ändamål
619 808 176 48 beviljats
824 808 80 37 dels
933 811 21 33 å
981 813 107 31 extra
1116 814 75 30 stat
1219 813 54 31 ett
1302 808 136 48 anslag
1465 822 48 22 av
1543 809 112 46 5,000
1684 808 152 48 kronor,

230 859 79 36 dels
351 859 71 37 ock
451 862 21 33 å
499 860 233 47 tilläggsstat
772 861 117 43 4,400
929 861 140 35 kronor
1109 860 90 36 eller
1239 860 161 36 sålunda
1442 861 254 47 sammanlagt
1724 862 113 45 9,400

229 911 151 36 kronor.
429 912 74 36 För
533 914 98 34 1922
661 912 70 36 och
762 912 117 36 första
906 911 169 37 halvåret
1098 913 96 34 1923
1215 914 151 46 uppgår
1386 911 452 50 driftkostnadsanslaget

230 963 56 35 till
325 965 114 46 9,400
470 963 215 49 respektive
713 965 112 46 3,500
857 963 148 37 kronor.
1063 962 185 50 Samtliga
1277 963 343 50 anslagsbeloppen
1648 964 99 36 hava
1777 966 60 34 be-

229 1015 131 48 viljats
387 1018 125 34 såsom
543 1015 315 49 förslagsanslag,
887 1016 127 47 högst.

360 1119 265 36 Förevarande
667 1120 283 47 framställning
990 1132 111 23 avser
1141 1118 213 37 beredande
1397 1133 47 22 av
1484 1120 232 48 statsanslag
1757 1119 80 36 dels
1894 1127 138 24 utskottet.

231 1171 85 36 med
361 1172 113 45 5,000
516 1171 140 36 kronor
696 1172 60 35 för
797 1171 234 48 utvidgning
1072 1184 46 22 av
1159 1171 297 48 försöksgården
1489 1170 63 37 vid
1582 1171 154 36 Alträsk
1766 1172 70 36 och

231 1223 80 36 dels
340 1222 85 36 med
456 1224 112 45 7,000
599 1223 139 35 kronor
766 1223 57 35 till
852 1223 300 35 driftkostnader
1180 1223 63 35 vid
1273 1222 232 36 densamma.

360 1274 176 35 Rörande
565 1274 163 36 behovet
756 1287 45 23 av
829 1274 233 48 utvidgning
1089 1287 46 23 av
1159 1274 305 48 försöksgården,
1487 1274 115 36 vilket
1629 1274 207 36 vitsordats

232 1339 45 22 av
323 1325 401 48 lantbruksstyrelsen,
753 1326 80 46 har,
876 1326 119 48 enligt
1034 1326 73 36 vad
1141 1339 45 22 av
1215 1325 415 49 statsrådsprotokollet
1657 1325 179 50 framgår,

230 1378 189 47 styrelsen
447 1376 57 36 för
533 1377 189 36 anstalten
752 1378 126 35 anfört
907 1377 114 37 bland
1050 1382 114 31 annat
1192 1377 177 47 följande.

362 1463 70 31 Den
449 1462 200 40 förefintliga
660 1463 296 41 myrjordsarealen
969 1473 52 21 om
1037 1464 35 30 11
1088 1463 119 32 hektar
1219 1473 78 22 vore
1310 1464 37 31 så
1359 1463 126 41 knappt
1497 1463 146 39 tillmätt,
1658 1464 51 31 att
1720 1464 117 32 endast

231 1508 49 30 ett
313 1517 61 30 par
408 1506 52 31 för
494 1511 78 27 övre
605 1506 182 32 Norrlands
821 1507 186 40 myrodling
1034 1507 249 40 betydelsefulla
1306 1507 161 42 spörsmål
1491 1507 127 32 kunnat
1641 1508 161 40 upptagas
1826 1507 11 31 i

231 1550 259 41 försöksplanen,
515 1549 164 41 nämligen
703 1550 69 32 dels
796 1550 113 32 försök
932 1551 73 31 med
1028 1550 193 41 mångåriga
1244 1550 227 33 slåttervallar
1494 1551 73 31 med
1591 1555 105 37 öppen
1720 1551 115 31 avdik-

230 1593 78 41 ning
343 1594 50 31 till
434 1593 88 32 olika
553 1593 166 41 tegbredd,
745 1594 152 40 omkring
920 1596 18 30 6
962 1594 128 39 hektar,
1114 1595 69 31 dels
1206 1595 113 31 försök
1342 1594 73 32 med
1439 1594 134 32 insådda
1597 1595 198 31 betesvallar
1817 1596 19 30 å

230 1637 179 32 täckdikad
440 1637 84 40 jord,
560 1637 151 41 omkring
735 1638 18 30 5
778 1637 127 32 hektar.
952 1638 104 31 Bland
1090 1638 129 40 viktiga
1253 1638 114 32 försök
1395 1638 182 32 berörande
1599 1638 236 40 myrodlingen,

231 1681 90 30 vilka
355 1680 137 32 sålunda
525 1680 182 32 tillsvidare
735 1681 28 40 ej
788 1681 126 32 kunnat
938 1683 162 39 upptagas
1124 1682 19 30 å
1166 1682 154 31 Alträsks
1343 1681 222 40 försöksgård,
1590 1682 86 39 finge
1700 1686 137 27 nämnas

230 1723 113 33 försök
367 1724 73 32 med
463 1723 136 40 dikning
620 1723 51 32 till
695 1723 89 32 olika
800 1724 182 42 dikesdjup,
999 1724 305 41 växtföljdsförsök,
1321 1724 293 41 gödslingsförsök,
1631 1724 127 32 kultur-
1776 1725 61 31 och

231 1767 184 33 sortförsök
450 1767 72 32 med
557 1768 69 38 råg,
661 1767 91 37 korn,
785 1767 112 38 havre,
923 1778 97 21 rovor
1043 1770 86 29 samt
1152 1768 88 31 olika
1263 1769 177 39 gräsarter.
1487 1768 38 40 Ej
1550 1767 103 32 heller
1674 1767 84 33 hade
1782 1768 55 32 det

230 1811 89 32 varit
353 1811 131 41 möjligt
511 1812 51 30 att
584 1810 110 32 lämna
716 1811 87 40 plats
827 1811 52 31 för
901 1810 112 33 försök
1037 1812 35 31 åt
1095 1811 291 32 centralanstalten
1409 1811 52 32 för
1483 1811 289 32 försöksväsendet
1795 1813 42 40 på

227 1854 336 42 jordbruksområdet,
588 1854 111 32 vilken
722 1854 103 40 enligt
848 1854 161 32 villkoren
1033 1854 51 32 för
1107 1855 184 40 beviljande
1315 1866 41 21 av
1372 1854 204 41 statsbidrag
1594 1854 51 32 till
1661 1855 174 32 driftkost-

232 1899 99 31 nader
353 1898 56 32 vid
431 1897 255 41 försöksgården
708 1898 105 32 skulle
836 1898 136 32 beredas
995 1898 130 32 tillfälle
1148 1899 51 31 till
1224 1898 204 33 anställande
1453 1909 41 21 av
1517 1898 113 32 försök
1654 1898 181 33 därstädes.

231 1942 62 31 Till
322 1942 192 40 jämförelse
545 1942 86 38 finge
654 1946 145 34 nämnas,
825 1943 50 30 att
898 1942 61 32 den
983 1942 100 32 under
1105 1942 143 32 svenska
1271 1942 412 40 mosskulturföreningens
1706 1942 131 41 ledning

231 1984 121 33 ställda
383 1985 254 40 försöksgården
661 1984 55 32 vid
740 1985 143 32 Gisselås
906 1985 10 31 i
940 1985 185 32 Jämtlands
1148 1986 63 38 län,
1237 1996 69 21 som
1331 1986 51 31 för
1405 1986 204 31 närvarande
1632 1996 79 21 vore
1735 1986 102 31 under

232 2028 209 40 anläggning,
477 2028 180 31 omfattade
692 2038 40 21 en
763 2028 254 41 myrjordsareal
1052 2040 41 21 av
1126 2029 28 40 ej
1188 2028 125 33 mindre
1338 2034 40 26 än
1405 2030 61 30 100
1490 2029 127 38 hektar,
1643 2028 112 33 varför
1777 2029 61 32 där

232 2072 125 31 kunnat
379 2071 152 41 planeras
555 2071 65 31 alla
642 2071 61 31 här
725 2072 141 31 nämnda
886 2072 103 40 jämte
1013 2082 40 21 en
1075 2072 52 31 del
1151 2073 101 31 andra
1276 2072 244 32 försöksserier.

364 2150 264 36 Kostnaderna
678 2150 59 35 för
786 2149 233 49 utvigdning
1061 2150 55 36 till
1159 2152 46 34 36
1248 2150 134 36 hektar
1422 2150 69 35 har
1533 2149 204 37 beräknats
1779 2151 53 35 till

236 2202 137 42 15,000
414 2201 151 45 kronor,
608 2214 114 22 varav
751 2201 257 47 ortsbidraget
1035 2201 195 49 uppginge
1258 2201 56 35 till
1345 2202 137 43 10,000
1511 2201 148 36 kronor.
1716 2201 119 36 Drift-

233 2261 128 41 Bihang
385 2260 50 31 till
457 2261 187 41 riksdagens
661 2260 158 41 protokoll
843 2261 94 31 1923.
991 2262 35 29 10
1049 2261 88 31 saml.
1185 2263 18 29 1
1249 2260 79 41 häft.
1377 2260 71 39 (Nr
1471 2262 48 32 1.)
1772 2261 20 31 9
