2226 2620
639 144 397 34 Jordbruksutskottets
1068 142 187 32 utlåtande
1287 141 52 31 Nr
1363 140 29 30 I.
1704 136 59 31 117

340 225 123 32 Vidare
497 226 56 29 må
587 223 208 35 framhållas,
819 223 50 30 att
891 221 54 32 det
967 221 54 31 för
1044 220 154 36 Sveriges
1221 217 257 33 vidkommande
1501 219 39 29 är
1563 216 173 36 viktigast,
1760 216 49 30 att

207 270 93 31 sälen
324 269 189 32 efterhålles
535 269 13 30 i
571 267 155 36 nordliga
753 266 94 31 delen
874 275 44 21 av
941 264 177 32 Bottniska
1146 264 111 35 viken,
1280 262 61 32 där
1364 262 133 31 sälarna
1520 260 205 31 förekomma
1749 259 60 31 tal-

209 314 105 31 rikast
336 313 60 31 vid
430 314 82 30 våra
546 312 123 31 kuster.
715 310 80 31 Men
829 309 116 31 härför
973 318 97 27 synes
1092 307 54 32 det
1169 317 82 21 vara
1273 316 43 21 av
1339 307 118 30 största
1481 305 86 35 vikt,
1590 304 50 31 att
1662 302 148 32 Finland

210 358 207 35 medverkar,
452 356 137 31 särskilt
623 365 70 21 som
728 354 163 36 säljakten
926 353 78 30 från
1036 352 88 31 detta
1148 351 79 31 land
1249 350 202 32 åtminstone
1474 348 144 36 tidigare
1641 347 90 31 varit
1759 346 50 31 be-

209 401 124 36 tydligt
356 402 102 30 större
481 402 44 29 än
548 400 40 31 de
611 399 151 31 svenska.

340 443 135 33 Härvid
509 443 91 32 torde
634 443 31 36 ej
700 442 105 31 heller
828 441 79 30 böra
929 440 148 34 förbises,
1101 440 49 29 att
1173 438 62 31 den
1260 439 11 29 i
1294 437 116 36 kungl.
1435 435 223 37 kungörelsen
1681 434 63 31 den
1769 434 39 30 21

210 488 179 32 november
424 487 83 32 1913
543 485 170 38 angående
747 485 197 35 belöningar
978 483 52 31 för
1054 481 148 32 dödande
1225 492 43 20 av
1291 480 183 32 sälhundar
1498 479 211 31 föreskrivna
1731 478 80 30 kon-

209 532 120 32 trollen
353 534 89 33 över,
465 532 50 30 att
538 530 39 31 de
600 530 98 35 sälar,
723 529 52 30 för
798 528 94 31 vilka
913 527 160 35 belöning
1096 525 173 36 utbetalas,
1293 524 114 32 dödats
1426 534 44 20 av
1487 522 121 32 svensk
1624 521 186 35 undersåte,

210 577 63 30 lätt
296 585 66 27 nog
385 575 68 31 kan
475 574 94 31 bliva
592 571 336 36 otillfredsställande,
953 572 36 29 så
1012 571 98 35 länge
1134 569 195 35 belöningar
1352 568 71 31 icke
1441 567 166 31 utbetalas
1624 566 13 30 i
1653 564 157 32 Finland.

210 620 118 31 Denna
361 618 248 36 omständighet
643 617 107 31 skulle
783 615 94 31 bliva
910 617 93 29 ännu
1037 623 92 21 mera
1163 611 254 36 beaktansvärd,
1452 621 55 20 om
1539 609 237 37 sälpremierna
1799 609 13 29 i

210 663 139 36 Sverige
372 662 125 37 höjdes,
521 662 107 30 innan
651 659 146 33 Finland
822 659 143 31 beslutat
988 659 51 35 sig
1062 658 54 30 för
1138 657 50 30 att
1210 657 70 30 åter
1304 655 115 31 belöna
1443 653 225 32 säldödandet.

342 706 117 36 Enligt
483 704 355 37 lantbruksstyrelsens
860 703 139 35 mening
1021 711 98 26 synes
1141 700 55 31 det
1219 700 178 35 viktigaste
1420 699 54 30 för
1494 707 42 21 en
1556 697 137 31 effektiv
1711 697 101 34 kamp

211 752 70 29 mot
303 750 133 31 sälarna
458 759 92 26 vara,
574 750 50 30 att
647 746 147 33 Finland
821 748 70 30 åter
914 745 166 32 utbetalar
1107 744 202 36 sälpremier.
1355 743 61 30 Att
1439 743 37 30 så
1499 742 151 30 kommer
1672 741 50 30 att
1744 740 67 35 ske,

211 793 92 32 torde
338 803 83 21 vara
454 792 185 36 anledning
674 793 49 30 att
757 790 133 37 hoppas.
937 790 98 31 Först
1066 789 12 30 i
1107 787 160 32 samband
1290 786 137 32 därmed
1449 785 93 32 torde
1565 785 54 31 till
1641 784 171 36 prövning

212 838 81 30 böra
326 839 164 34 upptagas
523 837 132 35 frågan,
690 835 169 31 huruvida
895 834 139 30 behovet
1066 833 131 34 kräver,
1222 832 48 30 att
1293 831 38 30 de
1355 830 140 31 svenska
1520 828 293 35 sälbelöningarna

211 881 96 36 höjas
330 881 53 30 för
406 881 39 31 de
468 880 155 36 nordliga
647 880 108 30 länen.

342 940 405 49 Lantbrnksstyrelsen
785 939 68 35 har
882 937 156 37 sålunda
1067 939 122 33 såsom
1218 936 59 35 sin
1306 935 156 48 mening
1488 934 149 46 uttalat,
1666 937 55 32 att
1750 932 63 36 det

213 994 207 47 viktigaste
465 993 58 36 för
567 1005 46 23 en
655 991 156 37 effektiv
852 990 114 47 kamp
995 994 79 30 mot
1110 987 151 37 sälarna
1288 986 105 36 torde
1421 998 103 35 vara,
1554 990 56 31 att
1637 984 175 47 Finland,

213 1058 83 24 som
325 1045 84 36 från
438 1045 71 36 och
537 1043 87 37 med
655 1044 96 35 1919
781 1042 84 37 icke
893 1039 162 38 utbetalt
1083 1039 231 50 sälpremier,
1344 1041 78 34 åter
1441 1036 217 38 utbetalade
1672 1036 142 36 sådana

213 1097 161 49 premier
401 1096 71 37 och
497 1095 189 50 styrelsen
707 1095 68 36 har
794 1093 122 37 tillika
934 1091 219 46 framhållit,
1175 1096 53 31 att
1248 1090 205 48 anledning
1471 1102 91 24 vore
1583 1094 54 31 att
1656 1088 156 49 hoppas,

215 1154 55 31 att
297 1151 41 34 så
367 1148 150 37 komme
546 1153 55 31 att
628 1147 77 37 ske.
762 1147 110 35 Först
912 1145 12 35 i
967 1143 183 37 samband
1192 1142 157 37 därmed
1390 1141 116 37 borde
1535 1140 122 49 enligt
1684 1140 129 49 styrel-

215 1213 87 24 sens
347 1200 158 48 mening
550 1200 147 48 frågan,
727 1197 187 37 huruvida
942 1196 164 37 behovet
1133 1195 145 46 kräver,
1309 1200 52 30 att
1389 1194 45 35 de
1463 1192 165 37 svenska
1656 1191 158 37 sälbelö-

213 1252 193 48 ningarna
434 1251 107 49 höjas
570 1251 59 36 för
658 1250 45 36 de
731 1248 176 49 nordliga
934 1248 132 35 länens
1094 1245 302 47 vidkommande,
1430 1245 93 36 böra
1546 1249 192 44 upptagas
1759 1243 56 36 till

215 1303 202 49 prövning.

344 1354 195 37 Utskottet
576 1354 67 36 har
684 1353 96 36 efter
821 1352 63 36 det
925 1365 47 22 av
1000 1349 389 49 lantbruksstyrelsen
1418 1347 165 49 avgivna
1611 1346 204 50 yttrandet,

216 1407 56 36 till
319 1405 118 37 vilket
482 1406 189 36 utskottet
716 1405 12 36 i
769 1404 128 48 övrigt
936 1402 141 37 tillåter
1118 1401 61 48 sig
1207 1400 170 47 hänvisa,
1407 1399 126 37 funnit
1561 1399 60 47 sig
1648 1399 99 35 hava
1776 1400 40 34 så

216 1458 154 49 mycket
398 1457 145 37 mindre
572 1457 207 48 anledning
807 1456 133 48 frångå
982 1454 72 36 den
1093 1466 45 23 av
1170 1454 96 35 1922
1296 1455 59 33 års
1380 1450 356 51 jordbruksutskott
1764 1451 51 35 in-

215 1517 117 41 tagna
359 1509 284 50 ståndpunkten
671 1510 12 35 i
712 1507 264 50 föreliggande
1000 1506 120 48 fråga.

346 1561 195 37 Utskottet
569 1560 168 38 biträder
766 1560 109 36 alltså
904 1558 142 48 Kungl.
1068 1557 126 48 Maj:ts
1218 1555 289 50 ifrågavarande
1523 1554 292 48 framställning.

348 1613 128 37 Under
504 1613 240 48 åberopande
775 1625 45 22 av
849 1611 64 36 det
942 1609 157 36 anförda
1127 1608 213 36 hemställer
1367 1607 197 47 utskottet,

749 1702 54 31 att
843 1696 206 46 riksdagen
1092 1697 60 33 må
1185 1694 86 36 med
1299 1694 105 36 bifall
1433 1693 57 36 till
1520 1693 140 47 Kungl.
1691 1692 126 48 Maj:ts

619 1749 248 37 förevarande
896 1746 286 48 framställning
1226 1746 69 35 och
1342 1745 84 36 med
1470 1743 134 49 avslag
1645 1746 20 34 å
1706 1743 112 36 den
1796 1739 27 60 i

619 1807 127 30 ämnet
790 1800 135 36 väckta
971 1797 192 36 motionen
1205 1796 126 36 II:33
1370 1797 11 35 i
1421 1795 206 37 riksstaten
1656 1795 162 49 uppföra

618 1852 188 37 ordinarie
834 1850 344 48 förslagsanslaget
1219 1848 54 36 till
1307 1848 225 47 belöningar
1559 1847 58 37 för
1644 1846 174 49 rovdjurs

621 1904 172 37 dödande
822 1903 83 36 med
936 1902 138 44 20,000
1104 1901 149 35 kronor.

762 2029 623 40 Lantmäteriväsendet.

351 2137 123 47 146:0)
503 2136 128 37 Under
658 2135 123 49 punkt
812 2136 69 34 146
911 2134 69 36 har
1007 2134 142 46 Kungl.
1180 2132 107 48 Maj:t
1315 2131 196 49 föreslagit
1539 2130 204 49 riksdagen
1765 2135 54 30 att

217 2190 82 36 dels
328 2188 203 49 godkänna
561 2187 169 49 följande
759 2186 165 36 ändrade
944 2191 75 30 stat
1039 2184 58 36 för
1116 2182 418 49 lantmäteristyrelsen,
1555 2187 55 30 att
1629 2182 189 47 tillämpas

221 2242 81 35 från
331 2240 70 35 och
431 2239 83 37 med
544 2239 72 36 den
649 2241 16 33 1
693 2238 71 48 juli
797 2239 110 34 1923:

1856 2136 176 24 Lantmäteri-

1873 2170 136 32 styrelsen.

1873 2222 138 30 (ordinarie

1890 2257 105 29 anslag.)

1887 2293 119 45 [146.)
