<?xml version="1.0" encoding="UTF-8"?>
<alto xmlns="http://www.loc.gov/standards/alto/ns-v3#" xmlns:xlink="http://www.w3.org/1999/xlink" xmlns:xsi="http://www.w3.org/2001/XMLSchema-instance" xsi:schemaLocation="http://www.loc.gov/standards/alto/ns-v3# http://www.loc.gov/alto/v3/alto-3-0.xsd">
	<Description>
		<MeasurementUnit>pixel</MeasurementUnit>
		<sourceImageInformation>
			<fileName>/tmp/tess_c98no6w7_input.PNG</fileName>
		</sourceImageInformation>
		<OCRProcessing ID="OCR_0">
			<ocrProcessingStep>
				<processingSoftware>
					<softwareName>tesseract 5.3.0</softwareName>
				</processingSoftware>
			</ocrProcessingStep>
		</OCRProcessing>
	</Description>
	<Layout>
		<Page WIDTH="2224" HEIGHT="2616" PHYSICAL_IMG_NR="0" ID="page_0">
			<PrintSpace HPOS="0" VPOS="0" WIDTH="2224" HEIGHT="2616">
				<ComposedBlock ID="cblock_0" HPOS="461" VPOS="150" WIDTH="1136" HEIGHT="36">
					<TextBlock ID="block_0" HPOS="461" VPOS="150" WIDTH="1136" HEIGHT="36">
						<TextLine ID="line_0" HPOS="461" VPOS="150" WIDTH="1136" HEIGHT="36">
							<String ID="string_0" HPOS="461" VPOS="155" WIDTH="40" HEIGHT="31" WC="0.96" CONTENT="94"/><SP WIDTH="344" VPOS="155" HPOS="501"/>
							<String ID="string_1" HPOS="845" VPOS="152" WIDTH="396" HEIGHT="34" WC="0.91" CONTENT="Jordbruksutskottets"/><SP WIDTH="32" VPOS="152" HPOS="1241"/>
							<String ID="string_2" HPOS="1273" VPOS="151" WIDTH="186" HEIGHT="33" WC="0.96" CONTENT="utlåtande"/><SP WIDTH="34" VPOS="151" HPOS="1459"/>
							<String ID="string_3" HPOS="1493" VPOS="151" WIDTH="52" HEIGHT="31" WC="0.94" CONTENT="Nr"/><SP WIDTH="25" VPOS="151" HPOS="1545"/>
							<String ID="string_4" HPOS="1570" VPOS="150" WIDTH="27" HEIGHT="31" WC="0.94" CONTENT="I."/>
						</TextLine>
					</TextBlock>
				</ComposedBlock>
				<ComposedBlock ID="cblock_1" HPOS="414" VPOS="225" WIDTH="1613" HEIGHT="1088">
					<TextBlock ID="block_1" HPOS="414" VPOS="225" WIDTH="1613" HEIGHT="973">
						<TextLine ID="line_1" HPOS="420" VPOS="225" WIDTH="1605" HEIGHT="55">
							<String ID="string_5" HPOS="420" VPOS="232" WIDTH="225" HEIGHT="48" WC="0.95" CONTENT="anslutning"/><SP WIDTH="28" VPOS="232" HPOS="645"/>
							<String ID="string_6" HPOS="673" VPOS="231" WIDTH="56" HEIGHT="36" WC="0.95" CONTENT="till"/><SP WIDTH="28" VPOS="231" HPOS="729"/>
							<String ID="string_7" HPOS="757" VPOS="231" WIDTH="64" HEIGHT="37" WC="0.96" CONTENT="det"/><SP WIDTH="30" VPOS="231" HPOS="821"/>
							<String ID="string_8" HPOS="851" VPOS="230" WIDTH="57" HEIGHT="37" WC="0.93" CONTENT="för"/><SP WIDTH="31" VPOS="230" HPOS="908"/>
							<String ID="string_9" HPOS="939" VPOS="229" WIDTH="377" HEIGHT="49" WC="0.92" CONTENT="befattningshavare"/><SP WIDTH="28" VPOS="229" HPOS="1316"/>
							<String ID="string_10" HPOS="1344" VPOS="227" WIDTH="62" HEIGHT="37" WC="0.93" CONTENT="vid"/><SP WIDTH="30" VPOS="227" HPOS="1406"/>
							<String ID="string_11" HPOS="1436" VPOS="227" WIDTH="361" HEIGHT="49" WC="0.89" CONTENT="statsdepartement"/><SP WIDTH="27" VPOS="227" HPOS="1797"/>
							<String ID="string_12" HPOS="1824" VPOS="226" WIDTH="72" HEIGHT="36" WC="0.96" CONTENT="och"/><SP WIDTH="27" VPOS="226" HPOS="1896"/>
							<String ID="string_13" HPOS="1923" VPOS="225" WIDTH="102" HEIGHT="37" WC="0.95" CONTENT="vissa"/>
						</TextLine>
						<TextLine ID="line_2" HPOS="418" VPOS="277" WIDTH="1606" HEIGHT="50">
							<String ID="string_14" HPOS="418" VPOS="284" WIDTH="118" HEIGHT="37" WC="0.96" CONTENT="andra"/><SP WIDTH="33" VPOS="284" HPOS="536"/>
							<String ID="string_15" HPOS="569" VPOS="284" WIDTH="93" HEIGHT="36" WC="0.95" CONTENT="verk"/><SP WIDTH="28" VPOS="284" HPOS="662"/>
							<String ID="string_16" HPOS="690" VPOS="282" WIDTH="226" HEIGHT="37" WC="0.94" CONTENT="tillhörande"/><SP WIDTH="29" VPOS="282" HPOS="916"/>
							<String ID="string_17" HPOS="945" VPOS="282" WIDTH="71" HEIGHT="36" WC="0.96" CONTENT="den"/><SP WIDTH="29" VPOS="282" HPOS="1016"/>
							<String ID="string_18" HPOS="1045" VPOS="281" WIDTH="113" HEIGHT="36" WC="0.93" CONTENT="civila"/><SP WIDTH="33" VPOS="281" HPOS="1158"/>
							<String ID="string_19" HPOS="1191" VPOS="279" WIDTH="380" HEIGHT="48" WC="0.91" CONTENT="statsförvaltningen"/><SP WIDTH="29" VPOS="279" HPOS="1571"/>
							<String ID="string_20" HPOS="1600" VPOS="278" WIDTH="176" HEIGHT="49" WC="0.93" CONTENT="gällande"/><SP WIDTH="28" VPOS="278" HPOS="1776"/>
							<String ID="string_21" HPOS="1804" VPOS="277" WIDTH="220" HEIGHT="48" WC="0.91" CONTENT="avlönings-"/>
						</TextLine>
						<TextLine ID="line_3" HPOS="419" VPOS="329" WIDTH="1605" HEIGHT="55">
							<String ID="string_22" HPOS="419" VPOS="336" WIDTH="245" HEIGHT="48" WC="0.96" CONTENT="reglemente."/><SP WIDTH="42" VPOS="336" HPOS="664"/>
							<String ID="string_23" HPOS="706" VPOS="334" WIDTH="347" HEIGHT="48" WC="0.96" CONTENT="Framställningen"/><SP WIDTH="30" VPOS="334" HPOS="1053"/>
							<String ID="string_24" HPOS="1083" VPOS="338" WIDTH="41" HEIGHT="31" WC="0.96" CONTENT="är"/><SP WIDTH="29" VPOS="338" HPOS="1124"/>
							<String ID="string_25" HPOS="1153" VPOS="331" WIDTH="173" HEIGHT="49" WC="0.96" CONTENT="grundad"/><SP WIDTH="29" VPOS="331" HPOS="1326"/>
							<String ID="string_26" HPOS="1355" VPOS="334" WIDTH="47" HEIGHT="46" WC="0.96" CONTENT="på"/><SP WIDTH="20" VPOS="334" HPOS="1402"/>
							<String ID="string_27" HPOS="1422" VPOS="344" WIDTH="46" HEIGHT="23" WC="0.93" CONTENT="av"/><SP WIDTH="20" VPOS="344" HPOS="1468"/>
							<String ID="string_28" HPOS="1488" VPOS="329" WIDTH="536" HEIGHT="49" WC="0.92" CONTENT="löneregleringskommittén"/>
						</TextLine>
						<TextLine ID="line_4" HPOS="420" VPOS="380" WIDTH="1604" HEIGHT="56">
							<String ID="string_29" HPOS="420" VPOS="388" WIDTH="179" HEIGHT="48" WC="0.94" CONTENT="framlagt"/><SP WIDTH="21" VPOS="388" HPOS="599"/>
							<String ID="string_30" HPOS="620" VPOS="386" WIDTH="142" HEIGHT="50" WC="0.96" CONTENT="förslag"/><SP WIDTH="17" VPOS="386" HPOS="762"/>
							<String ID="string_31" HPOS="779" VPOS="386" WIDTH="13" HEIGHT="36" WC="0.96" CONTENT="i"/><SP WIDTH="20" VPOS="386" HPOS="792"/>
							<String ID="string_32" HPOS="812" VPOS="390" WIDTH="137" HEIGHT="32" WC="0.96" CONTENT="ämnet."/><SP WIDTH="30" VPOS="390" HPOS="949"/>
							<String ID="string_33" HPOS="979" VPOS="385" WIDTH="199" HEIGHT="48" WC="0.96" CONTENT="Förslaget"/><SP WIDTH="18" VPOS="385" HPOS="1178"/>
							<String ID="string_34" HPOS="1196" VPOS="383" WIDTH="171" HEIGHT="46" WC="0.96" CONTENT="innebär,"/><SP WIDTH="21" VPOS="383" HPOS="1367"/>
							<String ID="string_35" HPOS="1388" VPOS="389" WIDTH="53" HEIGHT="30" WC="0.92" CONTENT="att"/><SP WIDTH="19" VPOS="389" HPOS="1441"/>
							<String ID="string_36" HPOS="1460" VPOS="382" WIDTH="421" HEIGHT="37" WC="0.92" CONTENT="fiskeriintendenterna"/><SP WIDTH="21" VPOS="382" HPOS="1881"/>
							<String ID="string_37" HPOS="1902" VPOS="380" WIDTH="122" HEIGHT="37" WC="0.96" CONTENT="skulle"/>
						</TextLine>
						<TextLine ID="line_5" HPOS="419" VPOS="433" WIDTH="1605" HEIGHT="55">
							<String ID="string_38" HPOS="419" VPOS="440" WIDTH="170" HEIGHT="48" WC="0.96" CONTENT="placeras"/><SP WIDTH="27" VPOS="440" HPOS="589"/>
							<String ID="string_39" HPOS="616" VPOS="439" WIDTH="13" HEIGHT="36" WC="0.96" CONTENT="i"/><SP WIDTH="28" VPOS="439" HPOS="629"/>
							<String ID="string_40" HPOS="657" VPOS="438" WIDTH="72" HEIGHT="37" WC="0.96" CONTENT="den"/><SP WIDTH="27" VPOS="438" HPOS="729"/>
							<String ID="string_41" HPOS="756" VPOS="439" WIDTH="12" HEIGHT="35" WC="0.96" CONTENT="i"/><SP WIDTH="29" VPOS="439" HPOS="768"/>
							<String ID="string_42" HPOS="797" VPOS="437" WIDTH="165" HEIGHT="37" WC="0.93" CONTENT="nämnda"/><SP WIDTH="26" VPOS="437" HPOS="962"/>
							<String ID="string_43" HPOS="988" VPOS="436" WIDTH="252" HEIGHT="48" WC="0.61" CONTENT="reglementes"/><SP WIDTH="30" VPOS="436" HPOS="1240"/>
							<String ID="string_44" HPOS="1270" VPOS="437" WIDTH="20" HEIGHT="33" WC="0.93" CONTENT="9"/><SP WIDTH="29" VPOS="437" HPOS="1290"/>
							<String ID="string_45" HPOS="1319" VPOS="434" WIDTH="21" HEIGHT="49" WC="0.50" CONTENT="$"/><SP WIDTH="27" VPOS="434" HPOS="1340"/>
							<String ID="string_46" HPOS="1367" VPOS="444" WIDTH="196" HEIGHT="40" WC="0.95" CONTENT="upptagna"/><SP WIDTH="31" VPOS="444" HPOS="1563"/>
							<String ID="string_47" HPOS="1594" VPOS="436" WIDTH="45" HEIGHT="34" WC="0.91" CONTENT="15"/><SP WIDTH="22" VPOS="436" HPOS="1639"/>
							<String ID="string_48" HPOS="1661" VPOS="433" WIDTH="232" HEIGHT="49" WC="0.91" CONTENT="lönegraden"/><SP WIDTH="20" VPOS="433" HPOS="1893"/>
							<String ID="string_49" HPOS="1913" VPOS="434" WIDTH="111" HEIGHT="47" WC="0.92" CONTENT="(mot-"/>
						</TextLine>
						<TextLine ID="line_6" HPOS="419" VPOS="485" WIDTH="1606" HEIGHT="50">
							<String ID="string_50" HPOS="419" VPOS="490" WIDTH="186" HEIGHT="37" WC="0.96" CONTENT="svarande"/><SP WIDTH="41" VPOS="490" HPOS="605"/>
							<String ID="string_51" HPOS="646" VPOS="489" WIDTH="268" HEIGHT="38" WC="0.93" CONTENT="förutvarande"/><SP WIDTH="40" VPOS="489" HPOS="914"/>
							<String ID="string_52" HPOS="954" VPOS="501" WIDTH="28" HEIGHT="23" WC="0.92" CONTENT="s."/><SP WIDTH="36" VPOS="501" HPOS="982"/>
							<String ID="string_53" HPOS="1018" VPOS="488" WIDTH="36" HEIGHT="36" WC="0.91" CONTENT="k."/><SP WIDTH="32" VPOS="488" HPOS="1054"/>
							<String ID="string_54" HPOS="1086" VPOS="487" WIDTH="118" HEIGHT="37" WC="0.93" CONTENT="andra"/><SP WIDTH="26" VPOS="487" HPOS="1204"/>
							<String ID="string_55" HPOS="1230" VPOS="486" WIDTH="305" HEIGHT="49" WC="0.91" CONTENT="normalgraden)"/><SP WIDTH="29" VPOS="486" HPOS="1535"/>
							<String ID="string_56" HPOS="1564" VPOS="486" WIDTH="71" HEIGHT="36" WC="0.93" CONTENT="och"/><SP WIDTH="28" VPOS="486" HPOS="1635"/>
							<String ID="string_57" HPOS="1663" VPOS="485" WIDTH="362" HEIGHT="37" WC="0.91" CONTENT="fiskeriassistenten"/>
						</TextLine>
						<TextLine ID="line_7" HPOS="420" VPOS="535" WIDTH="1605" HEIGHT="56">
							<String ID="string_58" HPOS="420" VPOS="543" WIDTH="11" HEIGHT="35" WC="0.96" CONTENT="i"/><SP WIDTH="45" VPOS="543" HPOS="431"/>
							<String ID="string_59" HPOS="476" VPOS="544" WIDTH="45" HEIGHT="35" WC="0.92" CONTENT="13"/><SP WIDTH="43" VPOS="544" HPOS="521"/>
							<String ID="string_60" HPOS="564" VPOS="542" WIDTH="231" HEIGHT="49" WC="0.91" CONTENT="lönegraden"/><SP WIDTH="30" VPOS="542" HPOS="795"/>
							<String ID="string_61" HPOS="825" VPOS="539" WIDTH="281" HEIGHT="50" WC="0.96" CONTENT="(motsvarande"/><SP WIDTH="28" VPOS="539" HPOS="1106"/>
							<String ID="string_62" HPOS="1134" VPOS="538" WIDTH="266" HEIGHT="37" WC="0.93" CONTENT="förutvarande"/><SP WIDTH="28" VPOS="538" HPOS="1400"/>
							<String ID="string_63" HPOS="1428" VPOS="538" WIDTH="118" HEIGHT="36" WC="0.92" CONTENT="första"/><SP WIDTH="29" VPOS="538" HPOS="1546"/>
							<String ID="string_64" HPOS="1575" VPOS="535" WIDTH="319" HEIGHT="50" WC="0.81" CONTENT="normalgraden)."/><SP WIDTH="56" VPOS="535" HPOS="1894"/>
							<String ID="string_65" HPOS="1950" VPOS="535" WIDTH="75" HEIGHT="36" WC="0.75" CONTENT="Till"/>
						</TextLine>
						<TextLine ID="line_8" HPOS="419" VPOS="588" WIDTH="1604" HEIGHT="54">
							<String ID="string_66" HPOS="419" VPOS="594" WIDTH="353" HEIGHT="48" WC="0.91" CONTENT="fiskeriingenjören"/><SP WIDTH="42" VPOS="594" HPOS="772"/>
							<String ID="string_67" HPOS="814" VPOS="593" WIDTH="71" HEIGHT="36" WC="0.92" CONTENT="och"/><SP WIDTH="40" VPOS="593" HPOS="885"/>
							<String ID="string_68" HPOS="925" VPOS="590" WIDTH="430" HEIGHT="50" WC="0.84" CONTENT="fiskeristipendiaterna"/><SP WIDTH="34" VPOS="590" HPOS="1355"/>
							<String ID="string_69" HPOS="1389" VPOS="589" WIDTH="122" HEIGHT="36" WC="0.96" CONTENT="skulle"/><SP WIDTH="33" VPOS="589" HPOS="1511"/>
							<String ID="string_70" HPOS="1544" VPOS="589" WIDTH="117" HEIGHT="48" WC="0.96" CONTENT="enligt"/><SP WIDTH="31" VPOS="589" HPOS="1661"/>
							<String ID="string_71" HPOS="1692" VPOS="588" WIDTH="181" HEIGHT="49" WC="0.95" CONTENT="förslaget"/><SP WIDTH="27" VPOS="588" HPOS="1873"/>
							<String ID="string_72" HPOS="1900" VPOS="589" WIDTH="123" HEIGHT="35" WC="0.95" CONTENT="såsom"/>
						</TextLine>
						<TextLine ID="line_9" HPOS="420" VPOS="639" WIDTH="1605" HEIGHT="55">
							<String ID="string_73" HPOS="420" VPOS="645" WIDTH="135" HEIGHT="37" WC="0.96" CONTENT="hittills"/><SP WIDTH="42" VPOS="645" HPOS="555"/>
							<String ID="string_74" HPOS="597" VPOS="647" WIDTH="93" HEIGHT="47" WC="0.96" CONTENT="utgå"/><SP WIDTH="40" VPOS="647" HPOS="690"/>
							<String ID="string_75" HPOS="730" VPOS="646" WIDTH="214" HEIGHT="47" WC="0.95" CONTENT="ersättning"/><SP WIDTH="40" VPOS="646" HPOS="944"/>
							<String ID="string_76" HPOS="984" VPOS="644" WIDTH="12" HEIGHT="36" WC="0.95" CONTENT="i"/><SP WIDTH="39" VPOS="644" HPOS="996"/>
							<String ID="string_77" HPOS="1035" VPOS="644" WIDTH="97" HEIGHT="35" WC="0.96" CONTENT="form"/><SP WIDTH="31" VPOS="644" HPOS="1132"/>
							<String ID="string_78" HPOS="1163" VPOS="656" WIDTH="45" HEIGHT="23" WC="0.96" CONTENT="av"/><SP WIDTH="29" VPOS="656" HPOS="1208"/>
							<String ID="string_79" HPOS="1237" VPOS="642" WIDTH="149" HEIGHT="36" WC="0.96" CONTENT="arvode."/><SP WIDTH="57" VPOS="642" HPOS="1386"/>
							<String ID="string_80" HPOS="1443" VPOS="641" WIDTH="110" HEIGHT="36" WC="0.96" CONTENT="Detta"/><SP WIDTH="29" VPOS="641" HPOS="1553"/>
							<String ID="string_81" HPOS="1582" VPOS="641" WIDTH="69" HEIGHT="36" WC="0.96" CONTENT="har"/><SP WIDTH="27" VPOS="641" HPOS="1651"/>
							<String ID="string_82" HPOS="1678" VPOS="640" WIDTH="59" HEIGHT="36" WC="0.92" CONTENT="för"/><SP WIDTH="28" VPOS="640" HPOS="1737"/>
							<String ID="string_83" HPOS="1765" VPOS="639" WIDTH="260" HEIGHT="48" WC="0.91" CONTENT="fiskeriingen-"/>
						</TextLine>
						<TextLine ID="line_10" HPOS="414" VPOS="691" WIDTH="1611" HEIGHT="55">
							<String ID="string_84" HPOS="414" VPOS="698" WIDTH="124" HEIGHT="48" WC="0.90" CONTENT="jören,"/><SP WIDTH="29" VPOS="698" HPOS="538"/>
							<String ID="string_85" HPOS="567" VPOS="697" WIDTH="130" HEIGHT="37" WC="0.96" CONTENT="vilken"/><SP WIDTH="26" VPOS="697" HPOS="697"/>
							<String ID="string_86" HPOS="723" VPOS="697" WIDTH="60" HEIGHT="36" WC="0.96" CONTENT="för"/><SP WIDTH="27" VPOS="697" HPOS="783"/>
							<String ID="string_87" HPOS="810" VPOS="695" WIDTH="235" HEIGHT="37" WC="0.96" CONTENT="närvarande"/><SP WIDTH="29" VPOS="695" HPOS="1045"/>
							<String ID="string_88" HPOS="1074" VPOS="699" WIDTH="94" HEIGHT="42" WC="0.96" CONTENT="äger"/><SP WIDTH="30" VPOS="699" HPOS="1168"/>
							<String ID="string_89" HPOS="1198" VPOS="694" WIDTH="146" HEIGHT="49" WC="0.96" CONTENT="åtnjuta"/><SP WIDTH="29" VPOS="694" HPOS="1344"/>
							<String ID="string_90" HPOS="1373" VPOS="693" WIDTH="165" HEIGHT="48" WC="0.93" CONTENT="tillfällig"/><SP WIDTH="27" VPOS="693" HPOS="1538"/>
							<String ID="string_91" HPOS="1565" VPOS="691" WIDTH="335" HEIGHT="48" WC="0.91" CONTENT="löneförbättring,"/><SP WIDTH="30" VPOS="691" HPOS="1900"/>
							<String ID="string_92" HPOS="1930" VPOS="691" WIDTH="95" HEIGHT="36" WC="0.92" CONTENT="före-"/>
						</TextLine>
						<TextLine ID="line_11" HPOS="419" VPOS="742" WIDTH="1605" HEIGHT="56">
							<String ID="string_93" HPOS="419" VPOS="749" WIDTH="135" HEIGHT="48" WC="0.96" CONTENT="slagits"/><SP WIDTH="30" VPOS="749" HPOS="554"/>
							<String ID="string_94" HPOS="584" VPOS="749" WIDTH="83" HEIGHT="49" WC="0.96" CONTENT="höjt"/><SP WIDTH="28" VPOS="749" HPOS="667"/>
							<String ID="string_95" HPOS="695" VPOS="748" WIDTH="82" HEIGHT="36" WC="0.93" CONTENT="från"/><SP WIDTH="21" VPOS="748" HPOS="777"/>
							<String ID="string_96" HPOS="798" VPOS="749" WIDTH="113" HEIGHT="45" WC="0.92" CONTENT="3,000"/><SP WIDTH="28" VPOS="749" HPOS="911"/>
							<String ID="string_97" HPOS="939" VPOS="747" WIDTH="58" HEIGHT="36" WC="0.93" CONTENT="till"/><SP WIDTH="28" VPOS="747" HPOS="997"/>
							<String ID="string_98" HPOS="1025" VPOS="748" WIDTH="116" HEIGHT="45" WC="0.92" CONTENT="4,000"/><SP WIDTH="30" VPOS="748" HPOS="1141"/>
							<String ID="string_99" HPOS="1171" VPOS="745" WIDTH="148" HEIGHT="37" WC="0.93" CONTENT="kronor."/><SP WIDTH="56" VPOS="745" HPOS="1319"/>
							<String ID="string_100" HPOS="1375" VPOS="744" WIDTH="468" HEIGHT="50" WC="0.88" CONTENT="Fiskeristipendiaternas"/><SP WIDTH="28" VPOS="744" HPOS="1843"/>
							<String ID="string_101" HPOS="1871" VPOS="742" WIDTH="153" HEIGHT="46" WC="0.96" CONTENT="arvode,"/>
						</TextLine>
						<TextLine ID="line_12" HPOS="421" VPOS="793" WIDTH="1605" HEIGHT="56">
							<String ID="string_102" HPOS="421" VPOS="801" WIDTH="126" HEIGHT="35" WC="0.95" CONTENT="vartill"/><SP WIDTH="42" VPOS="801" HPOS="547"/>
							<String ID="string_103" HPOS="589" VPOS="800" WIDTH="82" HEIGHT="37" WC="0.96" CONTENT="icke"/><SP WIDTH="35" VPOS="800" HPOS="671"/>
							<String ID="string_104" HPOS="706" VPOS="803" WIDTH="114" HEIGHT="46" WC="0.96" CONTENT="utgår"/><SP WIDTH="40" VPOS="803" HPOS="820"/>
							<String ID="string_105" HPOS="860" VPOS="802" WIDTH="129" HEIGHT="45" WC="0.93" CONTENT="någon"/><SP WIDTH="40" VPOS="802" HPOS="989"/>
							<String ID="string_106" HPOS="1029" VPOS="798" WIDTH="169" HEIGHT="48" WC="0.93" CONTENT="tillfällig"/><SP WIDTH="39" VPOS="798" HPOS="1198"/>
							<String ID="string_107" HPOS="1237" VPOS="797" WIDTH="322" HEIGHT="48" WC="0.90" CONTENT="löneförböjning,"/><SP WIDTH="42" VPOS="797" HPOS="1559"/>
							<String ID="string_108" HPOS="1601" VPOS="796" WIDTH="69" HEIGHT="36" WC="0.96" CONTENT="har"/><SP WIDTH="27" VPOS="796" HPOS="1670"/>
							<String ID="string_109" HPOS="1697" VPOS="794" WIDTH="217" HEIGHT="49" WC="0.96" CONTENT="föreslagits"/><SP WIDTH="30" VPOS="794" HPOS="1914"/>
							<String ID="string_110" HPOS="1944" VPOS="793" WIDTH="82" HEIGHT="50" WC="0.96" CONTENT="höjt"/>
						</TextLine>
						<TextLine ID="line_13" HPOS="420" VPOS="846" WIDTH="1605" HEIGHT="54">
							<String ID="string_111" HPOS="420" VPOS="852" WIDTH="84" HEIGHT="36" WC="0.93" CONTENT="från"/><SP WIDTH="28" VPOS="852" HPOS="504"/>
							<String ID="string_112" HPOS="532" VPOS="853" WIDTH="115" HEIGHT="47" WC="0.86" CONTENT="2,500"/><SP WIDTH="28" VPOS="853" HPOS="647"/>
							<String ID="string_113" HPOS="675" VPOS="852" WIDTH="56" HEIGHT="36" WC="0.93" CONTENT="till"/><SP WIDTH="29" VPOS="852" HPOS="731"/>
							<String ID="string_114" HPOS="760" VPOS="853" WIDTH="113" HEIGHT="43" WC="0.91" CONTENT="3,000"/><SP WIDTH="28" VPOS="853" HPOS="873"/>
							<String ID="string_115" HPOS="901" VPOS="851" WIDTH="139" HEIGHT="36" WC="0.96" CONTENT="kronor"/><SP WIDTH="27" VPOS="851" HPOS="1040"/>
							<String ID="string_116" HPOS="1067" VPOS="850" WIDTH="119" HEIGHT="36" WC="0.93" CONTENT="under"/><SP WIDTH="28" VPOS="850" HPOS="1186"/>
							<String ID="string_117" HPOS="1214" VPOS="848" WIDTH="225" HEIGHT="50" WC="0.92" CONTENT="uttryckligt"/><SP WIDTH="18" VPOS="848" HPOS="1439"/>
							<String ID="string_118" HPOS="1457" VPOS="847" WIDTH="275" HEIGHT="37" WC="0.37" CONTENT="fraimhållande"/><SP WIDTH="20" VPOS="847" HPOS="1732"/>
							<String ID="string_119" HPOS="1752" VPOS="847" WIDTH="84" HEIGHT="35" WC="0.93" CONTENT="från"/><SP WIDTH="19" VPOS="847" HPOS="1836"/>
							<String ID="string_120" HPOS="1855" VPOS="846" WIDTH="170" HEIGHT="49" WC="0.92" CONTENT="departe-"/>
						</TextLine>
						<TextLine ID="line_14" HPOS="422" VPOS="897" WIDTH="1604" HEIGHT="50">
							<String ID="string_121" HPOS="422" VPOS="904" WIDTH="280" HEIGHT="36" WC="0.90" CONTENT="mentschefens"/><SP WIDTH="29" VPOS="904" HPOS="702"/>
							<String ID="string_122" HPOS="731" VPOS="903" WIDTH="79" HEIGHT="37" WC="0.96" CONTENT="sida"/><SP WIDTH="29" VPOS="903" HPOS="810"/>
							<String ID="string_123" HPOS="839" VPOS="908" WIDTH="57" HEIGHT="31" WC="0.97" CONTENT="att"/><SP WIDTH="27" VPOS="908" HPOS="896"/>
							<String ID="string_124" HPOS="923" VPOS="903" WIDTH="63" HEIGHT="36" WC="0.96" CONTENT="det"/><SP WIDTH="28" VPOS="903" HPOS="986"/>
							<String ID="string_125" HPOS="1014" VPOS="914" WIDTH="91" HEIGHT="24" WC="0.96" CONTENT="vore"/><SP WIDTH="28" VPOS="914" HPOS="1105"/>
							<String ID="string_126" HPOS="1133" VPOS="901" WIDTH="97" HEIGHT="36" WC="0.96" CONTENT="hans"/><SP WIDTH="28" VPOS="901" HPOS="1230"/>
							<String ID="string_127" HPOS="1258" VPOS="900" WIDTH="124" HEIGHT="37" WC="0.96" CONTENT="avsikt"/><SP WIDTH="27" VPOS="900" HPOS="1382"/>
							<String ID="string_128" HPOS="1409" VPOS="906" WIDTH="55" HEIGHT="30" WC="0.96" CONTENT="att"/><SP WIDTH="28" VPOS="906" HPOS="1464"/>
							<String ID="string_129" HPOS="1492" VPOS="913" WIDTH="59" HEIGHT="23" WC="0.96" CONTENT="om"/><SP WIDTH="21" VPOS="913" HPOS="1551"/>
							<String ID="string_130" HPOS="1572" VPOS="899" WIDTH="206" HEIGHT="48" WC="0.91" CONTENT="riksdagen"/><SP WIDTH="21" VPOS="899" HPOS="1778"/>
							<String ID="string_131" HPOS="1799" VPOS="898" WIDTH="130" HEIGHT="36" WC="0.91" CONTENT="bifölle"/><SP WIDTH="21" VPOS="898" HPOS="1929"/>
							<String ID="string_132" HPOS="1950" VPOS="897" WIDTH="76" HEIGHT="37" WC="0.93" CONTENT="för-"/>
						</TextLine>
						<TextLine ID="line_15" HPOS="421" VPOS="949" WIDTH="1605" HEIGHT="54">
							<String ID="string_133" HPOS="421" VPOS="956" WIDTH="135" HEIGHT="47" WC="0.96" CONTENT="slaget,"/><SP WIDTH="44" VPOS="956" HPOS="556"/>
							<String ID="string_134" HPOS="600" VPOS="956" WIDTH="136" HEIGHT="35" WC="0.96" CONTENT="föreslå"/><SP WIDTH="40" VPOS="956" HPOS="736"/>
							<String ID="string_135" HPOS="776" VPOS="955" WIDTH="143" HEIGHT="48" WC="0.94" CONTENT="Kungl."/><SP WIDTH="43" VPOS="955" HPOS="919"/>
							<String ID="string_136" HPOS="962" VPOS="954" WIDTH="109" HEIGHT="48" WC="0.96" CONTENT="Maj:t"/><SP WIDTH="28" VPOS="954" HPOS="1071"/>
							<String ID="string_137" HPOS="1099" VPOS="965" WIDTH="47" HEIGHT="24" WC="0.96" CONTENT="en"/><SP WIDTH="28" VPOS="965" HPOS="1146"/>
							<String ID="string_138" HPOS="1174" VPOS="952" WIDTH="201" HEIGHT="37" WC="0.96" CONTENT="reduktion"/><SP WIDTH="30" VPOS="952" HPOS="1375"/>
							<String ID="string_139" HPOS="1405" VPOS="965" WIDTH="45" HEIGHT="23" WC="0.96" CONTENT="av"/><SP WIDTH="28" VPOS="965" HPOS="1450"/>
							<String ID="string_140" HPOS="1478" VPOS="952" WIDTH="45" HEIGHT="36" WC="0.95" CONTENT="de"/><SP WIDTH="28" VPOS="952" HPOS="1523"/>
							<String ID="string_141" HPOS="1551" VPOS="951" WIDTH="57" HEIGHT="36" WC="0.95" CONTENT="till"/><SP WIDTH="29" VPOS="951" HPOS="1608"/>
							<String ID="string_142" HPOS="1637" VPOS="951" WIDTH="108" HEIGHT="37" WC="0.93" CONTENT="dessa"/><SP WIDTH="29" VPOS="951" HPOS="1745"/>
							<String ID="string_143" HPOS="1774" VPOS="949" WIDTH="252" HEIGHT="48" WC="0.91" CONTENT="befattnings-"/>
						</TextLine>
						<TextLine ID="line_16" HPOS="421" VPOS="1001" WIDTH="1603" HEIGHT="55">
							<String ID="string_144" HPOS="421" VPOS="1007" WIDTH="139" HEIGHT="36" WC="0.91" CONTENT="havare"/><SP WIDTH="41" VPOS="1007" HPOS="560"/>
							<String ID="string_145" HPOS="601" VPOS="1007" WIDTH="189" HEIGHT="49" WC="0.93" CONTENT="utgående"/><SP WIDTH="42" VPOS="1007" HPOS="790"/>
							<String ID="string_146" HPOS="832" VPOS="1006" WIDTH="356" HEIGHT="48" WC="0.91" CONTENT="dagtraktamenten"/><SP WIDTH="39" VPOS="1006" HPOS="1188"/>
							<String ID="string_147" HPOS="1227" VPOS="1004" WIDTH="64" HEIGHT="36" WC="0.96" CONTENT="vid"/><SP WIDTH="37" VPOS="1004" HPOS="1291"/>
							<String ID="string_148" HPOS="1328" VPOS="1004" WIDTH="262" HEIGHT="48" WC="0.90" CONTENT="tjänstgöring"/><SP WIDTH="41" VPOS="1004" HPOS="1590"/>
							<String ID="string_149" HPOS="1631" VPOS="1005" WIDTH="21" HEIGHT="34" WC="0.90" CONTENT="å"/><SP WIDTH="36" VPOS="1005" HPOS="1652"/>
							<String ID="string_150" HPOS="1688" VPOS="1002" WIDTH="166" HEIGHT="36" WC="0.96" CONTENT="kronans"/><SP WIDTH="30" VPOS="1002" HPOS="1854"/>
							<String ID="string_151" HPOS="1884" VPOS="1001" WIDTH="140" HEIGHT="49" WC="0.96" CONTENT="fartyg."/>
						</TextLine>
						<TextLine ID="line_17" HPOS="422" VPOS="1052" WIDTH="1604" HEIGHT="55">
							<String ID="string_152" HPOS="422" VPOS="1059" WIDTH="199" HEIGHT="48" WC="0.91" CONTENT="Härjämte"/><SP WIDTH="33" VPOS="1059" HPOS="621"/>
							<String ID="string_153" HPOS="654" VPOS="1059" WIDTH="118" HEIGHT="35" WC="0.96" CONTENT="skulle"/><SP WIDTH="41" VPOS="1059" HPOS="772"/>
							<String ID="string_154" HPOS="813" VPOS="1058" WIDTH="255" HEIGHT="48" WC="0.95" CONTENT="tidsperioden"/><SP WIDTH="44" VPOS="1058" HPOS="1068"/>
							<String ID="string_155" HPOS="1112" VPOS="1057" WIDTH="59" HEIGHT="35" WC="0.91" CONTENT="för"/><SP WIDTH="27" VPOS="1057" HPOS="1171"/>
							<String ID="string_156" HPOS="1198" VPOS="1055" WIDTH="221" HEIGHT="49" WC="0.87" CONTENT="intjävande"/><SP WIDTH="29" VPOS="1055" HPOS="1419"/>
							<String ID="string_157" HPOS="1448" VPOS="1069" WIDTH="46" HEIGHT="22" WC="0.96" CONTENT="av"/><SP WIDTH="29" VPOS="1069" HPOS="1494"/>
							<String ID="string_158" HPOS="1523" VPOS="1055" WIDTH="72" HEIGHT="37" WC="0.96" CONTENT="den"/><SP WIDTH="28" VPOS="1055" HPOS="1595"/>
							<String ID="string_159" HPOS="1623" VPOS="1067" WIDTH="51" HEIGHT="23" WC="0.96" CONTENT="nu"/><SP WIDTH="29" VPOS="1067" HPOS="1674"/>
							<String ID="string_160" HPOS="1703" VPOS="1053" WIDTH="85" HEIGHT="37" WC="0.96" CONTENT="med"/><SP WIDTH="30" VPOS="1053" HPOS="1788"/>
							<String ID="string_161" HPOS="1818" VPOS="1052" WIDTH="117" HEIGHT="37" WC="0.93" CONTENT="sådan"/><SP WIDTH="31" VPOS="1052" HPOS="1935"/>
							<String ID="string_162" HPOS="1966" VPOS="1052" WIDTH="60" HEIGHT="36" WC="0.92" CONTENT="be-"/>
						</TextLine>
						<TextLine ID="line_18" HPOS="422" VPOS="1104" WIDTH="1605" HEIGHT="54">
							<String ID="string_163" HPOS="422" VPOS="1110" WIDTH="166" HEIGHT="48" WC="0.96" CONTENT="fattning"/><SP WIDTH="43" VPOS="1110" HPOS="588"/>
							<String ID="string_164" HPOS="631" VPOS="1109" WIDTH="176" HEIGHT="37" WC="0.93" CONTENT="förenade"/><SP WIDTH="41" VPOS="1109" HPOS="807"/>
							<String ID="string_165" HPOS="848" VPOS="1108" WIDTH="359" HEIGHT="48" WC="0.89" CONTENT="löneförhöjningen"/><SP WIDTH="29" VPOS="1108" HPOS="1207"/>
							<String ID="string_166" HPOS="1236" VPOS="1110" WIDTH="20" HEIGHT="33" WC="0.92" CONTENT="å"/><SP WIDTH="29" VPOS="1110" HPOS="1256"/>
							<String ID="string_167" HPOS="1285" VPOS="1107" WIDTH="73" HEIGHT="36" WC="0.96" CONTENT="500"/><SP WIDTH="29" VPOS="1107" HPOS="1358"/>
							<String ID="string_168" HPOS="1387" VPOS="1107" WIDTH="141" HEIGHT="36" WC="0.96" CONTENT="kronor"/><SP WIDTH="28" VPOS="1107" HPOS="1528"/>
							<String ID="string_169" HPOS="1556" VPOS="1106" WIDTH="169" HEIGHT="36" WC="0.96" CONTENT="minskas"/><SP WIDTH="28" VPOS="1106" HPOS="1725"/>
							<String ID="string_170" HPOS="1753" VPOS="1105" WIDTH="83" HEIGHT="36" WC="0.96" CONTENT="från"/><SP WIDTH="30" VPOS="1105" HPOS="1836"/>
							<String ID="string_171" HPOS="1866" VPOS="1104" WIDTH="76" HEIGHT="37" WC="0.94" CONTENT="fem"/><SP WIDTH="29" VPOS="1104" HPOS="1942"/>
							<String ID="string_172" HPOS="1971" VPOS="1104" WIDTH="56" HEIGHT="36" WC="0.94" CONTENT="till"/>
						</TextLine>
						<TextLine ID="line_19" HPOS="423" VPOS="1164" WIDTH="133" HEIGHT="34">
							<String ID="string_173" HPOS="423" VPOS="1168" WIDTH="55" HEIGHT="30" WC="0.96" CONTENT="tre"/><SP WIDTH="28" VPOS="1168" HPOS="478"/>
							<String ID="string_174" HPOS="506" VPOS="1164" WIDTH="50" HEIGHT="34" WC="0.95" CONTENT="år."/>
						</TextLine>
					</TextBlock>
					<TextBlock ID="block_2" HPOS="423" VPOS="1207" WIDTH="1604" HEIGHT="106">
						<TextLine ID="line_20" HPOS="552" VPOS="1207" WIDTH="1475" HEIGHT="55">
							<String ID="string_175" HPOS="552" VPOS="1213" WIDTH="135" HEIGHT="49" WC="0.96" CONTENT="Enligt"/><SP WIDTH="27" VPOS="1213" HPOS="687"/>
							<String ID="string_176" HPOS="714" VPOS="1213" WIDTH="143" HEIGHT="48" WC="0.94" CONTENT="Kungl."/><SP WIDTH="33" VPOS="1213" HPOS="857"/>
							<String ID="string_177" HPOS="890" VPOS="1212" WIDTH="126" HEIGHT="48" WC="0.96" CONTENT="Maj:ts"/><SP WIDTH="29" VPOS="1212" HPOS="1016"/>
							<String ID="string_178" HPOS="1045" VPOS="1211" WIDTH="147" HEIGHT="48" WC="0.96" CONTENT="förslag"/><SP WIDTH="23" VPOS="1211" HPOS="1192"/>
							<String ID="string_179" HPOS="1215" VPOS="1210" WIDTH="121" HEIGHT="36" WC="0.96" CONTENT="skulle"/><SP WIDTH="19" VPOS="1210" HPOS="1336"/>
							<String ID="string_180" HPOS="1355" VPOS="1215" WIDTH="124" HEIGHT="31" WC="0.96" CONTENT="staten"/><SP WIDTH="19" VPOS="1215" HPOS="1479"/>
							<String ID="string_181" HPOS="1498" VPOS="1209" WIDTH="58" HEIGHT="37" WC="0.96" CONTENT="för"/><SP WIDTH="19" VPOS="1209" HPOS="1556"/>
							<String ID="string_182" HPOS="1575" VPOS="1213" WIDTH="142" HEIGHT="32" WC="0.95" CONTENT="statens"/><SP WIDTH="20" VPOS="1213" HPOS="1717"/>
							<String ID="string_183" HPOS="1737" VPOS="1207" WIDTH="125" HEIGHT="37" WC="0.93" CONTENT="lokala"/><SP WIDTH="18" VPOS="1207" HPOS="1862"/>
							<String ID="string_184" HPOS="1880" VPOS="1207" WIDTH="147" HEIGHT="36" WC="0.91" CONTENT="fiskeri-"/>
						</TextLine>
						<TextLine ID="line_21" HPOS="423" VPOS="1262" WIDTH="897" HEIGHT="51">
							<String ID="string_185" HPOS="423" VPOS="1265" WIDTH="308" HEIGHT="36" WC="0.96" CONTENT="administration"/><SP WIDTH="28" VPOS="1265" HPOS="731"/>
							<String ID="string_186" HPOS="759" VPOS="1264" WIDTH="140" HEIGHT="37" WC="0.96" CONTENT="erhålla"/><SP WIDTH="29" VPOS="1264" HPOS="899"/>
							<String ID="string_187" HPOS="928" VPOS="1263" WIDTH="168" HEIGHT="50" WC="0.96" CONTENT="följande"/><SP WIDTH="28" VPOS="1263" HPOS="1096"/>
							<String ID="string_188" HPOS="1124" VPOS="1262" WIDTH="196" HEIGHT="37" WC="0.96" CONTENT="utseende:"/>
						</TextLine>
					</TextBlock>
				</ComposedBlock>
				<ComposedBlock ID="cblock_2" HPOS="423" VPOS="1330" WIDTH="1591" HEIGHT="154">
					<TextBlock ID="block_3" HPOS="423" VPOS="1330" WIDTH="1591" HEIGHT="154">
						<TextLine ID="line_22" HPOS="423" VPOS="1330" WIDTH="1591" HEIGHT="53">
							<String ID="string_189" HPOS="423" VPOS="1334" WIDTH="241" HEIGHT="49" WC="0.92" CONTENT="Avlöningar"/><SP WIDTH="25" VPOS="1334" HPOS="664"/>
							<String ID="string_190" HPOS="689" VPOS="1333" WIDTH="56" HEIGHT="37" WC="0.96" CONTENT="till"/><SP WIDTH="28" VPOS="1333" HPOS="745"/>
							<String ID="string_191" HPOS="773" VPOS="1333" WIDTH="188" HEIGHT="37" WC="0.96" CONTENT="ordinarie"/><SP WIDTH="28" VPOS="1333" HPOS="961"/>
							<String ID="string_192" HPOS="989" VPOS="1332" WIDTH="245" HEIGHT="48" WC="0.90" CONTENT="tjänstemän,"/><SP WIDTH="24" VPOS="1332" HPOS="1234"/>
							<String ID="string_193" HPOS="1258" VPOS="1332" WIDTH="414" HEIGHT="45" WC="0.36" CONTENT="förslagsanslag,........"/><SP WIDTH="32" VPOS="1332" HPOS="1672"/>
							<String ID="string_194" HPOS="1704" VPOS="1330" WIDTH="140" HEIGHT="36" WC="0.93" CONTENT="kronor"/><SP WIDTH="31" VPOS="1330" HPOS="1844"/>
							<String ID="string_195" HPOS="1875" VPOS="1330" WIDTH="139" HEIGHT="46" WC="0.91" CONTENT="57,300"/>
						</TextLine>
						<TextLine ID="line_23" HPOS="423" VPOS="1382" WIDTH="1591" HEIGHT="51">
							<String ID="string_196" HPOS="423" VPOS="1385" WIDTH="462" HEIGHT="48" WC="0.89" CONTENT="Vikariatsersättningar,"/><SP WIDTH="25" VPOS="1385" HPOS="885"/>
							<String ID="string_197" HPOS="910" VPOS="1386" WIDTH="412" HEIGHT="44" WC="0.42" CONTENT="förslagsanSsläg,........"/><SP WIDTH="44" VPOS="1386" HPOS="1322"/>
							<String ID="string_198" HPOS="1366" VPOS="1414" WIDTH="74" HEIGHT="4" WC="0.0" CONTENT="mee"/><SP WIDTH="112" VPOS="1414" HPOS="1440"/>
							<String ID="string_199" HPOS="1552" VPOS="1412" WIDTH="122" HEIGHT="6" WC="0.5" CONTENT="une"/><SP WIDTH="99" VPOS="1412" HPOS="1674"/>
							<String ID="string_200" HPOS="1773" VPOS="1394" WIDTH="17" HEIGHT="22" WC="0.93" CONTENT="»"/><SP WIDTH="113" VPOS="1394" HPOS="1790"/>
							<String ID="string_201" HPOS="1903" VPOS="1382" WIDTH="111" HEIGHT="45" WC="0.91" CONTENT="1,000"/>
						</TextLine>
						<TextLine ID="line_24" HPOS="423" VPOS="1433" WIDTH="1591" HEIGHT="51">
							<String ID="string_202" HPOS="423" VPOS="1437" WIDTH="151" HEIGHT="37" WC="0.96" CONTENT="Arvode"/><SP WIDTH="28" VPOS="1437" HPOS="574"/>
							<String ID="string_203" HPOS="602" VPOS="1437" WIDTH="58" HEIGHT="37" WC="0.96" CONTENT="till"/><SP WIDTH="28" VPOS="1437" HPOS="660"/>
							<String ID="string_204" HPOS="688" VPOS="1449" WIDTH="46" HEIGHT="24" WC="0.93" CONTENT="en"/><SP WIDTH="27" VPOS="1449" HPOS="734"/>
							<String ID="string_205" HPOS="761" VPOS="1436" WIDTH="375" HEIGHT="48" WC="0.56" CONTENT="fiskeriingenjör"/><SP WIDTH="20" VPOS="1436" HPOS="1136"/>
							<String ID="string_206" HPOS="1156" VPOS="1466" WIDTH="62" HEIGHT="4" WC="0.44" CONTENT="........."/><SP WIDTH="555" VPOS="1466" HPOS="1218"/>
							<String ID="string_207" HPOS="1773" VPOS="1445" WIDTH="18" HEIGHT="23" WC="0.93" CONTENT="»"/><SP WIDTH="109" VPOS="1445" HPOS="1791"/>
							<String ID="string_208" HPOS="1900" VPOS="1433" WIDTH="114" HEIGHT="45" WC="0.90" CONTENT="4,000"/>
						</TextLine>
					</TextBlock>
				</ComposedBlock>
				<ComposedBlock ID="cblock_3" HPOS="424" VPOS="1462" WIDTH="1603" HEIGHT="294">
					<TextBlock ID="block_4" HPOS="424" VPOS="1462" WIDTH="1591" HEIGHT="179">
						<TextLine ID="line_25" HPOS="424" VPOS="1462" WIDTH="1254" HEIGHT="79">
							<String ID="string_209" HPOS="424" VPOS="1488" WIDTH="177" HEIGHT="37" WC="0.90" CONTENT="Arvoden"/><SP WIDTH="41" VPOS="1488" HPOS="601"/>
							<String ID="string_210" HPOS="642" VPOS="1488" WIDTH="55" HEIGHT="36" WC="0.95" CONTENT="till"/><SP WIDTH="40" VPOS="1488" HPOS="697"/>
							<String ID="string_211" HPOS="737" VPOS="1490" WIDTH="64" HEIGHT="34" WC="0.96" CONTENT="två"/><SP WIDTH="41" VPOS="1490" HPOS="801"/>
							<String ID="string_212" HPOS="842" VPOS="1462" WIDTH="388" HEIGHT="79" WC="0.70" CONTENT="fiskeristipendiater"/><SP WIDTH="22" VPOS="1462" HPOS="1230"/>
							<String ID="string_213" HPOS="1252" VPOS="1466" WIDTH="188" HEIGHT="69" WC="0.92" CONTENT="(vartdera"/><SP WIDTH="10" VPOS="1466" HPOS="1440"/>
							<String ID="string_214" HPOS="1450" VPOS="1464" WIDTH="179" HEIGHT="58" WC="0.74" CONTENT="arvodet"/><SP WIDTH="19" VPOS="1464" HPOS="1629"/>
							<String ID="string_215" HPOS="1648" VPOS="1464" WIDTH="30" HEIGHT="57" WC="0.92" CONTENT="å"/>
						</TextLine>
						<TextLine ID="line_26" HPOS="476" VPOS="1536" WIDTH="1202" HEIGHT="52">
							<String ID="string_216" HPOS="476" VPOS="1542" WIDTH="114" HEIGHT="44" WC="0.90" CONTENT="3,000"/><SP WIDTH="29" VPOS="1542" HPOS="590"/>
							<String ID="string_217" HPOS="619" VPOS="1540" WIDTH="150" HEIGHT="48" WC="0.95" CONTENT="kronor,"/><SP WIDTH="29" VPOS="1540" HPOS="769"/>
							<String ID="string_218" HPOS="798" VPOS="1540" WIDTH="118" HEIGHT="36" WC="0.96" CONTENT="vilket"/><SP WIDTH="28" VPOS="1540" HPOS="916"/>
							<String ID="string_219" HPOS="944" VPOS="1539" WIDTH="136" HEIGHT="49" WC="0.96" CONTENT="belopp"/><SP WIDTH="29" VPOS="1539" HPOS="1080"/>
							<String ID="string_220" HPOS="1109" VPOS="1539" WIDTH="97" HEIGHT="36" WC="0.96" CONTENT="efter"/><SP WIDTH="27" VPOS="1539" HPOS="1206"/>
							<String ID="string_221" HPOS="1233" VPOS="1544" WIDTH="57" HEIGHT="31" WC="0.96" CONTENT="tre"/><SP WIDTH="19" VPOS="1544" HPOS="1290"/>
							<String ID="string_222" HPOS="1309" VPOS="1541" WIDTH="41" HEIGHT="33" WC="0.96" CONTENT="år"/><SP WIDTH="19" VPOS="1541" HPOS="1350"/>
							<String ID="string_223" HPOS="1369" VPOS="1538" WIDTH="75" HEIGHT="36" WC="0.96" CONTENT="kan"/><SP WIDTH="20" VPOS="1538" HPOS="1444"/>
							<String ID="string_224" HPOS="1464" VPOS="1537" WIDTH="108" HEIGHT="49" WC="0.96" CONTENT="höjas"/><SP WIDTH="20" VPOS="1537" HPOS="1572"/>
							<String ID="string_225" HPOS="1592" VPOS="1536" WIDTH="86" HEIGHT="37" WC="0.96" CONTENT="med"/>
						</TextLine>
						<TextLine ID="line_27" HPOS="477" VPOS="1589" WIDTH="1538" HEIGHT="52">
							<String ID="string_226" HPOS="477" VPOS="1594" WIDTH="74" HEIGHT="35" WC="0.95" CONTENT="500"/><SP WIDTH="31" VPOS="1594" HPOS="551"/>
							<String ID="string_227" HPOS="582" VPOS="1591" WIDTH="152" HEIGHT="50" WC="0.3" CONTENT="kronor)"/><SP WIDTH="36" VPOS="1591" HPOS="734"/>
							<String ID="string_228" HPOS="770" VPOS="1621" WIDTH="448" HEIGHT="7" WC="0.0" CONTENT=":..sssssorssensvosexevvnamsien"/><SP WIDTH="22" VPOS="1621" HPOS="1218"/>
							<String ID="string_229" HPOS="1240" VPOS="1620" WIDTH="236" HEIGHT="6" WC="0.16" CONTENT="smsa"/><SP WIDTH="102" VPOS="1620" HPOS="1476"/>
							<String ID="string_230" HPOS="1578" VPOS="1620" WIDTH="50" HEIGHT="4" WC="0.16" CONTENT="ee"/><SP WIDTH="146" VPOS="1620" HPOS="1628"/>
							<String ID="string_231" HPOS="1774" VPOS="1600" WIDTH="17" HEIGHT="23" WC="0.92" CONTENT="»"/><SP WIDTH="112" VPOS="1600" HPOS="1791"/>
							<String ID="string_232" HPOS="1903" VPOS="1589" WIDTH="112" HEIGHT="46" WC="0.91" CONTENT="7,000"/>
						</TextLine>
					</TextBlock>
					<TextBlock ID="block_5" HPOS="424" VPOS="1641" WIDTH="1590" HEIGHT="55">
						<TextLine ID="line_28" HPOS="424" VPOS="1641" WIDTH="1590" HEIGHT="55">
							<String ID="string_233" HPOS="424" VPOS="1644" WIDTH="286" HEIGHT="48" WC="0.91" CONTENT="Renskrivning"/><SP WIDTH="28" VPOS="1644" HPOS="710"/>
							<String ID="string_234" HPOS="738" VPOS="1644" WIDTH="70" HEIGHT="36" WC="0.96" CONTENT="och"/><SP WIDTH="28" VPOS="1644" HPOS="808"/>
							<String ID="string_235" HPOS="836" VPOS="1643" WIDTH="119" HEIGHT="36" WC="0.93" CONTENT="andra"/><SP WIDTH="27" VPOS="1643" HPOS="955"/>
							<String ID="string_236" HPOS="982" VPOS="1641" WIDTH="363" HEIGHT="38" WC="0.91" CONTENT="kontorskostnader"/><SP WIDTH="35" VPOS="1641" HPOS="1345"/>
							<String ID="string_237" HPOS="1380" VPOS="1672" WIDTH="2" HEIGHT="4" WC="0.85" CONTENT="."/><SP WIDTH="56" VPOS="1672" HPOS="1382"/>
							<String ID="string_238" HPOS="1438" VPOS="1672" WIDTH="28" HEIGHT="4" WC="0.33" CONTENT="«.."/><SP WIDTH="54" VPOS="1672" HPOS="1466"/>
							<String ID="string_239" HPOS="1520" VPOS="1652" WIDTH="271" HEIGHT="44" WC="0.27" CONTENT="ES."/><SP WIDTH="109" VPOS="1652" HPOS="1791"/>
							<String ID="string_240" HPOS="1900" VPOS="1641" WIDTH="114" HEIGHT="41" WC="0.86" CONTENT="4,200"/>
						</TextLine>
					</TextBlock>
					<TextBlock ID="block_6" HPOS="1202" VPOS="1709" WIDTH="825" HEIGHT="47">
						<TextLine ID="line_29" HPOS="1202" VPOS="1709" WIDTH="825" HEIGHT="47">
							<String ID="string_241" HPOS="1202" VPOS="1709" WIDTH="155" HEIGHT="38" WC="0.92" CONTENT="Summa"/><SP WIDTH="22" VPOS="1709" HPOS="1357"/>
							<String ID="string_242" HPOS="1379" VPOS="1710" WIDTH="298" HEIGHT="46" WC="0.79" CONTENT="förslagsanslag"/><SP WIDTH="31" VPOS="1710" HPOS="1677"/>
							<String ID="string_243" HPOS="1708" VPOS="1709" WIDTH="140" HEIGHT="37" WC="0.93" CONTENT="kronor"/><SP WIDTH="29" VPOS="1709" HPOS="1848"/>
							<String ID="string_244" HPOS="1877" VPOS="1710" WIDTH="150" HEIGHT="46" WC="0.89" CONTENT="73,500."/>
						</TextLine>
					</TextBlock>
				</ComposedBlock>
				<GraphicalElement ID="cblock_4" HPOS="1228" VPOS="1695" WIDTH="128" HEIGHT="3"></GraphicalElement >
				<ComposedBlock ID="cblock_5" HPOS="424" VPOS="1796" WIDTH="1605" HEIGHT="322">
					<TextBlock ID="block_7" HPOS="425" VPOS="1796" WIDTH="1254" HEIGHT="50">
						<TextLine ID="line_30" HPOS="425" VPOS="1796" WIDTH="1254" HEIGHT="50">
							<String ID="string_245" HPOS="425" VPOS="1800" WIDTH="73" HEIGHT="35" WC="0.96" CONTENT="Det"/><SP WIDTH="18" VPOS="1800" HPOS="498"/>
							<String ID="string_246" HPOS="516" VPOS="1798" WIDTH="220" HEIGHT="37" WC="0.96" CONTENT="nuvarande"/><SP WIDTH="19" VPOS="1798" HPOS="736"/>
							<String ID="string_247" HPOS="755" VPOS="1797" WIDTH="187" HEIGHT="37" WC="0.96" CONTENT="ordinarie"/><SP WIDTH="21" VPOS="1797" HPOS="942"/>
							<String ID="string_248" HPOS="963" VPOS="1798" WIDTH="173" HEIGHT="48" WC="0.95" CONTENT="anslaget"/><SP WIDTH="19" VPOS="1798" HPOS="1136"/>
							<String ID="string_249" HPOS="1155" VPOS="1797" WIDTH="56" HEIGHT="36" WC="0.96" CONTENT="till"/><SP WIDTH="20" VPOS="1797" HPOS="1211"/>
							<String ID="string_250" HPOS="1231" VPOS="1802" WIDTH="143" HEIGHT="31" WC="0.91" CONTENT="statens"/><SP WIDTH="20" VPOS="1802" HPOS="1374"/>
							<String ID="string_251" HPOS="1394" VPOS="1796" WIDTH="285" HEIGHT="49" WC="0.91" CONTENT="fiskeritjänste-"/>
						</TextLine>
					</TextBlock>
					<TextBlock ID="block_8" HPOS="425" VPOS="1847" WIDTH="1591" HEIGHT="104">
						<TextLine ID="line_31" HPOS="476" VPOS="1847" WIDTH="1540" HEIGHT="52">
							<String ID="string_252" HPOS="476" VPOS="1855" WIDTH="89" HEIGHT="31" WC="0.96" CONTENT="män"/><SP WIDTH="29" VPOS="1855" HPOS="565"/>
							<String ID="string_253" HPOS="594" VPOS="1852" WIDTH="150" HEIGHT="47" WC="0.96" CONTENT="uppgår"/><SP WIDTH="27" VPOS="1852" HPOS="744"/>
							<String ID="string_254" HPOS="771" VPOS="1852" WIDTH="125" HEIGHT="34" WC="0.96" CONTENT="såsom"/><SP WIDTH="30" VPOS="1852" HPOS="896"/>
							<String ID="string_255" HPOS="926" VPOS="1854" WIDTH="154" HEIGHT="32" WC="0.96" CONTENT="nämnts"/><SP WIDTH="28" VPOS="1854" HPOS="1080"/>
							<String ID="string_256" HPOS="1108" VPOS="1849" WIDTH="57" HEIGHT="36" WC="0.88" CONTENT="till"/><SP WIDTH="29" VPOS="1849" HPOS="1165"/>
							<String ID="string_257" HPOS="1194" VPOS="1880" WIDTH="166" HEIGHT="4" WC="0.0" CONTENT="....0c.€co.v"/><SP WIDTH="20" VPOS="1880" HPOS="1360"/>
							<String ID="string_258" HPOS="1380" VPOS="1878" WIDTH="294" HEIGHT="6" WC="0.7" CONTENT="mee."/><SP WIDTH="32" VPOS="1878" HPOS="1674"/>
							<String ID="string_259" HPOS="1706" VPOS="1847" WIDTH="141" HEIGHT="36" WC="0.92" CONTENT="kronor"/><SP WIDTH="28" VPOS="1847" HPOS="1847"/>
							<String ID="string_260" HPOS="1875" VPOS="1848" WIDTH="141" HEIGHT="45" WC="0.91" CONTENT="44,600"/>
						</TextLine>
						<TextLine ID="line_32" HPOS="425" VPOS="1899" WIDTH="1255" HEIGHT="52">
							<String ID="string_261" HPOS="425" VPOS="1902" WIDTH="156" HEIGHT="49" WC="0.91" CONTENT="Läggas"/><SP WIDTH="36" VPOS="1902" HPOS="581"/>
							<String ID="string_262" HPOS="617" VPOS="1902" WIDTH="59" HEIGHT="36" WC="0.94" CONTENT="till"/><SP WIDTH="41" VPOS="1902" HPOS="676"/>
							<String ID="string_263" HPOS="717" VPOS="1900" WIDTH="237" HEIGHT="38" WC="0.94" CONTENT="sistnämnda"/><SP WIDTH="39" VPOS="1900" HPOS="954"/>
							<String ID="string_264" HPOS="993" VPOS="1901" WIDTH="138" HEIGHT="49" WC="0.96" CONTENT="belopp"/><SP WIDTH="43" VPOS="1901" HPOS="1131"/>
							<String ID="string_265" HPOS="1174" VPOS="1900" WIDTH="45" HEIGHT="37" WC="0.96" CONTENT="de"/><SP WIDTH="41" VPOS="1900" HPOS="1219"/>
							<String ID="string_266" HPOS="1260" VPOS="1900" WIDTH="96" HEIGHT="37" WC="0.96" CONTENT="efter"/><SP WIDTH="36" VPOS="1900" HPOS="1356"/>
							<String ID="string_267" HPOS="1392" VPOS="1899" WIDTH="288" HEIGHT="38" WC="0.96" CONTENT="förhållandena"/>
						</TextLine>
					</TextBlock>
					<TextBlock ID="block_9" HPOS="424" VPOS="1951" WIDTH="1605" HEIGHT="167">
						<TextLine ID="line_33" HPOS="479" VPOS="1951" WIDTH="1537" HEIGHT="50">
							<String ID="string_268" HPOS="479" VPOS="1956" WIDTH="98" HEIGHT="34" WC="0.96" CONTENT="1922"/><SP WIDTH="30" VPOS="1956" HPOS="577"/>
							<String ID="string_269" HPOS="607" VPOS="1953" WIDTH="215" HEIGHT="38" WC="0.96" CONTENT="beräknade"/><SP WIDTH="32" VPOS="1953" HPOS="822"/>
							<String ID="string_270" HPOS="854" VPOS="1953" WIDTH="251" HEIGHT="37" WC="0.96" CONTENT="kostnaderna"/><SP WIDTH="30" VPOS="1953" HPOS="1105"/>
							<String ID="string_271" HPOS="1135" VPOS="1953" WIDTH="57" HEIGHT="36" WC="0.96" CONTENT="för"/><SP WIDTH="27" VPOS="1953" HPOS="1192"/>
							<String ID="string_272" HPOS="1219" VPOS="1953" WIDTH="76" HEIGHT="36" WC="0.93" CONTENT="dels"/><SP WIDTH="29" VPOS="1953" HPOS="1295"/>
							<String ID="string_273" HPOS="1324" VPOS="1952" WIDTH="260" HEIGHT="49" WC="0.92" CONTENT="ålderstillägg"/><SP WIDTH="78" VPOS="1952" HPOS="1584"/>
							<String ID="string_274" HPOS="1662" VPOS="1982" WIDTH="14" HEIGHT="4" WC="0.0" CONTENT="="/><SP WIDTH="99" VPOS="1982" HPOS="1676"/>
							<String ID="string_275" HPOS="1775" VPOS="1963" WIDTH="18" HEIGHT="23" WC="0.69" CONTENT="&gt;»"/><SP WIDTH="109" VPOS="1963" HPOS="1793"/>
							<String ID="string_276" HPOS="1902" VPOS="1951" WIDTH="114" HEIGHT="47" WC="0.91" CONTENT="4,000"/>
						</TextLine>
						<TextLine ID="line_34" HPOS="424" VPOS="2002" WIDTH="1592" HEIGHT="52">
							<String ID="string_277" HPOS="424" VPOS="2006" WIDTH="72" HEIGHT="37" WC="0.96" CONTENT="och"/><SP WIDTH="28" VPOS="2006" HPOS="496"/>
							<String ID="string_278" HPOS="524" VPOS="2007" WIDTH="77" HEIGHT="36" WC="0.96" CONTENT="dels"/><SP WIDTH="28" VPOS="2007" HPOS="601"/>
							<String ID="string_279" HPOS="629" VPOS="2005" WIDTH="168" HEIGHT="49" WC="0.92" CONTENT="tillfällig"/><SP WIDTH="28" VPOS="2005" HPOS="797"/>
							<String ID="string_280" HPOS="825" VPOS="2005" WIDTH="339" HEIGHT="48" WC="0.58" CONTENT="löneförbättring"/><SP WIDTH="20" VPOS="2005" HPOS="1164"/>
							<String ID="string_281" HPOS="1184" VPOS="2036" WIDTH="70" HEIGHT="4" WC="0.40" CONTENT="......."/><SP WIDTH="58" VPOS="2036" HPOS="1254"/>
							<String ID="string_282" HPOS="1312" VPOS="2036" WIDTH="2" HEIGHT="4" WC="0.41" CONTENT="see"/><SP WIDTH="30" VPOS="2036" HPOS="1314"/>
							<String ID="string_283" HPOS="1344" VPOS="2034" WIDTH="334" HEIGHT="6" WC="0.0" CONTENT="seeecseamsumussve"/><SP WIDTH="97" VPOS="2034" HPOS="1678"/>
							<String ID="string_284" HPOS="1775" VPOS="2015" WIDTH="18" HEIGHT="23" WC="0.54" CONTENT="I"/><SP WIDTH="112" VPOS="2015" HPOS="1793"/>
							<String ID="string_285" HPOS="1905" VPOS="2002" WIDTH="111" HEIGHT="44" WC="0.92" CONTENT="7,050"/>
						</TextLine>
						<TextLine ID="line_35" HPOS="424" VPOS="2072" WIDTH="1605" HEIGHT="46">
							<String ID="string_286" HPOS="424" VPOS="2074" WIDTH="162" HEIGHT="37" WC="0.96" CONTENT="erhålles"/><SP WIDTH="28" VPOS="2074" HPOS="586"/>
							<String ID="string_287" HPOS="614" VPOS="2088" WIDTH="46" HEIGHT="23" WC="0.93" CONTENT="en"/><SP WIDTH="28" VPOS="2088" HPOS="660"/>
							<String ID="string_288" HPOS="688" VPOS="2075" WIDTH="244" HEIGHT="36" WC="0.90" CONTENT="totalsumma"/><SP WIDTH="28" VPOS="2075" HPOS="932"/>
							<String ID="string_289" HPOS="960" VPOS="2088" WIDTH="34" HEIGHT="23" WC="0.66" CONTENT="av"/><SP WIDTH="25" VPOS="2088" HPOS="994"/>
							<String ID="string_290" HPOS="1019" VPOS="2088" WIDTH="215" HEIGHT="23" WC="0.10" CONTENT="........wocc"/><SP WIDTH="206" VPOS="2088" HPOS="1234"/>
							<String ID="string_291" HPOS="1440" VPOS="2104" WIDTH="144" HEIGHT="4" WC="0.14" CONTENT="una"/><SP WIDTH="125" VPOS="2104" HPOS="1584"/>
							<String ID="string_292" HPOS="1709" VPOS="2072" WIDTH="141" HEIGHT="36" WC="0.83" CONTENT="kronor"/><SP WIDTH="29" VPOS="2072" HPOS="1850"/>
							<String ID="string_293" HPOS="1879" VPOS="2072" WIDTH="150" HEIGHT="46" WC="0.91" CONTENT="55,650."/>
						</TextLine>
					</TextBlock>
				</ComposedBlock>
				<ComposedBlock ID="cblock_6" HPOS="426" VPOS="2142" WIDTH="1256" HEIGHT="154">
					<TextBlock ID="block_10" HPOS="426" VPOS="2142" WIDTH="1256" HEIGHT="154">
						<TextLine ID="line_36" HPOS="426" VPOS="2142" WIDTH="1256" HEIGHT="49">
							<String ID="string_294" HPOS="426" VPOS="2142" WIDTH="218" HEIGHT="38" WC="0.89" CONTENT="Oberäknat"/><SP WIDTH="27" VPOS="2142" HPOS="644"/>
							<String ID="string_295" HPOS="671" VPOS="2144" WIDTH="72" HEIGHT="36" WC="0.96" CONTENT="den"/><SP WIDTH="26" VPOS="2144" HPOS="743"/>
							<String ID="string_296" HPOS="769" VPOS="2142" WIDTH="346" HEIGHT="49" WC="0.96" CONTENT="kostnadsökning,"/><SP WIDTH="29" VPOS="2142" HPOS="1115"/>
							<String ID="string_297" HPOS="1144" VPOS="2155" WIDTH="81" HEIGHT="24" WC="0.96" CONTENT="som"/><SP WIDTH="20" VPOS="2155" HPOS="1225"/>
							<String ID="string_298" HPOS="1245" VPOS="2142" WIDTH="118" HEIGHT="37" WC="0.96" CONTENT="under"/><SP WIDTH="20" VPOS="2142" HPOS="1363"/>
							<String ID="string_299" HPOS="1383" VPOS="2142" WIDTH="118" HEIGHT="37" WC="0.93" CONTENT="första"/><SP WIDTH="19" VPOS="2142" HPOS="1501"/>
							<String ID="string_300" HPOS="1520" VPOS="2142" WIDTH="162" HEIGHT="49" WC="0.92" CONTENT="budget-"/>
						</TextLine>
						<TextLine ID="line_37" HPOS="477" VPOS="2193" WIDTH="1203" HEIGHT="52">
							<String ID="string_301" HPOS="477" VPOS="2197" WIDTH="79" HEIGHT="34" WC="0.94" CONTENT="året"/><SP WIDTH="28" VPOS="2197" HPOS="556"/>
							<String ID="string_302" HPOS="584" VPOS="2195" WIDTH="61" HEIGHT="37" WC="0.96" CONTENT="för"/><SP WIDTH="23" VPOS="2195" HPOS="645"/>
							<String ID="string_303" HPOS="668" VPOS="2195" WIDTH="73" HEIGHT="37" WC="0.96" CONTENT="den"/><SP WIDTH="19" VPOS="2195" HPOS="741"/>
							<String ID="string_304" HPOS="760" VPOS="2209" WIDTH="75" HEIGHT="36" WC="0.96" CONTENT="nya"/><SP WIDTH="20" VPOS="2209" HPOS="835"/>
							<String ID="string_305" HPOS="855" VPOS="2201" WIDTH="144" HEIGHT="31" WC="0.95" CONTENT="statens"/><SP WIDTH="19" VPOS="2201" HPOS="999"/>
							<String ID="string_306" HPOS="1018" VPOS="2194" WIDTH="245" HEIGHT="49" WC="0.93" CONTENT="tillämpning"/><SP WIDTH="19" VPOS="2194" HPOS="1263"/>
							<String ID="string_307" HPOS="1282" VPOS="2193" WIDTH="211" HEIGHT="38" WC="0.92" CONTENT="föranledes"/><SP WIDTH="19" VPOS="2193" HPOS="1493"/>
							<String ID="string_308" HPOS="1512" VPOS="2207" WIDTH="47" HEIGHT="23" WC="0.93" CONTENT="av"/><SP WIDTH="19" VPOS="2207" HPOS="1559"/>
							<String ID="string_309" HPOS="1578" VPOS="2194" WIDTH="102" HEIGHT="36" WC="0.91" CONTENT="löne-"/>
						</TextLine>
						<TextLine ID="line_38" HPOS="476" VPOS="2244" WIDTH="1204" HEIGHT="52">
							<String ID="string_310" HPOS="476" VPOS="2246" WIDTH="198" HEIGHT="50" WC="0.96" CONTENT="ökningen"/><SP WIDTH="50" VPOS="2246" HPOS="674"/>
							<String ID="string_311" HPOS="724" VPOS="2247" WIDTH="62" HEIGHT="37" WC="0.89" CONTENT="vid"/><SP WIDTH="45" VPOS="2247" HPOS="786"/>
							<String ID="string_312" HPOS="831" VPOS="2246" WIDTH="476" HEIGHT="48" WC="0.88" CONTENT="efterskottsutbetalning,"/><SP WIDTH="46" VPOS="2246" HPOS="1307"/>
							<String ID="string_313" HPOS="1353" VPOS="2246" WIDTH="122" HEIGHT="36" WC="0.95" CONTENT="skulle"/><SP WIDTH="46" VPOS="2246" HPOS="1475"/>
							<String ID="string_314" HPOS="1521" VPOS="2244" WIDTH="159" HEIGHT="38" WC="0.96" CONTENT="sålunda"/>
						</TextLine>
					</TextBlock>
				</ComposedBlock>
			</PrintSpace>
		</Page>
	</Layout>
</alto>
