2198 2624
608 174 395 34 Jordbruksutskottets
1036 177 187 33 utlåtande
1255 179 52 32 Nr
1332 180 28 29 1.
1719 183 11 29 1

920 347 56 39 Nr
1005 348 35 39 I.

794 451 111 28 Ankom
924 451 42 28 till
986 452 167 36 riksdagens
1170 453 93 28 kansli
1283 454 53 28 den
1355 456 18 26 3
1391 465 75 19 mars
1486 457 68 28 1923
1572 457 37 28 kl.
1629 458 17 26 4
1666 467 23 18 e.
1709 468 34 17 m.

385 537 193 39 Utlåtande
619 541 187 43 angående
847 541 221 46 regleringen
1106 544 67 43 för
1207 543 209 47 budgetåret
1448 548 258 35 1923—1924
1734 560 43 24 av

578 599 203 47 utgifterna
822 602 116 35 under
977 602 212 37 riksstatens
1227 606 153 36 nionde
1421 607 213 44 huvudtitel,
1675 609 101 35 inne-

571 660 174 44 fattande
785 662 174 46 anslagen
1001 663 59 36 till
1093 664 481 47 jordbruksdepartementet
1608 670 119 42 jämte
1765 671 12 33 i

577 724 119 34 ämnet
722 723 125 35 väckta
875 724 185 36 motioner.

1442 779 75 47 (1:a
1546 779 98 48 avd.)

739 877 468 48 Departementet.

308 961 71 49 1:o)
409 961 18 37 I
455 962 73 36 den
555 962 56 36 till
638 962 204 50 riksdagen
871 964 72 37 den
972 966 22 35 8
1020 965 151 48 januari
1202 968 98 36 1923
1320 968 152 37 avlåtna
1491 971 284 48 propositionen

175 1013 197 46 angående
413 1014 248 37 statsverkets
701 1015 170 37 tillstånd
904 1016 70 37 och
1007 1016 123 38 behov
1159 1018 67 37 har
1253 1019 141 50 Kungl.
1427 1020 108 49 Maj:t
1561 1022 13 36 i
1601 1023 124 48 punkt
1754 1025 18 35 1

176 1064 120 37 under
322 1065 141 37 nionde
492 1065 237 39 huvudtiteln
758 1067 196 50 föreslagit
981 1068 205 50 riksdagen
1215 1077 56 31 att
1298 1077 171 45 upptaga
1496 1073 64 37 det
1588 1074 188 38 ordinarie

175 1116 172 49 anslaget
375 1116 57 37 till
463 1117 420 50 departementschefen
912 1120 84 37 med
1025 1123 139 45 24,000
1191 1122 151 38 kronor.

304 1168 88 37 Med
433 1169 267 50 tillstyrkande
740 1184 47 24 av
827 1171 106 37 bifall
968 1172 57 37 till
1067 1173 71 36 vad
1180 1174 143 50 Kungl.
1353 1176 108 49 Maj:t
1489 1178 159 37 sålunda
1676 1179 98 37 före-

173 1219 117 49 slagit
318 1220 218 38 hemställer
563 1222 199 48 utskottet,

705 1296 56 32 att
787 1291 206 50 riksdagen
1022 1296 61 34 må
1110 1293 137 38 liksom
1276 1295 232 40 beträffande
1531 1301 97 34 1922
1649 1299 12 36 i
1681 1301 92 36 riks-

575 1347 125 32 staten
741 1343 163 49 uppföra
944 1344 190 38 ordinarie
1176 1347 173 49 anslaget
1390 1349 58 36 till
1476 1350 298 50 departements-

575 1393 136 38 chefen
739 1394 86 37 med
853 1396 141 48 24,000
1022 1397 149 37 kronor.

305 1496 72 48 2:0)
407 1496 129 37 Under
563 1497 121 49 punkt
712 1500 22 34 2
764 1498 68 37 har
859 1499 144 49 Kungl.
1033 1500 108 49 Maj:t
1169 1502 197 49 föreslagit
1393 1503 208 50 riksdagen
1621 1510 55 32 att
1694 1505 80 37 dels

174 1547 203 49 godkänna
419 1548 168 45 följande
625 1549 166 38 ändrade
826 1557 77 31 stat
935 1552 57 36 för
1013 1552 528 52 jordbruksdepartementets
1569 1557 208 50 avdelning

174 1611 46 24 av
261 1598 142 49 Kungl.
447 1599 126 50 Maj:ts
614 1601 124 37 kansli
777 1608 55 30 att
860 1603 191 49 tillämpas
1079 1605 82 36 från
1189 1606 72 37 och
1289 1607 85 36 med
1403 1607 75 37 den
1509 1610 16 34 1
1553 1608 72 49 juli
1658 1611 115 35 1923:

911 1671 113 37 Stat.

173 1727 235 49 Avlöningar
435 1728 57 36 till
519 1728 186 38 ordinarie
732 1731 240 50 tjänstemän,
1011 1732 301 52 förslagsanslag
1338 1766 62 6 ......
1431 1736 140 37 kronor
1601 1739 162 44 157,600

173 1778 463 51 Vikariatsersättningar,
667 1781 301 51 förslagsansläg
1014 1815 389 8 —m..mmmmmsnnnnsnn
1497 1800 19 23 »
1649 1791 113 42 3,500

174 1830 240 49 Avlöningar
442 1831 57 36 till
527 1831 287 39 icke-ordinarie
842 1833 377 51 befattningshavare
1248 1851 47 23 m.
1318 1852 83 23 m....
1496 1852 18 23 »
1624 1842 137 39 10.000

1082 1896 317 53 Förslagsanslag
1426 1901 141 36 kronor
1600 1904 172 45 171,100;

302 1950 79 37 dels
410 1952 12 35 i
453 1952 107 48 fråga
588 1966 60 23 om
677 1954 142 36 antalet
846 1955 261 50 befattningar
1135 1960 20 34 å
1175 1959 187 37 ordinarie
1382 1966 76 31 stat
1477 1961 58 36 för
1549 1961 225 49 jordbruks-

174 2002 296 48 departementet
492 2003 146 37 besluta
657 2005 118 36 sådan
795 2006 175 49 ändring,
991 2013 54 31 att
1063 2008 12 36 i
1094 2010 123 36 stället
1235 2011 57 35 för
1307 2014 64 33 två
1388 2011 197 50 kvinnliga
1599 2013 174 37 kontors-

174 2052 428 51 biträdesbefattningar
629 2056 12 35 i
670 2056 350 49 avlöningsgraden
1063 2058 68 37 C2
1174 2061 93 36 skall
1309 2062 84 37 från
1426 2063 70 36 och
1532 2064 83 36 med
1650 2065 71 36 den
1754 2067 16 33 1

169 2103 72 47 juli
273 2105 96 35 1923
399 2105 124 36 finnas
552 2106 160 36 allenast
739 2119 46 23 en
813 2108 116 36 sådan
960 2109 230 51 befattning;

301 2155 80 36 dels
422 2157 72 35 ock
532 2157 63 36 vid
626 2157 105 37 bifall
760 2158 126 37 härtill
914 2159 11 36 i
953 2161 205 37 riksstaten
1187 2164 161 48 uppföra
1376 2166 188 36 ordinarie
1593 2167 180 50 förslags-

173 2206 172 48 anslaget
374 2206 57 36 till
455 2207 530 52 jordbruksdepartementets
1014 2213 206 50 avdelning
1247 2229 48 23 av
1322 2216 143 49 Kungl.
1496 2217 126 49 Maj:ts
1651 2219 119 37 kansli

173 2256 84 36 med
290 2259 164 44 171,100
482 2259 150 37 kronor.

177 2315 125 42 Bihang
325 2317 49 31 till
396 2318 188 42 riksdagens
604 2320 157 42 protokoll
785 2323 95 32 1923.
925 2324 38 31 10
986 2325 88 30 saml.
1142 2326 16 30 1
1183 2325 78 41 häft.
1307 2327 67 39 (Nr
1398 2330 45 39 1)
1716 2332 10 29 1

1793 976 210 31 Departements-

1851 1011 97 31 chefen.

1826 1063 139 30 (ordinarie

1843 1098 105 29 anslag.)

1864 1135 60 42 [1.]

1805 1515 184 30 Depaurtemen-

1794 1551 49 23 tets
1861 1549 139 32 avdelning

1822 1592 32 16 av
1873 1585 98 32 Kungl.

1794 1619 93 32 Maj:ts
1905 1620 95 23 kansli.

1826 1671 139 30 (ordinarie

1844 1707 105 29 anslag.)

1866 1744 60 42 [2.1
