1918 2784
275 150 41 29 28
540 148 404 40 Bevillningsutskottets
970 148 220 30 betänkande
1215 157 43 21 nr
1284 148 40 29 18
1348 148 39 30 år
1413 149 83 29 1966

276 228 221 30 beträffande
526 228 83 30 äkta
635 228 123 29 makar
785 227 66 30 och
878 227 108 30 oskift
1014 227 133 30 dödsbo
1174 227 114 30 tillika
1317 227 172 39 iakttagas
1516 227 67 30 vad
1612 228 10 29 i
1649 228 114 37 tredje

275 281 65 30 och
364 281 105 39 sjätte
493 281 167 40 styckena
684 281 106 38 sagda
814 283 154 27 moment
993 281 151 38 stadgas.
1169 280 67 29 För
1259 281 70 29 rätt
1352 280 52 30 till
1429 280 259 39 förlustavdrag
1712 289 50 20 er-

275 334 139 30 fordras
437 334 188 30 härutöver
650 337 49 27 att
723 334 220 29 deklaration
967 334 55 30 för
1047 333 203 30 förluståret
1275 333 145 38 avgivits
1445 334 111 29 under
1581 333 184 30 vederbör-

275 388 61 38 ligt
358 388 228 38 taxeringsår.

321 441 124 30 Rätten
465 441 54 30 till
539 459 45 3 —
602 460 5 2 -
695 459 13 2 -
727 440 107 30 minst
859 441 90 30 1000
971 440 141 29 kronor.

1196 495 58 29 (Se
1274 494 117 29 vidare
1412 494 300 39 anvisningarna.)

977 583 20 29 8
1025 584 27 35 8.

319 654 66 29 Om
410 654 161 30 aktierna
595 655 11 28 i
630 654 196 39 aktiebolag
851 654 81 29 eller
958 653 191 30 andelarna
1175 655 10 28 i
1210 654 207 29 ekonomisk
1443 654 161 39 förening
1628 654 57 29 vid
1711 654 53 29 in-

274 707 133 38 gången
428 717 43 20 av
491 707 202 30 förluståret
714 707 83 29 eller
817 707 174 39 utgången
1012 717 42 20 av
1074 707 57 30 det
1151 707 292 39 beskattningsår,
1466 707 54 30 för
1541 708 107 29 vilket
1668 709 96 28 taxe-

275 760 76 39 ring
370 761 89 29 skall
479 761 70 34 ske,
569 761 52 29 till
639 760 235 39 huvudsaklig
893 761 54 29 del
966 761 105 39 ägdes
1090 761 82 29 eller
1191 760 45 40 på
1254 760 144 30 därmed
1416 760 196 40 jämförligt
1632 761 68 29 sätt
1758 776 2 2 —

275 813 114 30 direkt
407 814 82 29 eller
508 821 125 31 genom
651 814 210 39 förmedling
879 824 41 20 av
937 814 156 39 juridisk
1110 823 127 30 person
1254 832 45 3 —
1315 814 191 30 innehades
1526 824 42 20 av
1586 823 43 21 en
1649 814 114 40 fysisk

275 875 125 30 person
419 868 83 29 eller
521 869 48 28 ett
590 867 85 30 fåtal
696 867 134 39 fysiska
850 876 173 30 personer,
1045 868 58 29 må
1122 868 57 29 vid
1199 867 107 39 sagda
1324 868 158 39 taxering
1502 867 259 39 förlustavdrag

273 920 31 38 ej
332 920 177 38 medgivas
534 921 78 29 med
638 920 135 30 mindre
800 921 160 39 samtliga
985 921 83 29 eller
1094 921 37 30 så
1156 923 72 36 gott
1255 930 74 20 som
1356 921 161 39 samtliga
1541 921 112 29 aktier
1678 921 82 29 eller

273 973 144 30 andelar
441 974 57 29 vid
525 974 153 29 nämnda
702 973 91 31 båda
816 974 163 29 tillfällen
1005 974 105 39 ägdes
1135 975 82 28 eller
1242 974 45 39 på
1312 974 136 39 angivet
1476 975 67 29 sätt
1569 974 191 30 innehades

273 1036 43 20 av
340 1035 134 22 samma
499 1027 135 39 fysiska
658 1036 127 30 person
809 1028 82 29 eller
916 1036 166 30 personer
1108 1030 89 27 samt
1222 1028 111 29 under
1359 1027 253 40 förutsättning
1636 1028 123 30 tillika,

273 1079 45 30 då
340 1080 98 39 fråga
461 1081 39 29 är
522 1089 58 21 om
602 1081 57 29 två
681 1081 82 29 eller
787 1080 88 31 flera
897 1081 107 29 aktie-
1028 1081 83 29 eller
1133 1080 235 40 andelsägare,
1393 1083 49 28 att
1466 1090 106 21 envar
1595 1091 42 20 av
1659 1082 100 29 dessa

274 1133 85 39 ägde
382 1134 83 28 eller
489 1133 172 30 innehade
685 1134 241 39 ungefärligen
950 1135 72 29 lika
1046 1136 72 27 stor
1142 1135 102 29 andel
1268 1135 10 29 i
1303 1134 107 30 aktie-
1433 1134 83 30 eller
1540 1134 219 39 andelskapi-

273 1186 83 30 talet
373 1187 57 29 vid
447 1187 57 29 det
521 1196 65 21 ena
604 1197 73 20 som
694 1188 56 29 vid
768 1188 58 29 det
843 1188 110 30 andra
969 1188 164 29 tillfället.
1152 1188 131 29 Hinder
1301 1188 54 30 för
1373 1188 259 39 förlustavdrag
1649 1189 111 28 möter

272 1239 90 31 dock
377 1241 44 39 ej,
440 1240 63 30 där
522 1241 242 40 skiljaktighet
782 1241 12 30 i
810 1241 373 40 ägareförhållandena
1200 1242 158 39 betingas
1375 1251 42 21 av
1433 1244 51 28 att
1501 1242 161 30 aktierna
1678 1242 85 29 eller

272 1293 191 30 andelarna
487 1301 125 31 genom
636 1303 69 25 arv,
730 1296 208 28 testamente
962 1295 82 29 eller
1069 1294 187 39 bodelning
1280 1295 154 39 övergått
1459 1295 20 30 å
1504 1304 118 21 annan
1648 1295 111 39 fysisk

272 1355 127 30 person
421 1346 83 30 eller
527 1347 110 30 andra
660 1347 134 39 fysiska
817 1356 164 30 personer
1004 1348 84 29 eller
1111 1357 42 21 av
1175 1350 50 28 att
1248 1348 44 40 på
1315 1349 123 29 nämnt
1462 1349 68 29 sätt
1555 1348 205 30 förvärvade

272 1399 112 30 aktier
407 1400 179 30 överlåtits
609 1401 20 29 å
653 1400 108 30 sådan
786 1401 112 39 fysisk
921 1410 128 31 person
1073 1401 82 30 eller
1180 1401 132 31 sådana
1336 1401 134 40 fysiska
1493 1411 166 30 personer
1684 1411 74 20 som

274 1452 106 29 sedan
401 1453 223 30 förlustårets
644 1454 127 39 ingång
791 1454 160 30 innehaft
972 1455 112 30 aktier
1105 1455 11 29 i
1136 1455 179 38 företaget.

977 1544 19 29 9
1023 1544 28 36 8.

317 1613 70 29 Har
407 1613 101 40 bolag
534 1613 249 40 (dotterbolag)
809 1622 124 31 genom
953 1615 119 29 fusion
1092 1615 106 39 enligt
1222 1615 60 30 174
1305 1618 15 35 $
1346 1616 13 29 1
1383 1625 104 20 mom.
1509 1616 100 39 lagen
1630 1616 67 29 den
1721 1616 37 29 14

274 1666 193 39 september
491 1667 83 29 1944
594 1677 56 20 om
672 1667 196 40 aktiebolag
888 1668 160 39 upplösts
1068 1668 66 30 och
1156 1668 145 40 uppgått
1322 1669 11 29 i
1353 1671 107 28 annat
1480 1669 102 40 bolag
1608 1669 155 34 (moder-

273 1719 130 39 bolag),
425 1720 80 38 äger
526 1720 257 39 moderbolaget
806 1730 134 21 samma
960 1722 70 29 rätt
1051 1722 52 29 till
1125 1722 266 39 förlustavdrag,
1415 1732 74 20 som
1509 1741 44 3 —
1572 1732 58 21 om
1652 1723 106 29 fusio-

273 1781 65 20 nen
364 1773 31 39 ej
425 1773 91 30 skett
541 1792 46 3 —
610 1774 203 30 tillkommit
839 1774 262 40 dotterbolaget.
1128 1775 123 30 Därest
1278 1775 159 31 aktierna
1463 1777 11 29 i
1500 1776 256 39 moderbolaget

273 1826 55 29 vid
346 1826 176 39 utgången
539 1837 43 19 av
598 1827 318 40 beskattningsåret
934 1829 83 29 eller
1035 1829 160 30 aktierna
1213 1829 10 29 i
1241 1829 250 40 dotterbolaget
1510 1830 57 29 vid
1586 1830 170 39 ingången

271 1888 42 20 av
339 1879 203 30 förluståret
568 1880 52 30 till
646 1880 235 41 huvudsaklig
907 1882 54 29 del
987 1882 106 39 ägdes
1119 1882 81 30 eller
1227 1883 44 39 på
1297 1882 144 31 därmed
1466 1882 196 40 jämförligt
1690 1884 66 28 sätt

273 1932 189 30 innehades
486 1951 45 3 —
555 1933 113 31 direkt
693 1935 82 28 eller
801 1942 124 31 genom
951 1935 210 40 förmedling
1186 1946 42 20 av
1251 1935 154 39 juridisk
1429 1945 127 30 person
1580 1955 45 3 —
1649 1946 41 20 av
1715 1945 42 20 en

272 1985 113 40 fysisk
402 1995 128 30 person
548 1987 83 29 eller
649 1990 47 27 ett
716 1987 86 30 fåtal
822 1988 134 40 fysiska
974 1997 176 31 personer,
1171 1990 88 29 skall
1278 1990 67 29 vad
1364 1999 83 30 nyss
1467 1992 94 37 sagts
1580 1990 178 38 angående

272 2039 276 40 moderbolagets
580 2041 69 29 rätt
681 2043 50 28 att
763 2042 157 39 utnyttja
952 2042 236 39 dotterbolags
1221 2042 257 41 förlustavdrag
1511 2044 90 38 gälla
1634 2044 121 29 endast

270 2092 117 30 därest
405 2093 259 40 moderbolaget
681 2094 132 40 jämväl
832 2095 57 30 vid
909 2095 219 31 sistnämnda
1147 2096 166 39 tidpunkt
1333 2097 85 39 ägde
1436 2106 74 21 mer
1529 2098 45 29 än
1593 2097 57 29 nio
1669 2097 91 30 tion-

270 2145 95 30 delar
388 2156 43 20 av
452 2146 264 40 aktiekapitalet
740 2148 11 29 i
773 2148 262 40 dotterbolaget.
1060 2149 111 39 ägdes
1194 2150 83 29 eller
1300 2150 190 30 innehades
1513 2150 45 40 på
1583 2151 68 29 sätt
1674 2159 84 31 nyss

271 2200 94 36 sagts
381 2199 160 31 aktierna
559 2201 9 29 i
587 2201 257 39 moderbolaget
861 2202 58 30 vid
935 2203 177 39 utgången
1129 2213 43 20 av
1188 2203 318 39 beskattningsåret
1524 2213 43 20 av
1583 2213 44 20 en
1645 2203 109 40 fysisk

270 2260 126 30 person
413 2253 84 30 eller
514 2256 48 27 ett
580 2254 86 30 fåtal
683 2254 136 41 fysiska
835 2264 175 30 personer,
1030 2256 90 30 skall
1138 2256 116 30 såsom
1272 2256 252 40 förutsättning
1543 2257 55 30 för
1616 2257 141 30 förlust-

267 2305 184 40 avdragets
474 2308 226 39 utnyttjande
722 2308 133 39 jämväl
879 2310 99 38 gälla,
1003 2311 50 29 att
1077 2310 115 30 denna
1214 2319 128 31 person
1364 2311 82 29 eller
1468 2310 102 31 dessa
1592 2320 165 31 personer

270 2359 86 38 ägde
371 2359 82 30 eller
469 2360 173 30 innehade
659 2361 161 39 samtliga
835 2363 82 28 eller
934 2363 37 29 så
987 2364 73 38 gott
1077 2372 75 21 som
1169 2363 161 39 samtliga
1345 2364 111 30 aktier
1478 2364 4 29 i
1499 2364 256 39 moderbolaget

267 2411 132 40 jämväl
425 2413 58 30 vid
509 2413 173 39 ingången
708 2424 43 20 av
776 2414 271 40 dotterbolagets
1074 2416 266 38 ifrågavarande
1368 2416 177 31 förlustår.
1573 2417 46 30 Är
1646 2417 11 30 i
1683 2417 71 31 fall,

269 2474 75 20 som
370 2465 62 30 sist
458 2468 104 37 sagts,
589 2467 99 39 fråga
711 2476 58 22 om
793 2468 59 30 två
876 2469 83 29 eller
984 2469 89 30 flera
1097 2468 208 40 aktieägare,
1332 2470 124 30 kräves
1480 2470 200 40 ytterligare
1706 2473 50 27 att
