<?xml version="1.0" encoding="UTF-8"?>
<alto xmlns="http://www.loc.gov/standards/alto/ns-v3#" xmlns:xlink="http://www.w3.org/1999/xlink" xmlns:xsi="http://www.w3.org/2001/XMLSchema-instance" xsi:schemaLocation="http://www.loc.gov/standards/alto/ns-v3# http://www.loc.gov/alto/v3/alto-3-0.xsd">
	<Description>
		<MeasurementUnit>pixel</MeasurementUnit>
		<sourceImageInformation>
			<fileName>/tmp/tess_4ah4c8ta_input.PNG</fileName>
		</sourceImageInformation>
		<OCRProcessing ID="OCR_0">
			<ocrProcessingStep>
				<processingSoftware>
					<softwareName>tesseract 5.3.0</softwareName>
				</processingSoftware>
			</ocrProcessingStep>
		</OCRProcessing>
	</Description>
	<Layout>
		<Page WIDTH="1920" HEIGHT="2786" PHYSICAL_IMG_NR="0" ID="page_0">
			<PrintSpace HPOS="0" VPOS="0" WIDTH="1920" HEIGHT="2786">
				<ComposedBlock ID="cblock_0" HPOS="282" VPOS="155" WIDTH="1206" HEIGHT="41">
					<TextBlock ID="block_0" HPOS="282" VPOS="155" WIDTH="1206" HEIGHT="41">
						<TextLine ID="line_0" HPOS="282" VPOS="155" WIDTH="1206" HEIGHT="41">
							<String ID="string_0" HPOS="282" VPOS="155" WIDTH="38" HEIGHT="29" WC="0.95" CONTENT="10"/><SP WIDTH="233" VPOS="155" HPOS="320"/>
							<String ID="string_1" HPOS="553" VPOS="156" WIDTH="403" HEIGHT="40" WC="0.92" CONTENT="Bevillningsutskottets"/><SP WIDTH="22" VPOS="156" HPOS="956"/>
							<String ID="string_2" HPOS="978" VPOS="157" WIDTH="220" HEIGHT="31" WC="0.90" CONTENT="belänkande"/><SP WIDTH="20" VPOS="157" HPOS="1198"/>
							<String ID="string_3" HPOS="1218" VPOS="168" WIDTH="43" HEIGHT="20" WC="0.95" CONTENT="nr"/><SP WIDTH="22" VPOS="168" HPOS="1261"/>
							<String ID="string_4" HPOS="1283" VPOS="159" WIDTH="40" HEIGHT="29" WC="0.96" CONTENT="18"/><SP WIDTH="20" VPOS="159" HPOS="1323"/>
							<String ID="string_5" HPOS="1343" VPOS="159" WIDTH="39" HEIGHT="30" WC="0.96" CONTENT="år"/><SP WIDTH="22" VPOS="159" HPOS="1382"/>
							<String ID="string_6" HPOS="1404" VPOS="160" WIDTH="84" HEIGHT="29" WC="0.96" CONTENT="1966"/>
						</TextLine>
					</TextBlock>
				</ComposedBlock>
				<ComposedBlock ID="cblock_1" HPOS="275" VPOS="234" WIDTH="1489" HEIGHT="559">
					<TextBlock ID="block_1" HPOS="275" VPOS="234" WIDTH="1489" HEIGHT="559">
						<TextLine ID="line_1" HPOS="281" VPOS="234" WIDTH="1483" HEIGHT="44">
							<String ID="string_7" HPOS="281" VPOS="234" WIDTH="110" HEIGHT="30" WC="0.93" CONTENT="andra"/><SP WIDTH="26" VPOS="234" HPOS="391"/>
							<String ID="string_8" HPOS="417" VPOS="235" WIDTH="170" HEIGHT="29" WC="0.47" CONTENT="&gt;värden»"/><SP WIDTH="28" VPOS="235" HPOS="587"/>
							<String ID="string_9" HPOS="615" VPOS="236" WIDTH="44" HEIGHT="29" WC="0.96" CONTENT="än"/><SP WIDTH="24" VPOS="236" HPOS="659"/>
							<String ID="string_10" HPOS="683" VPOS="244" WIDTH="43" HEIGHT="20" WC="0.96" CONTENT="en"/><SP WIDTH="25" VPOS="244" HPOS="726"/>
							<String ID="string_11" HPOS="751" VPOS="235" WIDTH="246" HEIGHT="41" WC="0.96" CONTENT="skattemässig"/><SP WIDTH="22" VPOS="235" HPOS="997"/>
							<String ID="string_12" HPOS="1019" VPOS="237" WIDTH="72" HEIGHT="29" WC="0.96" CONTENT="rätt"/><SP WIDTH="24" VPOS="237" HPOS="1091"/>
							<String ID="string_13" HPOS="1115" VPOS="237" WIDTH="52" HEIGHT="29" WC="0.93" CONTENT="till"/><SP WIDTH="25" VPOS="237" HPOS="1167"/>
							<String ID="string_14" HPOS="1192" VPOS="236" WIDTH="260" HEIGHT="42" WC="0.92" CONTENT="förlustavdrag"/><SP WIDTH="23" VPOS="236" HPOS="1452"/>
							<String ID="string_15" HPOS="1475" VPOS="256" WIDTH="45" HEIGHT="4" WC="0.90" CONTENT="—"/><SP WIDTH="22" VPOS="256" HPOS="1520"/>
							<String ID="string_16" HPOS="1542" VPOS="238" WIDTH="119" HEIGHT="40" WC="0.96" CONTENT="börjar"/><SP WIDTH="26" VPOS="238" HPOS="1661"/>
							<String ID="string_17" HPOS="1687" VPOS="239" WIDTH="41" HEIGHT="39" WC="0.96" CONTENT="gå"/><SP WIDTH="26" VPOS="239" HPOS="1728"/>
							<String ID="string_18" HPOS="1754" VPOS="239" WIDTH="10" HEIGHT="29" WC="0.96" CONTENT="i"/>
						</TextLine>
						<TextLine ID="line_2" HPOS="279" VPOS="287" WIDTH="1485" HEIGHT="44">
							<String ID="string_19" HPOS="279" VPOS="287" WIDTH="164" HEIGHT="30" WC="0.95" CONTENT="handeln."/><SP WIDTH="20" VPOS="287" HPOS="443"/>
							<String ID="string_20" HPOS="463" VPOS="288" WIDTH="69" HEIGHT="29" WC="0.96" CONTENT="För"/><SP WIDTH="19" VPOS="288" HPOS="532"/>
							<String ID="string_21" HPOS="551" VPOS="290" WIDTH="50" HEIGHT="27" WC="0.93" CONTENT="att"/><SP WIDTH="20" VPOS="290" HPOS="601"/>
							<String ID="string_22" HPOS="621" VPOS="288" WIDTH="242" HEIGHT="40" WC="0.90" CONTENT="fåmansbolag"/><SP WIDTH="19" VPOS="288" HPOS="863"/>
							<String ID="string_23" HPOS="882" VPOS="289" WIDTH="88" HEIGHT="30" WC="0.96" CONTENT="skall"/><SP WIDTH="20" VPOS="289" HPOS="970"/>
							<String ID="string_24" HPOS="990" VPOS="289" WIDTH="133" HEIGHT="31" WC="0.96" CONTENT="erhålla"/><SP WIDTH="20" VPOS="289" HPOS="1123"/>
							<String ID="string_25" HPOS="1143" VPOS="291" WIDTH="69" HEIGHT="29" WC="0.96" CONTENT="rätt"/><SP WIDTH="19" VPOS="291" HPOS="1212"/>
							<String ID="string_26" HPOS="1231" VPOS="291" WIDTH="52" HEIGHT="29" WC="0.93" CONTENT="till"/><SP WIDTH="20" VPOS="291" HPOS="1283"/>
							<String ID="string_27" HPOS="1303" VPOS="290" WIDTH="331" HEIGHT="41" WC="0.91" CONTENT="förlustutjämning"/><SP WIDTH="20" VPOS="290" HPOS="1634"/>
							<String ID="string_28" HPOS="1654" VPOS="292" WIDTH="110" HEIGHT="29" WC="0.92" CONTENT="förut-"/>
						</TextLine>
						<TextLine ID="line_3" HPOS="282" VPOS="340" WIDTH="1482" HEIGHT="43">
							<String ID="string_29" HPOS="282" VPOS="340" WIDTH="116" HEIGHT="34" WC="0.92" CONTENT="sättes,"/><SP WIDTH="29" VPOS="340" HPOS="398"/>
							<String ID="string_30" HPOS="427" VPOS="342" WIDTH="50" HEIGHT="27" WC="0.93" CONTENT="att"/><SP WIDTH="29" VPOS="342" HPOS="477"/>
							<String ID="string_31" HPOS="506" VPOS="340" WIDTH="352" HEIGHT="40" WC="0.91" CONTENT="ägarförhållandena"/><SP WIDTH="28" VPOS="340" HPOS="858"/>
							<String ID="string_32" HPOS="886" VPOS="342" WIDTH="11" HEIGHT="29" WC="0.95" CONTENT="i"/><SP WIDTH="27" VPOS="342" HPOS="897"/>
							<String ID="string_33" HPOS="924" VPOS="342" WIDTH="136" HEIGHT="39" WC="0.96" CONTENT="bolaget"/><SP WIDTH="29" VPOS="342" HPOS="1060"/>
							<String ID="string_34" HPOS="1089" VPOS="343" WIDTH="11" HEIGHT="29" WC="0.96" CONTENT="i"/><SP WIDTH="27" VPOS="343" HPOS="1100"/>
							<String ID="string_35" HPOS="1127" VPOS="343" WIDTH="56" HEIGHT="29" WC="0.96" CONTENT="det"/><SP WIDTH="28" VPOS="343" HPOS="1183"/>
							<String ID="string_36" HPOS="1211" VPOS="344" WIDTH="193" HEIGHT="39" WC="0.96" CONTENT="väsentliga"/><SP WIDTH="28" VPOS="344" HPOS="1404"/>
							<String ID="string_37" HPOS="1432" VPOS="345" WIDTH="38" HEIGHT="29" WC="0.96" CONTENT="är"/><SP WIDTH="29" VPOS="345" HPOS="1470"/>
							<String ID="string_38" HPOS="1499" VPOS="345" WIDTH="179" HEIGHT="29" WC="0.95" CONTENT="desamma"/><SP WIDTH="28" VPOS="345" HPOS="1678"/>
							<String ID="string_39" HPOS="1706" VPOS="345" WIDTH="58" HEIGHT="29" WC="0.94" CONTENT="vid"/>
						</TextLine>
						<TextLine ID="line_4" HPOS="281" VPOS="392" WIDTH="1481" HEIGHT="45">
							<String ID="string_40" HPOS="281" VPOS="392" WIDTH="283" HEIGHT="31" WC="0.89" CONTENT="förlusttillfället"/><SP WIDTH="17" VPOS="392" HPOS="564"/>
							<String ID="string_41" HPOS="581" VPOS="394" WIDTH="64" HEIGHT="29" WC="0.96" CONTENT="och"/><SP WIDTH="18" VPOS="394" HPOS="645"/>
							<String ID="string_42" HPOS="663" VPOS="394" WIDTH="43" HEIGHT="30" WC="0.96" CONTENT="då"/><SP WIDTH="18" VPOS="394" HPOS="706"/>
							<String ID="string_43" HPOS="724" VPOS="394" WIDTH="172" HEIGHT="30" WC="0.96" CONTENT="förlusten"/><SP WIDTH="19" VPOS="394" HPOS="896"/>
							<String ID="string_44" HPOS="915" VPOS="395" WIDTH="88" HEIGHT="30" WC="0.96" CONTENT="skall"/><SP WIDTH="19" VPOS="395" HPOS="1003"/>
							<String ID="string_45" HPOS="1022" VPOS="396" WIDTH="185" HEIGHT="39" WC="0.95" CONTENT="utnyttjas."/><SP WIDTH="18" VPOS="396" HPOS="1207"/>
							<String ID="string_46" HPOS="1225" VPOS="397" WIDTH="103" HEIGHT="29" WC="0.96" CONTENT="Detta"/><SP WIDTH="17" VPOS="397" HPOS="1328"/>
							<String ID="string_47" HPOS="1345" VPOS="397" WIDTH="87" HEIGHT="29" WC="0.96" CONTENT="krav"/><SP WIDTH="17" VPOS="397" HPOS="1432"/>
							<String ID="string_48" HPOS="1449" VPOS="398" WIDTH="38" HEIGHT="29" WC="0.96" CONTENT="är"/><SP WIDTH="18" VPOS="398" HPOS="1487"/>
							<String ID="string_49" HPOS="1505" VPOS="398" WIDTH="106" HEIGHT="39" WC="0.93" CONTENT="enligt"/><SP WIDTH="18" VPOS="398" HPOS="1611"/>
							<String ID="string_50" HPOS="1629" VPOS="398" WIDTH="133" HEIGHT="29" WC="0.92" CONTENT="förord-"/>
						</TextLine>
						<TextLine ID="line_5" HPOS="277" VPOS="445" WIDTH="1486" HEIGHT="45">
							<String ID="string_51" HPOS="277" VPOS="445" WIDTH="129" HEIGHT="39" WC="0.96" CONTENT="ningen"/><SP WIDTH="21" VPOS="445" HPOS="406"/>
							<String ID="string_52" HPOS="427" VPOS="446" WIDTH="156" HEIGHT="40" WC="0.96" CONTENT="uppfyllt"/><SP WIDTH="21" VPOS="446" HPOS="583"/>
							<String ID="string_53" HPOS="604" VPOS="455" WIDTH="57" HEIGHT="21" WC="0.96" CONTENT="om"/><SP WIDTH="23" VPOS="455" HPOS="661"/>
							<String ID="string_54" HPOS="684" VPOS="447" WIDTH="159" HEIGHT="30" WC="0.96" CONTENT="aktierna"/><SP WIDTH="25" VPOS="447" HPOS="843"/>
							<String ID="string_55" HPOS="868" VPOS="448" WIDTH="10" HEIGHT="29" WC="0.96" CONTENT="i"/><SP WIDTH="22" VPOS="448" HPOS="878"/>
							<String ID="string_56" HPOS="900" VPOS="448" WIDTH="136" HEIGHT="39" WC="0.96" CONTENT="bolaget"/><SP WIDTH="23" VPOS="448" HPOS="1036"/>
							<String ID="string_57" HPOS="1059" VPOS="449" WIDTH="82" HEIGHT="29" WC="0.96" CONTENT="eller"/><SP WIDTH="23" VPOS="449" HPOS="1141"/>
							<String ID="string_58" HPOS="1164" VPOS="449" WIDTH="191" HEIGHT="30" WC="0.95" CONTENT="andelarna"/><SP WIDTH="22" VPOS="449" HPOS="1355"/>
							<String ID="string_59" HPOS="1377" VPOS="450" WIDTH="12" HEIGHT="29" WC="0.95" CONTENT="i"/><SP WIDTH="22" VPOS="450" HPOS="1389"/>
							<String ID="string_60" HPOS="1411" VPOS="450" WIDTH="205" HEIGHT="40" WC="0.96" CONTENT="föreningen"/><SP WIDTH="24" VPOS="450" HPOS="1616"/>
							<String ID="string_61" HPOS="1640" VPOS="451" WIDTH="43" HEIGHT="29" WC="0.93" CONTENT="då"/><SP WIDTH="24" VPOS="451" HPOS="1683"/>
							<String ID="string_62" HPOS="1707" VPOS="461" WIDTH="56" HEIGHT="20" WC="0.92" CONTENT="av-"/>
						</TextLine>
						<TextLine ID="line_6" HPOS="278" VPOS="498" WIDTH="1486" HEIGHT="45">
							<String ID="string_63" HPOS="278" VPOS="498" WIDTH="120" HEIGHT="39" WC="0.93" CONTENT="draget"/><SP WIDTH="20" VPOS="498" HPOS="398"/>
							<String ID="string_64" HPOS="418" VPOS="499" WIDTH="107" HEIGHT="39" WC="0.91" CONTENT="yrkas"/><SP WIDTH="20" VPOS="499" HPOS="525"/>
							<String ID="string_65" HPOS="545" VPOS="517" WIDTH="44" HEIGHT="3" WC="0.91" CONTENT="—"/><SP WIDTH="20" VPOS="517" HPOS="589"/>
							<String ID="string_66" HPOS="609" VPOS="500" WIDTH="112" HEIGHT="29" WC="0.96" CONTENT="direkt"/><SP WIDTH="21" VPOS="500" HPOS="721"/>
							<String ID="string_67" HPOS="742" VPOS="500" WIDTH="83" HEIGHT="29" WC="0.96" CONTENT="eller"/><SP WIDTH="22" VPOS="500" HPOS="825"/>
							<String ID="string_68" HPOS="847" VPOS="501" WIDTH="151" HEIGHT="30" WC="0.93" CONTENT="indirekt"/><SP WIDTH="20" VPOS="501" HPOS="998"/>
							<String ID="string_69" HPOS="1018" VPOS="519" WIDTH="45" HEIGHT="4" WC="0.92" CONTENT="—"/><SP WIDTH="19" VPOS="519" HPOS="1063"/>
							<String ID="string_70" HPOS="1082" VPOS="502" WIDTH="72" HEIGHT="29" WC="0.96" CONTENT="helt"/><SP WIDTH="20" VPOS="502" HPOS="1154"/>
							<String ID="string_71" HPOS="1174" VPOS="502" WIDTH="82" HEIGHT="29" WC="0.96" CONTENT="eller"/><SP WIDTH="23" VPOS="502" HPOS="1256"/>
							<String ID="string_72" HPOS="1279" VPOS="503" WIDTH="38" HEIGHT="29" WC="0.96" CONTENT="så"/><SP WIDTH="20" VPOS="503" HPOS="1317"/>
							<String ID="string_73" HPOS="1337" VPOS="505" WIDTH="73" HEIGHT="37" WC="0.96" CONTENT="gott"/><SP WIDTH="21" VPOS="505" HPOS="1410"/>
							<String ID="string_74" HPOS="1431" VPOS="512" WIDTH="75" HEIGHT="21" WC="0.96" CONTENT="som"/><SP WIDTH="21" VPOS="512" HPOS="1506"/>
							<String ID="string_75" HPOS="1527" VPOS="504" WIDTH="71" HEIGHT="29" WC="0.93" CONTENT="helt"/><SP WIDTH="22" VPOS="504" HPOS="1598"/>
							<String ID="string_76" HPOS="1620" VPOS="505" WIDTH="79" HEIGHT="38" WC="0.92" CONTENT="äges"/><SP WIDTH="22" VPOS="505" HPOS="1699"/>
							<String ID="string_77" HPOS="1721" VPOS="513" WIDTH="43" HEIGHT="21" WC="0.95" CONTENT="av"/>
						</TextLine>
						<TextLine ID="line_7" HPOS="277" VPOS="553" WIDTH="1484" HEIGHT="43">
							<String ID="string_78" HPOS="277" VPOS="560" WIDTH="135" HEIGHT="21" WC="0.96" CONTENT="samma"/><SP WIDTH="18" VPOS="560" HPOS="412"/>
							<String ID="string_79" HPOS="430" VPOS="560" WIDTH="177" HEIGHT="31" WC="0.96" CONTENT="personer,"/><SP WIDTH="21" VPOS="560" HPOS="607"/>
							<String ID="string_80" HPOS="628" VPOS="562" WIDTH="74" HEIGHT="20" WC="0.96" CONTENT="som"/><SP WIDTH="20" VPOS="562" HPOS="702"/>
							<String ID="string_81" HPOS="722" VPOS="553" WIDTH="87" HEIGHT="39" WC="0.96" CONTENT="ägde"/><SP WIDTH="18" VPOS="553" HPOS="809"/>
							<String ID="string_82" HPOS="827" VPOS="554" WIDTH="159" HEIGHT="30" WC="0.96" CONTENT="aktierna"/><SP WIDTH="20" VPOS="554" HPOS="986"/>
							<String ID="string_83" HPOS="1006" VPOS="555" WIDTH="83" HEIGHT="29" WC="0.96" CONTENT="eller"/><SP WIDTH="19" VPOS="555" HPOS="1089"/>
							<String ID="string_84" HPOS="1108" VPOS="555" WIDTH="191" HEIGHT="30" WC="0.96" CONTENT="andelarna"/><SP WIDTH="19" VPOS="555" HPOS="1299"/>
							<String ID="string_85" HPOS="1318" VPOS="557" WIDTH="64" HEIGHT="29" WC="0.96" CONTENT="när"/><SP WIDTH="21" VPOS="557" HPOS="1382"/>
							<String ID="string_86" HPOS="1403" VPOS="556" WIDTH="171" HEIGHT="30" WC="0.96" CONTENT="förlusten"/><SP WIDTH="22" VPOS="556" HPOS="1574"/>
							<String ID="string_87" HPOS="1596" VPOS="557" WIDTH="165" HEIGHT="39" WC="0.95" CONTENT="uppkom,"/>
						</TextLine>
						<TextLine ID="line_8" HPOS="277" VPOS="604" WIDTH="1485" HEIGHT="45">
							<String ID="string_88" HPOS="277" VPOS="604" WIDTH="83" HEIGHT="29" WC="0.96" CONTENT="eller"/><SP WIDTH="19" VPOS="604" HPOS="360"/>
							<String ID="string_89" HPOS="379" VPOS="614" WIDTH="42" HEIGHT="20" WC="0.97" CONTENT="av"/><SP WIDTH="18" VPOS="614" HPOS="421"/>
							<String ID="string_90" HPOS="439" VPOS="605" WIDTH="116" HEIGHT="39" WC="0.96" CONTENT="någon"/><SP WIDTH="20" VPOS="605" HPOS="555"/>
							<String ID="string_91" HPOS="575" VPOS="606" WIDTH="81" HEIGHT="29" WC="0.96" CONTENT="eller"/><SP WIDTH="19" VPOS="606" HPOS="656"/>
							<String ID="string_92" HPOS="675" VPOS="606" WIDTH="109" HEIGHT="39" WC="0.96" CONTENT="några"/><SP WIDTH="20" VPOS="606" HPOS="784"/>
							<String ID="string_93" HPOS="804" VPOS="616" WIDTH="74" HEIGHT="20" WC="0.96" CONTENT="som"/><SP WIDTH="20" VPOS="616" HPOS="878"/>
							<String ID="string_94" HPOS="898" VPOS="607" WIDTH="44" HEIGHT="39" WC="0.96" CONTENT="på"/><SP WIDTH="20" VPOS="607" HPOS="942"/>
							<String ID="string_95" HPOS="962" VPOS="608" WIDTH="114" HEIGHT="39" WC="0.96" CONTENT="grund"/><SP WIDTH="19" VPOS="608" HPOS="1076"/>
							<String ID="string_96" HPOS="1095" VPOS="618" WIDTH="43" HEIGHT="20" WC="0.96" CONTENT="av"/><SP WIDTH="18" VPOS="618" HPOS="1138"/>
							<String ID="string_97" HPOS="1156" VPOS="617" WIDTH="69" HEIGHT="25" WC="0.96" CONTENT="arv,"/><SP WIDTH="21" VPOS="617" HPOS="1225"/>
							<String ID="string_98" HPOS="1246" VPOS="610" WIDTH="208" HEIGHT="29" WC="0.96" CONTENT="testamente"/><SP WIDTH="21" VPOS="610" HPOS="1454"/>
							<String ID="string_99" HPOS="1475" VPOS="610" WIDTH="82" HEIGHT="29" WC="0.96" CONTENT="eller"/><SP WIDTH="19" VPOS="610" HPOS="1557"/>
							<String ID="string_100" HPOS="1576" VPOS="610" WIDTH="186" HEIGHT="39" WC="0.96" CONTENT="bodelning"/>
						</TextLine>
						<TextLine ID="line_9" HPOS="275" VPOS="657" WIDTH="1485" HEIGHT="45">
							<String ID="string_101" HPOS="275" VPOS="657" WIDTH="86" HEIGHT="29" WC="0.96" CONTENT="trätt"/><SP WIDTH="29" VPOS="657" HPOS="361"/>
							<String ID="string_102" HPOS="390" VPOS="657" WIDTH="2" HEIGHT="29" WC="0.96" CONTENT="i"/><SP WIDTH="20" VPOS="657" HPOS="392"/>
							<String ID="string_103" HPOS="412" VPOS="658" WIDTH="156" HEIGHT="30" WC="0.96" CONTENT="nämnda"/><SP WIDTH="20" VPOS="658" HPOS="568"/>
							<String ID="string_104" HPOS="588" VPOS="668" WIDTH="183" HEIGHT="30" WC="0.96" CONTENT="personers"/><SP WIDTH="22" VPOS="668" HPOS="771"/>
							<String ID="string_105" HPOS="793" VPOS="660" WIDTH="109" HEIGHT="29" WC="0.91" CONTENT="ställe."/><SP WIDTH="22" VPOS="660" HPOS="902"/>
							<String ID="string_106" HPOS="924" VPOS="660" WIDTH="183" HEIGHT="31" WC="0.96" CONTENT="Liknande"/><SP WIDTH="21" VPOS="660" HPOS="1107"/>
							<String ID="string_107" HPOS="1128" VPOS="661" WIDTH="258" HEIGHT="40" WC="0.96" CONTENT="inskränkning"/><SP WIDTH="21" VPOS="661" HPOS="1386"/>
							<String ID="string_108" HPOS="1407" VPOS="663" WIDTH="106" HEIGHT="39" WC="0.96" CONTENT="gäller"/><SP WIDTH="22" VPOS="663" HPOS="1513"/>
							<String ID="string_109" HPOS="1535" VPOS="663" WIDTH="54" HEIGHT="30" WC="0.96" CONTENT="för"/><SP WIDTH="22" VPOS="663" HPOS="1589"/>
							<String ID="string_110" HPOS="1611" VPOS="663" WIDTH="56" HEIGHT="31" WC="0.96" CONTENT="det"/><SP WIDTH="22" VPOS="663" HPOS="1667"/>
							<String ID="string_111" HPOS="1689" VPOS="664" WIDTH="71" HEIGHT="34" WC="0.96" CONTENT="fall,"/>
						</TextLine>
						<TextLine ID="line_10" HPOS="276" VPOS="709" WIDTH="1485" HEIGHT="46">
							<String ID="string_112" HPOS="276" VPOS="709" WIDTH="45" HEIGHT="30" WC="0.96" CONTENT="då"/><SP WIDTH="14" VPOS="709" HPOS="321"/>
							<String ID="string_113" HPOS="335" VPOS="710" WIDTH="87" HEIGHT="29" WC="0.96" CONTENT="efter"/><SP WIDTH="15" VPOS="710" HPOS="422"/>
							<String ID="string_114" HPOS="437" VPOS="710" WIDTH="120" HEIGHT="30" WC="0.96" CONTENT="fusion"/><SP WIDTH="15" VPOS="710" HPOS="557"/>
							<String ID="string_115" HPOS="572" VPOS="712" WIDTH="222" HEIGHT="39" WC="0.96" CONTENT="moderbolag"/><SP WIDTH="15" VPOS="712" HPOS="794"/>
							<String ID="string_116" HPOS="809" VPOS="713" WIDTH="89" HEIGHT="29" WC="0.96" CONTENT="skall"/><SP WIDTH="16" VPOS="713" HPOS="898"/>
							<String ID="string_117" HPOS="914" VPOS="714" WIDTH="158" HEIGHT="39" WC="0.96" CONTENT="utnyttja"/><SP WIDTH="14" VPOS="714" HPOS="1072"/>
							<String ID="string_118" HPOS="1086" VPOS="714" WIDTH="136" HEIGHT="35" WC="0.96" CONTENT="förlust,"/><SP WIDTH="16" VPOS="714" HPOS="1222"/>
							<String ID="string_119" HPOS="1238" VPOS="724" WIDTH="75" HEIGHT="20" WC="0.96" CONTENT="som"/><SP WIDTH="16" VPOS="724" HPOS="1313"/>
							<String ID="string_120" HPOS="1329" VPOS="715" WIDTH="251" HEIGHT="40" WC="0.96" CONTENT="dotterbolaget"/><SP WIDTH="14" VPOS="715" HPOS="1580"/>
							<String ID="string_121" HPOS="1594" VPOS="716" WIDTH="77" HEIGHT="30" WC="0.96" CONTENT="haft"/><SP WIDTH="16" VPOS="716" HPOS="1671"/>
							<String ID="string_122" HPOS="1687" VPOS="717" WIDTH="74" HEIGHT="29" WC="0.96" CONTENT="före"/>
						</TextLine>
						<TextLine ID="line_11" HPOS="276" VPOS="762" WIDTH="173" HEIGHT="31">
							<String ID="string_123" HPOS="276" VPOS="762" WIDTH="173" HEIGHT="31" WC="0.96" CONTENT="fusionen."/>
						</TextLine>
					</TextBlock>
				</ComposedBlock>
				<ComposedBlock ID="cblock_2" HPOS="275" VPOS="864" WIDTH="217" HEIGHT="31">
					<TextBlock ID="block_2" HPOS="275" VPOS="864" WIDTH="217" HEIGHT="31">
						<TextLine ID="line_12" HPOS="275" VPOS="864" WIDTH="217" HEIGHT="31">
							<String ID="string_124" HPOS="275" VPOS="864" WIDTH="217" HEIGHT="31" WC="0.95" CONTENT="Motionerna"/>
						</TextLine>
					</TextBlock>
				</ComposedBlock>
				<ComposedBlock ID="cblock_3" HPOS="270" VPOS="925" WIDTH="1492" HEIGHT="736">
					<TextBlock ID="block_3" HPOS="270" VPOS="925" WIDTH="1492" HEIGHT="736">
						<TextLine ID="line_13" HPOS="321" VPOS="925" WIDTH="1441" HEIGHT="47">
							<String ID="string_125" HPOS="321" VPOS="925" WIDTH="13" HEIGHT="29" WC="0.96" CONTENT="I"/><SP WIDTH="25" VPOS="925" HPOS="334"/>
							<String ID="string_126" HPOS="359" VPOS="926" WIDTH="220" HEIGHT="31" WC="0.93" CONTENT="motionerna"/><SP WIDTH="25" VPOS="926" HPOS="579"/>
							<String ID="string_127" HPOS="604" VPOS="928" WIDTH="64" HEIGHT="30" WC="0.55" CONTENT="1I:8"/><SP WIDTH="25" VPOS="928" HPOS="668"/>
							<String ID="string_128" HPOS="693" VPOS="928" WIDTH="65" HEIGHT="30" WC="0.93" CONTENT="och"/><SP WIDTH="25" VPOS="928" HPOS="758"/>
							<String ID="string_129" HPOS="783" VPOS="929" WIDTH="103" HEIGHT="30" WC="0.89" CONTENT="II:16"/><SP WIDTH="25" VPOS="929" HPOS="886"/>
							<String ID="string_130" HPOS="911" VPOS="929" WIDTH="214" HEIGHT="31" WC="0.96" CONTENT="framställes"/><SP WIDTH="25" VPOS="929" HPOS="1125"/>
							<String ID="string_131" HPOS="1150" VPOS="931" WIDTH="157" HEIGHT="40" WC="0.96" CONTENT="yrkande"/><SP WIDTH="26" VPOS="931" HPOS="1307"/>
							<String ID="string_132" HPOS="1333" VPOS="941" WIDTH="58" HEIGHT="21" WC="0.96" CONTENT="om"/><SP WIDTH="25" VPOS="941" HPOS="1391"/>
							<String ID="string_133" HPOS="1416" VPOS="932" WIDTH="94" HEIGHT="30" WC="0.96" CONTENT="vissa"/><SP WIDTH="26" VPOS="932" HPOS="1510"/>
							<String ID="string_134" HPOS="1536" VPOS="933" WIDTH="188" HEIGHT="39" WC="0.96" CONTENT="ändringar"/><SP WIDTH="26" VPOS="933" HPOS="1724"/>
							<String ID="string_135" HPOS="1750" VPOS="933" WIDTH="12" HEIGHT="30" WC="0.96" CONTENT="i"/>
						</TextLine>
						<TextLine ID="line_14" HPOS="275" VPOS="978" WIDTH="1486" HEIGHT="47">
							<String ID="string_136" HPOS="275" VPOS="978" WIDTH="253" HEIGHT="40" WC="0.96" CONTENT="förordningen"/><SP WIDTH="17" VPOS="978" HPOS="528"/>
							<String ID="string_137" HPOS="545" VPOS="989" WIDTH="57" HEIGHT="21" WC="0.96" CONTENT="om"/><SP WIDTH="17" VPOS="989" HPOS="602"/>
							<String ID="string_138" HPOS="619" VPOS="981" WIDTH="69" HEIGHT="29" WC="0.96" CONTENT="rätt"/><SP WIDTH="17" VPOS="981" HPOS="688"/>
							<String ID="string_139" HPOS="705" VPOS="981" WIDTH="52" HEIGHT="29" WC="0.93" CONTENT="till"/><SP WIDTH="19" VPOS="981" HPOS="757"/>
							<String ID="string_140" HPOS="776" VPOS="981" WIDTH="331" HEIGHT="42" WC="0.91" CONTENT="förlustutjämning"/><SP WIDTH="17" VPOS="981" HPOS="1107"/>
							<String ID="string_141" HPOS="1124" VPOS="984" WIDTH="57" HEIGHT="30" WC="0.96" CONTENT="vid"/><SP WIDTH="18" VPOS="984" HPOS="1181"/>
							<String ID="string_142" HPOS="1199" VPOS="984" WIDTH="157" HEIGHT="40" WC="0.96" CONTENT="taxering"/><SP WIDTH="17" VPOS="984" HPOS="1356"/>
							<String ID="string_143" HPOS="1373" VPOS="985" WIDTH="55" HEIGHT="30" WC="0.96" CONTENT="för"/><SP WIDTH="18" VPOS="985" HPOS="1428"/>
							<String ID="string_144" HPOS="1446" VPOS="986" WIDTH="165" HEIGHT="31" WC="0.96" CONTENT="inkomst."/><SP WIDTH="20" VPOS="986" HPOS="1611"/>
							<String ID="string_145" HPOS="1631" VPOS="986" WIDTH="12" HEIGHT="29" WC="0.96" CONTENT="I"/><SP WIDTH="19" VPOS="986" HPOS="1643"/>
							<String ID="string_146" HPOS="1662" VPOS="986" WIDTH="99" HEIGHT="39" WC="0.96" CONTENT="fråga"/>
						</TextLine>
						<TextLine ID="line_15" HPOS="273" VPOS="1032" WIDTH="1487" HEIGHT="43">
							<String ID="string_147" HPOS="273" VPOS="1040" WIDTH="60" HEIGHT="20" WC="0.96" CONTENT="om"/><SP WIDTH="19" VPOS="1040" HPOS="333"/>
							<String ID="string_148" HPOS="352" VPOS="1032" WIDTH="69" HEIGHT="29" WC="0.96" CONTENT="rätt"/><SP WIDTH="22" VPOS="1032" HPOS="421"/>
							<String ID="string_149" HPOS="443" VPOS="1034" WIDTH="51" HEIGHT="28" WC="0.97" CONTENT="att"/><SP WIDTH="23" VPOS="1034" HPOS="494"/>
							<String ID="string_150" HPOS="517" VPOS="1034" WIDTH="156" HEIGHT="39" WC="0.95" CONTENT="utnyttja"/><SP WIDTH="21" VPOS="1034" HPOS="673"/>
							<String ID="string_151" HPOS="694" VPOS="1034" WIDTH="129" HEIGHT="31" WC="0.96" CONTENT="förlust"/><SP WIDTH="21" VPOS="1034" HPOS="823"/>
							<String ID="string_152" HPOS="844" VPOS="1035" WIDTH="11" HEIGHT="29" WC="0.93" CONTENT="i"/><SP WIDTH="22" VPOS="1035" HPOS="855"/>
							<String ID="string_153" HPOS="877" VPOS="1035" WIDTH="240" HEIGHT="40" WC="0.92" CONTENT="familjebolag"/><SP WIDTH="21" VPOS="1035" HPOS="1117"/>
							<String ID="string_154" HPOS="1138" VPOS="1037" WIDTH="204" HEIGHT="30" WC="0.95" CONTENT="framhåller"/><SP WIDTH="22" VPOS="1037" HPOS="1342"/>
							<String ID="string_155" HPOS="1364" VPOS="1038" WIDTH="261" HEIGHT="30" WC="0.96" CONTENT="motionärerna"/><SP WIDTH="21" VPOS="1038" HPOS="1625"/>
							<String ID="string_156" HPOS="1646" VPOS="1041" WIDTH="50" HEIGHT="28" WC="0.95" CONTENT="att"/><SP WIDTH="23" VPOS="1041" HPOS="1696"/>
							<String ID="string_157" HPOS="1719" VPOS="1040" WIDTH="41" HEIGHT="29" WC="0.96" CONTENT="de"/>
						</TextLine>
						<TextLine ID="line_16" HPOS="275" VPOS="1084" WIDTH="1485" HEIGHT="45">
							<String ID="string_158" HPOS="275" VPOS="1093" WIDTH="83" HEIGHT="30" WC="0.96" CONTENT="nyss"/><SP WIDTH="23" VPOS="1093" HPOS="358"/>
							<String ID="string_159" HPOS="381" VPOS="1084" WIDTH="180" HEIGHT="40" WC="0.96" CONTENT="återgivna"/><SP WIDTH="22" VPOS="1084" HPOS="561"/>
							<String ID="string_160" HPOS="583" VPOS="1087" WIDTH="309" HEIGHT="31" WC="0.96" CONTENT="bestämmelserna"/><SP WIDTH="22" VPOS="1087" HPOS="892"/>
							<String ID="string_161" HPOS="914" VPOS="1088" WIDTH="70" HEIGHT="30" WC="0.96" CONTENT="kan"/><SP WIDTH="24" VPOS="1088" HPOS="984"/>
							<String ID="string_162" HPOS="1008" VPOS="1089" WIDTH="78" HEIGHT="30" WC="0.95" CONTENT="leda"/><SP WIDTH="23" VPOS="1089" HPOS="1086"/>
							<String ID="string_163" HPOS="1109" VPOS="1090" WIDTH="51" HEIGHT="29" WC="0.93" CONTENT="till"/><SP WIDTH="23" VPOS="1090" HPOS="1160"/>
							<String ID="string_164" HPOS="1183" VPOS="1090" WIDTH="140" HEIGHT="39" WC="0.91" CONTENT="obilliga"/><SP WIDTH="23" VPOS="1090" HPOS="1323"/>
							<String ID="string_165" HPOS="1346" VPOS="1091" WIDTH="157" HEIGHT="30" WC="0.96" CONTENT="resultat."/><SP WIDTH="24" VPOS="1091" HPOS="1503"/>
							<String ID="string_166" HPOS="1527" VPOS="1092" WIDTH="13" HEIGHT="28" WC="0.96" CONTENT="I"/><SP WIDTH="24" VPOS="1092" HPOS="1540"/>
							<String ID="string_167" HPOS="1564" VPOS="1094" WIDTH="47" HEIGHT="27" WC="0.96" CONTENT="ett"/><SP WIDTH="24" VPOS="1094" HPOS="1611"/>
							<String ID="string_168" HPOS="1635" VPOS="1092" WIDTH="125" HEIGHT="30" WC="0.96" CONTENT="sådant"/>
						</TextLine>
						<TextLine ID="line_17" HPOS="275" VPOS="1136" WIDTH="1484" HEIGHT="48">
							<String ID="string_169" HPOS="275" VPOS="1136" WIDTH="62" HEIGHT="30" WC="0.96" CONTENT="fall"/><SP WIDTH="21" VPOS="1136" HPOS="337"/>
							<String ID="string_170" HPOS="358" VPOS="1137" WIDTH="43" HEIGHT="30" WC="0.91" CONTENT="då"/><SP WIDTH="19" VPOS="1137" HPOS="401"/>
							<String ID="string_171" HPOS="420" VPOS="1140" WIDTH="23" HEIGHT="27" WC="0.91" CONTENT="t."/><SP WIDTH="13" VPOS="1140" HPOS="443"/>
							<String ID="string_172" HPOS="456" VPOS="1147" WIDTH="51" HEIGHT="21" WC="0.95" CONTENT="ex."/><SP WIDTH="22" VPOS="1147" HPOS="507"/>
							<String ID="string_173" HPOS="529" VPOS="1139" WIDTH="93" HEIGHT="30" WC="0.96" CONTENT="änka"/><SP WIDTH="19" VPOS="1139" HPOS="622"/>
							<String ID="string_174" HPOS="641" VPOS="1139" WIDTH="64" HEIGHT="30" WC="0.96" CONTENT="och"/><SP WIDTH="20" VPOS="1139" HPOS="705"/>
							<String ID="string_175" HPOS="725" VPOS="1140" WIDTH="88" HEIGHT="29" WC="0.95" CONTENT="barn"/><SP WIDTH="20" VPOS="1140" HPOS="813"/>
							<String ID="string_176" HPOS="833" VPOS="1141" WIDTH="87" HEIGHT="29" WC="0.95" CONTENT="efter"/><SP WIDTH="20" VPOS="1141" HPOS="920"/>
							<String ID="string_177" HPOS="940" VPOS="1151" WIDTH="43" HEIGHT="20" WC="0.93" CONTENT="en"/><SP WIDTH="20" VPOS="1151" HPOS="983"/>
							<String ID="string_178" HPOS="1003" VPOS="1142" WIDTH="298" HEIGHT="40" WC="0.91" CONTENT="hälftendelägare"/><SP WIDTH="22" VPOS="1142" HPOS="1301"/>
							<String ID="string_179" HPOS="1323" VPOS="1144" WIDTH="11" HEIGHT="29" WC="0.95" CONTENT="i"/><SP WIDTH="19" VPOS="1144" HPOS="1334"/>
							<String ID="string_180" HPOS="1353" VPOS="1146" WIDTH="48" HEIGHT="27" WC="0.93" CONTENT="ett"/><SP WIDTH="21" VPOS="1146" HPOS="1401"/>
							<String ID="string_181" HPOS="1422" VPOS="1144" WIDTH="239" HEIGHT="40" WC="0.91" CONTENT="familjebolag"/><SP WIDTH="21" VPOS="1144" HPOS="1661"/>
							<String ID="string_182" HPOS="1682" VPOS="1145" WIDTH="77" HEIGHT="30" WC="0.92" CONTENT="sak-"/>
						</TextLine>
						<TextLine ID="line_18" HPOS="274" VPOS="1190" WIDTH="1485" HEIGHT="41">
							<String ID="string_183" HPOS="274" VPOS="1198" WIDTH="64" HEIGHT="21" WC="0.96" CONTENT="nar"/><SP WIDTH="21" VPOS="1198" HPOS="338"/>
							<String ID="string_184" HPOS="359" VPOS="1190" WIDTH="230" HEIGHT="31" WC="0.96" CONTENT="ekonomiska"/><SP WIDTH="21" VPOS="1190" HPOS="589"/>
							<String ID="string_185" HPOS="610" VPOS="1192" WIDTH="221" HEIGHT="39" WC="0.96" CONTENT="möjligheter"/><SP WIDTH="21" VPOS="1192" HPOS="831"/>
							<String ID="string_186" HPOS="852" VPOS="1196" WIDTH="50" HEIGHT="27" WC="0.96" CONTENT="att"/><SP WIDTH="20" VPOS="1196" HPOS="902"/>
							<String ID="string_187" HPOS="922" VPOS="1194" WIDTH="139" HEIGHT="31" WC="0.96" CONTENT="behålla"/><SP WIDTH="20" VPOS="1194" HPOS="1061"/>
							<String ID="string_188" HPOS="1081" VPOS="1195" WIDTH="159" HEIGHT="32" WC="0.96" CONTENT="aktierna"/><SP WIDTH="21" VPOS="1195" HPOS="1240"/>
							<String ID="string_189" HPOS="1261" VPOS="1197" WIDTH="66" HEIGHT="29" WC="0.96" CONTENT="och"/><SP WIDTH="21" VPOS="1197" HPOS="1327"/>
							<String ID="string_190" HPOS="1348" VPOS="1197" WIDTH="120" HEIGHT="30" WC="0.96" CONTENT="därför"/><SP WIDTH="22" VPOS="1197" HPOS="1468"/>
							<String ID="string_191" HPOS="1490" VPOS="1198" WIDTH="168" HEIGHT="29" WC="0.96" CONTENT="överlåter"/><SP WIDTH="22" VPOS="1198" HPOS="1658"/>
							<String ID="string_192" HPOS="1680" VPOS="1199" WIDTH="79" HEIGHT="29" WC="0.96" CONTENT="dem"/>
						</TextLine>
						<TextLine ID="line_19" HPOS="274" VPOS="1242" WIDTH="1485" HEIGHT="48">
							<String ID="string_193" HPOS="274" VPOS="1242" WIDTH="53" HEIGHT="29" WC="0.96" CONTENT="till"/><SP WIDTH="22" VPOS="1242" HPOS="327"/>
							<String ID="string_194" HPOS="349" VPOS="1243" WIDTH="66" HEIGHT="29" WC="0.96" CONTENT="den"/><SP WIDTH="22" VPOS="1243" HPOS="415"/>
							<String ID="string_195" HPOS="437" VPOS="1244" WIDTH="109" HEIGHT="29" WC="0.93" CONTENT="andre"/><SP WIDTH="22" VPOS="1244" HPOS="546"/>
							<String ID="string_196" HPOS="568" VPOS="1244" WIDTH="332" HEIGHT="41" WC="0.92" CONTENT="hälftendelägaren,"/><SP WIDTH="25" VPOS="1244" HPOS="900"/>
							<String ID="string_197" HPOS="925" VPOS="1247" WIDTH="159" HEIGHT="30" WC="0.96" CONTENT="kommer"/><SP WIDTH="22" VPOS="1247" HPOS="1084"/>
							<String ID="string_198" HPOS="1106" VPOS="1249" WIDTH="111" HEIGHT="29" WC="0.96" CONTENT="denne"/><SP WIDTH="23" VPOS="1249" HPOS="1217"/>
							<String ID="string_199" HPOS="1240" VPOS="1249" WIDTH="106" HEIGHT="40" WC="0.96" CONTENT="enligt"/><SP WIDTH="24" VPOS="1249" HPOS="1346"/>
							<String ID="string_200" HPOS="1370" VPOS="1250" WIDTH="41" HEIGHT="30" WC="0.96" CONTENT="de"/><SP WIDTH="23" VPOS="1250" HPOS="1411"/>
							<String ID="string_201" HPOS="1434" VPOS="1259" WIDTH="47" HEIGHT="21" WC="0.96" CONTENT="nu"/><SP WIDTH="24" VPOS="1259" HPOS="1481"/>
							<String ID="string_202" HPOS="1505" VPOS="1251" WIDTH="159" HEIGHT="39" WC="0.93" CONTENT="gällande"/><SP WIDTH="22" VPOS="1251" HPOS="1664"/>
							<String ID="string_203" HPOS="1686" VPOS="1259" WIDTH="73" HEIGHT="31" WC="0.91" CONTENT="reg-"/>
						</TextLine>
						<TextLine ID="line_20" HPOS="274" VPOS="1297" WIDTH="1486" HEIGHT="46">
							<String ID="string_204" HPOS="274" VPOS="1297" WIDTH="97" HEIGHT="30" WC="0.96" CONTENT="lerna"/><SP WIDTH="19" VPOS="1297" HPOS="371"/>
							<String ID="string_205" HPOS="390" VPOS="1300" WIDTH="49" HEIGHT="27" WC="0.96" CONTENT="att"/><SP WIDTH="19" VPOS="1300" HPOS="439"/>
							<String ID="string_206" HPOS="458" VPOS="1298" WIDTH="73" HEIGHT="30" WC="0.96" CONTENT="helt"/><SP WIDTH="20" VPOS="1298" HPOS="531"/>
							<String ID="string_207" HPOS="551" VPOS="1299" WIDTH="129" HEIGHT="30" WC="0.96" CONTENT="förlora"/><SP WIDTH="20" VPOS="1299" HPOS="680"/>
							<String ID="string_208" HPOS="700" VPOS="1300" WIDTH="53" HEIGHT="29" WC="0.96" CONTENT="sin"/><SP WIDTH="19" VPOS="1300" HPOS="753"/>
							<String ID="string_209" HPOS="772" VPOS="1301" WIDTH="71" HEIGHT="29" WC="0.96" CONTENT="rätt"/><SP WIDTH="18" VPOS="1301" HPOS="843"/>
							<String ID="string_210" HPOS="861" VPOS="1300" WIDTH="52" HEIGHT="30" WC="0.96" CONTENT="till"/><SP WIDTH="19" VPOS="1300" HPOS="913"/>
							<String ID="string_211" HPOS="932" VPOS="1301" WIDTH="131" HEIGHT="39" WC="0.96" CONTENT="avdrag"/><SP WIDTH="20" VPOS="1301" HPOS="1063"/>
							<String ID="string_212" HPOS="1083" VPOS="1301" WIDTH="53" HEIGHT="30" WC="0.96" CONTENT="för"/><SP WIDTH="20" VPOS="1301" HPOS="1136"/>
							<String ID="string_213" HPOS="1156" VPOS="1302" WIDTH="136" HEIGHT="35" WC="0.96" CONTENT="förlust,"/><SP WIDTH="21" VPOS="1302" HPOS="1292"/>
							<String ID="string_214" HPOS="1313" VPOS="1312" WIDTH="75" HEIGHT="21" WC="0.93" CONTENT="som"/><SP WIDTH="20" VPOS="1312" HPOS="1388"/>
							<String ID="string_215" HPOS="1408" VPOS="1304" WIDTH="223" HEIGHT="39" WC="0.96" CONTENT="uppkommit"/><SP WIDTH="19" VPOS="1304" HPOS="1631"/>
							<String ID="string_216" HPOS="1650" VPOS="1304" WIDTH="110" HEIGHT="30" WC="0.96" CONTENT="innan"/>
						</TextLine>
						<TextLine ID="line_21" HPOS="272" VPOS="1349" WIDTH="1487" HEIGHT="41">
							<String ID="string_217" HPOS="272" VPOS="1349" WIDTH="72" HEIGHT="30" WC="0.96" CONTENT="han"/><SP WIDTH="21" VPOS="1349" HPOS="344"/>
							<String ID="string_218" HPOS="365" VPOS="1351" WIDTH="141" HEIGHT="39" WC="0.96" CONTENT="övertog"/><SP WIDTH="21" VPOS="1351" HPOS="506"/>
							<String ID="string_219" HPOS="527" VPOS="1352" WIDTH="42" HEIGHT="29" WC="0.96" CONTENT="de"/><SP WIDTH="22" VPOS="1352" HPOS="569"/>
							<String ID="string_220" HPOS="591" VPOS="1352" WIDTH="252" HEIGHT="31" WC="0.96" CONTENT="efterlevandes"/><SP WIDTH="22" VPOS="1352" HPOS="843"/>
							<String ID="string_221" HPOS="865" VPOS="1353" WIDTH="122" HEIGHT="31" WC="0.96" CONTENT="aktier."/><SP WIDTH="23" VPOS="1353" HPOS="987"/>
							<String ID="string_222" HPOS="1010" VPOS="1354" WIDTH="260" HEIGHT="31" WC="0.96" CONTENT="Motionärerna"/><SP WIDTH="22" VPOS="1354" HPOS="1270"/>
							<String ID="string_223" HPOS="1292" VPOS="1355" WIDTH="161" HEIGHT="32" WC="0.96" CONTENT="förordar"/><SP WIDTH="22" VPOS="1355" HPOS="1453"/>
							<String ID="string_224" HPOS="1475" VPOS="1357" WIDTH="120" HEIGHT="29" WC="0.96" CONTENT="därför"/><SP WIDTH="22" VPOS="1357" HPOS="1595"/>
							<String ID="string_225" HPOS="1617" VPOS="1359" WIDTH="49" HEIGHT="28" WC="0.96" CONTENT="att"/><SP WIDTH="23" VPOS="1359" HPOS="1666"/>
							<String ID="string_226" HPOS="1689" VPOS="1358" WIDTH="70" HEIGHT="29" WC="0.96" CONTENT="rätt"/>
						</TextLine>
						<TextLine ID="line_22" HPOS="272" VPOS="1402" WIDTH="1487" HEIGHT="47">
							<String ID="string_227" HPOS="272" VPOS="1402" WIDTH="53" HEIGHT="30" WC="0.93" CONTENT="till"/><SP WIDTH="19" VPOS="1402" HPOS="325"/>
							<String ID="string_228" HPOS="344" VPOS="1403" WIDTH="331" HEIGHT="41" WC="0.92" CONTENT="förlustutjämning"/><SP WIDTH="17" VPOS="1403" HPOS="675"/>
							<String ID="string_229" HPOS="692" VPOS="1405" WIDTH="89" HEIGHT="30" WC="0.96" CONTENT="skall"/><SP WIDTH="18" VPOS="1405" HPOS="781"/>
							<String ID="string_230" HPOS="799" VPOS="1406" WIDTH="150" HEIGHT="35" WC="0.96" CONTENT="kvarstå,"/><SP WIDTH="18" VPOS="1406" HPOS="949"/>
							<String ID="string_231" HPOS="967" VPOS="1416" WIDTH="60" HEIGHT="21" WC="0.96" CONTENT="om"/><SP WIDTH="16" VPOS="1416" HPOS="1027"/>
							<String ID="string_232" HPOS="1043" VPOS="1408" WIDTH="68" HEIGHT="29" WC="0.96" CONTENT="den"/><SP WIDTH="17" VPOS="1408" HPOS="1111"/>
							<String ID="string_233" HPOS="1128" VPOS="1417" WIDTH="75" HEIGHT="20" WC="0.96" CONTENT="som"/><SP WIDTH="18" VPOS="1417" HPOS="1203"/>
							<String ID="string_234" HPOS="1221" VPOS="1409" WIDTH="168" HEIGHT="38" WC="0.96" CONTENT="övertagit"/><SP WIDTH="17" VPOS="1409" HPOS="1389"/>
							<String ID="string_235" HPOS="1406" VPOS="1409" WIDTH="161" HEIGHT="31" WC="0.95" CONTENT="aktierna"/><SP WIDTH="17" VPOS="1409" HPOS="1567"/>
							<String ID="string_236" HPOS="1584" VPOS="1410" WIDTH="44" HEIGHT="39" WC="0.96" CONTENT="på"/><SP WIDTH="17" VPOS="1410" HPOS="1628"/>
							<String ID="string_237" HPOS="1645" VPOS="1411" WIDTH="114" HEIGHT="38" WC="0.95" CONTENT="grund"/>
						</TextLine>
						<TextLine ID="line_23" HPOS="272" VPOS="1458" WIDTH="1486" HEIGHT="44">
							<String ID="string_238" HPOS="272" VPOS="1464" WIDTH="44" HEIGHT="20" WC="0.96" CONTENT="av"/><SP WIDTH="14" VPOS="1464" HPOS="316"/>
							<String ID="string_239" HPOS="330" VPOS="1465" WIDTH="69" HEIGHT="25" WC="0.96" CONTENT="arv,"/><SP WIDTH="16" VPOS="1465" HPOS="399"/>
							<String ID="string_240" HPOS="415" VPOS="1458" WIDTH="209" HEIGHT="29" WC="0.95" CONTENT="testamente"/><SP WIDTH="15" VPOS="1458" HPOS="624"/>
							<String ID="string_241" HPOS="639" VPOS="1458" WIDTH="82" HEIGHT="29" WC="0.96" CONTENT="eller"/><SP WIDTH="15" VPOS="1458" HPOS="721"/>
							<String ID="string_242" HPOS="736" VPOS="1458" WIDTH="187" HEIGHT="40" WC="0.96" CONTENT="bodelning"/><SP WIDTH="15" VPOS="1458" HPOS="923"/>
							<String ID="string_243" HPOS="938" VPOS="1460" WIDTH="170" HEIGHT="30" WC="0.96" CONTENT="överlåter"/><SP WIDTH="17" VPOS="1460" HPOS="1108"/>
							<String ID="string_244" HPOS="1125" VPOS="1461" WIDTH="101" HEIGHT="30" WC="0.96" CONTENT="dessa"/><SP WIDTH="13" VPOS="1461" HPOS="1226"/>
							<String ID="string_245" HPOS="1239" VPOS="1461" WIDTH="53" HEIGHT="30" WC="0.96" CONTENT="till"/><SP WIDTH="15" VPOS="1461" HPOS="1292"/>
							<String ID="string_246" HPOS="1307" VPOS="1461" WIDTH="147" HEIGHT="40" WC="0.95" CONTENT="tidigare"/><SP WIDTH="17" VPOS="1461" HPOS="1454"/>
							<String ID="string_247" HPOS="1471" VPOS="1463" WIDTH="102" HEIGHT="39" WC="0.96" CONTENT="ägare"/><SP WIDTH="16" VPOS="1463" HPOS="1573"/>
							<String ID="string_248" HPOS="1589" VPOS="1473" WIDTH="42" HEIGHT="20" WC="0.96" CONTENT="av"/><SP WIDTH="15" VPOS="1473" HPOS="1631"/>
							<String ID="string_249" HPOS="1646" VPOS="1463" WIDTH="112" HEIGHT="30" WC="0.96" CONTENT="aktier"/>
						</TextLine>
						<TextLine ID="line_24" HPOS="272" VPOS="1508" WIDTH="1485" HEIGHT="40">
							<String ID="string_250" HPOS="272" VPOS="1508" WIDTH="12" HEIGHT="29" WC="0.96" CONTENT="i"/><SP WIDTH="18" VPOS="1508" HPOS="284"/>
							<String ID="string_251" HPOS="302" VPOS="1508" WIDTH="179" HEIGHT="40" WC="0.96" CONTENT="företaget."/><SP WIDTH="20" VPOS="1508" HPOS="481"/>
							<String ID="string_252" HPOS="501" VPOS="1510" WIDTH="126" HEIGHT="30" WC="0.96" CONTENT="Vidare"/><SP WIDTH="20" VPOS="1510" HPOS="627"/>
							<String ID="string_253" HPOS="647" VPOS="1510" WIDTH="204" HEIGHT="31" WC="0.96" CONTENT="framhåller"/><SP WIDTH="18" VPOS="1510" HPOS="851"/>
							<String ID="string_254" HPOS="869" VPOS="1512" WIDTH="261" HEIGHT="31" WC="0.96" CONTENT="motionärerna"/><SP WIDTH="18" VPOS="1512" HPOS="1130"/>
							<String ID="string_255" HPOS="1148" VPOS="1516" WIDTH="50" HEIGHT="27" WC="0.96" CONTENT="att"/><SP WIDTH="19" VPOS="1516" HPOS="1198"/>
							<String ID="string_256" HPOS="1217" VPOS="1523" WIDTH="75" HEIGHT="21" WC="0.96" CONTENT="som"/><SP WIDTH="19" VPOS="1523" HPOS="1292"/>
							<String ID="string_257" HPOS="1311" VPOS="1514" WIDTH="126" HEIGHT="30" WC="0.96" CONTENT="villkor"/><SP WIDTH="18" VPOS="1514" HPOS="1437"/>
							<String ID="string_258" HPOS="1455" VPOS="1515" WIDTH="55" HEIGHT="31" WC="0.96" CONTENT="för"/><SP WIDTH="18" VPOS="1515" HPOS="1510"/>
							<String ID="string_259" HPOS="1528" VPOS="1516" WIDTH="70" HEIGHT="29" WC="0.96" CONTENT="rätt"/><SP WIDTH="18" VPOS="1516" HPOS="1598"/>
							<String ID="string_260" HPOS="1616" VPOS="1516" WIDTH="53" HEIGHT="30" WC="0.93" CONTENT="till"/><SP WIDTH="20" VPOS="1516" HPOS="1669"/>
							<String ID="string_261" HPOS="1689" VPOS="1516" WIDTH="68" HEIGHT="30" WC="0.92" CONTENT="för-"/>
						</TextLine>
						<TextLine ID="line_25" HPOS="270" VPOS="1561" WIDTH="1488" HEIGHT="46">
							<String ID="string_262" HPOS="270" VPOS="1561" WIDTH="276" HEIGHT="41" WC="0.90" CONTENT="lustutjämning"/><SP WIDTH="21" VPOS="1561" HPOS="546"/>
							<String ID="string_263" HPOS="567" VPOS="1563" WIDTH="61" HEIGHT="29" WC="0.96" CONTENT="bör"/><SP WIDTH="22" VPOS="1563" HPOS="628"/>
							<String ID="string_264" HPOS="650" VPOS="1564" WIDTH="89" HEIGHT="39" WC="0.96" CONTENT="gälla"/><SP WIDTH="22" VPOS="1564" HPOS="739"/>
							<String ID="string_265" HPOS="761" VPOS="1566" WIDTH="50" HEIGHT="28" WC="0.93" CONTENT="att"/><SP WIDTH="22" VPOS="1566" HPOS="811"/>
							<String ID="string_266" HPOS="833" VPOS="1565" WIDTH="438" HEIGHT="41" WC="0.91" CONTENT="deklarationsskyldighet"/><SP WIDTH="22" VPOS="1565" HPOS="1271"/>
							<String ID="string_267" HPOS="1293" VPOS="1567" WIDTH="167" HEIGHT="40" WC="0.96" CONTENT="förelegat"/><SP WIDTH="22" VPOS="1567" HPOS="1460"/>
							<String ID="string_268" HPOS="1482" VPOS="1569" WIDTH="112" HEIGHT="29" WC="0.93" CONTENT="under"/><SP WIDTH="23" VPOS="1569" HPOS="1594"/>
							<String ID="string_269" HPOS="1617" VPOS="1568" WIDTH="141" HEIGHT="31" WC="0.92" CONTENT="förlust-"/>
						</TextLine>
						<TextLine ID="line_26" HPOS="270" VPOS="1613" WIDTH="1393" HEIGHT="48">
							<String ID="string_270" HPOS="270" VPOS="1613" WIDTH="75" HEIGHT="30" WC="0.96" CONTENT="året"/><SP WIDTH="20" VPOS="1613" HPOS="345"/>
							<String ID="string_271" HPOS="365" VPOS="1614" WIDTH="82" HEIGHT="30" WC="0.96" CONTENT="eller"/><SP WIDTH="19" VPOS="1614" HPOS="447"/>
							<String ID="string_272" HPOS="466" VPOS="1616" WIDTH="113" HEIGHT="29" WC="0.96" CONTENT="under"/><SP WIDTH="20" VPOS="1616" HPOS="579"/>
							<String ID="string_273" HPOS="599" VPOS="1616" WIDTH="103" HEIGHT="39" WC="0.96" CONTENT="något"/><SP WIDTH="19" VPOS="1616" HPOS="702"/>
							<String ID="string_274" HPOS="721" VPOS="1626" WIDTH="43" HEIGHT="20" WC="0.96" CONTENT="av"/><SP WIDTH="19" VPOS="1626" HPOS="764"/>
							<String ID="string_275" HPOS="783" VPOS="1617" WIDTH="42" HEIGHT="30" WC="0.96" CONTENT="de"/><SP WIDTH="19" VPOS="1617" HPOS="825"/>
							<String ID="string_276" HPOS="844" VPOS="1618" WIDTH="55" HEIGHT="29" WC="0.96" CONTENT="två"/><SP WIDTH="20" VPOS="1618" HPOS="899"/>
							<String ID="string_277" HPOS="919" VPOS="1619" WIDTH="159" HEIGHT="30" WC="0.96" CONTENT="närmast"/><SP WIDTH="20" VPOS="1619" HPOS="1078"/>
							<String ID="string_278" HPOS="1098" VPOS="1619" WIDTH="207" HEIGHT="40" WC="0.93" CONTENT="föregående"/><SP WIDTH="19" VPOS="1619" HPOS="1305"/>
							<String ID="string_279" HPOS="1324" VPOS="1620" WIDTH="339" HEIGHT="41" WC="0.89" CONTENT="beskattningsåren."/>
						</TextLine>
					</TextBlock>
				</ComposedBlock>
				<ComposedBlock ID="cblock_4" HPOS="262" VPOS="1720" WIDTH="1494" HEIGHT="844">
					<TextBlock ID="block_4" HPOS="270" VPOS="1720" WIDTH="550" HEIGHT="43">
						<TextLine ID="line_27" HPOS="270" VPOS="1720" WIDTH="550" HEIGHT="43">
							<String ID="string_280" HPOS="270" VPOS="1720" WIDTH="156" HEIGHT="39" WC="0.91" CONTENT="Frågans"/><SP WIDTH="19" VPOS="1720" HPOS="426"/>
							<String ID="string_281" HPOS="445" VPOS="1721" WIDTH="146" HEIGHT="40" WC="0.96" CONTENT="tidigare"/><SP WIDTH="18" VPOS="1721" HPOS="591"/>
							<String ID="string_282" HPOS="609" VPOS="1722" WIDTH="211" HEIGHT="41" WC="0.95" CONTENT="behandling"/>
						</TextLine>
					</TextBlock>
					<TextBlock ID="block_5" HPOS="262" VPOS="1782" WIDTH="1494" HEIGHT="782">
						<TextLine ID="line_28" HPOS="314" VPOS="1782" WIDTH="1442" HEIGHT="47">
							<String ID="string_283" HPOS="314" VPOS="1782" WIDTH="335" HEIGHT="40" WC="0.92" CONTENT="Motionsyrkanden"/><SP WIDTH="23" VPOS="1782" HPOS="649"/>
							<String ID="string_284" HPOS="672" VPOS="1794" WIDTH="43" HEIGHT="20" WC="0.96" CONTENT="av"/><SP WIDTH="21" VPOS="1794" HPOS="715"/>
							<String ID="string_285" HPOS="736" VPOS="1785" WIDTH="184" HEIGHT="31" WC="0.96" CONTENT="enahanda"/><SP WIDTH="22" VPOS="1785" HPOS="920"/>
							<String ID="string_286" HPOS="942" VPOS="1786" WIDTH="247" HEIGHT="31" WC="0.96" CONTENT="beskaffenhet"/><SP WIDTH="22" VPOS="1786" HPOS="1189"/>
							<String ID="string_287" HPOS="1211" VPOS="1788" WIDTH="64" HEIGHT="29" WC="0.96" CONTENT="har"/><SP WIDTH="24" VPOS="1788" HPOS="1275"/>
							<String ID="string_288" HPOS="1299" VPOS="1789" WIDTH="61" HEIGHT="29" WC="0.96" CONTENT="allt"/><SP WIDTH="25" VPOS="1789" HPOS="1360"/>
							<String ID="string_289" HPOS="1385" VPOS="1789" WIDTH="106" HEIGHT="30" WC="0.96" CONTENT="sedan"/><SP WIDTH="28" VPOS="1789" HPOS="1491"/>
							<String ID="string_290" HPOS="1519" VPOS="1789" WIDTH="82" HEIGHT="31" WC="0.96" CONTENT="1960"/><SP WIDTH="24" VPOS="1789" HPOS="1601"/>
							<String ID="string_291" HPOS="1625" VPOS="1790" WIDTH="131" HEIGHT="39" WC="0.96" CONTENT="årligen"/>
						</TextLine>
						<TextLine ID="line_29" HPOS="269" VPOS="1834" WIDTH="1486" HEIGHT="49">
							<String ID="string_292" HPOS="269" VPOS="1834" WIDTH="90" HEIGHT="30" WC="0.96" CONTENT="varit"/><SP WIDTH="25" VPOS="1834" HPOS="359"/>
							<String ID="string_293" HPOS="384" VPOS="1834" WIDTH="148" HEIGHT="31" WC="0.96" CONTENT="föremål"/><SP WIDTH="27" VPOS="1834" HPOS="532"/>
							<String ID="string_294" HPOS="559" VPOS="1836" WIDTH="55" HEIGHT="30" WC="0.93" CONTENT="för"/><SP WIDTH="23" VPOS="1836" HPOS="614"/>
							<String ID="string_295" HPOS="637" VPOS="1837" WIDTH="399" HEIGHT="40" WC="0.91" CONTENT="bevillningsutskottets"/><SP WIDTH="26" VPOS="1837" HPOS="1036"/>
							<String ID="string_296" HPOS="1062" VPOS="1841" WIDTH="180" HEIGHT="39" WC="0.95" CONTENT="prövning."/><SP WIDTH="28" VPOS="1841" HPOS="1242"/>
							<String ID="string_297" HPOS="1270" VPOS="1841" WIDTH="13" HEIGHT="29" WC="0.91" CONTENT="I"/><SP WIDTH="27" VPOS="1841" HPOS="1283"/>
							<String ID="string_298" HPOS="1310" VPOS="1841" WIDTH="59" HEIGHT="30" WC="0.96" CONTENT="sitt"/><SP WIDTH="27" VPOS="1841" HPOS="1369"/>
							<String ID="string_299" HPOS="1396" VPOS="1852" WIDTH="42" HEIGHT="20" WC="0.96" CONTENT="av"/><SP WIDTH="24" VPOS="1852" HPOS="1438"/>
							<String ID="string_300" HPOS="1462" VPOS="1842" WIDTH="188" HEIGHT="40" WC="0.93" CONTENT="riksdagen"/><SP WIDTH="25" VPOS="1842" HPOS="1650"/>
							<String ID="string_301" HPOS="1675" VPOS="1844" WIDTH="80" HEIGHT="39" WC="0.91" CONTENT="god-"/>
						</TextLine>
						<TextLine ID="line_30" HPOS="270" VPOS="1887" WIDTH="1485" HEIGHT="47">
							<String ID="string_302" HPOS="270" VPOS="1887" WIDTH="116" HEIGHT="30" WC="0.95" CONTENT="kända"/><SP WIDTH="23" VPOS="1887" HPOS="386"/>
							<String ID="string_303" HPOS="409" VPOS="1887" WIDTH="222" HEIGHT="32" WC="0.95" CONTENT="betänkande"/><SP WIDTH="24" VPOS="1887" HPOS="631"/>
							<String ID="string_304" HPOS="655" VPOS="1899" WIDTH="41" HEIGHT="20" WC="0.95" CONTENT="nr"/><SP WIDTH="25" VPOS="1899" HPOS="696"/>
							<String ID="string_305" HPOS="721" VPOS="1890" WIDTH="40" HEIGHT="30" WC="0.95" CONTENT="25"/><SP WIDTH="25" VPOS="1890" HPOS="761"/>
							<String ID="string_306" HPOS="786" VPOS="1891" WIDTH="39" HEIGHT="29" WC="0.96" CONTENT="år"/><SP WIDTH="27" VPOS="1891" HPOS="825"/>
							<String ID="string_307" HPOS="852" VPOS="1891" WIDTH="80" HEIGHT="30" WC="0.96" CONTENT="1965"/><SP WIDTH="26" VPOS="1891" HPOS="932"/>
							<String ID="string_308" HPOS="958" VPOS="1892" WIDTH="167" HEIGHT="31" WC="0.92" CONTENT="framhöll"/><SP WIDTH="25" VPOS="1892" HPOS="1125"/>
							<String ID="string_309" HPOS="1150" VPOS="1893" WIDTH="169" HEIGHT="31" WC="0.96" CONTENT="utskottet"/><SP WIDTH="25" VPOS="1893" HPOS="1319"/>
							<String ID="string_310" HPOS="1344" VPOS="1897" WIDTH="51" HEIGHT="27" WC="0.96" CONTENT="att"/><SP WIDTH="23" VPOS="1897" HPOS="1395"/>
							<String ID="string_311" HPOS="1418" VPOS="1895" WIDTH="168" HEIGHT="39" WC="0.93" CONTENT="befogade"/><SP WIDTH="25" VPOS="1895" HPOS="1586"/>
							<String ID="string_312" HPOS="1611" VPOS="1897" WIDTH="144" HEIGHT="29" WC="0.92" CONTENT="invänd-"/>
						</TextLine>
						<TextLine ID="line_31" HPOS="268" VPOS="1939" WIDTH="1486" HEIGHT="49">
							<String ID="string_313" HPOS="268" VPOS="1939" WIDTH="125" HEIGHT="39" WC="0.96" CONTENT="ningar"/><SP WIDTH="29" VPOS="1939" HPOS="393"/>
							<String ID="string_314" HPOS="422" VPOS="1940" WIDTH="177" HEIGHT="40" WC="0.96" CONTENT="knappast"/><SP WIDTH="29" VPOS="1940" HPOS="599"/>
							<String ID="string_315" HPOS="628" VPOS="1942" WIDTH="117" HEIGHT="30" WC="0.96" CONTENT="kunde"/><SP WIDTH="28" VPOS="1942" HPOS="745"/>
							<String ID="string_316" HPOS="773" VPOS="1943" WIDTH="111" HEIGHT="31" WC="0.96" CONTENT="riktas"/><SP WIDTH="30" VPOS="1943" HPOS="884"/>
							<String ID="string_317" HPOS="914" VPOS="1947" WIDTH="72" HEIGHT="28" WC="0.96" CONTENT="mot"/><SP WIDTH="30" VPOS="1947" HPOS="986"/>
							<String ID="string_318" HPOS="1016" VPOS="1945" WIDTH="67" HEIGHT="30" WC="0.96" CONTENT="den"/><SP WIDTH="30" VPOS="1945" HPOS="1083"/>
							<String ID="string_319" HPOS="1113" VPOS="1946" WIDTH="12" HEIGHT="29" WC="0.96" CONTENT="i"/><SP WIDTH="28" VPOS="1946" HPOS="1125"/>
							<String ID="string_320" HPOS="1153" VPOS="1946" WIDTH="601" HEIGHT="42" WC="0.91" CONTENT="förlustutjämningsförordningen"/>
						</TextLine>
						<TextLine ID="line_32" HPOS="268" VPOS="1992" WIDTH="1486" HEIGHT="49">
							<String ID="string_321" HPOS="268" VPOS="1992" WIDTH="143" HEIGHT="39" WC="0.93" CONTENT="intagna"/><SP WIDTH="28" VPOS="1992" HPOS="411"/>
							<String ID="string_322" HPOS="439" VPOS="1993" WIDTH="374" HEIGHT="42" WC="0.91" CONTENT="begränsningsregeln"/><SP WIDTH="30" VPOS="1993" HPOS="813"/>
							<String ID="string_323" HPOS="843" VPOS="1999" WIDTH="51" HEIGHT="27" WC="0.93" CONTENT="att"/><SP WIDTH="29" VPOS="1999" HPOS="894"/>
							<String ID="string_324" HPOS="923" VPOS="1997" WIDTH="438" HEIGHT="42" WC="0.92" CONTENT="deklarationsskyldighet"/><SP WIDTH="31" VPOS="1997" HPOS="1361"/>
							<String ID="string_325" HPOS="1392" VPOS="2001" WIDTH="89" HEIGHT="30" WC="0.96" CONTENT="skall"/><SP WIDTH="30" VPOS="2001" HPOS="1481"/>
							<String ID="string_326" HPOS="1511" VPOS="2001" WIDTH="47" HEIGHT="31" WC="0.96" CONTENT="ha"/><SP WIDTH="31" VPOS="2001" HPOS="1558"/>
							<String ID="string_327" HPOS="1589" VPOS="2002" WIDTH="165" HEIGHT="39" WC="0.96" CONTENT="förelegat"/>
						</TextLine>
						<TextLine ID="line_33" HPOS="269" VPOS="2046" WIDTH="1485" HEIGHT="44">
							<String ID="string_328" HPOS="269" VPOS="2046" WIDTH="56" HEIGHT="30" WC="0.93" CONTENT="för"/><SP WIDTH="19" VPOS="2046" HPOS="325"/>
							<String ID="string_329" HPOS="344" VPOS="2047" WIDTH="214" HEIGHT="31" WC="0.91" CONTENT="förluståret."/><SP WIDTH="21" VPOS="2047" HPOS="558"/>
							<String ID="string_330" HPOS="579" VPOS="2049" WIDTH="175" HEIGHT="30" WC="0.96" CONTENT="Utskottet"/><SP WIDTH="19" VPOS="2049" HPOS="754"/>
							<String ID="string_331" HPOS="773" VPOS="2051" WIDTH="115" HEIGHT="29" WC="0.96" CONTENT="anslöt"/><SP WIDTH="20" VPOS="2051" HPOS="888"/>
							<String ID="string_332" HPOS="908" VPOS="2051" WIDTH="51" HEIGHT="39" WC="0.96" CONTENT="sig"/><SP WIDTH="20" VPOS="2051" HPOS="959"/>
							<String ID="string_333" HPOS="979" VPOS="2051" WIDTH="123" HEIGHT="31" WC="0.95" CONTENT="därvid"/><SP WIDTH="19" VPOS="2051" HPOS="1102"/>
							<String ID="string_334" HPOS="1121" VPOS="2052" WIDTH="52" HEIGHT="30" WC="0.95" CONTENT="till"/><SP WIDTH="20" VPOS="2052" HPOS="1173"/>
							<String ID="string_335" HPOS="1193" VPOS="2053" WIDTH="65" HEIGHT="29" WC="0.96" CONTENT="den"/><SP WIDTH="20" VPOS="2053" HPOS="1258"/>
							<String ID="string_336" HPOS="1278" VPOS="2063" WIDTH="43" HEIGHT="20" WC="0.96" CONTENT="av"/><SP WIDTH="22" VPOS="2063" HPOS="1321"/>
							<String ID="string_337" HPOS="1343" VPOS="2053" WIDTH="80" HEIGHT="30" WC="0.79" CONTENT="1937"/><SP WIDTH="22" VPOS="2053" HPOS="1423"/>
							<String ID="string_338" HPOS="1445" VPOS="2054" WIDTH="56" HEIGHT="30" WC="0.93" CONTENT="års"/><SP WIDTH="22" VPOS="2054" HPOS="1501"/>
							<String ID="string_339" HPOS="1523" VPOS="2055" WIDTH="231" HEIGHT="30" WC="0.92" CONTENT="skatteutred-"/>
						</TextLine>
						<TextLine ID="line_34" HPOS="268" VPOS="2100" WIDTH="1485" HEIGHT="47">
							<String ID="string_340" HPOS="268" VPOS="2100" WIDTH="85" HEIGHT="38" WC="0.96" CONTENT="ning"/><SP WIDTH="23" VPOS="2100" HPOS="353"/>
							<String ID="string_341" HPOS="376" VPOS="2101" WIDTH="158" HEIGHT="29" WC="0.96" CONTENT="uttalade"/><SP WIDTH="23" VPOS="2101" HPOS="534"/>
							<String ID="string_342" HPOS="557" VPOS="2102" WIDTH="272" HEIGHT="40" WC="0.96" CONTENT="uppfattningen"/><SP WIDTH="26" VPOS="2102" HPOS="829"/>
							<String ID="string_343" HPOS="855" VPOS="2106" WIDTH="49" HEIGHT="27" WC="0.96" CONTENT="att"/><SP WIDTH="25" VPOS="2106" HPOS="904"/>
							<String ID="string_344" HPOS="929" VPOS="2104" WIDTH="57" HEIGHT="29" WC="0.96" CONTENT="det"/><SP WIDTH="25" VPOS="2104" HPOS="986"/>
							<String ID="string_345" HPOS="1011" VPOS="2104" WIDTH="12" HEIGHT="30" WC="0.96" CONTENT="i"/><SP WIDTH="24" VPOS="2104" HPOS="1023"/>
							<String ID="string_346" HPOS="1047" VPOS="2104" WIDTH="188" HEIGHT="31" WC="0.96" CONTENT="huvudsak"/><SP WIDTH="24" VPOS="2104" HPOS="1235"/>
							<String ID="string_347" HPOS="1259" VPOS="2106" WIDTH="123" HEIGHT="30" WC="0.96" CONTENT="endast"/><SP WIDTH="25" VPOS="2106" HPOS="1382"/>
							<String ID="string_348" HPOS="1407" VPOS="2116" WIDTH="61" HEIGHT="21" WC="0.93" CONTENT="var"/><SP WIDTH="24" VPOS="2116" HPOS="1468"/>
							<String ID="string_349" HPOS="1492" VPOS="2107" WIDTH="183" HEIGHT="40" WC="0.92" CONTENT="hänsynen"/><SP WIDTH="26" VPOS="2107" HPOS="1675"/>
							<String ID="string_350" HPOS="1701" VPOS="2109" WIDTH="52" HEIGHT="29" WC="0.96" CONTENT="till"/>
						</TextLine>
						<TextLine ID="line_35" HPOS="266" VPOS="2152" WIDTH="1487" HEIGHT="45">
							<String ID="string_351" HPOS="266" VPOS="2152" WIDTH="134" HEIGHT="31" WC="0.96" CONTENT="sådana"/><SP WIDTH="24" VPOS="2152" HPOS="400"/>
							<String ID="string_352" HPOS="424" VPOS="2153" WIDTH="266" HEIGHT="41" WC="0.96" CONTENT="skattskyldiga,"/><SP WIDTH="27" VPOS="2153" HPOS="690"/>
							<String ID="string_353" HPOS="717" VPOS="2164" WIDTH="76" HEIGHT="21" WC="0.96" CONTENT="som"/><SP WIDTH="25" VPOS="2164" HPOS="793"/>
							<String ID="string_354" HPOS="818" VPOS="2156" WIDTH="83" HEIGHT="29" WC="0.96" CONTENT="drev"/><SP WIDTH="23" VPOS="2156" HPOS="901"/>
							<String ID="string_355" HPOS="924" VPOS="2157" WIDTH="134" HEIGHT="40" WC="0.93" CONTENT="verklig"/><SP WIDTH="26" VPOS="2157" HPOS="1058"/>
							<String ID="string_356" HPOS="1084" VPOS="2158" WIDTH="381" HEIGHT="32" WC="0.91" CONTENT="förvärvsverksamhet"/><SP WIDTH="25" VPOS="2158" HPOS="1465"/>
							<String ID="string_357" HPOS="1490" VPOS="2161" WIDTH="82" HEIGHT="29" WC="0.96" CONTENT="eller"/><SP WIDTH="25" VPOS="2161" HPOS="1572"/>
							<String ID="string_358" HPOS="1597" VPOS="2161" WIDTH="89" HEIGHT="30" WC="0.96" CONTENT="hade"/><SP WIDTH="25" VPOS="2161" HPOS="1686"/>
							<String ID="string_359" HPOS="1711" VPOS="2171" WIDTH="42" HEIGHT="20" WC="0.96" CONTENT="en"/>
						</TextLine>
						<TextLine ID="line_36" HPOS="267" VPOS="2206" WIDTH="1484" HEIGHT="44">
							<String ID="string_360" HPOS="267" VPOS="2214" WIDTH="74" HEIGHT="20" WC="0.96" CONTENT="mer"/><SP WIDTH="22" VPOS="2214" HPOS="341"/>
							<String ID="string_361" HPOS="363" VPOS="2206" WIDTH="187" HEIGHT="30" WC="0.96" CONTENT="bestående"/><SP WIDTH="22" VPOS="2206" HPOS="550"/>
							<String ID="string_362" HPOS="572" VPOS="2207" WIDTH="251" HEIGHT="32" WC="0.96" CONTENT="inkomstkälla"/><SP WIDTH="22" VPOS="2207" HPOS="823"/>
							<String ID="string_363" HPOS="845" VPOS="2219" WIDTH="42" HEIGHT="20" WC="0.96" CONTENT="av"/><SP WIDTH="21" VPOS="2219" HPOS="887"/>
							<String ID="string_364" HPOS="908" VPOS="2211" WIDTH="111" HEIGHT="28" WC="0.96" CONTENT="större"/><SP WIDTH="22" VPOS="2211" HPOS="1019"/>
							<String ID="string_365" HPOS="1041" VPOS="2211" WIDTH="222" HEIGHT="39" WC="0.96" CONTENT="omfattning,"/><SP WIDTH="25" VPOS="2211" HPOS="1263"/>
							<String ID="string_366" HPOS="1288" VPOS="2221" WIDTH="75" HEIGHT="21" WC="0.96" CONTENT="som"/><SP WIDTH="22" VPOS="2221" HPOS="1363"/>
							<String ID="string_367" HPOS="1385" VPOS="2213" WIDTH="212" HEIGHT="30" WC="0.96" CONTENT="motiverade"/><SP WIDTH="22" VPOS="2213" HPOS="1597"/>
							<String ID="string_368" HPOS="1619" VPOS="2223" WIDTH="42" HEIGHT="20" WC="0.95" CONTENT="en"/><SP WIDTH="22" VPOS="2223" HPOS="1661"/>
							<String ID="string_369" HPOS="1683" VPOS="2216" WIDTH="68" HEIGHT="28" WC="0.97" CONTENT="rätt"/>
						</TextLine>
						<TextLine ID="line_37" HPOS="266" VPOS="2258" WIDTH="1488" HEIGHT="49">
							<String ID="string_370" HPOS="266" VPOS="2258" WIDTH="53" HEIGHT="29" WC="0.93" CONTENT="till"/><SP WIDTH="29" VPOS="2258" HPOS="319"/>
							<String ID="string_371" HPOS="348" VPOS="2258" WIDTH="329" HEIGHT="42" WC="0.91" CONTENT="förlustöverföring"/><SP WIDTH="26" VPOS="2258" HPOS="677"/>
							<String ID="string_372" HPOS="703" VPOS="2261" WIDTH="66" HEIGHT="30" WC="0.97" CONTENT="och"/><SP WIDTH="27" VPOS="2261" HPOS="769"/>
							<String ID="string_373" HPOS="796" VPOS="2264" WIDTH="50" HEIGHT="27" WC="0.96" CONTENT="att"/><SP WIDTH="28" VPOS="2264" HPOS="846"/>
							<String ID="string_374" HPOS="874" VPOS="2262" WIDTH="119" HEIGHT="30" WC="0.96" CONTENT="därför"/><SP WIDTH="29" VPOS="2262" HPOS="993"/>
							<String ID="string_375" HPOS="1022" VPOS="2272" WIDTH="43" HEIGHT="20" WC="0.93" CONTENT="en"/><SP WIDTH="27" VPOS="2272" HPOS="1065"/>
							<String ID="string_376" HPOS="1092" VPOS="2264" WIDTH="196" HEIGHT="30" WC="0.88" CONTENT="villkorslös"/><SP WIDTH="28" VPOS="2264" HPOS="1288"/>
							<String ID="string_377" HPOS="1316" VPOS="2266" WIDTH="70" HEIGHT="29" WC="0.96" CONTENT="rätt"/><SP WIDTH="27" VPOS="2266" HPOS="1386"/>
							<String ID="string_378" HPOS="1413" VPOS="2266" WIDTH="53" HEIGHT="29" WC="0.93" CONTENT="till"/><SP WIDTH="29" VPOS="2266" HPOS="1466"/>
							<String ID="string_379" HPOS="1495" VPOS="2266" WIDTH="259" HEIGHT="41" WC="0.92" CONTENT="förlustavdrag"/>
						</TextLine>
						<TextLine ID="line_38" HPOS="266" VPOS="2311" WIDTH="1486" HEIGHT="47">
							<String ID="string_380" HPOS="266" VPOS="2311" WIDTH="72" HEIGHT="29" WC="0.96" CONTENT="inte"/><SP WIDTH="22" VPOS="2311" HPOS="338"/>
							<String ID="string_381" HPOS="360" VPOS="2311" WIDTH="105" HEIGHT="31" WC="0.96" CONTENT="borde"/><SP WIDTH="22" VPOS="2311" HPOS="465"/>
							<String ID="string_382" HPOS="487" VPOS="2313" WIDTH="151" HEIGHT="39" WC="0.95" CONTENT="medges."/><SP WIDTH="23" VPOS="2313" HPOS="638"/>
							<String ID="string_383" HPOS="661" VPOS="2314" WIDTH="74" HEIGHT="29" WC="0.95" CONTENT="Den"/><SP WIDTH="22" VPOS="2314" HPOS="735"/>
							<String ID="string_384" HPOS="757" VPOS="2317" WIDTH="89" HEIGHT="27" WC="0.92" CONTENT="mest"/><SP WIDTH="23" VPOS="2317" HPOS="846"/>
							<String ID="string_385" HPOS="869" VPOS="2315" WIDTH="254" HEIGHT="40" WC="0.91" CONTENT="lättillämpade"/><SP WIDTH="21" VPOS="2315" HPOS="1123"/>
							<String ID="string_386" HPOS="1144" VPOS="2317" WIDTH="372" HEIGHT="41" WC="0.91" CONTENT="begränsningsregeln"/><SP WIDTH="21" VPOS="2317" HPOS="1516"/>
							<String ID="string_387" HPOS="1537" VPOS="2329" WIDTH="61" HEIGHT="20" WC="0.96" CONTENT="var"/><SP WIDTH="22" VPOS="2329" HPOS="1598"/>
							<String ID="string_388" HPOS="1620" VPOS="2322" WIDTH="50" HEIGHT="28" WC="0.93" CONTENT="att"/><SP WIDTH="23" VPOS="2322" HPOS="1670"/>
							<String ID="string_389" HPOS="1693" VPOS="2330" WIDTH="59" HEIGHT="20" WC="0.91" CONTENT="an-"/>
						</TextLine>
						<TextLine ID="line_39" HPOS="262" VPOS="2364" WIDTH="1490" HEIGHT="48">
							<String ID="string_390" HPOS="262" VPOS="2364" WIDTH="110" HEIGHT="39" WC="0.96" CONTENT="knyta"/><SP WIDTH="29" VPOS="2364" HPOS="372"/>
							<String ID="string_391" HPOS="401" VPOS="2365" WIDTH="264" HEIGHT="40" WC="0.96" CONTENT="avdragsrätten"/><SP WIDTH="29" VPOS="2365" HPOS="665"/>
							<String ID="string_392" HPOS="694" VPOS="2367" WIDTH="52" HEIGHT="30" WC="0.93" CONTENT="till"/><SP WIDTH="30" VPOS="2367" HPOS="746"/>
							<String ID="string_393" HPOS="776" VPOS="2367" WIDTH="493" HEIGHT="42" WC="0.91" CONTENT="deklarationsskyldigheten."/><SP WIDTH="30" VPOS="2367" HPOS="1269"/>
							<String ID="string_394" HPOS="1299" VPOS="2371" WIDTH="65" HEIGHT="30" WC="0.96" CONTENT="Det"/><SP WIDTH="28" VPOS="2371" HPOS="1364"/>
							<String ID="string_395" HPOS="1392" VPOS="2381" WIDTH="61" HEIGHT="20" WC="0.96" CONTENT="var"/><SP WIDTH="29" VPOS="2381" HPOS="1453"/>
							<String ID="string_396" HPOS="1482" VPOS="2373" WIDTH="107" HEIGHT="39" WC="0.93" CONTENT="enligt"/><SP WIDTH="28" VPOS="2373" HPOS="1589"/>
							<String ID="string_397" HPOS="1617" VPOS="2374" WIDTH="135" HEIGHT="30" WC="0.91" CONTENT="utskot-"/>
						</TextLine>
						<TextLine ID="line_40" HPOS="266" VPOS="2420" WIDTH="1486" HEIGHT="45">
							<String ID="string_398" HPOS="266" VPOS="2421" WIDTH="67" HEIGHT="27" WC="0.91" CONTENT="tets"/><SP WIDTH="18" VPOS="2421" HPOS="333"/>
							<String ID="string_399" HPOS="351" VPOS="2420" WIDTH="141" HEIGHT="39" WC="0.95" CONTENT="mening"/><SP WIDTH="17" VPOS="2420" HPOS="492"/>
							<String ID="string_400" HPOS="509" VPOS="2420" WIDTH="132" HEIGHT="39" WC="0.96" CONTENT="rimligt"/><SP WIDTH="17" VPOS="2420" HPOS="641"/>
							<String ID="string_401" HPOS="658" VPOS="2422" WIDTH="49" HEIGHT="28" WC="0.96" CONTENT="att"/><SP WIDTH="19" VPOS="2422" HPOS="707"/>
							<String ID="string_402" HPOS="726" VPOS="2421" WIDTH="11" HEIGHT="29" WC="0.96" CONTENT="i"/><SP WIDTH="17" VPOS="2421" HPOS="737"/>
							<String ID="string_403" HPOS="754" VPOS="2421" WIDTH="136" HEIGHT="40" WC="0.90" CONTENT="princip"/><SP WIDTH="17" VPOS="2421" HPOS="890"/>
							<String ID="string_404" HPOS="907" VPOS="2422" WIDTH="124" HEIGHT="30" WC="0.96" CONTENT="endast"/><SP WIDTH="19" VPOS="2422" HPOS="1031"/>
							<String ID="string_405" HPOS="1050" VPOS="2422" WIDTH="131" HEIGHT="31" WC="0.96" CONTENT="sådana"/><SP WIDTH="18" VPOS="2422" HPOS="1181"/>
							<String ID="string_406" HPOS="1199" VPOS="2424" WIDTH="217" HEIGHT="36" WC="0.96" CONTENT="underskott,"/><SP WIDTH="20" VPOS="2424" HPOS="1416"/>
							<String ID="string_407" HPOS="1436" VPOS="2434" WIDTH="74" HEIGHT="21" WC="0.96" CONTENT="som"/><SP WIDTH="19" VPOS="2434" HPOS="1510"/>
							<String ID="string_408" HPOS="1529" VPOS="2426" WIDTH="223" HEIGHT="39" WC="0.96" CONTENT="uppkommit"/>
						</TextLine>
						<TextLine ID="line_41" HPOS="265" VPOS="2471" WIDTH="1487" HEIGHT="46">
							<String ID="string_409" HPOS="265" VPOS="2471" WIDTH="108" HEIGHT="30" WC="0.96" CONTENT="sedan"/><SP WIDTH="21" VPOS="2471" HPOS="373"/>
							<String ID="string_410" HPOS="394" VPOS="2473" WIDTH="67" HEIGHT="29" WC="0.96" CONTENT="den"/><SP WIDTH="22" VPOS="2473" HPOS="461"/>
							<String ID="string_411" HPOS="483" VPOS="2473" WIDTH="254" HEIGHT="40" WC="0.96" CONTENT="skattskyldige"/><SP WIDTH="23" VPOS="2473" HPOS="737"/>
							<String ID="string_412" HPOS="760" VPOS="2474" WIDTH="123" HEIGHT="29" WC="0.96" CONTENT="inträtt"/><SP WIDTH="21" VPOS="2474" HPOS="883"/>
							<String ID="string_413" HPOS="904" VPOS="2475" WIDTH="11" HEIGHT="29" WC="0.93" CONTENT="i"/><SP WIDTH="21" VPOS="2475" HPOS="915"/>
							<String ID="string_414" HPOS="936" VPOS="2474" WIDTH="251" HEIGHT="36" WC="0.91" CONTENT="förvärvslivet,"/><SP WIDTH="22" VPOS="2474" HPOS="1187"/>
							<String ID="string_415" HPOS="1209" VPOS="2476" WIDTH="189" HEIGHT="31" WC="0.92" CONTENT="beaktades"/><SP WIDTH="22" VPOS="2476" HPOS="1398"/>
							<String ID="string_416" HPOS="1420" VPOS="2485" WIDTH="124" HEIGHT="32" WC="0.93" CONTENT="genom"/><SP WIDTH="22" VPOS="2485" HPOS="1544"/>
							<String ID="string_417" HPOS="1566" VPOS="2478" WIDTH="186" HEIGHT="31" WC="0.91" CONTENT="förlustav-"/>
						</TextLine>
						<TextLine ID="line_42" HPOS="264" VPOS="2525" WIDTH="97" HEIGHT="39">
							<String ID="string_418" HPOS="264" VPOS="2525" WIDTH="97" HEIGHT="39" WC="0.96" CONTENT="drag."/>
						</TextLine>
					</TextBlock>
				</ComposedBlock>
			</PrintSpace>
		</Page>
	</Layout>
</alto>
