1908 2832
466 129 437 30 Konstitutionsutskottets
928 129 177 31 utlåtande
1129 139 42 20 nr
1193 130 48 29 17.
1585 125 18 30 3

269 212 141 37 (Kungl.
433 213 121 36 Maj:ts
576 212 147 38 förslag)
1046 212 206 37 (Utskottets
1275 211 147 40 förslag)

795 281 41 30 63
858 281 18 37 5

141 341 15 29 1
182 349 104 21 mom.
323 339 69 31 För
414 342 50 28 att
486 356 432 4 O——————>—
942 340 76 30 dess
1043 339 219 36 betjänande.

137 390 224 38 Beträffande
379 390 112 32 beslut
506 400 56 20 om
579 399 69 27 nya
662 390 83 30 eller
757 390 70 37 för-
910 391 231 30 Fastställelse
1161 401 42 20 av
1226 391 110 30 beslut
1356 401 56 20 om
1433 401 70 27 nya
1521 391 81 30 eller

92 441 109 37 höjda
231 442 258 37 hamnavgifter
520 441 81 30 eller
633 441 194 37 grundpen-
866 442 167 38 förhöjda
1067 442 257 38 hamnavgifter
1358 442 83 32 eller
1475 441 127 37 grund-

92 493 124 36 ningar
238 493 58 30 må
318 493 196 36 Konungen
536 492 91 31 dock
649 492 177 38 förordna,
864 494 194 36 penningar
1071 493 59 31 må
1145 493 90 30 dock
1249 493 176 32 meddelas
1444 503 42 21 av
1502 503 98 27 myn-

92 546 50 28 att
166 543 220 38 fastställelse
407 544 12 29 i
441 543 113 31 stället
575 543 89 31 skall
688 543 138 31 medde-
865 543 118 38 dighet
1006 554 75 21 som
1107 544 192 37 Konungen
1325 544 118 31 därtill
1465 544 136 38 förord-

91 594 51 30 las
159 604 43 20 av
221 594 203 37 myndighet
443 604 75 21 som
538 595 193 37 Konungen
749 594 76 31 där-
866 605 72 21 nar.

93 645 52 30 till
165 648 99 28 utser.

137 696 176 31 Hurusom
337 697 114 31 beslut
498 714 75 4 ——
601 714 133 4 ———
759 692 147 46 ——>——
932 697 204 30 kommunal
1161 696 254 36 fondbildning.

136 747 126 37 Beslut,
285 757 74 21 som
402 765 26 4 —
491 765 44 4 —
549 765 266 4 ————--
835 748 51 30 till
911 747 201 37 Konungen.

137 882 121 31 Denna
277 884 56 35 lag
348 883 116 30 träder
480 883 10 30 i
508 883 95 30 kraft
619 883 65 30 den
705 885 14 28 1
740 883 64 37 juli
826 883 94 30 1947.

136 1042 200 31 Stockholm
354 1043 66 30 den
439 1044 41 29 20
501 1043 72 36 maj
594 1043 93 31 1947.

513 1195 48 31 På
578 1195 430 31 konstitutionsutskottets
1028 1196 143 35 vägnar:

640 1280 182 30 HARALD
850 1275 192 35 HALLEN.

721 1488 239 31 Närvarande:

134 1553 78 31 från
245 1554 153 32 första
432 1555 219 31 kammaren:
677 1556 122 30 herrar
822 1555 139 36 Herlitz,
988 1555 172 37 Elmgren,
1187 1556 178 35 Mattsson,
1391 1556 94 31 John
1512 1556 82 31 Gus-

90 1596 153 37 tavson",
267 1597 187 37 Sandberg,
476 1597 200 36 Söderdahl,
698 1597 161 36 Hjalmar
878 1597 170 37 Nilsson”,
1069 1597 165 37 Arrhén",
1259 1598 162 36 Englund
1441 1598 67 30 och
1522 1597 73 36 Sjö;

91 1643 89 26 samt
1213 1640 6 4 |

133 1695 80 32 från
242 1697 154 31 andra
426 1698 218 30 kammaren:
665 1698 121 30 herrar
806 1698 134 35 Hallén,
962 1698 148 35 Thorell,
1132 1697 112 37 Fast",
1264 1699 195 31 Pettersson
1480 1699 11 30 i
1512 1699 83 30 Nor-

90 1737 132 37 regård,
242 1738 204 31 Nordström
467 1739 11 30 i
498 1739 143 37 Torsby,
663 1739 136 30 Nilsson
818 1740 11 29 i
848 1738 179 38 Göteborg,
1052 1739 123 37 Norén,
1196 1739 224 37 Lindmark",
1442 1740 154 30 Dickson

90 1780 65 30 och
174 1779 149 32 Larsson
342 1780 13 30 i
372 1780 212 32 Stockholm.

136 1852 13 15 +
168 1851 37 33 Ej
223 1853 181 25 närvarande
423 1854 48 24 vid
490 1853 185 33 justeringen.
