2323 2799
514 312 19 31 2
650 308 113 31 Andra
786 307 210 31 Kammarens
1023 306 174 44 Tillfälliga
1225 305 135 31 Utskotts
1384 303 77 40 (N:o
1486 305 32 36 1)
1547 302 165 31 Utlåtande
1734 300 65 32 N:o
1822 301 52 30 20.

471 390 228 32 förhållanden
724 389 63 31 kan
813 388 140 34 inträffa,
977 390 35 29 så
1035 388 98 42 länge
1157 388 56 31 det
1237 386 73 32 med
1323 386 224 41 inspektörers
1571 383 190 41 utväljande
1785 382 61 31 och
1859 380 221 33 förordnande

471 442 111 42 tillgår
605 444 106 28 såsom
739 440 126 37 hittills,
889 439 200 37 hemställer,
1113 444 41 25 att
1176 439 48 29 det
1241 440 30 28 åt
1294 438 191 40 landstingen
1508 437 10 29 i
1541 435 103 41 hvarje
1667 434 49 31 län
1740 433 176 43 uppdrages
1939 437 42 25 att
2000 432 80 42 före-

470 494 45 30 slå
549 500 43 24 tre
619 494 57 41 för
713 493 133 41 insigter,
879 491 158 31 redbarhet
1070 490 53 31 och
1157 491 123 30 intresse
1307 490 58 41 jör
1391 487 173 44 folkskolan
1589 486 147 31 välkände
1759 489 81 32 män,
1865 483 111 31 boende
1999 484 82 30 inom

470 546 89 36 länet,
584 544 52 31 och
659 549 41 25 att
712 544 103 42 chefen
821 544 58 42 för
895 542 447 41 Ecklesiastik-departementet
1356 541 58 42 för
1437 540 84 41 högst
1536 540 69 41 fem
1628 540 37 28 år
1689 537 166 35 förordnar
1878 547 45 24 en,
1951 534 70 31 eller
2033 545 47 20 om

471 597 134 42 behofvet
627 597 10 29 i
660 596 35 30 de
718 600 96 26 större
837 594 88 31 länen
949 594 110 30 sådant
1077 592 154 43 påkallar.
1255 596 109 27 tvänne
1387 592 37 39 af
1440 592 83 30 desse
1546 595 40 25 att
1609 589 104 43 utöfra
1726 586 262 44 inspektion
1904 582 13 52 i
1933 582 59 52 alla
2000 587 83 30 inom

471 649 79 30 länet
572 648 134 30 varande
723 646 169 43 folkskolor
915 651 77 25 samt
1015 646 103 30 derom
1151 644 117 42 årligen
1290 644 123 43 afgifva
1436 641 152 33 berättelse
1612 641 43 31 till
1677 640 181 43 landstinget
1881 638 52 31 och
1955 638 52 31 vid
2030 637 49 31 in-

471 699 310 43 spektionsperiodens
804 697 58 31 slut
885 697 43 31 till
951 696 350 32 ecklesiastekministern.

572 750 66 31 Vid
662 749 205 44 granskning
891 749 34 31 af
945 749 104 37 dessa,
1073 750 107 29 såsom
1205 747 75 32 stöd
1303 747 49 31 för
1376 746 80 31 hans
1481 744 253 42 framställning,
1759 743 34 31 af
1803 741 204 33 motionären
2022 752 57 20 an-

471 802 93 32 förda
588 802 69 31 skäl
683 801 58 31 har
764 799 175 33 Utskottet
964 805 78 26 trott
1066 799 50 43 sig
1129 799 96 33 finna,
1241 804 47 25 att
1306 798 40 31 de
1360 798 33 30 af
1403 797 95 32 dessa
1511 796 81 37 skäl,
1606 807 68 20 som
1690 801 55 25 äro
1759 794 153 31 hemtade
1925 793 71 31 från
2010 792 69 32 olä-

471 853 165 42 genheten
672 852 34 30 af
736 851 263 41 skolinspektörs
1024 849 179 42 sjuklighet
1233 849 81 31 eller
1336 848 141 31 hemvist
1501 852 89 25 utom
1615 844 385 43 inspektionsdistriktet,
2025 849 56 24 äro

472 903 165 32 beroende
672 902 116 32 endast
822 902 35 31 af
888 900 239 44 tillfälligheter
1155 900 61 32 och
1241 899 127 32 således
1393 910 61 31 ega
1478 909 39 21 en
1542 897 84 32 blott
1650 895 221 43 öfvergående
1895 893 186 43 betydelse,

472 960 48 26 att
553 954 268 42 inspektörernas
855 958 89 27 stora
974 952 88 31 antal
1086 953 88 30 inom
1199 951 87 32 vissa
1309 951 69 31 stift
1401 949 190 43 antagligen
1616 955 34 24 är
1673 947 174 43 betingadt
1870 946 158 42 antingen
2053 945 34 31 af

472 1006 128 31 stiftens
635 1010 88 26 stora
758 1005 132 41 omfång
924 1004 10 30 i
968 1004 129 42 glesare
1132 1002 151 32 bebodda
1319 1001 124 31 trakter
1473 1001 79 31 eller
1577 1000 33 30 af
1630 999 172 31 skolornas
1828 996 156 32 talrikhet
2007 996 7 30 i
2041 996 40 31 de

473 1062 104 27 tätare
612 1055 185 38 befolkade,
832 1055 113 31 hvilka
980 1054 283 42 omständigheter
1291 1054 88 42 gjort
1403 1052 55 31 det
1482 1051 153 42 omöjligt
1658 1055 48 26 att
1728 1050 114 31 utöfva
1865 1060 39 20 en
1929 1047 150 32 verksam

471 1108 193 43 inspektion
700 1107 138 31 medelst
872 1107 116 31 endast
1022 1117 40 21 en
1097 1105 80 32 eller
1212 1107 52 29 två
1288 1115 171 31 personer;
1484 1108 48 26 att
1555 1102 140 32 orsaken
1720 1100 109 32 dertill
1854 1105 47 26 att
1925 1100 39 31 de
1988 1099 94 31 flesta

472 1159 252 43 inspektörerna
759 1158 84 31 varit
877 1158 61 32 och
973 1164 56 25 äro
1065 1156 231 33 ecklesiastike
1326 1156 196 41 tjenstemän
1551 1153 192 43 antagligen
1767 1158 34 25 är
1826 1156 47 27 att
1896 1151 82 32 söka
2002 1150 80 36 deri,

474 1216 48 26 att
555 1222 40 20 en
630 1215 104 26 större
769 1209 186 32 kännedom
991 1220 52 20 om
1078 1207 351 42 folkundervisningen
1463 1205 62 32 och
1559 1204 204 33 folkskolans
1787 1202 210 33 verksamhet
2020 1201 62 32 och

474 1261 102 32 behof
607 1265 122 27 ansetts
764 1260 104 31 finnas
892 1260 59 32 hos
976 1260 106 32 denna
1107 1258 88 32 klass
1220 1258 33 31 af
1273 1257 228 43 medborgare,
1526 1262 40 26 än
1590 1256 59 31 hos
1675 1255 111 38 andra,
1810 1265 67 21 som
1903 1259 99 37 egnat
2032 1254 50 42 sig

475 1316 32 27 åt
531 1313 49 30 för
603 1312 186 31 folkskolan
815 1323 66 19 mer
905 1311 203 31 främmande
1132 1310 306 41 sysselsättningar;
1463 1313 45 25 att
1533 1320 63 24 om,
1620 1309 106 29 såsom
1742 1307 205 30 motionären
1961 1307 121 40 påstår,

474 1363 231 42 inspektionen
730 1362 221 42 någonstädes
980 1364 89 40 «gått
1096 1366 34 26 ut
1156 1363 38 39 på
1221 1365 47 26 att
1291 1359 158 41 befrämja
1474 1357 234 33 ecklesiastika
1725 1356 179 37 ändamål»,
1918 1356 91 31 detta
2023 1357 59 41 på-

475 1414 145 37 stående,
644 1413 96 31 hvars
764 1412 201 43 befogenhet
988 1418 35 26 är
1047 1412 171 41 obestyrkt
1241 1411 61 31 och
1327 1422 51 20 om
1403 1410 95 32 hvars
1524 1409 169 42 betydelse
1717 1409 55 31 det
1795 1408 95 31 valda
1914 1408 169 41 uttrycket

474 1466 74 31 icke
571 1466 125 30 lemnar
720 1464 175 32 Utskottet
919 1467 108 39 någon
1052 1463 211 42 upplysning,
1288 1462 51 31 väl
1364 1463 48 30 får
1436 1466 136 37 antagas
1597 1461 67 30 afse
1689 1459 81 32 blott
1796 1461 102 40 något
1923 1459 159 41 tillfälligt

475 1516 174 37 missbruk,
674 1527 68 20 som
767 1515 58 31 har
849 1516 50 30 sin
922 1515 107 42 grund
1053 1514 146 31 hvarken
1223 1515 9 29 i
1257 1513 247 32 institutionens
1528 1512 52 32 idé
1594 1511 100 32 eller
1682 1507 15 54 i
1710 1511 63 30 den
1787 1511 48 30 för
1848 1510 233 42 inspektionen

474 1567 154 42 gällande
651 1567 254 31 instruktionen.

576 1618 52 31 Då
651 1618 116 31 Rikets
792 1617 142 32 Ständer
957 1617 10 31 i
992 1618 49 31 sin
1065 1616 226 42 underdåniga
1317 1615 168 32 skrifvelse
1510 1615 61 31 den
1597 1616 38 29 26
1660 1612 151 33 Oktober
1831 1614 89 35 1860,
1935 1612 71 31 med
2021 1623 61 20 un-

475 1670 193 32 derrättelse
692 1682 51 19 om
769 1669 209 42 Riksdagens
1003 1668 89 31 bifall
1120 1668 47 30 till
1191 1667 124 42 Kongl.
1340 1666 111 41 Maj:ts
1475 1666 204 42 proposition
1705 1676 51 19 om
1782 1664 185 31 inrättande
1987 1664 33 29 af
2041 1674 39 20 en

476 1722 123 31 ordnad
635 1720 188 42 inspektion
853 1720 90 31 öfver
966 1719 236 37 folkskolorna,
1226 1719 66 31 «för
1316 1722 45 26 att
1387 1717 124 32 erhålla
1536 1724 171 35 noggrann
1733 1715 183 31 kännedom
1942 1714 140 31 rörande

476 1773 62 31 den
563 1772 213 41 ståndpunkt,
800 1771 124 41 hvarpå
952 1770 351 42 folkundervisningen
1331 1770 86 30 inom
1443 1768 84 31 riket
1552 1768 50 41 sig
1627 1767 150 36 befunne,
1803 1766 48 31 till
1874 1766 136 42 ledning
2034 1766 49 30 för

476 1823 220 31 bedömandet
733 1823 34 30 af
798 1822 39 31 de
873 1822 163 42 åtgärder,
1071 1832 68 20 som
1163 1821 50 30 för
1237 1821 73 30 dess
1334 1819 227 32 förbättrande
1587 1818 100 31 borde
1714 1818 175 41 vidtagas»,
1913 1817 74 31 icke
2012 1828 70 19 om-

477 1874 79 31 talat
592 1876 101 39 några
728 1872 162 32 förbehåll
924 1872 140 31 rörande
1099 1871 223 42 inspektörers
1360 1870 207 42 tillsättning,
1602 1872 34 28 så
1672 1880 95 30 synes
1803 1868 54 31 det
1881 1879 69 20 som
1975 1867 107 31 skulle

476 1925 117 31 Rikets
628 1924 142 32 Ständer
804 1923 96 31 hafva
935 1923 167 31 betraktat
1135 1922 229 42 inspektionen
1402 1922 89 30 öfver
1525 1920 224 32 folkskolorna
1780 1922 105 28 såsom
1912 1931 38 19 en
1976 1924 106 25 staten

476 1976 198 31 tillhörande
699 1974 168 42 rättighet,
891 1986 69 20 som
985 1973 102 32 borde
1111 1974 128 31 utöfvas
1263 1976 42 39 på
1328 1972 191 32 samhällets
1543 1977 123 37 vägnar
1691 1971 34 31 af
1745 1971 73 31 dess
1847 1970 154 43 regering
2024 1981 57 31 ge-

476 2038 74 20 nom
587 2027 33 30 af
645 2027 190 30 densamma
862 2026 196 31 förordnade
1083 2024 130 32 ombud.
1262 2023 169 33 Utskottet
1457 2023 90 31 delar
1571 2023 108 31 denna
1703 2023 85 41 åsigt
1812 2021 60 32 och
1898 2032 93 20 anser
2015 2025 68 26 sta-

476 2084 52 25 ten
553 2081 42 38 på
619 2077 189 31 samhällets
833 2077 188 31 nuvarande
1046 2075 311 42 utvecklingsskede
1381 2075 72 30 icke
1478 2073 80 32 böra
1583 2073 140 32 sfhända
1748 2074 50 40 sig
1820 2072 200 42 rättigheten
2036 2077 48 25 att

475 2129 113 31 utöfva
623 2129 144 31 kontroll
803 2129 90 31 öfver
927 2139 40 20 en
1001 2129 9 29 i
1045 2127 73 32 hela
1153 2127 120 31 folkets
1299 2126 49 31 väl
1373 2128 35 29 så
1432 2126 95 41 djupt
1550 2125 195 43 ingripande
1770 2123 219 33 verksamhet.
2013 2134 68 20 som

476 2180 73 35 den,
573 2180 133 31 hvilken
731 2179 225 31 folkskolorna
979 2179 122 35 utöfva,
1125 2177 189 42 isynnerhet
1339 2189 51 19 om
1417 2188 72 19 man
1503 2177 99 31 fäster
1618 2175 171 42 tillbörligt
1805 2175 153 31 afseende
1972 2175 111 40 derpå,

477 2237 47 25 att
557 2232 196 40 regeringen
788 2242 118 30 genom
942 2230 48 31 sin
1026 2230 158 41 ställning
1218 2229 49 31 väl
1305 2228 58 31 bör
1388 2239 93 20 anses
1507 2228 109 30 kunna
1641 2239 85 19 mera
1752 2226 188 31 oberoende
1965 2226 34 30 af
2020 2226 64 31 alla

476 2283 285 30 konsiderationer
784 2282 62 31 och
870 2282 80 31 efter
974 2281 132 31 hemtad
1132 2280 199 41 upplysning
1354 2280 70 30 från
1449 2279 63 30 alla
1536 2278 106 32 henne
1667 2278 210 41 tillgängliga
1890 2277 106 31 källor
2010 2278 72 30 med

476 2339 104 26 större
615 2333 308 42 personkännedom
958 2338 157 25 utnämna
1150 2330 206 42 inspektörer
1391 2336 39 25 än
1460 2332 106 39 någon
1592 2330 49 30 för
1665 2334 98 25 annat
1789 2328 149 31 ändamål
1964 2329 118 31 utsedd

475 2385 225 41 korporation,
724 2385 84 31 huru
832 2384 115 43 duglig
971 2384 106 30 denna
1101 2389 40 25 än
1167 2385 51 29 må
1241 2393 77 20 vara
1342 2382 48 31 för
1414 2382 54 30 det
1492 2381 81 31 ände
1589 2380 54 31 mål
1668 2381 49 30 för
1741 2379 124 32 hvilket
1890 2380 62 31 den
1978 2379 104 35 blifvit

476 2437 127 31 utsedd.
