1910 2854
308 153 39 31 16
638 153 395 33 Jordbruksutskottets
1054 154 188 31 utlåtande
1265 155 53 31 Nr
1348 156 52 30 95.

266 232 131 31 skottet
417 231 91 31 intet
528 232 53 30 att
601 231 130 31 erinra.
773 231 80 32 Vad
873 231 180 31 beträffar
1075 232 58 31 det
1155 232 12 30 i
1188 231 181 32 motionen
1389 231 125 32 IT:325
1537 232 229 32 framställda

266 283 178 36 yrkandet
471 292 57 21 om
553 292 43 21 en
623 283 209 36 ytterligere
859 282 156 37 ändring
1042 283 12 31 i
1081 283 227 32 kontraktets
1333 284 18 29 2
1380 282 18 36 $
1427 293 45 21 av
1500 283 182 37 innebörd,
1710 285 55 29 att

263 333 412 37 spannmålsleverantör
720 334 198 36 berättigas
953 334 158 36 fullgöra
1134 334 164 31 leverans
1322 335 138 36 jämväl
1484 335 96 30 inom
1602 335 163 36 Koppar-

264 385 102 36 bergs
392 385 72 37 län,
491 395 105 26 synes
619 386 173 30 utskottet
818 385 100 32 vissa
943 386 78 31 skäl
1047 386 75 30 tala
1150 386 57 31 för
1234 387 54 30 att
1315 389 92 28 även
1431 387 158 31 nämnda
1614 387 63 31 län
1702 387 63 31 bör

264 438 178 35 upptagas
470 438 114 30 såsom
610 437 395 36 uppsamlingsområde
1031 438 111 31 under
1172 438 262 36 förutsättning
1463 439 55 30 att
1545 439 96 30 inom
1668 438 99 32 länet

263 488 228 36 möjligheter
508 489 145 31 beredas
672 489 57 30 till
747 489 229 36 uppsamling
995 490 65 30 och
1078 489 145 36 lagring
1243 500 45 20 av
1308 490 154 31 brödsäd
1481 490 12 30 i
1513 491 119 35 någon
1652 492 113 30 större

263 540 262 36 utsträckning.
568 540 183 32 Utskottet
775 542 106 34 utgår
906 541 123 31 därför
1055 541 82 31 från
1159 542 55 30 att
1237 541 431 36 spannmålsföreningen,
1691 551 75 21 som

265 591 154 37 tidigare
447 592 222 36 respekterat
698 593 41 30 de
767 602 44 20 av
841 592 280 31 statsmakterna
1149 593 185 36 uttryckta
1362 593 228 31 önskemålen
1618 593 12 30 i
1661 593 106 36 fråga

264 653 56 21 om
345 643 451 37 uppsamlingsområdena,
822 644 137 36 jämväl
984 644 156 31 kommer
1167 646 54 29 att
1247 645 113 30 under
1385 645 244 36 nyssnämnda
1654 645 112 31 förut-

263 695 162 36 sättning
450 695 127 31 beakta
598 696 60 30 det
684 696 12 30 i
722 696 237 31 förevarande
983 695 133 31 motion
1144 696 201 31 framförda
1371 696 227 31 önskemålet.

306 747 17 30 I
345 747 149 31 ärendet
517 747 153 31 anförda
693 748 306 35 omständigheter
1024 748 119 30 finner
1169 747 173 31 utskottet
1367 747 86 32 böra
1477 748 145 36 påkalla
1646 758 44 21 en
1713 751 52 28 ut-

266 798 164 36 jJämning
463 808 45 21 av
540 799 367 36 inlösningspriserna
939 799 57 31 för
1029 801 77 29 vete
1138 799 65 31 och
1236 800 74 35 råg.
1363 799 403 37 Departementschefen

266 850 65 30 har
358 850 66 31 ock
450 850 178 31 förklarat
654 850 55 36 sig
737 850 160 36 benägen
921 853 54 29 att
1003 851 56 30 för
1084 851 136 36 Kungl.
1248 850 109 37 Maj:t
1384 851 147 31 förorda
1557 852 170 35 åtgärder
1753 852 12 30 i

266 902 128 30 sådant
415 901 105 37 syfte.
560 901 56 31 Då
637 902 58 31 det
716 902 210 31 nuvarande
948 902 313 36 inlösningspriset
1282 902 56 31 för
1360 905 78 28 vete
1457 903 77 30 icke
1555 903 101 31 torde
1678 913 88 21 vara

266 953 107 36 högre
396 956 48 27 än
465 963 75 21 som
559 955 201 29 motsvarar
782 963 44 21 en
847 953 118 37 skälig
986 954 202 36 ersättning
1211 954 55 30 för
1288 954 351 36 odlingskostnaden,
1661 964 104 21 anser

263 1004 176 31 utskottet
458 1005 115 31 denna
589 1005 205 36 utjämning
813 1005 96 36 böra,
927 1006 12 30 i
958 1005 209 36 anslutning
1185 1005 57 31 till
1260 1006 71 31 vad
1348 1006 210 31 motionsvis
1577 1006 188 35 förordats,

263 1056 61 31 ske
346 1064 127 28 genom
496 1066 43 21 en
561 1056 151 37 höjning
735 1067 44 20 av
802 1057 189 36 rågpriset.

306 1108 133 31 Genom
467 1108 69 31 vad
561 1108 174 31 utskottet
760 1109 64 30 här
851 1118 94 21 ovan
972 1108 120 31 anfört
1119 1108 100 32 torde
1246 1108 137 37 jämväl
1409 1109 225 31 motionerna
1661 1109 31 31 TI:
1708 1110 56 29 142

266 1160 64 30 och
351 1159 52 31 II:
419 1160 38 30 67
481 1161 92 29 samt
597 1159 31 31 I:
644 1160 57 30 143
724 1160 64 30 och
812 1160 52 31 IT:
878 1160 60 31 290
962 1160 38 31 få
1023 1170 102 21 anses
1149 1160 205 32 besvarade.

304 1211 80 31 Vad
409 1211 392 36 departementschefen
828 1211 122 32 anfört
975 1212 183 36 angående
1184 1212 255 36 avsättningen
1466 1223 45 20 av
1540 1213 57 30 det
1625 1213 140 31 skörde-

264 1262 191 36 överskott,
481 1272 74 21 som
581 1263 206 36 förefinnes,
814 1263 203 31 föranleder
1043 1263 108 35 ingen
1177 1262 144 32 erinran
1349 1264 84 30 från
1459 1264 191 31 utskottets
1675 1264 89 32 sida.

263 1313 183 32 Utskottet
468 1314 65 30 vill
554 1314 197 31 emellertid
773 1314 148 36 påpeka,
944 1315 54 30 att
1019 1324 42 21 en
1083 1314 97 31 inom
1201 1315 113 31 andra
1336 1315 210 31 kammaren
1565 1316 108 31 väckt
1694 1326 71 20 mo-

264 1365 84 37 tion,
367 1375 44 21 nr
431 1365 48 36 34,
499 1375 56 21 om
570 1365 128 36 anslag
720 1366 55 30 för
796 1365 189 36 utdelning
1007 1376 45 20 av
1072 1365 277 36 brödspannmål
1371 1367 57 31 till
1450 1367 133 36 fattiga
1603 1367 162 36 jordbru-

263 1416 86 33 kare
380 1417 188 31 hänvisats
592 1417 58 31 till
672 1416 178 32 särskilda
875 1417 183 31 utskottet.

305 1468 238 32 Beträffande
569 1468 298 32 utförselbevisen
892 1468 67 31 har
981 1469 13 30 i
1019 1468 269 37 propositionen
1311 1469 79 31 icke
1415 1469 216 32 framställts
1656 1470 110 36 något

267 1521 135 35 förslag
430 1530 57 21 om
513 1520 168 36 förlängd
708 1519 168 37 giltighet
903 1529 47 22 av
977 1519 166 37 gällande
1171 1520 274 31 bestämmelser.
1494 1521 150 37 Förslag
1672 1522 13 30 i
1712 1523 53 30 så-

264 1572 86 31 dant
370 1572 199 30 hänseende
588 1572 66 30 har
674 1572 159 30 däremot
854 1571 185 37 upptagits
1059 1572 11 30 i
1091 1573 53 29 tre
1165 1571 96 31 inom
1280 1572 193 36 riksdagen
1492 1573 131 31 väckta
1642 1573 122 31 motio-

264 1633 62 21 ner
355 1623 44 35 (I:
415 1623 58 30 115
498 1624 64 30 och
587 1623 105 31 IT:66
716 1624 92 30 samt
835 1623 51 31 II:
902 1622 84 35 193).
1028 1623 55 31 Då
1109 1623 102 31 dessa
1236 1623 188 32 hänvisats
1450 1624 58 31 till
1533 1624 231 37 bevillnings-

267 1675 183 35 utskottet,
500 1675 131 30 saknar
671 1674 369 37 Jjordbruksutskottet
1070 1675 194 36 anledning
1295 1676 53 31 att
1378 1685 50 21 nu
1457 1675 86 37 ingå
1572 1678 47 35 på
1649 1677 116 31 denna

267 1727 114 36 fråga.

306 1778 80 31 Vad
414 1777 172 37 slutligen
614 1779 114 35 angår
758 1778 57 31 det
845 1778 12 30 i
886 1778 181 31 motionen
1092 1777 126 32 II:526
1247 1778 231 32 framställda
1507 1780 172 36 förslaget
1708 1791 57 20 om

265 1830 191 31 införande
483 1840 45 20 av
555 1829 334 37 inmalningstvång
918 1829 56 31 för
1001 1829 110 31 havre
1139 1829 62 32 vid
1227 1830 332 38 gryntillverkning
1586 1832 12 30 i
1625 1832 138 31 huvud-

264 1881 116 36 saklig
429 1881 351 31 överensstämmelse
817 1881 81 31 med
924 1880 453 38 jordbruksutredningens
1406 1882 145 37 förslag,
1581 1883 65 31 har
1674 1883 89 31 riks-

265 1933 115 35 dagen
398 1933 113 31 redan
529 1933 40 30 år
588 1932 79 31 1931
686 1932 62 31 hos
768 1932 134 36 Kungl.
924 1932 110 37 Maj:t
1051 1932 154 32 anhållit
1226 1943 57 21 om
1304 1933 229 37 vidtagande,
1554 1935 118 32 därest
1694 1935 69 31 för-

264 1984 217 31 hållandena
503 1984 124 31 därtill
649 1984 90 36 gåve
761 1983 205 37 anledning,
989 1993 44 22 av
1055 1984 170 36 åtgärder
1248 1984 57 31 till
1328 1985 68 31 den
1418 1986 153 31 svenska
1592 1987 171 31 havreod-

264 2035 139 36 lingens
423 2035 189 36 stödjande
630 2035 12 31 i
662 2034 243 37 huvudsaklig
924 2035 351 32 överensstämmelse
1295 2037 80 31 med
1394 2038 42 30 de
1456 2038 193 37 riktlinjer,
1669 2038 93 36 jord-

263 2087 350 35 bruksutredningen
640 2086 149 37 angivit.
837 2086 402 37 Bevillningsutskottet
1263 2088 64 31 vid
1351 2088 78 31 1932
1455 2090 59 30 års
1541 2089 147 37 riksdag
1713 2100 50 21 er-

264 2138 123 32 inrade
411 2139 13 30 i
447 2137 63 32 sitt
532 2138 224 32 betänkande
775 2148 43 20 nr
840 2138 38 30 41
899 2138 126 31 härom
1046 2139 65 30 och
1135 2139 89 30 fann
1246 2139 54 37 sig
1323 2140 124 32 kunna
1469 2142 87 35 utgå
1579 2141 108 37 ifrån,
1708 2143 56 30 att

263 2190 133 36 Kungl.
416 2190 110 36 Maj:t
542 2190 138 36 ägnade
699 2190 316 36 uppmärksamhet
1032 2191 38 30 åt
1084 2191 103 31 dessa
1206 2191 183 37 spörsmål,
1407 2192 13 31 i
1437 2192 168 32 händelse
1624 2193 139 32 skörde-

264 2241 276 31 förhållandena
562 2242 65 30 och
649 2241 200 36 tillgången
872 2243 46 34 på
942 2242 109 30 havre
1076 2252 46 20 av
1145 2243 95 29 årets
1264 2242 106 32 skörd
1395 2243 123 32 därtill
1542 2244 113 31 skulle
1679 2245 84 36 giva

264 2293 204 36 anledning.
518 2293 51 30 På
608 2293 284 31 föranstaltande
935 2303 44 20 av
1020 2293 133 36 Kungl.
1185 2293 111 36 Maj:t
1326 2294 65 31 har
1420 2295 105 31 också
1557 2295 206 33 tillkommit

263 2355 44 21 en
334 2344 348 36 överenskommelse,
708 2343 208 37 varigenom
943 2344 111 30 rikets
1082 2344 385 37 havregrynskvarnar
1495 2347 184 32 förbundit
1708 2348 55 36 sig

264 2398 54 29 att
344 2397 113 31 under
485 2396 98 31 tiden
612 2396 67 31 den
707 2397 17 29 1
752 2395 181 32 december
962 2395 186 32 1932—den
1176 2396 38 30 31
1240 2397 73 36 maj
1342 2397 78 30 1933
1447 2397 63 32 vid
1537 2399 56 31 sin
1620 2399 143 31 förmal-

263 2448 86 35 ning
385 2448 168 31 använda
589 2447 129 31 svensk
755 2447 108 30 havre
900 2447 57 30 till
979 2446 108 31 minst
1112 2448 38 30 30
1176 2449 145 33 procent
1345 2449 113 30 under
1487 2449 112 32 första
1624 2450 139 31 hälften
