1892 2836
92 2233 161 31 Ersättning

67 2269 41 30 för
127 2268 98 34 förlust
238 2269 36 29 på

102 2305 89 30 grund
209 2311 31 16 av

112 2339 124 23 minskad

77 2373 194 31 mjölkproduk-

139 2410 66 23 tron.

334 191 18 29 4
662 189 396 32 Jordbruksutskottets
1085 188 188 32 utlåtande
1299 187 53 33 Nr
1374 189 51 30 65.

291 267 92 37 följd
407 278 45 20 av
478 267 109 32 bland
612 270 113 29 annat
750 268 73 31 rots
849 267 86 31 eller
960 266 203 37 springorm
1189 266 65 31 och
1280 276 75 21 som
1380 265 92 37 följd
1496 265 114 31 härav
1638 264 152 31 omfatta

288 319 172 37 samtliga
483 318 191 33 försäkrad
695 318 293 37 djurbesättning
1010 318 220 32 tillhörande
1253 318 134 31 hästar.

329 370 77 32 Den
424 370 214 37 erfarenhet,
657 379 74 23 som
747 379 150 23 numera
914 369 150 33 vunnits
1081 369 153 33 rörande
1251 369 283 37 ifrågavarande
1553 367 239 36 försäkrings-

288 421 235 37 verksamhet,
547 422 68 31 har
639 420 206 38 emellertid,
872 423 117 30 såsom
1013 432 46 21 av
1081 421 71 31 den
1179 421 12 30 i
1214 420 387 36 statsrådsprotokollet
1625 420 166 31 lämnade

289 472 245 36 redogörelsen
558 474 173 35 framgår,
752 472 107 37 visat,
883 475 53 29 att
960 474 12 30 i
996 472 237 32 förevarande
1256 473 172 31 avseende
1453 472 167 35 gällande
1640 471 152 32 bestäm-

289 523 127 34 melser
434 523 74 36 lagt
526 524 129 32 hinder
675 526 12 30 i
705 527 117 33 vägen
845 525 56 30 för
919 526 56 30 att
996 523 252 37 försäkringen
1266 523 117 32 skulle
1403 523 110 31 vinna
1533 522 180 31 önskvärd
1732 531 60 22 an-

288 575 171 36 slutning.
506 575 224 36 Visserligen
754 575 95 32 hava
872 576 44 31 de
940 577 46 35 på
1011 575 159 32 området
1197 575 193 31 arbetande
1417 574 374 36 försäkringsbolagen

289 627 95 30 åsatt
409 627 210 32 hästvärdet
644 637 43 22 en
710 627 140 36 mycket
874 627 64 36 låg
964 626 368 37 försäkringspremie,
1358 636 80 21 men
1463 627 61 31 det
1548 626 126 31 oaktat
1698 626 93 30 hava

288 677 224 38 djurägarna
546 679 166 35 reagerat
746 681 72 29 mot
843 678 234 36 erläggandet
1102 688 46 21 av
1172 679 119 31 denna
1315 677 143 37 premie,
1482 678 123 30 vilken
1632 678 56 31 för
1712 677 80 31 dem

290 729 184 33 framstått
494 731 119 31 såsom
632 740 47 21 en
700 730 132 36 onödig
853 729 141 38 pålaga.

329 780 232 37 Djurägarna
590 781 96 32 hava
713 782 12 31 i
752 783 74 30 stor
852 781 255 36 utsträckning
1133 781 82 31 sina
1241 781 124 31 hästar
1395 780 207 32 försäkrade
1631 781 13 30 i
1673 789 119 22 annan

289 832 163 36 ordning,
489 832 252 37 berättigande
777 833 56 31 till
858 832 204 37 ersättning
1090 833 137 36 jämväl
1253 832 63 31 vid
1342 832 138 31 utbrott
1510 842 46 21 av
1582 831 211 37 sjukdomen

289 884 83 35 rots,
395 884 125 31 varför
542 883 252 36 medtagandet
818 885 12 30 i
853 883 356 37 smittförsäkringen
1232 894 45 20 av
1297 884 125 31 hästar
1444 884 112 31 oftast
1579 883 149 32 innebär
1751 892 41 22 en

288 934 350 38 dubbelförsäkring.
685 935 17 31 I
736 936 130 31 sådant
905 936 198 32 hänseende
1139 937 60 30 må
1234 935 158 35 anföras,
1420 937 53 30 att
1498 935 136 31 antalet
1660 935 133 33 hästar,

290 986 208 33 försäkrade
524 988 12 30 i
560 997 123 22 annan
707 987 155 36 ordning
888 989 46 29 än
960 988 12 31 i
996 988 66 30 här
1088 986 283 36 ifrågavarande
1396 986 330 36 försäkringsform,
1753 987 39 30 år

291 1038 78 31 1929
390 1038 157 37 uppgick
567 1038 59 32 till
647 1039 137 35 435,784.
825 1038 93 32 Hela
940 1038 136 32 antalet
1099 1039 125 31 hästar
1245 1039 12 30 i
1281 1039 80 30 vårt
1383 1038 86 31 land
1491 1037 167 37 utgjorde
1679 1037 114 36 enligt

288 1089 68 31 den
396 1091 43 30 år
479 1090 78 31 1927
587 1089 222 32 verkställda
838 1089 397 37 jordbruksräkningen
1266 1090 137 36 620,256.
1453 1090 60 30 Av
1543 1090 140 31 landets
1714 1089 80 31 hela

290 1140 231 34 hästbestånd
545 1142 101 31 torde
669 1141 153 32 sålunda
844 1141 111 37 drygt
981 1142 38 31 70
1044 1143 146 34 procent
1213 1152 91 21 vara
1331 1141 181 32 försäkrat
1536 1142 11 30 i
1571 1151 121 21 annan
1716 1141 78 31 ord-

290 1192 98 35 ning.
439 1192 125 36 Enligt
592 1193 411 35 departementschefens
1029 1193 147 36 mening
1205 1193 98 32 torde
1330 1193 61 31 det
1417 1193 115 31 under
1561 1192 136 33 sådana
1726 1192 70 31 för-

289 1242 192 32 hållanden
507 1244 78 31 icke
608 1254 93 21 vara
726 1244 57 31 för
808 1244 125 36 djärvt
960 1246 52 30 att
1038 1247 90 34 utgå
1158 1245 107 35 ifrån,
1292 1246 54 30 att
1374 1245 156 31 flertalet
1558 1255 46 20 av
1627 1245 46 31 de
1696 1243 98 37 djur-

291 1296 118 35 ägare,
432 1304 77 22 som
535 1304 128 26 genom
689 1295 211 32 tecknandet
923 1306 47 21 av
993 1295 312 36 smittförsäkring
1330 1295 97 32 visat
1450 1295 58 36 sig
1532 1296 114 31 förstå
1670 1295 125 31 vikten

291 1356 46 21 av
363 1347 54 31 att
441 1348 47 35 på
514 1346 101 32 detta
640 1347 146 31 område
809 1346 125 32 skaffa
961 1348 56 35 sig
1042 1346 352 37 försäkringsskydd,
1420 1349 91 29 även
1538 1347 133 32 träffat
1696 1347 99 30 avtal

290 1406 57 22 om
374 1397 214 38 fullständig
615 1397 205 37 försäkring
847 1408 47 21 av
920 1398 79 32 sina
1024 1398 134 36 hästar,
1184 1398 126 32 varför
1335 1398 210 36 påståendet
1569 1409 59 20 om
1653 1397 142 32 dubbel-

293 1449 204 37 försäkring
518 1459 46 22 av
582 1449 126 32 hästar
729 1449 204 37 säkerligen
951 1460 85 21 vore
1056 1450 84 31 fullt
1158 1449 207 36 berättigat.

332 1501 18 30 I
371 1501 98 31 detta
490 1501 261 36 sammanhang
773 1501 66 31 har
862 1504 92 28 även
976 1501 232 36 framhållits,
1231 1502 53 31 att
1308 1501 91 36 häst,
1422 1511 75 21 som
1521 1502 195 31 förklarats
1739 1501 55 31 be-

293 1552 129 32 häftad
437 1553 80 31 med
532 1554 85 35 rots,
634 1553 105 31 alltid
756 1553 92 31 skall
865 1553 120 36 dödas,
1003 1553 158 31 varefter
1180 1552 220 37 djurägaren
1417 1563 45 21 av
1479 1553 185 31 allmänna
1680 1553 115 31 medel

292 1604 155 31 erhåller
469 1605 204 35 ersättning
694 1604 79 32 med
795 1604 139 36 djurets
957 1604 93 32 fulla
1070 1604 122 36 värde,
1215 1605 120 31 därest
1357 1605 59 31 det
1439 1605 60 31 vid
1522 1615 44 20 en
1588 1604 207 36 obduktion,

291 1664 75 22 som
390 1655 158 32 därefter
574 1655 95 32 skall
692 1655 225 38 verkställas,
942 1655 235 37 konstateras,
1207 1658 53 30 att
1283 1656 122 36 djuret
1431 1657 77 31 icke
1532 1656 82 32 lidit
1641 1667 46 21 av
1712 1658 82 34 rots,

292 1707 64 31 och
382 1708 12 30 i
419 1708 112 30 annat
557 1707 66 31 fall
648 1707 80 32 med
752 1707 109 32 halva
884 1708 138 31 värdet.
1067 1707 159 32 Behovet
1254 1708 56 31 för
1333 1708 228 36 djurägarna
1586 1718 46 21 av
1659 1708 134 32 försäk-

291 1759 220 36 ringsskydd
531 1761 72 29 mot
623 1759 212 36 sjukdomen
855 1760 84 35 rots,
963 1759 213 31 framhåller
1197 1759 402 37 departementschefen,
1620 1759 101 32 torde
1743 1760 51 30 så-

292 1807 112 34 lunda
428 1830 39 3 —
492 1813 90 28 även
626 1809 151 33 bortsett
820 1809 84 33 från
926 1810 70 32 den
1020 1810 96 32 olika
1141 1811 76 31 risk
1244 1812 56 30 för
1323 1812 149 31 svårare
1496 1811 199 37 epizootier,
1721 1821 75 22 som

292 1861 112 32 måste
429 1870 102 23 anses
561 1861 178 37 föreligga
767 1862 11 31 i
807 1861 106 36 fråga
941 1872 58 22 om
1023 1863 44 31 de
1089 1862 99 32 olika
1210 1863 11 30 i
1244 1862 355 37 smittförsäkringen
1622 1863 173 36 ingående

292 1911 433 37 husdjurssjukdomarna
747 1932 40 4 —
807 1923 91 22 vara
926 1916 168 30 avsevärt
1123 1914 140 31 mindre
1293 1917 45 28 än
1364 1914 231 32 beträffande
1624 1913 172 38 exempel-

292 1962 57 32 vis
372 1964 90 31 mul-
486 1965 64 31 och
573 1964 203 37 klövsjuka,
800 1964 66 32 där
890 1975 85 22 man
999 1965 119 33 städse
1143 1966 113 31 måste
1281 1966 115 31 räkna
1422 1967 91 35 med,
1537 1968 57 30 att
1618 1966 178 32 nedslakt-

293 2014 271 37 ningsmetoden
605 2016 57 31 för
701 2016 228 37 sjukdomens
966 2016 245 36 bekämpande
1248 2016 118 32 kunde
1393 2017 142 32 komma
1563 2018 53 31 att
1645 2019 152 30 ersättas

294 2067 79 31 med
398 2068 49 31 ett
474 2066 400 38 isoleringsförfarande
901 2069 80 31 med
1007 2070 38 35 ty
1071 2067 200 37 åtföljande
1296 2069 113 31 större
1437 2068 169 32 förluster
1631 2080 46 21 av
1701 2069 96 32 olika

294 2118 78 37 slag
396 2119 55 31 för
475 2118 234 37 djurägarna.

334 2221 18 31 I
370 2222 19 30 2
409 2220 18 37 $
446 2231 101 22 mom.
568 2222 18 30 1
604 2222 116 31 andra
737 2221 139 36 stycket
895 2222 12 31 i
928 2221 238 37 kungörelsen
1185 2221 67 32 den
1271 2222 39 30 26
1328 2221 70 36 juli
1417 2221 78 32 1926
1514 2222 80 32 med
1611 2222 185 31 allmänna

294 2273 158 36 grunder
477 2273 56 32 för
556 2273 69 32 den
651 2272 335 33 statsunderstödda
1011 2272 358 38 smittförsäkringen
1394 2273 227 37 föreskrives,
1648 2275 55 31 att
1729 2273 69 31 för-

293 2324 195 37 säkringen
510 2325 93 31 skall
629 2335 85 22 avse
737 2327 53 29 att
815 2324 108 32 täcka
947 2325 140 36 förlust,
1112 2334 76 22 som
1212 2324 233 38 tillskyndats
1468 2325 327 37 försäkringstaga-

294 2385 65 22 ren
383 2376 209 37 därigenom
616 2378 55 30 att
697 2376 57 32 till
778 2376 92 36 följd
893 2386 46 21 av
964 2376 180 31 smittsam
1169 2375 341 38 husdjurssjukdom
1533 2377 152 31 utförsel
1709 2375 86 32 eller

295 2427 164 33 leverans
480 2438 45 21 av
545 2427 115 38 mjölk
681 2427 105 32 blivit
807 2437 45 22 av
875 2427 212 37 myndighet
1109 2427 194 37 förbjuden
1322 2427 85 32 eller
1429 2429 46 36 på
1497 2429 113 31 annat
1630 2429 75 30 sätt
1726 2427 70 32 för-
