1872 2818
434 152 432 34 Konstitutionsutskottets
893 149 176 33 utlåtande
1094 159 42 22 nr
1157 149 49 30 15.
1564 141 18 29 5

697 291 272 40 Förslag

807 361 53 32 till

72 432 76 41 Lag
172 430 185 42 angående
381 429 139 33 ändrad
544 429 140 40 lydelse
707 437 41 23 av
771 427 32 42 2,
824 426 32 42 3,
877 426 22 33 6
922 426 66 33 och
1009 425 18 33 7
1042 422 41 42 $$
1099 424 156 40 stadgan
1272 423 70 32 den
1358 422 40 33 21
1415 421 167 34 februari

75 482 80 33 1941
183 480 60 41 (nr
263 479 55 41 98)
346 490 59 24 om
434 480 211 40 ersättning
671 478 61 34 för
763 474 538 44 riksdagsmannauppdragets
1333 472 248 41 fullgörande.

789 563 74 38 28.

129 619 57 37 (=
217 617 175 39 utskottet)
409 637 8 8 -

794 683 20 30 3
838 682 29 38 8.

125 755 263 36 Riksdagsman,
415 763 75 22 som
516 754 39 30 är
579 752 113 31 bosatt
717 750 20 32 å
764 759 118 23 annan
907 753 53 28 ort
988 750 44 30 än
1060 749 63 30 där
1149 747 182 37 riksdagen
1358 745 119 36 hålles,
1505 745 79 37 äger

80 807 110 30 under
210 806 58 37 tid,
291 804 44 32 då
356 804 127 32 arvode
503 804 50 30 till
575 804 130 31 honom
726 801 108 37 utgår,
855 800 46 38 på
922 801 57 32 det
1001 799 193 33 allmännas
1216 797 192 31 bekostnad
1430 796 153 36 företaga

80 866 94 22 resor
196 857 128 30 mellan
344 856 256 36 riksdagsorten
623 854 65 30 och
710 854 180 30 hemorten
911 852 81 30 eller
1013 859 118 22 annan
1152 851 61 35 ort,
1237 849 145 36 belägen
1402 847 95 31 inom
1519 846 66 30 den

82 909 159 35 valkrets,
267 907 55 31 för
347 906 117 32 vilken
488 906 70 31 han
583 906 39 30 är
649 904 132 31 utsedd.
811 902 193 31 Enahanda
1032 900 161 37 rättighet
1220 899 211 31 tillkommer
1456 898 129 30 honom

81 958 221 32 beträffande
322 967 76 21 resa
421 956 51 32 till
495 956 65 31 och
584 954 79 32 från
688 954 193 36 riksdagen.

793 1055 21 30 6
838 1054 30 37 8.

133 1110 58 39 (=
213 1108 176 40 utskottet)

797 1171 73 38 738

134 1229 57 39 (=
214 1226 175 40 utskottet)

131 1373 122 30 Denna
282 1372 54 36 lag
362 1388 43 5 —
432 1387 44 5 —
499 1386 45 5 —
573 1368 113 32 1945.>
