2213 2676
201 1191 67 30 Ang.

167 1226 140 23 statistiska

145 1260 182 31 centralbyrån.

203 1297 67 47 [2.]

411 201 18 32 6
876 211 248 34 Stalsutskottets
1154 213 168 35 Utlåtande
1346 217 62 33 N:o
1431 220 30 32 8.

762 290 69 37 och
873 292 156 38 sålunda
1064 294 58 37 för
1150 297 41 35 år
1222 297 96 36 1906
1348 297 210 41 bestämma
1586 303 175 51 anslaget
1788 306 58 37 för
1874 307 87 37 tull-

760 344 136 37 verket
934 346 57 36 till
1016 351 55 33 ett
1098 353 80 32 mot
1211 354 188 34 staternas
1428 353 223 41 slutsumma
1681 359 186 38 svarande
1895 360 65 38 be-

759 397 90 50 lopp
871 398 40 36 af
927 400 204 48 3,852,100
1153 401 150 50 kronor,
1325 409 54 32 att
1399 408 123 35 såsom
1544 408 303 53 förslagsanslag
1866 417 94 46 utgå

760 449 125 38 direkt
915 453 40 35 af
979 453 235 48 tullmedlen;
1246 462 98 31 samt

889 504 31 51 c)
976 506 205 50 medgifva,
1212 513 65 45 att,
1308 510 11 36 i
1348 511 181 38 afvaktan
1557 517 48 46 på
1634 515 175 38 definitiv
1835 520 125 47 regle-

758 556 88 50 ring
875 559 39 35 af
938 558 361 53 kustbevakningen
1327 563 12 36 i
1368 563 240 41 Stockholms
1643 568 197 52 skärgård,
1883 572 77 37 tills

758 610 130 38 vidare
917 612 121 37 under
1066 616 41 33 år
1138 616 109 48 1906,
1269 618 41 35 så
1328 617 116 50 länge
1463 619 72 37 den
1552 623 221 38 nuvarande
1788 624 170 38 kontrol-

757 663 107 38 lören
892 665 65 37 vid
973 665 586 54 tullbevakningsinspektionen
1575 674 10 36 i
1608 674 220 39 Stockholm
1846 678 112 37 kvar-

757 719 79 32 står
864 717 9 34 i
903 718 181 47 tjänsten,
1117 720 58 34 till
1204 721 170 48 aflöning
1402 725 39 33 åt
1468 725 140 36 honom
1627 730 71 43 må,
1719 729 154 35 utöfver
1893 730 65 36 det

757 770 20 34 å
814 768 387 51 indragningsstaten
1233 772 60 38 för
1326 774 139 39 honom
1500 778 186 49 uppförda
1714 779 242 53 lönebelopp,

756 821 41 36 af
820 822 225 37 tullmedlen
1062 824 220 50 disponeras
1299 832 54 31 ett
1368 828 150 51 belopp,
1536 834 267 36 motsvarande
1819 834 135 48 tjänst-

758 874 430 52 göringspenningarna
1229 878 63 37 vid
1333 880 168 49 tjänsten
1531 883 120 51 enligt
1682 887 97 36 1904
1809 889 60 34 års
1898 888 55 37 af-

757 927 172 51 lönivgs-
959 929 69 37 och
1057 930 414 51 ålderstilläggsstater.

914 1085 205 36 Statistiska
1144 1088 248 43 centralbyrån.

488 1180 72 49 2:0)
614 1181 141 49 Kungl.
786 1183 107 48 Maj:t
921 1184 67 36 har
1016 1184 129 37 vidare
1175 1186 199 50 föreslagit
1401 1190 221 50 Riksdagen
1664 1195 74 35 dels
1767 1199 54 31 att
1849 1196 102 36 med-

358 1232 119 49 gifva,
496 1237 54 32 att
570 1232 12 37 i
603 1233 72 37 den
695 1234 59 36 för
773 1235 212 37 statistiska
1005 1238 265 49 centralbyrån
1292 1241 177 48 gällande
1489 1247 76 33 stat
1583 1245 180 49 uppföres
1784 1246 135 38 aflönin
1925 1262 27 33 g

358 1285 59 36 för
444 1284 225 51 ytterligare
698 1299 47 24 en
774 1287 117 37 andra
922 1288 392 53 aktuariebefattning
1342 1294 85 37 med
1443 1296 198 37 enahanda
1660 1293 290 60 löneförmåner,

357 1350 81 23 som
478 1351 51 23 nu
567 1343 65 32 äro
662 1339 84 37 med
775 1340 117 36 sådan
921 1341 218 51 befattning
1166 1343 12 36 i
1206 1345 281 39 ämbetsverket
1515 1348 190 50 förenade,
1735 1352 85 36 med
1850 1353 101 49 skyl-

356 1389 133 49 dighet
530 1390 97 37 dock
668 1392 59 36 för
755 1392 72 37 den
856 1406 75 36 nya
959 1394 287 51 befattningens
1274 1398 247 39 innehafvare
1550 1406 54 32 att
1632 1403 230 38 underkasta
1890 1405 61 49 sig

355 1442 46 37 de
429 1442 228 38 förändrade:
687 1445 337 49 aflöningsvillkor,
1054 1461 80 23 som
1163 1449 200 38 framdeles
1391 1455 60 33 må
1479 1453 150 37 komma
1659 1460 55 31 att
1733 1456 216 49 fastställas,

355 1495 69 36 och
453 1495 144 37 således
627 1496 58 37 för
713 1496 293 51 ifrågavarande
1035 1500 175 38 ändamål
1236 1502 89 50 höja
1353 1503 45 38 de
1430 1505 120 37 under
1569 1506 125 38 denna
1715 1509 236 48 anslagstitel

354 1547 59 36 för
441 1548 211 37 statistiska
681 1550 264 49 centralbyrån
973 1565 51 23 nu
1044 1553 178 38 anvisade
1245 1555 321 50 aflöningsmedel,
1583 1561 212 47 utgörande
1812 1564 137 45 28,400

353 1599 151 48 kronor,
539 1600 57 36 till
630 1603 137 46 31,400
803 1602 151 49 kronor,
985 1604 88 37 eller
1101 1604 87 38 med
1216 1609 113 46 3,000
1358 1608 152 50 kronor,
1546 1613 74 35 dels
1650 1617 55 31 att
1732 1613 89 49 höja
1848 1614 63 37 det
1939 1614 11 36 i

352 1666 51 22 nu
432 1652 176 48 gällande
636 1653 157 38 riksstat
821 1655 59 36 för
899 1669 145 24 samma
1059 1658 241 38 ämbetsverk
1316 1662 187 49 uppförda
1518 1665 432 50 reservationsanslaget

352 1704 56 36 till
451 1704 180 37 arfvoden
675 1709 37 33 åt
752 1707 190 49 tillfälliga
983 1709 174 37 biträden
1185 1716 98 32 samt
1310 1713 57 36 till
1394 1713 446 53 vikariatsersättningar
1868 1719 83 36 från

353 1758 138 46 20,000
533 1757 142 37 kronor
716 1759 57 36 till
815 1761 137 46 28,000
995 1761 151 49 kronor,
1177 1764 90 36 eller
1308 1766 86 36 med
1429 1768 112 47 8,000
1570 1768 152 49 kronor,
1752 1770 64 36 vid
1845 1771 105 36 bifall

352 1808 155 37 hvartill
534 1809 85 37 hela
649 1812 263 48 anslagstiteln
942 1814 210 37 statistiska
1172 1818 265 49 centralbyrån
1458 1819 120 37 skulle
1597 1821 151 37 komma
1770 1827 54 31 att
1843 1823 107 49 höjas

352 1861 85 36 från
466 1862 138 47 69,600
633 1863 141 37 kronor
801 1864 57 36 till
887 1866 139 47 80,600
1054 1866 151 50 kronor,
1236 1871 75 35 dels
1340 1873 61 34 ock
1430 1876 55 31 att
1514 1872 205 50 medgifva,
1750 1880 55 31 att
1830 1876 40 35 af
1886 1876 64 36 det

352 1912 59 37 för
439 1913 244 39 bestridande
713 1916 41 36 af
778 1917 483 50 tryckningskostnaderna
1290 1922 59 37 för
1369 1936 47 23 en
1437 1923 205 51 aflönings-
1663 1926 70 37 och
1752 1927 197 49 pensions-

351 1966 169 36 statistik
550 1967 177 37 anvisade
755 1970 391 51 reservationsanslag
1173 1976 117 35 måtte
1318 1975 38 36 få
1383 1976 118 36 under
1529 1979 89 35 åren
1641 1979 96 36 1905
1759 1980 70 36 och
1850 1981 97 36 1906

353 2019 194 36 användas
576 2025 55 31 ett
659 2020 137 50 belopp
826 2022 41 35 af
893 2024 111 45 6,000
1033 2024 141 37 kronor
1202 2026 56 36 till
1278 2028 249 37 utarbetande
1548 2030 41 35 af
1605 2043 144 24 samma
1769 2032 177 37 statistik.

479 2071 83 38 Den
598 2073 221 49 utredning,
849 2088 82 23 som
959 2075 12 36 i
1000 2076 103 37 detta
1131 2078 139 38 ärende
1299 2078 125 39 blifvit
1453 2081 210 51 förebragt,
1692 2083 207 38 innefattas
1928 2088 21 33 å

351 2122 67 37 sid.
478 2126 96 34 7—23
604 2125 11 35 i
645 2126 424 50 statsrådsprotokollet.

481 2229 57 37 Då
566 2230 137 49 frågan
732 2245 61 23 om
823 2233 210 37 statistiska
1063 2236 286 50 centralbyråns
1377 2238 119 37 behof
1521 2240 41 35 af
1587 2241 272 38 arbetskrafter
1878 2244 70 35 och

351 2281 130 38 dessas
511 2282 168 50 aflöning
707 2284 99 37 lärer
834 2285 117 38 blifva
981 2286 156 38 föremål
1166 2288 58 37 för.
1252 2290 207 49 utredning
1480 2292 41 36 af
1537 2292 72 37 den
1630 2293 41 36 af
1681 2294 139 49 Kungl.
1842 2295 107 48 Maj:t

352 2333 73 37 den
454 2337 21 35 3
505 2334 160 38 oktober
696 2338 97 35 1902
823 2337 158 39 tillsatta
1009 2339 197 38 kommitté
1235 2341 59 37 för
1323 2342 220 49 afgifvande
1568 2345 41 36 af
1624 2345 144 50 förslag
1786 2347 161 37 rörande
