2213 2677
435 191 40 32 10
898 193 249 32 Statsutskottets
1176 192 167 33 Utlåtande
1366 194 62 32 N:o
1451 196 29 31 8.

390 272 72 37 den
505 272 164 37 svenska
709 272 213 38 industrien
963 274 59 36 till
1049 274 113 49 godo,
1193 274 46 37 då
1267 275 46 37 de
1342 274 86 38 med
1456 274 177 37 säkerhet
1661 275 235 37 återkomma
1923 275 59 37 till

387 325 305 38 fäderneslandet
734 326 70 37 och
838 326 67 37 där
937 332 94 45 göra
1059 327 81 37 sina
1169 328 259 37 erfarenheter
1456 328 272 37 fruktbärande
1757 342 140 36 genom
1927 333 54 32 att

387 378 172 51 inplanta
587 378 86 38 dem
701 379 70 37 hos
801 379 81 37 sina
911 380 180 37 arbetare.

518 431 356 51 Centralstyrelsen,
918 446 80 24 som
1039 447 52 23 nu
1133 437 69 46 går
1245 439 53 32 att
1340 435 165 49 fullgöra
1547 437 201 35 årgsmötets
1789 435 189 50 uppdrag,

388 485 145 44 erinrar
548 485 60 49 sig
624 485 131 37 därvid
771 485 63 37 det
846 487 148 47 ganska
1009 500 255 36 gynnsamma
1280 487 247 49 mottagande
1544 501 47 23 en
1607 487 148 38 enskild
1771 488 208 37 motionärs

387 538 172 49 yrkande
586 538 11 36 i
627 538 123 37 denna
777 538 175 50 riktning
978 545 110 31 rönte
1118 540 39 37 af
1181 541 285 36 statsutskottet
1494 540 65 37 vid
1588 541 104 37 detta
1720 543 59 34 års
1807 541 171 49 riksdag,

387 590 72 38 och
488 591 46 36 då
563 591 231 50 exempelvis
822 591 13 36 i
863 594 82 34 vårt
972 592 230 38 broderland
1231 594 129 49 Norge
1387 594 266 37 motsvarande
1682 586 192 61 önskemål
1892 594 86 37 till-

385 643 199 50 godosetts
630 647 47 47 på
718 649 54 32 ett
812 644 110 50 långt
962 645 245 50 frikostigare
1243 651 85 44 sätt,
1359 652 47 32 än
1435 646 100 37 hvad
1562 647 135 37 hittills
1726 647 101 37 skett
1854 647 12 36 i
1894 649 85 35 vårt

385 697 101 47 land,
524 700 117 44 vågar
671 697 332 48 centralstyrelsen
1032 699 145 48 hoppas
1205 702 48 45 på
1282 705 55 30 ett
1364 699 189 48 välvilligt
1580 700 331 48 tillmötesgående
1941 700 40 35 af

386 750 203 35 årsmötets
629 748 262 50 underdåniga
929 749 187 50 anhållan,
1146 751 65 36 det
1238 750 120 37 Eders
1386 750 142 50 Kungl.
1558 751 108 50 Maj:t
1693 750 198 51 behagade
1919 750 58 37 till

388 802 96 35 19035
515 803 59 35 års
603 801 169 50 Riksdag
800 807 94 44 göra
922 803 117 49 nådig
1066 803 282 50 framställning
1377 817 60 23 om
1467 809 54 31 ett
1550 804 134 49 anslag
1704 803 40 38 af
1762 805 138 47 25,000
1920 804 55 36 kr.

383 853 61 36 för
473 854 114 36 ofvan
615 855 119 48 sagda
763 854 185 38 ändamål.

1039 917 288 50 Underdånigst

445 977 342 49 Centralstyrelsen
820 979 59 36 för
908 978 179 50 Sveriges
1115 979 179 37 industri-
1323 979 71 37 och
1423 978 495 49 handtverksorganisation

926 1085 40 36 CO.
996 1085 34 36 J.
1057 1085 40 36 EF.
1128 1084 308 38 LJUNGGREN

1092 1144 181 29 Ordförande.

1545 1234 41 32 N.
1610 1234 34 32 J.
1674 1234 168 32 Welinder.

1598 1287 201 28 Sekreterare.»

512 1374 362 50 Kommerskollegii
914 1376 262 49 underdåniga
1216 1377 196 37 utlåtande
1453 1378 86 36 med
1575 1378 206 49 anledning
1810 1378 40 36 af
1874 1377 99 37 före-

383 1427 156 36 stående
566 1427 286 50 framställning
871 1432 40 32 är
930 1428 161 49 afgifvet
1111 1429 72 36 den
1205 1431 43 35 11
1272 1430 160 37 oktober
1454 1432 98 35 1904
1573 1431 70 36 och
1661 1431 114 49 lydde
1796 1430 175 37 sålunda:

509 1478 147 38 »Sedan
696 1480 231 50 Riksdagen,
970 1481 85 36 med
1088 1481 108 37 bifall
1229 1482 59 36 till
1323 1482 101 37 hvad
1458 1482 121 38 Eders
1607 1483 142 49 Kungl.
1780 1483 111 48 Maj:t
1917 1482 57 37 uti

380 1531 119 49 nådig
538 1532 237 50 proposition
817 1533 73 37 den
922 1535 46 34 14
991 1534 153 48 januari
1175 1536 96 35 1902
1302 1535 194 48 angående
1524 1537 251 35 statsverkets
1803 1536 170 36 tillstånd

380 1584 71 35 och
493 1584 118 36 behof
649 1585 209 49 föreslagit,
904 1586 122 36 under
1055 1586 265 50 anslagstiteln
1351 1587 285 49 »befrämjande
1663 1588 12 36 i
1704 1588 203 36 allmänhet
1936 1588 40 36 af

380 1636 213 49 slöjderna»
626 1637 57 36 till
704 1638 206 37 understöd
931 1641 37 33 åt
987 1638 140 37 sådana
1145 1639 131 37 idkare
1297 1640 40 36 af
1352 1640 214 37 handtverk
1591 1641 70 36 och
1681 1655 125 23 annan
1827 1641 146 36 mindre

379 1688 174 48 industri,
588 1689 128 36 hvilka
751 1690 182 36 bedrefve
966 1690 58 37 sin
1051 1691 243 37 verksamhet
1321 1692 13 36 i
1362 1706 47 22 en
1439 1693 241 49 omfattning,
1711 1698 55 31 att
1794 1693 45 36 de
1866 1694 12 35 i:
1907 1693 65 36 all-

379 1740 158 37 mänhet
582 1741 83 37 icke
708 1742 135 49 själfva
885 1743 151 49 deltoge
1077 1743 10 36 i
1123 1744 274 48 yrkesarbetet,
1428 1745 69 36 och
1527 1758 80 24 som
1637 1746 167 36 önskade
1832 1759 139 36 genom

379 1792 246 38 imhämtande
660 1794 12 36 i
700 1794 236 38 främmande
964 1795 131 37 länder
1123 1796 41 36 af
1188 1811 76 35 nya
1293 1797 298 37 arbetsmetoder
1619 1812 48 23 m.
1698 1812 47 22 m.
1777 1798 194 37 förvärfva

377 1845 223 49 ytterligare
628 1846 161 38 insikter
809 1848 70 36 och
900 1848 228 48 erfarenhet,
1144 1850 156 48 uppfört
1315 1854 54 32 ett
1385 1850 180 37 särskildt
1580 1850 133 50 anslag
1726 1851 40 36 af
1775 1852 111 47 5,000
1901 1851 69 48 kr.,

379 1903 97 30 samt
504 1898 119 37 Eders
652 1899 142 49 Kungl.
825 1900 110 49 Maj:t
963 1914 138 35 genom
1131 1902 134 47 nådigt
1291 1902 88 36 bref
1403 1902 55 36 till
1477 1903 400 49 kommerskollegtum
1897 1903 74 37 den

379 1952 45 33 31
469 1950 200 37 december
713 1953 96 35 1902
852 1953 206 49 uppdragit
1103 1956 38 34 åt
1183 1954 208 48 kollegium
1428 1959 55 32 att
1512 1955 147 49 årligen
1687 1956 32 48 ej
1749 1956 146 36 mindre
1923 1959 47 46 på

377 2002 178 49 lämpligt
584 2008 75 32 sätt
688 2004 172 37 meddela
889 2005 257 37 allmänheten
1173 2006 275 38 underrättelse
1476 2021 62 23 om
1567 2007 173 49 anslaget
1767 2008 86 37 med
1871 2009 99 36 före-

376 2054 193 50 läggande
599 2056 41 36 af
665 2057 77 36 viss
770 2057 66 48 tid,
866 2058 102 36 inom
997 2058 157 37 hvilken
1174 2059 57 48 de,
1252 2072 82 24 som
1355 2060 168 36 önskade
1541 2061 154 36 komma
1715 2060 12 36 i
1747 2061 223 49 åtnjutande

377 2107 41 35 af
453 2107 295 49 ifrågavarande
789 2110 218 48 understöd,
1052 2111 121 36 skulle
1211 2112 58 35 till
1311 2112 209 49 kollegium
1560 2113 151 48 ingifva
1754 2114 217 48 ansökning

376 2159 127 36 därom
547 2165 98 31 samt.
685 2161 86 37 med
803 2162 370 49 tillkännagifvande
1208 2177 60 23 om
1298 2164 45 36 de
1371 2165 208 49 uppgifter,
1610 2165 116 36 sådan
1754 2166 216 48 ansökning

375 2211 116 37 borde
519 2212 203 50 innehålla,
752 2214 70 36 och
851 2228 60 23 om
941 2215 46 36 de
1015 2215 124 50 intyg,
1168 2216 140 37 hvaraf
1332 2217 217 36 densamma
1576 2217 117 37 borde
1712 2231 91 23 vara
1824 2218 144 49 åtföljd,

375 2268 48 32 än
452 2265 111 36 älven
592 2265 175 50 därefter,
797 2267 116 37 sedan
942 2267 208 49 kollegium
1179 2269 186 37 inhämtat
1384 2269 179 50 yttrande
1585 2269 83 37 från
1687 2269 282 51 centralstyrel-
