2194 2632
674 179 228 37 Lagutskottets
929 178 162 31 Utlåtande
1113 178 60 30 N:o
1198 179 50 29 21.
1757 175 19 31 d

338 256 163 36 Sålunda
531 257 120 34 finnas
679 256 13 35 1
722 259 52 32 ett
802 255 119 35 flertal
951 255 39 35 af
1014 255 301 36 Nord-Amerikas
1343 256 153 35 Förenta
1526 256 115 35 Stater
1660 255 115 47 lagar,

176 323 78 23 som
284 310 187 47 medgifva
499 310 233 47 internering
759 310 14 35 i
800 309 252 36 kuranstalter
1080 309 41 35 af
1146 309 174 36 drinkare
1350 311 46 45 på
1425 309 163 47 begäran
1604 309 172 36 afveder-

176 364 163 36 börande
369 364 193 47 anhöriga,
592 364 14 35 1
634 364 99 36 vissa
762 367 114 32 stater
891 363 95 36 dock
1000 363 92 36 först
1107 363 94 36 efter
1217 363 159 36 särskild
1391 363 239 48 myndighets
1641 363 133 47 utslag.

177 418 119 35 Tiden
323 417 56 36 för
405 418 281 47 interneringen
714 417 56 35 får
797 417 13 35 i
837 417 102 46 regel
965 417 84 35 icke
1079 416 200 48 öfverstiga
1308 419 53 34 ett
1389 419 50 33 år.
1496 417 19 35 I
1536 416 243 37 Connecticut

177 472 75 35 kan
295 471 201 37 drinkaren
530 472 155 35 insättas
714 471 14 35 i
756 483 46 23 en
831 471 80 47 asyl
939 473 46 44 på
1014 483 95 34 egen
1138 471 90 35 eller
1257 471 80 35 sina
1361 470 226 47 släktingars
1615 471 164 47 begäran

177 529 91 33 utan
296 528 116 44 några
439 525 170 48 rättsliga
637 524 250 37 formaliteter.
944 525 19 34 I
993 524 160 47 Georgia
1181 525 77 34 kan
1288 525 83 44 den,
1395 537 75 23 som
1488 525 40 35 af
1535 525 158 35 domstol
1708 524 69 36 för-

177 580 139 35 klarats
345 592 89 24 vara
466 579 337 44 »vane-drinkare»,
834 580 46 46 på
909 578 162 47 begäran
1101 578 39 35 af
1166 578 80 36 sina
1275 581 186 33 närmaste
1479 578 177 47 anhöriga
1669 578 109 36 inter-

179 646 108 23 neras
315 633 13 35 i
357 634 90 48 asyl.
504 634 19 34 I
552 636 120 33 staten
692 632 212 37 New-York
919 632 128 35 kunna
1063 632 296 45 vane-drinkare,
1379 644 77 24 som
1471 632 118 47 enligt
1603 632 178 47 skriftligt

178 688 108 48 intyg
315 687 39 36 af
377 690 63 34 två
468 687 126 36 läkare
624 687 69 35 och
721 689 63 33 två
809 687 114 35 andra
952 686 212 46 trovärdiga
1192 698 176 35 personer
1382 686 152 36 förlorat
1547 686 235 36 herraväldet

181 741 102 37 öfver
312 741 56 47 sig
397 741 134 49 själfva
559 741 69 36 och
657 746 61 30 äro
746 740 143 47 farliga,
921 753 57 22 om
1009 741 45 34 de
1083 741 143 35 lämnas
1254 740 14 35 i
1295 740 123 45 frihet,
1446 740 40 35 af
1502 740 276 36 vederbörande

179 795 231 37 förvaltande
439 795 219 47 myndighet
685 794 206 36 interneras
919 793 13 36 i
961 806 46 23 en
1036 793 258 49 drinkareasyl
1322 794 55 35 för
1406 793 74 37 viss
1509 794 65 44 tid,
1605 795 110 46 högst
1729 797 53 33 ett

181 852 50 33 år.
289 849 130 36 Andra
449 849 40 35 af
514 850 72 34 den
604 847 357 37 nordamerikanska
979 847 184 36 unionens
1179 851 115 33 stater
1309 848 166 47 tillämpa
1492 849 44 34 de
1551 848 231 36 beträffande

181 902 237 49 sinnessjuka
446 903 172 46 gällande
646 902 340 47 lagbestämmelser
1013 904 47 44 på
1090 901 186 45 drinkare,
1295 902 133 35 endast
1439 903 83 34 med
1537 901 244 48 iakttagande

181 957 40 35 af
245 969 47 23 en
320 959 114 45 något
462 956 251 37 vaksammare
743 956 161 35 kontroll
931 955 82 35 från
1038 955 329 48 myndigheternas
1396 955 90 36 sida.

342 1011 19 34 I
406 1012 146 34 Canada
588 1010 76 35 kan
702 1022 46 23 en
773 1009 284 37 vane-drinkare
1087 1009 93 36 efter
1207 1009 260 47 rannsakning
1495 1009 98 35 inför
1623 1009 162 36 domstol

181 1077 133 35 genom
345 1064 273 36 administrativ
647 1063 237 49 myndighets
913 1063 121 35 beslut
1061 1063 208 36 interneras
1297 1063 14 36 i
1339 1066 53 33 ett
1421 1063 284 36 alkoholisthem
1728 1063 56 35 för

182 1131 47 23 en
256 1118 55 36 tid
337 1118 39 35 af
400 1119 111 46 högst
539 1121 53 33 ett
620 1120 49 34 år.
728 1118 134 35 Denna
891 1118 130 46 åtgärd
1049 1117 76 36 kan
1145 1117 172 47 vidtagas
1332 1120 46 44 på
1393 1117 163 47 begäran
1571 1117 41 35 af
1623 1129 47 23 en
1687 1117 93 36 släk-

180 1172 82 47 ting
304 1172 89 35 eller
436 1184 46 23 en
506 1177 73 31 vän
608 1172 58 35 till
695 1171 217 46 drinkaren;
944 1171 68 35 och
1041 1172 82 44 den,
1155 1175 77 32 mot
1259 1171 155 36 hvilken
1443 1172 180 46 åtgärden
1650 1171 132 47 ifråga-

184 1229 124 41 sättes,
339 1232 40 29 är
406 1226 210 47 berättigad
645 1229 64 40 att,
741 1238 56 22 om
827 1225 75 35 han
931 1227 39 33 så
1000 1225 145 43 önskar,
1176 1225 37 35 få
1228 1224 145 37 vittnen
1389 1225 116 35 hörda
1519 1225 56 35 för
1591 1228 54 32 att
1656 1225 127 47 styrka

186 1279 298 47 obehöfligheten
514 1279 39 35 af
578 1280 72 34 den
678 1279 190 48 påyrkade
896 1278 291 47 interneringen.

343 1333 19 35 I
392 1334 45 34 de
467 1332 222 36 australiska
718 1335 163 33 staterna
910 1332 107 36 South
1044 1332 199 44 Australia,
1273 1332 310 36 New-Brunswick
1618 1332 164 44 Victoria,

184 1388 254 35 New-Zeeland
464 1387 60 35 och
551 1386 346 37 New-South-Wales
925 1385 129 35 kunna
1075 1385 174 36 drinkare
1265 1387 46 45 på
1327 1385 162 47 begäran
1505 1385 40 35 af
1556 1398 47 22 en
1618 1385 166 47 släkting

186 1442 90 35 eller
304 1453 46 23 en
378 1446 72 31 vän
480 1441 67 35 och
577 1440 93 35 efter
697 1442 63 34 två
788 1439 145 36 läkares
962 1440 164 35 hörande
1143 1439 40 36 af
1195 1439 277 37 vederbörande
1489 1439 295 36 administrativa

186 1494 221 49 myndighet
434 1494 206 35 interneras
668 1494 57 35 för
753 1493 75 37 viss
857 1493 55 36 tid
941 1493 41 35 af
1000 1493 111 47 högst
1140 1496 53 33 ett
1222 1496 48 32 år.

345 1549 20 34 I
394 1549 72 34 den
495 1547 241 37 schweiziska
764 1547 190 36 kantonen
983 1547 53 36 S:t
1067 1547 125 36 Gallen
1220 1547 129 35 kunna
1369 1546 173 37 drinkare
1559 1547 94 36 efter
1667 1546 116 47 legiti-

187 1603 126 35 merad
355 1602 147 35 läkares
530 1601 107 48 intyg
666 1614 132 34 genom
827 1601 123 35 beslut
978 1600 40 36 af
1042 1601 277 35 vederbörande
1348 1600 438 49 kommunalmyndighet

186 1657 156 35 insättas
370 1656 13 35 i
413 1656 90 47 asyl,
535 1656 65 35 där
628 1654 177 36 vistelsen
832 1654 14 35 i
873 1655 102 46 regel
1004 1667 107 23 varar
1141 1657 128 33 9—18
1300 1655 186 43 månader,
1518 1667 84 22 men
1617 1655 64 36 vid
1694 1657 90 32 åter-

187 1710 65 35 fall
281 1715 100 30 ännu
408 1710 139 46 längre.
605 1709 220 36 Kostnaden
852 1708 56 35 för
919 1708 220 47 asylvården
1155 1707 192 45 bestrides,
1365 1721 57 23 om
1440 1709 72 34 den
1528 1708 106 47 sjuke
1650 1708 137 35 saknar

187 1763 212 47 tillgångar,
431 1763 40 35 af
495 1763 277 36 vederbörande
801 1762 188 36 kommun.

348 1810 125 41 Äfven
501 1816 13 34 i
543 1817 114 34 andra
686 1815 241 38 schweiziska
955 1815 184 35 kantoner
1166 1815 112 36 hafva
1307 1815 119 35 under
1455 1816 44 34 de
1529 1818 147 32 senaste
1698 1817 88 32 åren

189 1870 191 46 framlagts
409 1869 138 46 förslag
574 1869 57 35 till
660 1870 104 46 lagar
790 1870 14 35 i
832 1881 139 24 samma
999 1868 169 47 riktning
1188 1881 77 23 som
1281 1869 162 35 nämnda
1459 1868 88 47 lag
1532 1864 22 56 i
1566 1868 56 36 S:t
1639 1868 145 36 Gallen.

189 1925 66 34 Ett
283 1924 40 35 af
347 1936 46 22 en
423 1923 159 35 särskild
609 1923 304 46 lagkommission
942 1922 211 36 utarbetadt
1181 1922 138 47 förslag
1346 1922 57 36 till
1432 1922 173 46 strafflag
1632 1922 57 35 för
1703 1922 84 35 hela

191 1977 162 36 Schweiz
383 1977 208 34 innehåller
618 1976 162 47 följande
809 1976 292 36 bestämmelser:

354 2031 88 35 >»Om
473 2042 46 22 en
548 2029 284 35 vane-drinkare
862 2030 125 35 dömes
1015 2029 57 35 till
1100 2029 166 46 fängelse
1295 2029 56 35 för
1380 2041 46 22 en
1455 2028 54 36 tid
1534 2028 39 35 af
1597 2029 110 46 högst
1736 2032 53 32 ett

191 2087 50 42 år,
271 2085 76 35 kan
376 2084 206 35 domstolen
611 2083 93 35 efter
731 2083 144 34 läkares
905 2083 162 35 hörande
1092 2083 75 34 låta
1195 2082 128 46 intaga
1339 2081 224 36 honom
1478 2077 22 56 i
1520 2077 43 56 en
1578 2082 211 35 kuranstalt

190 2137 56 35 för
287 2138 185 43 drinkare,
517 2137 115 35 sedan
668 2136 74 35 han
767 2136 155 47 aftjänat
950 2136 151 35 straffet.
1160 2136 217 34 Domstolen
1405 2135 221 35 bestämmer
1654 2135 132 44 tillika,

192 2193 54 32 att
273 2191 74 33 han
377 2191 95 35 skall
501 2189 175 47 lösgifvas
705 2201 44 22 ur
778 2189 195 44 anstalten,
1005 2191 39 32 så
1074 2191 101 32 snart
1204 2189 73 34 han
1306 2187 123 36 blifvit
1459 2187 129 46 botad;
1619 2188 93 35 efter
1726 2191 62 32 två

192 2246 58 32 års
279 2243 149 36 vistelse
458 2247 20 32 å
508 2243 184 36 anstalten
721 2242 95 35 skall
844 2243 74 34 han
948 2242 11 35 i
989 2242 70 35 alla
1089 2242 196 35 händelser
1315 2241 185 47 lösgifvas.
1558 2241 136 35 Likaså
1714 2241 74 35 kan
