2215 2687
410 203 38 29 68
855 199 62 32 Bil.
941 199 45 31 till
1008 199 218 43 Lagutskottets
1253 199 160 32 Utlåtande
1436 198 64 33 N:o
1522 200 51 32 31.

558 298 129 49 Kongl.
716 298 127 49 Maj:ts
863 298 155 49 förslag.

412 384 103 49 lopp,
556 398 94 34 som,
688 383 11 37 i
728 384 66 37 fall
823 383 213 50 bevillning
1064 383 124 38 skulle

411 438 104 46 utgå,
552 438 48 47 på
633 435 127 48 grund
788 435 42 37 af
852 435 337 49 taxeringsvärdet

412 493 102 31 emot
542 487 119 38 sådan
690 486 213 51 bevillning
931 500 141 24 svarar.

738 679 45 35 61
813 675 29 49 $.

487 761 74 36 Vid
578 760 267 50 fördelningen
863 761 40 36 af
913 761 86 36 hela
1014 761 173 48 väghåll-

411 812 333 49 ningskostnaden
779 813 121 48 enligt
929 815 45 35 59
1003 810 19 49 $
1050 813 138 36 räknas

412 864 73 36 den
514 863 11 36 1
555 864 141 36 mantal
724 870 98 31 satta
845 864 139 50 jorden
1008 864 57 36 till
1085 864 102 47 godo

411 914 258 50 uppskattade
710 915 135 37 värdet
885 915 42 37 af
959 915 64 37 det
1050 914 138 37 under-

411 966 78 36 håll
516 966 39 36 in
583 972 145 41 natura,
758 980 80 23 som
863 967 139 49 jorden
1027 966 161 48 åligger,

412 1017 71 36 och
513 1017 151 48 påföres
694 1017 104 37 detta
817 1017 372 49 beskattningsföre-

412 1068 74 36 mål
514 1068 84 37 icke
626 1071 129 46 någon
773 1069 195 48 vägskatt,
989 1069 129 36 derest
1133 1068 55 37 bi-

413 1119 145 48 dragen
581 1120 81 36 från
678 1120 125 48 öfriga
818 1119 370 49 beskattningsföre-

412 1170 73 36 mål
515 1175 65 32 äro
608 1171 232 48 tillräckliga
867 1171 57 37 till
940 1171 246 37 bestridande

412 1221 42 36 af
475 1221 210 48 utgifterna
714 1235 42 23 ur
784 1222 230 48 vägkassan.

737 1359 45 35 62
811 1355 30 49 $.

487 1459 263 49 Uppkommer
794 1460 215 36 öfverskott
1051 1460 11 36 1
1095 1465 93 43 väg-

411 1510 142 37 kassan
581 1510 120 37 sedan
730 1510 46 37 de
797 1510 11 37 i
829 1512 45 36 53
896 1508 18 50 $
935 1511 250 37 omförmälda

411 1561 121 36 behof
574 1561 127 37 blifvit
750 1562 214 48 behörigen
1008 1562 180 48 tillgodo-

412 1611 132 48 sedda,
573 1625 92 36 eger
684 1613 239 49 Konungens
935 1613 251 49 befallnings-

411 1662 202 48 hafvande,
654 1666 49 46 på
735 1664 146 48 förslag
909 1665 41 36 af
972 1665 216 48 vägstyrel-

412 1726 80 34 sen,
521 1713 180 38 förordna
729 1728 61 23 om
819 1715 89 36 dess
933 1715 252 37 användande

411 1764 58 36 för
488 1765 360 49 grundförbättring
872 1766 41 37 af
922 1771 169 44 vägarne
1104 1766 82 45 och,

411 1815 118 36 sedan
546 1815 254 38 öfverskottet
814 1817 129 36 härför
957 1817 84 36 icke
1053 1817 131 36 vidare

411 1865 202 48 erfordras,
637 1867 146 48 jemväl
809 1867 58 37 till
886 1867 171 49 lindring
1072 1868 41 37 af
1124 1868 64 37 det

411 1917 277 48 vägunderhåll
718 1919 37 35 in
775 1924 145 42 natura,
941 1932 81 23 som
1040 1919 148 48 åligger

411 1967 74 36 den
518 1967 11 36 i
558 1968 141 37 mantal
728 1974 98 31 satta
849 1970 150 48 jorden,
1029 1970 160 36 sålunda

410 2023 55 31 att
504 2021 49 46 på
592 2019 241 48 vägkassans
875 2021 215 36 bekostnad
1127 2021 56 36 till

410 2069 200 37 underhåll
644 2070 218 49 öfvertages
892 2076 88 44 väg,
1009 2085 81 23 som
1120 2071 64 37 vid

410 2134 52 34 ny
490 2121 239 49 vägdelning
757 2122 117 36 borde
902 2123 56 36 till
987 2123 200 36 underhåll

409 2174 49 45 på
476 2172 166 36 nämnda
658 2172 429 51 beskattningsföremål
1103 2174 83 37 blif-

410 2236 46 22 va
484 2222 165 40 indelad,

1438 298 185 37 Utskottets
1643 299 155 49 förslag.

1242 384 46 49 af
1311 385 222 48 vägkassans
1560 384 147 50 utgifter
1721 385 107 49 enligt
1843 386 67 35 den
1918 386 99 49 fast-

1240 436 120 36 stälda
1401 436 242 50 utgiftsstaten
1670 436 152 50 påföres
1849 437 169 49 samtliga

1240 488 198 48 vägfyrkar
1466 488 55 36 till
1550 488 71 36 lika
1650 488 106 37 andel
1776 488 66 50 för
1869 501 41 23 en
1928 488 90 37 hvar

1240 540 46 48 af
1310 540 89 35 dem.

1592 679 45 36 61
1667 674 29 50 $.

1322 762 72 35 Till
1432 762 143 48 ledning
1606 762 68 49 för
1707 762 225 48 vägskattens
1965 762 52 36 be-

1242 814 225 35 stämmande
1533 814 83 35 böra
1677 813 341 49 häradsskrifvarne

1240 864 120 48 hvarje
1396 864 43 36 är
1474 865 88 48 efter
1594 865 139 35 slutade
1761 865 256 48 taxeringsför-

1241 915 203 49 rättningar
1490 916 56 36 till
1591 916 257 47 vägstyrelsens
1894 916 123 49 ordfö-

1242 968 111 35 rande
1380 968 158 34 insända
1559 967 282 48 förteckningar,
1871 980 74 23 som
1952 968 67 48 för

1242 1018 120 48 hvarje
1397 1018 166 36 kommun
1597 1018 229 36 summariskt
1857 1025 160 41 upptaga

1241 1070 219 48 beträffande
1479 1070 213 49 fastigheter
1719 1070 60 36 och
1787 1070 230 48 frälseränta

1241 1121 304 48 taxeringsvärdet
1579 1127 93 29 samt
1708 1121 218 48 beträffande
1961 1121 55 35 in-

1240 1172 122 44 komst,
1400 1185 74 23 som
1512 1172 12 35 1
1551 1171 175 49 väghållet
1753 1172 166 48 deltager,
1949 1172 67 35 den

1241 1222 327 49 beskattningsbara
1596 1223 150 35 andelen
1775 1223 117 48 deraf.

1593 1360 45 35 62
1668 1356 29 49 $.

1317 1460 263 50 Uppkommer
1621 1460 214 37 öfverskott
1874 1459 12 37 i
1922 1464 94 44 väg-

1239 1512 141 36 kassan
1409 1511 119 37 sedan
1557 1511 46 37 de
1632 1511 10 36 i
1664 1512 46 36 53
1736 1508 13 50 $
1765 1510 251 38 omförmälda

1241 1562 120 37 behof
1405 1562 125 37 blifvit
1579 1562 214 49 behörigen
1835 1562 181 49 tillgodo-

1240 1613 131 48 sedda,
1393 1627 92 35 eger
1504 1614 239 48 Konungens
1764 1613 250 49 befallnings-

1240 1665 202 47 hafvande,
1479 1667 49 47 på
1561 1665 147 48 förslag
1736 1665 39 36 af
1800 1665 216 48 vägstyrel-

1240 1729 80 33 sen,
1370 1716 89 48 efter
1503 1716 41 35 de
1588 1715 428 49 väghäållningsskyldiges

1239 1767 168 46 hörande,
1454 1766 180 37 förordna
1674 1780 61 23 om
1776 1766 241 50 öfverskottets

1238 1817 252 36 användande
1518 1817 57 37 för
1594 1817 360 48 grundförbättring
1980 1817 40 36 af

1240 1873 169 43 vägarne
1425 1869 83 46 och,
1525 1868 120 37 sedan
1661 1868 253 37 öfverskottet
1928 1868 86 36 här-

1241 1919 57 36 för
1325 1919 84 37 icke
1438 1919 130 37 vidare
1585 1919 201 47 erfordras,
1809 1914 120 58 jemväl
1958 1918 58 37 till

1241 1970 170 48 lindring
1439 1970 41 36 af
1504 1970 63 36 det
1595 1970 279 48 vägunderhåll
1896 1969 39 37 in
1951 1983 64 23 na-

1236 2026 95 40 tura,
1360 2034 82 23 som
1472 2021 149 48 åligger
1637 2021 375 48 jordbruksfastighet,

1238 2072 159 37 sålunda
1432 2077 54 32 att
1518 2075 48 46 på
1593 2072 240 48 vägkassans
1862 2071 153 37 bekost-

1240 2123 75 36 nad
1355 2123 57 36 till
1448 2123 200 37 underhåll
1677 2123 219 48 öfvertages
1924 2127 88 44 väg,

1240 2187 82 23 som
1363 2174 66 36 vid
1465 2188 51 34 ny
1544 2174 239 48 vägdelning
1810 2173 118 37 borde.
1955 2174 55 35 till

1237 2225 200 37 underhåll
1465 2228 48 47 på
1540 2225 166 36 nämnda
1727 2223 286 52 beskattnings-

1238 2276 157 38 föremål
1423 2276 119 39 blifva
1569 2276 165 41 indelad.
