2214 2678
727 207 230 42 Lagutskottets
976 207 177 33 Utlåtande
1176 207 68 32 N:o
1267 209 51 31 31.
1730 209 40 30 23

224 286 269 51 ständigheter
526 287 197 38 föranleda
757 292 54 33 ett
843 288 198 50 undantag
1072 288 82 37 från
1184 288 73 38 den
1288 288 158 38 sålunda
1476 288 168 38 uttalade
1672 289 143 50 grund-

224 346 140 32 satsen.

354 392 136 38 Såsom
530 393 113 37 ofvan
679 398 41 32 är
751 394 170 48 nämndt,
951 394 225 37 förutsätter
1205 394 88 37 herr
1321 395 188 36 Helander
1537 394 10 37 i
1577 394 67 38 sitt
1674 394 145 50 förslag

224 451 56 31 att
309 445 344 50 uppskattningen,
683 446 119 37 första
830 450 153 45 gången
1014 447 115 36 sådan
1161 447 86 36 sker
1276 446 96 38 efter
1399 447 64 37 det
1491 447 73 37 den
1594 460 77 36 nya
1704 448 114 48 lagen

223 496 102 38 trädt
353 497 12 36 i
394 497 114 49 kraft,
539 497 97 37 skall
665 497 228 38 verkställas
922 498 13 37 i
964 499 278 49 sammanhang
1270 499 85 37 med
1383 499 247 49 vägdelning,
1658 499 70 38 och
1749 500 69 36 har

223 550 76 36 han
342 550 12 35 i
396 550 177 49 enlighet
614 550 157 37 härmed
806 551 121 36 under
962 551 249 37 förevarande
1248 551 20 49 $
1301 551 191 45 hemstält,
1527 556 55 32 att
1614 552 203 49 uppskatt-

223 601 147 49 ningen
414 606 61 33 må
516 602 31 36 »
589 602 124 37 likhet
751 603 85 36 med
870 603 117 36 andra
1021 603 105 37 delar
1159 603 40 37 af
1227 561 300 96 förrätbningen»
1556 603 258 50 öfverklagas,

224 654 200 37 hvaremot
453 655 9 35 i
492 655 96 36 hans
617 655 145 49 förslag
791 655 141 37 saknas
964 656 265 36 bestämmelse
1249 657 54 35 uti
1323 655 293 49 ifrågavarande
1637 656 180 37 afseende

223 706 59 37 för
310 706 64 36 det
402 706 42 36 af
467 706 138 37 honom
630 707 144 48 jemväl
802 707 204 37 förutsatta
1033 708 74 46 fall,
1136 713 56 31 att
1219 708 283 50 uppskattning
1525 709 199 36 sedermera
1741 709 76 37 kan

223 758 238 37 förekomma
486 766 92 29 utan
608 760 279 48 sammanhang
916 759 85 37 med
1031 759 245 50 vägdelning.

352 811 199 37 Utskottet
585 811 69 37 har
687 812 209 36 emellertid
934 812 84 36 icke
1054 812 124 37 funnit
1212 812 83 37 skäl
1330 812 135 50 frångå
1498 812 74 37 den
1606 812 41 38 af
1677 812 141 51 Kongl.

224 863 108 49 Maj:t
360 863 71 37 och
462 863 187 37 särskilda
679 864 187 36 utskottet
896 870 168 43 antagna
1093 870 98 30 samt
1221 865 40 35 af
1285 864 129 37 Andra
1444 864 231 37 Kammaren
1724 865 95 49 god-

224 915 124 37 kända
377 916 222 49 grundsats,
629 921 54 31 att
711 916 142 49 klagan
883 917 31 49 ej
945 920 59 33 må
1033 916 104 37 föras
1168 922 102 31 emot
1295 917 211 37 nämndens
1527 917 291 50 uppskattning.

966 1040 47 35 50
1044 1038 31 49 8.

352 1123 53 37 Af
430 1124 70 36 lätt
527 1123 127 37 insedt
683 1124 83 37 skäl
796 1125 68 37 har
892 1126 188 36 utskottet
1108 1125 68 37 här
1204 1125 166 49 vidtagit
1397 1125 73 37 den
1495 1125 206 50 jemkning
1731 1126 87 36 ire-

222 1176 221 48 daktionen,
473 1181 55 32 att
557 1176 107 37 ordet
694 1178 162 36 »finnes»
885 1177 124 37 blifvit
1038 1178 129 49 utbytt
1197 1183 78 32 mot
1299 1178 117 37 orden
1446 1183 60 32 »är
1536 1178 91 37 eller
1648 1178 167 37 vardery.

969 1301 44 35 53
1044 1298 34 50 8;

358 1384 14 35 I
407 1395 104 25 mom.
547 1398 16 23 c
591 1386 120 36 under
740 1386 125 36 denna
894 1386 184 49 paragraf
1102 1386 69 36 har
1199 1386 108 37 ordet
1334 1398 91 36 »ny»
1454 1385 156 37 framför
1640 1386 178 49 »vägdel-

226 1436 116 49 ning»
384 1441 148 31 ansetts
576 1437 91 37 böra
709 1441 105 46 utgå,
852 1438 46 36 då
926 1438 144 48 jemväl
1106 1438 69 37 den
1218 1438 59 36 del
1307 1438 40 36 af
1371 1438 216 37 kostnaden
1613 1438 57 36 för
1698 1439 121 36 första

225 1487 299 51 vägdelningen,
565 1503 80 23 som
683 1490 85 37 icke
802 1490 189 37 bestrides
1027 1490 40 37 af
1099 1490 244 46 statsverket,
1379 1504 115 36 synes
1529 1490 91 37 böra
1652 1494 94 45 utgå
1780 1491 42 36 af

224 1541 232 49 vägkassan.

969 1665 47 35 54
1045 1664 30 49 8.

352 1749 56 37 Då
443 1749 65 36 det
540 1763 115 35 synes
691 1751 189 37 utskottet
917 1750 157 50 vigtigt,
1107 1755 55 32 att
1189 1751 184 49 pröfning
1399 1751 40 37 af
1459 1751 139 49 frågor,
1625 1765 79 23 som
1735 1756 85 32 röra

223 1801 299 49 vägdistriktets
565 1802 250 37 ekonomiska
856 1803 249 48 förvaltning,
1148 1803 191 37 anförtros
1376 1806 38 34 åt
1451 1803 45 37 de
1529 1804 291 50 väghållnings-

222 1853 181 49 skyldige
432 1853 145 49 sjelfve,
609 1854 69 36 har
707 1855 188 37 utskottet
921 1855 8 36 i
952 1855 109 48 fråga
1081 1868 59 23 om
1160 1856 290 48 vägstyrelsens
1471 1856 349 49 sammansättning

222 1905 212 50 föreslagit,
472 1911 55 31 att
564 1907 165 36 nämnda
760 1908 162 48 styrelse
953 1907 96 36 skall
1078 1912 105 31 utses
1212 1908 41 36 af
1277 1909 46 36 de
1347 1908 471 50 väghållningsskyldige,

221 1958 101 36 helst
356 1958 230 48 konungens
624 1959 426 49 befallningshafvande
1089 1959 125 37 blifvit
1242 1960 167 49 inrymdt
1438 1960 242 49 erforderligt
1710 1961 110 49 infly-

220 2009 115 37 tande
378 2010 12 35 i
434 2010 159 37 berörda
629 2011 219 37 hänseende
881 2025 139 36 genom
1050 2012 295 36 bestämmelsen
1376 2012 12 35 i
1417 2012 256 50 nästföljande
1702 2012 31 50 $,
1764 2019 55 30 att

220 2061 233 37 instruktion
497 2062 58 36 för
596 2064 268 48 vägstyrelsen
906 2064 96 37 skall
1037 2064 39 36 af
1119 2063 228 51 konungens
1390 2064 429 49 befallningsbafvande

222 2113 220 37 fastställas.
484 2114 134 37 Denna
649 2116 224 48 förändring
897 2116 157 49 bringar
1083 2116 114 36 också
1225 2117 228 49 paragrafen
1483 2116 11 36 i
1520 2117 297 37 öfverensstäm-

223 2165 119 36 melse
373 2166 86 37 med
488 2167 87 36 dess
604 2167 147 49 lydelse
782 2168 121 49 enligt
933 2168 140 48 Kongl.
1105 2168 126 49 Maj:ts
1260 2168 146 49 förslag
1435 2175 99 30 samt
1558 2169 100 37 hvad
1688 2169 130 37 herrar

222 2218 191 36 Helander
456 2218 71 37 och
570 2219 37 37 J.
652 2220 205 49 Bengtsson
889 2220 12 36 i
936 2220 173 51 enlighet
1138 2220 86 37 med
1252 2220 131 38 Andra
1412 2221 252 38 Kammarens
1693 2221 127 39 beslut

222 2270 211 49 föreslagit.
