2209 2685
403 233 37 28 50
845 224 64 31 Bil.
933 223 44 31 till
1000 221 217 43 Lagutskotiets
1245 219 158 32 Utlåtande
1425 216 63 32 N:o
1511 217 51 31 31.

1153 338 41 34 19
1224 332 28 49 $.

505 437 158 57 Åligger
703 448 137 45 någon,
883 445 47 45 på
962 440 122 50 grund
1115 439 38 36 af
1178 437 178 38 särskildt
1384 435 196 49 åtagande,
1610 440 55 30 att
1692 432 221 37 underhålla
1943 431 65 36 all-

405 507 85 28 män
531 505 84 40 väg,
656 497 68 35 bro
754 495 91 36 eller
872 493 108 49 färja,
1008 495 60 33 må
1096 490 132 37 dervid
1255 488 192 44 förblifva,
1476 487 126 35 derest
1631 486 45 47 ej,
1706 486 9 35 i
1745 485 72 35 den
1846 483 163 47 ordning

405 564 80 24 som
526 550 11 35 i
579 552 21 33 4
641 546 18 49 $
700 554 97 41 sägs,
838 545 116 37 sådan
995 551 84 40 väg,
1121 543 68 35 bro
1223 542 92 35 eller
1343 539 95 48 färja
1467 537 152 50 pröfvas
1648 537 90 36 böra
1766 536 57 36 till
1853 535 156 36 allmänt

406 601 199 38 underhåll
634 598 224 49 öfvertagas.

1161 699 45 34 20
1235 693 29 48 $.

507 805 100 48 Väg-
636 804 71 36 och
736 802 293 48 bropenningar,
1059 798 67 36 der
1154 797 46 36 de
1229 795 136 37 hittills
1394 793 39 37 af
1458 791 229 50 vägfarande
1717 791 151 48 erlagts,
1906 788 106 37 skola

407 857 187 49 upphöra,
624 856 48 36 då
699 854 146 43 sådant,
874 859 90 29 utan
994 848 265 38 förnärmande
1289 846 39 37 af
1353 849 144 44 någons
1527 843 170 56 enskilda
1724 848 88 38 rätt,
1833 841 64 36 ske
1927 841 83 35 kan.

1163 988 43 34 21
1237 981 29 49 $.

510 1096 75 36 Der
614 1096 108 35 kassa
749 1089 57 40 för
834 1090 177 51 byggnad
1041 1089 91 35 eller
1160 1086 202 37 underhåll
1390 1084 40 37 af
1454 1084 68 36 bro
1553 1083 93 36 eller
1666 1080 105 49 färja,
1791 1093 80 24 som
1892 1078 122 38 öfver-

410 1155 107 42 tages
545 1147 58 37 till
632 1144 201 38 underhåll
860 1142 163 37 medelst
1051 1139 221 49 vägkassan,
1300 1138 118 35 finnes
1447 1134 154 46 samlad,
1637 1133 94 37 skall
1760 1132 74 36 den
1862 1143 152 28 samma,

411 1204 39 32 så
491 1199 87 36 vida
619 1198 71 35 den
732 1194 240 49 uppkommit
1008 1204 137 35 genom
1175 1189 175 48 uppbörd
1379 1187 82 36 från
1491 1184 242 49 vägfarande,
1763 1183 252 36 öfverlemnas

411 1251 58 36 till
512 1245 481 52 väghållningsdistriktets
1033 1242 193 48 vägkassa.
1279 1237 60 39 Ar
1381 1239 71 35 den
1496 1237 172 36 deremot
1709 1234 129 36 bildad
1879 1245 135 37 genom

412 1300 274 38 sammanskott
713 1297 40 37 af
778 1293 452 52 väghållningsskyldige,
1260 1305 66 35 ege
1357 1290 45 36 de
1430 1294 56 31 att
1514 1286 177 38 deröfver
1719 1285 161 47 förfoga.

1165 1413 44 34 22
1238 1407 30 49 $.

512 1522 74 34 Bro
629 1520 92 35 eller
758 1517 107 48 färja,
907 1529 80 23 som
1029 1514 215 47 öfvertages
1285 1512 57 35 till
1380 1509 199 37 underhåll
1608 1507 161 36 medelst
1797 1505 219 48 vägkassan,

412 1573 95 36 skall
532 1572 66 36 vid
627 1568 325 38 öfverlemnandet
979 1578 89 25 vara
1096 1565 135 35 försatt
1260 1564 8 34 i
1298 1562 134 48 laggilt
1460 1560 116 36 skick.

570 1723 126 48 Kongl.
725 1721 130 49 Maj:ts
874 1720 156 48 förslag.
1457 1712 186 37 Utskottets
1662 1710 155 49 förslag.

751 1843 44 34 23
824 1837 29 49 $.

490 1945 95 47 Väg,
614 1944 68 36 bro
712 1943 70 36 och
812 1941 94 48 färja
939 1940 105 36 skola
1072 1939 119 35 hållas

416 1998 10 35 i
456 2002 55 31 ett
539 1996 58 36 för
625 1993 246 38 samfärdseln
901 1991 86 37 fullt
1016 1989 176 38 tillfreds-

416 2047 185 37 ställande
639 2046 116 35 skick.
875 2043 97 36 båda
1001 2042 103 36 sidor
1132 2053 60 23 om

415 2106 121 40 vägen
580 2098 105 35 skola
723 2096 113 35 diken
874 2094 58 36 till
966 2092 227 47 erforderlig

416 2149 120 36 bredd
566 2148 69 36 och
666 2147 90 48 djup
786 2145 84 36 med
899 2144 135 47 nödigt
1067 2143 125 47 aflopp

416 2207 124 41 göras,
570 2199 126 36 derest
724 2197 139 37 sådana
891 2196 95 44 icke,
1016 2193 95 37 efter
1131 2206 61 23 ve-

418 2250 257 37 derbörandes
703 2247 190 50 pröfning,
922 2252 91 30 utan
1043 2245 150 47 olägen-

417 2303 66 35 het
510 2303 127 34 kunna
665 2300 199 36 undvaras.

1578 1833 45 34 23
1653 1827 30 49 $.

1319 1935 96 48 Väg,
1444 1934 67 36 bro
1542 1933 68 36 och
1641 1931 94 48 färja
1767 1931 106 36 skola
1902 1930 118 35 hållas

1248 1988 8 35 i
1287 1993 55 30 ett
1369 1986 57 35 för
1455 1984 245 37 samfärdseln
1730 1981 88 37 fullt
1842 1980 179 37 tillfreds-

1246 2037 185 38 ställande
1473 2035 116 37 skick.
1643 2024 34 46 Å
1704 2033 98 37 båda
1830 2032 103 36 sidor
1961 2044 60 23 om

1246 2095 68 43 väg
1333 2088 105 37 skola
1458 2087 112 36 diken
1587 2086 58 36 till
1662 2084 225 47 erforderlig
1902 2082 118 37 bredd

1247 2141 69 35 och
1346 2140 90 46 djup
1466 2138 84 35 med
1579 2136 134 48 nödigt
1741 2136 125 47 aflopp
1900 2140 120 41 göras,

1246 2192 126 35 derest
1412 2189 138 36 sådana
1588 2188 96 42 icke,
1717 2186 97 36 efter
1842 2184 180 37 vederbö-

1247 2242 136 36 randes
1438 2239 195 49 pröfning,
1684 2243 91 30 utan
1821 2235 202 48 olägenhet

1246 2294 125 35 kunna
1399 2291 199 37 undvaras.
