2211 2672
627 204 65 32 Bil.
716 204 44 32 till
783 204 218 42 Lagutskottets
1030 203 158 32 Utlåtande
1211 203 65 32 N:o
1298 204 52 31 31.
1755 206 37 28 13

191 284 39 37 af
255 290 164 43 vägarne
448 284 194 37 derstädes
671 285 71 36 och
771 283 127 37 derför
928 284 108 36 äfven
1065 283 101 49 gifva
1194 283 202 49 anledning
1424 284 57 35 till
1523 289 121 31 större
1682 283 111 36 trafik

192 337 83 35 med
305 344 40 42 ty
375 336 206 49 åtföljande
610 337 141 47 ökning
781 336 39 36 af
845 335 444 37 underhållskostnaden.
1344 335 86 36 Icke
1465 335 121 35 skulle
1629 335 65 36 det
1733 335 60 35 väl

192 388 47 35 då
279 401 87 22 vara
408 388 84 35 med
536 388 174 47 billighet
751 387 410 36 öfverensstämmande
1195 392 56 30 att
1278 387 75 35 låta
1382 386 45 35 de
1457 386 57 35 för
1543 386 104 36 detta
1677 386 115 35 härad

191 439 60 34 väl
293 439 189 47 behöfliga
524 420 180 66 bidragen
747 439 57 34 till
845 438 191 47 väghållet
1077 437 80 36 från
1186 437 161 35 nämnda
1377 437 235 35 industriella
1642 437 153 46 anlägg-

192 489 134 47 ningar
367 470 165 55 fördelas
570 471 140 65 jemväl
751 492 44 44 på
839 470 116 54 andra
985 488 128 43 härad,
1143 501 79 22 som
1252 491 58 32 må
1340 487 122 36 hända
1491 500 88 23 vore
1609 487 10 35 i
1649 488 145 34 mindre

191 518 119 57 behof
335 539 40 36 af
399 540 139 35 sådana
567 540 173 36 tillskott.

292 608 55 36 De
390 607 195 59 praktiska
625 608 286 48 svårigheterna
952 607 57 36 för
1050 606 230 49 antagandet
1320 605 40 37 af
1398 612 120 30 större
1547 606 154 35 distrikt
1729 613 65 28 äro

192 659 213 46 säkerligen
436 660 31 46 ej
498 659 118 35 heller
644 659 117 47 ringa.
804 658 186 37 Särskildt
1017 658 66 35 vill
1112 639 188 54 utskottet
1328 658 10 35 i
1368 657 103 35 detta
1489 656 175 36 afseende
1684 655 111 37 fram-

193 706 101 55 hålla
323 686 332 75 nödvändigheten
686 690 40 55 af
751 723 44 22 en
825 722 102 22 mera
955 709 198 36 invecklad
1182 709 268 46 organisation,
1472 708 84 35 med
1580 706 109 37 deraf
1706 708 90 46 möj-

193 761 100 47 ligen
338 760 193 36 föranledd
575 761 143 47 ökning
759 760 39 36 af
836 759 471 47 förvaltningskostnaden,
1337 759 192 35 äfvensom
1558 759 238 46 svårigheter

194 812 84 35 med
317 811 176 36 afseende
532 815 20 32 å
586 812 277 47 vägdelningen
907 812 69 34 och
1019 811 262 47 fördelningen
1324 810 39 36 af
1401 810 317 48 vägunderhållet
1759 811 36 34 in

193 868 146 30 natura.
396 862 144 49 Frågan
584 876 60 21 om
686 862 105 36 detta
833 862 216 35 underhålls
1092 861 211 49 utgörande
1346 861 72 42 blir
1446 861 106 35 alltid
1583 860 212 44 svårlöst,
1778 856 19 59 i

195 913 180 36 händelse
405 927 83 21 man
519 913 228 36 bestämmer
775 914 56 44 sig
861 913 57 35 för
946 916 39 32 så
1022 919 96 29 stort
1159 912 155 36 distrikt
1354 925 80 22 som
1476 918 55 29 ett
1572 911 224 48 Jandstings-

195 965 165 34 område.
389 964 113 36 Låter
523 977 83 22 man
628 965 188 47 nemligen
838 964 81 35 hela
940 963 173 36 området
1133 962 116 36 blifva
1277 963 114 35 enhet
1419 962 58 35 för
1504 962 292 49 vägdelningen,

195 1016 70 34 kan
295 1015 64 36 det
388 1015 186 48 knappast
603 1015 197 43 undvikas,
829 1020 55 30 att
913 1028 44 22 en
987 1014 136 47 mängd
1145 1014 229 48 egendomar
1392 1012 38 36 få
1449 1013 55 35 sin
1525 1013 147 47 väglott
1691 1013 106 46 långt

194 1065 139 36 afsides
376 1066 187 47 liggande,
605 1066 165 35 särdeles
812 1078 59 22 om
913 1070 24 30 t.
976 1078 58 22 ex.
1073 1066 100 34 inom
1211 1070 55 29 ett
1294 1064 145 35 mindre
1470 1064 115 35 härad
1615 1064 118 34 finnas
1761 1063 36 35 få

195 1124 127 39 vägar,
352 1129 84 23 men
466 1116 272 48 fastigheterna
768 1123 63 28 äro
861 1115 40 36 af
921 1111 276 71 jemförelsevis
1228 1115 90 47 högt
1346 1114 127 36 värde.
1519 1114 177 35 Fördelas
1717 1117 81 32 åter

195 1175 163 41 vägarne
399 1168 57 35 till
499 1145 199 58 underhåll
741 1168 34 34 in
818 1173 134 29 natura
996 1169 45 44 på
1070 1166 145 35 mindre
1245 1146 180 54 områden
1454 1165 101 35 inom
1585 1165 64 35 det
1677 1170 120 30 större

195 1194 206 71 distriktet,
431 1221 117 32 måste
578 1231 82 22 man
691 1219 191 45 antingen,
912 1218 8 33 i
956 1217 119 35 likhet
1116 1216 84 35 med
1243 1216 97 35 hvad
1382 1216 168 35 komitén
1591 1215 206 47 föreslagit,

195 1269 77 35 låta
314 1269 188 35 häradena
544 1270 76 34 sins
662 1248 160 56 emellan
864 1246 101 69 gifva
1008 1267 210 36 hvarandra
1260 1267 222 47 ersättning,
1524 1279 59 22 om
1627 1266 64 35 det
1730 1279 69 22 ena

196 1319 159 36 häradet
397 1320 73 34 blir
507 1332 103 23 mera
638 1319 212 45 betungadt
879 1318 83 36 med
992 1317 273 48 vägunderhåll
1296 1325 43 27 än
1371 1324 54 29 ett
1453 1323 124 37 annat,
1607 1317 92 35 eller
1728 1316 69 35 ock

196 1370 75 35 låta
301 1370 70 35 den
402 1371 195 35 anmärkta
626 1356 241 72 ojemnheten
908 1349 159 56 emellan
1110 1369 45 35 de
1198 1368 98 35 olika
1339 1367 187 36 häradena
1567 1370 161 45 qvarstå.
1783 1367 15 35 I

196 1421 97 35 båda
335 1421 112 35 fallen
489 1422 108 35 torde
626 1421 305 48 organisationen
961 1420 202 46 invecklas,
1193 1419 207 47 hvarjemte
1434 1419 9 34 i
1473 1418 100 35 förra
1614 1418 107 36 fallet
1749 1418 45 35 de

197 1472 227 35 omnämnda
454 1452 238 78 liqviderna
713 1472 216 47 antagligen
972 1471 147 35 komme
1161 1477 56 29 att
1257 1470 117 35 väcka
1416 1469 150 46 mycket
1611 1469 187 46 missnöje,

198 1523 120 35 under
359 1523 64 36 det
452 1523 10 35 i
491 1536 132 23 senare
660 1522 106 36 fallet
794 1501 85 57 den
894 1522 221 47 utjemning,
1144 1534 80 23 som
1254 1521 96 35 varit
1379 1520 158 49 åsyftad,
1567 1520 80 35 icke
1677 1519 122 36 blefve

199 1574 9 34 1
237 1577 123 44 någon
391 1575 187 46 väsentlig
607 1577 84 32 mån
722 1573 191 48 uppnådd.

299 1641 55 35 Då
383 1641 178 47 slutligen
591 1641 231 47 landstinget
850 1640 39 35 af
906 1641 236 35 motionären
1163 1639 225 36 framhållits
1408 1643 122 32 såsom
1551 1639 175 47 lämpligt
1745 1644 56 30 att

198 1698 264 41 representera
486 1669 63 73 "de
590 1672 437 67 väghållningsskyldige
1070 1691 68 36 och
1178 1697 55 30 att
1267 1689 203 37 öfvervaka
1499 1690 71 36 den
1600 1689 85 36 med
1713 1697 89 40 väg-

199 1743 365 47 hållningsbesväret
593 1743 177 35 förenade
798 1742 290 47 förvaltningen,
1118 1755 107 22 anser
1254 1742 188 34 utskottet
1476 1741 56 47 sig
1572 1741 91 35 böra
1705 1739 96 37 fästa

199 1774 385 67 uppmärksamheten
614 1794 101 43 derå,
744 1799 55 29 att
828 1793 121 35 denna
978 1793 246 47 korporation
1253 1792 209 35 innesluter
1491 1772 54 55 ett
1573 1797 98 29 stort
1699 1792 102 34 antal

199 1844 81 35 icke
296 1822 450 70 väghållningsskyldige,
759 1847 121 32 såsom
896 1843 410 48 stadsrepresentanter
1322 1843 69 35 och
1408 1843 236 46 tjenstemän,
1661 1842 139 43 hvilka,

199 1896 10 34 i
239 1895 64 34 fall
332 1895 38 35 af
396 1895 435 47 meningsskiljaktighet
851 1895 134 34 mellan
1007 1894 45 35 de
1072 1894 437 47 väghållningsskyldige
1529 1866 271 78 ledamöterna,

200 1945 126 36 kunna
367 1945 208 36 bestämma
613 1959 44 22 en
686 1946 125 47 frågas
840 1949 154 42 utgång.
1049 1944 196 36 Utskottet
1272 1944 72 35 kan
1374 1945 81 34 icke
1483 1944 101 35 finna
1613 1957 44 21 en
1685 1943 116 35 sådan

200 1996 212 48 anordning
441 2010 87 22 vara
557 1997 166 47 lämplig.
779 1996 79 35 Den
885 1975 68 64 tid,
983 2008 79 23 som
1092 1995 70 35 kan
1192 1995 122 36 anslås
1343 1994 56 36 för
1429 1995 256 45 landstingens
1706 2007 95 22 sam-

201 2029 224 62 mankomst,
466 2047 109 36 torde
618 2048 192 35 dessutom
853 2060 88 22 vara
979 2046 222 47 tillräckligt
1229 2052 192 42 upptagen
1452 2044 39 36 af
1517 2045 45 36 de
1591 2026 210 66 ferfaldiga

200 2098 141 48 bestyr,
370 2111 80 22 som
478 2098 116 36 redan
625 2099 122 47 åligga
776 2097 252 47 landstingen.

302 2165 195 37 Utskottet
525 2166 70 35 kan
625 2166 147 36 således
801 2166 31 46 ej
863 2165 148 36 biträda
1040 2165 255 35 motionärens
1323 2163 152 48 förslag,
1505 2169 55 29 att
1587 2163 103 35 länet
1710 2163 93 35 eller

201 2217 387 47 landstingsområdet
616 2217 12 35 i
655 2217 103 46 regel
787 2217 121 35 skulle
937 2222 136 41 utgöra
1101 2215 432 48 väghållningsdistrikt.
1582 2214 221 35 Emellertid

201 2267 65 35 vill
296 2248 188 56 utskottet
512 2246 207 70 ingalunda
745 2247 257 56 underskatta.
1019 2267 46 35 de
1094 2248 90 63 skäl,
1214 2279 79 22 som
1323 2247 73 54 tala
1435 2264 57 37 för
1533 2278 44 22 en
1617 2265 187 36 utsträck-
