1906 2832
120 1768 151 27 Utskottet.

314 178 36 27 14
762 179 249 26 Statsutskottets
1035 178 156 27 utlåtande
1215 179 43 26 Nr
1283 179 64 26 156.

631 256 117 40 Grupp
767 257 57 30 III.

628 318 117 38 PONT
784 343 28 4 cm
828 342 515 7 scvscmeens
994 314 42 47 0
1085 314 39 47 uk
1158 314 54 47 ng
1235 314 112 47 gaser
1367 320 126 29 15—25

629 371 270 31 Rektorsarvode
924 367 18 44 =
961 396 380 6 .osossssoscsss
1268 367 75 44 oso
1396 374 97 28 2400

629 460 117 39 Grupp
765 460 53 31 IV.

627 522 117 39 POäNg
783 546 557 6 moseeerreerrerrersrr
1201 516 56 49 rer
1266 516 34 49 er
1309 516 34 49 es
1384 524 107 28 8—14

628 574 270 31 Rektörsarvode:
932 570 9 44 =
961 599 380 6 :.:==:sss:
1135 570 75 44 ög:
1234 599 107 6 8
1398 577 94 28 1920

629 656 117 38 Grupp
769 656 35 30 V.

626 716 116 39 POÄNS
780 712 227 48 occcscssons
1030 740 308 6 oogienssarvaR
1358 718 99 37 högst
1473 718 15 28 7

626 769 272 31 Rektorsarvode
924 765 20 44 =
960 793 381 6 .ossssossssosrse
1287 765 59 44 roa
1398 770 93 29 1440

352 866 13 29 I
386 866 110 39 övrigt
518 866 185 40 tillstyrker
724 868 162 29 utskottet
909 868 123 38 Kungl.
1057 867 116 39 Maj:ts
1195 868 128 38 förslag
1346 867 9 30 i
1377 867 98 39 fråga
1497 877 57 20 om
1576 867 221 31 lönesättnin-

307 926 63 30 gen
391 919 54 30 för
466 920 162 35 rektorer,
652 919 131 31 således
803 920 131 38 jämväl
954 920 163 39 förslaget
1136 921 149 30 rörande
1305 921 288 30 rektorsarvoden
1614 920 58 30 vid
1692 921 106 38 högre

307 971 201 37 folkskolor,
536 983 73 19 som
635 972 75 31 icke
736 975 60 28 äro
821 973 180 39 praktiska
1028 975 254 29 mellanskolor.

886 1099 29 28 3.
944 1098 269 38 Tillsynslärare.

352 1168 78 30 Med
451 1169 210 30 förordande
684 1179 42 19 av
749 1172 45 27 ett
816 1179 41 20 av
883 1170 84 29 1936
990 1169 56 30 års
1068 1169 393 39 lärarlönesakkunniga
1484 1170 162 38 framlagt
1668 1169 130 38 förslag

308 1222 63 29 har
388 1222 380 38 departementschefen
786 1222 185 39 föreslagit,
992 1226 48 27 att
1060 1222 245 39 tillsynslärare
1323 1223 57 30 vid
1399 1222 265 39 ifrågavarande
1683 1222 116 30 skolor

307 1274 57 30 må
382 1275 130 35 kunna,
532 1275 85 30 efter
635 1276 344 37 skolöverstyrelsens
998 1276 218 38 beprövande
1235 1276 10 29 i
1263 1276 94 38 varje
1376 1276 139 30 särskilt
1532 1275 71 37 fall,
1623 1275 175 30 tillerkän-

308 1337 61 20 nas
390 1331 46 27 ett
458 1327 101 40 årligt
580 1329 127 29 arvode
727 1338 57 20 om
806 1329 100 38 högst
928 1329 65 29 200
1014 1329 136 29 kronor.
1175 1328 334 38 Skolöverstyrelsen
1530 1329 91 29 hade
1641 1328 156 30 förordat

307 1384 46 27 ett
369 1381 269 39 maximibelopp
656 1391 43 20 av
716 1382 64 29 300
797 1382 138 29 kronor.
955 1381 252 31 Statskontoret
1224 1382 90 29 hade
1332 1380 190 39 ifrågasatt,
1541 1381 172 30 huruvida
1730 1382 66 29 den

307 1434 204 37 erfarenhet,
536 1444 73 20 som
632 1434 139 30 vunnits
794 1435 147 29 rörande
965 1434 352 39 arbetsuppgifternas
1340 1434 211 39 omfattning
1573 1435 65 29 och
1660 1434 137 30 beskaf-

309 1488 125 35 fenhet,
462 1489 155 29 närmast
643 1488 107 30 borde
776 1488 191 35 föranleda,
995 1491 49 26 att
1071 1487 169 30 särskilda
1268 1488 248 37 tillsynslärare
1542 1487 58 30 vid
1626 1486 170 40 ifrågava-

308 1542 106 29 rande
434 1542 116 29 skolor
570 1541 75 30 icke
665 1540 146 39 utsåges.
834 1541 12 29 I
867 1541 96 38 varje
983 1541 62 30 fall
1065 1541 95 29 torde
1182 1541 138 29 särskilt
1340 1540 126 31 arvode
1487 1540 51 30 till
1558 1540 108 30 sådan
1686 1541 112 29 lärare

307 1594 103 39 enligt
438 1595 262 29 statskontorets
727 1594 139 38 mening
893 1595 174 37 knappast
1092 1594 134 29 behöva
1254 1593 227 30 förekomma.
1510 1593 285 39 Undervisnings-

306 1648 180 30 väsendets
507 1648 211 30 lönenämnd
739 1648 62 29 har
822 1648 133 29 lämnat
975 1647 42 30 de
1038 1647 237 38 sakkunnigas
1296 1647 129 38 förslag
1445 1650 85 26 utan
1552 1647 146 29 erinran.

350 1763 12 29 I
384 1764 42 29 de
446 1762 91 31 båda
559 1763 249 29 förutnämnda
828 1762 217 30 motionerna
1068 1763 26 28 I:
1110 1763 60 28 277
1193 1762 67 30 och
1281 1762 44 29 II:
1340 1763 61 28 417
1426 1762 64 29 har
1511 1762 128 38 yrkats,
1660 1764 49 27 att
1730 1761 65 30 till-

306 1817 193 38 synslärare
521 1815 105 31 måtte
647 1816 86 30 efter
754 1816 344 37 skolöverstyrelsens
1119 1816 220 38 beprövande
1360 1816 121 29 kunna
1503 1815 224 30 tillerkännas
1749 1817 48 27 ett

305 1870 126 30 arvode
448 1880 42 19 av
509 1870 100 38 högst
627 1870 63 29 300
708 1870 137 28 kronor.
866 1869 66 29 Till
951 1869 76 29 stöd
1046 1868 53 30 för
1117 1869 92 29 detta
1228 1868 156 38 yrkande
1402 1868 65 29 har
1484 1868 107 29 bland
1609 1870 107 27 annat
1734 1876 60 20 an-

305 1923 95 35 förts,
417 1926 49 27 att
483 1923 126 29 arvode
626 1923 78 29 med
721 1922 152 30 nämnda
890 1922 81 29 eller
987 1922 106 38 högre
1108 1921 125 39 belopp
1249 1921 106 30 redan
1372 1920 82 39 utgå
1471 1921 51 29 till
1538 1921 90 29 vissa
1645 1920 149 38 tillsyns-

304 1977 109 29 lärare
433 1976 58 30 vid
512 1976 42 29 de
574 1976 226 29 kommunala
822 1975 172 29 skolorna.

348 2029 171 30 Utskottet
540 2029 58 29 vill
620 2028 195 35 framhålla,
837 2031 49 27 att
908 2027 292 40 löneregleringen
1223 2027 205 39 näppeligen
1449 2027 158 30 kommer
1629 2029 48 27 att
1699 2026 94 30 med-

303 2082 74 30 föra
394 2081 116 39 någon
526 2081 279 39 löneminskning
822 2081 53 30 för
891 2082 42 29 de
949 2082 121 33 lärare,
1087 2080 92 30 vilka
1195 2080 190 38 tjänstgöra
1403 2079 115 30 såsom
1534 2079 257 39 tillsynslärare,

304 2136 91 29 detta
419 2136 108 29 bland
552 2138 105 27 annat
681 2134 45 39 på
751 2135 110 38 grund
886 2144 43 20 av
955 2134 41 30 de
1021 2144 42 20 av
1089 2133 122 38 Kungl.
1238 2133 100 39 Maj:t
1362 2133 197 38 föreslagna
1584 2132 65 30 och
1674 2141 42 21 av
1740 2135 50 27 ut-

300 2189 122 29 skottet
450 2189 10 30 i
487 2189 56 30 det
570 2188 154 39 följande
752 2188 183 38 tillstyrkta
961 2187 305 30 bestämmelserna
1293 2186 147 30 rörande
1468 2185 187 38 ersättning
1683 2183 34 31 åt
1742 2184 48 30 lä-

303 2252 84 25 rare,
416 2252 74 19 som
519 2250 122 30 genom
668 2241 294 38 löneregleringen
989 2240 85 30 lider
1101 2240 290 37 löneminskning.
1420 2239 65 30 Vid
1513 2238 123 31 sådant
1663 2237 129 31 förhål-

302 2296 101 29 lande
421 2296 66 29 och
506 2294 44 31 då
568 2296 40 29 de
626 2304 42 20 av
687 2294 122 38 Kungl.
830 2293 99 39 Maj:t
947 2294 195 37 föreslagna
1161 2293 174 29 arvodena
1354 2293 49 29 till
1422 2292 247 38 tillsynslärare
1688 2300 104 29 synas

299 2349 118 29 kunna
448 2348 165 38 godtagas
643 2348 80 29 med
753 2347 136 38 hänsyn
921 2346 52 30 till
1002 2346 99 30 dessa
1129 2345 361 39 befattningshavares
1520 2344 173 40 uppgifter
1723 2344 66 29 och

298 2401 108 30 andra
426 2401 303 38 omständigheter,
750 2400 112 30 finner
882 2399 51 39 sig
953 2400 165 29 utskottet
1138 2399 85 29 böra
1243 2398 171 39 tillstyrka
1436 2398 124 39 Kungl.
1583 2397 116 39 Maj:ts
1720 2396 69 30 för-

300 2454 70 39 slag
394 2455 65 29 och
483 2454 161 38 avstyrka
668 2452 265 40 ifrågavarande
956 2452 179 35 motioner,
1162 2451 102 31 såvitt
1288 2452 98 29 dessa
1411 2451 103 39 skilja
1538 2451 50 39 sig
1612 2450 78 31 från
1714 2449 74 31 sist-

298 2507 151 30 nämnda
471 2507 138 38 förslag.
