1932 2826
303 184 37 30 18
757 191 272 31 Statsutskottets
1056 192 177 31 utlåtande
1256 202 41 20 nr
1325 193 46 30 78.

304 273 79 29 med
403 274 344 35 sammanhängande
768 274 323 38 ersättningsfrågor
1113 275 196 32 föranleder
1331 277 75 31 icke
1428 277 114 37 någon
1566 278 136 30 erinran
1728 278 77 30 från

304 322 182 32 utskottets
504 322 84 32 sida.

350 372 114 30 Under
482 372 219 37 åberopande
718 384 43 20 av
778 375 56 30 det
853 375 147 30 anförda
1019 375 54 31 får
1090 376 164 31 utskottet
1271 378 190 31 hemställa.

657 449 23 30 I.
706 453 48 27 att
778 450 183 36 riksdagen
987 450 56 31 må
1071 451 9 29 i
1107 452 187 36 anledning
1319 462 42 20 av
1388 453 120 35 Kungl.
1535 454 116 38 Maj:ts
1676 454 131 36 förslag

612 499 157 37 medgiva

661 550 31 39 a)
722 553 50 28 att
789 551 48 30 till
852 552 260 36 borgmästaren
1128 553 9 29 i
1154 547 100 36 Åmål
1272 553 137 37 Ragnar
1425 555 117 29 Patrik
1563 555 51 30 S:t
1632 554 67 37 Cyr
1716 558 89 28 samt

616 600 216 32 rådmännen
852 602 10 29 i
883 611 134 22 samma
1040 604 77 30 stad
1137 603 124 31 Gustaf
1281 604 112 30 Edvin
1414 605 180 36 Lindqvist
1612 606 66 30 och
1703 606 102 31 Ema-

616 653 81 29 nuel
723 652 136 31 Witalis
886 653 140 37 Mogren
1052 653 57 31 må
1136 653 79 31 från
1241 655 66 30 och
1333 657 80 29 med
1440 657 67 29 den
1536 657 75 36 dag,
1640 656 45 31 då
1715 656 88 32 före-

618 702 100 30 skrift
735 713 59 21 om
811 704 141 30 stadens
969 704 189 32 förenande
1176 705 9 30 i
1203 705 170 36 judiciellt
1388 708 170 30 avseende
1577 708 79 30 med
1673 708 132 30 Tössbo

617 753 64 30 och
708 753 117 31 Vedbo
852 754 165 37 domsaga
1042 756 115 29 träder
1185 756 11 29 i
1221 756 105 35 kraft,
1353 756 78 31 från
1462 758 177 31 allmänna
1668 759 135 37 indrag-

617 803 212 37 ningsstaten
861 805 111 30 under
1000 806 101 30 deras
1130 805 217 33 återstående
1375 807 114 32 livstid
1520 809 168 31 utbetalas
1718 809 87 37 årlig

616 855 212 37 gottgörelse,
849 855 50 31 till
918 856 49 30 S:t
986 856 67 36 Cyr
1073 857 79 30 med
1174 858 38 29 10
1226 858 64 30 000
1309 858 128 31 kronor
1457 864 91 26 samt
1566 860 50 30 till
1637 870 107 22 envar
1761 871 44 21 av

618 904 177 36 Lindqvist
820 906 65 30 och
914 906 140 37 Mogren
1077 908 80 30 med
1179 909 63 29 965
1269 908 130 32 kronor
1421 911 42 29 60
1486 911 67 35 öre,
1578 912 79 29 med
1679 911 124 31 iaktta-

616 955 111 34 sande
749 965 42 21 av
815 959 49 27 att
887 956 19 30 å
933 956 220 33 förmånerna
1178 958 148 36 dyrtids-
1352 960 79 30 eler
1458 964 108 27 annat
1589 961 116 38 tillägg
1728 962 76 31 icke

616 1006 87 30 skall
729 1005 93 38 utgå;

659 1055 33 40 b)
722 1060 49 28 att
797 1057 48 31 till
871 1057 214 32 rådmännen
1111 1059 10 30 i
1150 1060 209 30 Karlshamn
1384 1062 64 29 Per
1473 1062 84 30 Erik
1585 1064 104 30 Adolf
1716 1065 87 30 Lan-

617 1107 74 36 dén,
721 1108 115 30 Johan
865 1108 195 31 Johansson
1091 1110 66 30 och
1188 1111 72 30 Nils
1292 1112 115 30 Kroon
1436 1112 59 30 må
1523 1112 81 32 från
1629 1115 66 29 och
1725 1116 80 29 med

617 1157 64 31 den
704 1158 74 36 dag,
802 1158 44 31 då
868 1159 179 31 föreskrift
1066 1170 57 21 om
1149 1162 137 30 stadens
1309 1162 191 31 förenande
1520 1164 11 29 i
1554 1164 167 38 judiciellt
1747 1175 55 21 av-

615 1209 123 30 seende
762 1210 80 30 med
863 1210 167 37 domsaga
1059 1212 114 30 träder
1196 1212 10 29 i
1232 1212 104 36 kraft,
1362 1212 78 31 från
1466 1215 176 31 allmänna
1666 1215 137 38 indrag-

616 1258 211 37 ningsstaten
856 1261 168 31 utbetalas
1052 1260 86 38 årlig
1167 1263 198 38 ersättning,
1395 1264 48 30 till
1476 1265 142 31 Landén
1644 1284 45 4 —
1715 1267 89 31 intill

615 1309 67 30 den
710 1309 165 36 tidpunkt
903 1310 43 31 då
973 1312 72 31 han
1069 1312 139 36 uppnår
1236 1315 41 29 67
1304 1313 56 31 års
1388 1313 95 33 ålder
1508 1333 44 4 —
1577 1317 81 30 med
1687 1319 38 29 10
1739 1319 64 30 509

616 1359 128 32 kronor
767 1360 108 36 jämte
895 1361 148 39 dyrtids-
1069 1363 65 30 och
1158 1363 192 39 kristillägg
1375 1364 19 31 å
1419 1369 47 27 ett
1488 1366 126 38 belopp
1638 1377 43 21 av
1707 1370 17 29 7
1740 1369 63 30 200

615 1410 129 31 kronor
768 1411 104 36 enligt
892 1413 45 30 de
960 1412 55 31 för
1037 1413 341 38 befattningshavare
1399 1416 11 30 i
1432 1419 130 30 statens
1583 1418 106 36 tjänst
1712 1421 90 29 stad-

614 1461 87 35 gade
724 1462 159 36 grunder,
909 1462 50 31 till
987 1463 196 32 Johansson
1207 1467 80 29 med
1315 1467 93 30 1092
1435 1467 131 32 kronor
1592 1469 107 38 jämte
1725 1471 77 36 dyr-

616 1510 80 31 tids-
724 1512 67 30 och
819 1512 190 38 kristillägg
1035 1513 20 31 å
1085 1518 47 27 ett
1160 1515 125 37 belopp
1313 1526 43 21 av
1387 1519 61 30 720
1477 1518 130 32 kronor
1634 1525 90 26 samt
1753 1521 50 31 till

617 1561 114 31 Kroon
753 1563 80 30 med
856 1563 63 30 300
944 1564 129 32 kronor
1097 1565 108 39 jämte
1228 1566 145 37 dyrtids-
1401 1569 65 30 och
1491 1569 191 39 kristillägg
1705 1571 97 35 därå,

616 1612 87 30 dock
729 1614 81 30 med
833 1613 222 38 iakttagande
1078 1619 58 34 att,
1162 1618 118 30 därest
1303 1618 142 31 Landén
1469 1620 112 31 skulle
1604 1622 124 37 övergå
1754 1622 49 31 till

614 1662 174 31 ordinarie
812 1663 193 39 befattning
1026 1665 12 31 i
1063 1669 127 28 statens
1215 1667 108 36 tjänst
1348 1669 82 31 eller
1453 1674 92 28 utses
1569 1671 50 30 till
1642 1673 159 31 kommu-

614 1713 295 37 nalborgmästare
935 1715 10 29 i
970 1716 208 32 Karlshamn
1204 1719 81 30 eller
1309 1719 8 30 i
1343 1729 116 22 annan
1483 1723 76 30 stad
1583 1724 81 30 eller
1684 1724 50 30 till
1756 1725 45 30 le-

616 1764 118 30 damot
762 1774 43 21 av
834 1775 117 21 annan
976 1765 200 35 rådhusrätt
1208 1769 65 30 och
1303 1770 187 37 magistrat,
1521 1773 70 30 han
1622 1773 32 37 ej
1684 1775 120 31 vidare

615 1814 88 30 skall
727 1824 85 22 vara
835 1815 11 30 i
874 1815 203 37 åtnjutande
1102 1827 43 22 av
1169 1819 149 32 berörda
1341 1823 213 37 gottgörelse,

659 1868 90 27 samt
774 1867 50 29 att
851 1865 79 33 från
958 1868 65 29 och
1050 1870 79 29 med
1159 1870 111 36 dagen
1297 1871 56 31 för
1381 1872 419 42 landsrättsförläggning-

614 1924 59 22 ens
692 1915 277 34 ikraftträdande
986 1917 59 31 må
1062 1919 52 30 till
1132 1920 155 37 Sveriges
1307 1922 395 35 kommunalanställdas
1720 1936 80 27 pen-

614 1965 198 31 sionskassa
836 1966 79 31 från
940 1969 175 31 allmänna
1140 1970 337 39 indragningsstaten
1501 1974 56 32 för
1581 1976 142 33 Landén
1748 1977 52 32 år-

615 2015 97 37 ligen,
740 2016 89 31 intill
855 2018 76 30 dess
961 2019 71 31 han
1057 2020 138 36 uppnår
1220 2023 40 29 67
1292 2021 56 32 års
1374 2022 96 33 åider
1498 2026 83 31 eller
1606 2023 194 47 skyldighet

613 2070 50 27 att
694 2068 136 36 erlägga
858 2069 273 38 pensionsavgift
1160 2072 56 31 för
1243 2073 130 31 honom
1406 2075 96 39 eljest
1530 2077 189 37 bortfaller,
1750 2089 49 21 er-

613 2117 113 36 lägges
748 2118 95 36 dylik
863 2119 108 36 avgift
988 2121 80 31 med
1090 2122 91 30 1591
1203 2123 131 32 kronor
1352 2125 39 30 57
1412 2127 71 35 öre;

656 2164 29 39 c)
716 2171 50 27 att
794 2168 50 32 till
869 2170 260 36 borgmästaren
1153 2173 10 29 i
1193 2173 203 39 Sölvesborg
1421 2177 83 30 Olof
1528 2178 140 32 Edvard
1693 2181 106 31 Törn-

614 2219 78 30 wall
708 2217 58 31 må
786 2218 79 32 från
881 2221 64 30 och
963 2223 80 29 med
1061 2223 66 30 den
1145 2224 77 37 dag,
1242 2224 43 31 då
1305 2225 178 33 föreskrift
1500 2238 58 21 om
1576 2231 137 31 stadens
1731 2232 68 31 för-

612 2269 134 30 enande
764 2269 11 30 i
795 2269 167 36 judiciellt
982 2274 169 30 avseende
1170 2276 79 30 med
1271 2276 164 38 domsaga
1458 2280 116 30 träder
1593 2280 11 30 i
1624 2281 104 38 kraft,
1750 2284 49 30 in-

613 2318 50 31 till
684 2319 66 31 den
768 2320 162 36 tidpunkt
951 2321 44 31 då
1017 2323 72 32 han
1108 2324 139 37 uppnår
1266 2327 40 30 67
1328 2326 55 32 års
1407 2328 96 32 ålder
1522 2330 78 31 från
1623 2332 176 32 allmänna

613 2369 334 38 indragningsstaten
970 2374 169 31 utbetalas
1161 2374 87 39 årlig
1268 2379 188 37 ersättning
1480 2382 79 30 med
1583 2383 39 29 16
1637 2384 62 30 716
1721 2385 77 31 kro-

611 2429 65 21 nor
696 2420 108 36 jämte
825 2422 118 37 rörligt
965 2423 118 39 tillägg
1103 2424 20 31 å
1145 2430 46 27 ett
1213 2427 125 37 belopp
1360 2439 42 20 av
1424 2431 19 29 8
1458 2431 62 30 544
1545 2432 130 32 kronor
1696 2435 105 37 enligt

612 2471 43 30 de
682 2471 55 31 för
761 2471 340 39 befattningshavare
1125 2476 10 29 i
1162 2479 129 30 statens
1320 2479 106 36 tjänst
1451 2482 164 37 stadgade
1637 2487 161 34 grunder,

613 2521 87 30 dock
734 2526 57 28 att.
822 2524 112 29 därest
965 2525 172 31 Törnwall
1169 2528 111 31 skulle
1308 2530 123 37 övergå
1462 2532 49 30 till
1539 2535 176 32 ordinarie
1742 2537 56 30 be-
