1910 2818
523 146 118 31 Andra
661 145 239 38 lagutskottets
921 146 176 31 utlåtande
1118 145 49 31 Nr
1184 147 50 30 31.
1596 140 38 30 21

174 229 106 37 Utgår
301 239 82 21 man
404 229 79 32 från
506 233 49 28 att
576 233 130 28 vattnet
729 230 11 30 i
763 240 42 20 en
830 230 257 37 vattenledning
1108 230 145 31 erhålles
1278 229 80 32 från
1379 239 42 21 en
1443 230 194 30 vattentäkt

128 284 89 27 samt
237 284 49 27 att
303 284 129 27 vattnet
449 280 175 37 undergår
641 281 130 36 rening,
789 281 147 30 innebär
952 280 431 37 departementsförslaget,
1401 283 48 28 att
1467 281 42 30 de
1528 279 108 37 årliga

128 332 387 30 kontrollkostnaderna
542 349 46 4 —
614 332 200 30 beräknade
840 332 105 36 enligt
971 332 97 30 förut
1095 332 149 36 angivna
1272 332 150 36 grunder
1447 349 45 4 —
1519 329 118 38 uppgå

128 383 60 35 till,
213 383 56 30 för
294 384 108 29 större
425 383 201 30 vattenverk
653 383 78 30 med
756 383 232 36 ytvattentäkt
1013 383 65 30 900
1101 383 138 35 kronor,
1266 382 57 30 för
1345 382 135 30 mindre
1505 384 130 28 vatten-

128 434 82 30 verk
229 434 79 30 med
325 434 230 36 ytvattentäkt
571 433 64 31 300
653 434 139 35 kronor,
812 433 56 31 för
887 435 107 29 större
1013 434 200 30 vattenverk
1231 433 79 30 med
1331 433 306 36 grundvattentäkt

129 485 62 30 255
219 486 131 29 kronor
375 488 89 27 samt
490 485 57 30 för
573 485 135 30 mindre
734 485 202 30 vattenverk
963 485 80 30 med
1069 484 307 37 grundvattentäkt
1406 484 61 30 135
1495 484 140 30 kronor.

170 585 116 36 Enligt
315 584 361 32 folkhälsoinstitutets
705 585 337 36 kungörelseförslag
1070 586 111 30 skulle
1208 586 201 36 behörighet
1440 590 49 27 att
1518 587 118 31 utföra

127 636 269 37 bakteriologisk
432 637 261 36 undersökning
729 638 176 29 meddelas
932 647 43 21 av
1000 637 178 31 institutet.
1207 638 429 37 Departementsförslaget

126 687 156 37 tillägger
306 688 164 35 däremot,
497 688 11 30 i
534 687 149 37 enlighet
709 688 79 30 med
813 687 11 30 i
848 688 87 30 flera
958 688 309 36 remissyttranden
1295 689 123 30 uttalat
1444 689 191 35 önskemål,

126 738 351 37 medicinalstyrelsen
502 739 115 30 denna
640 738 208 36 befogenhet
876 739 64 30 och
965 738 252 37 åvägabringar
1244 739 143 30 därmed
1412 739 223 36 likställighet

126 789 11 30 i
157 789 91 31 detta
269 790 167 32 avseende
458 790 129 30 mellan
606 789 43 31 de
670 789 360 36 fysikalisk-kemiska
1050 790 66 30 och
1138 790 41 30 de
1198 790 292 36 bakteriologiska
1510 791 124 29 under-

127 840 244 36 sökningarna.
397 840 176 36 Förslaget
597 843 49 28 att
669 840 222 36 länsstyrelse
916 840 88 30 skall
1032 840 158 31 meddela
1216 840 236 31 förordnande
1476 840 56 31 för
1558 841 76 35 den,

125 900 75 21 som
226 891 187 31 förklarats
438 891 153 36 behörig,
618 891 65 30 har
706 891 76 30 icke
806 891 175 36 upptagits
1008 891 11 30 i
1044 891 429 36 departementsförslaget.

170 942 14 30 I
200 941 188 37 anledning
403 950 43 21 av
462 942 68 29 vad
547 942 147 29 svenska
710 940 368 37 teknologföreningen
1095 941 117 30 anfört
1229 941 10 30 i
1257 940 99 38 fråga
1374 951 57 20 om
1448 942 67 30 den
1534 942 96 29 kom-

124 995 129 34 petens,
273 1002 74 21 som
366 993 63 30 bör
446 992 138 31 fordras
605 992 56 30 för
680 995 49 28 att
748 992 133 31 erhålla
897 992 203 37 behörighet
1118 995 48 28 att
1183 992 118 31 utföra
1322 992 310 37 undersökningar,

124 1043 58 31 må
206 1043 216 37 framhållas,
451 1046 49 28 att
525 1044 57 30 det
607 1044 78 29 med
712 1043 138 36 hänsyn
876 1043 51 30 till
954 1043 206 31 sambandet
1184 1044 128 30 mellan
1339 1043 66 30 den
1431 1044 201 35 ersättning,

125 1104 74 21 som
224 1093 102 38 utgår
351 1094 56 30 för
430 1094 315 36 undersökningen,
774 1094 66 30 och
866 1094 248 36 kompetensen
1139 1094 63 30 hos
1227 1095 89 35 dem,
1347 1099 73 25 som
1446 1094 185 30 verkställa

124 1146 356 36 undersökningarna,
507 1155 102 27 synes
633 1145 167 36 lämpligt,
828 1148 49 27 att
904 1145 56 30 det
986 1145 115 36 lägges
1128 1145 11 29 i
1165 1144 122 37 Kungl.
1315 1144 118 36 Maj:ts
1461 1145 96 30 hand
1584 1147 49 28 att

123 1197 159 30 meddela
300 1197 112 30 beslut
432 1196 31 36 ej
485 1196 88 31 blott
594 1196 12 30 i
625 1199 91 28 taxe-
737 1198 85 28 utan
845 1196 86 29 även
951 1195 11 30 i
982 1195 340 37 kompetensfrågan.
1348 1195 49 30 De
1416 1195 218 36 synpunkter

123 1248 203 36 föreningen
348 1247 162 31 framfört
533 1257 57 21 om
614 1246 279 31 önskvärdheten
916 1256 42 21 av
979 1255 44 21 en
1046 1245 302 37 decentralisering
1370 1255 43 21 av
1436 1246 196 30 kontrollen

123 1299 96 30 torde
239 1298 38 31 få
294 1300 185 35 övervägas
499 1298 11 30 i
532 1298 170 31 samband
723 1298 80 30 med
822 1300 50 29 att
889 1297 165 36 slutgiltig
1072 1296 215 37 ståndpunkt
1305 1300 93 33 tages
1419 1296 52 31 till
1489 1297 142 35 kompe-

122 1348 229 38 tensfrågan.»

171 1450 52 30 Nu
242 1451 159 35 gällande
418 1449 261 31 bestämmelser
697 1459 58 20 om
774 1449 128 30 dricks-
922 1449 65 29 och
1005 1448 275 30 hushållsvatten
1298 1448 59 30 äro
1374 1448 137 36 mycket
1528 1448 101 29 ofull-

125 1500 166 36 ständiga.
334 1500 230 30 Föreskrifter
584 1509 57 20 om
663 1499 302 36 undersökningar
984 1499 81 30 med
1085 1498 90 31 vissa
1198 1498 276 31 tidsmellanrum
1495 1508 42 20 av
1559 1501 69 28 vat-

123 1554 67 32 ten,
214 1560 74 21 som
310 1550 280 31 tillhandahålles
613 1559 123 27 genom
759 1549 307 36 vattenledningar,
1090 1550 90 29 hava
1203 1549 148 30 sålunda
1372 1549 75 30 icke
1468 1550 160 30 lämnats.

124 1596 25 34 Å
171 1601 90 31 vissa
281 1604 91 27 orter
393 1602 64 29 och
480 1600 151 31 framför
652 1601 60 30 allt
735 1601 10 29 i
769 1601 42 29 de
833 1601 108 29 större
962 1601 162 29 städerna
1145 1601 227 29 underkastas
1397 1600 91 30 detta
1510 1600 120 30 oaktat

124 1652 407 36 vattenledningsvattnet
556 1661 42 20 en
627 1651 221 36 fortlöpande
874 1650 150 31 kontroll
1051 1660 42 22 av
1120 1650 107 31 sådan
1253 1653 62 33 art,
1343 1654 48 27 att
1417 1650 212 36 berättigade

124 1702 203 37 hygieniska
347 1703 85 30 krav
452 1702 37 31 få
509 1712 100 21 anses
630 1702 259 36 tillgodosedda.
911 1696 26 35 Å
958 1702 110 30 andra
1090 1704 90 27 orter
1199 1702 156 30 däremot
1375 1702 39 29 är
1433 1702 196 30 kontrollen

124 1754 8 29 i
153 1753 125 36 många
297 1754 62 30 fall
377 1753 340 31 otillfredsställande
735 1754 65 29 och
819 1753 126 30 saknas
962 1753 164 31 stundom
1142 1753 70 30 helt
1230 1754 66 29 och
1313 1752 115 31 hållet.

165 1804 64 30 Vid
249 1804 87 31 flera
356 1804 159 30 tillfällen
534 1805 91 29 hava
644 1804 19 30 å
682 1804 93 30 olika
795 1807 91 26 orter
905 1804 10 29 i
936 1804 118 30 landet
1074 1804 146 29 utbrutit
1239 1803 195 36 epidemier,
1456 1803 94 30 vilka
1571 1813 57 20 an-

122 1857 78 28 setts
225 1855 90 30 hava
337 1856 156 29 orsakats
518 1864 41 21 av
582 1858 49 26 att
655 1854 408 35 vattenledningsvattnet
1086 1863 42 20 ur
1149 1854 180 35 hygienisk
1355 1854 177 35 synpunkt
1555 1853 74 30 icke

122 1905 87 30 varit
232 1905 327 30 tillfredsställande.
585 1904 135 35 Frågan
743 1914 57 20 om
823 1904 312 30 åstadkommande
1156 1913 41 20 av
1219 1913 42 20 en
1283 1904 110 29 bättre
1414 1904 151 29 kontroll
1589 1913 42 20 av

123 1955 423 36 vattenledningsvattnets
565 1954 245 30 beskaffenhet
829 1955 65 29 har
913 1954 79 30 med
1013 1954 136 35 hänsyn
1168 1954 117 29 härtill
1304 1953 46 36 på
1368 1954 56 29 det
1444 1953 185 36 epidemio-

122 2005 131 35 logiska
273 2005 155 30 området
450 2006 106 29 sedan
576 2005 125 35 många
722 2004 39 31 år
780 2005 165 34 tilldragit
964 2004 50 35 sig
1036 2004 320 36 uppmärksamhet.

167 2055 64 31 Det
254 2055 194 36 framlagda
473 2055 163 36 förslaget
658 2055 51 30 till
733 2055 204 35 förordning
957 2064 57 20 om
1039 2055 148 29 kontroll
1212 2064 42 20 av
1279 2054 347 36 vattenledningsvat-

124 2109 55 27 ten
198 2116 98 21 avser
314 2110 48 27 att
380 2106 243 30 åstadkomma
640 2115 41 20 en
701 2106 221 35 fortlöpande
939 2106 151 28 kontroll
1109 2106 78 29 med
1205 2105 167 30 avseende
1392 2104 20 31 å
1428 2105 199 30 beskaffen-

122 2157 101 30 heten
247 2158 63 28 hos
335 2156 93 30 såväl
452 2156 171 30 råvattnet
646 2165 73 20 som
745 2156 55 29 det
825 2156 9 28 i
858 2155 342 35 vattenledningarna
1227 2155 290 31 tillhandahållna
1542 2157 84 27 vatt-

124 2211 64 26 net.
210 2207 199 30 Kontrollen
426 2207 87 29 skall
533 2207 64 34 äga
615 2216 76 20 rum
713 2215 124 27 genom
857 2209 48 27 att
923 2215 85 26 prov
1028 2205 20 31 å
1065 2208 128 27 vattnet
1212 2207 79 28 med
1310 2206 89 29 vissa
1419 2206 207 29 mellanrum

122 2258 229 29 underkastas
367 2257 259 34 undersökning
643 2266 42 19 ur
702 2256 95 30 såväl
816 2255 336 36 fysikalisk-kemisk
1170 2265 73 20 som
1263 2256 269 34 bakteriologisk
1550 2265 77 25 syn-

122 2308 121 35 punkt.

171 2357 210 36 Spörsmålet
393 2366 55 21 om
461 2357 312 30 åstadkommande
786 2366 42 19 av
840 2366 40 19 en
894 2356 143 29 effektiv
1050 2356 147 29 kontroll
1211 2366 42 19 av
1265 2356 362 35 vattenledningsvatt-

123 2411 55 26 net
197 2408 39 29 är
254 2407 271 36 uppenbarligen
545 2407 56 29 för
618 2407 199 29 folkhälsan
837 2415 42 20 av
898 2407 64 28 den
983 2407 125 29 största
1126 2406 183 35 betydelse.
1346 2406 11 29 I
1378 2406 248 29 överensstäm-

123 2458 103 30 melse
245 2458 78 29 med
343 2458 66 29 den
426 2457 234 36 uppfattning,
679 2467 74 20 som
773 2456 147 30 kommit
940 2456 49 30 till
1008 2465 101 26 synes
1130 2456 49 30 uti
1197 2456 41 29 de
1256 2456 10 29 i
1283 2456 186 35 anledning
1487 2465 43 21 av
1549 2465 77 26 pro-

1678 1444 128 26 Utskottet.
