2216 2618
668 142 364 42 Bevillningsutskottets
1055 141 197 33 betänkande
1275 141 52 33 Nr
1351 142 50 31 52.
1751 141 41 32 23

362 220 81 37 Den
472 221 232 48 vedertagna
733 220 173 49 grunden
936 220 58 36 för
1023 220 88 36 äkta
1130 220 150 36 makars
1300 219 259 48 beskattning,
1581 225 56 30 att
1656 220 180 36 makarna

233 271 205 37 behandlas
476 275 125 33 såsom
631 278 53 31 ett
712 271 293 48 skattesubjekt,
1034 272 69 36 bar
1131 271 143 49 Kungl.
1304 271 108 48 Maj:t
1440 271 82 36 icke
1550 271 100 37 velat
1677 271 120 36 rubba
1826 272 9 35 i

232 323 104 37 detta
372 324 288 47 sammanhang.
716 323 135 37 Denna
879 323 109 48 fråga
1016 323 109 36 berör
1153 323 115 36 också
1296 323 73 36 den
1397 323 244 35 kommunala
1669 322 167 37 beskatt-

232 375 143 48 ningen
417 376 69 35 och
525 375 68 35 har
636 380 145 31 ansetts
810 374 91 36 böra
930 375 99 35 lösas
1057 374 12 36 i
1099 374 185 36 samband
1312 374 85 36 med
1426 373 73 36 den
1529 374 175 36 blivande
1734 374 102 36 kom-

232 425 456 37 munalskattereformen.
744 426 220 36 Emellertid
994 425 156 36 föreslås
1176 426 71 35 den
1276 425 160 47 ändring
1454 425 78 48 198
1561 425 275 48 förordningen

232 490 60 23 om
321 478 182 35 inkomst-
532 477 71 36 och
633 476 404 49 förmögenhetsskatt,
1067 482 56 30 att
1150 476 75 49 gift
1245 476 151 46 kvinna,
1418 489 79 23 som
1519 481 41 30 är
1579 490 47 22 av
1646 476 189 36 förvärvs-

231 528 241 37 verksamhet
499 528 12 36 i
540 528 184 36 avsevärd
752 527 96 49 grad
878 527 202 37 förhindad
1111 533 55 31 att
1193 532 101 43 ägna
1322 527 61 48 sig
1410 530 37 33 åt
1476 527 185 36 hemmets
1682 527 153 47 skötsel,

232 585 92 44 äger
366 584 55 32 att
463 579 82 36 från
579 580 58 36 sin
665 579 168 37 inkomst
861 592 45 23 av
936 578 104 50 dylik
1068 579 244 36 verksamhet
1342 579 168 47 avdraga
1538 578 211 37 kostnaden
1777 579 60 35 för

231 632 136 48 nödigt
394 631 146 37 biträde
575 631 6 36 i
609 632 179 46 hemmet,
817 631 96 36 dock
942 630 115 48 högst
1086 631 74 35 300
1190 631 149 35 kronor.

360 683 56 36 Då
458 683 175 49 gällande
675 683 284 36 bestämmelser
991 683 34 47 ej
1057 695 110 24 anses
1196 682 178 48 medgiva
1403 681 135 36 sådant
1566 681 155 49 avdrag,
1750 694 86 23 men

231 735 63 36 det
333 735 82 36 ieke
456 735 74 36 kan
572 735 197 46 bestridas,
813 740 53 30 att
908 735 67 35 här
1012 738 42 31 är
1082 734 110 48 fråga
1220 746 61 23 om
1311 747 46 23 en
1385 733 222 48 nödvändig
1635 734 116 47 utgift
1779 733 58 36 för

231 786 250 37 förvärvande
520 800 46 22 av
607 786 183 36 hustruns
827 785 309 46 arbetsinkomst,
1167 798 115 36 synes
1310 784 137 48 billigt,
1477 790 54 31 att
1561 784 275 49 författningen

229 838 149 36 ändras.
433 837 74 36 Det
536 838 217 47 föreslagna
780 837 180 48 beloppet
987 850 115 34 synes
1132 837 96 35 dock
1256 839 125 33 såsom
1411 836 208 36 maximum
1649 836 57 36 för
1726 840 111 31 snävt

230 889 163 48 tilltaget
421 889 70 36 och
519 888 69 36 bör
615 888 208 49 lämpligen
852 888 108 48 höjas
990 888 57 36 till
1075 889 75 35 400
1179 888 149 35 kronor.

359 992 144 50 Regeln
539 997 54 31 att
621 1005 166 24 mannen
815 996 41 31 är
884 978 266 63 skattskyldig
1174 991 58 36 för
1259 990 95 37 både
1383 991 59 36 sin
1471 991 71 36 och
1570 991 183 36 hustruns
1781 991 54 35 in-

231 1045 125 36 komst
392 1045 75 36 kan
495 1049 112 43 sägas
636 1057 91 23 vara
754 1044 12 36 i
795 1043 181 48 förslaget
1003 1042 191 37 utsträckt
1221 1042 57 36 till
1307 1048 53 31 ett
1388 1043 104 48 slags
1521 1041 314 49 familjebeskatt-

230 1096 106 49 ning,
365 1097 12 35 i
406 1097 62 36 det
509 1096 205 36 husfadern
756 1096 123 48 ålagts
917 1101 54 30 att
1009 1095 125 36 skatta
1161 1100 97 31 även
1287 1095 59 36 för
1374 1094 82 37 sina
1484 1094 211 49 omyndiga
1721 1093 114 37 barns

229 1148 167 37 inkomst
423 1148 70 36 och
521 1147 281 48 förmögenhet,
833 1147 67 36 där
928 1147 124 36 denna
1080 1146 33 49 ej
1144 1149 148 47 uppgår
1320 1147 57 36 till
1407 1149 41 34 så
1477 1151 96 31 stort
1600 1146 151 48 belopp,
1782 1152 54 30 att

230 1200 122 48 enligt
381 1200 189 36 allmänna
597 1200 123 48 regler
748 1199 133 36 barnet
910 1199 114 47 självt
1051 1198 69 37 bör
1139 1203 161 31 taxeras.
1348 1198 134 49 Enligt
1501 1197 221 37 nuvarande
1749 1199 87 45 25
1811 1193 27 59 $

231 1254 21 33 2
280 1265 112 23 mom.
422 1251 402 48 skatteförordningen
852 1250 145 36 skattar
1025 1250 134 36 fadern
1186 1250 99 36 blott
1313 1250 59 36 för
1391 1248 316 38 hemmavarande
1722 1249 114 36 barns

231 1303 276 49 förmögenhet.
563 1302 266 49 Anledningen
869 1302 57 36 till
967 1301 315 48 utsträckningen
1324 1307 41 31 är
1402 1302 83 45 den,
1516 1306 55 31 att
1599 1301 153 36 barnets
1780 1301 56 35 in-

228 1355 138 47 komst,
395 1367 91 24 vare
514 1353 61 49 sig
603 1354 63 36 det
693 1354 117 36 vistas
838 1353 12 36 i
878 1353 166 36 hemmet
1072 1353 90 36 eller
1190 1353 260 46 annorstädes,
1471 1352 175 49 tydligen
1667 1352 169 36 minskar

229 1406 150 37 faderns
416 1405 316 50 underhållsplikt
760 1405 70 37 och
858 1408 49 46 på
935 1407 40 34 så
1004 1409 75 32 sätt
1107 1404 93 36 ökar
1228 1404 95 37 hans
1353 1404 312 48 skatteförmåga.
1721 1403 114 37 Emot

229 1459 73 36 den
342 1463 76 32 rätt
459 1458 227 49 detaljerade
724 1456 293 38 bestämmelsen
1045 1456 12 36 i
1087 1460 128 32 ämnet
1243 1457 67 36 har
1337 1457 187 36 utskottet
1552 1456 32 48 ej
1618 1455 124 36 funnit
1770 1468 65 23 an-

228 1510 157 49 ledning
412 1511 55 35 till
497 1510 162 36 erinran.

357 1614 54 36 De
438 1613 309 37 konventionella
776 1613 193 48 avdragen
997 1613 85 36 med
1111 1613 149 49 hänsyn
1283 1612 58 36 till
1362 1612 72 36 den
1454 1611 220 50 personliga
1694 1611 140 36 skatte-

229 1666 199 48 förmågan
455 1666 69 36 hos
553 1664 170 38 enskilda
752 1665 285 49 skattskyldiga
1063 1665 99 36 hava
1186 1665 12 35 i
1223 1663 284 50 propositionen
1535 1665 48 47 på
1603 1669 55 30 ett
1677 1676 156 35 genom-

226 1717 183 49 gripande
452 1722 76 32 sätt
568 1718 265 47 omgestaltats
871 1716 70 37 och
978 1716 207 49 utvidgats.
1242 1715 85 37 Med
1357 1714 264 37 bibehållande
1651 1728 46 22 av
1725 1715 110 35 dessa

227 1769 208 37 förmåners
463 1769 265 49 begränsning
755 1769 57 36 till
840 1768 208 37 häririket
1067 1767 318 38 mantalsskrivna
1400 1766 165 37 svenska
1581 1766 252 48 medborgare

225 1824 112 46 utgår
375 1821 144 49 Kungl.
561 1821 127 49 Maj:t:
716 1821 145 48 förslag
889 1820 95 48 från,
1015 1825 78 31 »att
1121 1833 46 23 en
1195 1832 137 37 person
1361 1819 137 36 saknar
1526 1818 295 48 skatteförmåga

226 1873 60 37 för
313 1873 71 36 den
414 1873 62 36 del
504 1886 47 24 av
580 1873 59 36 sin
668 1872 181 48 inkomst,
880 1885 81 24 som
990 1877 214 31 motsvarar
1228 1870 361 37 existensminimum
1613 1870 58 36 för
1691 1870 140 36 honom

226 1925 70 36 och
325 1925 94 36 hans
448 1925 134 49 familj,
613 1925 33 36 d.
677 1938 35 23 v.
743 1938 27 23 s.
799 1924 73 37 vad
902 1937 80 24 som
1013 1923 316 49 oundgängligen
1358 1922 188 36 erfordras
1567 1922 59 36 för
1645 1922 95 36 hans
1761 1921 71 37 och

226 1978 94 35 hans
349 1977 141 49 familjs
519 1977 212 49 uppehälle,
760 1976 124 37 vadan
913 1989 46 24 en
987 1975 281 49 skattskyldigs
1297 1975 301 48 skatteförmåga
1626 1973 135 36 endast
1778 1987 57 22 re-

225 2034 236 44 presenteras
503 2041 47 23 av
593 2028 73 37 den
708 2027 367 37 existensminimum
1109 2026 269 49 överstigande
1408 2026 109 37 delen
1546 2039 47 23 av
1622 2025 214 36 inkomsten

226 2081 90 36 eller
346 2080 72 37 den
447 2094 29 23 s.
506 2080 36 36 k.
572 2080 73 36 fria
673 2080 248 36 inkomsten».

353 2132 383 37 Existensminimum
778 2132 67 36 har
888 2130 82 38 icke
1010 2131 154 36 fixerats
1206 2135 91 31 utan
1339 2142 109 24 anses
1486 2129 113 37 växla
1628 2128 82 37 dels
1740 2128 96 37 efter

225 2184 431 38 levnadskostnadernas
697 2183 90 50 höjd
830 2186 21 34 å
878 2183 73 37 den
979 2184 112 48 plats,
1121 2183 66 36 där
1215 2182 72 36 den
1316 2181 281 50 skattskyldige
1626 2185 41 32 är
1695 2180 139 47 bosatt,

225 2236 81 37 dels
347 2236 95 37 efter
483 2237 64 36 det
589 2236 101 37 antal
732 2248 192 37 personer,
968 2248 80 23 som
1091 2234 107 37 skola
1240 2233 98 37 hava
1366 2234 66 36 sitt
1460 2233 202 50 uppehälle
1690 2246 44 22 ur
1762 2232 72 36 den

1861 227 150 30 Beräkning
2030 234 33 17 av

1876 263 107 23 hustrus
2002 270 41 15 ar-

1874 298 172 23 betsinkomst.

1901 997 122 32 Familje-

1874 1032 168 32 beskaltning.

1853 1614 144 30 Skattefria
2021 1622 44 16 av-

1923 1650 73 31 drag.

1853 1684 200 25 Existensmini-

1917 1727 77 17 mum.
