<?xml version="1.0" encoding="UTF-8"?>
<alto xmlns="http://www.loc.gov/standards/alto/ns-v3#" xmlns:xlink="http://www.w3.org/1999/xlink" xmlns:xsi="http://www.w3.org/2001/XMLSchema-instance" xsi:schemaLocation="http://www.loc.gov/standards/alto/ns-v3# http://www.loc.gov/alto/v3/alto-3-0.xsd">
	<Description>
		<MeasurementUnit>pixel</MeasurementUnit>
		<sourceImageInformation>
			<fileName>/tmp/tess_h2ldl4fn_input.PNG</fileName>
		</sourceImageInformation>
		<OCRProcessing ID="OCR_0">
			<ocrProcessingStep>
				<processingSoftware>
					<softwareName>tesseract 5.3.0</softwareName>
				</processingSoftware>
			</ocrProcessingStep>
		</OCRProcessing>
	</Description>
	<Layout>
		<Page WIDTH="1892" HEIGHT="2866" PHYSICAL_IMG_NR="0" ID="page_0">
			<PrintSpace HPOS="0" VPOS="0" WIDTH="1892" HEIGHT="2866">
				<ComposedBlock ID="cblock_0" HPOS="503" VPOS="158" WIDTH="1100" HEIGHT="48">
					<TextBlock ID="block_0" HPOS="503" VPOS="158" WIDTH="1100" HEIGHT="48">
						<TextLine ID="line_0" HPOS="503" VPOS="158" WIDTH="1100" HEIGHT="48">
							<String ID="string_0" HPOS="503" VPOS="171" WIDTH="333" HEIGHT="35" WC="0.90" CONTENT="Bevillningsutskottets"/><SP WIDTH="24" VPOS="171" HPOS="836"/>
							<String ID="string_1" HPOS="860" VPOS="169" WIDTH="182" HEIGHT="29" WC="0.96" CONTENT="betänkande"/><SP WIDTH="23" VPOS="169" HPOS="1042"/>
							<String ID="string_2" HPOS="1065" VPOS="168" WIDTH="43" HEIGHT="29" WC="0.96" CONTENT="Nr"/><SP WIDTH="25" VPOS="168" HPOS="1108"/>
							<String ID="string_3" HPOS="1133" VPOS="170" WIDTH="47" HEIGHT="26" WC="0.96" CONTENT="15."/><SP WIDTH="406" VPOS="170" HPOS="1180"/>
							<String ID="string_4" HPOS="1586" VPOS="158" WIDTH="17" HEIGHT="31" WC="0.91" CONTENT="7"/>
						</TextLine>
					</TextBlock>
				</ComposedBlock>
				<ComposedBlock ID="cblock_1" HPOS="704" VPOS="292" WIDTH="295" HEIGHT="35">
					<TextBlock ID="block_1" HPOS="704" VPOS="292" WIDTH="295" HEIGHT="35">
						<TextLine ID="line_1" HPOS="704" VPOS="292" WIDTH="295" HEIGHT="35">
							<String ID="string_5" HPOS="704" VPOS="292" WIDTH="295" HEIGHT="35" WC="0.96" CONTENT="Reservation"/>
						</TextLine>
					</TextBlock>
				</ComposedBlock>
				<ComposedBlock ID="cblock_2" HPOS="99" VPOS="374" WIDTH="1510" HEIGHT="715">
					<TextBlock ID="block_2" HPOS="147" VPOS="374" WIDTH="1362" HEIGHT="43">
						<TextLine ID="line_2" HPOS="147" VPOS="374" WIDTH="1362" HEIGHT="43">
							<String ID="string_6" HPOS="147" VPOS="394" WIDTH="42" HEIGHT="20" WC="0.96" CONTENT="av"/><SP WIDTH="21" VPOS="394" HPOS="189"/>
							<String ID="string_7" HPOS="210" VPOS="381" WIDTH="114" HEIGHT="32" WC="0.93" CONTENT="herrar"/><SP WIDTH="20" VPOS="381" HPOS="324"/>
							<String ID="string_8" HPOS="344" VPOS="381" WIDTH="140" HEIGHT="31" WC="0.86" CONTENT="Erieson"/><SP WIDTH="24" VPOS="381" HPOS="484"/>
							<String ID="string_9" HPOS="508" VPOS="381" WIDTH="10" HEIGHT="30" WC="0.93" CONTENT="i"/><SP WIDTH="20" VPOS="381" HPOS="518"/>
							<String ID="string_10" HPOS="538" VPOS="380" WIDTH="141" HEIGHT="37" WC="0.90" CONTENT="Oberga,"/><SP WIDTH="22" VPOS="380" HPOS="679"/>
							<String ID="string_11" HPOS="701" VPOS="378" WIDTH="136" HEIGHT="32" WC="0.67" CONTENT="Nilsson"/><SP WIDTH="21" VPOS="378" HPOS="837"/>
							<String ID="string_12" HPOS="858" VPOS="379" WIDTH="14" HEIGHT="31" WC="0.96" CONTENT="i"/><SP WIDTH="20" VPOS="379" HPOS="872"/>
							<String ID="string_13" HPOS="892" VPOS="378" WIDTH="118" HEIGHT="38" WC="0.96" CONTENT="Hörby"/><SP WIDTH="21" VPOS="378" HPOS="1010"/>
							<String ID="string_14" HPOS="1031" VPOS="377" WIDTH="59" HEIGHT="31" WC="0.92" CONTENT="och"/><SP WIDTH="22" VPOS="377" HPOS="1090"/>
							<String ID="string_15" HPOS="1112" VPOS="376" WIDTH="158" HEIGHT="37" WC="0.83" CONTENT="Heiding,"/><SP WIDTH="22" VPOS="376" HPOS="1270"/>
							<String ID="string_16" HPOS="1292" VPOS="387" WIDTH="67" HEIGHT="21" WC="0.96" CONTENT="som"/><SP WIDTH="22" VPOS="387" HPOS="1359"/>
							<String ID="string_17" HPOS="1381" VPOS="374" WIDTH="128" HEIGHT="32" WC="0.96" CONTENT="anfört:"/>
						</TextLine>
					</TextBlock>
					<TextBlock ID="block_3" HPOS="99" VPOS="433" WIDTH="1510" HEIGHT="606">
						<TextLine ID="line_3" HPOS="145" VPOS="433" WIDTH="1458" HEIGHT="43">
							<String ID="string_18" HPOS="145" VPOS="441" WIDTH="139" HEIGHT="33" WC="0.91" CONTENT="»Såsom"/><SP WIDTH="23" VPOS="441" HPOS="284"/>
							<String ID="string_19" HPOS="307" VPOS="441" WIDTH="12" HEIGHT="32" WC="0.96" CONTENT="i"/><SP WIDTH="23" VPOS="441" HPOS="319"/>
							<String ID="string_20" HPOS="342" VPOS="440" WIDTH="206" HEIGHT="33" WC="0.96" CONTENT="motionerna"/><SP WIDTH="23" VPOS="440" HPOS="548"/>
							<String ID="string_21" HPOS="571" VPOS="438" WIDTH="205" HEIGHT="33" WC="0.95" CONTENT="framhållits"/><SP WIDTH="24" VPOS="438" HPOS="776"/>
							<String ID="string_22" HPOS="800" VPOS="443" WIDTH="81" HEIGHT="33" WC="0.96" CONTENT="äger"/><SP WIDTH="21" VPOS="443" HPOS="881"/>
							<String ID="string_23" HPOS="902" VPOS="449" WIDTH="40" HEIGHT="20" WC="0.96" CONTENT="en"/><SP WIDTH="23" VPOS="449" HPOS="942"/>
							<String ID="string_24" HPOS="965" VPOS="436" WIDTH="245" HEIGHT="39" WC="0.95" CONTENT="jämförelsevis"/><SP WIDTH="24" VPOS="436" HPOS="1210"/>
							<String ID="string_25" HPOS="1234" VPOS="439" WIDTH="69" HEIGHT="28" WC="0.96" CONTENT="stor"/><SP WIDTH="21" VPOS="439" HPOS="1303"/>
							<String ID="string_26" HPOS="1324" VPOS="435" WIDTH="124" HEIGHT="38" WC="0.96" CONTENT="import"/><SP WIDTH="23" VPOS="435" HPOS="1448"/>
							<String ID="string_27" HPOS="1471" VPOS="445" WIDTH="41" HEIGHT="20" WC="0.93" CONTENT="av"/><SP WIDTH="24" VPOS="445" HPOS="1512"/>
							<String ID="string_28" HPOS="1536" VPOS="433" WIDTH="67" HEIGHT="32" WC="0.92" CONTENT="får-"/>
						</TextLine>
						<TextLine ID="line_4" HPOS="100" VPOS="484" WIDTH="1505" HEIGHT="42">
							<String ID="string_29" HPOS="100" VPOS="492" WIDTH="75" HEIGHT="32" WC="0.96" CONTENT="kött"/><SP WIDTH="21" VPOS="492" HPOS="175"/>
							<String ID="string_30" HPOS="196" VPOS="504" WIDTH="71" HEIGHT="20" WC="0.96" CONTENT="rum"/><SP WIDTH="21" VPOS="504" HPOS="267"/>
							<String ID="string_31" HPOS="288" VPOS="492" WIDTH="104" HEIGHT="32" WC="0.96" CONTENT="under"/><SP WIDTH="22" VPOS="492" HPOS="392"/>
							<String ID="string_32" HPOS="414" VPOS="491" WIDTH="38" HEIGHT="33" WC="0.95" CONTENT="de"/><SP WIDTH="23" VPOS="491" HPOS="452"/>
							<String ID="string_33" HPOS="475" VPOS="491" WIDTH="53" HEIGHT="32" WC="0.96" CONTENT="för"/><SP WIDTH="24" VPOS="491" HPOS="528"/>
							<String ID="string_34" HPOS="552" VPOS="489" WIDTH="120" HEIGHT="33" WC="0.96" CONTENT="svensk"/><SP WIDTH="23" VPOS="489" HPOS="672"/>
							<String ID="string_35" HPOS="695" VPOS="488" WIDTH="181" HEIGHT="33" WC="0.96" CONTENT="fårskötsel"/><SP WIDTH="21" VPOS="488" HPOS="876"/>
							<String ID="string_36" HPOS="897" VPOS="487" WIDTH="183" HEIGHT="39" WC="0.93" CONTENT="viktigaste"/><SP WIDTH="25" VPOS="487" HPOS="1080"/>
							<String ID="string_37" HPOS="1105" VPOS="485" WIDTH="293" HEIGHT="34" WC="0.91" CONTENT="slaktmånaderna"/><SP WIDTH="24" VPOS="485" HPOS="1398"/>
							<String ID="string_38" HPOS="1422" VPOS="484" WIDTH="183" HEIGHT="38" WC="0.95" CONTENT="september"/>
						</TextLine>
						<TextLine ID="line_5" HPOS="99" VPOS="534" WIDTH="1506" HEIGHT="45">
							<String ID="string_39" HPOS="99" VPOS="542" WIDTH="220" HEIGHT="33" WC="0.90" CONTENT="—november"/><SP WIDTH="34" VPOS="542" HPOS="319"/>
							<String ID="string_40" HPOS="353" VPOS="542" WIDTH="75" HEIGHT="32" WC="0.95" CONTENT="med"/><SP WIDTH="35" VPOS="542" HPOS="428"/>
							<String ID="string_41" HPOS="463" VPOS="553" WIDTH="39" HEIGHT="20" WC="0.95" CONTENT="en"/><SP WIDTH="36" VPOS="553" HPOS="502"/>
							<String ID="string_42" HPOS="538" VPOS="541" WIDTH="110" HEIGHT="32" WC="0.93" CONTENT="starkt"/><SP WIDTH="33" VPOS="541" HPOS="648"/>
							<String ID="string_43" HPOS="681" VPOS="539" WIDTH="259" HEIGHT="40" WC="0.92" CONTENT="pristryckande"/><SP WIDTH="34" VPOS="539" HPOS="940"/>
							<String ID="string_44" HPOS="974" VPOS="538" WIDTH="124" HEIGHT="32" WC="0.96" CONTENT="verkan"/><SP WIDTH="24" VPOS="538" HPOS="1098"/>
							<String ID="string_45" HPOS="1122" VPOS="549" WIDTH="69" HEIGHT="20" WC="0.96" CONTENT="som"/><SP WIDTH="25" VPOS="549" HPOS="1191"/>
							<String ID="string_46" HPOS="1216" VPOS="536" WIDTH="95" HEIGHT="39" WC="0.96" CONTENT="följd,"/><SP WIDTH="24" VPOS="536" HPOS="1311"/>
							<String ID="string_47" HPOS="1335" VPOS="535" WIDTH="107" HEIGHT="33" WC="0.96" CONTENT="vilket"/><SP WIDTH="22" VPOS="535" HPOS="1442"/>
							<String ID="string_48" HPOS="1464" VPOS="535" WIDTH="72" HEIGHT="32" WC="0.95" CONTENT="med"/><SP WIDTH="23" VPOS="535" HPOS="1536"/>
							<String ID="string_49" HPOS="1559" VPOS="534" WIDTH="46" HEIGHT="32" WC="0.96" CONTENT="all"/>
						</TextLine>
						<TextLine ID="line_6" HPOS="102" VPOS="586" WIDTH="1503" HEIGHT="46">
							<String ID="string_50" HPOS="102" VPOS="594" WIDTH="170" HEIGHT="38" WC="0.96" CONTENT="tydlighet"/><SP WIDTH="21" VPOS="594" HPOS="272"/>
							<String ID="string_51" HPOS="293" VPOS="593" WIDTH="153" HEIGHT="38" WC="0.96" CONTENT="framgår"/><SP WIDTH="21" VPOS="593" HPOS="446"/>
							<String ID="string_52" HPOS="467" VPOS="604" WIDTH="42" HEIGHT="21" WC="0.96" CONTENT="av"/><SP WIDTH="22" VPOS="604" HPOS="509"/>
							<String ID="string_53" HPOS="531" VPOS="591" WIDTH="192" HEIGHT="33" WC="0.96" CONTENT="statistiken"/><SP WIDTH="22" VPOS="591" HPOS="723"/>
							<String ID="string_54" HPOS="745" VPOS="596" WIDTH="76" HEIGHT="27" WC="0.96" CONTENT="över"/><SP WIDTH="21" VPOS="596" HPOS="821"/>
							<String ID="string_55" HPOS="842" VPOS="590" WIDTH="141" HEIGHT="32" WC="0.96" CONTENT="införsel"/><SP WIDTH="22" VPOS="590" HPOS="983"/>
							<String ID="string_56" HPOS="1005" VPOS="589" WIDTH="59" HEIGHT="33" WC="0.96" CONTENT="och"/><SP WIDTH="22" VPOS="589" HPOS="1064"/>
							<String ID="string_57" HPOS="1086" VPOS="589" WIDTH="107" HEIGHT="38" WC="0.96" CONTENT="priser"/><SP WIDTH="21" VPOS="589" HPOS="1193"/>
							<String ID="string_58" HPOS="1214" VPOS="587" WIDTH="104" HEIGHT="32" WC="0.96" CONTENT="under"/><SP WIDTH="23" VPOS="587" HPOS="1318"/>
							<String ID="string_59" HPOS="1341" VPOS="586" WIDTH="92" HEIGHT="33" WC="0.96" CONTENT="olika"/><SP WIDTH="23" VPOS="586" HPOS="1433"/>
							<String ID="string_60" HPOS="1456" VPOS="586" WIDTH="85" HEIGHT="32" WC="0.95" CONTENT="tider"/><SP WIDTH="23" VPOS="586" HPOS="1541"/>
							<String ID="string_61" HPOS="1564" VPOS="597" WIDTH="41" HEIGHT="20" WC="0.96" CONTENT="av"/>
						</TextLine>
						<TextLine ID="line_7" HPOS="102" VPOS="636" WIDTH="1504" HEIGHT="47">
							<String ID="string_62" HPOS="102" VPOS="646" WIDTH="82" HEIGHT="31" WC="0.95" CONTENT="året."/><SP WIDTH="43" VPOS="646" HPOS="184"/>
							<String ID="string_63" HPOS="227" VPOS="645" WIDTH="48" HEIGHT="32" WC="0.95" CONTENT="På"/><SP WIDTH="21" VPOS="645" HPOS="275"/>
							<String ID="string_64" HPOS="296" VPOS="644" WIDTH="108" HEIGHT="39" WC="0.96" CONTENT="grund"/><SP WIDTH="24" VPOS="644" HPOS="404"/>
							<String ID="string_65" HPOS="428" VPOS="644" WIDTH="105" HEIGHT="31" WC="0.96" CONTENT="härav"/><SP WIDTH="21" VPOS="644" HPOS="533"/>
							<String ID="string_66" HPOS="554" VPOS="643" WIDTH="60" HEIGHT="32" WC="0.96" CONTENT="och"/><SP WIDTH="20" VPOS="643" HPOS="614"/>
							<String ID="string_67" HPOS="634" VPOS="642" WIDTH="73" HEIGHT="33" WC="0.96" CONTENT="med"/><SP WIDTH="21" VPOS="642" HPOS="707"/>
							<String ID="string_68" HPOS="728" VPOS="642" WIDTH="132" HEIGHT="37" WC="0.96" CONTENT="hänsyn"/><SP WIDTH="19" VPOS="642" HPOS="860"/>
							<String ID="string_69" HPOS="879" VPOS="641" WIDTH="55" HEIGHT="31" WC="0.96" CONTENT="till"/><SP WIDTH="22" VPOS="641" HPOS="934"/>
							<String ID="string_70" HPOS="956" VPOS="641" WIDTH="38" HEIGHT="32" WC="0.96" CONTENT="de"/><SP WIDTH="22" VPOS="641" HPOS="994"/>
							<String ID="string_71" HPOS="1016" VPOS="639" WIDTH="137" HEIGHT="39" WC="0.96" CONTENT="tryckta"/><SP WIDTH="23" VPOS="639" HPOS="1153"/>
							<String ID="string_72" HPOS="1176" VPOS="637" WIDTH="243" HEIGHT="39" WC="0.96" CONTENT="förhållanden,"/><SP WIDTH="23" VPOS="637" HPOS="1419"/>
							<String ID="string_73" HPOS="1442" VPOS="636" WIDTH="164" HEIGHT="33" WC="0.96" CONTENT="varunder"/>
						</TextLine>
						<TextLine ID="line_8" HPOS="102" VPOS="687" WIDTH="1502" HEIGHT="47">
							<String ID="string_74" HPOS="102" VPOS="696" WIDTH="76" HEIGHT="32" WC="0.96" CONTENT="vårt"/><SP WIDTH="24" VPOS="696" HPOS="178"/>
							<String ID="string_75" HPOS="202" VPOS="695" WIDTH="159" HEIGHT="39" WC="0.96" CONTENT="jordbruk"/><SP WIDTH="25" VPOS="695" HPOS="361"/>
							<String ID="string_76" HPOS="386" VPOS="695" WIDTH="54" HEIGHT="32" WC="0.96" CONTENT="för"/><SP WIDTH="24" VPOS="695" HPOS="440"/>
							<String ID="string_77" HPOS="464" VPOS="694" WIDTH="207" HEIGHT="32" WC="0.96" CONTENT="närvarande"/><SP WIDTH="25" VPOS="694" HPOS="671"/>
							<String ID="string_78" HPOS="696" VPOS="693" WIDTH="142" HEIGHT="39" WC="0.96" CONTENT="arbetar,"/><SP WIDTH="26" VPOS="693" HPOS="838"/>
							<String ID="string_79" HPOS="864" VPOS="692" WIDTH="44" HEIGHT="31" WC="0.96" CONTENT="ha"/><SP WIDTH="24" VPOS="692" HPOS="908"/>
							<String ID="string_80" HPOS="932" VPOS="692" WIDTH="34" HEIGHT="31" WC="0.96" CONTENT="vi"/><SP WIDTH="26" VPOS="692" HPOS="966"/>
							<String ID="string_81" HPOS="992" VPOS="691" WIDTH="88" HEIGHT="31" WC="0.96" CONTENT="inom"/><SP WIDTH="26" VPOS="691" HPOS="1080"/>
							<String ID="string_82" HPOS="1106" VPOS="689" WIDTH="166" HEIGHT="32" WC="0.96" CONTENT="utskottet"/><SP WIDTH="25" VPOS="689" HPOS="1272"/>
							<String ID="string_83" HPOS="1297" VPOS="687" WIDTH="170" HEIGHT="39" WC="0.93" CONTENT="tillstyrkt"/><SP WIDTH="25" VPOS="687" HPOS="1467"/>
							<String ID="string_84" HPOS="1492" VPOS="687" WIDTH="112" HEIGHT="32" WC="0.92" CONTENT="motio-"/>
						</TextLine>
						<TextLine ID="line_9" HPOS="104" VPOS="737" WIDTH="1505" HEIGHT="47">
							<String ID="string_85" HPOS="104" VPOS="751" WIDTH="159" HEIGHT="27" WC="0.89" CONTENT="närernas"/><SP WIDTH="26" VPOS="751" HPOS="263"/>
							<String ID="string_86" HPOS="289" VPOS="745" WIDTH="130" HEIGHT="39" WC="0.96" CONTENT="förslag"/><SP WIDTH="26" VPOS="745" HPOS="419"/>
							<String ID="string_87" HPOS="445" VPOS="757" WIDTH="52" HEIGHT="20" WC="0.92" CONTENT="om"/><SP WIDTH="25" VPOS="757" HPOS="497"/>
							<String ID="string_88" HPOS="522" VPOS="743" WIDTH="186" HEIGHT="40" WC="0.92" CONTENT="säsongtull"/><SP WIDTH="26" VPOS="743" HPOS="708"/>
							<String ID="string_89" HPOS="734" VPOS="744" WIDTH="20" HEIGHT="32" WC="0.92" CONTENT="å"/><SP WIDTH="25" VPOS="744" HPOS="754"/>
							<String ID="string_90" HPOS="779" VPOS="742" WIDTH="140" HEIGHT="33" WC="0.94" CONTENT="fårkött."/><SP WIDTH="47" VPOS="742" HPOS="919"/>
							<String ID="string_91" HPOS="966" VPOS="738" WIDTH="97" HEIGHT="35" WC="0.96" CONTENT="Även"/><SP WIDTH="26" VPOS="738" HPOS="1063"/>
							<String ID="string_92" HPOS="1089" VPOS="752" WIDTH="50" HEIGHT="21" WC="0.95" CONTENT="om"/><SP WIDTH="26" VPOS="752" HPOS="1139"/>
							<String ID="string_93" HPOS="1165" VPOS="743" WIDTH="50" HEIGHT="29" WC="0.95" CONTENT="ett"/><SP WIDTH="24" VPOS="743" HPOS="1215"/>
							<String ID="string_94" HPOS="1239" VPOS="739" WIDTH="100" HEIGHT="32" WC="0.94" CONTENT="bifall"/><SP WIDTH="26" VPOS="739" HPOS="1339"/>
							<String ID="string_95" HPOS="1365" VPOS="739" WIDTH="53" HEIGHT="32" WC="0.96" CONTENT="till"/><SP WIDTH="27" VPOS="739" HPOS="1418"/>
							<String ID="string_96" HPOS="1445" VPOS="737" WIDTH="164" HEIGHT="38" WC="0.95" CONTENT="förslaget"/>
						</TextLine>
						<TextLine ID="line_10" HPOS="105" VPOS="788" WIDTH="1501" HEIGHT="47">
							<String ID="string_97" HPOS="105" VPOS="797" WIDTH="158" HEIGHT="38" WC="0.96" CONTENT="möjligen"/><SP WIDTH="24" VPOS="797" HPOS="263"/>
							<String ID="string_98" HPOS="287" VPOS="796" WIDTH="108" HEIGHT="32" WC="0.96" CONTENT="skulle"/><SP WIDTH="25" VPOS="796" HPOS="395"/>
							<String ID="string_99" HPOS="420" VPOS="795" WIDTH="113" HEIGHT="32" WC="0.96" CONTENT="kunna"/><SP WIDTH="23" VPOS="795" HPOS="533"/>
							<String ID="string_100" HPOS="556" VPOS="795" WIDTH="152" HEIGHT="32" WC="0.96" CONTENT="medföra"/><SP WIDTH="21" VPOS="795" HPOS="708"/>
							<String ID="string_101" HPOS="729" VPOS="792" WIDTH="299" HEIGHT="39" WC="0.96" CONTENT="handelspolitiska"/><SP WIDTH="26" VPOS="792" HPOS="1028"/>
							<String ID="string_102" HPOS="1054" VPOS="791" WIDTH="222" HEIGHT="38" WC="0.96" CONTENT="olägenheter,"/><SP WIDTH="24" VPOS="791" HPOS="1276"/>
							<String ID="string_103" HPOS="1300" VPOS="790" WIDTH="59" HEIGHT="32" WC="0.96" CONTENT="bör"/><SP WIDTH="27" VPOS="790" HPOS="1359"/>
							<String ID="string_104" HPOS="1386" VPOS="789" WIDTH="90" HEIGHT="32" WC="0.96" CONTENT="detta"/><SP WIDTH="26" VPOS="789" HPOS="1476"/>
							<String ID="string_105" HPOS="1502" VPOS="788" WIDTH="104" HEIGHT="38" WC="0.96" CONTENT="enligt"/>
						</TextLine>
						<TextLine ID="line_11" HPOS="102" VPOS="839" WIDTH="1504" HEIGHT="47">
							<String ID="string_106" HPOS="102" VPOS="849" WIDTH="61" HEIGHT="32" WC="0.96" CONTENT="vår"/><SP WIDTH="18" VPOS="849" HPOS="163"/>
							<String ID="string_107" HPOS="181" VPOS="848" WIDTH="132" HEIGHT="38" WC="0.96" CONTENT="mening"/><SP WIDTH="17" VPOS="848" HPOS="313"/>
							<String ID="string_108" HPOS="330" VPOS="847" WIDTH="74" HEIGHT="33" WC="0.95" CONTENT="icke"/><SP WIDTH="17" VPOS="847" HPOS="404"/>
							<String ID="string_109" HPOS="421" VPOS="859" WIDTH="83" HEIGHT="20" WC="0.96" CONTENT="vara"/><SP WIDTH="17" VPOS="859" HPOS="504"/>
							<String ID="string_110" HPOS="521" VPOS="846" WIDTH="198" HEIGHT="38" WC="0.95" CONTENT="avgörande,"/><SP WIDTH="19" VPOS="846" HPOS="719"/>
							<String ID="string_111" HPOS="738" VPOS="846" WIDTH="41" HEIGHT="32" WC="0.96" CONTENT="då"/><SP WIDTH="17" VPOS="846" HPOS="779"/>
							<String ID="string_112" HPOS="796" VPOS="857" WIDTH="44" HEIGHT="20" WC="0.96" CONTENT="nu"/><SP WIDTH="18" VPOS="857" HPOS="840"/>
							<String ID="string_113" HPOS="858" VPOS="844" WIDTH="145" HEIGHT="32" WC="0.96" CONTENT="rådande"/><SP WIDTH="18" VPOS="844" HPOS="1003"/>
							<String ID="string_114" HPOS="1021" VPOS="842" WIDTH="233" HEIGHT="34" WC="0.96" CONTENT="förhållanden"/><SP WIDTH="16" VPOS="842" HPOS="1254"/>
							<String ID="string_115" HPOS="1270" VPOS="842" WIDTH="43" HEIGHT="38" WC="0.92" CONTENT="på"/><SP WIDTH="17" VPOS="842" HPOS="1313"/>
							<String ID="string_116" HPOS="1330" VPOS="839" WIDTH="276" HEIGHT="34" WC="0.90" CONTENT="världshandelns"/>
						</TextLine>
						<TextLine ID="line_12" HPOS="105" VPOS="890" WIDTH="1502" HEIGHT="46">
							<String ID="string_117" HPOS="105" VPOS="899" WIDTH="132" HEIGHT="32" WC="0.95" CONTENT="område"/><SP WIDTH="19" VPOS="899" HPOS="237"/>
							<String ID="string_118" HPOS="256" VPOS="899" WIDTH="81" HEIGHT="32" WC="0.96" CONTENT="dock"/><SP WIDTH="19" VPOS="899" HPOS="337"/>
							<String ID="string_119" HPOS="356" VPOS="898" WIDTH="94" HEIGHT="32" WC="0.96" CONTENT="torde"/><SP WIDTH="18" VPOS="898" HPOS="450"/>
							<String ID="string_120" HPOS="468" VPOS="903" WIDTH="82" HEIGHT="33" WC="0.96" CONTENT="göra"/><SP WIDTH="18" VPOS="903" HPOS="550"/>
							<String ID="string_121" HPOS="568" VPOS="898" WIDTH="54" HEIGHT="31" WC="0.96" CONTENT="det"/><SP WIDTH="16" VPOS="898" HPOS="622"/>
							<String ID="string_122" HPOS="638" VPOS="896" WIDTH="215" HEIGHT="39" WC="0.96" CONTENT="nödvändigt,"/><SP WIDTH="21" VPOS="896" HPOS="853"/>
							<String ID="string_123" HPOS="874" VPOS="898" WIDTH="51" HEIGHT="29" WC="0.96" CONTENT="att"/><SP WIDTH="17" VPOS="898" HPOS="925"/>
							<String ID="string_124" HPOS="942" VPOS="895" WIDTH="60" HEIGHT="32" WC="0.93" CONTENT="vår"/><SP WIDTH="17" VPOS="895" HPOS="1002"/>
							<String ID="string_125" HPOS="1019" VPOS="893" WIDTH="151" HEIGHT="33" WC="0.92" CONTENT="handels-"/><SP WIDTH="20" VPOS="893" HPOS="1170"/>
							<String ID="string_126" HPOS="1190" VPOS="893" WIDTH="59" HEIGHT="32" WC="0.93" CONTENT="och"/><SP WIDTH="19" VPOS="893" HPOS="1249"/>
							<String ID="string_127" HPOS="1268" VPOS="890" WIDTH="235" HEIGHT="40" WC="0.90" CONTENT="avtalspolitik"/><SP WIDTH="17" VPOS="890" HPOS="1503"/>
							<String ID="string_128" HPOS="1520" VPOS="891" WIDTH="87" HEIGHT="31" WC="0.96" CONTENT="inom"/>
						</TextLine>
						<TextLine ID="line_13" HPOS="104" VPOS="941" WIDTH="1502" HEIGHT="43">
							<String ID="string_129" HPOS="104" VPOS="950" WIDTH="61" HEIGHT="32" WC="0.96" CONTENT="den"/><SP WIDTH="21" VPOS="950" HPOS="165"/>
							<String ID="string_130" HPOS="186" VPOS="953" WIDTH="166" HEIGHT="29" WC="0.96" CONTENT="närmaste"/><SP WIDTH="22" VPOS="953" HPOS="352"/>
							<String ID="string_131" HPOS="374" VPOS="949" WIDTH="182" HEIGHT="32" WC="0.96" CONTENT="framtiden"/><SP WIDTH="22" VPOS="949" HPOS="556"/>
							<String ID="string_132" HPOS="578" VPOS="948" WIDTH="64" HEIGHT="32" WC="0.96" CONTENT="blir"/><SP WIDTH="21" VPOS="948" HPOS="642"/>
							<String ID="string_133" HPOS="663" VPOS="947" WIDTH="140" HEIGHT="33" WC="0.96" CONTENT="föremål"/><SP WIDTH="22" VPOS="947" HPOS="803"/>
							<String ID="string_134" HPOS="825" VPOS="947" WIDTH="53" HEIGHT="31" WC="0.96" CONTENT="för"/><SP WIDTH="21" VPOS="947" HPOS="878"/>
							<String ID="string_135" HPOS="899" VPOS="945" WIDTH="159" HEIGHT="39" WC="0.96" CONTENT="grundlig"/><SP WIDTH="21" VPOS="945" HPOS="1058"/>
							<String ID="string_136" HPOS="1079" VPOS="944" WIDTH="174" HEIGHT="39" WC="0.96" CONTENT="prövning,"/><SP WIDTH="22" VPOS="944" HPOS="1253"/>
							<String ID="string_137" HPOS="1275" VPOS="942" WIDTH="141" HEIGHT="33" WC="0.96" CONTENT="särskilt"/><SP WIDTH="20" VPOS="942" HPOS="1416"/>
							<String ID="string_138" HPOS="1436" VPOS="942" WIDTH="72" HEIGHT="32" WC="0.93" CONTENT="med"/><SP WIDTH="21" VPOS="942" HPOS="1508"/>
							<String ID="string_139" HPOS="1529" VPOS="941" WIDTH="77" HEIGHT="32" WC="0.93" CONTENT="hän-"/>
						</TextLine>
						<TextLine ID="line_14" HPOS="106" VPOS="994" WIDTH="1242" HEIGHT="45">
							<String ID="string_140" HPOS="106" VPOS="1012" WIDTH="63" HEIGHT="27" WC="0.96" CONTENT="syn"/><SP WIDTH="22" VPOS="1012" HPOS="169"/>
							<String ID="string_141" HPOS="191" VPOS="1001" WIDTH="53" HEIGHT="32" WC="0.96" CONTENT="till"/><SP WIDTH="23" VPOS="1001" HPOS="244"/>
							<String ID="string_142" HPOS="267" VPOS="1001" WIDTH="73" HEIGHT="32" WC="0.96" CONTENT="dess"/><SP WIDTH="22" VPOS="1001" HPOS="340"/>
							<String ID="string_143" HPOS="362" VPOS="999" WIDTH="163" HEIGHT="32" WC="0.96" CONTENT="inverkan"/><SP WIDTH="21" VPOS="999" HPOS="525"/>
							<String ID="string_144" HPOS="546" VPOS="999" WIDTH="43" HEIGHT="38" WC="0.96" CONTENT="på"/><SP WIDTH="23" VPOS="999" HPOS="589"/>
							<String ID="string_145" HPOS="612" VPOS="999" WIDTH="77" HEIGHT="32" WC="0.96" CONTENT="vårt"/><SP WIDTH="22" VPOS="999" HPOS="689"/>
							<String ID="string_146" HPOS="711" VPOS="997" WIDTH="178" HEIGHT="39" WC="0.93" CONTENT="jordbruks"/><SP WIDTH="24" VPOS="997" HPOS="889"/>
							<String ID="string_147" HPOS="913" VPOS="994" WIDTH="435" HEIGHT="39" WC="0.90" CONTENT="avsättningsmöjligheter."/>
						</TextLine>
					</TextBlock>
					<TextBlock ID="block_4" HPOS="150" VPOS="1045" WIDTH="948" HEIGHT="44">
						<TextLine ID="line_15" HPOS="150" VPOS="1045" WIDTH="948" HEIGHT="44">
							<String ID="string_148" HPOS="150" VPOS="1051" WIDTH="113" HEIGHT="33" WC="0.96" CONTENT="Under"/><SP WIDTH="18" VPOS="1051" HPOS="263"/>
							<String ID="string_149" HPOS="281" VPOS="1050" WIDTH="206" HEIGHT="39" WC="0.96" CONTENT="åberopande"/><SP WIDTH="20" VPOS="1050" HPOS="487"/>
							<String ID="string_150" HPOS="507" VPOS="1061" WIDTH="41" HEIGHT="21" WC="0.96" CONTENT="av"/><SP WIDTH="20" VPOS="1061" HPOS="548"/>
							<String ID="string_151" HPOS="568" VPOS="1049" WIDTH="54" HEIGHT="33" WC="0.96" CONTENT="det"/><SP WIDTH="18" VPOS="1049" HPOS="622"/>
							<String ID="string_152" HPOS="640" VPOS="1048" WIDTH="142" HEIGHT="33" WC="0.96" CONTENT="anförda"/><SP WIDTH="19" VPOS="1048" HPOS="782"/>
							<String ID="string_153" HPOS="801" VPOS="1048" WIDTH="37" HEIGHT="32" WC="0.96" CONTENT="få"/><SP WIDTH="17" VPOS="1048" HPOS="838"/>
							<String ID="string_154" HPOS="855" VPOS="1048" WIDTH="34" HEIGHT="31" WC="0.93" CONTENT="vi"/><SP WIDTH="21" VPOS="1048" HPOS="889"/>
							<String ID="string_155" HPOS="910" VPOS="1045" WIDTH="188" HEIGHT="40" WC="0.92" CONTENT="hemställa,"/>
						</TextLine>
					</TextBlock>
				</ComposedBlock>
				<ComposedBlock ID="cblock_3" HPOS="415" VPOS="1127" WIDTH="1194" HEIGHT="195">
					<TextBlock ID="block_5" HPOS="415" VPOS="1127" WIDTH="1194" HEIGHT="195">
						<TextLine ID="line_16" HPOS="460" VPOS="1127" WIDTH="1147" HEIGHT="45">
							<String ID="string_156" HPOS="460" VPOS="1138" WIDTH="50" HEIGHT="29" WC="0.96" CONTENT="att"/><SP WIDTH="26" VPOS="1138" HPOS="510"/>
							<String ID="string_157" HPOS="536" VPOS="1134" WIDTH="179" HEIGHT="38" WC="0.95" CONTENT="riksdagen"/><SP WIDTH="25" VPOS="1134" HPOS="715"/>
							<String ID="string_158" HPOS="740" VPOS="1134" WIDTH="112" HEIGHT="38" WC="0.96" CONTENT="måtte,"/><SP WIDTH="26" VPOS="1134" HPOS="852"/>
							<String ID="string_159" HPOS="878" VPOS="1133" WIDTH="12" HEIGHT="31" WC="0.96" CONTENT="i"/><SP WIDTH="26" VPOS="1133" HPOS="890"/>
							<String ID="string_160" HPOS="916" VPOS="1131" WIDTH="179" HEIGHT="38" WC="0.95" CONTENT="anledning"/><SP WIDTH="27" VPOS="1131" HPOS="1095"/>
							<String ID="string_161" HPOS="1122" VPOS="1142" WIDTH="42" HEIGHT="20" WC="0.96" CONTENT="av"/><SP WIDTH="26" VPOS="1142" HPOS="1164"/>
							<String ID="string_162" HPOS="1190" VPOS="1130" WIDTH="38" HEIGHT="32" WC="0.96" CONTENT="de"/><SP WIDTH="25" VPOS="1130" HPOS="1228"/>
							<String ID="string_163" HPOS="1253" VPOS="1127" WIDTH="217" HEIGHT="41" WC="0.92" CONTENT="likalydande"/><SP WIDTH="25" VPOS="1127" HPOS="1470"/>
							<String ID="string_164" HPOS="1495" VPOS="1127" WIDTH="112" HEIGHT="33" WC="0.90" CONTENT="motio-"/>
						</TextLine>
						<TextLine ID="line_17" HPOS="415" VPOS="1178" WIDTH="1194" HEIGHT="39">
							<String ID="string_165" HPOS="415" VPOS="1197" WIDTH="103" HEIGHT="20" WC="0.95" CONTENT="nerna"/><SP WIDTH="17" VPOS="1197" HPOS="518"/>
							<String ID="string_166" HPOS="535" VPOS="1185" WIDTH="33" HEIGHT="32" WC="0.6" CONTENT="I:"/><SP WIDTH="14" VPOS="1185" HPOS="568"/>
							<String ID="string_167" HPOS="582" VPOS="1186" WIDTH="62" HEIGHT="31" WC="0.6" CONTENT="237"/><SP WIDTH="19" VPOS="1186" HPOS="644"/>
							<String ID="string_168" HPOS="663" VPOS="1196" WIDTH="42" HEIGHT="20" WC="0.96" CONTENT="av"/><SP WIDTH="18" VPOS="1196" HPOS="705"/>
							<String ID="string_169" HPOS="723" VPOS="1184" WIDTH="75" HEIGHT="32" WC="0.96" CONTENT="herr"/><SP WIDTH="20" VPOS="1184" HPOS="798"/>
							<String ID="string_170" HPOS="818" VPOS="1182" WIDTH="64" HEIGHT="32" WC="0.96" CONTENT="Per"/><SP WIDTH="20" VPOS="1182" HPOS="882"/>
							<String ID="string_171" HPOS="902" VPOS="1181" WIDTH="206" HEIGHT="34" WC="0.93" CONTENT="Gustafsson"/><SP WIDTH="17" VPOS="1181" HPOS="1108"/>
							<String ID="string_172" HPOS="1125" VPOS="1193" WIDTH="43" HEIGHT="21" WC="0.91" CONTENT="m."/><SP WIDTH="20" VPOS="1193" HPOS="1168"/>
							<String ID="string_173" HPOS="1188" VPOS="1180" WIDTH="39" HEIGHT="33" WC="0.95" CONTENT="fl."/><SP WIDTH="19" VPOS="1180" HPOS="1227"/>
							<String ID="string_174" HPOS="1246" VPOS="1181" WIDTH="60" HEIGHT="31" WC="0.96" CONTENT="och"/><SP WIDTH="17" VPOS="1181" HPOS="1306"/>
							<String ID="string_175" HPOS="1323" VPOS="1179" WIDTH="54" HEIGHT="33" WC="0.28" CONTENT="IT:"/><SP WIDTH="15" VPOS="1179" HPOS="1377"/>
							<String ID="string_176" HPOS="1392" VPOS="1179" WIDTH="63" HEIGHT="32" WC="0.28" CONTENT="228"/><SP WIDTH="20" VPOS="1179" HPOS="1455"/>
							<String ID="string_177" HPOS="1475" VPOS="1190" WIDTH="41" HEIGHT="20" WC="0.95" CONTENT="av"/><SP WIDTH="17" VPOS="1190" HPOS="1516"/>
							<String ID="string_178" HPOS="1533" VPOS="1178" WIDTH="76" HEIGHT="32" WC="0.94" CONTENT="herr"/>
						</TextLine>
						<TextLine ID="line_18" HPOS="417" VPOS="1228" WIDTH="1191" HEIGHT="45">
							<String ID="string_179" HPOS="417" VPOS="1235" WIDTH="139" HEIGHT="33" WC="0.96" CONTENT="Gardell"/><SP WIDTH="18" VPOS="1235" HPOS="556"/>
							<String ID="string_180" HPOS="574" VPOS="1236" WIDTH="11" HEIGHT="31" WC="0.93" CONTENT="i"/><SP WIDTH="21" VPOS="1236" HPOS="585"/>
							<String ID="string_181" HPOS="606" VPOS="1234" WIDTH="91" HEIGHT="33" WC="0.93" CONTENT="Gans"/><SP WIDTH="22" VPOS="1234" HPOS="697"/>
							<String ID="string_182" HPOS="719" VPOS="1247" WIDTH="41" HEIGHT="20" WC="0.92" CONTENT="m."/><SP WIDTH="22" VPOS="1247" HPOS="760"/>
							<String ID="string_183" HPOS="782" VPOS="1234" WIDTH="49" HEIGHT="39" WC="0.91" CONTENT="fl.,"/><SP WIDTH="21" VPOS="1234" HPOS="831"/>
							<String ID="string_184" HPOS="852" VPOS="1233" WIDTH="140" HEIGHT="38" WC="0.96" CONTENT="besluta,"/><SP WIDTH="21" VPOS="1233" HPOS="992"/>
							<String ID="string_185" HPOS="1013" VPOS="1235" WIDTH="51" HEIGHT="29" WC="0.96" CONTENT="att"/><SP WIDTH="20" VPOS="1235" HPOS="1064"/>
							<String ID="string_186" HPOS="1084" VPOS="1231" WIDTH="53" HEIGHT="33" WC="0.92" CONTENT="till"/><SP WIDTH="19" VPOS="1231" HPOS="1137"/>
							<String ID="string_187" HPOS="1156" VPOS="1231" WIDTH="294" HEIGHT="32" WC="0.92" CONTENT="tulltaxenummer"/><SP WIDTH="21" VPOS="1231" HPOS="1450"/>
							<String ID="string_188" HPOS="1471" VPOS="1231" WIDTH="17" HEIGHT="31" WC="0.94" CONTENT="9"/><SP WIDTH="21" VPOS="1231" HPOS="1488"/>
							<String ID="string_189" HPOS="1509" VPOS="1230" WIDTH="11" HEIGHT="31" WC="0.93" CONTENT="i"/><SP WIDTH="19" VPOS="1230" HPOS="1520"/>
							<String ID="string_190" HPOS="1539" VPOS="1228" WIDTH="69" HEIGHT="39" WC="0.45" CONTENT="göl-"/>
						</TextLine>
						<TextLine ID="line_19" HPOS="417" VPOS="1278" WIDTH="1192" HEIGHT="44">
							<String ID="string_191" HPOS="417" VPOS="1287" WIDTH="96" HEIGHT="32" WC="0.93" CONTENT="lande"/><SP WIDTH="21" VPOS="1287" HPOS="513"/>
							<String ID="string_192" HPOS="534" VPOS="1285" WIDTH="145" HEIGHT="33" WC="0.91" CONTENT="tulltaxa"/><SP WIDTH="23" VPOS="1285" HPOS="679"/>
							<String ID="string_193" HPOS="702" VPOS="1285" WIDTH="87" HEIGHT="32" WC="0.96" CONTENT="skall"/><SP WIDTH="22" VPOS="1285" HPOS="789"/>
							<String ID="string_194" HPOS="811" VPOS="1285" WIDTH="98" HEIGHT="37" WC="0.96" CONTENT="fogas"/><SP WIDTH="22" VPOS="1285" HPOS="909"/>
							<String ID="string_195" HPOS="931" VPOS="1295" WIDTH="39" HEIGHT="20" WC="0.96" CONTENT="en"/><SP WIDTH="22" VPOS="1295" HPOS="970"/>
							<String ID="string_196" HPOS="992" VPOS="1282" WIDTH="222" HEIGHT="38" WC="0.96" CONTENT="anmärkning"/><SP WIDTH="21" VPOS="1282" HPOS="1214"/>
							<String ID="string_197" HPOS="1235" VPOS="1293" WIDTH="42" HEIGHT="20" WC="0.96" CONTENT="av"/><SP WIDTH="21" VPOS="1293" HPOS="1277"/>
							<String ID="string_198" HPOS="1298" VPOS="1280" WIDTH="148" HEIGHT="39" WC="0.96" CONTENT="följande"/><SP WIDTH="22" VPOS="1280" HPOS="1446"/>
							<String ID="string_199" HPOS="1468" VPOS="1278" WIDTH="141" HEIGHT="41" WC="0.95" CONTENT="lydelse:"/>
						</TextLine>
					</TextBlock>
				</ComposedBlock>
				<ComposedBlock ID="cblock_4" HPOS="416" VPOS="1355" WIDTH="1194" HEIGHT="148">
					<TextBlock ID="block_6" HPOS="416" VPOS="1355" WIDTH="1194" HEIGHT="148">
						<TextLine ID="line_20" HPOS="460" VPOS="1355" WIDTH="1150" HEIGHT="45">
							<String ID="string_200" HPOS="460" VPOS="1364" WIDTH="101" HEIGHT="31" WC="0.94" CONTENT="Anm."/><SP WIDTH="44" VPOS="1364" HPOS="561"/>
							<String ID="string_201" HPOS="605" VPOS="1362" WIDTH="66" HEIGHT="32" WC="0.96" CONTENT="För"/><SP WIDTH="19" VPOS="1362" HPOS="671"/>
							<String ID="string_202" HPOS="690" VPOS="1361" WIDTH="76" HEIGHT="33" WC="0.96" CONTENT="kött"/><SP WIDTH="20" VPOS="1361" HPOS="766"/>
							<String ID="string_203" HPOS="786" VPOS="1373" WIDTH="42" HEIGHT="20" WC="0.96" CONTENT="av"/><SP WIDTH="22" VPOS="1373" HPOS="828"/>
							<String ID="string_204" HPOS="850" VPOS="1360" WIDTH="65" HEIGHT="40" WC="0.96" CONTENT="får,"/><SP WIDTH="22" VPOS="1360" HPOS="915"/>
							<String ID="string_205" HPOS="937" VPOS="1358" WIDTH="232" HEIGHT="33" WC="0.96" CONTENT="inkommande"/><SP WIDTH="23" VPOS="1358" HPOS="1169"/>
							<String ID="string_206" HPOS="1192" VPOS="1357" WIDTH="104" HEIGHT="33" WC="0.96" CONTENT="under"/><SP WIDTH="22" VPOS="1357" HPOS="1296"/>
							<String ID="string_207" HPOS="1318" VPOS="1357" WIDTH="90" HEIGHT="32" WC="0.96" CONTENT="tiden"/><SP WIDTH="26" VPOS="1357" HPOS="1408"/>
							<String ID="string_208" HPOS="1434" VPOS="1358" WIDTH="16" HEIGHT="31" WC="0.96" CONTENT="1"/><SP WIDTH="24" VPOS="1358" HPOS="1450"/>
							<String ID="string_209" HPOS="1474" VPOS="1355" WIDTH="136" HEIGHT="39" WC="0.96" CONTENT="augusti"/>
						</TextLine>
						<TextLine ID="line_21" HPOS="416" VPOS="1406" WIDTH="1193" HEIGHT="46">
							<String ID="string_210" HPOS="416" VPOS="1415" WIDTH="88" HEIGHT="32" WC="0.86" CONTENT="—30"/><SP WIDTH="25" VPOS="1415" HPOS="504"/>
							<String ID="string_211" HPOS="529" VPOS="1413" WIDTH="183" HEIGHT="39" WC="0.96" CONTENT="november,"/><SP WIDTH="25" VPOS="1413" HPOS="712"/>
							<String ID="string_212" HPOS="737" VPOS="1412" WIDTH="88" HEIGHT="33" WC="0.96" CONTENT="skall"/><SP WIDTH="26" VPOS="1412" HPOS="825"/>
							<String ID="string_213" HPOS="851" VPOS="1411" WIDTH="64" HEIGHT="33" WC="0.95" CONTENT="tull"/><SP WIDTH="24" VPOS="1411" HPOS="915"/>
							<String ID="string_214" HPOS="939" VPOS="1411" WIDTH="85" HEIGHT="38" WC="0.96" CONTENT="utgå"/><SP WIDTH="24" VPOS="1411" HPOS="1024"/>
							<String ID="string_215" HPOS="1048" VPOS="1410" WIDTH="72" HEIGHT="32" WC="0.96" CONTENT="med"/><SP WIDTH="26" VPOS="1410" HPOS="1120"/>
							<String ID="string_216" HPOS="1146" VPOS="1410" WIDTH="41" HEIGHT="32" WC="0.96" CONTENT="30"/><SP WIDTH="24" VPOS="1410" HPOS="1187"/>
							<String ID="string_217" HPOS="1211" VPOS="1408" WIDTH="123" HEIGHT="32" WC="0.96" CONTENT="kronor"/><SP WIDTH="26" VPOS="1408" HPOS="1334"/>
							<String ID="string_218" HPOS="1360" VPOS="1408" WIDTH="52" HEIGHT="32" WC="0.96" CONTENT="för"/><SP WIDTH="29" VPOS="1408" HPOS="1412"/>
							<String ID="string_219" HPOS="1441" VPOS="1408" WIDTH="61" HEIGHT="32" WC="0.93" CONTENT="100"/><SP WIDTH="25" VPOS="1408" HPOS="1502"/>
							<String ID="string_220" HPOS="1527" VPOS="1406" WIDTH="82" HEIGHT="32" WC="0.93" CONTENT="kilo-"/>
						</TextLine>
						<TextLine ID="line_22" HPOS="417" VPOS="1476" WIDTH="127" HEIGHT="27">
							<String ID="string_221" HPOS="417" VPOS="1476" WIDTH="127" HEIGHT="27" WC="0.93" CONTENT="gram.»"/>
						</TextLine>
					</TextBlock>
				</ComposedBlock>
			</PrintSpace>
		</Page>
	</Layout>
</alto>
