1862 2786
451 129 404 40 Bevillningsutskottets
880 127 218 31 betänkande
1122 136 41 20 nr
1186 125 51 30 26.
1562 120 36 29 11

141 209 149 30 Behovet
315 218 42 21 av
383 207 174 31 särskilda
582 207 120 39 regler,
727 214 76 22 som
828 204 207 39 möjliggöra
1061 201 185 31 skattefria
1271 197 329 40 fondavsättningar

96 258 59 30 vid
172 258 163 30 eldsvåda
352 257 65 30 och
435 255 162 31 liknande
615 254 193 33 händelser,
827 261 102 28 synes
949 253 10 28 i
976 251 186 30 huvudsak
1179 259 83 21 vara
1283 249 70 29 lika
1371 246 229 31 framträdan-

97 312 42 30 de
158 311 56 30 vid
233 311 128 30 förlust
380 319 42 21 av
440 308 281 40 lagertillgångar
740 315 76 22 som
835 305 58 30 vid
912 305 127 30 förlust
1058 312 43 22 av
1119 301 222 34 inventarier,
1361 301 87 29 även
1466 308 57 21 om
1543 299 57 29 det

97 362 12 30 i
129 362 104 39 något
252 362 61 30 fall
335 361 72 30 kan
426 369 82 21 vara
527 360 126 29 lättare
674 359 49 29 att
743 357 127 38 förnya
890 357 47 28 ett
957 356 93 38 lager
1071 355 46 29 än
1135 354 52 29 att
1206 350 242 32 återanskaffa
1468 359 43 20 en
1531 349 70 30 för-

98 413 98 30 lorad
225 411 241 40 maskinpark.
496 409 75 31 Fall
602 409 97 30 torde
729 406 239 39 otvivelaktigt
997 404 230 33 förekomma,
1259 403 62 29 där
1351 400 179 32 avsaknad
1560 408 42 21 av

98 463 228 40 möjligheten
351 464 50 28 att
425 462 82 39 göra
531 459 185 31 skattefria
740 456 329 39 fondavsättningar
1094 454 113 31 skulle
1230 454 122 29 kunna
1375 451 37 31 få
1434 451 53 30 till
1512 450 90 39 följd

99 514 51 28 att
168 521 42 20 en
227 511 195 40 betydande
441 510 55 29 del
513 518 43 21 av
575 509 68 29 den
663 506 198 31 utbetalade
880 503 348 39 skadeersättningen
1246 503 141 28 komme
1405 502 50 28 att
1473 500 130 29 konsu-

98 574 114 21 meras
232 573 43 22 av
293 564 133 30 skatter
446 562 64 30 och
529 563 52 29 att
600 560 148 30 sålunda
767 556 492 41 ersättningsanskaffningen
1278 553 239 39 äventyrades.
1537 552 65 28 Det

100 614 148 29 behöver
267 613 63 29 här
350 612 120 29 endast
489 610 133 31 erinras
642 618 57 21 om
719 610 48 28 att
786 617 43 21 en
848 605 162 32 eldsvåda
1031 606 70 29 kan
1121 603 146 31 inträffa
1286 602 58 30 vid
1364 611 43 21 en
1427 601 108 30 sådan
1554 600 50 30 tid

99 666 46 40 på
167 665 73 31 året
264 667 51 28 att
338 664 110 40 lagret
470 663 76 30 icke
568 662 127 29 hinner
719 659 261 32 återanskaffas
1003 658 75 30 före
1103 654 336 41 beskattningsårets
1462 653 141 40 utgång.

100 717 79 30 Med
201 716 138 39 hänsyn
362 714 118 30 härtill
504 722 102 21 anser
630 712 52 39 sig
704 711 172 30 utskottet
898 710 84 29 böra
1005 708 153 33 förorda,
1182 709 51 28 att
1255 706 69 30 den
1346 704 182 40 möjlighet
1551 703 53 30 till

100 767 185 31 skattefria
307 764 329 39 fondavsättningar
658 762 54 30 för
734 761 200 30 ersättande
955 768 42 21 av
1019 767 124 31 genom
1166 756 164 31 eldsvåda
1352 755 64 30 och
1437 754 167 30 liknande

101 818 185 30 händelser
313 815 175 31 förlorade
515 812 292 41 lagertillgångar,
835 820 77 21 som
938 810 125 29 hittills
1090 808 84 30 stått
1201 808 41 30 de
1269 805 258 40 skattskyldiga
1552 804 53 30 till

101 869 99 34 buds,
227 866 189 31 bibehålles
441 865 132 40 jämväl
599 864 112 29 under
735 863 42 29 de
803 859 295 40 beskattningsår,
1124 859 55 29 för
1205 858 94 29 vilka
1325 857 156 38 taxering
1506 855 100 30 verk-

102 917 116 29 ställes
239 916 109 29 under
371 915 83 29 åren
477 911 213 32 1951—1953.
711 911 172 30 Utskottet
902 908 191 37 tillstyrker
1116 907 145 31 sålunda
1281 906 56 30 det
1358 906 12 28 i
1390 904 217 30 motionerna

102 970 30 29 1:
149 969 62 30 334
231 969 65 30 och
316 968 46 29 II:
378 967 63 29 446
462 965 221 31 framställda
703 963 173 40 yrkandet
895 962 134 29 härom.

148 1067 229 40 Lagtekniskt
398 1065 117 30 kunde
538 1063 143 41 givetvis
704 1062 124 39 frågan
851 1061 92 29 lösas
966 1060 44 39 på
1033 1059 57 30 det
1113 1059 113 33 sättet,
1250 1059 51 28 att
1325 1056 186 39 riksdagen
1534 1054 73 30 dels

98 1119 104 30 biföll
218 1119 57 29 det
289 1118 12 29 i
319 1116 263 41 propositionen
598 1113 197 39 framlagda
811 1109 399 40 författningsförslaget
1226 1118 57 20 om
1299 1108 141 29 fortsatt
1457 1106 152 38 tillämp-

103 1171 85 38 ning
206 1170 10 28 i
233 1170 70 29 viss
325 1168 54 30 del
399 1177 42 20 av
460 1166 84 30 1948
563 1166 56 30 års
639 1163 207 39 förordning
864 1162 65 31 och
947 1161 73 31 dels
1042 1162 105 37 antog
1165 1169 42 20 en
1227 1158 151 31 särskild
1398 1156 211 38 författning

104 1230 59 20 om
189 1218 317 39 investeringsfond
533 1217 56 29 för
616 1215 199 30 ersättande
842 1223 42 20 av
911 1212 175 31 förlorade
1113 1209 292 41 lagertillgångar.
1432 1208 46 30 Ur
1505 1207 104 40 prak-

104 1272 72 29 tisk
199 1270 181 41 synpunkt
403 1269 97 29 torde
525 1268 57 29 det
605 1268 89 29 dock
717 1275 83 21 vara
824 1263 203 41 lämpligare
1051 1264 50 28 att
1125 1261 240 31 sammanföra
1390 1257 220 31 bestämmel-

106 1331 103 21 serna
228 1323 11 27 i
259 1331 43 19 en
322 1319 216 39 förordning.
560 1318 176 30 Utskottet
757 1316 60 30 vill
837 1316 56 29 för
916 1315 55 29 sin
990 1314 55 30 del
1066 1312 143 31 förorda
1229 1313 51 29 att
1301 1312 39 29 så
1360 1311 90 29 sker.
1472 1310 73 28 Den
1568 1317 43 20 av

106 1373 170 29 utskottet
298 1371 199 38 föreslagna
520 1368 262 38 förordningen,
805 1366 118 31 vilken
946 1365 116 30 finnes
1086 1364 141 38 intagen
1250 1363 64 30 här
1338 1361 123 33 nedan,
1486 1359 125 39 skiljer

105 1424 53 38 sig
179 1424 79 29 från
280 1423 57 29 det
362 1431 42 20 av
425 1421 261 29 motionärerna
708 1417 197 38 framlagda
927 1416 167 38 förslaget
1118 1412 279 39 huvudsakligen
1419 1411 11 29 i
1453 1410 157 39 följande

106 1475 59 29 två
188 1473 204 30 avseenden.
417 1471 260 30 Motionärerna
700 1469 45 29 ha
768 1467 180 39 föreslagit
972 1467 51 29 att
1048 1464 199 39 avsättning
1274 1463 112 30 skulle
1412 1463 36 29 få
1472 1462 61 29 ske
1558 1460 53 30 till

106 1534 44 20 en
170 1532 198 31 gemensam
387 1522 85 30 fond
490 1522 56 29 för
565 1520 175 30 förlorade
759 1517 212 31 inventarier
990 1516 66 31 och
1076 1514 290 40 lagertillgångar.
1387 1515 13 28 I
1419 1514 57 28 det
1497 1521 43 20 av
1559 1513 53 27 ut-

108 1577 129 28 skottet
262 1573 203 31 utarbetade
490 1572 168 38 förslaget
682 1571 63 29 har
771 1570 67 29 den
866 1567 280 30 hittillsvarande
1171 1564 259 41 uppdelningen
1456 1563 10 28 i
1493 1572 42 21 en
1561 1562 51 28 in-

106 1625 281 39 vesteringsfond
409 1624 55 29 för
486 1621 213 32 inventarier
721 1621 65 30 och
809 1630 43 19 en
875 1620 85 29 fond
983 1619 54 29 för
1060 1616 281 40 lagertillgångar
1364 1613 208 31 bibehållits.
1599 1613 13 29 I

109 1678 18 29 2
149 1677 14 36 8
181 1677 63 29 har
260 1676 172 29 utskottet
448 1673 160 41 upptagit
624 1682 43 20 en
685 1670 243 31 bestämmelse
945 1679 56 20 om
1019 1670 61 32 att,
1098 1667 104 31 såvitt
1219 1666 108 39 angår
1345 1665 193 39 tillgångar,
1557 1673 56 20 av-

109 1727 106 30 sedda
241 1728 54 29 för
320 1725 214 39 omsättning
559 1724 82 29 eller
665 1721 235 39 förbrukning
923 1721 11 28 i
960 1720 165 34 rörelsen,
1151 1719 163 37 avdraget
1339 1716 75 30 icke
1438 1716 55 29 får
1518 1716 95 28 över-

109 1779 89 37 stiga
216 1779 48 28 ett
282 1777 125 39 belopp
426 1774 246 31 motsvarande
691 1772 248 38 minskningen
959 1781 42 20 av
1020 1770 81 30 dold
1121 1778 115 21 reserv
1254 1768 12 29 i
1285 1767 196 38 varulagret
1502 1766 111 29 under

109 1827 329 39 beskattningsåret.
464 1826 123 29 Denna
611 1822 356 42 spärrbestämmelse,
992 1830 76 21 som
1093 1820 129 30 saknar
1246 1817 250 39 motsvarighet
1522 1816 10 28 i
1557 1816 57 29 det

110 1889 42 21 av
169 1879 260 29 motionärerna
445 1876 197 38 framlagda
660 1875 176 37 förslaget,
856 1874 64 28 har
937 1871 204 30 tillkommit
1159 1871 54 28 för
1231 1871 51 28 att
1299 1868 183 30 förhindra
1502 1868 51 28 att
1572 1875 42 20 en

110 1928 288 37 fondavsättning
418 1928 96 38 göres
535 1927 111 29 större
666 1926 44 28 än
731 1934 74 20 som
825 1923 157 38 betingas
1002 1931 42 20 av
1064 1920 284 39 lagstiftningens
1368 1918 100 39 syfte.
1489 1916 127 39 Övriga

110 1979 263 30 bestämmelser
393 1978 11 28 i
426 1975 409 40 författningsförslaget,
856 1973 93 31 vilka
970 1972 10 29 i
1001 1972 188 29 huvudsak
1209 1971 60 29 äro
1293 1968 221 39 likalydande
1537 1967 78 29 med

111 2029 245 31 motsvarande
378 2027 310 38 författningsrum
709 2027 10 28 i
741 2025 84 30 1948
845 2025 56 29 års
922 2022 216 39 förordning,
1161 2021 96 30 torde
1278 2020 75 30 icke
1374 2020 107 28 kräva
1501 2018 115 39 någon

112 2081 151 30 särskild
284 2079 216 38 motivering.

159 2181 11 28 I
191 2181 93 28 detta
304 2178 256 38 sammanhang
580 2186 102 20 anser
704 2176 51 39 sig
776 2176 170 29 utskottet
966 2174 83 29 böra
1071 2172 51 29 till
1143 2171 211 38 behandling
1377 2170 151 39 upplaga
1550 2168 67 29 frå-

114 2239 76 31 gan,
209 2230 174 29 huruvida
400 2229 66 29 den
484 2238 42 20 av
546 2228 170 29 utskottet
734 2227 64 28 här
818 2234 89 21 ovan
926 2223 186 30 förordade
1131 2221 265 39 lagstiftningen
1414 2229 55 20 om
1489 2219 129 29 skatte-

114 2281 67 30 fria
208 2279 327 37 fondavsättningar
561 2278 62 29 bör
648 2276 182 30 föranleda
857 2275 113 38 någon
996 2272 150 38 ändring
1172 2272 9 28 i
1206 2270 250 38 förordningen
1484 2278 57 20 om
1569 2268 49 28 in-

113 2330 299 38 vesteringsskatt.
434 2328 115 38 Enligt
570 2327 19 29 8
612 2327 15 36 8
652 2325 221 31 sistnämnda
892 2323 206 38 förordning
1120 2322 135 29 medför
1276 2320 199 37 avsättning
1497 2319 50 28 till
1570 2318 50 28 in-

115 2379 279 39 vesteringsfond
433 2377 239 39 regehnässigt
710 2376 198 39 skyldighet
949 2375 49 28 att
1036 2373 101 38 gälda
1164 2372 109 30 sådan
1301 2371 104 29 skatt.
1435 2369 184 36 Undantag

116 2431 138 37 stadgas
279 2429 192 30 emellertid
496 2427 222 31 beträffande
743 2425 200 39 avsättning
969 2424 48 30 till
1045 2422 150 31 särskild
1223 2420 315 38 investeringsfond
1566 2420 54 28 för
