1864 2788
456 158 405 39 Bevillningsutskottets
888 157 218 30 betänkande
1132 166 43 20 nr
1199 157 51 29 26.
1591 156 18 30 3

818 241 20 30 6
865 241 28 37 8.

150 310 71 30 Har
246 310 234 39 skattskyldig
505 310 85 38 tagit
616 309 318 39 investeringsfond
959 308 10 30 i
994 308 155 40 anspråk
1173 307 11 29 i
1209 317 116 20 annan
1352 307 149 40 ordning
1528 308 43 29 än
1597 307 12 29 i

106 361 18 29 3
151 361 15 37 $
193 362 87 36 sägs,
303 361 82 29 eller
407 361 63 29 har
495 360 229 38 skattskyldig
745 361 82 28 trätt
850 360 11 29 i
885 359 216 34 likvidation,
1127 359 98 29 skola
1247 358 52 30 till
1324 358 129 30 fonden
1477 359 132 28 avsatta

106 412 112 29 medel
246 412 172 30 återföras
446 411 53 29 till
528 411 226 39 beskattning
781 411 55 29 för
867 411 58 30 det
952 409 294 40 beskattningsår,
1274 409 176 30 varunder
1479 409 132 29 fonden

105 463 105 38 tagits
235 463 10 28 i
270 462 155 40 anspråk
449 462 81 30 eller
553 462 150 30 beslutet
729 471 56 20 om
809 461 252 30 likvidationen
1085 461 134 29 fattats.
1244 460 66 29 Till
1335 460 160 40 beloppet
1519 459 91 30 skall

106 514 121 29 därvid
248 514 116 36 läggas
384 514 99 28 ränta
503 513 105 37 enligt
628 513 11 29 i
670 513 9 30 5
705 514 15 36 8
743 512 151 39 angivna
916 512 160 40 grunder,
1098 512 90 29 dock
1209 513 50 28 att
1282 510 9 30 i
1315 511 63 30 fall
1402 520 40 21 av
1465 510 145 30 likvida-

106 564 73 29 tion
199 565 126 28 räntan
346 564 91 29 skall
458 564 173 29 beräknas
653 564 87 29 efter
761 564 123 29 endast
904 563 58 30 två
981 564 155 39 procent.

151 615 65 29 Vid
238 615 193 38 återföring
454 623 42 21 av
518 615 112 29 medel
654 614 53 29 till
729 613 225 40 beskattning
976 613 106 39 enligt
1105 613 111 30 första
1239 613 135 38 stycket
1399 612 89 30 skall
1510 612 66 30 vad
1598 611 10 29 i

106 666 19 29 5
151 666 15 35 $
191 666 107 29 andra
324 665 135 39 stycket
483 666 76 38 sägs
583 666 63 38 äga
670 664 246 30 motsvarande
940 664 232 39 tillämpning.

819 748 73 37 78.

151 817 64 29 Vid
243 817 198 39 tillämpnig
468 826 41 20 av
536 817 115 29 denna
678 815 207 40 förordning
912 815 98 30 skola
1036 814 147 40 tidigare
1212 814 52 30 till
1289 813 321 40 investeringsfond

106 868 134 29 avsatta
261 867 112 30 medel
397 875 102 21 anses
520 867 89 30 hava
631 867 105 39 tagits
758 866 10 29 i
791 866 155 40 anspråk
967 866 74 30 före
1063 874 122 21 senare
1208 865 250 39 avsättningar.

820 951 75 36 88

152 1019 71 29 Har
247 1019 311 39 taxeringsnämnd
583 1019 118 39 påfört
729 1018 158 40 taxering
913 1018 107 40 enligt
1047 1018 19 30 5
1093 1018 84 29 eller
1202 1017 19 30 6
1249 1017 27 37 8,
1303 1017 91 29 skall
1420 1016 191 39 taxerings-

105 1069 191 30 nämndens
317 1069 210 30 ordförande
547 1069 12 29 i
580 1069 284 30 förekommande
886 1069 62 29 fall
969 1069 116 29 lämna
1104 1067 507 37 taxeringsnämndsordföran-

107 1121 90 29 dena
219 1120 12 29 i
255 1120 42 30 de
321 1119 119 40 övriga
466 1119 330 40 taxeringsdistrikt,
822 1120 62 29 där
909 1119 158 39 taxering
1091 1119 64 29 bör
1179 1120 63 37 äga
1268 1127 90 25 rum,
1384 1117 226 40 erforderliga

106 1171 253 29 meddelanden
381 1170 53 29 till
457 1170 140 41 ledning
619 1170 57 31 vid
699 1170 203 39 taxeringen
927 1169 95 31 inom
1046 1170 102 29 dessa
1172 1168 152 32 distrikt.

817 1255 20 29 9
864 1254 29 37 8.

152 1322 249 39 Skattskyldig,
424 1331 74 21 som
521 1322 91 40 gjort
637 1322 199 39 avsättning
859 1321 52 30 till
935 1321 318 39 investeringsfond
1276 1320 107 39 enligt
1406 1321 114 29 denna
1541 1320 71 30 för-

107 1372 156 38 ordning,
284 1373 37 29 är
341 1372 124 37 pliktig
485 1374 47 28 att
553 1372 59 30 vid
633 1372 308 37 självdeklaration
961 1372 54 29 för
1036 1372 56 29 det
1111 1371 289 37 beskattningsår,
1423 1371 43 29 då
1486 1371 126 29 avsätt-

107 1423 129 39 ningen
262 1424 56 38 ägt
345 1432 91 26 rum,
464 1423 164 30 ävensom
655 1423 56 29 för
736 1422 97 40 varje
860 1422 204 40 påföljande
1092 1421 295 39 beskattningsår,
1414 1421 91 30 intill
1531 1422 80 29 dess

107 1474 41 29 de
167 1474 135 29 avsatta
321 1473 137 30 medlen
476 1473 132 30 avförts
629 1482 40 20 ur
689 1473 139 34 fonden,
847 1473 80 37 foga
945 1472 138 41 uppgift
1104 1472 107 39 enligt
1230 1472 182 34 formulär,
1433 1481 73 20 som
1526 1471 86 30 fast-

108 1524 117 30 ställes
247 1533 42 21 av
312 1524 127 39 Kungl.
462 1524 115 39 Maj:t,
599 1523 150 30 rörande
771 1523 201 40 avsättning
995 1532 42 22 av
1058 1523 114 29 medel
1194 1522 52 31 till
1268 1522 132 30 fonden
1422 1524 91 28 samt
1535 1522 77 29 fon-

107 1575 84 29 dens
213 1574 221 37 användning
455 1574 64 30 och
540 1574 212 37 avveckling.

813 1658 38 30 10
879 1658 28 37 8.

152 1726 66 29 För
237 1726 223 39 tillämpning
478 1735 42 21 av
535 1726 113 29 denna
669 1725 206 41 förordning
892 1724 226 40 erforderliga
1136 1724 222 30 föreskrifter
1375 1724 176 30 meddelas
1570 1733 43 21 av

108 1776 126 39 Kungl.
262 1776 115 40 Maj:t.

152 1894 122 29 Denna
293 1894 206 38 förordning
517 1894 117 29 träder
653 1893 11 28 i
683 1894 95 29 kraft
798 1894 112 38 dagen
930 1894 87 29 efter
1038 1894 77 32 den,
1136 1893 45 30 då
1202 1893 66 29 den
1287 1892 108 39 enligt
1415 1893 84 30 därå
1518 1893 94 29 med-

108 1945 100 29 delad
232 1944 139 40 uppgift
395 1943 188 30 utkommit
608 1944 80 29 från
713 1944 135 38 trycket
871 1943 12 30 i
908 1943 130 30 Svensk
1064 1942 392 40 författningssamling.

153 1996 13 28 I
197 1994 168 30 samband
397 1994 78 29 med
505 1995 115 29 denna
649 1994 224 39 förordnings
903 1993 282 30 ikraftträdande
1215 1993 88 31 skall
1334 1993 157 39 följande
1523 1993 90 30 iakt-

108 2048 113 35 tagas:

152 2096 70 30 Har
242 2096 200 37 avsättning
459 2104 43 20 av
517 2096 113 29 medel
647 2095 54 29 till
717 2095 319 39 investeringsfond
1054 2095 107 38 enligt
1181 2095 113 29 denna
1312 2095 206 38 förordning
1536 2095 76 29 icke

108 2147 92 28 skett
216 2146 11 28 i
243 2146 320 38 balansräkningen
580 2146 55 30 för
652 2146 57 30 det
725 2145 294 39 beskattningsår,
1036 2145 56 30 för
1108 2145 107 30 vilket
1232 2145 160 39 taxering
1407 2145 205 30 verkställes

108 2197 37 29 år
173 2197 93 33 1951,
290 2197 58 29 må
370 2197 117 29 såsom
509 2196 288 39 fondavsättning
820 2197 205 38 godkännas
1050 2195 196 39 förklaring
1268 2205 42 20 av
1333 2196 67 29 den
1424 2195 189 39 skattskyl-

108 2248 87 37 dige,
220 2248 49 28 att
291 2247 11 28 i
324 2246 285 40 räkenskaperna
633 2247 55 29 för
710 2247 56 29 det
789 2248 45 38 på
858 2246 267 39 ifrågavarande
1148 2245 284 39 beskattningsår
1455 2246 157 38 följande

109 2297 294 39 räkenskapsåret
424 2296 198 39 överföring
643 2296 52 29 till
717 2296 107 30 sådan
848 2297 85 30 fond
956 2296 88 30 skall
1068 2297 101 37 göras
1191 2305 41 20 av
1252 2296 208 29 vinstmedel
1481 2296 54 31 för
1557 2296 56 29 be-

109 2347 285 39 skattningsåret,
413 2347 94 29 vilka
523 2347 138 29 kunnat
677 2346 204 40 disponeras
900 2346 55 30 för
972 2347 57 29 det
1048 2346 175 35 ändamål,
1240 2345 116 30 vartill
1375 2346 130 29 fonden
1523 2346 90 39 jäm-

109 2398 62 38 ligt
198 2398 9 29 3
233 2397 7 37 8
259 2397 57 30 må
332 2399 98 36 tagas
447 2397 10 28 i
477 2397 163 39 anspråk.
658 2397 207 39 Förklaring
882 2406 74 20 som
974 2406 47 21 nu
1040 2397 93 37 sagts
1150 2396 109 38 jämte
1277 2395 140 40 uppgift
1434 2396 105 39 enligt
1557 2396 19 30 9
1596 2396 15 37 8

110 2449 56 29 må
194 2448 138 38 avgivas
361 2448 52 28 till
442 2448 320 38 taxeringsnämnd,
790 2447 108 30 innan
929 2447 113 30 denna
1071 2448 105 29 fattat
1204 2447 112 30 beslut
1344 2448 148 29 rörande
1520 2450 93 27 taxe-
