2230 2612
231 260 129 23 Utskottet.

420 163 38 31 10
901 166 115 33 Andra
1040 168 221 40 lagutskottets
1285 171 165 30 utlåtande
1473 171 52 31 Nr
1548 174 29 29 3.

519 249 263 39 Förevarande
809 252 234 49 proposition
1074 266 109 24 avser
1212 260 53 31 att
1292 268 137 36 genom
1458 256 278 51 inskränkning
1764 271 46 24 av
1834 260 179 49 övnings-

418 301 102 36 tiden
548 302 118 36 under
694 302 221 49 budgetåret
946 306 253 36 1923—1924
1229 306 57 37 för
1313 320 45 23 en
1387 308 143 37 mindre
1559 308 58 37 del
1645 323 47 23 av
1717 310 45 36 de
1789 310 131 37 flottan
1940 313 73 35 till-

417 352 129 38 delade
573 355 259 49 värnpliktiga
859 377 50 5 —
937 356 12 36 i
977 356 173 37 medeltal
1186 358 118 37 under
1339 359 84 36 hela
1459 359 222 50 budgetåret
1713 363 71 35 150
1814 385 45 3 —
1890 364 123 36 åstad-

416 404 150 37 komma
606 405 247 51 besparingar
891 410 20 33 å
949 407 44 37 de
1031 410 140 48 anslag,
1217 410 80 36 från
1325 411 101 36 vilka
1454 412 45 36 de
1527 413 275 50 värnpliktigas
1831 416 182 49 avlöning

416 456 69 37 och
512 457 197 37 underhåll
738 458 193 47 bestridas,
962 467 96 29 samt
1086 461 219 49 därigenom
1335 463 103 36 såväl
1467 464 227 50 möjliggöra
1721 469 126 45 någon
1867 467 146 50 ökning

415 522 45 22 av
489 509 335 50 övningsanslaget
860 524 81 23 som
983 517 95 31 även
1120 513 107 49 eljest
1266 514 213 37 underlätta
1519 517 244 49 möjligheten
1795 523 52 32 att
1875 519 136 37 bereda

415 560 130 48 övriga
572 562 257 49 värnpliktiga
856 563 185 37 utsträckt
1070 565 143 48 övning
1240 566 56 36 till
1324 567 108 48 sjöss.

518 611 500 53 Statsverkspropositionen
1068 616 205 38 innehåller
1318 618 228 38 beträffande
1591 620 318 50 anslagsbehovet
1954 623 58 37 för

414 663 245 48 sjöförsvaret
703 664 132 50 (fjärde
876 667 238 37 huvudtiteln
1155 668 69 37 sid.
1255 669 87 50 255)
1384 670 72 37 den
1490 671 271 50 beräkningen,
1790 679 55 31 att
1873 675 140 37 antalet

413 715 396 51 tjänstgöringsdagar
837 719 56 36 för
920 719 169 37 marinen
1118 720 189 38 tilldelade
1335 723 257 49 värnpliktiga
1620 724 119 37 under
1766 725 102 37 tiden
1900 728 18 34 1
1940 727 72 49 juli

416 769 199 36 1923—30
639 769 87 50 juni
756 772 96 35 1924
881 771 121 36 skulle
1030 776 134 44 utgöra
1193 774 177 47 892,577,
1399 788 86 23 men
1514 781 65 42 att,
1608 776 11 36 i
1647 776 179 38 händelse
1845 792 51 22 nu
1916 779 95 36 före-

412 820 162 37 varande
614 821 211 49 lagförslag
862 828 170 44 antoges,
1062 837 85 23 man
1177 824 96 38 hade
1302 831 53 31 att
1383 827 119 36 räkna
1529 828 84 36 med
1642 841 46 24 en
1716 829 222 49 minskning
1966 844 45 23 av

414 872 140 36 antalet
568 872 398 50 tjänstgöringsdagar
984 875 84 37 med
1088 876 115 36 minst
1224 879 137 46 54,900
1382 878 89 37 eller
1489 880 157 37 sålunda
1665 880 73 36 ned
1758 881 54 36 till
1833 883 176 46 837,677.

412 922 84 37 Den
524 923 215 51 besparing,
769 939 79 23 som
877 926 85 36 med
990 928 312 47 genomförandet
1329 943 47 23 av
1404 931 244 49 lagförslaget
1677 932 121 37 skulle
1826 933 135 38 vinnas
1990 937 20 33 å

412 975 181 49 anslagen
630 976 59 36 för
723 977 46 37 de
796 978 272 49 värnpliktigas
1109 980 181 50 avlöning
1318 982 69 36 och
1415 982 206 48 underhåll,
1651 983 68 37 har
1745 984 12 36 i
1785 986 224 36 statsverks-

411 1028 283 48 propositionen
724 1028 134 49 (fjärde
886 1029 236 38 huvudtiteln
1150 1032 68 36 sid.
1250 1032 87 49 288)
1377 1034 239 49 uppskattats
1635 1036 57 36 till
1712 1036 114 37 minst
1847 1039 164 45 130,000

411 1078 147 37 kronor.
616 1079 148 38 Genom
806 1080 122 37 denna
971 1081 156 37 sålunda
1167 1083 200 38 förutsatta
1407 1085 205 50 besparing
1652 1087 69 37 har
1756 1088 254 51 möjliggjorts

410 1129 142 51 förslag
580 1144 59 24 om
670 1145 46 23 en
745 1132 115 49 nödig
887 1133 193 37 befunnen
1108 1134 168 50 tillfällig
1304 1136 260 50 förstärkning
1581 1139 85 36 med
1689 1141 161 46 100,000
1870 1141 139 37 kronor

412 1195 47 23 av
487 1183 171 49 anslaget
687 1184 56 36 till
772 1184 151 36 flottans
952 1185 317 51 krigsberedskap
1298 1188 69 36 och
1395 1189 195 49 övningar.

513 1234 194 38 Utskottet
748 1236 68 36 har
855 1236 83 36 icke
980 1237 123 37 funnit
1144 1239 206 49 anledning
1378 1240 55 37 till
1462 1241 147 38 erinran
1636 1248 101 32 emot
1765 1243 204 39 innehållet
1996 1246 12 35 i

410 1285 141 50 Kungl.
580 1287 128 49 Maj:ts
745 1288 287 48 ifrågavarande
1065 1289 156 50 förslag;
1265 1292 70 36 och
1364 1292 57 36 får
1448 1294 184 36 utskottet
1661 1295 111 49 förty,
1801 1296 84 37 med
1913 1297 95 37 iakt-

410 1338 164 48 tagande
606 1352 47 23 av
682 1353 46 23 en
766 1340 144 36 mindre
951 1340 246 38 redaktionell
1221 1343 205 49 jämkning
1452 1345 12 36 i
1492 1345 106 50 fråga
1627 1359 60 24 om
1718 1348 198 49 förslagets
1944 1363 64 22 av-

408 1388 178 51 fattning,
615 1391 209 48 hemställa,

912 1500 52 31 att
1003 1496 205 51 riksdagen
1244 1498 11 36 i
1293 1499 203 51 anledning
1532 1514 46 22 av
1606 1501 287 49 ifrågavarande
1921 1518 85 35 pro-

809 1547 164 49 position
1002 1548 58 37 för
1087 1549 58 37 sin
1175 1549 59 37 del
1263 1553 115 34 måtte
1407 1558 138 43 antaga
1573 1552 165 50 följande

1134 1666 145 52 Lag

529 1770 56 24 om
615 1763 172 34 befrielse
814 1764 60 34 för
902 1766 95 32 vissa
1025 1766 164 34 marinen
1221 1767 184 35 tilldelade
1432 1770 247 42 värnpliktiga
1706 1768 82 37 från
1816 1773 71 33 viss

960 1818 488 43 tjänstgöringsskyldighet.

511 1906 279 50 Värnpliktiga,
833 1908 188 38 tilldelade
1049 1910 169 37 marinen
1247 1911 11 36 i
1287 1912 137 37 allmän
1451 1913 128 49 tjänst,
1609 1915 178 49 sjötjänst
1815 1917 89 36 eller
1932 1922 73 32 sta-

408 1957 230 49 tionstjänst,
682 1959 104 36 vilka
826 1960 173 50 fullgjort
1035 1962 259 51 tjänstgöring
1321 1964 59 37 för
1408 1965 58 36 sin
1493 1965 228 51 utbildning,
1750 1969 254 50 värnpliktiga

407 2008 11 36 i
456 2009 138 37 allmän
635 2010 121 49 tjänst
785 2011 88 37 eller
901 2013 177 49 sjötjänst
1106 2014 12 36 i
1146 2015 115 37 minst
1290 2017 46 35 90
1365 2016 118 49 dagar
1510 2018 68 36 och
1605 2019 256 49 värnpliktiga
1888 2021 12 35 i
1929 2023 80 34 sta-

407 2060 218 50 tionstjänst
659 2062 11 36 i
699 2063 114 36 minst
842 2065 47 35 30
918 2064 129 49 dagar,
1076 2068 71 46 må,
1177 2069 48 47 på
1253 2073 74 31 sätt
1353 2068 215 50 Konungen
1595 2075 172 33 närmare
1795 2072 207 48 förordnar,

407 2111 77 37 helt
511 2113 87 37 eller
626 2113 120 38 delvis
775 2114 136 38 befrias
940 2117 82 36 från
1050 2118 236 37 återstående
1313 2119 118 37 under
1458 2124 87 34 åren
1576 2124 97 35 1923
1702 2123 69 36 och
1801 2125 97 35 1924
1919 2124 84 37 dem

406 2163 59 37 för
492 2163 106 38 deras
625 2166 218 49 utbildning
869 2168 202 49 åliggande
1089 2170 496 52 tjänstgöringsskyldighet
1603 2174 12 36 i
1633 2174 231 50 beväringen
1883 2175 120 38 under

408 2215 170 38 fredstid.
