2234 2657
758 210 251 33 Statsutskottets
1037 210 168 33 Utlåtande
1227 212 62 33 N:o
1312 212 51 33 86.
1798 216 16 31 1

962 619 87 47 N:o
1081 619 71 47 86.

763 783 79 29 Ånk.
867 784 49 28 till
939 784 111 30 Riksd.
1074 785 102 30 kansli
1201 787 59 29 den
1285 789 39 27 20
1350 789 77 37 april
1454 791 92 32 1906,
1570 789 43 29 kl.
1640 792 16 26 2
1682 800 26 19 e.
1732 802 39 18 m.

470 931 207 47 Utlåtande,
716 933 13 34 i
770 933 198 45 anledning
1007 933 47 45 af
1075 935 140 45 Kungl.
1246 936 133 43 Maj:ts
1407 938 237 44 proposition,
1676 940 184 44 angående

662 1002 226 45 upplåtande
916 1003 48 44 af
987 1015 43 24 en
1058 1005 57 36 del
1142 1004 89 45 utaf
1250 1006 145 36 Bodens
1424 1007 205 46 kronopark
1656 1008 63 43 för
1740 1010 119 35 landt-

655 1070 209 44 försvarets
894 1073 115 43 behof.

1571 1179 40 49 (L
1641 1179 63 51 A.)

388 1276 17 36 I
449 1289 48 24 en
534 1277 58 37 till
633 1277 220 50 Riksdagen
889 1279 147 48 aflåten,
1074 1280 57 37 till
1160 1282 302 37 statsutskottets
1490 1283 277 37 förberedande
1795 1285 64 36 be-

263 1327 187 50 handling
484 1329 261 38 öfverlämnad
777 1331 238 49 proposition
1051 1331 74 50 (n:o
1156 1332 62 50 66)
1248 1333 40 37 af
1313 1334 74 36 den
1418 1336 44 35 16
1493 1334 173 38 sistlidne
1695 1336 165 37 februari

264 1379 69 37 har
361 1380 144 49 Kungl.
534 1381 121 49 Maj:t,
683 1382 121 37 under
833 1383 238 50 åberopande
1101 1385 40 36 af
1165 1385 149 49 bilagdt
1330 1386 140 49 utdrag
1490 1387 40 36 af
1545 1388 314 50 statsrådsproto-

264 1431 118 37 kollet
422 1434 107 36 öfver
564 1433 446 39 landtförsvarsärenden
1038 1436 60 37 för
1125 1451 143 23 samma
1297 1438 86 50 dag,
1413 1439 198 49 föreslagit
1639 1439 221 51 Riksdagen

264 1484 208 49 medgifva,
515 1491 57 31 att
613 1486 74 37 den
728 1487 60 37 del
829 1487 42 37 af
907 1488 150 37 Bodens
1098 1489 228 51 kronopark,
1368 1503 81 24 som
1491 1495 100 33 ännu
1628 1492 85 37 löde
1739 1493 122 37 under

265 1536 350 50 domänstyrelsens
656 1539 92 36 vård
776 1539 71 37 och
874 1540 247 50 förvaltning,
1151 1545 116 34 måtte
1296 1542 58 37 till
1383 1543 389 51 arméförvaltningen
1801 1545 59 37 för

264 1589 317 38 landtförsvarets
610 1591 167 48 räkning
805 1592 215 37 öfverlåtas.

393 1641 17 36 I
451 1642 105 37 detta
588 1643 138 37 ärende
753 1644 69 36 har
850 1644 418 50 departementschefen
1296 1646 58 37 till
1381 1647 251 37 förenämnda
1660 1649 200 36 statsråds-

264 1693 193 49 protokoll
487 1695 125 36 anfört
639 1695 183 50 följande:

397 1746 41 37 »I
480 1747 238 49 underdånig
760 1748 199 37 skrifvelse
1000 1749 73 37 den
1115 1752 21 34 8
1178 1751 198 37 december
1414 1753 98 35 1904
1540 1752 69 36 har
1637 1753 135 36 chefen
1801 1753 60 36 för

265 1797 314 50 fortifikationen,
622 1800 86 36 med
748 1800 231 50 vidfogande
1014 1801 41 36 af
1079 1802 140 49 utdrag
1246 1816 45 23 ur
1318 1803 107 50 karta
1454 1804 108 36 öfver
1590 1817 48 24 en
1666 1804 60 37 del
1753 1809 106 44 ägor,

265 1849 195 50 tillhöriga
489 1851 146 49 byarna
662 1852 144 48 Boden,
837 1851 192 51 Svartbyn
1057 1854 69 36 och
1155 1854 134 37 Heden
1316 1855 13 36 i
1357 1855 116 37 Öfver
1497 1855 116 38 Luleå
1632 1856 139 37 socken
1791 1857 70 37 och

265 1902 252 37 Norrbottens
558 1903 74 48 län,
676 1904 170 48 anhållit,
883 1910 54 31 att
965 1905 62 37 det
1055 1906 147 37 kronan
1229 1907 207 49 tillhöriga,
1467 1911 21 33 å
1515 1908 137 37 kartan
1679 1909 86 36 med
1793 1909 68 36 röd

266 1953 88 49 färg
393 1955 192 37 utmärkta
627 1956 163 49 område,
821 1970 81 23 som
930 1971 52 22 nu
1010 1958 107 36 stode
1146 1959 120 36 under
1294 1958 347 51 domänstyrelsens
1668 1960 95 37 vård
1791 1961 70 36 och

265 2005 248 51 förvaltning,
555 2021 88 23 men
684 2022 90 23 vore
815 2008 154 50 beläget
996 2009 102 38 inom
1127 2024 113 23 norra
1270 2011 110 37 delen
1408 2012 40 37 af
1472 2012 150 37 Bodens
1649 2012 211 50 fästnings-

267 2058 151 37 område
448 2059 69 37 och
545 2059 59 37 för
632 2060 219 50 fästningen
880 2061 196 50 behöfligt,
1105 2066 118 33 måtte
1252 2064 237 48 öfverflyttas
1517 2064 57 36 till
1603 2064 258 37 arméförvalt-

265 2109 146 50 ningen
444 2113 21 34 å
493 2111 575 51 fortifikationsdepartementet
1096 2115 60 37 för
1184 2120 55 31 att
1267 2116 59 36 för
1352 2116 316 37 landtförsvarets
1695 2116 166 50 räkning

267 2163 203 36 användas.

395 2215 402 51 Arméförvaltningen
839 2221 20 33 å
900 2219 166 37 nämnda
1108 2220 263 49 departement
1411 2220 68 37 har
1521 2220 185 50 tillstyrkt
1747 2221 113 36 fram-

265 2267 245 50 ställningen.

359 2329 68 32 Bih.
452 2329 50 33 till
526 2330 111 32 Biksd.
662 2331 89 32 Prot.
775 2332 94 32 1906.
917 2334 19 30 4
959 2332 97 32 Saml.
1105 2335 17 27 1
1146 2333 79 41 Afd.
1272 2335 43 30 52
1337 2334 96 40 Häft.
1480 2334 89 40 /N:is
1591 2335 153 37 86—89).
1799 2334 15 31 1
