2237 2669
415 222 18 30 2
875 217 251 34 Statsutskottets
1156 215 167 34 Utlåtande
1346 214 62 33 N:o
1431 216 52 31 86.

501 300 128 37 Sedan
661 299 157 37 ärendet
846 297 228 38 remitterats
1102 296 58 37 till
1188 294 338 50 domänstyrelsen,
1554 293 70 37 har
1652 293 126 37 denna
1806 290 161 51 styrelse

370 354 87 38 med
501 351 242 50 underdånig
784 350 201 39 skrifvelse
1027 349 74 38 den
1139 351 45 35 19
1215 348 97 51 april
1342 349 96 36 1905
1468 346 253 38 öfverlämnat
1749 344 218 38 infordrade

369 406 207 51 yttranden
617 405 85 37 från
743 402 286 39 vederbörande
1066 403 235 49 jägmästare
1344 401 71 37 och
1456 399 353 50 öfverjägmästare,
1838 396 129 38 hvilka

370 461 97 36 hvar
498 459 60 37 för
593 458 62 49 sig
683 456 171 38 förordat
881 455 107 38 bifall
1014 454 59 37 till
1100 453 347 50 framställningen,
1476 452 122 38 under
1626 451 149 37 erinran
1806 454 55 33 att
1889 462 78 24 om-

370 513 108 36 rådet
504 510 180 51 utgjorde
713 509 239 38 återstående
980 508 110 37 delen
1118 507 40 37 af
1182 507 46 37 de
1256 506 85 37 från
1363 506 149 37 Bodens
1532 519 48 22 m.
1603 504 36 36 fl.
1660 504 95 49 byar
1773 506 49 47 på
1841 503 127 49 grund

372 565 43 37 af
451 564 133 49 nådigt
624 563 88 37 bref
749 563 74 37 den
860 564 45 35 13
935 560 97 51 april
1061 562 100 36 1894
1188 560 159 49 inköpta
1375 564 104 44 ägor,
1513 557 250 38 tillsammans
1790 555 177 38 bildande

371 618 150 37 Bodens
562 616 217 50 kronopark
806 615 86 38 med
920 628 48 23 en
997 614 101 37 areal
1127 613 41 37 af
1195 615 172 46 1,191,48
1398 611 147 48 hektar,
1573 610 60 37 för
1661 610 114 36 hvars
1804 608 163 37 förvärf-

371 670 124 37 vande
534 669 123 37 medel
697 668 127 37 blifvit
865 667 59 37 till
952 671 79 33 stor
1058 666 61 37 del
1146 668 49 47 på
1223 665 149 38 enskild
1399 669 76 44 väg
1502 662 219 48 insamlade,
1754 661 214 50 hvarjämte

366 723 263 48 jägmästaren
656 720 203 47 meddelat,
889 724 55 32 att
971 732 52 22 nu
1050 717 291 50 ifrågavarande
1370 715 152 38 område
1550 714 207 37 omfattade
1791 726 46 23 en
1865 714 101 35 areal

370 774 43 38 af
436 775 137 48 447,53
604 772 147 49 hektar,
781 772 111 37 däraf
916 772 110 48 24,07
1058 770 135 38 hektar
1220 769 146 50 inägor,
1386 773 98 33 samt
1502 780 92 24 vore
1614 766 58 37 till
1690 764 277 50 hufvudsaklig

371 826 61 38 del
458 827 142 37 beväxt
626 826 87 36 med
740 826 191 48 ungskog.
986 823 76 37 För
1090 836 97 36 egen
1216 823 59 36 del
1302 822 70 37 har
1400 820 328 49 domänstyrelsen
1752 818 137 48 anfört,
1911 822 56 32 att

370 879 190 50 styrelsen
600 878 83 37 icke
724 877 98 38 hade
862 880 119 46 något
1010 881 54 31 att
1093 876 123 37 erinra
1243 880 79 32 mot
1351 873 189 38 områdets
1569 871 311 38 öfverlämnande
1907 869 59 37 till

372 931 404 48 arméförvaltningen.

503 984 99 36 1905
619 985 59 35 års
693 983 199 36 kommitté
906 982 60 37 för
980 980 209 50 utredning
1205 978 195 50 angående
1415 975 553 50 befästningsanordningarna

372 1035 66 38 vid
464 1036 131 37 Boden
622 1036 69 36 har
719 1035 112 37 äfven
858 1039 122 45 yttrat
1003 1034 60 49 sig
1082 1033 13 37 i
1114 1032 157 38 ärendet
1291 1031 71 38 och
1381 1030 133 38 därvid
1533 1029 203 47 meddelat,
1757 1032 68 45 att,
1846 1027 121 50 enligt

373 1089 86 37 dess
486 1087 261 51 uppfattning,
775 1086 403 50 befästningsarbeten
1205 1085 118 36 redan
1350 1083 12 36 i
1384 1082 159 38 fredstid
1562 1081 117 37 borde
1698 1080 146 38 utföras
1863 1081 103 36 inom

372 1141 172 37 området
572 1141 12 36 i
612 1140 110 49 fråga
750 1140 70 36 och
849 1144 55 32 att
932 1139 124 37 dettas
1083 1138 94 37 vård
1205 1137 71 37 och
1303 1135 238 49 förvaltning
1569 1134 128 37 därför
1724 1138 132 45 syntes
1874 1133 93 37 böra

370 1193 209 37 öfverföras
622 1192 84 36 från
747 1191 327 46 domänstyrelsen
1114 1189 58 36 till
1214 1187 389 48 arméförvaltningen
1632 1189 21 33 å
1679 1185 287 37 fortifikations-

370 1246 314 49 departementet.

500 1297 98 36 Hela
639 1297 273 49 köpesumman
953 1294 59 37 för
1054 1294 45 37 de
1141 1293 121 49 enligt
1298 1291 246 39 omförmälda
1572 1290 141 48 nådiga
1740 1288 125 37 beslut
1892 1288 73 36 den

373 1352 46 34 13
463 1349 93 49 april
599 1350 99 35 1894
725 1348 60 36 för
812 1348 166 36 kronans
1005 1346 166 49 räkning
1198 1346 13 36 i
1239 1345 164 47 Bodens,
1432 1343 192 48 Vittjärfs,
1654 1341 213 49 Svartbyns
1897 1340 70 37 och

369 1401 155 38 Hedens
552 1401 95 49 byar
674 1400 157 48 inköpta
859 1404 94 44 ägor
981 1412 62 24 om
1070 1398 160 50 tillhopa
1253 1398 171 47 1,191,48
1448 1395 135 37 hektar
1601 1393 180 50 utgjorde
1804 1394 162 47 131,132

371 1454 140 36 kronor
551 1457 98 32 samt
690 1451 181 50 gäldades
912 1451 87 37 med
1044 1452 136 46 71,132
1218 1450 142 36 kronor
1388 1448 41 37 af
1452 1447 135 47 medel,
1617 1460 81 23 som
1728 1445 40 37 af
1794 1444 174 38 Svenska

371 1505 375 49 kvinnoföreningen
766 1504 71 37 och
856 1504 243 48 Föreningen
1114 1503 58 36 till
1187 1501 213 50 främjande
1421 1500 40 37 af
1476 1499 211 38 Norrlands
1706 1498 97 37 fasta
1822 1497 147 37 försvar

372 1558 123 37 ställts
522 1557 58 37 till
608 1557 118 36 Eders
754 1556 143 48 Kungl.
927 1556 129 49 Maj:ts
1085 1554 236 50 disposition,
1351 1553 69 37 och
1449 1552 87 37 med
1564 1550 240 38 återstående
1830 1550 137 47 60,000

372 1610 140 37 kronor
554 1609 40 37 af
632 1609 45 37 de
718 1621 142 37 genom
902 1607 229 50 försäljning
1173 1606 42 37 af
1252 1605 146 38 mindre
1434 1603 345 50 kronolägenheter
1807 1602 162 37 influtna

371 1662 134 37 medel.
560 1661 121 37 Förut
708 1661 115 37 hafva
851 1660 103 37 delar
983 1661 41 36 af
1048 1660 64 36 det
1135 1659 158 49 inköpta
1312 1658 182 47 området,
1510 1656 154 49 jämlikt
1683 1655 120 37 Eders
1822 1654 144 49 Kungl.

371 1715 129 49 Maj:ts
541 1713 125 37 beslut
708 1713 74 36 den
825 1714 46 35 19
901 1712 95 50 april
1026 1713 96 36 1901
1154 1711 70 37 och
1252 1711 72 36 den
1355 1712 44 35 17
1431 1709 95 49 april
1555 1709 111 47 1903,
1696 1708 272 37 öfverlämnats

370 1767 85 36 från
483 1765 348 49 domänstyrelsens
859 1764 59 37 till
938 1764 409 48 arméförvaltningens
1366 1762 105 37 vård.
1515 1760 145 38 Värdet
1681 1760 39 37 af
1736 1760 110 37 dessa
1866 1759 102 37 delar

371 1819 69 36 har
472 1822 146 33 ansetts
652 1817 85 37 icke
765 1817 212 48 öfverstiga
1005 1817 64 36 det
1097 1815 138 50 belopp
1265 1815 42 37 af
1329 1813 320 51 köpeskillingen,
1680 1825 80 24 som
1789 1811 86 37 med
1903 1824 65 23 en-

372 1870 122 37 skilda
522 1870 124 37 medel
673 1869 155 48 guldits.
871 1869 101 36 Enär
1000 1869 13 36 i
1041 1868 72 37 den
1134 1867 111 37 andel
1265 1867 41 36 af
1320 1865 317 51 köpeskillingen,
1658 1878 81 23 som
1758 1868 211 32 motsvarar

373 1923 73 36 den
487 1936 52 22 nu
579 1921 290 49 ifrågavarande
911 1921 91 36 eller
1044 1919 237 38 återstående
1315 1918 111 38 delen
1455 1918 41 36 af
1520 1917 63 37 det
1609 1917 159 49 inköpta
1797 1915 172 38 området

373 1975 93 48 ingå
506 1974 114 37 äfven
662 1973 190 37 allmänna
893 1972 124 38 medel
1059 1973 40 36 af
1137 1972 115 37 ofvan
1281 1971 157 49 angifna
1465 1974 121 41 natur,
1615 1969 99 36 lärer
1741 1968 138 49 frågan
1908 1980 60 24 om

373 2026 327 37 öfverlämnandet
729 2025 40 36 af
784 2025 125 37 denna
928 2025 60 36 del
1008 2025 84 36 från
1111 2023 350 50 domänstyrelsens
1480 2022 59 36 till
1559 2020 409 48 arméförvaltningens

372 2078 94 37 vård
493 2078 93 37 böra
612 2077 252 37 underställas
893 2077 239 49 Riksdagens
1160 2076 220 50 pröfning.»

502 2130 58 37 Då
601 2130 63 36 det
704 2143 90 23 vore
823 2129 249 50 synnerligen
1101 2128 220 47 önskvärdt,
1352 2133 55 31 att
1435 2127 74 37 den
1536 2124 293 50 ifrågavarande
1857 2124 113 36 delen

374 2183 41 37 af
439 2183 150 36 Bodens
617 2181 347 50 fästningsområde
991 2182 151 36 komme
1172 2185 54 32 att
1252 2185 139 45 utgöra
1410 2184 55 33 ett
1485 2176 374 50 sammanhängande
1878 2175 91 49 helt,

372 2235 70 37 och
479 2235 57 46 då,
574 2237 125 35 såsom
730 2235 95 36 1905
856 2237 60 34 års
945 2233 348 38 Bodenskommitté
1321 2231 218 48 framhållit,
1568 2228 402 50 befästningsarbeten

372 2288 117 36 redan
518 2288 13 36 i
558 2287 163 37 fredstid
748 2286 117 37 borde
893 2287 153 36 komma
1073 2285 58 37 till
1150 2285 200 37 utförande
1374 2288 13 33 å
1402 2285 75 36 den
1491 2282 119 49 mark,
1625 2295 82 24 som
1721 2282 69 37 här
1805 2281 164 48 afsåges,

372 2339 227 37 hemställde
620 2339 421 49 departementschefen
1057 2351 61 24 om
1135 2337 187 37 aflåtande
1335 2337 41 36 af
1386 2350 50 23 nu
1452 2334 252 39 förevarande
1718 2333 250 51 proposition.
