1884 2768
501 191 254 28 Statsutskottets
779 191 162 28 utlåtande
963 198 40 20 nr
1024 190 37 28 46
1083 190 37 28 år
1141 190 76 28 1962
1567 192 41 30 81

124 271 108 40 lighet
250 272 80 30 med
346 272 174 39 yrkandet
536 273 13 29 i
565 273 134 29 motion
719 272 45 30 II:
780 271 62 30 407
863 272 9 29 i
893 272 166 30 skrivelse
1077 271 52 30 till
1147 271 127 40 Kungl.
1294 270 105 40 Maj:t
1416 271 106 39 begär
1539 268 71 32 för-

126 325 73 40 slag
218 325 52 30 till
291 325 109 30 sådan
419 325 150 40 ändring
593 335 42 20 av
653 325 299 40 författningarna
972 327 50 28 att
1041 324 250 40 egnahemslån
1310 324 57 30 må
1386 324 122 29 kunna
1527 322 83 41 utgå

125 379 53 29 till
192 379 141 30 förvärv
347 389 42 19 av
402 379 170 39 egnahem
574 373 16 49 i
611 381 71 37 gott
697 379 110 33 skick,
821 379 120 30 varvid
956 379 115 29 denna
1087 378 204 39 långivning
1305 379 23 28 t.
1342 387 32 20 v.
1387 377 65 30 bör
1462 377 64 30 ske
1540 377 70 30 för-

127 432 137 30 söksvis
287 433 64 29 och
368 432 189 39 begränsas
576 432 51 30 till
646 432 198 30 Bohusläns
863 431 281 30 kustområden.»

182 486 73 29 dels
273 486 65 29 ock
355 486 113 29 nedan
486 486 155 29 nämnda
658 487 156 28 moment
831 486 10 28 i
859 486 189 29 utskottets
1065 485 212 30 hemställan
1294 485 77 29 bort
1390 485 44 29 ha
1453 484 155 40 följande

125 539 146 40 lydelse:

449 593 72 29 »21.
546 592 223 30 beträffande
793 592 58 30 lån
876 592 51 30 till
952 592 96 30 äldre
1072 592 205 39 fastigheter
1300 592 11 29 i
1337 591 174 30 samband
1531 591 79 30 med

393 647 163 38 ägarbyte
573 647 11 28 i
600 646 189 39 anledning
806 655 43 20 av
864 646 179 29 motionen
1060 645 44 29 II:
1121 644 61 30 407
1201 645 11 29 i
1230 644 167 31 skrivelse
1413 644 53 31 till
1483 644 126 40 Kungl.

392 700 105 39 Maj:t
512 700 78 38 giva
607 699 52 30 till
673 699 119 30 känna
805 699 67 29 vad
887 699 170 29 utskottet
1072 699 154 33 anfört
1192 695 36 48 ;>»

181 817 56 33 19)
267 826 43 20 av
336 816 120 30 herrar
482 817 145 35 Boman,
653 817 79 28 Ivar
757 815 211 36 Johansson,
996 816 140 37 Ragnar
1162 814 123 39 Bergh,
1311 814 68 30 Per
1404 813 203 35 Jacobsson,

124 870 164 40 Per-Olof
317 870 155 34 Hanson,
503 869 171 30 Nils-Eric
705 869 220 40 Gustafsson,
955 868 164 39 Staxäng,
1150 868 175 29 Svensson
1356 868 12 29 i
1400 867 207 40 Stenkyrka,

123 923 126 31 fröken
263 923 134 36 Elmén,
413 924 122 28 herrar
549 923 173 29 Svensson
739 924 11 28 i
766 921 218 41 Ljungskile,
1001 921 207 40 Gustafsson
1220 921 13 29 i
1246 919 199 36 Skellefteå,
1457 919 152 31 Anders-

123 986 62 20 son
211 977 10 29 i
246 977 140 31 Knäred
411 976 63 30 och
500 976 190 33 Källenius,
716 976 95 29 vilka
834 974 223 31 beträffande
1082 975 113 30 stödet
1221 974 55 31 för
1301 973 308 31 studentbostäder

124 1032 114 28 ansett
263 1032 51 28 att

178 1084 73 29 dels
268 1084 57 30 det
344 1084 117 39 stycke
480 1085 9 28 i
508 1084 189 29 utskottets
714 1083 164 39 yttrande
896 1083 45 39 på
959 1092 25 20 s.
1003 1082 51 34 49,
1074 1091 75 20 som
1166 1081 120 40 börjar
1305 1082 78 29 med
1404 1081 105 29 »1957
1528 1080 76 30 års>

126 1137 64 29 och
212 1136 113 30 slutar
344 1137 78 29 med
445 1136 409 40 »departementschefen
875 1136 150 34 anfört»,
1051 1135 78 30 bort
1150 1135 46 30 ha
1216 1134 158 40 följande
1397 1134 145 40 lydelse:

183 1190 198 30 >Utskottet
399 1190 65 29 har
482 1190 88 29 intet
589 1191 50 28 att
657 1189 116 30 erinra
792 1191 73 28 mot
883 1188 67 31 vad
970 1188 387 41 departementschefen
1376 1188 149 30 anfört.>

182 1244 73 29 dels
273 1243 65 30 ock
354 1243 114 30 nedan
485 1243 155 30 nämnda
656 1244 156 29 moment
829 1243 11 29 i
862 1243 188 29 utskottets
1068 1241 212 30 hemställan
1296 1241 78 30 bort
1391 1242 45 29 ha
1453 1241 158 39 följande

128 1297 144 40 lydelse:

449 1351 72 29 »22.
546 1350 223 30 beträffande
793 1349 112 30 stödet
928 1349 54 30 för
1006 1348 307 30 studentbostäder
1335 1348 78 30 med
1435 1348 100 30 bifall
1558 1347 53 30 till

392 1404 126 38 Kungl.
540 1403 123 40 Maj:ts
684 1402 132 40 förslag
837 1402 186 39 godkänna
1043 1402 66 29 vad
1131 1402 171 29 utskottet
1324 1401 154 35 anfört;»

178 1511 58 33 20)
267 1520 41 20 av
331 1511 120 29 herrar
474 1511 144 34 Boman,
640 1510 141 38 Ragnar
803 1508 122 39 Bergh,
949 1508 67 29 Per
1037 1507 203 37 Jacobsson,
1264 1506 166 41 Per-Olof
1453 1506 154 36 Hanson,

121 1564 163 39 Staxäng,
301 1564 124 29 fröken
440 1563 134 36 Elmén,
590 1563 121 29 herrar
725 1562 174 30 Svensson
916 1562 10 29 i
941 1560 216 40 Ljungskile,
1173 1560 208 40 Gustafsson
1396 1561 11 29 i
1424 1558 185 33 Skellefteå

125 1618 63 29 och
211 1617 190 31 Källenius,
424 1617 95 29 vilka
541 1616 222 30 beträffande
788 1615 162 30 återkrav
974 1624 41 20 av
1036 1615 92 29 vissa
1152 1614 171 30 räntefria
1347 1613 142 31 stående
1514 1612 96 31 delar

124 1680 42 21 av
190 1671 250 39 egnahemslån
465 1672 115 27 ansett
603 1671 50 28 att

180 1725 73 28 dels
274 1724 56 29 det
352 1724 128 29 avsnitt
502 1724 9 29 i
533 1723 188 30 utskottets
742 1723 174 39 yttrande,
937 1732 75 20 som
1032 1722 45 39 på
1098 1731 26 20 s.
1146 1721 40 30 49
1207 1721 121 39 börjar
1349 1721 79 29 med
1452 1720 156 37 »Frågan

125 1786 75 21 om»
220 1778 65 28 och
300 1777 44 40 på
361 1787 25 19 s.
402 1776 40 30 50
459 1777 112 29 slutar
587 1776 77 29 med
683 1776 30 29 >i
729 1776 253 34 motionerna>,
998 1775 77 30 bort
1091 1775 45 29 ha
1154 1774 158 39 följande
1328 1774 146 39 lydelse:

184 1829 158 40 »Frågan
365 1829 175 30 huruvida
564 1829 146 39 tidigare
741 1829 198 29 utbetalade
963 1828 170 30 räntefria
1158 1827 143 30 stående
1326 1827 95 30 delar
1445 1836 42 20 av
1510 1834 102 32 egna-

124 1883 161 30 hemslån
301 1884 87 29 skall
405 1883 202 30 återkrävas
623 1882 82 30 eller
720 1883 72 28 inte
807 1882 65 29 har
886 1882 149 29 kommit
1050 1882 10 28 i
1076 1883 48 27 ett
1138 1882 77 38 nytt
1230 1881 75 39 läge
1320 1880 44 40 på
1378 1880 113 38 grund
1504 1888 43 21 av
1560 1879 50 29 att

125 1936 383 40 kapitalsubventioner
536 1944 146 21 numera
708 1936 72 28 inte
809 1935 88 29 skall
925 1934 83 40 utgå
1035 1935 50 28 till
1113 1933 287 40 nyproducerade
1427 1932 181 40 egnahem.

127 1989 410 39 Egnahemslåneräntan
556 1989 64 29 och
640 1990 86 28 även
744 1987 420 40 byggnadskostnaderna
1182 1996 63 21 var
1269 1987 93 38 lägre
1381 1986 55 29 för
1456 1986 41 30 de
1517 1986 95 30 äldre

127 2042 263 39 egnahemmen.
411 2041 178 30 Utskottet
608 2041 194 39 tillstyrker
822 2041 119 30 därför
961 2040 166 39 förslaget
1151 2040 5 29 i
1177 2040 221 29 motionerna
1419 2039 28 29 I:
1463 2039 64 29 428
1548 2039 62 29 och

128 2096 45 29 11:
190 2095 63 30 509
282 2097 90 28 samt
393 2095 28 29 I:
438 2094 63 30 434
523 2095 64 29 och
609 2094 44 29 II:
670 2094 74 33 514,
764 2093 239 30 innebärande
1025 2095 49 27 att
1097 2092 170 30 räntefria
1290 2092 141 30 stående
1454 2092 96 29 delar
1571 2101 42 20 av

128 2148 261 40 egnahemslån,
410 2157 73 19 som
502 2147 162 38 beviljats
684 2146 112 30 under
815 2146 94 30 tiden
933 2146 145 29 1948—1
1101 2146 67 38 juli
1189 2145 95 34 1953,
1305 2145 88 30 skall
1414 2145 43 29 fr.
1477 2154 30 20 o.
1527 2154 45 20 m.
1595 2145 14 29 1

127 2201 66 40 juli
211 2201 83 29 1962
311 2201 176 29 förräntas
504 2200 63 29 och
585 2201 191 28 amorteras
793 2199 51 29 till
863 2199 132 29 hälften
1013 2208 43 20 av
1070 2198 56 30 det
1145 2198 174 39 beviljade
1334 2198 171 39 beloppet.
1523 2198 90 30 Rän-

127 2256 60 27 tan
200 2254 63 29 bör
277 2253 194 29 fastställas
485 2252 50 30 till
562 2252 9 28 4
591 2253 29 32 Z
641 2252 62 28 och
720 2251 328 37 amorteringstiden
1064 2250 51 29 till
1132 2250 39 29 25
1191 2250 49 29 år.
1256 2250 356 30 Ränteinkomsterna

126 2308 69 28 kan
219 2307 173 29 beräknas
416 2305 49 30 till
492 2314 37 20 ca
555 2305 18 28 3
600 2304 86 38 milj.
710 2304 52 29 kr.
790 2303 139 30 1962/63
955 2304 63 28 och
1045 2303 16 28 7
1088 2302 87 39 milj.
1200 2303 53 28 kr.
1281 2302 171 31 1963/64.»

185 2359 72 29 dels
275 2359 64 28 ock
355 2358 189 29 utskottets
561 2357 208 29 hemställan
789 2357 111 28 under
916 2355 111 30 nedan
1047 2356 152 29 nämnda
1218 2358 153 26 moment
1389 2356 78 28 bort
1483 2356 44 28 ha
1550 2356 63 29 föl-

128 2412 105 39 jande
254 2411 146 39 lydelse:

452 2464 72 29 »23.
549 2462 222 31 beträffande
794 2463 163 29 återkrav
978 2472 41 19 av
1044 2462 93 29 vissa
1159 2462 170 29 räntefria
1353 2462 142 29 stående
1518 2462 95 29 delar

395 2527 41 20 av
458 2516 247 39 egnahemslån
730 2515 78 30 med
831 2515 96 30 bifall
953 2515 49 29 till
1026 2515 220 29 motionerna
1269 2514 29 30 I:
1314 2514 63 30 428
1400 2516 63 28 och
1488 2515 45 29 11:
1550 2514 62 29 509

125 2583 124 24 6—3360
262 2586 31 19 62
344 2584 119 34 Bihang
488 2583 45 27 till
557 2582 175 34 riksdagens
758 2582 145 34 protokoll
931 2582 84 26 1962.
1043 2582 17 25 6
1083 2581 87 27 saml.
1198 2581 48 27 Nr
1272 2581 36 26 46
