1894 2772
529 177 253 28 Statsutskottets
806 177 161 28 utlåtande
989 186 40 18 nr
1051 178 36 27 46
1110 178 37 27 år
1169 178 76 27 1962
1591 180 40 29 47

148 257 131 30 boende
301 259 49 28 ett
371 258 87 29 visst
481 257 111 37 skydd
616 260 73 27 mot
712 257 168 37 tillfälligt
903 258 87 37 höga
1014 258 130 29 räntor.
1168 258 59 29 Ett
1251 257 124 30 sådant
1400 257 110 37 skydd
1535 257 98 30 torde

150 311 42 29 ha
211 312 71 28 slor
299 310 175 37 betydelse
493 319 73 21 som
585 311 112 29 medel
715 313 51 27 att
784 313 118 35 trygga
921 320 41 20 en
980 311 67 36 hög
1065 311 64 29 och
1148 310 99 37 jämn
1264 310 368 37 bostadsproduktion.

204 364 392 37 Departementschefen
619 364 64 29 har
707 365 8 28 i
739 366 107 27 annat
870 364 254 36 sammanhang
1148 363 244 36 förutskickat,
1417 365 50 28 att
1491 372 42 21 en
1557 363 75 37 höj-

150 418 81 36 ning
248 426 42 21 av
307 417 106 30 nivån
431 417 54 30 för
502 418 41 29 de
561 417 227 37 garanterade
807 418 164 29 räntorna
990 417 43 37 på
1052 417 273 37 underliggande
1344 417 58 29 lån
1420 417 70 29 kan
1508 417 46 29 bli
1574 416 59 30 ak-

151 471 92 30 tuell.
263 471 49 29 Då
333 471 222 37 försiktighet
572 471 63 29 bör
654 471 172 36 iakttagas
847 471 8 29 i
876 471 96 36 fråga
992 480 56 20 om
1069 471 189 36 ändringar
1277 471 9 28 i
1308 470 325 37 finansieringsvill-

152 525 106 29 koren
277 525 53 29 för
348 525 171 35 bostäder,
537 533 104 21 anser
659 525 169 29 utskottet
846 524 57 29 det
922 525 69 28 inte
1011 524 107 36 gärna
1137 524 119 29 kunna
1276 524 141 29 komma
1438 524 8 28 i
1468 523 97 37 fråga
1584 525 49 27 att

150 578 178 37 samtidigt
348 578 83 37 höja
451 579 126 29 räntan
596 578 44 37 på
660 578 41 30 de
722 578 137 36 statliga
880 578 112 29 lånen.
1014 577 176 30 Utskottet
1210 577 182 37 avstyrker
1412 576 119 30 därför
1552 576 81 30 ifrå-

150 632 194 37 gavarande
368 631 345 38 motionsyrkanden.

220 686 11 28 I
248 685 97 37 fråga
361 694 57 20 om
435 685 120 29 lånens
571 684 131 30 storlek
719 684 63 29 och
798 683 284 37 amorteringstid
1100 683 146 30 föreslås
1269 684 4 28 i
1291 683 217 29 motionerna
1527 683 27 29 I:
1572 682 63 30 428

151 739 64 30 och
236 739 43 29 II:
297 739 62 30 509
379 740 51 28 att
447 756 44 3 —
510 738 116 30 därest
646 738 10 29 i
676 738 217 29 motionerna
915 737 164 36 framlagt
1100 736 130 37 förslag
1250 745 56 21 om
1328 745 43 21 en
1391 736 170 37 övergång
1583 735 51 30 till

153 792 382 37 kreditgarantisystem
552 792 44 37 på
613 791 302 29 bostadsområdet
931 790 31 37 ej
982 790 138 30 bifalles
1137 799 43 20 av
1197 790 231 36 riksdagen—
1444 789 190 34 tertiärlån,

154 846 49 29 till
227 845 93 30 vilka
346 845 155 30 tillstånd
526 845 137 29 lämnas
687 845 141 36 tidigast
852 844 67 29 den
945 845 13 28 1
985 843 66 37 juli
1080 843 92 35 1962,
1200 843 88 29 skall
1312 843 147 36 beviljas
1486 851 69 29 upp
1581 842 52 29 till

152 899 40 30 85
210 900 31 33 Z
268 908 42 20 av
331 899 67 29 den
419 898 107 30 totala
548 897 430 38 produktionskostnaden
1000 899 73 27 mot
1095 897 121 29 enbart
1240 896 395 37 inteckningssäkerhet,

151 954 133 28 oavsett
303 951 423 37 förvaltningsformerna,
748 959 69 28 upp
838 950 51 30 till
911 951 39 29 95
969 951 31 33 Z
1027 950 54 29 för
1102 950 70 29 s.k.
1193 949 267 37 allmännyttiga
1480 948 156 30 bostads-

155 1006 131 36 företag
302 1007 73 27 mot
391 1005 205 29 kommunal
613 1005 130 36 borgen
759 1004 64 29 och
842 1012 68 28 upp
929 1003 50 29 till
998 1003 40 29 90
1058 1003 32 34 7
1114 1002 54 30 för
1185 1002 224 37 kooperativa
1427 1002 64 29 och
1509 1001 127 30 enskil-

153 1060 43 29 da
219 1059 133 36 företag
375 1060 72 28 mot
469 1058 129 36 borgen
620 1066 43 21 av
685 1057 179 34 kommun,
889 1056 289 36 industriföretag
1201 1055 83 30 eller
1307 1057 107 27 annat
1439 1055 133 36 företag
1595 1064 41 20 av

155 1111 242 31 motsvarande
417 1111 207 30 ekonomisk
644 1110 129 37 styrka,
794 1112 90 27 samt
904 1109 51 29 till
975 1109 67 29 den
1061 1109 55 29 del
1136 1108 41 29 de
1197 1108 188 37 överstiger
1405 1108 40 30 85
1465 1108 31 34 70
1521 1117 42 20 av
1582 1108 55 29 be-

155 1165 257 37 låningsvärdet
430 1166 192 28 amorteras
640 1164 44 37 på
704 1164 39 29 25
762 1163 49 30 år.

210 1220 12 28 I
245 1220 218 28 motionerna
487 1219 26 29 I:
531 1219 61 29 434
616 1219 64 29 och
705 1219 43 29 II:
766 1218 61 30 514
852 1218 146 29 föreslås
1021 1220 51 27 att
1097 1218 233 29 tertiärlånets
1353 1217 80 30 övre
1456 1217 104 37 gräns
1585 1217 53 29 för

157 1273 210 36 fastigheter,
393 1281 73 20 som
490 1271 165 38 påbörjas
678 1272 87 29 efter
788 1271 66 30 den
880 1272 11 28 1
920 1271 64 36 juli
1012 1271 93 35 1962,
1131 1271 88 29 skall
1242 1280 83 21 vara
1350 1271 39 29 97
1409 1271 32 34 Z
1471 1270 53 30 för
1549 1270 88 30 före-

156 1326 216 37 tagsformer,
394 1335 73 20 som
487 1335 47 20 nu
554 1326 55 29 får
628 1325 79 29 låna
728 1325 51 29 till
803 1325 59 29 100
879 1325 46 33 76,
948 1326 90 28 samt
1058 1324 40 30 92
1118 1324 31 34 Z
1175 1324 55 29 för
1249 1324 224 37 kooperativa
1494 1323 143 37 företag,

155 1388 73 21 som
247 1388 46 21 nu
313 1379 54 29 får
384 1379 80 29 låna
482 1378 52 30 till
552 1378 41 31 95
612 1378 48 35 7.

211 1434 10 27 I
247 1433 218 29 motionerna
491 1433 26 28 I:
535 1433 61 29 427
623 1433 65 29 och
714 1433 43 29 II:
774 1433 61 29 510
863 1433 145 29 föreslås
1033 1434 51 28 att
1111 1432 189 35 tertiärlån,
1329 1432 103 30 såvitt
1457 1440 98 21 avser
1582 1439 53 21 en-

156 1486 90 29 skild
271 1486 187 36 låntagare,
485 1486 145 29 fr.o.m.
655 1486 67 29 den
749 1486 12 28 1
788 1486 65 36 juli
881 1486 82 29 1962
988 1485 57 29 må
1070 1485 147 36 beviljas
1242 1494 70 28 upp
1338 1485 52 29 till
1416 1485 100 36 högst
1541 1484 40 30 90

155 1549 42 20 av
218 1539 301 36 belåningsvärdet
541 1539 64 29 och
629 1539 8 28 i
661 1539 111 36 övrigt
793 1539 43 36 på
858 1548 47 20 nu
928 1538 160 37 gällande
1111 1538 161 37 grunder.
1296 1538 257 29 Motionärerna
1577 1537 63 29 har

157 1592 115 30 vidare
293 1592 188 37 föreslagit,
502 1594 51 27 att
572 1592 188 37 riksdagen
781 1592 7 28 i
812 1591 165 30 skrivelse
999 1591 51 29 till
1072 1591 125 37 Kungl.
1218 1591 106 37 Maj:t
1346 1590 87 30 skall
1455 1590 183 30 hemställa

155 1655 56 20 om
231 1646 190 37 skyndsam
440 1645 186 36 utredning
644 1654 42 21 av
705 1645 122 36 frågan
845 1653 56 21 om
921 1644 184 30 införande
1124 1653 42 20 av
1184 1644 173 36 enhetliga
1376 1644 190 36 låneregler
1588 1643 52 29 för

156 1699 168 35 enskilda,
344 1699 224 37 kooperativa
588 1698 65 29 och
672 1698 266 36 allmännyttiga
959 1697 279 36 bostadsföretag
1259 1699 91 27 samt
1370 1697 218 29 kommuner.

211 1753 136 36 Frågan
368 1760 57 21 om
446 1751 189 37 ändringar
658 1751 8 29 i
689 1751 156 36 reglerna
867 1759 56 20 om
945 1751 80 29 övre
1047 1750 185 36 lånegräns
1255 1750 53 29 för
1330 1750 93 29 olika
1446 1749 195 37 kategorier

157 1815 41 20 av
223 1805 178 37 låntagare
426 1805 63 29 har
515 1805 146 36 tidigare
687 1805 139 36 prövats
852 1813 42 20 av
920 1803 197 36 riksdagen.
1144 1803 176 29 Utskottet
1347 1803 63 29 har
1436 1802 120 30 därvid
1585 1811 55 20 av-

157 1859 113 37 styrkt
288 1858 335 37 motionsyrkanden
641 1866 56 20 om
716 1857 117 37 dylika
853 1856 198 36 ändringar.
1070 1856 65 29 Vid
1155 1856 142 36 frågans
1316 1855 211 37 behandling
1547 1855 92 29 förra

157 1913 72 28 året
249 1911 146 30 anförde
415 1911 169 29 utskottet
609 1910 79 34 (utl.
712 1910 95 29 1961:
826 1910 71 34 53),
919 1911 50 27 att
989 1911 48 27 elt
1058 1909 216 36 godtagande
1294 1917 42 20 av
1357 1908 67 29 den
1445 1908 196 36 föreslagna

158 1965 247 36 minskningen
437 1973 41 20 av
510 1963 226 29 tertiärlånen
770 1963 52 28 för
854 1962 268 36 allmännyttiga
1155 1961 65 29 och
1250 1961 224 36 kooperativa
1510 1961 132 35 företag

158 2018 112 30 skulle
288 2017 165 30 innebära
471 2017 73 29 risk
562 2016 54 30 för
634 2016 197 36 störningar
849 2016 8 28 i
876 2014 349 37 bostadsbyggandet.
1245 2015 101 28 Detta
1366 2013 178 30 uttalande
1563 2014 80 36 äger

158 2071 152 36 alltjämt
329 2071 168 36 giltighet.
517 2070 176 29 Utskottet
712 2069 181 36 avstyrker
913 2068 119 29 därför
1053 2067 265 37 ifrågavarande
1339 2066 181 38 yrkanden
1541 2067 8 28 i
1572 2075 70 20 mo-

160 2125 155 29 tionerna
339 2124 27 28 I:
383 2124 62 29 428
466 2123 64 29 och
553 2123 44 28 II:
615 2123 62 29 509
701 2124 90 27 samt
813 2122 27 29 1:
858 2121 62 29 434
942 2121 64 29 och
1031 2121 43 28 II:
1092 2120 74 30 514.
1189 2120 176 29 Utskottet
1387 2119 70 29 kan
1479 2119 30 36 ej
1535 2119 108 29 heller

160 2177 133 30 biträda
313 2177 57 29 det
389 2177 9 28 i
419 2176 217 29 motionerna
658 2176 26 28 1:
702 2175 61 29 427
784 2175 64 29 och
869 2174 43 29 II:
930 2174 61 29 510
1013 2173 196 29 framförda
1228 2172 172 37 yrkandet
1420 2181 55 20 om
1496 2172 147 36 höjning

158 2240 41 19 av
217 2230 67 29 den
301 2230 80 29 övre
400 2229 229 36 lånegränsen
649 2228 53 28 för
720 2227 158 29 enskilda
898 2226 385 36 byggnadsföretagare.

215 2283 119 29 Såsom
359 2282 168 29 utskottet
551 2281 95 28 förut
668 2280 117 29 anfört
810 2279 94 29 torde
928 2277 358 37 bostadsbyggandets
1311 2277 229 36 finansiering
1566 2276 77 29 från

160 2344 93 21 mera
272 2335 178 29 allmänna
470 2333 218 37 synpunkter
707 2332 139 29 komma
866 2333 50 28 att
935 2331 185 36 omprövas
1141 2330 106 29 sedan
1267 2329 375 37 bostadsbyggnadsut-

162 2388 207 36 redningens
387 2386 175 37 pågående
580 2385 117 30 arbete
717 2385 169 29 slutförts.
906 2384 64 29 Det
988 2383 70 29 kan
1077 2382 120 30 därvid
1217 2383 86 28 även
1322 2382 45 29 bli
1387 2381 189 37 anledning
1594 2383 49 27 att

162 2442 158 28 närmare
341 2440 105 37 pröva
472 2439 121 37 frågan
614 2447 56 20 om
692 2438 41 29 de
756 2437 137 36 statliga
916 2437 121 29 lånens
1060 2435 140 30 storlek.
1225 2436 11 28 I
1259 2434 174 30 avvaktan
1455 2434 107 37 därpå
1586 2443 58 20 an-

161 2504 54 20 ser
237 2495 50 35 sig
310 2493 167 30 utskottet
499 2492 29 37 ej
554 2492 83 29 böra
662 2491 136 29 förorda
822 2490 53 29 det
902 2490 6 28 i
933 2489 217 29 motionerna
1177 2489 24 28 I:
1220 2489 61 28 427
1305 2488 63 29 och
1394 2488 43 28 II:
1453 2488 61 29 510
1540 2487 104 29 fram-
