1902 2766
304 177 41 29 24
687 180 253 29 Statsutskottets
964 184 161 27 utlåtande
1148 193 40 18 nr
1209 186 36 27 46
1268 187 36 27 år
1327 188 76 27 1962

360 254 67 29 För
445 263 83 29 egen
547 256 52 30 del
621 258 114 30 finner
754 259 59 38 jag
832 261 56 29 det
906 262 166 30 önskvärt
1091 266 50 27 att
1160 274 55 20 om
1235 266 139 37 möjligt
1393 268 153 30 undvika
1567 270 221 38 tillämpning

304 307 42 20 av
371 299 55 30 två
451 300 91 30 olika
567 304 363 37 amorteringssystem
956 307 94 29 inom
1077 317 132 22 samma
1236 310 182 36 låneform,
1444 313 105 29 bland
1575 317 108 27 annat
1708 316 76 29 med

305 342 136 38 hänsyn
460 345 51 29 till
531 345 41 30 de
591 347 221 36 olägenheter
832 358 73 21 som
925 350 69 30 kan
1014 353 214 36 uppkomma
1249 355 9 28 i
1280 356 168 29 samband
1469 358 77 29 med
1567 358 189 38 ändringar
1778 361 6 28 i

304 387 249 37 äganderätten
579 391 51 29 till
656 391 41 30 de
722 392 168 31 belånade
916 395 121 30 husen.
1064 397 212 37 Visserligen
1301 399 68 29 blir
1394 400 56 30 vid
1479 401 69 30 fast
1574 404 212 37 amortering

305 431 314 34 lånekostnaderna
637 436 110 30 under
765 437 42 29 de
826 438 109 30 första
953 440 83 29 åren
1053 450 43 20 av
1115 441 174 31 lånetiden
1309 444 109 29 större
1437 445 44 29 än
1499 446 56 29 vid
1576 447 69 29 fast
1663 449 123 29 annui-

307 479 55 28 tet.
383 478 269 32 Merkostnaden
670 481 67 29 blir
755 482 89 30 dock
863 483 134 31 mindre
1016 485 196 39 betydande
1230 487 11 29 i
1261 488 41 30 de
1322 488 62 29 fall
1404 489 62 29 där
1485 490 93 30 lånet
1597 491 30 40 ej
1651 491 135 41 fördju-

304 530 72 27 pas.
397 522 64 30 Vid
482 523 229 39 fördjupning
731 535 42 20 av
793 527 94 30 lånet
907 528 68 30 kan
996 538 42 20 en
1059 530 130 37 ökning
1210 541 42 20 av
1273 532 265 37 ifrågavarande
1560 536 223 30 merkostnad

305 566 179 36 undvikas,
506 577 57 20 om
584 569 93 30 lånet
696 571 169 36 uppdelas
887 573 8 28 i
917 573 55 30 två
994 574 175 30 lånedelar
1191 579 90 27 samt
1302 578 100 29 ränta
1424 579 64 29 och
1509 581 212 37 amortering
1742 582 42 36 på

302 610 67 30 den
385 611 209 38 fördjupade
610 614 180 30 lånedelen
805 616 208 31 bestämmes
1030 619 78 29 med
1126 620 221 38 tillämpning
1363 631 42 20 av
1420 622 41 30 de
1478 623 213 37 lånevillkor,
1711 635 72 20 som

301 655 102 36 eljest
423 656 107 36 gäller
551 657 54 30 för
625 661 246 29 motsvarande
892 661 66 30 lån.
981 663 66 28 För
1069 672 40 20 en
1134 664 107 29 sådan
1263 666 91 36 regel
1377 666 88 30 talar
1487 668 104 30 också
1613 669 57 29 det
1692 671 92 35 prin-

301 700 136 36 cipiella
462 701 120 36 skälet,
608 704 50 28 att
682 703 315 33 lånekostnaderna
1021 707 63 29 bör
1108 718 81 19 vara
1214 709 193 31 oberoende
1432 720 42 21 av
1500 712 283 38 fördjupningen,

302 744 115 30 vilken
437 746 123 30 endast
579 747 62 29 bör
660 757 80 20 avse
760 751 52 27 att
832 750 77 29 med
932 752 201 29 statsmedel
1154 753 231 37 komplettera
1407 755 230 38 otillräckliga
1660 759 123 29 under-

302 788 157 37 liggande
479 790 162 31 krediter.
662 792 58 29 Ett
739 794 200 36 ytterligare
961 795 75 29 skäl
1058 796 54 29 för
1133 797 69 29 fast
1222 799 214 36 amortering
1456 809 42 20 av
1518 801 265 37 ifrågavarande

302 833 57 29 lån
377 834 100 37 utgör
495 835 67 29 den
581 837 312 37 omständigheten,
913 841 49 27 att
982 840 40 29 de
1042 840 108 37 årliga
1170 841 316 32 lånekostnaderna
1506 845 55 29 vid
1584 846 68 29 fast
1671 856 112 21 amor-

303 878 109 37 tering
434 879 158 30 kommer
614 883 50 27 att
687 881 44 30 ha
754 883 156 29 minskat
932 885 158 28 avsevärt
1112 886 56 28 vid
1193 886 67 29 den
1285 887 173 36 tidpunkt,
1484 888 43 30 då
1552 887 229 45 reparations-

299 922 145 30 behovet
462 925 152 29 normalt
631 925 119 37 börjar
769 927 81 36 göra
871 928 50 36 sig
940 928 169 36 gällande.

356 967 46 30 På
421 969 110 35 grund
550 978 42 21 av
610 970 56 29 det
683 971 149 30 anförda
853 973 145 30 föreslår
1015 974 68 37 jag,
1104 978 50 27 att
1175 977 52 28 för
1246 977 57 30 det
1323 979 138 36 statliga
1480 979 93 30 lånet
1592 981 9 29 i
1622 982 158 37 samtliga

301 1011 60 29 fall
387 1012 87 29 skall
498 1013 177 38 tillämpas
700 1015 69 30 fast
793 1018 221 37 amortering.
1039 1020 68 28 För
1131 1020 190 38 fördjupad
1347 1023 134 30 lånedel
1506 1024 62 29 bör
1592 1026 100 29 ränta
1717 1027 63 29 och

298 1057 212 37 amortering
529 1058 211 31 bestämmas
761 1061 46 34 så,
828 1063 51 28 att
898 1062 39 29 de
957 1065 195 28 motsvarar
1170 1065 65 29 vad
1256 1066 204 37 låntagaren
1479 1068 77 29 haft
1574 1071 51 28 att
1645 1071 134 36 erlägga

298 1109 57 20 om
374 1101 229 38 fördjupning
621 1103 30 37 ej
673 1104 101 30 skett.
794 1105 51 30 Av
862 1106 180 36 praktiska
1062 1108 75 29 skäl
1156 1109 62 29 bör
1236 1110 89 29 dock
1345 1111 217 31 sistnämnda
1582 1114 90 36 regel
1692 1116 86 35 gälla

297 1145 124 30 endast
441 1146 220 31 beträffande
683 1148 134 31 lånedel
840 1150 9 28 i
872 1151 298 38 primärlåneläge.
1193 1154 75 28 Den
1290 1156 202 29 nuvarande
1514 1157 268 32 bestämmelsen

298 1199 56 20 om
377 1191 183 39 möjlighet
583 1195 50 27 att
655 1194 110 29 ändra
787 1195 126 29 räntan
936 1196 44 38 på
1001 1196 173 39 beviljade
1197 1198 58 29 lån
1278 1198 62 30 bör
1363 1199 10 29 i
1397 1199 271 42 fortsättningen
1692 1204 90 38 gälla

298 1235 86 29 även
403 1235 220 32 beträffande
643 1239 328 37 amorteringstiden
992 1241 54 29 för
1067 1242 209 37 fördjupade
1298 1244 186 30 lånedelar.

351 1280 65 37 Jag
434 1281 59 29 vill
513 1282 150 37 tillägga,
684 1285 50 28 att
755 1285 54 28 för
829 1286 66 29 den
915 1287 156 30 enskilde
1093 1289 274 38 småhusägaren
1387 1292 9 29 i
1418 1294 48 28 ett
1486 1294 210 36 normalfall,
1718 1296 61 29 där

297 1325 182 30 statslånet
496 1327 133 36 uppgår
646 1328 51 28 till
715 1329 39 29 40
773 1329 31 33 Z
826 1339 42 20 av
883 1331 312 37 belåningsvärdet,
1213 1334 43 37 på
1274 1335 94 30 detta
1387 1336 68 30 sätt
1472 1338 198 30 utformade
1688 1340 91 29 låne-

297 1369 109 37 regler
424 1371 76 29 med
520 1371 137 38 hänsyn
674 1373 52 29 till
745 1373 67 30 den
832 1374 195 38 föreslagna
1047 1377 175 37 ökningen
1240 1388 43 20 av
1302 1380 300 38 ränteeftergiften
1621 1383 158 31 kommer

295 1415 51 28 att
364 1414 156 30 medföra
541 1417 145 36 ungefär
705 1426 133 22 samma
858 1419 147 30 kostnad
1025 1421 111 29 under
1155 1422 66 29 den
1240 1423 110 30 första
1370 1424 95 30 tiden
1485 1434 74 21 som
1578 1430 201 28 nuvarande

296 1459 389 39 egnahemslåneregler.

351 1503 72 30 Vad
443 1504 315 39 bostadsstyrelsen
776 1509 118 29 anfört
912 1519 56 20 om
989 1511 151 30 förskott
1160 1513 42 36 på
1223 1513 57 30 lån
1300 1514 197 32 föranleder
1517 1517 102 37 ingen
1639 1519 138 30 erinran

297 1547 78 30 från
393 1548 73 30 min
485 1549 86 30 sida.

339 1592 109 30 Bland
464 1594 40 29 de
520 1594 199 39 låneregler,
737 1607 73 20 som
827 1599 70 30 inte
912 1600 133 31 berörts
1061 1603 9 28 i
1086 1603 57 29 det
1159 1604 216 37 föregående,
1392 1607 96 30 finns
1504 1617 42 20 en
1561 1609 53 29 del
1630 1609 148 29 bestäm-

294 1637 134 35 melser,
452 1638 93 30 vilka
568 1640 97 30 blivit
688 1641 193 32 inaktuella
904 1646 63 28 och
991 1646 120 30 därför
1134 1648 61 29 bör
1219 1650 216 30 utmönstras
1460 1661 40 20 ur
1524 1652 252 38 författningen

293 1681 84 30 eller
398 1691 168 28 anpassas
588 1685 52 29 till
662 1686 154 31 ändrade
839 1688 254 32 förhållanden.
1116 1692 164 38 Exempel
1304 1694 109 37 härpå
1436 1696 101 36 utgör
1558 1697 219 31 bestämmel-

294 1734 101 22 serna
413 1735 55 21 om
485 1727 247 37 jämställande
750 1740 43 21 av
811 1734 362 36 municipalsamhälle
1192 1738 78 28 med
1289 1738 179 36 kommun,
1489 1749 56 20 om
1566 1741 149 30 förskott
1735 1744 40 35 på

294 1770 91 30 vissa
407 1772 459 39 projekteringskostnader,
890 1786 56 20 om
969 1779 58 29 lån
1051 1780 52 29 till
1126 1789 42 20 en
1191 1781 79 30 övre
1294 1783 105 35 gräns
1422 1793 42 20 av
1487 1785 40 29 95
1547 1786 30 33 Z
1607 1786 54 29 för
1683 1787 91 29 vissa

294 1815 295 40 industriföretag,
611 1827 55 21 om
686 1819 163 31 återkrav
867 1831 42 20 av
928 1823 257 38 ränteeftergift
1204 1834 45 21 m.
1264 1835 45 20 m.
1331 1827 65 29 Det
1416 1829 96 28 torde
1534 1829 34 30 få
1588 1830 186 30 ankomma

294 1860 41 36 på
357 1860 124 38 Kungl.
502 1862 107 37 Maj:t
629 1865 50 28 alt
699 1864 136 30 besluta
857 1875 55 20 om
933 1867 181 38 behövliga
1136 1870 189 37 ändringar
1347 1871 10 29 i
1380 1872 153 30 nämnda
1555 1874 220 31 hänseenden

293 1906 90 28 samt
403 1914 56 20 om
480 1906 40 30 de
540 1907 137 30 mindre
696 1908 227 39 jämkningar
944 1912 9 28 i
975 1912 111 37 övrigt
1107 1923 42 20 av
1170 1914 247 37 lånereglerna,
1441 1925 73 20 som
1537 1918 55 29 må
1614 1919 161 30 befinnas

292 1949 225 38 erforderliga
536 1951 57 30 vid
613 1952 66 30 den
699 1953 139 38 slutliga
861 1956 260 37 utformningen
1140 1967 42 20 av
1202 1959 323 37 lånekungörelsen.

347 1994 49 29 De
417 2004 67 27 nya
505 1996 309 32 bestämmelserna
837 2000 61 28 bör
921 2000 112 30 såsom
1058 2002 316 38 bostadsstyrelsen
1398 2005 178 38 föreslagit
1600 2007 175 38 tillämpas

291 2039 7 28 i
321 2038 98 37 fråga
438 2048 56 21 om
514 2040 58 30 lån
592 2050 73 20 som
684 2042 148 37 beviljas
852 2044 87 29 efter
959 2046 174 36 utgången
1153 2056 41 20 av
1213 2047 39 30 år
1275 2048 93 30 1962.

346 2084 319 38 Bostadsstyrelsen
680 2087 64 29 har
759 2088 118 30 vidare
893 2089 70 36 lagt
980 2090 89 29 fram
1087 2091 92 30 vissa
1196 2092 131 37 förslag
1344 2093 147 31 rörande
1508 2095 94 30 äldre
1620 2096 153 30 bostads-

289 2128 319 38 anskaffningslån.
628 2131 189 37 Förslagen
837 2133 143 30 innebär
1001 2135 73 29 dels
1094 2137 51 28 att
1165 2137 182 30 tertiärlån
1368 2138 88 30 skall
1477 2139 119 30 kunna
1618 2141 81 36 utgå
1721 2142 53 29 för

290 2173 234 37 upprustning
541 2183 43 20 av
601 2175 282 38 flerfamiljshus,
904 2187 73 20 som
996 2179 204 31 tillkommit
1217 2181 79 30 med
1317 2182 76 29 stöd
1412 2192 42 20 av
1471 2183 302 32 bostadsanskaff-

289 2217 171 36 ningslån,
484 2220 90 28 samt
594 2221 51 28 att
665 2221 204 30 utestående
890 2222 53 29 del
965 2232 43 20 av
1028 2223 490 40 bostadsanskaffningslånet
1540 2228 119 30 därvid
1685 2230 85 29 skall

288 2261 147 35 avlösas,
453 2262 72 30 dels
541 2265 60 33 att,
620 2264 61 29 där
697 2265 183 38 avlösning
897 2266 28 37 ej
946 2267 158 30 kommer
1122 2269 51 29 till
1191 2269 111 36 stånd,
1322 2280 42 20 en
1381 2273 283 36 amorteringstid
1684 2274 86 30 skall

290 2306 191 30 fastställas
501 2307 55 29 för
575 2308 66 29 den
660 2309 279 31 hittillsvarande
959 2312 253 31 räntebärande
1233 2314 142 30 stående
1395 2315 99 30 delen
1514 2326 42 20 av
1576 2317 101 36 lånet,
1699 2319 73 29 dels

289 2350 163 37 slutligen
469 2353 50 28 att
537 2352 168 30 räntefria
725 2354 143 30 stående
886 2355 94 29 delar
998 2365 42 20 av
1058 2356 455 40 bostadsanskaffningslån
1532 2361 52 29 till
1604 2363 165 35 egnahem

289 2395 89 29 skall
399 2395 119 30 kunna
539 2396 179 31 avskrivas
740 2398 74 29 före
836 2399 66 29 den
923 2400 165 36 tidpunkt
1110 2401 43 30 då
1175 2402 37 29 så
1233 2402 71 30 kan
1327 2403 59 30 ske
1409 2404 107 37 enligt
1537 2406 158 35 gällande
1717 2408 52 29 be-

287 2440 228 30 stämmelser.

343 2484 73 29 Vad
435 2485 88 29 först
539 2485 108 37 angår
664 2487 235 37 upprustning
917 2497 41 20 av
976 2488 282 38 flerfamiljshus,
1279 2500 74 20 som
1373 2492 225 31 finansierats
1616 2495 78 29 med
1713 2496 56 29 bo-

287 2529 416 38 stadsanskaffningslån,
728 2531 71 30 s.k.
822 2531 242 37 barnrikehus,
1088 2543 102 20 anser
1212 2534 59 38 jag
1294 2535 57 30 det
1373 2536 167 31 önskvärt
1562 2540 50 28 att
1634 2540 135 37 möjlig-
