2212 2676
612 165 382 40 Bevillningsutskottets
1019 169 204 30 betänkande
1247 170 50 29 Nr
1323 171 50 29 13.
1774 174 19 30 3

197 251 228 38 motionens
459 265 99 34 ram,
589 256 97 35 utan
717 257 58 35 att
804 267 70 26 ens
904 257 145 47 angiva
1079 257 110 38 vilka
1218 258 229 49 ytterligare
1477 261 318 39 missförhållan-

197 304 77 38 den
316 306 199 38 utskottet
557 307 167 39 härmed
767 322 116 26 avser
922 313 58 36 att
1022 311 129 48 träffa,
1182 312 53 38 ha
1263 313 41 38 vi
1333 313 88 39 icke
1450 314 158 39 kunnat
1635 316 159 39 biträda

196 359 220 39 utskottets
444 361 161 49 förslag.

304 414 111 38 Utan
457 417 58 36 att
558 417 138 46 önska,
742 421 58 35 att
840 419 78 37 alla
945 420 153 49 förslag
1126 421 62 37 till
1216 421 487 49 rusdrycksmissbrukets
1732 427 60 36 be-

196 468 240 47 kämpande,
474 482 87 25 som
590 471 131 37 under
750 472 76 37 den
856 476 202 35 närmaste
1088 475 109 37 tiden
1228 475 164 38 komma
1420 479 59 36 att
1507 478 246 49 framläggas
1781 480 14 36 i

196 521 244 50 Riksdagen,
485 524 115 38 skola
641 526 134 38 avslås
813 527 92 38 med
933 528 253 50 motivering,
1218 532 58 35 att
1306 530 77 37 den
1412 544 51 24 av
1491 531 152 50 Kungl.
1675 533 120 50 Maj:t

196 575 167 38 tillsatta
391 577 244 39 kommittén
664 579 64 38 för
753 581 569 50 nykterhetslagstiftningens
1342 585 301 39 reformerande
1662 588 131 37 säker-

196 629 106 48 ligen
346 631 184 38 kommer
573 636 58 34 att
667 636 104 46 ägna
800 635 62 37 sin
890 637 363 47 uppmärksamhet
1282 641 41 35 åt
1352 639 77 38 den
1458 640 147 38 väckta
1634 642 155 48 frågan,

197 695 94 26 anse
333 685 41 36 vi
418 685 114 48 dock,
577 689 59 35 att
664 701 56 24 nu
749 689 267 39 förevarande
1046 691 145 38 ärende
1220 704 144 37 genom
1394 694 220 38 utskottets
1642 696 153 49 förslag

196 738 173 38 kommit
396 740 15 37 i
440 739 67 39 det
534 741 98 48 läge,
665 744 58 35 att
752 743 67 38 det
847 744 115 38 torde
990 758 98 24 vara
1117 746 157 38 säkrast
1303 749 58 36 att
1381 749 186 45 avvakta,
1590 749 205 40 huruvida

195 792 88 38 ieke
326 794 123 48 sagda
486 795 214 39 kommitté
729 797 70 38 vid
827 798 274 49 fullgörandet
1130 813 50 25 av
1210 801 69 38 sitt
1308 801 184 50 uppdrag
1521 803 80 38 kan
1630 804 164 38 komma

196 849 58 35 att
301 847 223 50 framlägga
571 850 152 49 förslag
764 851 62 37 till
868 853 292 38 förhindrande
1203 867 50 24 av
1297 855 65 38 det
1405 857 151 47 oskick,
1588 858 205 38 motionen

196 900 180 39 omtalar.

303 956 60 37 På
400 958 133 47 grund
568 971 51 25 av
648 960 79 37 vad
756 961 170 38 sålunda
957 963 156 38 anförts
1142 964 107 37 hava
1277 965 41 36 vi
1347 965 130 48 yrkat,
1509 969 58 34 att
1596 967 199 39 utskottet

196 1011 124 36 måtte
350 1011 221 48 hemställa,

730 1125 58 35 att
830 1123 139 38 herrar
1013 1124 168 39 Olssons
1223 1126 12 36 i
1279 1116 110 48 Åsen
1432 1128 75 36 och
1549 1128 245 39 Wallentins

621 1176 266 39 förevarande
935 1179 165 46 motion,
1145 1179 173 48 II:186,
1365 1194 65 24 om
1460 1182 153 38 ändrad
1642 1183 152 49 lydelse

624 1242 51 24 av
719 1232 49 36 34
811 1234 22 45 $
874 1232 294 49 förordningen
1211 1235 204 48 angående
1457 1236 243 50 försäljning
1743 1251 50 24 av

624 1284 212 47 brännvin,
867 1286 89 37 icke
986 1289 124 36 måtte
1139 1287 61 38 till
1223 1291 134 45 någon
1377 1289 255 50 Riksdagens
1653 1292 141 48 åtgärd

623 1338 218 39 föranleda.
853 1357 12 15 »
