1878 2790
509 140 284 32 Statsutskottets
813 138 178 30 utlåtande
1009 146 43 20 nr
1069 138 19 28 2
1107 136 39 30 år
1166 136 82 29 1966
1582 134 36 30 21

142 223 201 39 budgetåret
373 222 160 35 1966/67,
560 222 72 29 dels
660 221 65 29 ock
751 220 53 29 till
832 216 464 40 Kriminalvårdsstyrelsen:
1326 213 212 38 Avlöningar
1567 211 53 29 för

142 285 135 21 samma
296 275 167 39 budgetår
483 275 122 30 anvisa
622 276 48 27 ett
690 272 273 39 förslagsanslag
982 280 42 21 av
1043 270 18 29 5
1075 269 63 30 445
1154 269 62 29 000
1235 269 52 28 kr.

187 393 164 39 Anslaget
370 394 37 28 är
426 394 10 28 i
455 391 159 40 gällande
634 390 144 29 riksstat
798 388 143 40 uppfört
961 387 78 30 med
1060 386 18 29 5
1093 385 63 30 064
1170 384 62 30 000
1253 384 51 29 kr.

188 509 12 28 I
225 508 57 30 två
306 507 223 40 likalydande
554 507 180 32 motioner,
760 505 124 29 väckta
910 503 66 29 den
1002 511 65 21 ena
1093 502 94 29 inom
1214 500 110 29 första
1350 499 205 29 kammaren
1583 505 41 20 av

143 561 79 29 herr
245 560 212 30 Lundström
482 570 45 20 m.
550 559 38 40 fl.
618 558 45 34 (1:
682 558 77 34 177)
788 558 65 29 och
876 556 68 29 den
966 555 110 30 andra
1099 555 95 29 inom
1216 553 112 30 andra
1351 552 207 29 kammaren
1581 558 41 20 av

143 614 80 29 herr
248 614 104 29 Ohlin
376 623 44 20 m.
445 613 38 40 fl.
513 612 63 34 (11:
592 611 96 34 228),
712 612 64 28 har
798 629 44 3 —
866 609 103 30 såvitt
993 618 48 20 nu
1066 609 38 28 är
1127 608 12 29 i
1163 607 98 38 fråga
1284 626 43 3 —
1350 604 198 30 hemställts
1572 603 50 29 att

143 669 186 38 riksdagen
355 667 106 30 måtte
487 667 135 29 besluta
648 667 49 28 att
724 665 54 29 för
803 663 204 40 budgetåret
1036 661 147 36 1966/67
1212 660 119 30 anvisa
1358 659 52 29 till
1438 653 186 48 Kriminal-

144 722 290 39 vårdsstyrelsen:
464 720 212 38 Avlöningar
704 718 201 38 förslagsvis
935 716 95 29 5549
1045 715 62 29 000
1138 715 61 33 kr.,
1229 711 236 32 innebärande
1495 720 42 20 en
1566 710 59 29 ök-

144 776 82 38 ning
253 775 78 29 med
360 774 61 29 104
435 774 62 29 000
525 774 52 28 kr.
604 772 146 40 jämfört
778 772 77 28 med
884 766 401 43 departementschefens
1315 765 129 38 förslag
1473 764 56 29 för
1556 763 69 29 för-

145 828 182 39 stärkning
348 837 41 20 av
410 826 236 40 socialbyråns
667 824 308 41 psykologsektion
997 822 79 30 med
1098 831 42 20 en
1162 819 285 40 arbetspsykolog
1469 818 10 29 i
1502 817 48 30 Ae
1573 816 51 34 25,

145 892 42 19 en
209 881 149 39 sociolog
378 881 11 29 i
410 881 49 29 Ae
481 880 40 30 25
545 881 89 28 samt
656 879 111 29 medel
790 877 54 30 för
867 876 173 31 särskilda
1063 874 236 39 utredningar.

187 934 227 31 Beträffande
437 933 251 39 motiveringen
713 932 54 29 för
791 930 204 40 yrkandena
1019 928 164 30 hänvisas
1209 928 51 28 till
1286 926 178 30 motionen
1489 924 46 29 II:
1551 923 73 30 228.

190 1050 183 30 Utskottet.
406 1050 3 28 I
431 1049 219 29 motionerna
672 1048 29 29 I:
720 1047 59 30 177
804 1047 63 29 och
890 1046 46 29 II:
952 1045 63 30 228
1038 1045 64 29 har
1123 1044 45 29 bl.
1192 1053 29 19 a.
1245 1041 176 40 upptagits
1445 1039 180 30 kriminal-

144 1103 295 39 vårdsstyrelsens
462 1101 184 40 yrkanden
671 1099 177 40 angående
875 1098 172 38 utökning
1072 1096 65 30 hos
1163 1096 169 39 styrelsen
1358 1094 79 29 med
1463 1088 162 48 psykolo-

144 1158 92 39 giskt
256 1157 122 30 skolad
397 1156 173 39 personal,
591 1155 125 29 främst
736 1153 54 30 för
810 1151 275 39 metodikfrågor
1106 1151 10 29 i
1137 1147 315 32 kriminalvårdens
1473 1141 153 49 behand-

144 1211 219 40 lingsarbete,
389 1211 90 28 samt
504 1208 221 30 beträffande
749 1206 199 40 ytterligare
972 1204 114 30 medel
1112 1203 54 30 för
1193 1196 433 50 specialundersökningar

145 1265 45 39 på
217 1262 401 40 behandlingsområdet.

189 1318 36 29 F.
248 1327 32 20 n.
303 1317 97 29 finns
420 1316 58 30 två
500 1314 319 41 psykologtjänster
842 1313 64 30 hos
929 1312 180 39 styrelsen,
1132 1319 104 22 varav
1259 1319 42 20 en
1325 1307 192 31 inrättades
1544 1305 82 31 1960

146 1372 64 29 och
234 1371 66 29 den
325 1370 109 30 andra
458 1369 58 30 vid
540 1369 172 38 ingången
738 1376 41 20 av
804 1364 235 31 innevarande
1065 1363 177 40 budgetår.
1268 1361 161 31 Nämnda
1455 1360 80 29 nivå
1561 1358 65 31 vad

145 1425 108 39 gäller
274 1425 147 38 tjänster
444 1432 41 20 av
506 1422 65 29 här
592 1423 110 28 avsett
725 1422 72 36 slag
819 1419 98 29 torde
939 1418 105 39 enligt
1067 1417 169 29 utskottet
1259 1415 37 30 få
1318 1415 120 39 godtas
1463 1415 86 28 även
1573 1412 54 29 för

146 1480 101 28 nästa
272 1476 179 40 budgetår.
479 1475 79 30 Med
584 1475 136 38 hänsyn
747 1472 118 30 härtill
894 1471 64 29 och
986 1470 44 30 då
1058 1470 168 29 utskottet
1254 1469 11 28 i
1293 1468 110 29 likhet
1431 1467 80 29 med
1539 1465 89 30 före-

145 1530 131 40 gående
301 1530 37 29 år
361 1538 101 21 anser
487 1530 50 27 att
561 1527 144 30 behovet
729 1535 42 21 av
795 1524 184 39 forskning
1002 1523 45 40 på
1071 1520 389 41 behandlingsområdet
1485 1520 70 29 tills
1580 1518 48 29 vi-

146 1585 82 29 dare
248 1583 97 30 torde
365 1583 121 28 kunna
507 1580 198 40 tillgodoses
727 1581 85 27 utan
833 1580 49 28 att
904 1577 91 30 fasta
1016 1577 149 38 tjänster
1186 1576 157 31 inrättas,
1366 1574 70 29 kan
1459 1573 169 29 utskottet

146 1638 71 29 inte
239 1636 136 30 biträda
398 1644 46 20 nu
467 1633 267 40 ifrågavarande
758 1630 345 40 motionsyrkanden.

190 1688 176 31 Utskottet
386 1687 122 38 godtar
527 1686 87 29 även
634 1686 11 29 i
664 1685 110 39 övrigt
795 1683 124 39 Kungl.
940 1683 125 39 Maj:ts
1085 1681 140 39 förslag.

191 1742 174 30 Utskottet
385 1739 213 34 hemställer,

511 1795 50 28 att
587 1792 186 39 riksdagen
800 1791 56 29 må
883 1790 79 30 med
989 1789 98 30 bifall
1115 1789 51 29 till
1194 1788 124 39 Kungl.
1347 1787 123 39 Maj:ts
1500 1786 129 38 förslag

467 1848 91 29 samt
577 1846 78 29 med
675 1845 116 38 avslag
811 1844 19 29 å
850 1843 218 29 motionerna
1089 1842 28 29 I:
1136 1841 59 30 177
1217 1842 64 28 och
1301 1841 45 28 II:
1362 1840 74 33 228,
1458 1839 103 29 såvitt
1582 1847 47 21 nu

467 1902 38 28 är
524 1900 10 29 i
555 1899 107 39 fråga,

511 1953 36 33 a)
579 1951 208 40 bemyndiga
816 1949 123 39 Kungl.
969 1948 105 39 Maj:t
1103 1949 48 28 att
1180 1947 109 29 ändra
1317 1944 313 41 personalförteck-

467 2007 129 38 ningen
628 2005 53 29 för
712 2001 444 40 kriminalvårdsstyrelsen
1187 2001 10 28 i
1229 2000 150 38 enlighet
1412 1998 78 30 med
1522 1998 66 29 vad
1620 1997 10 29 i

466 2057 382 40 statsrådsprotokollet
862 2055 206 39 föreslagits,

511 2112 38 34 b)
580 2111 184 40 godkänna
794 2108 157 40 följande
979 2108 252 38 avlöningsstat
1261 2106 54 29 för
1345 2104 286 31 kriminalvårds-

470 2166 168 39 styrelsen
672 2166 48 27 att
753 2163 174 38 tillämpas
961 2161 69 29 tills
1060 2160 119 29 vidare
1212 2159 42 29 fr.
1287 2169 29 19 o.
1350 2168 44 19 m.
1427 2157 204 40 budgetåret

471 2218 165 34 1966/67:

920 2318 261 39 Avlöningsstat

473 2395 27 29 1.
527 2393 211 38 Avlöningar
782 2392 49 29 till
877 2390 174 29 ordinarie
1097 2389 223 39 tjänstemän,
1364 2387 71 38 för-

528 2446 145 39 Slagsvis
712 2463 715 11 sosersereererr
1024 2438 58 51 rer
1091 2438 55 51 res
1158 2438 33 51 rr
1212 2438 55 51 rt
1289 2438 87 51 KRt
1394 2438 36 51 ts
1462 2439 93 29 1040
1570 2439 62 29 000
