2248 2624
466 192 38 27 22
915 189 260 33 Statsutskottets
1203 191 174 32 Utlåtande
1400 192 64 31 N:o
1486 195 47 29 10.

424 274 89 34 efter
541 271 149 37 erhållet
717 274 121 35 afsked
867 276 136 34 komma
1032 276 9 34 i
1070 274 208 46 åtnjutande
1306 278 40 34 af
1370 278 140 43 pension
1540 275 20 37 å
1589 279 175 33 allmänna
1788 278 242 45 indragnings-

423 328 131 40 staten;
598 325 61 34 och
702 326 110 34 skulle
852 326 55 34 för
946 327 323 44 undersökningens
1310 328 82 35 chef
1421 328 278 44 pensionsrätten
1728 329 140 33 inträda
1898 330 56 33 vid
1984 331 47 33 65

423 373 178 36 lefnadsår
629 376 61 33 och
720 376 89 34 efter
839 379 46 32 35
913 375 57 36 års
998 378 216 44 anställning
1240 379 10 33 i
1279 382 135 31 statens
1440 379 120 44 tjenst.

557 425 228 36 Beträffande
828 428 158 43 beloppet
1026 428 39 34 af
1102 429 141 34 chefens
1274 430 143 43 pension
1445 430 88 33 hade
1561 430 384 43 departementschefen
1973 431 59 33 vid

401 511 2 3 .
424 476 251 44 föredragning
702 477 89 35 inför
820 477 129 45 Kongl.
979 478 109 45 Maj:t
1116 479 39 34 af
1180 480 63 33 den
1273 480 270 44 framställning,
1573 491 71 23 som
1673 480 202 34 föranledde
1899 479 129 45 Kongl.

423 526 124 44 Maj:ts
588 528 146 34 berörda
775 529 224 43 proposition,
1042 530 128 42 anfört,
1212 533 54 32 att
1298 531 186 43 pensionen
1519 531 159 43 skäligen
1707 531 105 33 borde
1840 528 86 46 utgå
1955 532 75 33 med

425 579 107 38 5,000
574 578 140 43 kronor,
756 580 226 43 hvarigenom
1016 580 135 44 chefen,
1187 581 160 34 hvilkens
1380 582 56 34 lön
1464 582 176 43 uppginge
1668 581 52 34 till
1751 583 109 40 7,000
1889 582 140 42 kronor,

424 628 134 34 komme
600 631 54 32 att
693 627 137 46 åtnjuta
872 641 130 24 samma
1044 631 298 45 pensionsbelopp,
1384 642 69 24 som
1481 632 192 34 tillkomme
1706 631 165 35 cheferna
1899 632 10 34 i
1937 632 93 34 vissa

424 679 108 33 andra
563 679 75 34 med
666 679 57 34 det
751 691 45 23 nu
824 679 273 45 ifrågavarande
1126 686 156 30 närmast
1306 682 199 45 jemförliga
1534 684 100 41 verk,
1663 680 109 36 såsom
1793 683 237 34 landtmäteri-

423 730 171 42 styrelsen
637 731 61 33 och
740 731 197 35 statistiska
976 731 258 44 centralbyrån.
1297 733 18 34 I
1357 733 361 34 öfverensstämmelse
1759 733 141 34 härmed
1943 734 88 33 hade

423 779 127 45 Kongl.
595 779 108 45 Maj:t
739 781 132 44 jemväl
911 782 182 44 föreslagit
1135 782 215 45 Riksdagen,
1385 787 53 31 att
1466 784 142 34 chefens
1634 784 142 43 pension
1806 784 112 34 skulle
1948 781 84 46 utgå

424 831 74 33 med
528 833 109 40 5,000
667 832 136 34 kronor.

555 880 131 45 Kongl.
716 882 125 45 Maj:ts
868 884 147 34 berörda
1043 884 259 44 framställning
1329 884 90 34 hade
1447 885 86 34 dock
1562 885 78 34 icke
1665 885 125 34 vunnit
1809 884 222 45 Riksdagens

423 931 107 35 bifall.

556 981 77 36 Hos
660 982 128 45 Kongl.
819 983 108 44 Maj:t
955 985 88 33 hade
1071 985 192 34 emellertid
1291 995 46 24 nu
1357 995 28 24 e.
1408 995 29 24 o.
1454 985 216 43 professoren
1688 984 115 35 Torell
1819 985 95 44 gjort
1929 986 101 34 fram-

423 1033 168 43 ställning
619 1044 51 23 om
700 1032 200 36 erhållande
929 1035 39 34 af
992 1036 153 42 pension.
1187 1035 126 43 Torell,
1343 1046 70 23 som
1442 1039 40 30 är
1508 1036 81 34 född
1617 1036 66 34 den
1714 1038 19 32 5
1758 1036 77 44 juni
1857 1038 104 41 1828,
1978 1040 51 31 ut-

423 1084 166 33 nämndes
618 1084 64 33 den
716 1086 42 32 14
787 1084 154 35 februari
967 1087 92 32 1860
1079 1086 52 33 till
1152 1086 153 43 zoologie
1321 1085 151 44 adjunkt
1487 1086 57 34 vid
1560 1086 246 35 universitetet
1830 1087 1 33 i
1847 1086 103 35 Lund
1967 1088 63 33 och

423 1134 64 33 den
518 1136 44 32 23
593 1145 92 23 mars
717 1136 91 33 1866
830 1135 53 34 till
903 1146 28 23 e.
949 1146 29 28 o.
994 1136 176 43 professor
1184 1136 10 33 i
1209 1136 133 43 zoologi
1359 1137 61 34 och
1437 1136 134 44 geologi
1588 1137 58 34 vid
1662 1147 130 24 samma
1807 1138 221 43 universitet,

424 1184 74 34 med
539 1185 144 34 hvilken
725 1185 199 44 befattning
964 1186 87 34 dock
1084 1187 78 34 icke
1194 1184 108 46 några
1332 1185 254 36 löneförmåner
1614 1187 95 34 varit
1736 1187 176 43 förenade,
1941 1192 90 31 samt

423 1234 228 36 förordnades
678 1236 63 33 den
773 1237 44 33 28
848 1237 185 33 november
1065 1239 90 32 1871
1188 1239 53 32 att
1268 1235 78 36 från
1380 1239 92 32 1872
1500 1234 58 37 års
1585 1237 123 44 början
1729 1236 108 36 såsom
1860 1239 82 33 chef
1954 1239 75 34 leda

425 1284 165 45 Sveriges
630 1286 201 44 geologiska
873 1287 272 44 undersökning,
1187 1288 182 34 hvarefter
1409 1288 67 33 han
1505 1288 64 34 den
1600 1290 46 32 28
1676 1299 90 23 mars
1798 1290 94 33 1872
1921 1290 109 33 erhöll

424 1336 122 34 afsked
574 1335 78 35 från
681 1337 240 44 befattningen
951 1348 70 23 som
1050 1338 151 43 adjunkt
1229 1338 57 34 vid
1314 1338 255 35 universitetet.

557 1386 66 36 Uti
664 1388 51 33 sin
757 1388 103 34 ofvan
906 1388 225 34 omförmälda
1165 1389 259 43 framställning
1452 1389 88 34 hade
1568 1388 115 35 Torell
1713 1389 53 34 till
1793 1390 76 34 stöd
1899 1390 53 34 för
1979 1391 52 33 sin

423 1438 196 44 ansökning
659 1436 179 46 åberopat,
881 1442 53 31 att
975 1439 68 34 han
1071 1450 85 24 vore
1185 1441 45 33 68
1259 1437 40 36 år
1325 1440 152 43 gammal
1504 1440 64 34 och
1597 1442 46 32 37
1672 1438 39 36 år
1740 1441 92 33 varit
1860 1440 9 33 i
1898 1443 134 32 statens

423 1488 109 43 tjenst
572 1493 89 29 samt
704 1491 53 31 att
798 1489 67 34 han
898 1490 132 33 således
1062 1490 140 43 uppfylt
1235 1490 203 34 förberörda
1471 1490 39 34 af
1535 1489 129 45 Kongl.
1695 1490 107 44 Maj:t
1830 1491 199 44 föreslagna

423 1539 63 34 och
526 1539 54 34 för
620 1539 209 45 tjenstemän
871 1540 11 34 i
922 1541 189 33 allmänhet
1153 1541 162 43 gällande
1353 1541 114 33 vilkor
1498 1540 54 35 för
1580 1539 201 36 erhållande
1810 1542 39 33 af
1874 1543 153 42 pension.

422 1588 232 36 Beträffande
693 1590 206 43 pensionens
938 1591 123 43 belopp
1097 1591 91 34 hade
1221 1590 114 35 "Torell
1365 1591 174 43 hemstält,
1569 1595 55 30 att
1651 1592 109 42 detta,
1789 1592 77 34 med
1895 1593 135 43 hänsyn

424 1640 53 34 till
517 1641 88 33 hans
645 1640 123 44 gjorda
797 1641 240 44 uppoffringar
1065 1641 40 35 af
1129 1642 62 42 tid,
1221 1642 194 43 penningar
1443 1642 63 34 och
1534 1643 121 33 arbete
1683 1642 53 34 för
1763 1643 267 44 vetenskapliga

423 1691 174 42 ändamål,
640 1688 106 37 måtte
787 1691 142 34 utöfver
968 1692 39 34 af
1036 1691 130 44 Kongl.
1197 1691 107 45 Maj:t
1332 1692 174 34 tillförene
1533 1693 200 43 föreslagna
1764 1695 109 41 5,000
1902 1694 129 34 kronor

424 1741 99 44 höjas
551 1742 74 33 med
661 1744 104 40 1,000
793 1743 141 42 kronor,
963 1740 37 36 så
1028 1746 54 30 att
1109 1743 185 43 pensionen
1325 1743 134 34 komme
1487 1746 54 31 att
1568 1741 86 46 utgå
1671 1744 75 33 med
1763 1746 109 41 6,000
1889 1745 137 34 kronor.

558 1791 276 43 Statskontoret,
864 1803 70 24 som
963 1793 10 33 i
1001 1794 146 33 ärendet
1175 1793 52 43 sig
1253 1796 127 40 yttrat,
1409 1794 88 34 hade
1524 1794 176 42 hemstält,
1729 1797 54 31 att
1802 1795 65 33 den
1886 1795 142 42 pension

422 1840 21 36 å
483 1843 176 33 allmänna
700 1843 358 43 indragningsstaten,
1101 1854 71 23 som
1213 1843 128 44 Kongl.
1371 1843 108 44 Maj:t
1506 1845 138 34 täcktes
1672 1842 126 37 föreslå
1826 1844 203 45 Riksdagen

423 1896 54 30 att
516 1893 132 44 bevilja
690 1892 114 35 Torell
845 1894 10 33 i
897 1894 87 34 hans
1016 1895 178 43 egenskap
1227 1895 39 33 af
1295 1894 82 35 chef
1402 1894 52 34 för
1481 1895 202 43 geologiska
1712 1896 316 44 undersökningen,

425 1946 106 32 måtte
564 1945 209 33 bestämmas
801 1944 53 34 till
885 1946 108 41 5,000
1021 1947 131 32 kronor
1179 1956 52 23 om
1259 1944 76 35 året
1363 1948 54 31 att
1444 1943 85 46 utgå
1557 1944 77 36 från
1663 1946 63 35 och
1755 1947 75 33 med
1859 1944 169 37 månaden

424 1997 78 31 näst
543 1995 91 33 efter
674 1995 77 42 den,
793 1995 102 34 hvari
936 1996 67 33 han
1045 1996 134 33 komme
1220 1999 53 31 att
1314 1993 76 37 från
1432 1996 241 43 befattningen
1716 1994 92 47 afgå,
1850 2001 90 30 samt
1976 2001 54 31 att

423 2045 65 33 den
530 2045 144 44 höjning
716 2045 10 34 i
768 2046 332 43 pensionsbeloppet,
1143 2057 69 23 som
1246 2045 128 45 Kongl.
1404 2046 119 44 Maj:t,
1552 2047 76 33 med
1657 2047 161 35 afseende
1846 2045 21 36 å
1895 2047 135 35 Torells

424 2096 172 33 särskilda
626 2096 202 44 förtjenster
856 2096 64 34 och
947 2096 242 44 uppoffringar
1216 2097 11 33 i
1246 2097 62 33 den
1326 2097 266 43 vetenskapliga
1609 2097 245 45 forskningens
1870 2099 158 42 intresse,

423 2146 117 34 kunde
568 2145 124 45 pröfva
722 2147 130 43 skäligt
880 2147 137 42 föreslå,
1047 2145 109 36 måtte
1184 2147 182 35 betraktas
1393 2146 110 36 såsom
1531 2148 192 44 personligt
1742 2149 288 44 pensionstillägg

424 2197 63 34 och
516 2195 85 45 utgå
630 2194 75 37 från
734 2208 130 23 samma
892 2199 124 43 anslag
1043 2198 63 35 och
1134 2208 129 24 samma
1292 2198 61 34 tid.

556 2247 124 45 Enligt
720 2248 92 35 hvad
853 2248 381 45 departementschefen
1276 2248 54 35 till
1371 2246 383 47 statsrådsprotokollet
1780 2249 130 45 anfört,
1939 2251 89 34 hade
