2250 2624
476 180 38 32 32
930 179 263 36 Statsutskottets
1221 179 174 38 Utlåtande
1418 182 61 35 N:o
1502 186 49 32 10.

433 266 164 43 görande.
651 265 71 36 Vid
761 267 56 34 det
858 265 229 46 förhållande,
1129 272 52 31 att
1222 280 72 24 mer
1333 274 43 30 än
1411 273 45 33 92
1484 276 144 39 procent
1656 273 38 34 af
1718 274 163 44 samtliga
1909 274 11 34 i
1947 274 88 35 skol-

433 315 119 36 åldern
596 318 153 33 varande
782 318 85 33 barn
903 319 128 33 erhölle
1059 319 51 34 sin
1140 320 251 45 undervisning
1418 322 10 33 i
1456 322 209 44 folkskolan,
1694 321 77 47 låge
1799 325 59 33 det
1886 325 10 33 i
1924 328 110 42 öppen

434 367 78 43 dag,
559 367 145 34 hvilken
753 372 73 30 stor
875 369 61 34 och
986 370 294 44 genomgripande
1326 373 178 42 betydelse
1544 373 55 34 för
1645 375 78 33 hela
1762 375 107 34 folket
1911 376 125 45 hvarje

433 416 213 45 förbättring
673 418 10 33 i
711 419 41 33 de
780 429 46 23 nu
854 419 227 35 omhandlade
1108 421 294 36 läroanstalterna
1430 423 98 35 hade.

565 466 59 36 Då
665 469 171 34 utskottet
876 470 76 34 icke
992 471 70 33 kan
1097 471 157 43 förneka,
1288 476 53 30 att
1373 473 57 34 det
1459 473 53 35 för
1539 475 294 44 undervisningen
1863 476 58 34 vid
1951 476 84 35 folk-

432 519 226 34 skolelärare-
700 520 60 33 och
802 520 602 38 folkskolelärarinneseminarierna
1445 528 40 30 är
1518 525 38 34 af
1586 526 88 43 vigt,
1704 529 53 30 att
1785 527 61 33 der
1873 527 161 34 anstälda

432 570 113 33 lärare
577 580 124 32 genom
734 568 200 36 erhållande
962 571 39 34 af
1025 572 143 43 pension
1196 574 143 33 beredas
1366 575 137 34 tillfälle
1532 578 53 31 att
1613 576 58 33 vid
1698 576 71 34 viss
1796 576 148 35 lefnads-
1972 578 63 34 och

432 618 227 45 tjensteålder
699 619 81 45 afgå
820 618 77 36 från
939 621 151 44 tjensten
1132 623 54 33 för
1218 627 53 30 att
1303 625 113 34 lemna
1443 635 74 24 rum
1549 626 53 34 för
1628 636 112 34 yngre
1767 628 267 43 lärarekrafter,

431 674 89 30 samt
559 671 185 42 utskottet,
785 672 10 33 i
836 672 112 33 likhet
988 673 74 33 med
1103 672 129 45 Kongl.
1275 674 118 45 Maj:t,
1435 679 117 31 ansett
1591 677 100 34 dessa
1728 678 114 34 lärare
1877 682 157 30 närmast

431 721 163 34 likstälda
638 722 73 33 med
753 723 258 33 ämneslärarne
1053 723 58 34 vid
1140 725 412 44 elementarläroverken,
1591 728 62 33 och
1682 725 145 37 sålunda
1856 728 30 44 ej
1917 729 117 34 funnit

430 772 141 42 skäligt,
607 775 65 40 att,
706 771 109 35 såsom
845 773 225 34 omförmälda
1100 775 212 34 motionärer
1339 775 165 44 påyrkat,
1533 778 99 33 dessa
1661 778 114 34 lärare
1804 779 229 34 tillerkännes

430 825 72 31 rätt
541 825 54 31 att
636 820 132 36 erhålla
808 823 142 43 pension
991 824 57 33 vid
1089 825 151 43 tidigare
1276 823 97 37 ålder
1407 830 44 31 än
1480 828 235 34 ämneslärare
1744 829 57 34 vid
1830 830 202 34 elementar-

428 873 221 43 läroverken,
677 871 38 36 så
742 874 63 33 har
832 874 174 34 utskottet
1033 875 96 33 velat
1157 875 177 44 tillstyrka
1363 876 128 45 Kongl.
1520 877 127 45 Maj:ts
1674 879 232 35 förevarande
1930 880 103 34 fram-

429 923 183 44 ställning;
655 924 61 34 och
758 924 64 33 har
849 925 174 33 utskottet
1056 925 121 34 dervid
1211 930 114 31 ansett
1354 928 53 43 sig
1433 929 84 33 böra
1546 930 167 33 särskildt
1740 928 196 45 framhålla,
1966 935 64 38 att,

429 973 125 43 derest,
601 976 111 32 såsom
757 975 174 33 utskottet
976 985 102 24 anser
1118 977 221 44 synnerligen
1381 979 203 42 önskvärdt,
1627 978 106 36 sådan
1776 981 204 44 förändring
2021 982 9 33 i

428 1024 162 34 afseende
618 1022 20 36 å
667 1025 318 43 pensionsvilkoren
1014 1026 54 33 för
1095 1026 140 35 lärarne
1263 1028 58 34 vid
1350 1029 399 36 elementarläroverken
1779 1031 172 44 vidtages,
1977 1036 54 30 att

428 1075 40 33 de
496 1074 109 35 blifva
634 1074 209 44 förpligtade
876 1078 54 31 att
957 1076 145 44 bidraga
1131 1077 54 34 till
1212 1078 51 33 sin
1292 1088 86 34 egen
1406 1080 256 44 pensionering,
1691 1082 104 33 häraf
1816 1082 98 34 torde
1934 1082 96 45 följa,

427 1128 53 30 att
508 1135 131 24 samma
668 1125 199 44 skyldighet
897 1126 154 34 kommer
1069 1130 54 31 att
1143 1125 146 46 åläggas
1307 1129 103 34 äfven
1429 1127 273 47 ifrågavarande
1717 1133 312 34 seminarielärare.

560 1175 124 35 Under
710 1176 182 34 uttalande
921 1176 104 35 häraf
1049 1177 200 35 hemställer
1276 1180 173 34 utskottet
1476 1181 129 43 derför,

877 1281 54 31 att
958 1277 202 46 Riksdagen
1188 1276 66 43 må,
1282 1283 86 30 utan
1397 1280 162 35 afseende
1586 1279 21 36 å
1634 1282 93 34 hvad
1746 1282 81 34 herr
1847 1282 182 35 Hammar-

824 1329 82 34 lund
939 1330 76 33 med
1047 1329 84 35 flere
1159 1330 11 33 i
1198 1330 50 33 sin
1277 1330 225 35 omförmälda
1531 1332 129 34 motion
1688 1332 192 45 föreslagit,
1910 1334 118 34 bifalla

824 1378 129 46 Kongl.
983 1379 126 45 Maj:ts
1136 1380 230 35 förevarande
1394 1381 269 45 framställning.

245 1488 143 36 Angående
559 1482 90 33 16:0.
704 1480 81 34 Med
828 1480 247 44 tillstyrkande
1117 1481 39 34 af
1190 1480 99 35 bifall
1329 1481 53 34 till
1422 1481 129 44 Kongl.
1595 1482 125 45 Maj:ts
1755 1485 115 33 derom
1903 1484 123 44 gjorda

222 1524 146 59 understöd
385 1522 29 29 åt
424 1530 259 44 framställning
714 1529 54 36 får
797 1532 173 33 utskottet
995 1531 108 44 jemte
1131 1532 221 43 upplysning,
1381 1535 53 31 att
1461 1533 110 34 under
1599 1531 40 36 år
1670 1535 92 33 1896
1791 1532 37 36 åt
1856 1537 46 32 45
1931 1536 96 33 äldre

230 1568 165 54 behofvande
422 1581 219 35 behöfvande
670 1581 287 35 folkskolelärare
985 1581 165 44 beviljats
1178 1582 186 34 understöd
1394 1583 74 34 med
1501 1585 132 41 10,000
1661 1585 140 43 kronor,
1830 1586 199 45 hemställa,

239 1626 142 40 folkskole-

262 1660 98 75 a
872 1685 53 30 att
952 1680 20 35 å
1000 1683 175 33 allmänna
1204 1683 345 44 indragningsstaten
1577 1683 56 36 må
1652 1685 54 34 för
1719 1683 41 37 år
1778 1688 93 33 1898
1887 1689 140 33 anvisas

281 1717 8 19 |
821 1735 52 31 ett
900 1733 124 43 anslag
1050 1733 40 34 af
1118 1735 133 41 10,000
1279 1734 139 42 kronor,
1448 1738 53 30 att
1520 1735 110 44 enligt
1649 1736 41 34 de
1705 1740 160 31 närmare
1881 1738 145 34 bestäm-

821 1783 135 42 melser,
997 1782 130 46 Kongl.
1171 1783 107 45 Maj:t
1313 1785 69 33 kan
1417 1784 93 35 finna
1539 1786 84 43 godt
1650 1787 167 43 meddela,
1846 1789 181 34 användas

819 1833 53 34 till
900 1834 188 34 understöd
1117 1834 40 34 af
1180 1835 103 43 högst
1311 1836 71 33 250
1411 1836 129 33 kronor
1567 1833 37 37 åt
1632 1834 130 37 sådana
1790 1838 96 34 äldre
1910 1838 115 35 behöf-

821 1885 113 33 vande
974 1884 300 43 folkskolelärare,
1315 1886 122 34 hvilka
1470 1886 196 44 oförvitligt
1698 1888 94 34 skött
1824 1889 52 34 sin
1904 1889 120 44 tjenst,

820 1945 76 23 men
925 1933 154 36 derifrån
1108 1933 141 36 erhållit
1276 1936 122 34 afsked
1428 1936 74 35 före
1529 1934 41 37 år
1601 1939 104 33 1867.

241 2039 142 36 Angående
556 2037 89 33 17:o.
701 2034 127 45 Kongl.
870 2035 109 45 Maj:t
1018 2036 65 34 har
1128 2036 180 44 föreslagit
1348 2036 201 45 Riksdagen
1590 2039 187 43 medgifva,
1819 2044 54 29 att
1913 2043 111 40 mynt-

420 2089 172 40 gravören
634 2086 59 35 vid
725 2087 225 42 myntverket
983 2086 73 34 Lea
1088 2086 159 43 Ahlborn,
1275 2087 79 34 född
1383 2087 202 45 Lundgren,
1614 2087 108 36 måtte
1749 2087 79 37 från
1856 2090 63 34 och
1947 2091 75 33 med

242 2146 136 31 gravören
419 2134 169 37 månaden
616 2140 81 31 näst
724 2137 88 33 efter
840 2137 77 43 den,
945 2138 110 33 under
1083 2137 143 34 hvilken
1255 2138 66 33 hon
1351 2139 128 33 erhölle
1507 2138 122 34 afsked
1658 2138 77 36 från
1763 2143 259 40 myntgravörs-

226 2178 21 25 LD
269 2177 129 26 Aklborn.
420 2187 255 44 befattningen,
709 2188 109 33 under
852 2188 51 33 sin
932 2185 221 37 återstående
1180 2187 108 34 lifstid
1316 2186 20 35 å
1365 2189 174 34 allmänna
1568 2189 345 45 indragningsstaten
1941 2202 82 33 upp-

276 2218 68 35 [14]
419 2237 85 34 bära
532 2248 41 23 en
602 2236 92 46 årlig
719 2238 142 43 pension
889 2237 40 34 af
954 2240 109 41 2,700
1092 2238 138 34 kronor.
