2252 2624
460 195 39 28 30
909 194 265 34 Stalsutskottets
1202 197 174 32 Utlåtande
1399 198 64 32 N:o
1486 200 47 31 10.

421 277 56 35 vid
519 279 221 34 seminarium
775 281 111 34 skulle
914 282 174 34 beräknas
1117 283 109 44 enligt
1254 294 130 24 samma
1412 286 165 43 grunder,
1607 296 70 24 som
1705 296 84 25 vore
1818 288 170 43 stadgade
2015 288 11 34 i

421 325 97 47 fråga
560 339 53 24 om
642 330 144 35 arfvode
814 329 37 36 åt
879 332 135 34 vikarie
1042 332 54 35 för
1124 333 150 44 adjunkt
1302 335 84 33 eller
1414 336 137 44 kollega
1581 336 59 34 vid
1668 338 146 34 allmänt
1842 339 178 34 läroverk.

553 378 140 36 Samma
734 381 68 44 dag
843 383 84 33 eller
967 383 62 34 den
1077 386 43 33 10
1160 385 179 34 december
1376 387 93 33 1892
1503 387 89 34 hade
1621 388 185 34 utkommit
1834 399 40 23 en
1904 389 117 44 kongl.

419 429 220 43 kungörelse,
682 432 106 43 enligt
831 433 142 34 hvilken
1014 433 21 45 8
1082 436 40 33 17
1166 435 10 33 i
1216 436 149 43 stadgan
1398 436 53 34 för
1478 436 544 37 folkskolelärareseminarierna

418 480 111 34 skulle
544 480 109 35 hafva
669 481 151 45 följande
836 483 208 35 förändrade
1060 485 144 43 lydelse:
1228 500 11 15 >
1248 485 70 35 För
1333 489 53 31 att
1402 487 118 34 kunna
1536 491 186 31 utnämnas
1733 489 51 34 till
1798 489 151 45 adjunkt
1961 489 59 35 vid

419 530 249 36 seminarierna
697 533 136 34 fordras
861 536 53 32 att
942 535 105 34 hafva
1077 534 149 45 uppnått
1256 538 43 33 23
1330 534 57 37 års
1414 535 108 46 ålder,
1552 542 54 30 att
1632 539 106 34 hafva
1759 539 110 45 aflagt
1889 538 131 37 sådana

419 581 268 44 kunskapsprof,
717 594 69 23 som
815 588 61 30 äro
904 586 167 43 stadgade
1100 586 54 34 för
1182 587 205 44 behörighet
1415 591 53 31 att
1495 592 190 32 utnämnas
1710 590 52 34 till
1791 590 150 45 adjunkt
1961 591 60 34 vid

418 632 144 34 allmänt
589 633 176 44 läroverk,
794 640 90 29 samt
913 639 52 30 att
993 636 179 44 nöjaktigt
1200 638 107 34 hafva
1331 636 203 46 genomgått
1554 637 223 46 profårskurs
1795 641 60 34 vid
1875 642 145 34 allmänt

417 682 164 34 läroverk
622 684 84 34 eller
741 685 58 34 vid
840 686 232 44 seminarium,
1115 698 53 23 om
1208 686 222 45 profårskurs
1458 689 60 35 der
1546 691 185 42 anordnas,
1760 691 178 35 äfvensom
1968 695 54 31 att

417 732 91 34 inför
548 734 58 33 det
647 735 258 44 konsistorium,
945 737 202 35 hvarunder
1187 739 199 34 seminariet
1426 740 114 43 hörer,
1568 741 108 35 hafva
1705 741 109 45 aflagt
1841 742 180 44 godkändt

416 783 178 43 praktiskt
621 786 378 44 undervisningsprof.»

549 833 55 35 Af
634 836 58 33 det
724 847 45 23 nu
803 838 146 33 anförda
977 839 207 44 framginge,
1220 843 51 31 att
1300 841 64 34 den
1394 842 118 43 tanke,
1542 842 143 35 hvilken
1714 841 129 46 Kongl.
1874 842 108 46 Maj:t
2009 844 11 33 i

416 884 51 34 sin
508 885 257 35 ofvannämnda
807 889 211 43 proposition
1060 890 53 33 till
1156 889 123 36 Rikets
1321 890 151 36 Ständer
1508 893 65 34 den
1617 895 42 32 21
1704 894 188 33 november
1924 896 93 32 1862

416 935 187 44 framstält,
646 938 61 34 och
749 938 10 33 i
799 938 144 35 hvilken
984 939 125 35 Rikets
1151 939 151 36 Ständer
1330 942 9 33 i
1368 942 52 33 sin
1448 943 186 34 skrifvelse
1662 944 65 33 den
1760 945 41 33 16
1831 946 187 33 november

419 987 105 41 1863,
565 987 75 34 deri
668 987 124 35 Rikets
821 987 151 37 Ständer
999 991 201 34 meddelade
1228 992 59 34 sitt
1318 993 112 34 beslut
1457 996 54 31 att
1538 993 132 45 bevilja
1699 994 167 35 förökade
1895 996 122 42 anslag

416 1035 51 34 till
496 1035 546 48 folkskolelärsreseminarierna,
1072 1041 54 34 för
1153 1043 52 32 sin
1233 1043 53 33 del
1315 1043 153 43 instämt,
1498 1044 64 34 den
1592 1045 183 43 nemligen,
1805 1048 54 31 att
1877 1046 141 34 lärarne

414 1086 58 34 vid
512 1087 100 35 dessa
652 1089 249 35 läroanstalter
941 1091 103 34 borde
1084 1092 108 34 hafva
1221 1092 109 44 aflagt
1357 1093 269 44 kunskapsprof,
1655 1096 246 34 motsvarande
1929 1096 87 43 dem,

414 1147 68 23 som
524 1138 54 34 för
618 1140 214 43 anställning
872 1140 58 35 vid
970 1142 355 35 elementarläroverk
1360 1154 80 24 vore
1473 1145 180 43 stadgade,
1681 1156 47 24 nu
1756 1150 77 40 steg
1861 1146 53 34 för
1942 1151 77 39 steg

414 1186 115 35 blifvit
557 1189 252 44 förverkligad,
839 1188 38 36 så
905 1194 52 31 att
985 1192 64 34 den
1077 1192 218 44 behörighet,
1326 1204 70 23 som
1425 1194 181 35 fordrades
1634 1195 53 35 för
1711 1197 215 43 anställning
1945 1208 70 24 som

414 1237 148 44 adjunkt
590 1239 59 34 vid
678 1239 523 46 folkskolelärareseminarium,
1231 1254 82 24 vore
1342 1244 141 34 alldeles
1511 1246 198 34 densamma
1738 1257 71 23 som
1838 1233 64 60 den,
1928 1233 88 60 hvil-

413 1288 66 34 ken
508 1299 83 24 vore
611 1289 231 36 föreskrifven
867 1293 52 33 för
934 1290 201 38 erhållande
1155 1294 39 34 af
1210 1294 368 46 adjunktsbefattning
1597 1297 59 33 vid
1676 1297 143 34 allmänt
1840 1298 174 34 läroverk.

545 1339 18 34 I
601 1340 179 43 jembredd
821 1343 77 33 med
940 1343 301 45 förverkligandet
1273 1345 39 34 af
1336 1346 111 34 denna
1481 1347 108 34 tanke
1624 1347 101 43 hade,
1755 1346 110 36 såsom
1895 1348 38 34 af
1958 1349 61 33 det

414 1389 103 34 ofvan
559 1391 146 34 anförda
747 1392 206 45 framginge,
994 1395 233 44 likställighet
1260 1396 125 34 mellan
1419 1396 274 45 ifrågavarande
1721 1397 128 35 tvenne
1879 1399 75 44 slag
1982 1399 38 34 af

412 1440 114 34 lärare
563 1441 133 44 jemväl
737 1442 114 35 blifvit
893 1444 63 34 allt
995 1448 112 31 större
1147 1446 102 34 äfven
1293 1447 74 33 med
1409 1448 134 43 hänsyn
1585 1448 53 34 till
1671 1446 255 37 löneförmåner
1953 1450 63 34 och

412 1490 123 43 dylikt.
565 1491 85 35 Men
680 1494 73 33 med
783 1494 162 35 afseende
972 1493 86 37 härå
1086 1496 89 34 hade
1200 1496 254 45 jembördighet
1484 1498 88 35 dock
1600 1498 30 45 ej
1661 1499 115 34 blifvit
1795 1500 222 45 fullständigt

412 1542 213 42 genomförd,
668 1540 37 37 så
745 1544 102 44 länge
889 1545 29 44 ej
961 1546 117 34 blifvit
1107 1548 195 44 utryckligt
1330 1549 176 43 stadgadt,
1537 1553 54 30 att
1620 1550 59 33 vid
1707 1550 221 34 seminarium
1958 1561 56 24 an-

412 1591 112 34 stälda
566 1593 175 35 ordinarie
781 1596 171 42 rektorer,
994 1597 191 44 adjunkter
1225 1603 90 29 samt
1354 1599 198 34 lärarinnor
1594 1601 74 33 med
1698 1600 168 45 adjunkts
1894 1601 120 44 tjenst-

412 1642 124 44 göring
573 1644 91 33 hade
705 1648 71 30 rätt
817 1645 53 34 till
911 1648 138 41 pension
1092 1648 110 44 enligt
1242 1659 129 24 samma
1399 1650 154 43 grunder
1581 1661 68 23 som
1681 1651 174 35 ordinarie
1883 1655 128 31 ämnes:

411 1692 114 34 lärare
553 1694 59 33 vid
640 1695 41 33 de
709 1696 174 34 allmänna
913 1697 218 36 läroverken.

545 1743 74 36 Det
652 1755 81 24 vore
766 1746 30 44 ej
827 1747 125 34 tvifvel
979 1749 265 43 underkastadt,
1273 1753 53 31 att
1353 1749 125 36 Rikets
1507 1749 163 45 Ständer,
1699 1750 43 35 då
1769 1752 41 34 de
1839 1752 176 44 beviljade

413 1804 128 24 samma
570 1794 254 36 löneförmåner
852 1797 53 34 till
933 1799 267 35 seminariernas
1227 1801 115 34 lärare
1370 1812 69 23 som
1469 1802 52 33 till
1540 1802 140 34 lärarne
1701 1802 57 34 vid
1778 1803 41 34 de
1839 1803 175 35 allmänna

412 1844 219 45 läroverken,
674 1847 153 42 menade,
869 1853 53 29 att
962 1850 111 34 denna
1115 1851 230 44 likställighet
1387 1852 110 34 skulle
1538 1853 143 34 sträcka
1722 1853 53 43 sig
1814 1854 105 33 äfven
1961 1854 52 34 till

410 1895 290 42 pensionsrätten.
758 1896 167 37 Sistlidna
966 1898 39 36 år
1046 1901 88 34 hade
1176 1903 63 33 ock?
1254 1901 237 45 Riksdagen,
1526 1901 44 46 på
1597 1902 130 45 Kongl.
1758 1903 125 45 Maj:ts
1912 1904 100 34 fram-

411 1946 177 44 ställning,
631 1945 36 36 at
704 1958 39 24 en
785 1950 337 45 seminarieadjunkt
1162 1952 147 45 beviljat
1349 1953 139 44 pension
1532 1954 53 34 till
1619 1964 130 24 samma
1778 1955 135 43 belopp,
1943 1965 70 24 som

410 1996 150 44 adjunkt
589 1998 58 34 vid
676 1999 144 34 allmänt
847 2001 164 34 läroverk
1040 2013 83 23 vore
1151 2004 198 43 berättigad
1378 2007 54 31 att
1460 2002 143 36 erhålla.

543 2048 214 44 Antagande
786 2050 109 42 deraf,
925 2055 53 31 att
1001 2052 231 45 likställighet
1260 2054 10 33 i
1298 2054 255 34 löneförmåner
1573 2056 126 33 mellan
1716 2055 150 44 adjunkt
1881 2055 57 34 vid
1955 2056 58 33 all-

410 2101 95 30 mänt
520 2099 163 35 läroverk
700 2100 60 34 och
779 2101 58 33 vid
854 2102 512 37 folkskolelärareseminarium
1383 2106 111 33 skulle
1509 2105 147 34 omfatta
1672 2106 104 34 äfven
1792 2116 131 24 samma
1940 2109 74 31 rätt

410 2148 53 33 till
478 2150 142 41 pension
636 2150 54 34 för
704 2148 271 47 ifrågavarande
989 2164 154 34 grupper
1157 2154 39 35 af
1208 2155 125 43 lärare,
1351 2156 97 34 torde
1464 2156 64 34 ock
1544 2155 107 35 hafva
1668 2157 93 33 varit
1776 2156 235 45 anledningen

410 2198 126 46 dertill,
566 2205 54 30 att
641 2200 128 47 Kongl.
788 2201 108 46 Maj:t
912 2204 30 45 ej
959 2204 94 36 förut
1067 2205 53 34 till
1136 2204 201 46 Riksdagen
1354 2207 174 35 framstält
1545 2206 133 45 förslag
1693 2218 51 23 om
1762 2206 199 45 beviljande
1977 2205 37 37 åt
