1870 2780
470 163 287 31 Statsutskottets
775 162 184 32 memorial
976 172 43 21 nr
1038 163 62 31 144
1117 164 40 31 år
1176 164 81 29 1961
1600 165 15 29 1

790 481 59 41 Nr
879 482 69 40 144

337 583 182 31 Memorial
546 584 11 30 i
583 582 191 41 anledning
800 592 42 22 av
869 583 209 31 kamrarnas
1105 583 206 41 skiljaktiga
1339 584 112 30 beslut
1479 585 11 30 i
1514 584 100 40 fråga

558 643 56 21 om
643 634 124 40 anslag
792 633 57 41 för
878 633 204 41 budgetåret
1110 634 151 36 1961/62
1291 634 52 30 till
1367 634 139 30 Statens
1533 634 82 30 döv-

557 683 120 31 skolor
696 694 46 20 m.
763 693 62 21 m.:
846 684 216 40 Avlöningar
1080 694 47 20 m.
1146 684 39 41 fl.
1206 684 131 40 anslag.

1374 743 76 34 (2:a
1473 743 93 33 avd.)

161 845 13 29 I
195 845 262 40 propositionen
479 854 41 20 nr
543 845 14 29 1
580 845 65 30 har
666 844 127 40 Kungl.
814 845 107 39 Maj:t
942 845 111 29 under
1074 844 142 31 åttonde
1237 845 222 30 huvudtiteln
1486 845 130 39 (punkt

120 896 95 34 129),
242 895 103 30 såvitt
371 905 47 19 nu
444 897 39 29 är
507 895 11 29 i
544 895 110 40 fråga,
681 895 179 39 föreslagit
886 895 188 40 riksdagen
1101 897 50 28 att
1175 895 76 30 dels
1276 896 146 35 besluta,
1449 897 49 29 att
1525 895 91 31 skol-

117 946 154 29 hemmet
297 946 19 29 å
341 945 143 40 Mogård
510 946 89 29 skall
625 945 82 30 från
731 945 64 30 och
820 946 80 29 med
926 945 205 39 budgetåret
1159 946 148 36 1961/62
1334 945 204 40 överflyttas
1562 946 53 29 till

115 995 281 31 Charlottendals
418 995 157 31 skolhem
595 996 11 29 i
627 995 139 35 Gnesta,
788 995 72 31 dels
882 996 187 39 godkänna
1090 1005 42 21 av
1152 996 384 39 departementschefen
1555 1005 61 20 an-

117 1046 100 39 given
243 1046 253 39 avlöningsstat
518 1045 57 31 för
602 1048 132 28 statens
758 1046 188 30 dövskolor
972 1055 44 21 m.
1042 1055 57 26 m.,
1125 1048 51 28 att
1200 1047 177 39 tillämpas
1402 1047 73 30 tills
1497 1047 118 30 vidare

118 1096 79 30 från
224 1097 64 29 och
313 1097 79 29 med
418 1096 203 40 budgetåret
649 1096 162 36 1961/62,
836 1097 74 29 dels
937 1097 65 29 ock
1028 1097 51 30 till
1106 1097 137 30 Statens
1270 1097 186 30 dövskolor
1481 1107 44 19 m.
1551 1106 61 21 m.:

117 1147 213 39 Avlöningar
358 1146 54 30 för
438 1147 204 39 budgetåret
672 1147 149 35 1961/62
850 1147 122 30 anvisa
999 1149 47 28 ett
1074 1147 273 40 förslagsanslag
1374 1157 41 20 av
1442 1147 16 30 5
1475 1148 64 29 629
1552 1147 62 30 000

117 1198 141 29 kronor.

161 1248 128 30 Vidare
316 1248 64 29 har
408 1248 125 39 Kungl.
561 1248 106 39 Maj:t
694 1248 13 29 i
736 1257 134 21 samma
897 1248 218 39 proposition
1143 1249 112 29 under
1283 1248 141 31 åttonde
1452 1249 163 29 huvudti-

117 1299 71 29 teln
214 1299 130 39 (punkt
367 1298 77 35 130)
471 1298 178 40 föreslagit
669 1298 188 40 riksdagen
878 1301 50 28 att
948 1299 52 29 till
1022 1299 138 30 Statens
1180 1299 185 30 dövskolor
1385 1309 46 20 m.
1452 1309 61 21 m.:
1535 1299 81 30 Om-

118 1349 190 30 kostnader
338 1348 55 30 för
422 1349 204 38 budgetåret
659 1349 148 36 1961/62
838 1349 122 30 anvisa
990 1351 47 28 ett
1069 1349 272 40 förslagsanslag
1371 1359 42 20 av
1445 1350 14 29 1
1476 1350 138 29 909000

116 1400 141 28 kronor.

161 1448 182 40 Därjämte
367 1449 65 30 har
455 1449 126 39 Kungl.
605 1448 108 40 Maj:t
736 1449 13 30 i
773 1458 136 22 samma
931 1449 219 40 proposition
1174 1450 111 30 under
1309 1450 308 40 kapitalbudgeten

125 1499 132 39 (bilaga
285 1499 50 34 30,
364 1500 113 38 punkt
507 1499 72 34 16),
609 1499 105 30 såvitt
742 1508 48 21 nu
818 1501 38 29 är
883 1500 12 29 i
924 1499 109 40 fråga,
1060 1500 182 39 föreslagit
1270 1500 187 39 riksdagen
1486 1503 50 27 att
1563 1501 53 29 till

117 1549 330 39 Byggnadsarbeten
472 1549 57 30 vid
555 1551 133 28 statens
714 1550 186 29 dövskolor
926 1559 45 20 m.
997 1559 45 20 m.
1069 1550 54 30 för
1148 1550 205 39 budgetåret
1380 1551 148 35 1961/62
1555 1560 63 20 un-

118 1600 62 29 der
223 1601 131 28 statens
395 1600 178 30 allmänna
614 1600 274 39 fastighetsfond
930 1600 122 30 anvisa
1093 1602 48 28 ett
1182 1601 353 39 investeringsanslag
1574 1611 43 19 av

118 1650 18 29 2
151 1649 63 31 487
230 1650 62 29 000
319 1650 139 30 kronor.

164 1751 12 29 I
205 1751 168 29 samband
400 1751 79 29 med
506 1751 154 30 nämnda
687 1751 132 39 förslag
844 1751 65 30 har
936 1752 170 31 utskottet
1133 1752 52 30 till
1212 1752 212 39 behandling
1451 1752 164 34 förehaft,

115 1801 107 29 bland
243 1801 119 33 andra,
383 1801 56 30 två
457 1802 223 38 likalydande
701 1801 182 34 motioner,
902 1802 125 29 väckta
1046 1802 66 29 den
1132 1811 65 21 ena
1216 1803 94 28 inom
1331 1802 110 30 första
1460 1803 156 29 kamma-

119 1860 62 20 ren
205 1859 46 22 av
276 1851 81 30 herr
382 1851 111 40 Bengt
519 1850 217 32 Gustavsson
762 1860 46 21 m.
833 1851 40 30 fl.
907 1851 121 35 (1:92)
1061 1852 65 30 och
1151 1851 69 31 den
1248 1852 110 30 andra
1384 1852 96 30 inom
1508 1853 109 29 andra

118 1901 206 29 kammaren
349 1910 42 21 av
413 1901 81 30 herr
517 1900 114 31 Hedin
655 1911 46 20 m.
724 1901 40 30 fl.
794 1901 62 35 (II:
875 1901 95 35 117),
993 1902 12 29 i
1028 1901 96 31 vilka
1147 1902 208 34 hemställts,
1380 1902 103 31 såvitt
1507 1912 47 20 nu
1580 1905 38 28 är

118 1952 10 29 i
153 1951 109 39 fråga,
286 1953 49 27 att
358 1951 187 39 riksdagen
568 1951 58 30 må
649 1952 73 29 dels
746 1952 63 29 hos
833 1952 126 38 Kungl.
984 1952 104 38 Maj:t
1112 1952 185 30 hemställa
1321 1962 55 20 om
1402 1953 157 39 uppdrag
1582 1953 34 29 åt

120 2001 332 39 skolöverstyrelsen
482 2003 49 29 att
561 2001 73 31 tills
662 2001 120 31 vidare
811 2001 71 31 låta
912 2001 99 31 driva
1039 2002 280 31 Charlottendals
1350 2003 157 30 skolhem
1537 2004 79 29 med

119 2051 202 30 nuvarande
348 2051 190 34 vårdform,
566 2052 72 29 dels
666 2052 66 30 ock
758 2052 182 39 uppdraga
966 2051 35 31 åt
1027 2052 232 40 vederbörligt
1285 2053 134 30 utskott
1446 2055 50 28 att
1521 2053 96 31 vidta

117 2101 110 30 härav
248 2101 205 30 föranledda
474 2102 190 39 ändringar
687 2111 42 21 av
749 2101 126 41 Kungl.
897 2102 125 39 Maj:ts
1044 2101 141 41 förslag.

164 2201 265 30 Statsutskottet
454 2202 63 29 har
542 2202 9 29 i
578 2202 60 30 sitt
662 2202 180 30 utlåtande
867 2211 43 20 nr
937 2202 71 34 129,
1033 2203 113 39 punkt
1172 2203 29 33 3,
1226 2203 189 34 hemställt,
1442 2203 102 30 såvitt
1569 2213 47 20 nu

117 2252 38 28 är
180 2251 9 29 i
214 2250 108 39 fråga,

164 2301 72 29 dels
257 2303 49 27 att
326 2300 185 39 riksdagen
532 2301 67 34 må,
619 2301 79 29 med
718 2301 99 29 bifall
839 2302 50 29 till
911 2302 125 38 Kungl.
1057 2302 124 38 Maj:ts
1199 2302 132 38 förslag
1353 2305 89 28 samt
1463 2303 78 29 med
1562 2312 56 21 av-

120 2351 73 38 slag
217 2350 20 29 å
260 2350 219 30 motionerna
503 2350 27 30 I:
547 2351 40 29 92
612 2351 65 29 och
702 2351 45 29 II:
767 2351 70 34 117,
863 2350 104 30 såvitt
991 2360 47 20 nu
1064 2352 37 29 är
1127 2352 8 28 i
1162 2352 107 36 fråga,
1294 2352 135 30 besluta
1453 2355 49 27 att
1527 2353 90 30 skol-

120 2400 152 30 hemmet
298 2400 20 29 å
343 2399 142 40 Mogård
512 2400 88 30 skall
628 2400 79 30 från
734 2400 63 30 och
824 2401 78 29 med
928 2401 203 39 budgetåret
1161 2402 148 35 1961/62
1336 2403 203 39 överflyttas
1567 2403 50 30 till

118 2449 280 30 Charlottendals
426 2450 156 30 skolhem
610 2450 9 29 i
646 2449 144 37 Gnesta;

149 2517 12 25 1
203 2516 111 31 Bihang
333 2516 46 24 till
397 2516 168 31 riksdagens
582 2518 150 29 protokoll
751 2517 79 24 1961.
848 2517 15 23 6
880 2518 83 23 saml.
981 2518 39 23 Nr
1043 2518 49 23 144
