2176 2637
700 209 289 35 Stats-Utskottets
1018 211 174 34 Utlåtonde
1215 212 61 33 N:o
1299 216 49 29 66.
1765 217 11 25 1

937 710 74 42 N:o
1040 712 69 41 66.

744 865 80 29 Ank.
849 866 47 28 till
919 865 104 29 Riksd.
1050 867 109 29 Kansli
1183 868 54 28 den
1261 868 38 27 20
1323 868 90 37 April
1440 869 89 38 1881,
1554 869 40 29 kl.
1619 870 17 28 3
1661 879 24 19 e.
1709 880 34 19 m.

427 1008 194 44 Utlåtande,
662 1010 176 43 angående
877 1011 189 34 anvisande
1099 1012 49 44 på
1187 1011 339 46 Riksgäldskontoret
1562 1014 45 43 af
1622 1014 91 46 fyra
1744 1015 85 43 utaf

621 1060 238 36 innevarande
885 1062 156 43 Riksdag
1068 1062 168 43 beviljade
1262 1064 131 45 unslag.

1573 1114 54 49 (B.
1657 1115 61 50 A.)

353 1237 245 36 Innevarande
625 1238 158 45 Riksdag
822 1240 64 34 har
918 1240 54 34 för
1004 1237 39 37 år
1074 1242 93 33 1882
1195 1241 158 45 beviljat,
1383 1243 106 34 bland
1516 1244 120 44 andra,
1665 1244 155 45 följande

221 1290 136 43 anslag,
386 1289 188 44 nemligen:

219 1340 55 34 till
302 1342 133 32 statens
459 1339 376 46 jernvägsbyggnader
861 1342 10 33 i
899 1340 179 36 Norrland
1098 1374 238 7 ..............
1377 1344 129 35 kronor
1535 1347 207 43 2,500,000:
1774 1368 46 3 —

219 1391 55 34 till
300 1391 186 34 utförande
518 1391 40 34 af
585 1402 70 33 nya
682 1393 205 43 byggnader
914 1393 62 34 och
1004 1393 256 45 anläggningar
1286 1395 60 34 vid

270 1444 134 32 statens
430 1442 109 34 redan
566 1442 213 35 trafikerade
803 1443 193 44 jernVägarl
1025 1476 316 7 mas.ommmmmmee.....
1432 1461 12 15 »
1573 1449 169 42 350,000:
1774 1469 46 4 —

219 1493 54 33 till
300 1492 223 35 bestridande
564 1493 39 34 af
639 1494 237 34 kostnaderna
907 1494 55 34 för
987 1495 216 44 uppförande
1230 1494 21 36 å
1278 1499 66 32 sta-

270 1546 78 31 tens
360 1543 296 44 jernvägstrafiks
670 1547 127 32 tomter
816 1545 12 33 i
847 1548 180 40 qvarteret
1042 1545 167 36 Svanen
1194 1539 21 54 i
1225 1545 119 36 Stock-

269 1595 94 33 holm
403 1594 39 34 af
478 1604 43 24 en
548 1595 175 43 byggnad,
757 1593 243 37 innehållande
1028 1597 226 43 expeditions-
1283 1599 63 33 och

271 1644 266 45 tjenstelokaler
576 1648 90 31 samt
705 1644 178 46 åtskilliga
914 1648 348 44 boställslägenheter
1293 1648 54 35 för

273 1695 230 36 innehafvare
532 1695 38 35 af
586 1696 241 45 befattningar
846 1697 59 34 vid
924 1700 134 32 statens
1072 1698 278 45 jernvägstrafik
1392 1691 11 56 =
1435 1715 12 14 >
1575 1703 168 42 200,000:
1775 1723 46 3 —

222 1749 90 31 samt
339 1747 55 33 till
420 1744 269 37 låneunderstöd
715 1747 55 34 för
797 1748 156 34 enskilda
979 1748 194 45 jernvägar
1435 1765 12 15 >
1539 1753 205 43 1,000,000:
1775 1774 46 3 —

1213 1825 141 36 Summa
1381 1828 129 34 kronor
1537 1829 207 43 4,050,000:
1775 1850 47 3 —

360 1871 232 46 Obestridligt
631 1874 93 34 lärer
763 1882 98 36 vara,
896 1877 54 32 att
977 1876 169 44 anslagen
1173 1877 53 34 till
1253 1880 133 33 statens
1411 1878 375 46 jernvägsbyggnader
1813 1881 11 34 i

223 1923 181 35 Norrland
431 1924 64 34 och
521 1924 54 34 till
601 1923 269 37 låneunderstöd
896 1924 38 36 åt
961 1928 155 33 enskilda
1142 1927 194 46 jernvägar
1362 1927 109 37 måste
1499 1931 77 33 med
1602 1928 97 37 lånta
1713 1932 112 34 medel

222 1973 88 46 utgå
337 1975 74 44 och,
440 1975 11 33 i
478 1974 86 45 följd
591 1976 110 43 deraf,
730 1977 84 33 böra
840 1974 45 45 på
911 1976 353 45 Riksgäldskontoret
1291 1980 150 35 anvisas.
1483 1979 142 37 Jemväl
1644 1982 124 44 anslag
1787 1982 39 35 af

224 2027 66 33 den
322 2025 242 35 beskaffenhet
591 2037 71 24 som
690 2027 40 34 de
758 2027 106 35 ofvan
890 2029 160 43 nämnda,
1079 2029 54 34 till
1159 2030 185 35 utförande
1372 2031 39 34 af
1434 2042 70 33 nya
1530 2033 205 43 byggnader
1762 2034 64 34 och

224 2077 258 44 anläggningar
521 2077 60 34 vid
621 2080 133 32 statens
785 2079 108 33 redan
920 2079 212 35 trafikerade
1157 2080 193 45 jernvägar
1376 2083 64 34 och
1466 2082 55 34 till
1546 2083 216 44 uppförande
1790 2084 39 34 af

223 2128 207 43 byggnader
456 2128 11 33 i
495 2130 181 41 qvarteret
703 2127 152 45 Svanen,
883 2130 107 35 hafva
1019 2131 110 34 under
1156 2132 41 33 de
1224 2142 122 25 senare
1373 2130 85 37 åren
1484 2131 44 45 på
1554 2133 272 45 Riksgäldskon-

224 2181 93 32 toret
350 2178 157 36 anvisats
540 2179 63 34 och
635 2180 77 33 med
743 2177 168 46 upplånta
938 2182 112 33 medel
1076 2182 173 34 bestridts.
1304 2183 187 35 Utskottet
1518 2195 103 24 anser
1646 2186 111 35 likväl
1784 2196 43 24 en

226 2229 138 37 skilnad
396 2229 190 35 förefinnas
618 2231 126 33 mellan
776 2241 82 33 nyss
884 2233 151 33 nämnda
1063 2233 123 43 anslag
1213 2234 63 33 och
1304 2235 166 44 anslagen
1498 2235 54 34 till
1580 2236 41 33 de
1649 2236 177 45 egentliga

310 2286 77 31 PBih.
413 2286 52 31 till
487 2286 113 32 Biksd.
626 2287 88 31 Prot.
739 2289 90 29 1881.
877 2289 17 28 4
919 2288 98 32 Saml.
1062 2292 18 28 1
1105 2290 79 40 Afd.
1226 2293 41 29 43
1290 2290 97 42 Häft.
1728 2298 13 25 1
