<?xml version="1.0" encoding="UTF-8"?>
<alto xmlns="http://www.loc.gov/standards/alto/ns-v3#" xmlns:xlink="http://www.w3.org/1999/xlink" xmlns:xsi="http://www.w3.org/2001/XMLSchema-instance" xsi:schemaLocation="http://www.loc.gov/standards/alto/ns-v3# http://www.loc.gov/alto/v3/alto-3-0.xsd">
	<Description>
		<MeasurementUnit>pixel</MeasurementUnit>
		<sourceImageInformation>
			<fileName>/tmp/tess_hvky7zux_input.PNG</fileName>
		</sourceImageInformation>
		<OCRProcessing ID="OCR_0">
			<ocrProcessingStep>
				<processingSoftware>
					<softwareName>tesseract 5.3.0</softwareName>
				</processingSoftware>
			</ocrProcessingStep>
		</OCRProcessing>
	</Description>
	<Layout>
		<Page WIDTH="2236" HEIGHT="2616" PHYSICAL_IMG_NR="0" ID="page_0">
			<PrintSpace HPOS="0" VPOS="0" WIDTH="2236" HEIGHT="2616">
				<ComposedBlock ID="cblock_0" HPOS="196" VPOS="1716" WIDTH="140" HEIGHT="28">
					<TextBlock ID="block_0" HPOS="196" VPOS="1716" WIDTH="140" HEIGHT="28">
						<TextLine ID="line_0" HPOS="196" VPOS="1716" WIDTH="140" HEIGHT="28">
							<String ID="string_0" HPOS="196" VPOS="1716" WIDTH="140" HEIGHT="28" WC="0.86" CONTENT="Utskoltet."/>
						</TextLine>
					</TextBlock>
				</ComposedBlock>
				<ComposedBlock ID="cblock_1" HPOS="388" VPOS="172" WIDTH="1392" HEIGHT="48">
					<TextBlock ID="block_1" HPOS="388" VPOS="172" WIDTH="1392" HEIGHT="48">
						<TextLine ID="line_1" HPOS="388" VPOS="172" WIDTH="1392" HEIGHT="48">
							<String ID="string_1" HPOS="388" VPOS="172" WIDTH="19" HEIGHT="29" WC="0.92" CONTENT="6"/><SP WIDTH="182" VPOS="172" HPOS="407"/>
							<String ID="string_2" HPOS="589" VPOS="175" WIDTH="117" HEIGHT="30" WC="0.96" CONTENT="Andra"/><SP WIDTH="23" VPOS="175" HPOS="706"/>
							<String ID="string_3" HPOS="729" VPOS="176" WIDTH="217" HEIGHT="31" WC="0.96" CONTENT="kammarens"/><SP WIDTH="24" VPOS="176" HPOS="946"/>
							<String ID="string_4" HPOS="970" VPOS="176" WIDTH="127" HEIGHT="35" WC="0.96" CONTENT="första"/><SP WIDTH="26" VPOS="176" HPOS="1097"/>
							<String ID="string_5" HPOS="1123" VPOS="181" WIDTH="172" HEIGHT="39" WC="0.96" CONTENT="tillfälliga"/><SP WIDTH="24" VPOS="181" HPOS="1295"/>
							<String ID="string_6" HPOS="1319" VPOS="182" WIDTH="138" HEIGHT="31" WC="0.95" CONTENT="utskotts"/><SP WIDTH="25" VPOS="182" HPOS="1457"/>
							<String ID="string_7" HPOS="1482" VPOS="184" WIDTH="171" HEIGHT="31" WC="0.96" CONTENT="utlåtande"/><SP WIDTH="24" VPOS="184" HPOS="1653"/>
							<String ID="string_8" HPOS="1677" VPOS="186" WIDTH="50" HEIGHT="30" WC="0.94" CONTENT="Nr"/><SP WIDTH="24" VPOS="186" HPOS="1727"/>
							<String ID="string_9" HPOS="1751" VPOS="189" WIDTH="29" HEIGHT="28" WC="0.94" CONTENT="2."/>
						</TextLine>
					</TextBlock>
				</ComposedBlock>
				<ComposedBlock ID="cblock_2" HPOS="370" VPOS="254" WIDTH="1608" HEIGHT="1391">
					<TextBlock ID="block_2" HPOS="383" VPOS="254" WIDTH="1595" HEIGHT="322">
						<TextLine ID="line_2" HPOS="491" VPOS="254" WIDTH="1487" HEIGHT="57">
							<String ID="string_10" HPOS="491" VPOS="254" WIDTH="58" HEIGHT="35" WC="0.96" CONTENT="Då"/><SP WIDTH="25" VPOS="254" HPOS="549"/>
							<String ID="string_11" HPOS="574" VPOS="254" WIDTH="66" HEIGHT="48" WC="0.96" CONTENT="jag"/><SP WIDTH="27" VPOS="254" HPOS="640"/>
							<String ID="string_12" HPOS="667" VPOS="267" WIDTH="50" HEIGHT="23" WC="0.96" CONTENT="nu"/><SP WIDTH="31" VPOS="267" HPOS="717"/>
							<String ID="string_13" HPOS="748" VPOS="256" WIDTH="101" HEIGHT="36" WC="0.96" CONTENT="detta"/><SP WIDTH="29" VPOS="256" HPOS="849"/>
							<String ID="string_14" HPOS="878" VPOS="256" WIDTH="65" HEIGHT="37" WC="0.96" CONTENT="allt"/><SP WIDTH="27" VPOS="256" HPOS="943"/>
							<String ID="string_15" HPOS="970" VPOS="257" WIDTH="128" HEIGHT="38" WC="0.96" CONTENT="oaktat"/><SP WIDTH="28" VPOS="257" HPOS="1098"/>
							<String ID="string_16" HPOS="1126" VPOS="262" WIDTH="94" HEIGHT="46" WC="0.96" CONTENT="ånyo"/><SP WIDTH="30" VPOS="262" HPOS="1220"/>
							<String ID="string_17" HPOS="1250" VPOS="261" WIDTH="138" HEIGHT="37" WC="0.96" CONTENT="väcker"/><SP WIDTH="27" VPOS="261" HPOS="1388"/>
							<String ID="string_18" HPOS="1415" VPOS="263" WIDTH="138" HEIGHT="37" WC="0.96" CONTENT="motion"/><SP WIDTH="28" VPOS="263" HPOS="1553"/>
							<String ID="string_19" HPOS="1581" VPOS="265" WIDTH="13" HEIGHT="35" WC="0.96" CONTENT="i"/><SP WIDTH="29" VPOS="265" HPOS="1594"/>
							<String ID="string_20" HPOS="1623" VPOS="270" WIDTH="135" HEIGHT="41" WC="0.96" CONTENT="ämnet,"/><SP WIDTH="36" VPOS="270" HPOS="1758"/>
							<String ID="string_21" HPOS="1794" VPOS="269" WIDTH="104" HEIGHT="35" WC="0.96" CONTENT="torde"/><SP WIDTH="35" VPOS="269" HPOS="1898"/>
							<String ID="string_22" HPOS="1933" VPOS="270" WIDTH="45" HEIGHT="35" WC="0.96" CONTENT="de"/>
						</TextLine>
						<TextLine ID="line_3" HPOS="386" VPOS="307" WIDTH="1592" HEIGHT="60">
							<String ID="string_23" HPOS="386" VPOS="307" WIDTH="80" HEIGHT="35" WC="0.96" CONTENT="skäl"/><SP WIDTH="28" VPOS="307" HPOS="466"/>
							<String ID="string_24" HPOS="494" VPOS="307" WIDTH="57" HEIGHT="36" WC="0.96" CONTENT="för"/><SP WIDTH="28" VPOS="307" HPOS="551"/>
							<String ID="string_25" HPOS="579" VPOS="307" WIDTH="138" HEIGHT="48" WC="0.96" CONTENT="avslag,"/><SP WIDTH="31" VPOS="307" HPOS="717"/>
							<String ID="string_26" HPOS="748" VPOS="321" WIDTH="78" HEIGHT="24" WC="0.96" CONTENT="som"/><SP WIDTH="30" VPOS="321" HPOS="826"/>
							<String ID="string_27" HPOS="856" VPOS="310" WIDTH="181" HEIGHT="38" WC="0.96" CONTENT="utskottet"/><SP WIDTH="28" VPOS="310" HPOS="1037"/>
							<String ID="string_28" HPOS="1065" VPOS="315" WIDTH="47" HEIGHT="46" WC="0.96" CONTENT="på"/><SP WIDTH="29" VPOS="315" HPOS="1112"/>
							<String ID="string_29" HPOS="1141" VPOS="314" WIDTH="57" HEIGHT="36" WC="0.96" CONTENT="sin"/><SP WIDTH="27" VPOS="314" HPOS="1198"/>
							<String ID="string_30" HPOS="1225" VPOS="315" WIDTH="56" HEIGHT="36" WC="0.96" CONTENT="tid"/><SP WIDTH="28" VPOS="315" HPOS="1281"/>
							<String ID="string_31" HPOS="1309" VPOS="315" WIDTH="209" HEIGHT="46" WC="0.96" CONTENT="framförde,"/><SP WIDTH="30" VPOS="315" HPOS="1518"/>
							<String ID="string_32" HPOS="1548" VPOS="317" WIDTH="88" HEIGHT="37" WC="0.96" CONTENT="böra"/><SP WIDTH="28" VPOS="317" HPOS="1636"/>
							<String ID="string_33" HPOS="1664" VPOS="322" WIDTH="114" HEIGHT="45" WC="0.96" CONTENT="något"/><SP WIDTH="32" VPOS="322" HPOS="1778"/>
							<String ID="string_34" HPOS="1810" VPOS="327" WIDTH="168" HEIGHT="31" WC="0.95" CONTENT="närmare"/>
						</TextLine>
						<TextLine ID="line_4" HPOS="386" VPOS="360" WIDTH="1592" HEIGHT="64">
							<String ID="string_35" HPOS="386" VPOS="360" WIDTH="190" HEIGHT="47" WC="0.93" CONTENT="granskas."/><SP WIDTH="57" VPOS="360" HPOS="576"/>
							<String ID="string_36" HPOS="633" VPOS="362" WIDTH="106" HEIGHT="36" WC="0.93" CONTENT="Först"/><SP WIDTH="28" VPOS="362" HPOS="739"/>
							<String ID="string_37" HPOS="767" VPOS="366" WIDTH="60" HEIGHT="33" WC="0.96" CONTENT="må"/><SP WIDTH="29" VPOS="366" HPOS="827"/>
							<String ID="string_38" HPOS="856" VPOS="365" WIDTH="204" HEIGHT="37" WC="0.96" CONTENT="emellertid"/><SP WIDTH="28" VPOS="365" HPOS="1060"/>
							<String ID="string_39" HPOS="1088" VPOS="367" WIDTH="225" HEIGHT="47" WC="0.96" CONTENT="framhållas,"/><SP WIDTH="19" VPOS="367" HPOS="1313"/>
							<String ID="string_40" HPOS="1332" VPOS="373" WIDTH="54" HEIGHT="33" WC="0.96" CONTENT="att"/><SP WIDTH="28" VPOS="373" HPOS="1386"/>
							<String ID="string_41" HPOS="1414" VPOS="371" WIDTH="187" HEIGHT="36" WC="0.94" CONTENT="motionen"/><SP WIDTH="29" VPOS="371" HPOS="1601"/>
							<String ID="string_42" HPOS="1630" VPOS="373" WIDTH="32" HEIGHT="48" WC="0.94" CONTENT="ej"/><SP WIDTH="32" VPOS="373" HPOS="1662"/>
							<String ID="string_43" HPOS="1694" VPOS="376" WIDTH="114" HEIGHT="46" WC="0.95" CONTENT="avsåg"/><SP WIDTH="19" VPOS="376" HPOS="1808"/>
							<String ID="string_44" HPOS="1827" VPOS="387" WIDTH="47" HEIGHT="24" WC="0.93" CONTENT="en"/><SP WIDTH="19" VPOS="387" HPOS="1874"/>
							<String ID="string_45" HPOS="1893" VPOS="382" WIDTH="85" HEIGHT="42" WC="0.90" CONTENT="väg-"/>
						</TextLine>
						<TextLine ID="line_5" HPOS="385" VPOS="415" WIDTH="1592" HEIGHT="55">
							<String ID="string_46" HPOS="385" VPOS="415" WIDTH="103" HEIGHT="46" WC="0.95" CONTENT="fråga"/><SP WIDTH="39" VPOS="415" HPOS="488"/>
							<String ID="string_47" HPOS="527" VPOS="418" WIDTH="91" HEIGHT="33" WC="0.96" CONTENT="utan"/><SP WIDTH="33" VPOS="418" HPOS="618"/>
							<String ID="string_48" HPOS="651" VPOS="427" WIDTH="47" HEIGHT="24" WC="0.96" CONTENT="en"/><SP WIDTH="36" VPOS="427" HPOS="698"/>
							<String ID="string_49" HPOS="734" VPOS="428" WIDTH="68" HEIGHT="24" WC="0.93" CONTENT="ren"/><SP WIDTH="28" VPOS="428" HPOS="802"/>
							<String ID="string_50" HPOS="830" VPOS="417" WIDTH="243" HEIGHT="50" WC="0.92" CONTENT="kulturfråga,"/><SP WIDTH="31" VPOS="417" HPOS="1073"/>
							<String ID="string_51" HPOS="1104" VPOS="421" WIDTH="13" HEIGHT="35" WC="0.96" CONTENT="i"/><SP WIDTH="27" VPOS="421" HPOS="1117"/>
							<String ID="string_52" HPOS="1144" VPOS="421" WIDTH="92" HEIGHT="49" WC="0.96" CONTENT="följd"/><SP WIDTH="28" VPOS="421" HPOS="1236"/>
							<String ID="string_53" HPOS="1264" VPOS="435" WIDTH="113" HEIGHT="24" WC="0.93" CONTENT="varav"/><SP WIDTH="29" VPOS="435" HPOS="1377"/>
							<String ID="string_54" HPOS="1406" VPOS="424" WIDTH="280" HEIGHT="38" WC="0.92" CONTENT="remitterandet"/><SP WIDTH="28" VPOS="424" HPOS="1686"/>
							<String ID="string_55" HPOS="1714" VPOS="440" WIDTH="46" HEIGHT="23" WC="0.96" CONTENT="av"/><SP WIDTH="29" VPOS="440" HPOS="1760"/>
							<String ID="string_56" HPOS="1789" VPOS="429" WIDTH="188" HEIGHT="37" WC="0.96" CONTENT="motionen"/>
						</TextLine>
						<TextLine ID="line_6" HPOS="385" VPOS="468" WIDTH="1591" HEIGHT="54">
							<String ID="string_57" HPOS="385" VPOS="468" WIDTH="56" HEIGHT="35" WC="0.96" CONTENT="till"/><SP WIDTH="29" VPOS="468" HPOS="441"/>
							<String ID="string_58" HPOS="470" VPOS="469" WIDTH="115" HEIGHT="35" WC="0.96" CONTENT="andra"/><SP WIDTH="28" VPOS="469" HPOS="585"/>
							<String ID="string_59" HPOS="613" VPOS="468" WIDTH="236" HEIGHT="39" WC="0.96" CONTENT="kammarens"/><SP WIDTH="28" VPOS="468" HPOS="849"/>
							<String ID="string_60" HPOS="877" VPOS="472" WIDTH="117" HEIGHT="49" WC="0.96" CONTENT="tredje"/><SP WIDTH="28" VPOS="472" HPOS="994"/>
							<String ID="string_61" HPOS="1022" VPOS="474" WIDTH="187" HEIGHT="48" WC="0.96" CONTENT="tillfälliga"/><SP WIDTH="29" VPOS="474" HPOS="1209"/>
							<String ID="string_62" HPOS="1238" VPOS="476" WIDTH="155" HEIGHT="46" WC="0.96" CONTENT="utskott,"/><SP WIDTH="31" VPOS="476" HPOS="1393"/>
							<String ID="string_63" HPOS="1424" VPOS="490" WIDTH="76" HEIGHT="24" WC="0.96" CONTENT="som"/><SP WIDTH="29" VPOS="490" HPOS="1500"/>
							<String ID="string_64" HPOS="1529" VPOS="479" WIDTH="262" HEIGHT="39" WC="0.93" CONTENT="företrädesvis"/><SP WIDTH="24" VPOS="479" HPOS="1791"/>
							<String ID="string_65" HPOS="1815" VPOS="481" WIDTH="161" HEIGHT="39" WC="0.92" CONTENT="behand-"/>
						</TextLine>
						<TextLine ID="line_7" HPOS="383" VPOS="521" WIDTH="866" HEIGHT="55">
							<String ID="string_66" HPOS="383" VPOS="521" WIDTH="55" HEIGHT="36" WC="0.93" CONTENT="lar"/><SP WIDTH="27" VPOS="521" HPOS="438"/>
							<String ID="string_67" HPOS="465" VPOS="521" WIDTH="477" HEIGHT="52" WC="0.91" CONTENT="kommunikationsfrågor,"/><SP WIDTH="31" VPOS="521" HPOS="942"/>
							<String ID="string_68" HPOS="973" VPOS="539" WIDTH="66" HEIGHT="24" WC="0.96" CONTENT="var"/><SP WIDTH="27" VPOS="539" HPOS="1039"/>
							<String ID="string_69" HPOS="1066" VPOS="528" WIDTH="183" HEIGHT="48" WC="0.96" CONTENT="felaktigt."/>
						</TextLine>
					</TextBlock>
					<TextBlock ID="block_3" HPOS="375" VPOS="576" WIDTH="1601" HEIGHT="745">
						<TextLine ID="line_8" HPOS="488" VPOS="576" WIDTH="1488" HEIGHT="59">
							<String ID="string_70" HPOS="488" VPOS="576" WIDTH="131" HEIGHT="36" WC="0.95" CONTENT="Ehuru"/><SP WIDTH="41" VPOS="576" HPOS="619"/>
							<String ID="string_71" HPOS="660" VPOS="577" WIDTH="184" HEIGHT="38" WC="0.95" CONTENT="utskottet"/><SP WIDTH="41" VPOS="577" HPOS="844"/>
							<String ID="string_72" HPOS="885" VPOS="579" WIDTH="14" HEIGHT="35" WC="0.96" CONTENT="i"/><SP WIDTH="36" VPOS="579" HPOS="899"/>
							<String ID="string_73" HPOS="935" VPOS="580" WIDTH="67" HEIGHT="36" WC="0.96" CONTENT="allt"/><SP WIDTH="28" VPOS="580" HPOS="1002"/>
							<String ID="string_74" HPOS="1030" VPOS="582" WIDTH="202" HEIGHT="48" WC="0.96" CONTENT="väsentligt"/><SP WIDTH="23" VPOS="582" HPOS="1232"/>
							<String ID="string_75" HPOS="1255" VPOS="583" WIDTH="107" HEIGHT="48" WC="0.96" CONTENT="gillat"/><SP WIDTH="29" VPOS="583" HPOS="1362"/>
							<String ID="string_76" HPOS="1391" VPOS="585" WIDTH="75" HEIGHT="36" WC="0.96" CONTENT="min"/><SP WIDTH="29" VPOS="585" HPOS="1466"/>
							<String ID="string_77" HPOS="1495" VPOS="587" WIDTH="222" HEIGHT="48" WC="0.95" CONTENT="motivering"/><SP WIDTH="28" VPOS="587" HPOS="1717"/>
							<String ID="string_78" HPOS="1745" VPOS="589" WIDTH="13" HEIGHT="35" WC="0.96" CONTENT="i"/><SP WIDTH="29" VPOS="589" HPOS="1758"/>
							<String ID="string_79" HPOS="1787" VPOS="590" WIDTH="189" HEIGHT="36" WC="0.96" CONTENT="motionen"/>
						</TextLine>
						<TextLine ID="line_9" HPOS="384" VPOS="629" WIDTH="1592" HEIGHT="60">
							<String ID="string_80" HPOS="384" VPOS="632" WIDTH="94" HEIGHT="33" WC="0.96" CONTENT="samt"/><SP WIDTH="39" VPOS="632" HPOS="478"/>
							<String ID="string_81" HPOS="517" VPOS="629" WIDTH="13" HEIGHT="36" WC="0.96" CONTENT="i"/><SP WIDTH="39" VPOS="629" HPOS="530"/>
							<String ID="string_82" HPOS="569" VPOS="630" WIDTH="120" HEIGHT="37" WC="0.95" CONTENT="likhet"/><SP WIDTH="41" VPOS="630" HPOS="689"/>
							<String ID="string_83" HPOS="730" VPOS="633" WIDTH="85" HEIGHT="35" WC="0.96" CONTENT="med"/><SP WIDTH="43" VPOS="633" HPOS="815"/>
							<String ID="string_84" HPOS="858" VPOS="632" WIDTH="75" HEIGHT="48" WC="0.92" CONTENT="mig"/><SP WIDTH="40" VPOS="632" HPOS="933"/>
							<String ID="string_85" HPOS="973" VPOS="633" WIDTH="178" HEIGHT="50" WC="0.92" CONTENT="beklagat"/><SP WIDTH="28" VPOS="633" HPOS="1151"/>
							<String ID="string_86" HPOS="1179" VPOS="637" WIDTH="73" HEIGHT="36" WC="0.96" CONTENT="den"/><SP WIDTH="28" VPOS="637" HPOS="1252"/>
							<String ID="string_87" HPOS="1280" VPOS="639" WIDTH="166" HEIGHT="36" WC="0.96" CONTENT="vanvård"/><SP WIDTH="28" VPOS="639" HPOS="1446"/>
							<String ID="string_88" HPOS="1474" VPOS="640" WIDTH="69" HEIGHT="36" WC="0.96" CONTENT="och"/><SP WIDTH="29" VPOS="640" HPOS="1543"/>
							<String ID="string_89" HPOS="1572" VPOS="641" WIDTH="72" HEIGHT="36" WC="0.96" CONTENT="den"/><SP WIDTH="28" VPOS="641" HPOS="1644"/>
							<String ID="string_90" HPOS="1672" VPOS="643" WIDTH="219" HEIGHT="46" WC="0.96" CONTENT="vandalism,"/><SP WIDTH="29" VPOS="643" HPOS="1891"/>
							<String ID="string_91" HPOS="1920" VPOS="644" WIDTH="56" HEIGHT="37" WC="0.97" CONTENT="för"/>
						</TextLine>
						<TextLine ID="line_10" HPOS="384" VPOS="682" WIDTH="1591" HEIGHT="59">
							<String ID="string_92" HPOS="384" VPOS="682" WIDTH="125" HEIGHT="37" WC="0.96" CONTENT="vilken"/><SP WIDTH="39" VPOS="682" HPOS="509"/>
							<String ID="string_93" HPOS="548" VPOS="686" WIDTH="158" HEIGHT="45" WC="0.96" CONTENT="mången"/><SP WIDTH="38" VPOS="686" HPOS="706"/>
							<String ID="string_94" HPOS="744" VPOS="687" WIDTH="162" HEIGHT="45" WC="0.94" CONTENT="gammal"/><SP WIDTH="37" VPOS="687" HPOS="906"/>
							<String ID="string_95" HPOS="943" VPOS="687" WIDTH="196" HEIGHT="49" WC="0.94" CONTENT="milstolpe,"/><SP WIDTH="40" VPOS="687" HPOS="1139"/>
							<String ID="string_96" HPOS="1179" VPOS="702" WIDTH="75" HEIGHT="24" WC="0.96" CONTENT="som"/><SP WIDTH="41" VPOS="702" HPOS="1254"/>
							<String ID="string_97" HPOS="1295" VPOS="692" WIDTH="96" HEIGHT="36" WC="0.94" CONTENT="varit"/><SP WIDTH="27" VPOS="692" HPOS="1391"/>
							<String ID="string_98" HPOS="1418" VPOS="694" WIDTH="91" HEIGHT="35" WC="0.96" CONTENT="värd"/><SP WIDTH="29" VPOS="694" HPOS="1509"/>
							<String ID="string_99" HPOS="1538" VPOS="697" WIDTH="53" HEIGHT="33" WC="0.96" CONTENT="ett"/><SP WIDTH="27" VPOS="697" HPOS="1591"/>
							<String ID="string_100" HPOS="1618" VPOS="695" WIDTH="119" HEIGHT="36" WC="0.96" CONTENT="bättre"/><SP WIDTH="31" VPOS="695" HPOS="1737"/>
							<String ID="string_101" HPOS="1768" VPOS="697" WIDTH="80" HEIGHT="44" WC="0.95" CONTENT="öde,"/><SP WIDTH="31" VPOS="697" HPOS="1848"/>
							<String ID="string_102" HPOS="1879" VPOS="699" WIDTH="96" HEIGHT="37" WC="0.95" CONTENT="varit"/>
						</TextLine>
						<TextLine ID="line_11" HPOS="382" VPOS="736" WIDTH="1593" HEIGHT="58">
							<String ID="string_103" HPOS="382" VPOS="739" WIDTH="116" HEIGHT="34" WC="0.96" CONTENT="utsatt"/><SP WIDTH="27" VPOS="739" HPOS="498"/>
							<String ID="string_104" HPOS="525" VPOS="736" WIDTH="14" HEIGHT="36" WC="0.96" CONTENT="i"/><SP WIDTH="27" VPOS="736" HPOS="539"/>
							<String ID="string_105" HPOS="566" VPOS="739" WIDTH="82" HEIGHT="35" WC="0.96" CONTENT="vårt"/><SP WIDTH="26" VPOS="739" HPOS="648"/>
							<String ID="string_106" HPOS="674" VPOS="739" WIDTH="100" HEIGHT="44" WC="0.96" CONTENT="land,"/><SP WIDTH="32" VPOS="739" HPOS="774"/>
							<String ID="string_107" HPOS="806" VPOS="739" WIDTH="165" HEIGHT="38" WC="0.96" CONTENT="kommer"/><SP WIDTH="29" VPOS="739" HPOS="971"/>
							<String ID="string_108" HPOS="1000" VPOS="742" WIDTH="96" HEIGHT="36" WC="0.96" CONTENT="dock"/><SP WIDTH="28" VPOS="742" HPOS="1096"/>
							<String ID="string_109" HPOS="1124" VPOS="744" WIDTH="183" HEIGHT="37" WC="0.96" CONTENT="utskottet"/><SP WIDTH="28" VPOS="744" HPOS="1307"/>
							<String ID="string_110" HPOS="1335" VPOS="745" WIDTH="57" HEIGHT="36" WC="0.95" CONTENT="till"/><SP WIDTH="29" VPOS="745" HPOS="1392"/>
							<String ID="string_111" HPOS="1421" VPOS="746" WIDTH="62" HEIGHT="36" WC="0.96" CONTENT="det"/><SP WIDTH="27" VPOS="746" HPOS="1483"/>
							<String ID="string_112" HPOS="1510" VPOS="748" WIDTH="205" HEIGHT="46" WC="0.96" CONTENT="resultatet,"/><SP WIDTH="31" VPOS="748" HPOS="1715"/>
							<String ID="string_113" HPOS="1746" VPOS="752" WIDTH="55" HEIGHT="34" WC="0.96" CONTENT="att"/><SP WIDTH="28" VPOS="752" HPOS="1801"/>
							<String ID="string_114" HPOS="1829" VPOS="750" WIDTH="65" HEIGHT="37" WC="0.95" CONTENT="allt"/><SP WIDTH="23" VPOS="750" HPOS="1894"/>
							<String ID="string_115" HPOS="1917" VPOS="752" WIDTH="58" HEIGHT="36" WC="0.96" CONTENT="till"/>
						</TextLine>
						<TextLine ID="line_12" HPOS="383" VPOS="790" WIDTH="1592" HEIGHT="58">
							<String ID="string_116" HPOS="383" VPOS="791" WIDTH="73" HEIGHT="35" WC="0.96" CONTENT="slut"/><SP WIDTH="26" VPOS="791" HPOS="456"/>
							<String ID="string_117" HPOS="482" VPOS="802" WIDTH="75" HEIGHT="36" WC="0.96" CONTENT="nog"/><SP WIDTH="28" VPOS="802" HPOS="557"/>
							<String ID="string_118" HPOS="585" VPOS="790" WIDTH="167" HEIGHT="38" WC="0.95" CONTENT="kommer"/><SP WIDTH="28" VPOS="790" HPOS="752"/>
							<String ID="string_119" HPOS="780" VPOS="796" WIDTH="55" HEIGHT="33" WC="0.96" CONTENT="att"/><SP WIDTH="28" VPOS="796" HPOS="835"/>
							<String ID="string_120" HPOS="863" VPOS="795" WIDTH="113" HEIGHT="35" WC="0.96" CONTENT="ordna"/><SP WIDTH="29" VPOS="795" HPOS="976"/>
							<String ID="string_121" HPOS="1005" VPOS="796" WIDTH="58" HEIGHT="46" WC="0.96" CONTENT="sig"/><SP WIDTH="29" VPOS="796" HPOS="1063"/>
							<String ID="string_122" HPOS="1092" VPOS="796" WIDTH="110" HEIGHT="49" WC="0.96" CONTENT="självt"/><SP WIDTH="27" VPOS="796" HPOS="1202"/>
							<String ID="string_123" HPOS="1229" VPOS="798" WIDTH="87" HEIGHT="36" WC="0.96" CONTENT="tack"/><SP WIDTH="29" VPOS="798" HPOS="1316"/>
							<String ID="string_124" HPOS="1345" VPOS="811" WIDTH="86" HEIGHT="24" WC="0.96" CONTENT="vare"/><SP WIDTH="29" VPOS="811" HPOS="1431"/>
							<String ID="string_125" HPOS="1460" VPOS="801" WIDTH="329" HEIGHT="47" WC="0.96" CONTENT="myndigheternas"/><SP WIDTH="31" VPOS="801" HPOS="1789"/>
							<String ID="string_126" HPOS="1820" VPOS="805" WIDTH="68" HEIGHT="35" WC="0.93" CONTENT="och"/><SP WIDTH="29" VPOS="805" HPOS="1888"/>
							<String ID="string_127" HPOS="1917" VPOS="817" WIDTH="58" HEIGHT="24" WC="0.87" CONTENT="en-"/>
						</TextLine>
						<TextLine ID="line_13" HPOS="381" VPOS="843" WIDTH="1592" HEIGHT="64">
							<String ID="string_128" HPOS="381" VPOS="843" WIDTH="140" HEIGHT="37" WC="0.91" CONTENT="skildas"/><SP WIDTH="42" VPOS="843" HPOS="521"/>
							<String ID="string_129" HPOS="563" VPOS="844" WIDTH="156" HEIGHT="37" WC="0.96" CONTENT="intresse"/><SP WIDTH="44" VPOS="844" HPOS="719"/>
							<String ID="string_130" HPOS="763" VPOS="846" WIDTH="57" HEIGHT="37" WC="0.96" CONTENT="för"/><SP WIDTH="33" VPOS="846" HPOS="820"/>
							<String ID="string_131" HPOS="853" VPOS="848" WIDTH="125" HEIGHT="36" WC="0.95" CONTENT="saken."/><SP WIDTH="57" VPOS="848" HPOS="978"/>
							<String ID="string_132" HPOS="1035" VPOS="850" WIDTH="57" HEIGHT="45" WC="0.96" CONTENT="Ja,"/><SP WIDTH="30" VPOS="850" HPOS="1092"/>
							<String ID="string_133" HPOS="1122" VPOS="851" WIDTH="184" HEIGHT="37" WC="0.96" CONTENT="utskottet"/><SP WIDTH="28" VPOS="851" HPOS="1306"/>
							<String ID="string_134" HPOS="1334" VPOS="855" WIDTH="66" HEIGHT="45" WC="0.96" CONTENT="går"/><SP WIDTH="28" VPOS="855" HPOS="1400"/>
							<String ID="string_135" HPOS="1428" VPOS="855" WIDTH="39" HEIGHT="34" WC="0.96" CONTENT="så"/><SP WIDTH="28" VPOS="855" HPOS="1467"/>
							<String ID="string_136" HPOS="1495" VPOS="854" WIDTH="105" HEIGHT="47" WC="0.96" CONTENT="långt"/><SP WIDTH="28" VPOS="854" HPOS="1600"/>
							<String ID="string_137" HPOS="1628" VPOS="858" WIDTH="54" HEIGHT="33" WC="0.96" CONTENT="att"/><SP WIDTH="28" VPOS="858" HPOS="1682"/>
							<String ID="string_138" HPOS="1710" VPOS="857" WIDTH="46" HEIGHT="35" WC="0.95" CONTENT="de"/><SP WIDTH="28" VPOS="857" HPOS="1756"/>
							<String ID="string_139" HPOS="1784" VPOS="857" WIDTH="13" HEIGHT="36" WC="0.96" CONTENT="i"/><SP WIDTH="27" VPOS="857" HPOS="1797"/>
							<String ID="string_140" HPOS="1824" VPOS="858" WIDTH="149" HEIGHT="49" WC="0.91" CONTENT="tillstyr-"/>
						</TextLine>
						<TextLine ID="line_14" HPOS="383" VPOS="897" WIDTH="1591" HEIGHT="51">
							<String ID="string_141" HPOS="383" VPOS="897" WIDTH="122" HEIGHT="36" WC="0.96" CONTENT="kande"/><SP WIDTH="28" VPOS="897" HPOS="505"/>
							<String ID="string_142" HPOS="533" VPOS="898" WIDTH="169" HEIGHT="48" WC="0.96" CONTENT="riktning"/><SP WIDTH="28" VPOS="898" HPOS="702"/>
							<String ID="string_143" HPOS="730" VPOS="900" WIDTH="115" HEIGHT="47" WC="0.96" CONTENT="givna"/><SP WIDTH="28" VPOS="900" HPOS="845"/>
							<String ID="string_144" HPOS="873" VPOS="902" WIDTH="218" HEIGHT="37" WC="0.95" CONTENT="uttalanden"/><SP WIDTH="29" VPOS="902" HPOS="1091"/>
							<String ID="string_145" HPOS="1120" VPOS="904" WIDTH="81" HEIGHT="36" WC="0.93" CONTENT="från"/><SP WIDTH="28" VPOS="904" HPOS="1201"/>
							<String ID="string_146" HPOS="1229" VPOS="905" WIDTH="316" HEIGHT="39" WC="0.90" CONTENT="riksantikvarien"/><SP WIDTH="29" VPOS="905" HPOS="1545"/>
							<String ID="string_147" HPOS="1574" VPOS="920" WIDTH="58" HEIGHT="24" WC="0.97" CONTENT="om"/><SP WIDTH="30" VPOS="920" HPOS="1632"/>
							<String ID="string_148" HPOS="1662" VPOS="910" WIDTH="161" HEIGHT="36" WC="0.92" CONTENT="svenska"/><SP WIDTH="28" VPOS="910" HPOS="1823"/>
							<String ID="string_149" HPOS="1851" VPOS="917" WIDTH="123" HEIGHT="31" WC="0.91" CONTENT="natur-"/>
						</TextLine>
						<TextLine ID="line_15" HPOS="381" VPOS="950" WIDTH="1592" HEIGHT="62">
							<String ID="string_150" HPOS="381" VPOS="950" WIDTH="360" HEIGHT="50" WC="0.92" CONTENT="skyddsföreningen"/><SP WIDTH="29" VPOS="950" HPOS="741"/>
							<String ID="string_151" HPOS="770" VPOS="956" WIDTH="191" HEIGHT="35" WC="0.96" CONTENT="användas"/><SP WIDTH="27" VPOS="956" HPOS="961"/>
							<String ID="string_152" HPOS="988" VPOS="968" WIDTH="77" HEIGHT="24" WC="0.96" CONTENT="som"/><SP WIDTH="31" VPOS="968" HPOS="1065"/>
							<String ID="string_153" HPOS="1096" VPOS="958" WIDTH="81" HEIGHT="36" WC="0.96" CONTENT="skäl"/><SP WIDTH="24" VPOS="958" HPOS="1177"/>
							<String ID="string_154" HPOS="1201" VPOS="962" WIDTH="98" HEIGHT="34" WC="0.96" CONTENT="emot"/><SP WIDTH="29" VPOS="962" HPOS="1299"/>
							<String ID="string_155" HPOS="1328" VPOS="963" WIDTH="54" HEIGHT="33" WC="0.96" CONTENT="att"/><SP WIDTH="27" VPOS="963" HPOS="1382"/>
							<String ID="string_156" HPOS="1409" VPOS="963" WIDTH="114" HEIGHT="45" WC="0.96" CONTENT="något"/><SP WIDTH="27" VPOS="963" HPOS="1523"/>
							<String ID="string_157" HPOS="1550" VPOS="962" WIDTH="82" HEIGHT="36" WC="0.96" CONTENT="från"/><SP WIDTH="18" VPOS="962" HPOS="1632"/>
							<String ID="string_158" HPOS="1650" VPOS="963" WIDTH="222" HEIGHT="49" WC="0.95" CONTENT="riksdagens"/><SP WIDTH="21" VPOS="963" HPOS="1872"/>
							<String ID="string_159" HPOS="1893" VPOS="966" WIDTH="80" HEIGHT="36" WC="0.96" CONTENT="sida"/>
						</TextLine>
						<TextLine ID="line_16" HPOS="380" VPOS="1004" WIDTH="1593" HEIGHT="59">
							<String ID="string_160" HPOS="380" VPOS="1004" WIDTH="95" HEIGHT="36" WC="0.92" CONTENT="skall"/><SP WIDTH="29" VPOS="1004" HPOS="475"/>
							<String ID="string_161" HPOS="504" VPOS="1008" WIDTH="157" HEIGHT="44" WC="0.89" CONTENT="åtgöras."/><SP WIDTH="59" VPOS="1008" HPOS="661"/>
							<String ID="string_162" HPOS="720" VPOS="1007" WIDTH="159" HEIGHT="38" WC="0.83" CONTENT="BSärskilt"/><SP WIDTH="27" VPOS="1007" HPOS="879"/>
							<String ID="string_163" HPOS="906" VPOS="1009" WIDTH="186" HEIGHT="37" WC="0.96" CONTENT="förefaller"/><SP WIDTH="27" VPOS="1009" HPOS="1092"/>
							<String ID="string_164" HPOS="1119" VPOS="1012" WIDTH="201" HEIGHT="38" WC="0.96" CONTENT="utskottets"/><SP WIDTH="28" VPOS="1012" HPOS="1320"/>
							<String ID="string_165" HPOS="1348" VPOS="1026" WIDTH="245" HEIGHT="37" WC="0.96" CONTENT="resonemang"/><SP WIDTH="27" VPOS="1026" HPOS="1593"/>
							<String ID="string_166" HPOS="1620" VPOS="1018" WIDTH="158" HEIGHT="35" WC="0.96" CONTENT="rörande"/><SP WIDTH="34" VPOS="1018" HPOS="1778"/>
							<String ID="string_167" HPOS="1812" VPOS="1020" WIDTH="161" HEIGHT="35" WC="0.96" CONTENT="svenska"/>
						</TextLine>
						<TextLine ID="line_17" HPOS="379" VPOS="1059" WIDTH="1593" HEIGHT="59">
							<String ID="string_168" HPOS="379" VPOS="1059" WIDTH="492" HEIGHT="50" WC="0.90" CONTENT="naturskyddsföreningens"/><SP WIDTH="28" VPOS="1059" HPOS="871"/>
							<String ID="string_169" HPOS="899" VPOS="1064" WIDTH="192" HEIGHT="36" WC="0.96" CONTENT="utlåtande"/><SP WIDTH="30" VPOS="1064" HPOS="1091"/>
							<String ID="string_170" HPOS="1121" VPOS="1066" WIDTH="254" HEIGHT="48" WC="0.95" CONTENT="egendomligt"/><SP WIDTH="26" VPOS="1066" HPOS="1375"/>
							<String ID="string_171" HPOS="1401" VPOS="1068" WIDTH="57" HEIGHT="36" WC="0.96" CONTENT="för"/><SP WIDTH="28" VPOS="1068" HPOS="1458"/>
							<String ID="string_172" HPOS="1486" VPOS="1071" WIDTH="55" HEIGHT="33" WC="0.97" CONTENT="att"/><SP WIDTH="27" VPOS="1071" HPOS="1541"/>
							<String ID="string_173" HPOS="1568" VPOS="1069" WIDTH="32" HEIGHT="49" WC="0.96" CONTENT="ej"/><SP WIDTH="31" VPOS="1069" HPOS="1600"/>
							<String ID="string_174" HPOS="1631" VPOS="1075" WIDTH="89" HEIGHT="42" WC="0.96" CONTENT="säga"/><SP WIDTH="19" VPOS="1075" HPOS="1720"/>
							<String ID="string_175" HPOS="1739" VPOS="1072" WIDTH="95" HEIGHT="36" WC="0.91" CONTENT="hårt."/><SP WIDTH="48" VPOS="1072" HPOS="1834"/>
							<String ID="string_176" HPOS="1882" VPOS="1073" WIDTH="90" HEIGHT="36" WC="0.91" CONTENT="Där-"/>
						</TextLine>
						<TextLine ID="line_18" HPOS="378" VPOS="1111" WIDTH="1595" HEIGHT="63">
							<String ID="string_177" HPOS="378" VPOS="1111" WIDTH="56" HEIGHT="36" WC="0.96" CONTENT="för"/><SP WIDTH="41" VPOS="1111" HPOS="434"/>
							<String ID="string_178" HPOS="475" VPOS="1116" WIDTH="55" HEIGHT="32" WC="0.96" CONTENT="att"/><SP WIDTH="27" VPOS="1116" HPOS="530"/>
							<String ID="string_179" HPOS="557" VPOS="1114" WIDTH="160" HEIGHT="36" WC="0.92" CONTENT="svenska"/><SP WIDTH="28" VPOS="1114" HPOS="717"/>
							<String ID="string_180" HPOS="745" VPOS="1115" WIDTH="475" HEIGHT="51" WC="0.91" CONTENT="naturskyddsföreningen"/><SP WIDTH="27" VPOS="1115" HPOS="1220"/>
							<String ID="string_181" HPOS="1247" VPOS="1119" WIDTH="14" HEIGHT="36" WC="0.95" CONTENT="i"/><SP WIDTH="29" VPOS="1119" HPOS="1261"/>
							<String ID="string_182" HPOS="1290" VPOS="1121" WIDTH="65" HEIGHT="36" WC="0.95" CONTENT="sitt"/><SP WIDTH="28" VPOS="1121" HPOS="1355"/>
							<String ID="string_183" HPOS="1383" VPOS="1121" WIDTH="172" HEIGHT="37" WC="0.96" CONTENT="officiella"/><SP WIDTH="28" VPOS="1121" HPOS="1555"/>
							<String ID="string_184" HPOS="1583" VPOS="1124" WIDTH="192" HEIGHT="36" WC="0.96" CONTENT="utlåtande"/><SP WIDTH="29" VPOS="1124" HPOS="1775"/>
							<String ID="string_185" HPOS="1804" VPOS="1129" WIDTH="83" HEIGHT="44" WC="0.96" CONTENT="sagt"/><SP WIDTH="29" VPOS="1129" HPOS="1887"/>
							<String ID="string_186" HPOS="1916" VPOS="1126" WIDTH="57" HEIGHT="48" WC="0.96" CONTENT="sig"/>
						</TextLine>
						<TextLine ID="line_19" HPOS="378" VPOS="1166" WIDTH="1593" HEIGHT="58">
							<String ID="string_187" HPOS="378" VPOS="1178" WIDTH="87" HEIGHT="23" WC="0.95" CONTENT="vara"/><SP WIDTH="40" VPOS="1178" HPOS="465"/>
							<String ID="string_188" HPOS="505" VPOS="1166" WIDTH="225" HEIGHT="38" WC="0.95" CONTENT="intresserad"/><SP WIDTH="43" VPOS="1166" HPOS="730"/>
							<String ID="string_189" HPOS="773" VPOS="1181" WIDTH="47" HEIGHT="25" WC="0.95" CONTENT="av"/><SP WIDTH="36" VPOS="1181" HPOS="820"/>
							<String ID="string_190" HPOS="856" VPOS="1169" WIDTH="149" HEIGHT="49" WC="0.95" CONTENT="frågans"/><SP WIDTH="28" VPOS="1169" HPOS="1005"/>
							<String ID="string_191" HPOS="1033" VPOS="1171" WIDTH="149" HEIGHT="49" WC="0.96" CONTENT="lösning"/><SP WIDTH="27" VPOS="1171" HPOS="1182"/>
							<String ID="string_192" HPOS="1209" VPOS="1185" WIDTH="131" HEIGHT="36" WC="0.96" CONTENT="passar"/><SP WIDTH="26" VPOS="1185" HPOS="1340"/>
							<String ID="string_193" HPOS="1366" VPOS="1175" WIDTH="183" HEIGHT="37" WC="0.96" CONTENT="utskottet"/><SP WIDTH="27" VPOS="1175" HPOS="1549"/>
							<String ID="string_194" HPOS="1576" VPOS="1179" WIDTH="47" HEIGHT="45" WC="0.96" CONTENT="på"/><SP WIDTH="29" VPOS="1179" HPOS="1623"/>
							<String ID="string_195" HPOS="1652" VPOS="1180" WIDTH="54" HEIGHT="34" WC="0.96" CONTENT="att"/><SP WIDTH="28" VPOS="1180" HPOS="1706"/>
							<String ID="string_196" HPOS="1734" VPOS="1178" WIDTH="90" HEIGHT="36" WC="0.96" CONTENT="söka"/><SP WIDTH="30" VPOS="1178" HPOS="1824"/>
							<String ID="string_197" HPOS="1854" VPOS="1180" WIDTH="117" HEIGHT="36" WC="0.96" CONTENT="vältra"/>
						</TextLine>
						<TextLine ID="line_20" HPOS="377" VPOS="1222" WIDTH="1594" HEIGHT="59">
							<String ID="string_198" HPOS="377" VPOS="1222" WIDTH="40" HEIGHT="33" WC="0.96" CONTENT="så"/><SP WIDTH="28" VPOS="1222" HPOS="417"/>
							<String ID="string_199" HPOS="445" VPOS="1223" WIDTH="81" HEIGHT="44" WC="0.96" CONTENT="gott"/><SP WIDTH="28" VPOS="1223" HPOS="526"/>
							<String ID="string_200" HPOS="554" VPOS="1232" WIDTH="77" HEIGHT="25" WC="0.96" CONTENT="som"/><SP WIDTH="29" VPOS="1232" HPOS="631"/>
							<String ID="string_201" HPOS="660" VPOS="1222" WIDTH="84" HEIGHT="36" WC="0.96" CONTENT="hela"/><SP WIDTH="39" VPOS="1222" HPOS="744"/>
							<String ID="string_202" HPOS="783" VPOS="1235" WIDTH="194" HEIGHT="36" WC="0.96" CONTENT="omsorgen"/><SP WIDTH="43" VPOS="1235" HPOS="977"/>
							<String ID="string_203" HPOS="1020" VPOS="1237" WIDTH="58" HEIGHT="24" WC="0.96" CONTENT="om"/><SP WIDTH="44" VPOS="1237" HPOS="1078"/>
							<String ID="string_204" HPOS="1122" VPOS="1226" WIDTH="255" HEIGHT="49" WC="0.82" CONTENT="milstolparna"/><SP WIDTH="42" VPOS="1226" HPOS="1377"/>
							<String ID="string_205" HPOS="1419" VPOS="1231" WIDTH="45" HEIGHT="45" WC="0.96" CONTENT="på"/><SP WIDTH="43" VPOS="1231" HPOS="1464"/>
							<String ID="string_206" HPOS="1507" VPOS="1231" WIDTH="160" HEIGHT="36" WC="0.93" CONTENT="svenska"/><SP WIDTH="37" VPOS="1231" HPOS="1667"/>
							<String ID="string_207" HPOS="1704" VPOS="1232" WIDTH="267" HEIGHT="49" WC="0.82" CONTENT="naturskydds-"/>
						</TextLine>
						<TextLine ID="line_21" HPOS="375" VPOS="1272" WIDTH="229" HEIGHT="49">
							<String ID="string_208" HPOS="375" VPOS="1272" WIDTH="229" HEIGHT="49" WC="0.95" CONTENT="föreningen."/>
						</TextLine>
					</TextBlock>
					<TextBlock ID="block_4" HPOS="373" VPOS="1327" WIDTH="1598" HEIGHT="169">
						<TextLine ID="line_22" HPOS="479" VPOS="1327" WIDTH="1490" HEIGHT="61">
							<String ID="string_209" HPOS="479" VPOS="1327" WIDTH="210" HEIGHT="38" WC="0.96" CONTENT="Utskottets"/><SP WIDTH="29" VPOS="1327" HPOS="689"/>
							<String ID="string_210" HPOS="718" VPOS="1330" WIDTH="13" HEIGHT="35" WC="0.96" CONTENT="i"/><SP WIDTH="29" VPOS="1330" HPOS="731"/>
							<String ID="string_211" HPOS="760" VPOS="1330" WIDTH="114" HEIGHT="36" WC="0.96" CONTENT="slutet"/><SP WIDTH="28" VPOS="1330" HPOS="874"/>
							<String ID="string_212" HPOS="902" VPOS="1344" WIDTH="45" HEIGHT="24" WC="0.96" CONTENT="av"/><SP WIDTH="29" VPOS="1344" HPOS="947"/>
							<String ID="string_213" HPOS="976" VPOS="1332" WIDTH="65" HEIGHT="37" WC="0.96" CONTENT="sitt"/><SP WIDTH="18" VPOS="1332" HPOS="1041"/>
							<String ID="string_214" HPOS="1059" VPOS="1334" WIDTH="192" HEIGHT="36" WC="0.96" CONTENT="utlåtande"/><SP WIDTH="20" VPOS="1334" HPOS="1251"/>
							<String ID="string_215" HPOS="1271" VPOS="1336" WIDTH="167" HEIGHT="36" WC="0.96" CONTENT="uttalade"/><SP WIDTH="15" VPOS="1336" HPOS="1438"/>
							<String ID="string_216" HPOS="1453" VPOS="1337" WIDTH="192" HEIGHT="37" WC="0.96" CONTENT="förmodan"/><SP WIDTH="21" VPOS="1337" HPOS="1645"/>
							<String ID="string_217" HPOS="1666" VPOS="1342" WIDTH="54" HEIGHT="33" WC="0.96" CONTENT="att"/><SP WIDTH="15" VPOS="1342" HPOS="1720"/>
							<String ID="string_218" HPOS="1735" VPOS="1340" WIDTH="234" HEIGHT="48" WC="0.96" CONTENT="Konungens"/>
						</TextLine>
						<TextLine ID="line_23" HPOS="373" VPOS="1379" WIDTH="1598" HEIGHT="63">
							<String ID="string_219" HPOS="373" VPOS="1379" WIDTH="397" HEIGHT="50" WC="0.84" CONTENT="befallningshavande"/><SP WIDTH="46" VPOS="1379" HPOS="770"/>
							<String ID="string_220" HPOS="816" VPOS="1385" WIDTH="123" HEIGHT="36" WC="0.49" CONTENT="»&gt;»torde"/><SP WIDTH="38" VPOS="1385" HPOS="939"/>
							<String ID="string_221" HPOS="977" VPOS="1391" WIDTH="70" HEIGHT="42" WC="0.96" CONTENT="äga"/><SP WIDTH="42" VPOS="1391" HPOS="1047"/>
							<String ID="string_222" HPOS="1089" VPOS="1390" WIDTH="73" HEIGHT="33" WC="0.96" CONTENT="rätt"/><SP WIDTH="38" VPOS="1390" HPOS="1162"/>
							<String ID="string_223" HPOS="1200" VPOS="1391" WIDTH="53" HEIGHT="33" WC="0.96" CONTENT="att"/><SP WIDTH="29" VPOS="1391" HPOS="1253"/>
							<String ID="string_224" HPOS="1282" VPOS="1390" WIDTH="94" HEIGHT="35" WC="0.96" CONTENT="efter"/><SP WIDTH="29" VPOS="1390" HPOS="1376"/>
							<String ID="string_225" HPOS="1405" VPOS="1390" WIDTH="124" HEIGHT="37" WC="0.96" CONTENT="därom"/><SP WIDTH="30" VPOS="1390" HPOS="1529"/>
							<String ID="string_226" HPOS="1559" VPOS="1391" WIDTH="107" HEIGHT="49" WC="0.96" CONTENT="gjord"/><SP WIDTH="28" VPOS="1391" HPOS="1666"/>
							<String ID="string_227" HPOS="1694" VPOS="1393" WIDTH="277" HEIGHT="49" WC="0.96" CONTENT="framställning"/>
						</TextLine>
						<TextLine ID="line_24" HPOS="373" VPOS="1435" WIDTH="1593" HEIGHT="61">
							<String ID="string_228" HPOS="373" VPOS="1446" WIDTH="132" HEIGHT="35" WC="0.92" CONTENT="genom"/><SP WIDTH="28" VPOS="1446" HPOS="505"/>
							<String ID="string_229" HPOS="533" VPOS="1435" WIDTH="226" HEIGHT="49" WC="0.90" CONTENT="fridlysning"/><SP WIDTH="29" VPOS="1435" HPOS="759"/>
							<String ID="string_230" HPOS="788" VPOS="1437" WIDTH="136" HEIGHT="38" WC="0.93" CONTENT="bereda"/><SP WIDTH="27" VPOS="1437" HPOS="924"/>
							<String ID="string_231" HPOS="951" VPOS="1440" WIDTH="239" HEIGHT="49" WC="0.81" CONTENT="rättsskydd»"/><SP WIDTH="34" VPOS="1440" HPOS="1190"/>
							<String ID="string_232" HPOS="1224" VPOS="1444" WIDTH="37" HEIGHT="34" WC="0.96" CONTENT="åt"/><SP WIDTH="29" VPOS="1444" HPOS="1261"/>
							<String ID="string_233" HPOS="1290" VPOS="1442" WIDTH="255" HEIGHT="49" WC="0.96" CONTENT="milstolparna"/><SP WIDTH="20" VPOS="1442" HPOS="1545"/>
							<String ID="string_234" HPOS="1565" VPOS="1451" WIDTH="40" HEIGHT="30" WC="0.96" CONTENT="är"/><SP WIDTH="19" VPOS="1451" HPOS="1605"/>
							<String ID="string_235" HPOS="1624" VPOS="1446" WIDTH="154" HEIGHT="37" WC="0.96" CONTENT="alldeles"/><SP WIDTH="20" VPOS="1446" HPOS="1778"/>
							<String ID="string_236" HPOS="1798" VPOS="1447" WIDTH="168" HEIGHT="49" WC="0.96" CONTENT="felaktig."/>
						</TextLine>
					</TextBlock>
					<TextBlock ID="block_5" HPOS="370" VPOS="1489" WIDTH="1599" HEIGHT="156">
						<TextLine ID="line_25" HPOS="477" VPOS="1489" WIDTH="1492" HEIGHT="59">
							<String ID="string_237" HPOS="477" VPOS="1489" WIDTH="76" HEIGHT="36" WC="0.96" CONTENT="Det"/><SP WIDTH="39" VPOS="1489" HPOS="553"/>
							<String ID="string_238" HPOS="592" VPOS="1490" WIDTH="120" HEIGHT="36" WC="0.96" CONTENT="finnes"/><SP WIDTH="43" VPOS="1490" HPOS="712"/>
							<String ID="string_239" HPOS="755" VPOS="1491" WIDTH="119" HEIGHT="48" WC="0.95" CONTENT="enligt"/><SP WIDTH="37" VPOS="1491" HPOS="874"/>
							<String ID="string_240" HPOS="911" VPOS="1493" WIDTH="72" HEIGHT="36" WC="0.96" CONTENT="vad"/><SP WIDTH="38" VPOS="1493" HPOS="983"/>
							<String ID="string_241" HPOS="1021" VPOS="1493" WIDTH="67" HEIGHT="49" WC="0.90" CONTENT="jag"/><SP WIDTH="41" VPOS="1493" HPOS="1088"/>
							<String ID="string_242" HPOS="1129" VPOS="1494" WIDTH="173" HEIGHT="38" WC="0.90" CONTENT="förvissat"/><SP WIDTH="42" VPOS="1494" HPOS="1302"/>
							<String ID="string_243" HPOS="1344" VPOS="1497" WIDTH="75" HEIGHT="47" WC="0.96" CONTENT="mig"/><SP WIDTH="42" VPOS="1497" HPOS="1419"/>
							<String ID="string_244" HPOS="1461" VPOS="1510" WIDTH="57" HEIGHT="24" WC="0.96" CONTENT="om"/><SP WIDTH="30" VPOS="1510" HPOS="1518"/>
							<String ID="string_245" HPOS="1548" VPOS="1498" WIDTH="113" HEIGHT="48" WC="0.96" CONTENT="ingen"/><SP WIDTH="30" VPOS="1498" HPOS="1661"/>
							<String ID="string_246" HPOS="1691" VPOS="1500" WIDTH="194" HEIGHT="48" WC="0.94" CONTENT="möjlighet"/><SP WIDTH="27" VPOS="1500" HPOS="1885"/>
							<String ID="string_247" HPOS="1912" VPOS="1503" WIDTH="57" HEIGHT="35" WC="0.96" CONTENT="för"/>
						</TextLine>
						<TextLine ID="line_26" HPOS="371" VPOS="1542" WIDTH="1597" HEIGHT="61">
							<String ID="string_248" HPOS="371" VPOS="1542" WIDTH="232" HEIGHT="48" WC="0.89" CONTENT="Konungens"/><SP WIDTH="38" VPOS="1542" HPOS="603"/>
							<String ID="string_249" HPOS="641" VPOS="1544" WIDTH="397" HEIGHT="49" WC="0.89" CONTENT="befallningshavande"/><SP WIDTH="30" VPOS="1544" HPOS="1038"/>
							<String ID="string_250" HPOS="1068" VPOS="1550" WIDTH="54" HEIGHT="34" WC="0.96" CONTENT="att"/><SP WIDTH="29" VPOS="1550" HPOS="1122"/>
							<String ID="string_251" HPOS="1151" VPOS="1550" WIDTH="83" HEIGHT="35" WC="0.96" CONTENT="med"/><SP WIDTH="30" VPOS="1550" HPOS="1234"/>
							<String ID="string_252" HPOS="1264" VPOS="1551" WIDTH="82" HEIGHT="35" WC="0.96" CONTENT="stöd"/><SP WIDTH="31" VPOS="1551" HPOS="1346"/>
							<String ID="string_253" HPOS="1377" VPOS="1563" WIDTH="44" HEIGHT="24" WC="0.96" CONTENT="av"/><SP WIDTH="28" VPOS="1563" HPOS="1421"/>
							<String ID="string_254" HPOS="1449" VPOS="1564" WIDTH="52" HEIGHT="23" WC="0.96" CONTENT="nu"/><SP WIDTH="29" VPOS="1564" HPOS="1501"/>
							<String ID="string_255" HPOS="1530" VPOS="1553" WIDTH="172" HEIGHT="46" WC="0.96" CONTENT="gällande"/><SP WIDTH="29" VPOS="1553" HPOS="1702"/>
							<String ID="string_256" HPOS="1731" VPOS="1554" WIDTH="237" HEIGHT="49" WC="0.96" CONTENT="lagstiftning"/>
						</TextLine>
						<TextLine ID="line_27" HPOS="370" VPOS="1595" WIDTH="420" HEIGHT="50">
							<String ID="string_257" HPOS="370" VPOS="1595" WIDTH="153" HEIGHT="48" WC="0.91" CONTENT="fridlysa"/><SP WIDTH="29" VPOS="1595" HPOS="523"/>
							<String ID="string_258" HPOS="552" VPOS="1597" WIDTH="238" HEIGHT="48" WC="0.91" CONTENT="milstolpar.»"/>
						</TextLine>
					</TextBlock>
				</ComposedBlock>
				<ComposedBlock ID="cblock_3" HPOS="363" VPOS="1703" WIDTH="1601" HEIGHT="596">
					<TextBlock ID="block_6" HPOS="365" VPOS="1703" WIDTH="1599" HEIGHT="432">
						<TextLine ID="line_28" HPOS="479" VPOS="1703" WIDTH="1485" HEIGHT="60">
							<String ID="string_259" HPOS="479" VPOS="1703" WIDTH="19" HEIGHT="35" WC="0.95" CONTENT="I"/><SP WIDTH="28" VPOS="1703" HPOS="498"/>
							<String ID="string_260" HPOS="526" VPOS="1703" WIDTH="120" HEIGHT="37" WC="0.96" CONTENT="likhet"/><SP WIDTH="27" VPOS="1703" HPOS="646"/>
							<String ID="string_261" HPOS="673" VPOS="1706" WIDTH="84" HEIGHT="35" WC="0.96" CONTENT="med"/><SP WIDTH="39" VPOS="1706" HPOS="757"/>
							<String ID="string_262" HPOS="796" VPOS="1707" WIDTH="228" HEIGHT="36" WC="0.96" CONTENT="motionären"/><SP WIDTH="42" VPOS="1707" HPOS="1024"/>
							<String ID="string_263" HPOS="1066" VPOS="1709" WIDTH="120" HEIGHT="36" WC="0.95" CONTENT="finner"/><SP WIDTH="39" VPOS="1709" HPOS="1186"/>
							<String ID="string_264" HPOS="1225" VPOS="1712" WIDTH="184" HEIGHT="36" WC="0.95" CONTENT="utskottet"/><SP WIDTH="41" VPOS="1712" HPOS="1409"/>
							<String ID="string_265" HPOS="1450" VPOS="1714" WIDTH="63" HEIGHT="34" WC="0.96" CONTENT="det"/><SP WIDTH="34" VPOS="1714" HPOS="1513"/>
							<String ID="string_266" HPOS="1547" VPOS="1714" WIDTH="216" HEIGHT="49" WC="0.96" CONTENT="beklagligt,"/><SP WIDTH="32" VPOS="1714" HPOS="1763"/>
							<String ID="string_267" HPOS="1795" VPOS="1718" WIDTH="53" HEIGHT="33" WC="0.96" CONTENT="att"/><SP WIDTH="28" VPOS="1718" HPOS="1848"/>
							<String ID="string_268" HPOS="1876" VPOS="1718" WIDTH="88" HEIGHT="34" WC="0.96" CONTENT="våra"/>
						</TextLine>
						<TextLine ID="line_29" HPOS="369" VPOS="1757" WIDTH="1594" HEIGHT="57">
							<String ID="string_269" HPOS="369" VPOS="1757" WIDTH="121" HEIGHT="45" WC="0.95" CONTENT="gamla"/><SP WIDTH="30" VPOS="1757" HPOS="490"/>
							<String ID="string_270" HPOS="520" VPOS="1757" WIDTH="205" HEIGHT="48" WC="0.96" CONTENT="milstolpar"/><SP WIDTH="28" VPOS="1757" HPOS="725"/>
							<String ID="string_271" HPOS="753" VPOS="1765" WIDTH="116" HEIGHT="41" WC="0.96" CONTENT="ägnas"/><SP WIDTH="43" VPOS="1765" HPOS="869"/>
							<String ID="string_272" HPOS="912" VPOS="1773" WIDTH="45" HEIGHT="23" WC="0.96" CONTENT="en"/><SP WIDTH="43" VPOS="1773" HPOS="957"/>
							<String ID="string_273" HPOS="1000" VPOS="1764" WIDTH="40" HEIGHT="33" WC="0.96" CONTENT="så"/><SP WIDTH="40" VPOS="1764" HPOS="1040"/>
							<String ID="string_274" HPOS="1080" VPOS="1763" WIDTH="199" HEIGHT="48" WC="0.94" CONTENT="bristfällig"/><SP WIDTH="32" VPOS="1763" HPOS="1279"/>
							<String ID="string_275" HPOS="1311" VPOS="1765" WIDTH="129" HEIGHT="49" WC="0.96" CONTENT="tillsyn"/><SP WIDTH="29" VPOS="1765" HPOS="1440"/>
							<String ID="string_276" HPOS="1469" VPOS="1767" WIDTH="68" HEIGHT="35" WC="0.97" CONTENT="och"/><SP WIDTH="30" VPOS="1767" HPOS="1537"/>
							<String ID="string_277" HPOS="1567" VPOS="1769" WIDTH="237" HEIGHT="43" WC="0.96" CONTENT="omvårdnad,"/><SP WIDTH="32" VPOS="1769" HPOS="1804"/>
							<String ID="string_278" HPOS="1836" VPOS="1772" WIDTH="54" HEIGHT="33" WC="0.96" CONTENT="att"/><SP WIDTH="28" VPOS="1772" HPOS="1890"/>
							<String ID="string_279" HPOS="1918" VPOS="1771" WIDTH="45" HEIGHT="35" WC="0.96" CONTENT="de"/>
						</TextLine>
						<TextLine ID="line_30" HPOS="369" VPOS="1810" WIDTH="1593" HEIGHT="53">
							<String ID="string_280" HPOS="369" VPOS="1811" WIDTH="75" HEIGHT="34" WC="0.96" CONTENT="ofta"/><SP WIDTH="27" VPOS="1811" HPOS="444"/>
							<String ID="string_281" HPOS="471" VPOS="1810" WIDTH="100" HEIGHT="36" WC="0.96" CONTENT="bliva"/><SP WIDTH="29" VPOS="1810" HPOS="571"/>
							<String ID="string_282" HPOS="600" VPOS="1811" WIDTH="193" HEIGHT="38" WC="0.96" CONTENT="förstörda."/><SP WIDTH="58" VPOS="1811" HPOS="793"/>
							<String ID="string_283" HPOS="851" VPOS="1814" WIDTH="231" HEIGHT="49" WC="0.95" CONTENT="Visserligen"/><SP WIDTH="25" VPOS="1814" HPOS="1082"/>
							<String ID="string_284" HPOS="1107" VPOS="1822" WIDTH="39" HEIGHT="30" WC="0.96" CONTENT="är"/><SP WIDTH="34" VPOS="1822" HPOS="1146"/>
							<String ID="string_285" HPOS="1180" VPOS="1818" WIDTH="106" HEIGHT="36" WC="0.96" CONTENT="deras"/><SP WIDTH="29" VPOS="1818" HPOS="1286"/>
							<String ID="string_286" HPOS="1315" VPOS="1819" WIDTH="328" HEIGHT="38" WC="0.96" CONTENT="kulturhistoriska"/><SP WIDTH="30" VPOS="1819" HPOS="1643"/>
							<String ID="string_287" HPOS="1673" VPOS="1823" WIDTH="68" HEIGHT="35" WC="0.93" CONTENT="och"/><SP WIDTH="30" VPOS="1823" HPOS="1741"/>
							<String ID="string_288" HPOS="1771" VPOS="1822" WIDTH="191" HEIGHT="37" WC="0.91" CONTENT="konstnär-"/>
						</TextLine>
						<TextLine ID="line_31" HPOS="368" VPOS="1863" WIDTH="1594" HEIGHT="61">
							<String ID="string_289" HPOS="368" VPOS="1863" WIDTH="76" HEIGHT="47" WC="0.96" CONTENT="liga"/><SP WIDTH="28" VPOS="1863" HPOS="444"/>
							<String ID="string_290" HPOS="472" VPOS="1865" WIDTH="114" HEIGHT="35" WC="0.96" CONTENT="värde"/><SP WIDTH="28" VPOS="1865" HPOS="586"/>
							<String ID="string_291" HPOS="614" VPOS="1866" WIDTH="150" HEIGHT="48" WC="0.96" CONTENT="mycket"/><SP WIDTH="29" VPOS="1866" HPOS="764"/>
							<String ID="string_292" HPOS="793" VPOS="1868" WIDTH="195" HEIGHT="45" WC="0.96" CONTENT="växlande,"/><SP WIDTH="33" VPOS="1868" HPOS="988"/>
							<String ID="string_293" HPOS="1021" VPOS="1882" WIDTH="85" HEIGHT="23" WC="0.96" CONTENT="men"/><SP WIDTH="30" VPOS="1882" HPOS="1106"/>
							<String ID="string_294" HPOS="1136" VPOS="1871" WIDTH="62" HEIGHT="36" WC="0.96" CONTENT="det"/><SP WIDTH="18" VPOS="1871" HPOS="1198"/>
							<String ID="string_295" HPOS="1216" VPOS="1872" WIDTH="121" HEIGHT="36" WC="0.96" CONTENT="finnes"/><SP WIDTH="21" VPOS="1872" HPOS="1337"/>
							<String ID="string_296" HPOS="1358" VPOS="1874" WIDTH="189" HEIGHT="48" WC="0.95" CONTENT="åtskilliga"/><SP WIDTH="19" VPOS="1874" HPOS="1547"/>
							<String ID="string_297" HPOS="1566" VPOS="1876" WIDTH="133" HEIGHT="46" WC="0.95" CONTENT="gamla,"/><SP WIDTH="22" VPOS="1876" HPOS="1699"/>
							<String ID="string_298" HPOS="1721" VPOS="1877" WIDTH="241" HEIGHT="47" WC="0.96" CONTENT="synnerligen"/>
						</TextLine>
						<TextLine ID="line_32" HPOS="367" VPOS="1917" WIDTH="1594" HEIGHT="60">
							<String ID="string_299" HPOS="367" VPOS="1917" WIDTH="135" HEIGHT="36" WC="0.95" CONTENT="vackra"/><SP WIDTH="41" VPOS="1917" HPOS="502"/>
							<String ID="string_300" HPOS="543" VPOS="1918" WIDTH="214" HEIGHT="49" WC="0.95" CONTENT="milstolpar,"/><SP WIDTH="38" VPOS="1918" HPOS="757"/>
							<String ID="string_301" HPOS="795" VPOS="1933" WIDTH="77" HEIGHT="24" WC="0.96" CONTENT="som"/><SP WIDTH="33" VPOS="1933" HPOS="872"/>
							<String ID="string_302" HPOS="905" VPOS="1922" WIDTH="85" HEIGHT="47" WC="0.96" CONTENT="giva"/><SP WIDTH="30" VPOS="1922" HPOS="990"/>
							<String ID="string_303" HPOS="1020" VPOS="1935" WIDTH="46" HEIGHT="24" WC="0.96" CONTENT="en"/><SP WIDTH="29" VPOS="1935" HPOS="1066"/>
							<String ID="string_304" HPOS="1095" VPOS="1924" WIDTH="285" HEIGHT="38" WC="0.96" CONTENT="karaktäristisk"/><SP WIDTH="28" VPOS="1924" HPOS="1380"/>
							<String ID="string_305" HPOS="1408" VPOS="1928" WIDTH="129" HEIGHT="47" WC="0.96" CONTENT="prägel"/><SP WIDTH="29" VPOS="1928" HPOS="1537"/>
							<String ID="string_306" HPOS="1566" VPOS="1931" WIDTH="37" HEIGHT="33" WC="0.96" CONTENT="åt"/><SP WIDTH="27" VPOS="1931" HPOS="1603"/>
							<String ID="string_307" HPOS="1630" VPOS="1929" WIDTH="331" HEIGHT="48" WC="0.95" CONTENT="landskapsbilden"/>
						</TextLine>
						<TextLine ID="line_33" HPOS="367" VPOS="1971" WIDTH="1592" HEIGHT="59">
							<String ID="string_308" HPOS="367" VPOS="1971" WIDTH="68" HEIGHT="35" WC="0.96" CONTENT="och"/><SP WIDTH="29" VPOS="1971" HPOS="435"/>
							<String ID="string_309" HPOS="464" VPOS="1983" WIDTH="71" HEIGHT="24" WC="0.96" CONTENT="som"/><SP WIDTH="24" VPOS="1983" HPOS="535"/>
							<String ID="string_310" HPOS="559" VPOS="1972" WIDTH="67" HEIGHT="52" WC="0.96" CONTENT="för"/><SP WIDTH="28" VPOS="1972" HPOS="626"/>
							<String ID="string_311" HPOS="654" VPOS="1974" WIDTH="72" HEIGHT="35" WC="0.96" CONTENT="den"/><SP WIDTH="34" VPOS="1974" HPOS="726"/>
							<String ID="string_312" HPOS="760" VPOS="1978" WIDTH="67" HEIGHT="41" WC="0.93" CONTENT="ort,"/><SP WIDTH="31" VPOS="1978" HPOS="827"/>
							<String ID="string_313" HPOS="858" VPOS="1979" WIDTH="122" HEIGHT="33" WC="0.92" CONTENT="varest"/><SP WIDTH="28" VPOS="1979" HPOS="980"/>
							<String ID="string_314" HPOS="1008" VPOS="1977" WIDTH="46" HEIGHT="36" WC="0.96" CONTENT="de"/><SP WIDTH="21" VPOS="1977" HPOS="1054"/>
							<String ID="string_315" HPOS="1075" VPOS="1982" WIDTH="61" HEIGHT="32" WC="0.96" CONTENT="äro"/><SP WIDTH="24" VPOS="1982" HPOS="1136"/>
							<String ID="string_316" HPOS="1160" VPOS="1982" WIDTH="108" HEIGHT="41" WC="0.96" CONTENT="resta,"/><SP WIDTH="28" VPOS="1982" HPOS="1268"/>
							<String ID="string_317" HPOS="1296" VPOS="1980" WIDTH="75" HEIGHT="36" WC="0.96" CONTENT="ofta"/><SP WIDTH="21" VPOS="1980" HPOS="1371"/>
							<String ID="string_318" HPOS="1392" VPOS="1986" WIDTH="69" HEIGHT="42" WC="0.96" CONTENT="äga"/><SP WIDTH="20" VPOS="1986" HPOS="1461"/>
							<String ID="string_319" HPOS="1481" VPOS="1984" WIDTH="53" HEIGHT="33" WC="0.96" CONTENT="ett"/><SP WIDTH="18" VPOS="1984" HPOS="1534"/>
							<String ID="string_320" HPOS="1552" VPOS="1985" WIDTH="72" HEIGHT="33" WC="0.96" CONTENT="rätt"/><SP WIDTH="19" VPOS="1985" HPOS="1624"/>
							<String ID="string_321" HPOS="1643" VPOS="1982" WIDTH="91" HEIGHT="48" WC="0.93" CONTENT="högt"/><SP WIDTH="15" VPOS="1982" HPOS="1734"/>
							<String ID="string_322" HPOS="1749" VPOS="1984" WIDTH="210" HEIGHT="35" WC="0.91" CONTENT="affektions-"/>
						</TextLine>
						<TextLine ID="line_34" HPOS="365" VPOS="2025" WIDTH="1593" HEIGHT="59">
							<String ID="string_323" HPOS="365" VPOS="2025" WIDTH="123" HEIGHT="36" WC="0.92" CONTENT="värde."/><SP WIDTH="49" VPOS="2025" HPOS="488"/>
							<String ID="string_324" HPOS="537" VPOS="2026" WIDTH="37" HEIGHT="35" WC="0.91" CONTENT="Å"/><SP WIDTH="32" VPOS="2026" HPOS="574"/>
							<String ID="string_325" HPOS="606" VPOS="2027" WIDTH="115" HEIGHT="36" WC="0.96" CONTENT="andra"/><SP WIDTH="24" VPOS="2027" HPOS="721"/>
							<String ID="string_326" HPOS="745" VPOS="2028" WIDTH="108" HEIGHT="36" WC="0.96" CONTENT="sidan"/><SP WIDTH="28" VPOS="2028" HPOS="853"/>
							<String ID="string_327" HPOS="881" VPOS="2030" WIDTH="121" HEIGHT="36" WC="0.96" CONTENT="finnas"/><SP WIDTH="27" VPOS="2030" HPOS="1002"/>
							<String ID="string_328" HPOS="1029" VPOS="2043" WIDTH="78" HEIGHT="24" WC="0.96" CONTENT="mer"/><SP WIDTH="29" VPOS="2043" HPOS="1107"/>
							<String ID="string_329" HPOS="1136" VPOS="2032" WIDTH="89" HEIGHT="37" WC="0.95" CONTENT="eller"/><SP WIDTH="28" VPOS="2032" HPOS="1225"/>
							<String ID="string_330" HPOS="1253" VPOS="2033" WIDTH="143" HEIGHT="37" WC="0.96" CONTENT="mindre"/><SP WIDTH="29" VPOS="2033" HPOS="1396"/>
							<String ID="string_331" HPOS="1425" VPOS="2035" WIDTH="181" HEIGHT="36" WC="0.96" CONTENT="förstörda"/><SP WIDTH="29" VPOS="2035" HPOS="1606"/>
							<String ID="string_332" HPOS="1635" VPOS="2037" WIDTH="215" HEIGHT="47" WC="0.96" CONTENT="milstolpar,"/><SP WIDTH="31" VPOS="2037" HPOS="1850"/>
							<String ID="string_333" HPOS="1881" VPOS="2049" WIDTH="77" HEIGHT="23" WC="0.96" CONTENT="som"/>
						</TextLine>
						<TextLine ID="line_35" HPOS="365" VPOS="2079" WIDTH="1392" HEIGHT="56">
							<String ID="string_334" HPOS="365" VPOS="2090" WIDTH="100" HEIGHT="24" WC="0.95" CONTENT="mera"/><SP WIDTH="27" VPOS="2090" HPOS="465"/>
							<String ID="string_335" HPOS="492" VPOS="2079" WIDTH="154" HEIGHT="48" WC="0.96" CONTENT="bidraga"/><SP WIDTH="29" VPOS="2079" HPOS="646"/>
							<String ID="string_336" HPOS="675" VPOS="2084" WIDTH="53" HEIGHT="33" WC="0.93" CONTENT="att"/><SP WIDTH="27" VPOS="2084" HPOS="728"/>
							<String ID="string_337" HPOS="755" VPOS="2082" WIDTH="135" HEIGHT="36" WC="0.91" CONTENT="förfula"/><SP WIDTH="29" VPOS="2082" HPOS="890"/>
							<String ID="string_338" HPOS="919" VPOS="2089" WIDTH="46" HEIGHT="31" WC="0.96" CONTENT="än"/><SP WIDTH="24" VPOS="2089" HPOS="965"/>
							<String ID="string_339" HPOS="989" VPOS="2087" WIDTH="55" HEIGHT="33" WC="0.96" CONTENT="att"/><SP WIDTH="28" VPOS="2087" HPOS="1044"/>
							<String ID="string_340" HPOS="1072" VPOS="2087" WIDTH="116" HEIGHT="47" WC="0.96" CONTENT="pryda"/><SP WIDTH="30" VPOS="2087" HPOS="1188"/>
							<String ID="string_341" HPOS="1218" VPOS="2087" WIDTH="72" HEIGHT="36" WC="0.96" CONTENT="den"/><SP WIDTH="28" VPOS="2087" HPOS="1290"/>
							<String ID="string_342" HPOS="1318" VPOS="2088" WIDTH="108" HEIGHT="47" WC="0.96" CONTENT="plats,"/><SP WIDTH="32" VPOS="2088" HPOS="1426"/>
							<String ID="string_343" HPOS="1458" VPOS="2089" WIDTH="65" HEIGHT="35" WC="0.96" CONTENT="där"/><SP WIDTH="28" VPOS="2089" HPOS="1523"/>
							<String ID="string_344" HPOS="1551" VPOS="2089" WIDTH="44" HEIGHT="35" WC="0.96" CONTENT="de"/><SP WIDTH="29" VPOS="2089" HPOS="1595"/>
							<String ID="string_345" HPOS="1624" VPOS="2089" WIDTH="133" HEIGHT="38" WC="0.95" CONTENT="finnas."/>
						</TextLine>
					</TextBlock>
					<TextBlock ID="block_7" HPOS="363" VPOS="2133" WIDTH="1594" HEIGHT="166">
						<TextLine ID="line_36" HPOS="470" VPOS="2133" WIDTH="1487" HEIGHT="58">
							<String ID="string_346" HPOS="470" VPOS="2133" WIDTH="58" HEIGHT="35" WC="0.96" CONTENT="De"/><SP WIDTH="29" VPOS="2133" HPOS="528"/>
							<String ID="string_347" HPOS="557" VPOS="2134" WIDTH="120" HEIGHT="36" WC="0.96" CONTENT="äldsta"/><SP WIDTH="27" VPOS="2134" HPOS="677"/>
							<String ID="string_348" HPOS="704" VPOS="2135" WIDTH="126" HEIGHT="36" WC="0.96" CONTENT="kända"/><SP WIDTH="27" VPOS="2135" HPOS="830"/>
							<String ID="string_349" HPOS="857" VPOS="2137" WIDTH="205" HEIGHT="48" WC="0.96" CONTENT="milstolpar"/><SP WIDTH="27" VPOS="2137" HPOS="1062"/>
							<String ID="string_350" HPOS="1089" VPOS="2140" WIDTH="152" HEIGHT="36" WC="0.96" CONTENT="härleda"/><SP WIDTH="29" VPOS="2140" HPOS="1241"/>
							<String ID="string_351" HPOS="1270" VPOS="2140" WIDTH="56" HEIGHT="48" WC="0.96" CONTENT="sig"/><SP WIDTH="15" VPOS="2140" HPOS="1326"/>
							<String ID="string_352" HPOS="1341" VPOS="2141" WIDTH="83" HEIGHT="36" WC="0.96" CONTENT="från"/><SP WIDTH="18" VPOS="2141" HPOS="1424"/>
							<String ID="string_353" HPOS="1442" VPOS="2143" WIDTH="207" HEIGHT="36" WC="0.96" CONTENT="1600-talet"/><SP WIDTH="19" VPOS="2143" HPOS="1649"/>
							<String ID="string_354" HPOS="1668" VPOS="2145" WIDTH="68" HEIGHT="35" WC="0.97" CONTENT="och"/><SP WIDTH="21" VPOS="2145" HPOS="1736"/>
							<String ID="string_355" HPOS="1757" VPOS="2144" WIDTH="45" HEIGHT="35" WC="0.96" CONTENT="de"/><SP WIDTH="21" VPOS="2144" HPOS="1802"/>
							<String ID="string_356" HPOS="1823" VPOS="2147" WIDTH="134" HEIGHT="44" WC="0.96" CONTENT="yngsta"/>
						</TextLine>
						<TextLine ID="line_37" HPOS="363" VPOS="2185" WIDTH="1594" HEIGHT="59">
							<String ID="string_357" HPOS="363" VPOS="2185" WIDTH="81" HEIGHT="36" WC="0.96" CONTENT="från"/><SP WIDTH="30" VPOS="2185" HPOS="444"/>
							<String ID="string_358" HPOS="474" VPOS="2186" WIDTH="130" HEIGHT="37" WC="0.96" CONTENT="mitten"/><SP WIDTH="34" VPOS="2186" HPOS="604"/>
							<String ID="string_359" HPOS="638" VPOS="2200" WIDTH="44" HEIGHT="25" WC="0.96" CONTENT="av"/><SP WIDTH="37" VPOS="2200" HPOS="682"/>
							<String ID="string_360" HPOS="719" VPOS="2191" WIDTH="217" HEIGHT="35" WC="0.93" CONTENT="1800-talet."/><SP WIDTH="59" VPOS="2191" HPOS="936"/>
							<String ID="string_361" HPOS="995" VPOS="2192" WIDTH="143" HEIGHT="37" WC="0.93" CONTENT="Genom"/><SP WIDTH="43" VPOS="2192" HPOS="1138"/>
							<String ID="string_362" HPOS="1181" VPOS="2195" WIDTH="297" HEIGHT="47" WC="0.89" CONTENT="väglängdernas"/><SP WIDTH="41" VPOS="2195" HPOS="1478"/>
							<String ID="string_363" HPOS="1519" VPOS="2195" WIDTH="278" HEIGHT="38" WC="0.96" CONTENT="bestämmande"/><SP WIDTH="43" VPOS="2195" HPOS="1797"/>
							<String ID="string_364" HPOS="1840" VPOS="2198" WIDTH="117" HEIGHT="46" WC="0.88" CONTENT="enligt"/>
						</TextLine>
						<TextLine ID="line_38" HPOS="364" VPOS="2242" WIDTH="1591" HEIGHT="57">
							<String ID="string_365" HPOS="364" VPOS="2243" WIDTH="294" HEIGHT="45" WC="0.96" CONTENT="metersystemet"/><SP WIDTH="27" VPOS="2243" HPOS="658"/>
							<String ID="string_366" HPOS="685" VPOS="2242" WIDTH="48" HEIGHT="36" WC="0.96" CONTENT="ha"/><SP WIDTH="30" VPOS="2242" HPOS="733"/>
							<String ID="string_367" HPOS="763" VPOS="2243" WIDTH="107" HEIGHT="37" WC="0.96" CONTENT="dessa"/><SP WIDTH="30" VPOS="2243" HPOS="870"/>
							<String ID="string_368" HPOS="900" VPOS="2245" WIDTH="138" HEIGHT="48" WC="0.96" CONTENT="stolpar"/><SP WIDTH="28" VPOS="2245" HPOS="1038"/>
							<String ID="string_369" HPOS="1066" VPOS="2248" WIDTH="232" HEIGHT="47" WC="0.96" CONTENT="väsentligen"/><SP WIDTH="29" VPOS="2248" HPOS="1298"/>
							<String ID="string_370" HPOS="1327" VPOS="2249" WIDTH="151" HEIGHT="35" WC="0.96" CONTENT="förlorat"/><SP WIDTH="29" VPOS="2249" HPOS="1478"/>
							<String ID="string_371" HPOS="1507" VPOS="2249" WIDTH="58" HEIGHT="37" WC="0.96" CONTENT="sin"/><SP WIDTH="29" VPOS="2249" HPOS="1565"/>
							<String ID="string_372" HPOS="1594" VPOS="2250" WIDTH="189" HEIGHT="48" WC="0.96" CONTENT="egentliga"/><SP WIDTH="24" VPOS="2250" HPOS="1783"/>
							<String ID="string_373" HPOS="1807" VPOS="2251" WIDTH="148" HEIGHT="48" WC="0.96" CONTENT="uppgift"/>
						</TextLine>
					</TextBlock>
				</ComposedBlock>
			</PrintSpace>
		</Page>
	</Layout>
</alto>
