2201 2731
419 209 16 28 6
875 209 83 37 Lag-
970 210 160 29 Utskottets
1164 207 165 33 Utlåtande
1351 211 57 28 N:o
1432 211 43 29 14.

511 295 39 37 af
586 295 97 37 Herr
725 295 134 39 Grefve
901 298 167 36 Mörner:
1101 297 96 37 Från
1226 296 211 38 Utskottets
1465 297 139 49 förslag
1631 305 39 29 är
1694 298 65 49 jag
1787 299 190 49 skiljaktig

377 348 67 36 och
487 347 58 37 får
586 348 191 38 vördsamt
804 349 145 46 föreslå,
978 355 54 31 att
1063 352 42 34 19
1131 348 18 49 $
1180 352 18 34 6
1230 350 161 48 punkten
1420 350 10 35 i
1459 349 132 49 Kongl.
1619 349 268 50 förordningen
1916 364 59 23 om

375 399 230 48 strafflagens
633 399 193 38 införande
856 404 115 34 måtte
1001 402 140 36 erhålla
1168 401 162 48 följande
1359 401 153 50 lydelse:

509 450 224 37 Misstänkes
774 456 124 44 någon
940 458 53 31 att
1034 453 109 36 hafva
1185 454 127 46 begått
1353 452 111 45 brott,
1505 466 79 22 som
1625 453 147 47 ringare
1809 460 52 37 är,
1889 460 46 28 än
1963 454 13 35 j

376 505 19 33 5
425 503 171 49 punkten
624 510 95 41 sägs,
748 517 83 23 men
859 504 113 37 hvarå
1001 504 94 37 dock
1124 503 233 37 straffarbete
1382 502 93 38 efter
1502 504 61 47 lag
1590 502 90 50 följa
1706 504 82 44 kan,
1817 505 88 35 eller
1921 510 56 31 att

376 553 112 37 hafva
516 553 162 37 föröfvat
706 555 111 46 brott,
846 569 78 22 som
954 556 9 35 i
992 556 231 46 straffagens
1255 558 40 33 11
1327 554 92 50 Kap.
1450 558 19 33 7
1500 556 67 36 och
1597 558 20 34 8
1647 553 49 49 $$,
1732 556 14 35 9
1769 553 13 49 $
1814 559 16 32 1
1853 568 122 33 mom.,

377 607 45 34 10
451 605 68 36 och
551 607 44 34 12
625 603 39 49 $$
693 613 96 29 samt
819 609 44 35 15
893 605 17 48 $
942 609 18 34 2
991 621 111 23 mom.
1132 607 251 44 omförmäles;
1413 606 70 37 den
1513 610 59 33 må
1600 608 69 34 ock
1697 608 11 34 i
1736 607 108 36 häkte
1859 613 116 42 tagas.

374 656 140 37 Hafver
555 657 72 36 han
669 658 143 36 embete
851 659 88 35 eller
980 660 113 47 tjenst
1134 659 90 36 eller
1264 657 72 37 fast
1364 658 192 48 egendom,
1585 659 90 35 eller
1702 659 104 47 eljest
1833 658 142 48 stadigt

373 708 158 36 hemvist
559 709 88 35 eller
673 709 102 50 yrke,
804 710 66 36 och
899 711 71 35 kan
1000 710 62 36 det
1089 711 31 47 ej
1151 711 165 46 skäligen
1346 708 157 46 befaras,
1532 715 54 31 att
1613 710 71 36 han
1712 709 155 45 afviker,
1887 710 89 36 eller

373 765 53 30 att
467 760 83 43 han,
579 772 133 35 genom
743 761 310 47 undanrödjande
1082 762 39 35 af
1145 762 102 35 bevis
1276 761 86 36 eller
1390 761 196 47 egendom,
1615 762 132 35 sakens
1775 762 201 46 tillbörliga

377 809 203 49 utredning
608 810 168 42 hindrar;
805 811 47 36 då
880 812 92 36 skall
1001 812 72 37 han
1102 815 47 46 på
1176 812 49 36 fri
1253 811 55 37 fot
1335 812 171 36 lemnas.»

507 876 94 29 Ofvan
624 878 126 28 nämnda
773 877 113 38 lagrum
911 880 10 27 i
944 879 187 39 strafflagens
1159 881 32 28 11
1216 879 75 38 Kap.
1314 879 81 37 lyda:

506 936 20 39 $
549 938 28 29 7.
622 936 73 37 Den,
731 947 61 18 som
826 938 8 27 i
868 939 109 38 uppsåt
1011 941 43 26 att
1087 940 92 28 skada
1213 943 81 33 göra,
1329 938 71 28 eller
1424 939 87 37 eljest
1539 939 4 27 i
1566 938 187 35 vredesmod,
1778 940 77 27 emot
1878 948 98 19 annan

373 980 109 37 drager
516 979 67 29 knif
615 979 70 29 eller
720 980 97 36 svärd,
841 981 70 28 eller
928 985 129 35 spänner
1079 982 97 36 bössa,
1200 982 71 28 eller
1294 991 84 20 reser
1403 984 89 26 annat
1513 981 153 37 lifsfarligt
1689 991 104 28 vapen,
1818 981 49 29 vid
1889 981 86 37 guds-

371 1024 99 36 tjenst,
506 1032 61 18 som
591 1022 10 27 i
627 1023 11 26 1
665 1023 72 28 eller
762 1023 14 27 3
803 1022 14 39 $
842 1026 75 34 sägs,
942 1024 72 29 eller
1037 1025 17 27 å
1076 1025 107 29 sådant
1205 1024 95 35 ställe,
1324 1034 61 18 som
1408 1025 9 26 i
1442 1025 15 26 5
1483 1024 15 37 8
1523 1024 138 34 omtalas;
1685 1023 102 37 varde,
1812 1024 52 28 der
1887 1024 88 37 ingen

371 1065 94 29 skada
487 1065 78 33 sker,
590 1063 115 30 ändock
728 1065 124 28 straffad
875 1066 66 28 med
965 1066 95 36 böter,
1086 1068 24 36 ej
1133 1067 94 28 under
1249 1067 101 28 femtio
1374 1066 159 29 riksdaler.

505 1106 20 39 $
548 1108 28 28 8
622 1106 60 29 Gör
707 1117 64 19 man
795 1108 210 38 våldsgerning
1028 1111 16 27 å
1068 1119 94 19 annan
1185 1110 45 28 för
1254 1109 50 29 det
1327 1109 56 28 han
1406 1109 10 28 i
1438 1109 53 28 sak
1514 1108 77 29 inför
1614 1108 98 36 Rätta,
1726 1108 55 29 hos
1794 1108 182 38 Konungens

371 1149 333 37 Befallningshafvande
728 1150 72 29 eller
823 1151 49 28 vid
896 1155 89 25 annat
1009 1152 200 36 embetsverk,
1233 1152 45 28 sin
1302 1152 71 28 eller
1397 1161 110 19 annans
1531 1151 80 28 talan
1633 1151 61 28 fört
1716 1151 71 28 eller
1808 1151 168 29 vittnesmål

372 1192 99 37 aflagt,
507 1192 72 28 eller
612 1191 46 28 för
692 1196 45 26 att
770 1192 105 29 honom
909 1194 66 28 från
1009 1194 106 29 sakens
1139 1194 159 29 utförande
1322 1194 72 29 eller
1417 1193 217 30 vittnesmålets
1657 1193 176 38 afläggande
1855 1193 121 36 hindra;

373 1235 99 28 dömes
495 1235 45 28 till
564 1233 191 31 straffarbete
778 1236 10 27 i
810 1235 88 37 högst
920 1237 50 27 två
994 1238 42 29 år.

548 1277 27 27 9.
621 1275 33 39 (1
680 1275 99 42 mom.)
804 1276 60 29 Gör
887 1288 66 18 man
976 1279 209 37 våldsgerning
1209 1280 16 27 å
1249 1288 96 19 annan
1369 1279 50 28 vid
1442 1278 239 37 valförrättning,
1705 1277 176 39 uppbörds-,
1895 1278 80 28 kom-

373 1319 109 28 munal-
507 1319 72 28 eller
604 1318 229 37 kyrkostämma,
857 1319 155 38 läsförhör,
1036 1321 372 36 landtmäteriförrättning
1433 1321 72 28 eller
1530 1330 96 18 annan
1650 1320 91 28 sådan
1754 1320 134 38 offentlig
1901 1330 74 19 sam-

371 1361 174 35 mankomst,
580 1361 70 28 eller
677 1360 36 29 då
736 1362 121 28 allmänt
879 1363 110 28 ärende
1014 1364 86 36 eljest
1122 1363 179 36 förehafves,
1327 1363 91 28 varde
1442 1363 55 28 den
1521 1362 227 37 omständighet,
1772 1362 50 30 vid
1846 1362 130 29 straffets

371 1403 220 29 bestämmande
615 1403 45 28 för
684 1404 107 34 våldet,
815 1404 95 29 såsom
934 1405 193 29 försvårande
1150 1406 121 30 ansedd,

506 1445 20 39 $
550 1447 48 27 10.
644 1445 108 37 Bryter
786 1456 67 18 man
882 1457 110 19 annans
1016 1448 137 37 hemfrid,
1177 1450 9 27 i
1209 1451 31 34 ty
1264 1451 44 26 att
1330 1458 66 18 man
1421 1447 64 29 med
1510 1446 76 35 våld,
1612 1446 74 29 eller
1710 1447 87 37 eljest
1819 1449 61 26 mot
1902 1447 74 29 hans

372 1487 83 37 vilja,
490 1488 155 36 intränger
679 1489 9 26 i
711 1488 73 29 hans
808 1488 136 38 hemvist,
969 1500 71 18 vare
1063 1491 45 35 sig
1132 1491 83 37 gård,
1239 1491 53 28 hus
1317 1491 71 27 eller
1411 1491 107 35 fartyg,
1543 1489 71 28 eller
1637 1492 109 34 vägrar
1769 1492 44 25 att
1835 1489 142 37 derifrån,

371 1529 77 29 efter
475 1530 173 36 tillsägelse,
674 1530 45 37 sig
741 1530 131 38 begifva,
896 1531 72 29 eller
993 1533 54 28 ock
1073 1533 42 28 dit
1138 1534 46 36 sig
1206 1533 151 36 insmyger
1382 1533 71 28 eller
1477 1532 53 27 der
1554 1535 130 33 gömmer
1708 1532 45 36 sig
1775 1531 107 34 undan,
1904 1534 72 26 utan

371 1575 44 25 att
448 1572 99 28 kunna
581 1571 95 38 skälig
710 1573 157 37 anledning
901 1573 100 30 dertill
1035 1575 78 35 visa;
1138 1574 118 30 straffes
1279 1574 66 29 med
1368 1575 94 34 böter,
1488 1573 74 29 dock
1586 1575 25 35 ej
1637 1573 93 28 under
1751 1574 43 28 tio
1819 1573 157 36 riksdaler,

373 1614 71 28 eller
467 1614 129 36 fängelse
620 1615 10 27 i
653 1614 89 37 högst
765 1625 49 17 sex
840 1616 149 30 månader,
1032 1617 97 37 Begår
1152 1618 97 36 någon
1274 1617 106 28 sådant
1401 1615 228 30 hemfridsbrott
1652 1616 9 27 i
1684 1617 110 36 uppsåt
1815 1618 44 25 att
1882 1626 96 18 annan

370 1655 149 35 våldföra;
541 1657 53 35 må,
619 1656 76 28 ändå
719 1659 45 26 att
786 1658 142 37 uppsåtet
951 1659 25 35 ej
1002 1659 107 28 varder
1132 1659 190 37 fullbordadt,
1345 1659 45 28 till
1413 1657 188 30 straffarbete
1621 1658 8 27 i
1647 1657 87 38 högst
1753 1658 51 28 två
1816 1657 32 29 år
1866 1657 111 32 dömas,

453 1698 21 38 $
498 1700 50 28 12.
593 1698 108 37 Bryter
735 1709 64 18 man
823 1700 135 36 hemfrid,
983 1702 10 27 i
1017 1704 31 33 ty
1071 1704 44 26 att
1137 1711 75 24 man,
1237 1702 31 27 af
1288 1701 113 29 ondska
1424 1700 71 28 eller
1519 1699 154 37 öfverdåd,
1697 1700 59 28 slår
1779 1700 29 28 in
1832 1700 113 28 fönster
1966 1702 10 26 i

372 1750 111 18 annans
518 1741 63 34 hus,
618 1740 70 28 eller
712 1741 102 29 kastar
836 1742 9 27 i
870 1752 111 18 annans
1005 1744 84 35 gård,
1113 1744 53 28 hus
1190 1744 70 27 eller
1284 1744 98 36 fartyg
1404 1743 29 28 in
1456 1745 67 26 sten
1546 1742 72 28 eller
1642 1744 103 32 annat;
1768 1742 118 28 straffes
1910 1742 66 28 med

372 1782 85 28 böter
492 1782 63 28 från
584 1782 52 28 och
660 1783 66 28 med
750 1784 42 27 tio
815 1784 46 28 till
885 1784 53 28 och
963 1786 63 27 med
1050 1789 43 25 ett
1115 1786 115 28 hundra
1254 1786 155 27 riksdaler.
1454 1784 75 28 Sker
1554 1783 49 29 det
1627 1785 31 26 af
1678 1783 132 38 okynne;
1833 1794 70 18 vare
1926 1784 52 28 bot

374 1823 88 38 högst
484 1825 103 28 femtio
612 1824 156 31 riksdaler,

504 1866 20 38 $
548 1869 45 27 15.
640 1866 60 29 Gör
736 1878 63 17 man
833 1869 79 36 oljud
937 1886 36 4 —
998 1887 39 3 —
1061 1871 16 26 å
1112 1870 103 28 allmän
1241 1873 64 33 väg,
1329 1873 68 33 gata
1420 1869 70 28 eller
1513 1869 160 37 torgplats,
1697 1868 75 28 eller
1795 1869 53 28 der
1871 1869 105 28 allmän

370 1908 143 28 marknad
548 1910 70 27 eller
652 1910 120 27 auktion
796 1910 91 29 hålles
909 1929 41 5 —
973 1929 50 11 —..
1068 1912 155 28 Våldförer
1246 1921 66 18 man
1336 1921 94 19 annan
1455 1912 16 26 å
1495 1910 107 29 sådant
1625 1910 95 34 ställe,
1745 1921 61 18 som
1829 1921 38 18 nu
1890 1911 87 36 sagdt

370 1953 52 31 är;
456 1950 38 27 då
527 1951 74 28 skall
637 1950 57 29 den
728 1952 229 38 omständighet,
991 1954 49 28 vid
1065 1954 131 28 straffets
1220 1953 219 29 bestämmande
1461 1953 46 27 för
1532 1953 107 34 våldet,
1663 1953 95 28 såsom
1782 1953 193 29 försvårande

369 2002 95 18 anses.

511 2087 38 36 af
573 2088 97 36 Herr
698 2088 163 37 Sundell.

504 2189 39 36 af
577 2190 95 36 Herr
712 2189 134 38 Grefve
881 2191 123 35 Horn:
1044 2191 110 36 »Från
1186 2191 208 37 Utskottets
1422 2192 118 35 beslut
1568 2193 10 34 i
1605 2191 106 47 fråga
1739 2204 59 23 om
1827 2191 142 48 förslag

369 2241 56 35 till
457 2240 218 50 förändring
703 2243 8 34 i
743 2255 49 22 nu
820 2242 170 47 gällande
1021 2243 60 46 lag
1108 2255 58 22 om
1198 2242 177 47 häktning
1404 2251 41 27 är
1467 2243 66 48 jag
1561 2243 198 47 skiljaktig.

505 2291 189 38 Utskottet
735 2292 65 36 har
841 2293 116 49 enligt
987 2293 73 34 min
1089 2294 93 44 åsigt
1209 2296 78 43 gått
1320 2292 58 37 för
1411 2294 113 46 långt,
1554 2293 47 36 då
1629 2292 64 37 det
1720 2295 150 47 stadgat
1897 2299 74 31 rätt
