2204 2721
706 207 257 40 Lag-Utskottets
993 205 168 32 Utlåtande
1185 208 58 30 N:o
1267 208 42 29 14.
1753 208 16 28 3

348 296 107 37 Hvad
489 296 130 36 dervid
654 296 172 36 beträffar
853 297 70 35 den
951 297 202 49 skärpning
1181 296 40 36 af
1244 295 153 38 straffen
1425 295 57 37 för
1510 309 45 23 en
1583 295 60 37 del
1671 295 40 37 af
1735 309 76 23 om-

210 346 183 39 förmälda
434 348 112 45 brott,
588 361 78 23 som
714 348 229 37 motionären
986 347 206 48 föreslagit,
1220 351 41 34 så
1288 348 65 36 har
1380 347 315 49 lagberedningen
1722 347 12 36 i
1761 346 51 37 af-

210 400 134 36 seende
386 403 45 45 på
473 399 69 36 den
585 412 68 23 ena
694 401 90 34 eller
816 400 116 35 andra
959 400 413 36 straffbestämmelsens
1401 406 118 29 större
1547 399 89 35 eller
1664 398 147 36 mindre

210 451 228 48 lämplighet,
480 451 11 34 i
531 451 78 35 sina
650 451 115 35 motiv
805 451 58 35 till
896 449 194 37 straffbalk
1127 451 182 43 anmärkt,
1338 456 54 30 att
1418 449 230 50 »grunderna
1674 448 59 37 för
1761 449 51 36 af-

209 502 157 36 vikande
395 500 387 37 straffbestämmelser
809 502 186 46 svårligen
1012 502 123 35 kunna
1150 501 198 48 uppgifvas
1364 500 233 37 annorlunda
1615 508 43 28 än
1675 513 136 35 genom

209 552 235 48 åberopande
487 551 38 36 af
564 552 210 48 skiljaktiga
815 553 163 47 begrepp
1021 565 58 22 om
1113 553 167 35 brottens
1308 564 78 23 mer
1414 553 90 35 eller
1531 550 145 36 mindre
1703 553 110 34 svåra

210 609 111 31 natur
348 604 69 35 och
447 617 60 22 om
535 604 192 43 rättvisan,
755 604 11 35 i
793 603 232 36 förhållande
1055 603 135 43 dertill,
1220 602 39 37 af
1283 603 65 35 det
1375 601 114 44 straff,
1518 615 77 23 som
1611 600 58 37 för
1684 602 127 47 hvarje

210 654 177 37 särskildt
426 656 104 35 brott
570 655 67 35 bör
665 661 166 29 utsättas.
887 654 127 36 Såsom
1044 667 45 23 en
1118 655 134 35 allmän
1281 654 201 47 grundsats
1511 654 10 34 i
1549 652 104 46 fråga
1680 653 130 35 härom

209 706 107 36 torde
347 706 95 35 dock
470 706 125 35 kunna
624 706 158 43 anföras,
811 711 65 38 att,
905 718 59 22 om
993 709 20 31 å
1033 718 68 22 ena
1113 705 104 36 sidan
1234 704 235 48 lagstiftaren
1487 705 65 34 bör
1567 703 62 36 vid
1646 703 167 36 straffets

210 757 291 36 bestämmande.
523 757 163 46 iakttaga
714 756 63 36 det
807 757 128 43 allvar,
957 769 78 22 som
1050 754 57 37 för
1123 756 231 36 ändamålets
1371 754 224 49 uppnående
1611 753 202 46 erfordras,

209 808 115 36 likväl
367 811 20 32 å
427 807 70 36 den
540 807 114 36 andra
683 808 65 34 allt
776 807 56 35 för
859 813 149 42 stränga
1036 805 108 37 straff
1168 806 130 36 förfela
1325 807 65 35 sitt
1418 807 72 34 mål
1519 807 10 34 i
1558 805 62 36 det
1648 805 44 35 de
1719 818 94 36 upp-

210 872 95 34 egga
344 858 132 36 folkets
517 858 151 35 lidelser
701 865 95 28 samt
830 859 114 34 alstra
977 858 156 35 hårdhet
1161 859 10 34 i
1199 859 125 34 sinnet
1351 858 68 34 och
1450 857 113 47 ovilja
1589 862 77 30 mot
1693 856 120 47 lagen.

209 909 195 37 Utskottet
430 909 184 43 betviflar,
642 914 54 30 att
726 910 93 35 1864
849 912 58 33 års
936 908 164 48 strafflag
1127 909 118 35 skulle
1273 909 10 34 i
1313 907 102 48 fråga
1445 921 59 22 om
1533 907 44 35 de
1604 907 116 43 brott,
1735 918 78 25 som

210 961 86 37 med
326 961 191 35 motionen
547 960 105 44 afses,
680 973 89 22 vara
797 960 56 35 för
882 959 102 36 mild.
1027 960 54 35 De
1101 960 300 46 anmärkningar,
1418 959 125 35 hvilka
1560 964 77 29 mot
1653 957 161 36 nämnda

210 1013 62 46 lag
300 1012 136 35 hittills
464 1011 192 48 försports,
685 1009 110 38 hafva
824 1011 220 35 åtminstone
1073 1011 9 34 i
1111 1010 200 36 allmänhet
1339 1013 81 43 gått
1447 1010 11 34 i
1487 1022 46 23 en
1553 1008 153 36 alldeles
1722 1014 94 30 mot-

211 1069 75 30 satt
314 1063 182 47 riktning;
524 1063 67 34 och
620 1062 72 36 den
720 1061 277 48 omständighet
1026 1062 128 44 allena,
1182 1067 54 30 att
1265 1067 52 29 ett
1345 1061 89 35 visst
1461 1061 96 46 slags
1577 1060 100 35 brott
1697 1059 119 36 under

213 1117 123 45 någon
358 1113 166 49 tidrymd
541 1112 78 37 ofta
634 1113 257 45 återkommer,
908 1112 105 36 torde
1029 1113 79 35 icke
1125 1112 240 47 ovilkorligen
1384 1112 136 43 bevisa,
1537 1116 55 30 att
1608 1110 61 36 det
1683 1111 11 34 i
1709 1111 108 46 lagen

211 1164 56 37 för
295 1178 143 22 samma
466 1165 103 35 brott
596 1164 194 36 bestämda
818 1162 108 37 straff
950 1170 40 28 är
1019 1162 57 36 för
1104 1163 163 48 lindrigt.
1317 1162 55 36 Då
1400 1162 124 35 härtill
1553 1162 179 43 kommer,
1761 1166 55 31 att

211 1216 117 48 enligt
367 1215 213 49 strafflagen
621 1215 178 36 domaren
840 1215 69 35 har
948 1219 54 31 att
1034 1215 11 34 i
1079 1214 127 47 hvarje
1242 1213 174 37 särskildt
1443 1212 66 37 fall
1536 1212 95 37 efter
1658 1212 45 36 de
1731 1212 86 36 med

211 1267 139 36 brottet
393 1265 178 38 förenade
616 1266 264 35 förmildrande
926 1266 89 35 eller
1054 1265 241 36 försvårande
1337 1264 319 47 omständigheter
1695 1264 123 47 lämpa

213 1317 156 44 straffet,
411 1323 104 37 samt,
544 1317 55 35 till
627 1316 93 48 följd
750 1315 36 38 af
814 1316 121 36 denna
963 1316 196 36 domarens
1186 1315 69 36 fria
1284 1314 265 50 pröfningsrätt
1577 1315 100 35 inom
1707 1314 72 36 den
1807 1315 11 35 i

214 1370 107 45 lagen
366 1368 206 42 utstakade,
614 1368 178 47 temligen
834 1367 228 36 vidsträckta
1103 1366 254 44 straffatitud,
1393 1365 180 37 behofvet
1601 1364 38 37 af
1664 1377 44 23 en
1737 1365 79 48 lag-

213 1419 221 47 förändring
462 1420 11 34 i
502 1418 96 50 syfte
629 1425 55 29 att
712 1419 133 48 skärpa
874 1431 45 23 en
948 1418 123 47 gifven
1096 1417 370 36 straffbestämmelse
1488 1424 51 36 är,
1562 1417 122 35 derest
1699 1415 121 37 denna

213 1470 136 37 latitud
381 1471 80 35 icke
489 1470 118 36 finnes
636 1470 64 35 allt
727 1469 58 36 för
812 1470 151 47 rymlig,
992 1470 10 34 i
1031 1468 154 36 främsta
1213 1476 161 28 rummet
1402 1467 186 36 beroende
1610 1467 127 48 derpå,
1759 1480 58 23 om

213 1523 125 46 lagens
367 1521 366 36 straffbestämmelse
762 1520 56 36 för
847 1520 64 35 det
938 1518 281 49 ifrågavarande
1249 1520 141 35 brottet
1417 1531 105 24 anses
1543 1519 57 35 till
1623 1518 66 36 sitt
1704 1518 116 36 maxi-

214 1585 102 24 mum
353 1585 87 23 vara
473 1571 59 36 för
560 1572 73 47 låg;
676 1584 83 23 men
788 1571 206 35 emellertid
1024 1571 188 35 motionen
1241 1569 152 50 åsyftar,
1423 1570 85 35 med
1537 1569 194 47 undantag
1759 1568 59 37 för

215 1630 56 30 ett
298 1622 63 37 fall
391 1624 167 43 allenast,
588 1622 215 48 förhöjning
832 1621 131 36 endast
991 1622 38 35 af
1053 1621 471 36 mivimibestämmelserna
1552 1621 10 34 1
1591 1620 229 36 strafflatitu-

216 1675 116 35 derna
359 1674 55 35 för
443 1673 282 47 ifrågavarande
754 1674 114 42 brott,
896 1673 119 34 finner
1042 1672 202 44 Utskottet,
1273 1685 78 22 som
1379 1683 107 24 anser
1513 1671 107 36 dessa
1641 1670 180 37 latituder

214 1726 55 35 till
310 1726 66 34 sitt
408 1723 219 37 nuvarande
661 1724 152 48 omfång
846 1736 88 22 vara
963 1722 55 36 för
1046 1722 324 48 straffmätningen
1399 1721 253 47 erforderliga,
1682 1721 71 36 den
1783 1721 39 36 af

216 1776 232 39 motionären
477 1775 209 47 föreslagna
715 1774 354 48 straffskärpningen
1090 1774 76 35 icke
1183 1774 91 35 böra
1289 1773 180 43 förordas,
1485 1773 93 35 helst
1592 1773 227 45 densamma,

217 1827 83 35 med
331 1827 174 47 behörigt
533 1825 241 48 aktgifvande
803 1828 45 45 på
876 1825 124 46 lagens
1029 1825 120 42 enhet,
1177 1825 79 35 icke
1273 1824 104 35 torde
1399 1824 126 35 kunna
1540 1823 280 48 åvägabringas,

217 1884 89 30 utan
348 1884 55 28 att
443 1875 197 49 samtidigt
669 1876 154 35 dermed
853 1876 476 35 minimibestämmelserna
1362 1875 97 35 inom
1489 1873 332 36 strafflatituderna

214 1927 59 36 för
303 1941 44 23 en
378 1928 136 48 mängd
545 1928 115 35 andra
687 1928 101 34 brott
812 1927 140 47 jemväl
983 1926 147 36 komme
1159 1932 54 29 att
1241 1927 112 46 höjas.

351 1977 82 44 Om,
475 1982 123 32 såsom
640 1978 107 35 ofvan
789 1975 124 38 blifvit
946 1978 143 47 antydt,
1120 1978 154 35 orsaken
1303 1978 57 34 till
1389 1976 173 36 förökadt
1590 1976 99 36 antal
1717 1976 103 36 brott

218 2030 79 35 icke
329 2029 236 35 uteslutande
594 2037 38 27 är
662 2034 54 30 att
743 2029 89 34 söka
861 2027 134 45 deruti,
1024 2033 54 30 att
1107 2028 62 35 det
1197 2027 40 35 af
1260 2029 110 46 lagen
1391 2035 78 28 mot
1488 2028 141 34 brottet
1649 2026 172 36 använda

217 2080 172 35 straffhot
430 2087 38 28 är
509 2079 57 36 för
598 2080 118 46 ringa,
749 2092 110 35 synes
894 2078 103 36 detta
1026 2078 79 36 dels
1132 2079 256 46 förnämligast
1415 2079 99 46 gälla
1541 2077 137 36 sådana
1706 2077 114 45 brott,

219 2131 123 36 hvilka
383 2134 123 33 såsom
548 2130 44 35 de
632 2129 285 48 ifrågavarande
958 2131 10 33 i
1003 2130 198 35 allmänhet
1228 2131 113 44 begås
1369 2130 10 34 i
1409 2128 116 36 sådan
1554 2128 266 48 öfverretning,

217 2188 55 29 att
299 2181 247 45 brottslingen
575 2180 78 35 icke
683 2181 69 35 kan
781 2180 217 35 förutsättas
1027 2193 67 34 ega
1123 2179 239 48 erforderligt
1381 2180 216 47 sinneslugn
1618 2178 57 36 för
1690 2179 131 35 beräk-

216 2233 91 47 ning
336 2232 38 35 af
400 2230 306 49 straffpåföljden,
735 2231 76 35 dels
839 2231 66 35 ock
932 2231 134 46 jemval
1096 2231 11 34 i
1134 2231 113 47 öfrigt
1267 2231 180 35 särskildt
1467 2243 67 34 ega
1555 2229 268 48 tillämplighet

217 2286 47 45 på
304 2283 45 34 de
391 2281 266 46 förhållanden,
698 2294 76 23 som
817 2288 164 30 närmast
1020 2280 186 37 föranledt
1242 2281 70 35 den
1341 2280 252 48 föreliggande
1622 2281 200 40 motionen,
