1884 2778
308 207 41 30 14
693 206 121 31 Andra
832 207 250 39 lagutskottets
1101 206 181 31 utlåtande
1300 215 44 22 nr
1361 207 53 30 25.

353 295 166 31 Livränta
535 295 103 40 utgår
654 295 108 40 enligt
777 295 170 40 följande,
963 296 12 29 i
990 295 21 30 4
1029 295 16 37 8
1063 295 12 30 i
1090 295 255 40 förordningen
1360 295 147 40 intagna
1522 295 122 30 tabell:

952 386 164 25 Livräntans
1135 386 224 32 månadsbelopp
1379 387 8 24 i
1406 386 104 25 kronor

864 449 69 25 intill
951 450 137 30 utgången
1108 457 35 17 av
1160 450 56 25 den
1225 445 15 40 |
1254 450 63 25 från
1336 450 135 31 utgången
1491 457 35 18 av
1544 449 56 26 den

563 480 237 40 Invaliditetsgrad
868 485 113 29 månad,
1001 484 140 26 varunder
1159 486 54 25 den
1229 480 18 39 |
1255 486 113 28 månad,
1388 485 140 25 varunder
1546 485 55 25 den

543 530 120 31 uttryckt
682 529 8 25 i
709 533 114 27 procent
857 520 125 26 |skadade
990 520 79 31 fyller
1078 521 34 25 25
1124 522 38 27 år,
1172 522 53 24 och
1244 521 126 25 [skadade
1380 521 59 31 fyllt
1449 521 33 25 25
1494 521 40 29 år,
1543 520 69 26 intill

869 557 61 24 från
949 557 136 30 utgången
1104 564 35 17 av
1158 557 56 25 den
1245 557 135 31 |utgången
1389 565 34 17 av
1432 558 55 24 den
1497 557 114 29 månad,

868 592 113 29 månad,
1000 592 139 25 varunder
1157 592 56 25 han
1272 593 139 25 varunder
1430 594 56 24 han
1506 592 79 32 fyller

960 627 59 32 fyllt
1038 628 33 24 67
1093 628 30 25 år
1386 629 32 24 67
1440 629 31 24 år

652 719 31 24 10
1034 719 35 24 20
1421 718 35 25 20

651 754 31 25 12
1035 754 35 25 24
1422 754 34 24 24

652 790 31 24 14
1035 790 35 25 28
1422 790 34 24 28

652 826 31 24 15
1036 826 34 24 30
1422 825 35 25 30

652 861 32 25 16
1036 861 33 24 32
1423 861 33 24 32

652 897 32 24 18
1036 897 35 24 36
1423 896 34 24 36

650 933 34 24 20
1036 933 35 24 40
1423 932 35 24 40

651 968 33 24 25
1037 968 34 25 50
1424 967 34 24 50

651 1004 34 24 30
1037 1004 34 24 65
1425 1003 33 24 70

652 1039 33 25 33
697 1039 34 31 1/4
1038 1039 33 25 75
1424 1039 35 24 80

652 1075 33 25 35
1038 1075 34 24 80
1425 1074 33 24 85

652 1111 34 24 40
1038 1111 34 24 95
1409 1110 49 24 105

653 1146 33 24 45
1023 1146 50 25 110
1409 1146 50 24 120

653 1182 34 24 50
1023 1182 49 24 125
1410 1181 49 25 135

654 1218 32 24 55
1023 1218 50 23 140
1410 1216 49 25 155

654 1253 33 24 60
1024 1253 49 24 155
1411 1252 49 25 175

654 1289 33 24 65
1024 1289 50 24 170
1411 1288 49 25 195

654 1325 34 24 66
700 1323 33 32 2/3
1024 1325 50 24 175
1409 1323 51 25 200

656 1360 33 24 70
1025 1360 49 25 185
1409 1359 52 25 215

656 1396 32 24 75
1023 1396 52 24 200
1410 1395 51 24 235

656 1432 33 23 80
1023 1432 52 24 215
1410 1430 51 25 255

656 1467 33 24 85
1023 1467 53 24 230
1410 1466 52 24 280

656 1503 34 23 90
1024 1503 52 24 245
1410 1502 52 24 310

641 1538 50 24 100
1024 1538 52 24 275
1411 1537 52 24 350

365 1651 125 30 Svarar
506 1651 351 40 invaliditetsgraden
874 1654 74 27 mot
966 1651 196 40 procenttal
1180 1652 81 29 över
1278 1651 60 34 tio,
1358 1660 75 21 som
1450 1650 78 30 icke
1546 1650 119 29 finnes
1683 1649 138 40 angivet

318 1705 13 29 i
350 1705 238 30 ovanstående
608 1705 115 34 tabell,
746 1705 91 29 skall
857 1705 151 30 livränta
1029 1705 138 39 utgivas
1187 1705 81 29 med
1289 1705 58 29 det
1368 1704 126 40 belopp
1516 1704 56 29 för
1592 1703 131 30 månad
1745 1712 75 20 som

319 1758 108 40 enligt
443 1758 153 30 tabellen
613 1758 102 40 utgår
731 1758 58 30 vid
806 1759 160 29 närmast
983 1759 108 39 högre
1108 1758 316 39 invaliditetsgrad.

366 1857 13 29 I
402 1857 223 30 motionerna
649 1858 28 28 1:
694 1857 64 30 314
781 1857 65 30 och
870 1858 45 29 II:
932 1857 63 30 405
1021 1858 90 38 sägs,
1134 1859 50 28 att
1208 1866 42 21 en
1274 1856 227 40 uppräkning
1525 1866 42 20 av
1590 1856 231 38 ersättnings-

320 1910 170 40 beloppen
506 1910 170 30 framstår
694 1910 115 29 såsom
829 1910 143 30 särskilt
988 1910 191 39 angelägen
1195 1909 225 30 beträffande
1436 1909 42 29 de
1496 1918 43 21 av
1554 1907 268 41 omreglerings-

319 1964 255 39 förordningen
605 1963 194 30 omfattade
831 1963 219 30 skadefallen
1082 1964 111 29 under
1224 1962 441 41 värnpliktstjänstgöring
1697 1972 46 19 m.
1775 1971 46 19 m.

320 2017 262 30 Motionärerna
598 2017 181 30 fortsätta:

366 2098 52 29 En
439 2098 214 39 förbättring
674 2098 62 29 bör
757 2098 11 29 i
790 2098 113 30 första
924 2098 95 30 hand
1042 2098 267 30 åstadkommas
1332 2098 55 29 för
1410 2098 42 29 de
1474 2097 348 39 ersättningstagare,

321 2151 76 21 som
418 2144 60 28 äro
497 2142 209 40 höggradigt
725 2142 282 30 invalidiserade.
1028 2142 68 30 För
1116 2142 280 30 helinvaliderna
1418 2151 103 29 synes
1542 2141 281 30 månadslivrän-

320 2189 63 28 tan
399 2187 163 39 rimligen
580 2187 85 30 böra
683 2186 103 40 höjas
804 2187 53 29 till
874 2186 64 31 450
955 2187 133 29 kronor
1105 2187 11 29 i
1134 2187 166 30 åldrarna
1318 2186 129 30 25—567
1468 2186 39 30 år
1524 2186 65 29 och
1609 2185 64 30 350
1691 2186 132 29 kronor

320 2232 12 29 i
357 2232 118 39 övriga
500 2231 129 31 åldrar.
656 2232 13 29 I
694 2231 207 40 anslutning
925 2231 53 30 till
1004 2232 202 38 grunderna
1232 2231 56 29 för
1314 2230 508 40 omregleringsförordningen

320 2277 100 30 torde
440 2276 255 39 förbättringar
716 2285 43 21 av
779 2275 280 40 proportionsvis
1080 2275 138 30 mindre
1241 2275 132 30 storlek
1394 2275 85 30 böra
1501 2275 143 39 medges
1665 2275 58 30 vid
1744 2284 80 30 par-

320 2321 74 29 tiell
415 2321 209 33 invaliditet,
649 2329 74 21 som
745 2321 198 29 motsvarar
966 2320 228 39 nedsättning
1216 2329 43 21 av
1281 2319 306 40 arbetsförmågan
1610 2320 81 29 med
1713 2319 110 29 minst

321 2367 53 28 tre
396 2365 185 30 tiondelar.
604 2365 76 29 Den
701 2365 12 29 i
735 2364 20 30 4
780 2364 16 37 8
820 2374 43 21 av
885 2363 508 41 omregleringsförordningen
1416 2363 146 40 intagna
1586 2364 151 30 tabellen
1760 2363 63 30 bör

321 2409 190 40 lämpligen
529 2410 124 30 kunna
670 2409 130 30 ändras
819 2409 48 34 så,
886 2410 52 29 att
954 2409 324 40 månadsbeloppen
1295 2408 59 30 vid
1373 2408 153 30 30—100
1544 2410 165 38 procents
1727 2408 97 30 inva-

321 2454 114 30 liditet
451 2454 48 30 bli
516 2454 159 39 följande
691 2454 12 29 i
719 2453 167 31 åldrarna
901 2454 113 29 under
1032 2453 40 30 25
1090 2453 83 30 eller
1190 2454 81 29 över
1288 2453 40 29 67
1348 2452 49 35 år,
1414 2453 198 40 respektive
1629 2453 11 29 i
1658 2453 165 29 åldrarna

321 2499 232 30 däremellan:
