1872 2788
256 153 21 30 2
572 154 124 30 Första
720 154 243 39 lagutskottets
988 155 179 30 utlåtande
1191 165 42 20 nr
1256 157 41 29 32
1320 157 39 29 år
1385 157 83 30 1966

416 231 225 35 (Nuvarande
668 233 146 40 lydelse)

258 303 37 28 är
320 303 137 39 stadgat
481 304 61 39 äge
566 304 89 29 dock
679 305 31 39 ej
737 305 232 40 tillämpning,

255 355 59 20 om
330 347 168 39 åtgärden
515 348 99 30 faller
630 348 97 30 inom
742 350 156 29 området
915 350 55 29 för

255 391 130 29 rörelse
421 401 74 20 som
530 401 43 20 av
605 393 251 40 förmyndaren
890 394 80 30 med

257 435 353 40 överförmyndarens
645 438 178 39 samtycke
856 438 114 30 drives

256 479 55 29 för
328 479 67 30 den
411 480 204 40 omyndiges
631 482 162 39 räkning.
811 482 159 31 Överför-

256 524 214 39 myndarens
496 526 177 39 samtycke
698 535 81 21 vare
804 527 30 39 ej
861 527 108 30 heller

256 568 220 40 erforderligt
501 569 11 29 i
535 569 99 40 fråga
657 579 58 21 om
738 571 59 29 lån
820 573 72 28 mot
917 572 53 29 sä-

254 612 123 30 kerhet
394 622 43 21 av
454 613 201 41 inteckning
671 615 12 29 i
699 615 184 40 omyndigs
900 616 69 30 fas-

254 658 37 28 ta
318 657 169 39 egendom
514 658 82 29 eller
622 660 171 34 tomträtt,
822 660 146 30 såframt

256 700 93 30 lånet
383 704 170 37 upptages
587 703 96 29 inom
716 705 52 28 tre
802 704 166 30 månader

256 745 78 29 från
370 745 58 30 det
465 746 247 41 inteckningen
748 749 220 30 meddelades

253 789 67 29 och
344 790 58 29 vid
427 790 113 30 lånets
566 792 222 39 upptagande
814 793 154 40 eftergift

255 843 42 20 av
317 834 251 40 förmyndaren
588 836 30 39 ej
642 837 100 38 göres
762 837 11 29 i
793 837 98 40 fråga
911 847 57 21 om

252 877 44 30 de
316 878 126 30 villkor
464 888 75 21 som
560 880 58 30 äro
639 881 151 38 angivna
810 882 11 29 i
841 882 56 29 det
917 882 51 29 in-

256 922 170 30 tecknade
442 923 256 32 :skuldebrevet.

1186 237 224 41 (Föreslagen
1436 238 147 40 lydelse)

1027 307 37 29 är
1090 307 137 40 stadgat
1250 308 61 39 äge
1336 308 89 30 dock
1449 309 31 39 ej
1506 309 234 41 tillämpning,

1026 360 57 20 om
1100 351 168 40 åtgärden
1284 352 100 30 faller
1400 353 96 30 inom
1512 354 158 30 området
1687 355 54 29 för

1026 396 129 29 rörelse
1191 405 74 21 som
1300 406 42 20 av
1376 397 252 40 förmyndaren
1662 399 80 30 med

1027 440 354 40 överförmyndarens
1415 443 179 39 samtycke
1627 443 115 30 drives

1027 484 54 29 för
1098 484 67 30 den
1182 485 203 40 omyndiges
1402 487 161 39 räkning.
1581 487 161 30 Överför-

1026 529 213 39 myndarens
1265 531 179 39 samtycke
1468 540 81 21 vare
1574 531 30 40 ej
1632 532 109 29 heller

1027 573 220 40 erforderligt
1270 575 11 29 i
1305 574 99 40 fråga
1427 584 57 21 om
1508 576 127 30 sådant
1658 578 85 28 stat-

1028 617 60 40 ligt
1108 618 57 30 lån
1185 627 75 22 som
1282 621 168 37 upptages
1470 620 56 39 för
1545 622 52 28 att
1618 621 124 30 bereda

1026 662 167 39 omyndig
1220 662 100 40 hjälp
1350 663 53 29 till
1432 663 198 41 utbildning
1658 665 83 29 eller

1026 706 200 40 bosättning
1249 707 82 30 eller
1353 707 12 29 i
1384 707 100 40 fråga
1507 717 56 21 om
1587 709 58 30 lån
1668 712 71 27 mot

1027 751 162 29 säkerhet
1217 761 43 20 av
1286 752 204 40 inteckning
1517 753 12 29 i
1555 753 185 40 omyndigs

1027 795 92 30 fasta
1134 797 168 38 egendom
1317 797 83 30 eller
1414 798 166 34 tomträtt,
1597 798 144 30 såframt

1024 839 93 30 lånet
1152 842 169 38 upptages
1355 841 97 30 inom
1485 843 53 28 tre
1572 842 168 30 månader

1025 884 79 29 från
1141 884 57 30 det
1234 885 247 40 inteckningen
1517 886 223 30 meddelades

1024 928 65 29 och
1113 928 59 30 vid
1197 929 113 30 lånets
1335 930 223 39 upptagande
1583 931 156 40 eftergift

1024 982 42 20 av
1085 973 252 40 förmyndaren
1357 975 30 38 ej
1412 975 99 39 göres
1531 975 12 29 i
1563 975 99 39 fråga
1681 985 58 20 om

1024 1017 41 30 de
1084 1018 127 29 villkor
1233 1027 75 21 som
1327 1019 61 29 äro
1409 1019 150 39 angivna
1579 1020 11 29 i
1610 1020 57 29 det
1689 1020 50 29 in-

1022 1062 171 30 tecknade
1214 1062 252 31 skuldebrevet.

1022 1124 44 3 —
1082 1123 46 5 --
1146 1107 60 29 äro
1226 1107 127 29 därtill.

295 1146 122 39 EFjmp—
517 1165 194 5 o———
753 1167 156 4 ———
928 1159 101 21 anses
1049 1150 191 40 tillbörligt.

297 1289 123 30 Denna
437 1290 56 39 lag
509 1290 116 30 träder
643 1291 11 29 i
671 1291 96 30 kraft
786 1292 66 30 den
872 1293 13 29 1
904 1293 68 39 juli
992 1293 92 30 1966.

930 1547 40 44 2)
981 1547 72 43 Lag

310 1625 59 21 om
386 1614 135 33 ändrad
537 1614 127 44 lydelse
682 1628 45 21 av
743 1617 45 32 93
804 1618 23 43 8
842 1617 321 45 barnavårdslagen
1179 1619 68 33 den
1262 1620 45 33 29
1324 1620 88 43 april
1429 1621 90 33 1960
1537 1623 59 42 (nr
1612 1622 62 43 97)

295 1716 212 40 Härigenom
524 1718 195 36 förordnas,
737 1721 49 28 att
804 1720 40 30 93
862 1720 15 37 $
895 1720 318 41 barnavårdslagen
1229 1722 66 30 den
1312 1723 40 30 29
1369 1723 88 40 april
1477 1724 82 30 1960
1578 1725 88 29 skall
1683 1734 52 21 er-

251 1760 93 30 hålla
360 1761 136 30 ändrad
512 1762 129 40 lydelse
658 1764 45 39 på
721 1765 68 29 sätt
805 1765 114 29 nedan
936 1766 150 39 angives.

407 1842 226 34 (Nuvarande
659 1844 147 39 lydelse)

1177 1847 225 40 (Föreslagen
1429 1848 146 39 lydelse)

945 1926 41 30 93
1006 1926 27 37 8.

292 1974 242 40 Myndigheter
553 1976 112 30 vilkas
684 1996 45 4 —
745 1995 45 4 -—
807 1996 44 4 —
869 1979 195 30 nämndens
1084 1980 216 40 ingripande.

1062 2026 75 29 Den
1175 2035 76 20 som
1289 2027 56 39 får
1372 2027 198 31 kännedom
1599 2038 55 20 om
1683 2031 50 28 att

1020 2070 124 38 någon,
1186 2079 75 20 som
1303 2071 34 40 ej
1376 2071 80 40 fyllt
1496 2073 145 30 aderton
1683 2074 49 36 år,

1018 2113 236 31 misshandlas
1288 2115 11 29 i
1329 2114 154 31 hemmet
1516 2117 82 29 eller
1630 2117 102 39 eljest

1019 2157 62 30 där
1116 2158 190 31 behandlas
1340 2160 44 39 på
1418 2160 126 30 sådant
1577 2162 70 29 sätt
1680 2163 51 28 att

1015 2202 89 29 hans
1126 2203 201 39 kroppsliga
1349 2204 83 30 eller
1452 2205 157 39 själsliga
1630 2205 100 31 hälsa

1019 2247 146 29 utsättes
1192 2247 57 40 för
1274 2248 77 39 fara
1380 2248 61 30 bör
1468 2249 139 30 anmäla
1636 2250 94 30 detta

1017 2291 52 29 till
1086 2291 359 32 barnavårdsnämnd.

290 2438 122 30 Denna
428 2439 57 39 lag
502 2439 116 31 träder
635 2440 11 30 i
663 2441 96 30 kraft
777 2441 66 30 den
864 2442 14 29 1
896 2442 68 39 juli
984 2443 93 30 1966.
