2211 2686
410 176 41 32 64
887 171 217 38 Logutskottets
1132 168 156 31 Utlåtande
1311 167 46 30 Nr
1380 167 51 32 44.

558 256 121 37 (Kungl.
708 255 104 35 Moj:ts
835 253 142 37 förslag
950 249 30 48 :)

367 311 249 38 verksamhet
645 309 72 36 och
746 320 62 24 om
836 306 125 37 akties
985 305 152 47 belopp,

360 372 59 32 än
453 364 111 37 äfven
592 363 13 36 i
633 363 46 35 de
713 368 149 39 ämnen,
892 371 80 25 som
1001 357 140 38 omför-

370 418 121 37 mälas
519 417 13 35 1
563 419 18 33 6
612 416 29 46 8.

449 524 74 35 Det
560 522 147 47 åligger
744 519 185 48 styrelsen
968 520 69 43 att,
1076 517 68 35 där

371 580 42 34 så
440 576 67 37 ske
534 576 90 45 kan,
645 575 14 35 i
677 571 364 39 rekommenderadt
1059 569 88 36 bref

373 642 62 25 om
453 629 346 47 bolagsstämmans
812 625 128 36 beslut
956 622 186 47 ofördröj-

371 683 106 47 ligen
504 682 228 35 underrätta
756 677 132 47 hvarje
908 677 234 46 aktieägare.

716 804 46 33 49
794 798 31 50 8.

452 891 197 46 Teckning
690 889 40 36 af
769 889 45 35 de
855 899 75 35 nya
967 886 178 36 aktierna

374 945 101 36 skall
527 944 65 36 ske
643 946 22 33 å
715 939 306 48 teckningslista,
1072 950 75 24 som

375 997 227 49 egenhändigt
638 993 280 47 underskrifvits
954 993 45 46 af
1022 991 125 48 styrel-

374 1063 79 24 sens
474 1049 201 37 ledamöter.
733 1045 414 51 Styrelseledamöternas

375 1100 372 47 namnunderskrifter
780 1093 16 58 —
811 1099 99 36 skola
969 1109 90 24 vara
1109 1097 39 41 af

376 1157 130 35 vittnen
534 1154 148 49 styrkta.

455 1206 307 47 Teckningslista
808 1204 99 35 skall
951 1201 195 36 innehålla

377 1261 346 46 bolagsstämmans
762 1256 127 36 beslut
931 1267 62 23 om
1026 1253 121 37 aktie-

377 1312 212 48 kapitalets
635 1310 158 46 ökning,
840 1307 157 48 uppgift
1038 1310 22 32 å
1101 1307 46 34 de

378 1366 361 46 tidningsnummer,
769 1363 14 34 i
809 1361 133 36 hvilka
978 1359 169 37 beslutet

379 1418 123 46 enligt
529 1419 46 33 41
598 1416 18 46 $
635 1415 103 37 varit
762 1414 158 44 infördt,
942 1411 206 45 äfvensom,

380 1471 69 35 där
493 1472 50 44 på
585 1468 127 47 grund
753 1467 41 35 af
829 1464 267 37 bestämmelse
1137 1463 13 35 i

379 1523 168 36 beslutet
562 1521 224 46 aktieägare
802 1519 92 35 eller
910 1529 127 24 annan
1053 1515 99 37 skall

380 1581 73 41 äga
486 1574 142 36 teckna
656 1585 51 34 ny
735 1571 105 36 aktie
868 1570 88 35 med
982 1571 81 33 rätt
1092 1570 59 34 att

380 1626 130 37 därför
528 1624 194 48 tillskjuta
738 1625 119 35 annat
872 1628 49 30 än
935 1621 217 48 penningar

381 1680 92 35 eller
502 1679 108 46 eljest
628 1678 88 35 med
734 1676 153 45 villkor,
907 1673 243 47 redogörelse

380 1732 61 35 för
468 1732 45 35 de
543 1729 341 47 omständigheter,
915 1739 81 24 som
1019 1726 132 35 kunna

381 1797 93 23 vara
503 1783 41 36 af
566 1782 86 36 vikt
671 1782 65 35 vid
754 1779 238 38 bedömande
1012 1778 41 36 af
1067 1778 85 35 vill-

381 1837 133 35 korets
553 1834 195 47 betydelse
775 1833 61 35 för
862 1832 168 46 bolaget,
1060 1833 92 33 samt

382 1888 154 48 bestyrkt
576 1887 151 48 afskrift
767 1887 43 41 af
846 1884 41 36 de
922 1883 230 46 handlingar,

382 1953 73 24 som
508 1939 155 36 rörande
702 1938 162 36 villkoret
904 1936 120 36 kunna
1065 1947 89 24 vara

382 1992 223 49 upprättade.

460 2046 17 34 I
487 2043 295 48 teckningslista
791 2042 98 36 skall
899 2041 73 36 ock
981 2040 172 47 angifvas

383 2096 255 44 förutvarande
693 2094 281 48 aktiekapitalets
1026 2091 130 37 storlek

385 2152 178 40 äfvensom
605 2150 72 35 den
723 2147 175 46 ordning,
941 2145 14 36 1
995 2144 159 36 hvilken

385 2201 293 37 aktietecknare
723 2201 70 35 bör
838 2198 167 47 fullgöra
1051 2197 101 35 hvad

384 2255 145 35 honom
573 2256 50 44 på
669 2253 124 46 grund
836 2251 41 35 af
917 2250 236 46 teckningen

385 2307 160 46 åligger.

1401 246 172 41 (Utskottets
1596 246 112 37 förslag
1716 244 22 40 :)

1193 303 32 47 ej
1247 303 150 35 mindre
1418 314 63 24 om
1500 300 203 37 föremålet
1717 298 60 37 för
1791 298 176 47 bolagets

1195 355 247 37 verksamhet
1471 354 72 37 och
1572 365 61 25 om
1662 352 123 37 akties
1812 351 155 47 belopp,

1196 415 49 31 än
1279 408 111 37 äfven
1422 408 14 35 i
1464 408 46 35 de
1539 412 150 40 ämnen,
1719 417 79 24 som
1828 404 140 36 omför-

1194 462 119 36 mälas
1341 462 14 35 1
1385 463 19 34 6
1434 460 30 47 8.

1275 516 71 35 Det
1390 514 148 47 åligger
1575 511 186 48 styrelsen
1793 512 71 44 att,
1900 509 69 36 där

1196 571 41 33 så
1265 568 67 36 ske
1359 567 90 46 kan,
1470 567 13 35 i
1506 563 365 39 rekommenderadt
1884 560 86 38 bref

1197 634 63 24 om
1274 620 347 47 bolagsstämmans
1639 617 128 37 beslut
1783 614 187 48 ofördröj-

1197 675 105 47 ligen
1330 673 229 36 underrätta
1579 670 131 48 hvarje
1731 669 236 47 aktieägare.

1513 796 47 33 42
1591 790 31 51 8.

1277 882 199 48 Teckning
1518 881 41 36 af
1597 879 45 37 de
1683 892 76 35 nya
1795 878 177 36 aktierna

1200 936 99 37 skall
1326 936 66 36 ske
1422 938 21 32 å
1470 932 298 48 teckningslista
1793 932 14 35 i
1825 930 147 43 hufvud-

1201 990 119 46 skrift,
1362 987 144 44 försedd
1546 986 78 36 med
1672 983 302 50 styrelseledamö-

1199 1046 121 32 ternas
1347 1039 250 51 egenhändiga,
1627 1036 194 38 bevittnade
1848 1048 125 35 namm-

1199 1093 276 46 underskrifter,
1507 1092 84 36 eller
1617 1092 15 35 i
1646 1091 159 46 afskrift,
1822 1088 155 49 bestyrkt

1202 1149 44 42 af
1268 1147 162 36 notarius
1453 1144 173 50 publicus.

1278 1198 308 47 Teckningslista
1636 1196 99 36 skall
1779 1193 195 37 innehålla

1201 1252 345 46 bolagsstämmans
1593 1248 125 37 beslut
1760 1259 62 24 om
1851 1246 123 36 aktie-

1200 1304 213 47 kapitalets
1464 1302 158 46 ökning,
1668 1299 156 48 uppgift
1866 1301 22 33 å
1929 1298 46 35 de

1200 1357 360 46 tidningsnummer,
1597 1354 15 35 i
1639 1353 133 36 hvilka
1807 1351 169 36 beslutet

1203 1409 123 47 enligt
1354 1411 46 32 41
1424 1406 20 49 $
1464 1407 102 36 varit
1589 1406 157 45 infördt,
1769 1404 205 44 äfvensom,

1204 1464 70 34 där
1318 1463 51 44 på
1409 1460 126 47 grund
1577 1458 41 36 af
1654 1456 268 38 bestämmelse
1963 1455 14 35 i

1204 1513 170 38 beslutet
1389 1513 225 46 aktieägare
1629 1510 93 36 eller
1738 1521 129 25 annan
1878 1507 100 36 skall

1205 1573 73 41 äga
1310 1566 143 35 teckna
1481 1577 51 34 ny
1561 1564 105 35 aktie
1694 1562 88 36 med
1808 1563 82 33 rätt
1918 1561 60 34 att

1205 1619 131 36 därför
1354 1617 194 47 tillskjuta
1564 1617 120 35 annat
1699 1620 49 30 än
1762 1613 216 48 penningar

1206 1672 92 35 eller
1327 1670 109 47 eljest
1455 1670 88 35 med
1560 1668 154 45 villkor,
1736 1664 241 49 redogörelse

1205 1725 60 35 för
1293 1724 46 35 de
1369 1721 340 47 omständigheter,
1740 1731 81 24 som
1844 1718 133 35 kunna

1206 1788 93 25 vara
1328 1775 41 37 af
1388 1775 87 36 vikt
1493 1774 66 36 vid
1577 1772 239 37 bedömande
1836 1770 41 36 af
1891 1769 85 36 vill-

1205 1830 131 34 korets
1364 1827 195 47 betydelse
1587 1826 60 35 för
1673 1825 168 46 bolaget.

1284 2039 17 34 I
1341 2035 296 48 teckningslista
1679 2034 99 36 skall
1813 2033 74 36 ock
1915 2044 66 24 an-

1208 2090 123 48 gifvas
1361 2090 73 35 den
1460 2086 378 48 ordning,
1645 2080 21 62 i
1680 2086 152 48 hvilken
1858 2084 123 37 aktie-

1210 2143 185 36 tecknare
1424 2142 71 35 bör
1521 2140 168 47 fullgöra
1716 2139 104 35 hvad
1837 2138 145 35 honom

1207 2199 51 44 på
1281 2194 126 48 grund
1436 2193 41 36 af
1501 2192 236 46 teckningen
1766 2190 159 47 åligger.
