2171 2697
701 180 237 43 Lagutskottets
966 179 170 33 Utlåtande
1162 179 52 32 Nr
1238 179 51 32 44.
1690 179 60 31 131

203 263 82 36 från
314 261 304 50 aktiekapitalets
646 260 379 50 inbetalningsdagar
1038 260 120 49 jämte
1178 259 61 37 det
1257 259 151 49 belopp,
1429 272 80 23 som
1530 258 41 36 af
1586 257 71 37 den
1677 257 119 50 enligt

201 318 24 34 4
264 313 20 51 &
326 314 245 48 aktieägarna
613 313 285 37 tillkommande
938 312 145 37 hälften
1125 312 40 37 af
1203 310 309 51 öfverskjutande
1554 309 241 51 vinstbelopp

202 367 125 38 blifvit
356 367 58 37 för
442 367 109 36 deras
575 366 165 49 räkning
760 366 124 48 afsatt,
904 365 272 37 reservfonden
1196 365 109 36 alltså
1323 364 84 37 icke
1427 363 81 37 däri
1527 362 265 38 inberäknad.»

331 419 58 37 Då
430 419 141 37 tvekan
612 419 76 36 kan
728 421 150 47 uppstå,
921 417 186 37 huruvida
1144 431 46 23 en
1219 416 115 38 sådan
1362 415 193 38 föreskrift
1583 415 76 37 kan
1687 428 108 24 anses

203 472 119 37 strida
363 477 79 30 mot
471 471 101 36 detta
600 476 178 41 moment,
807 471 68 35 har
898 470 71 48 jag
996 470 200 48 ifrågasatt
1224 474 53 31 ett
1305 468 295 49 förtydligande,
1629 480 80 23 som
1737 473 58 30 ut-

201 523 217 51 tryckligen
447 523 224 49 godkänner
699 535 47 24 en
774 521 104 50 dylik
906 521 203 37 föreskrift.

331 576 108 36 Inom
467 575 186 37 utskottet
681 574 68 36 har
777 575 12 35 i
818 574 208 48 anledning
1052 574 111 36 häraf
1187 573 64 37 vid
1280 572 344 49 öfverläggningen
1643 571 155 37 uttalats

203 629 74 36 den
316 625 260 53 uppfattning,
619 632 54 32 att
714 626 245 38 förevarande
988 631 109 31 ämne
1126 626 31 49 ej
1189 632 129 43 syntes
1347 626 49 36 ha
1424 625 58 36 sin
1508 624 99 50 plats
1634 624 11 36 i
1676 624 122 36 denna

202 682 64 46 lag
295 681 69 35 och
394 685 54 31 att
476 679 59 37 för
562 679 118 49 öfrigt
709 679 99 37 hvad
828 692 80 23 som
928 678 228 37 därutinnan
1176 678 58 36 för
1252 677 234 37 närvarande
1507 682 142 31 ansetts
1669 676 129 49 giltigt

202 736 119 33 måste
350 732 107 37 äfven
488 732 119 37 blifva
636 732 63 36 det
727 731 92 37 efter
846 745 75 35 nya
950 731 192 48 förslaget.

332 785 113 37 Detta
485 784 69 37 har
591 785 69 49 jag
701 783 154 37 härmed
892 783 99 37 velat
1019 783 112 36 hafva
1160 783 227 36 åtminstone
1415 781 59 37 till
1501 781 205 37 utskottets
1735 780 62 37 be-

204 838 188 36 tänkande
421 837 235 36 antecknat.»

947 958 46 35 55
1022 956 32 49 Y.

333 1047 98 36 Herr
471 1047 200 35 Pettersson
716 1045 83 36 från
843 1043 209 48 Södertälje
1094 1043 68 36 har
1203 1043 85 36 med
1329 1042 277 37 instämmande
1645 1041 41 36 af
1711 1042 86 35 herr

205 1101 217 44 Lindhagen
451 1098 142 36 anfört:

337 1150 155 37 »Såsom
534 1151 12 35 i
589 1149 482 49 aktiebolagskommitténs
1112 1146 239 37 betänkande
1393 1146 71 36 och
1492 1146 85 36 herr
1607 1145 45 36 G.
1684 1144 114 37 Sand-

209 1209 138 32 ströms
384 1202 146 37 motion
563 1201 238 45 framhållits,
831 1206 41 31 är
900 1201 63 36 det
990 1199 208 49 ingalunda
1226 1198 183 49 ovanligt,
1439 1203 55 31 att
1521 1197 238 49 majoriteten
1786 1197 13 35 i

208 1261 54 32 ett
290 1254 219 49 aktiebolag
537 1267 139 35 genom
704 1253 263 37 innehållande
989 1252 40 36 af
1044 1251 203 49 utdelning
1266 1250 108 38 söker
1395 1250 144 36 »svälta
1559 1254 65 32 ut»
1647 1248 153 37 minori-

208 1313 102 32 teten
353 1307 66 37 och
465 1306 132 50 tvinga
634 1307 73 36 den
736 1311 54 31 att
818 1305 57 37 till
902 1304 199 49 underpris
1131 1303 93 49 sälja
1253 1303 79 36 sina
1361 1303 128 36 aktier.
1545 1302 117 36 Detta
1689 1302 110 36 miss-

205 1359 232 38 förhållande
490 1372 114 36 synes
653 1358 208 50 lämpligen
912 1358 127 36 kunna
1085 1356 234 48 förebyggas
1364 1368 139 36 genom
1551 1354 155 37 fordran
1752 1356 46 47 på

205 1412 242 37 kvalificerad
475 1411 190 49 majoritet
693 1414 123 33 såsom
845 1410 136 36 villkor
1009 1409 58 36 för
1095 1408 317 48 bolagsstämmas
1440 1412 74 31 rätt
1536 1412 54 30 att
1609 1406 190 36 innehålla

206 1477 103 24 mera
337 1469 48 31 än
414 1465 47 35 50
490 1469 157 43 procent
674 1463 41 36 af
739 1462 221 37 årsvinsten.

336 1517 85 36 Kan
463 1515 61 37 det
565 1515 268 49 tillförlitligen
875 1514 193 50 uppvisas,
1112 1518 55 31 att
1208 1511 173 49 bolagets
1424 1510 183 49 ställning
1647 1510 152 36 kräfver

206 1568 289 49 konsolidering
536 1568 151 36 utöfver
727 1567 100 36 hvad
870 1579 80 24 som
987 1567 74 35 kan
1091 1564 281 37 åstadkommas
1400 1577 139 35 genom
1567 1562 126 37 halfva
1722 1565 77 33 års-

207 1622 168 35 vinstens
415 1620 275 47 innehållande,
728 1620 55 35 lär
818 1619 62 36 det
909 1618 32 49 ej
972 1631 90 22 vara
1091 1616 178 48 omöjligt
1297 1621 55 31 att
1379 1616 58 35 för
1465 1615 134 36 sådant
1627 1614 173 36 ändamål

209 1673 259 37 åstadkomma
496 1671 41 41 ”/,
565 1671 191 50 majoritet
786 1671 58 36 för
878 1671 5 35 i
911 1669 163 38 nämnda
1103 1669 177 36 afseende
1310 1667 227 37 framställdt
1567 1666 153 49 förslag.

337 1725 52 36 På
417 1725 125 48 grund
571 1724 113 36 häraf
708 1723 228 47 hemställes,

737 1831 55 33 att
821 1827 46 35 55
896 1825 20 50 $
944 1829 115 33 måtte
1081 1825 141 37 erhålla
1249 1824 167 49 följande
1445 1823 154 50 lydelse:

735 1878 306 49 Bolagsstämma
1073 1892 33 11 =
1139 1877 220 49 (utskottets
1399 1875 158 49 förslag)
1596 1875 62 36 det
1686 1874 114 36 ända-

609 1933 74 35 mål
712 1931 202 37 användas.

737 1983 51 37 Af
829 1983 223 46 årsvinsten,
1082 1982 94 36 efter
1205 1981 134 48 afdrag
1366 1981 58 35 för
1451 1979 101 37 hvad
1577 1992 82 23 som
1693 1981 109 46 åtgår

608 2036 58 37 till
699 2035 234 38 betäckande
963 2035 41 36 af
1028 2034 185 49 möjligen
1241 2032 207 49 förefintlig
1474 2031 93 37 brist
1594 2031 85 36 från
1705 2030 97 37 före-

609 2088 146 50 gående
784 2090 51 45 år,
857 2090 59 34 må
936 2087 325 48 bolagsstämman
1281 2086 33 48 ej
1336 2085 84 36 från
1438 2083 202 49 utdelning
1657 2083 144 37 undan-

609 2149 91 41 taga
740 2153 81 23 mer
862 2144 48 32 än
951 2139 116 49 högst
1110 2138 131 37 femtio
1282 2142 169 45 procent,
1494 2136 211 48 afsättning
1746 2135 57 36 till

609 2192 268 38 reservfonden
906 2191 244 47 inberäknad,
1179 2195 92 31 utan
1300 2192 40 34 så
1369 2194 50 42 är,
1449 2193 54 32 att
1521 2187 177 38 röstande
1717 2187 85 36 med

609 2250 55 32 ett
705 2244 277 49 sammanlagdt
1017 2243 238 49 aktiebelopp
1286 2242 40 36 af
1349 2242 117 36 minst
1493 2245 57 32 tre
1578 2239 225 50 fjärdedelar
