2230 2618
440 197 38 37 10
881 204 254 35 Statsutskottets
1165 207 171 33 Utlåtande
1358 207 60 34 N:o
1442 211 50 30 43.

1101 767 76 42 N:o
1205 771 69 39 48.

964 927 120 31 Ankom
1106 930 45 28 till
1174 930 107 29 Riksd.
1305 930 95 29 kansli
1423 930 55 29 den
1504 931 39 28 19
1566 939 75 20 mars
1667 930 93 35 1901,
1785 930 41 28 kl.
1850 930 20 28 4
1894 938 24 20 e.
1943 938 36 22 m.

595 1070 204 46 Utlåtande,
840 1073 13 34 i
895 1074 198 45 anledning
1135 1075 49 44 af
1219 1076 133 45 Kongl.
1384 1076 131 43 Maj:ts
1536 1078 232 44 proposition
1796 1077 184 45 angående

780 1140 228 48 försäljning
1051 1143 49 43 af
1135 1144 57 35 till
1223 1145 111 42 förra
1374 1145 375 46 hospitalskemmanet
1789 1149 20 31 1
1843 1145 139 36 mantal

785 1210 101 36 Hede
926 1223 58 24 n:o
1024 1215 22 32 1
1088 1212 156 37 hörande
1277 1214 106 36 andel
1408 1215 13 34 i
1448 1214 102 36 delar
1577 1213 47 45 af
1643 1213 337 46 samfälligheterna

786 1279 147 36 »Kinna
973 1292 131 33 qvarn»
1146 1283 61 34 och
1243 1296 13 18 »
1267 1283 221 45 Utvidgning
1525 1284 61 35 vid
1621 1284 129 34 Kinna
1777 1295 113 33 qvarn
1918 1283 62 36 och

783 1349 64 45 såg
876 1352 90 33 samt
995 1361 44 24 en
1068 1352 51 34 40
1139 1350 59 44 fot
1227 1351 85 37 bred
1333 1353 101 45 plats
1455 1354 54 45 på
1539 1353 92 36 båda
1658 1353 99 35 sidor
1784 1354 74 34 ån».

1716 1454 43 50 (I.
1789 1455 60 50 A.)

515 1569 140 49 Kongl.
686 1569 110 50 Maj:t
824 1570 77 48 har,
931 1571 120 37 under
1075 1572 239 50 åberopande
1339 1574 41 36 af
1394 1574 149 50 bilagdt
1561 1576 139 49 utdrag
1720 1577 41 36 af
1777 1576 199 37 statsråds-

386 1620 231 49 protokollet
644 1621 109 37 öfver
771 1622 376 49 jordbruksärenden
1175 1625 43 36 af
1242 1625 73 37 den
1336 1627 21 36 8
1377 1626 165 38 februari
1565 1629 108 48 1901,
1693 1629 57 36 uti
1770 1642 47 23 en
1836 1642 142 23 samma

385 1672 76 49 dag
496 1673 148 48 aflåten,
672 1673 58 36 till
759 1675 285 37 statsutskottet
1071 1676 220 38 remitterad
1319 1679 237 49 proposition
1585 1679 74 51 (n:o
1687 1680 64 51 49)
1780 1681 199 49 föreslagit

384 1723 222 51 Riksdagen
633 1725 208 49 medgifva,

513 1778 74 35 dels
627 1782 55 31 att
716 1777 76 37 den
819 1777 58 37 till
905 1778 102 38 förra
1035 1779 404 51 hospitalshemmanet
1469 1784 18 34 1
1519 1783 143 37 mantal
1689 1784 108 37 Hede
1825 1797 61 24 n:o
1918 1786 18 35 1
1965 1784 14 36 i

384 1826 127 38 Kinna
553 1828 139 38 socken
734 1830 72 36 och
833 1830 129 37 Marks
990 1831 117 37 härad
1136 1832 40 37 af
1199 1832 202 50 Elfsborgs
1429 1833 64 37 län
1521 1834 167 39 hörande
1717 1836 113 37 andel
1858 1836 41 37 af
1923 1841 55 32 ett

383 1879 58 37 till
483 1880 353 50 samfälligheterna
875 1882 148 37 »Kinna
1052 1897 137 36 qvarn»
1218 1885 72 37 och
1317 1885 265 52 »Utvidgning
1608 1888 65 36 vid
1702 1888 127 37 Kinna
1857 1902 121 35 qvarn

384 1931 69 37 och
496 1935 69 46 såg
605 1938 98 31 samt
743 1947 49 23 en
833 1936 47 35 40
921 1935 54 36 fot
1002 1935 93 37 bred
1122 1936 98 49 plats
1248 1939 49 48 på
1324 1937 95 37 båda
1447 1938 104 37 sidor
1578 1942 65 34 ån»
1672 1940 181 48 hörande,
1882 1943 21 34 å
1930 1953 48 24 en

383 1982 101 37 inom
526 1989 92 44 väg-
660 1986 71 36 och
773 1986 529 51 vattenbyggnadsstyrelsen
1344 1991 269 37 sammanstäld
1639 1992 339 49 »öfversigtskarta

383 2035 108 37 öfver
532 2036 187 38 Viska-ån
760 2037 140 38 mellan
941 2038 244 39 Ginkalunda
1226 2041 243 38 kraftstation
1511 2043 71 36 och
1618 2043 157 38 fäbron»
1804 2049 173 32 närmare

383 2087 175 49 angifvet
585 2090 152 36 område
767 2103 62 23 om
858 2092 20 34 3
907 2090 138 38 hektar
1065 2093 81 47 56,4
1170 2106 41 23 ar
1230 2093 87 37 med
1335 2093 227 39 tillhörande
1582 2096 199 36 vattenfall
1799 2096 13 36 i
1831 2095 146 38 Viskan

382 2139 102 48 finge
526 2140 60 37 för
626 2153 47 24 en
714 2141 259 51 köpeskilling
1014 2143 41 37 af
1092 2144 116 37 minst
1249 2146 112 47 4,200
1402 2146 140 37 kronor
1569 2149 21 35 å
1616 2147 177 50 offentlig
1821 2148 155 37 auktion

381 2190 176 50 försäljas
585 2192 120 37 under
732 2194 138 49 vilkor,

510 2248 67 44 att,
606 2244 115 37 sedan
748 2245 310 51 köpeskillingen
1082 2247 127 37 blifvit
1228 2248 59 37 till
1305 2248 290 40 landtränteriet
1613 2250 182 49 inbetald,
1816 2252 160 37 andelen

380 2294 103 50 finge
513 2296 42 35 af
578 2296 170 50 köparen
775 2302 110 45 tagas
912 2298 12 37 i
951 2299 215 50 besittning
1193 2300 65 37 vid
1281 2303 198 49 utgången
1499 2303 41 37 af
1557 2303 58 37 för
1633 2304 218 37 hemmanet
1869 2304 107 37 Hede
