1908 2790
531 130 285 32 Statsutskottets
835 126 178 31 utlåtande
1031 133 42 20 nr
1090 124 19 29 3
1127 123 37 29 år
1184 121 83 29 1966
1625 116 19 30 3

161 221 138 38 hänsyn
324 217 118 31 härtill
468 216 63 29 och
557 214 43 29 då
626 213 127 30 avtalet
780 212 85 28 även
891 209 85 29 trätt
1002 208 9 28 i
1039 204 94 30 kraft
1160 211 101 21 anser
1289 200 169 29 utskottet
1485 197 50 38 sig
1561 195 83 29 böra

163 272 175 40 tillstyrka
363 268 214 32 inrättandet
602 275 41 21 av
669 267 47 28 ett
741 259 366 41 beskickningskansli
1139 258 4 28 i
1171 256 194 29 Khartoum
1393 251 77 30 med
1498 250 66 29 den
1590 248 55 29 be-

164 326 170 41 gränsade
352 322 221 38 omfattning,
591 327 119 22 varom
728 326 48 20 nu
795 319 37 28 är
850 315 109 38 fråga.
978 313 49 29 Av
1046 312 55 29 det
1121 308 147 32 anförda
1288 306 102 39 följer
1409 306 49 28 att
1478 297 168 48 utskottet

165 381 74 29 icke
260 378 153 30 biträder
434 375 218 30 motionerna
674 372 29 29 I:
719 370 62 31 257
805 370 65 29 och
891 368 45 29 II:
953 366 73 30 327.
1487 396 2 2 |

208 432 75 30 Vad
300 429 172 31 beträffar
490 427 56 30 det
564 427 12 29 i
593 424 179 31 motionen
792 423 44 29 II:
853 421 62 29 455
934 419 126 30 väckta
1078 416 165 37 förslaget
1262 423 57 20 om
1338 408 248 43 upprättandet
1605 416 42 20 av

165 496 42 19 en
225 485 127 30 svensk
368 480 230 39 beskickning
613 480 12 28 i
640 477 146 31 Zambia
802 476 116 29 finner
935 472 169 31 utskottet
1122 470 41 29 de
1180 469 12 29 i
1208 467 178 30 motionen
1403 463 147 31 anförda
1569 469 78 31 syn-

166 539 201 40 punkterna
392 533 287 33 beaktansvärda.
708 531 53 29 Då
788 529 106 38 enligt
921 527 67 30 vad
1016 524 169 30 utskottet
1214 521 110 30 under
1352 518 94 30 hand
1474 515 173 31 inhämtat

167 593 125 39 Kungl.
316 591 106 39 Maj:t
444 590 54 29 för
521 585 217 33 närvarande
763 584 79 29 med
866 579 311 42 uppmärksamhet
1203 576 104 39 följer
1331 574 113 29 denna
1469 570 97 39 fråga
1592 577 58 21 an-

169 656 54 21 ser
242 646 180 31 utskottet,
443 644 49 28 att
511 641 105 39 något
634 638 153 31 initiativ
807 636 78 29 från
906 633 204 38 riksdagens
1133 630 74 30 sida
1228 630 11 28 i
1259 626 187 38 anledning
1467 633 42 21 av
1530 623 121 29 motio-

168 708 67 21 nen
254 699 76 29 icke
348 706 49 20 nu
414 695 98 30 torde
530 702 83 21 vara
631 691 166 40 påkallat.

213 751 125 38 Kungl.
360 749 124 40 Maj:ts
505 746 132 38 förslag
656 745 11 29 i
687 743 112 39 övrigt
820 741 111 30 under
951 748 49 21 nu
1021 735 265 41 ifrågavarande
1308 732 111 40 punkt
1442 739 104 31 synas
1567 728 84 29 böra

170 805 175 40 godtagas.

214 858 176 31 Utskottet
410 854 212 33 hemställer,

536 907 23 29 I.
585 907 50 29 att
666 904 180 30 motionen
875 902 45 29 II:
938 900 72 33 455,
1041 899 12 29 i
1081 897 67 30 vad
1178 896 66 29 den
1275 902 98 22 avser
1405 891 165 30 skrivelse
1600 888 52 30 till

492 960 124 38 Kungl.
639 959 117 38 Maj:t,
778 957 76 29 icke
876 955 58 30 må
954 954 53 29 till
1030 952 115 38 någon
1165 949 206 37 riksdagens
1394 944 122 40 åtgärd
1538 943 116 29 föran-

492 1014 91 34 leda;

537 1067 40 29 II.
603 1067 50 29 att
669 1064 189 38 riksdagen
875 1061 67 34 må,
960 1059 78 31 med
1055 1058 99 30 bifall
1170 1056 53 30 till
1242 1054 124 39 Kungl.
1384 1052 123 39 Maj:ts
1525 1050 130 37 förslag

494 1120 65 30 och
574 1119 78 30 med
667 1118 119 38 avslag
801 1117 19 29 å
836 1115 218 30 motionerna
1070 1112 28 29 1:
1115 1110 60 31 257
1192 1110 66 29 och
1274 1108 45 29 II:
1336 1106 60 30 327
1414 1106 90 29 samt
1521 1104 44 29 II:
1581 1102 75 33 455,

494 1171 220 32 sistnämnda
732 1170 133 29 motion
884 1169 12 28 i
913 1167 67 30 vad
999 1166 68 29 den
1085 1173 97 21 avser
1203 1155 327 45 medelsanvisning,

539 1227 36 34 a)
607 1224 210 40 bemyndiga
844 1221 125 38 Kungl.
997 1219 105 39 Maj:t
1130 1219 50 28 att
1208 1216 110 30 ändra
1345 1210 313 43 personalförteck-

495 1281 128 38 ningen
643 1279 55 29 för
716 1273 396 38 utrikesförvaltningen
1131 1270 105 39 enligt
1256 1269 66 29 vad
1341 1268 11 29 i
1372 1265 286 39 statsrådsproto-

496 1334 106 29 kollet
625 1332 187 32 förordats,

539 1388 37 33 b)
607 1386 186 39 godkänna
825 1382 157 40 följande
1013 1379 253 38 avlöningsstat
1297 1376 54 29 för
1382 1371 277 32 utrikesförvalt-

495 1442 138 38 ningen,
673 1440 50 28 att
762 1437 177 38 tillämpas
978 1434 71 30 tills
1087 1432 118 30 vidare
1244 1430 42 29 fr.
1315 1438 29 20 o.
1372 1437 45 20 m.
1456 1424 203 40 budgetåret

498 1493 165 36 1966/67:

952 1539 263 39 Avlöningsstat

500 1613 26 28 1.
553 1610 171 38 Avlöning
752 1608 53 29 till
834 1601 394 44 departementschefen,
1258 1599 184 30 ministern

553 1665 55 30 för
636 1663 134 29 utrikes
799 1660 176 30 ärendena
1011 1674 425 13 ......ssee0eere
1344 1654 96 48 ert
1545 1648 41 30 94
1601 1647 62 30 000

499 1720 29 29 2.
554 1717 212 38 Avlöningar
805 1715 52 29 till
896 1711 175 31 ordinarie
1109 1707 226 42 tjänstemän,
1374 1706 69 39 för-

553 1770 145 41 Slagsvis
747 1781 691 18 sessssesere
991 1761 34 54 rr
1038 1761 31 54 rr
1082 1781 356 18 rr
1472 1757 39 29 16
1525 1756 63 30 926
1603 1755 61 30 000

501 1827 29 29 3.
556 1825 160 30 Arvoden
736 1821 181 31 bestämda
938 1829 42 20 av
1000 1817 124 39 Kungl.
1145 1816 106 38 Maj:t
1278 1835 160 8 .......-
1547 1809 40 30 20
1602 1808 62 30 000

501 1880 29 29 4.
555 1875 375 42 Exspektansarvoden
945 1871 181 31 bestämda
1142 1879 41 20 av
1199 1868 125 38 Kungl.
1340 1866 105 39 Maj:t
1525 1863 62 30 300
1603 1862 61 29 000

501 1934 30 29 5.
556 1931 212 38 Avlöningar
796 1929 52 29 till
875 1924 268 33 icke-ordinarie
1171 1921 162 40 personal
1367 1942 72 7 ....
1473 1917 38 30 13
1528 1916 61 30 724
1604 1915 62 30 000

502 1988 29 29 6.
558 1985 178 31 Särskilda
750 1980 259 33 löneförmåner
1024 1978 52 30 till
1090 1975 175 32 ordinarie
1279 1974 65 29 och
1358 1973 90 29 icke-

558 2038 174 31 ordinarie
754 2034 227 42 tjänstemän,
1003 2029 203 43 förslagsvis
1236 2049 204 9 .......+.--
1494 2024 19 29 9
1527 2023 61 30 677
1605 2022 62 30 000

560 2095 36 32 a)
626 2087 431 44 Representationsbidrag
1098 2085 51 29 till
1191 2084 62 29 mi-

627 2146 133 28 nistern
784 2144 53 28 för
860 2141 132 30 utrikes
1016 2138 174 32 ärendena
1219 2159 28 6 ..
1335 2134 39 29 30
1389 2133 62 30 000

560 2200 38 33 b)
629 2196 322 41 Representations-
994 2192 64 30 och
1100 2189 155 41 hyresbi-

629 2252 84 37 drag
731 2250 51 29 till
800 2249 92 28 vissa
910 2244 345 39 befattningshavare

629 2305 10 28 i
671 2298 411 41 utrikesdepartementet
1133 2317 116 7 ......
1337 2292 38 29 77
1391 2291 62 30 000

563 2357 33 32 c)
627 2353 279 37 Utlandstillägg,
936 2348 202 42 förslagsvis
1176 2369 72 6 ....
1280 2346 19 27 6
1314 2343 138 30 000000

566 2411 37 33 d)
635 2407 179 32 Särskilda
858 2404 177 31 förmåner
1081 2403 9 29 i
1136 2400 120 39 Övrigt,

631 2460 202 42 förslagsvis
871 2479 160 9 =...eses
1049 2477 136 7 rer
1202 2476 49 6 rt
1283 2451 95 29 3570
1393 2450 62 29 000
