<?xml version="1.0" encoding="UTF-8"?>
<alto xmlns="http://www.loc.gov/standards/alto/ns-v3#" xmlns:xlink="http://www.w3.org/1999/xlink" xmlns:xsi="http://www.w3.org/2001/XMLSchema-instance" xsi:schemaLocation="http://www.loc.gov/standards/alto/ns-v3# http://www.loc.gov/alto/v3/alto-3-0.xsd">
	<Description>
		<MeasurementUnit>pixel</MeasurementUnit>
		<sourceImageInformation>
			<fileName>/tmp/tess_uwmoj0z5_input.PNG</fileName>
		</sourceImageInformation>
		<OCRProcessing ID="OCR_0">
			<ocrProcessingStep>
				<processingSoftware>
					<softwareName>tesseract 5.3.0</softwareName>
				</processingSoftware>
			</ocrProcessingStep>
		</OCRProcessing>
	</Description>
	<Layout>
		<Page WIDTH="2220" HEIGHT="2614" PHYSICAL_IMG_NR="0" ID="page_0">
			<PrintSpace HPOS="0" VPOS="0" WIDTH="2220" HEIGHT="2614">
				<ComposedBlock ID="cblock_0" HPOS="193" VPOS="2029" WIDTH="148" HEIGHT="64">
					<TextBlock ID="block_0" HPOS="193" VPOS="2029" WIDTH="148" HEIGHT="64">
						<TextLine ID="line_0" HPOS="193" VPOS="2029" WIDTH="148" HEIGHT="24">
							<String ID="string_0" HPOS="193" VPOS="2029" WIDTH="148" HEIGHT="24" WC="0.95" CONTENT="Utskottets"/>
						</TextLine>
						<TextLine ID="line_1" HPOS="205" VPOS="2065" WIDTH="130" HEIGHT="28">
							<String ID="string_1" HPOS="205" VPOS="2065" WIDTH="130" HEIGHT="28" WC="0.95" CONTENT="yttrande."/>
						</TextLine>
					</TextBlock>
				</ComposedBlock>
				<ComposedBlock ID="cblock_1" HPOS="406" VPOS="192" WIDTH="40" HEIGHT="30">
					<TextBlock ID="block_1" HPOS="406" VPOS="192" WIDTH="40" HEIGHT="30">
						<TextLine ID="line_2" HPOS="406" VPOS="192" WIDTH="40" HEIGHT="30">
							<String ID="string_2" HPOS="406" VPOS="192" WIDTH="40" HEIGHT="30" WC="0.95" CONTENT="14"/>
						</TextLine>
					</TextBlock>
				</ComposedBlock>
				<ComposedBlock ID="cblock_2" HPOS="912" VPOS="193" WIDTH="593" HEIGHT="34">
					<TextBlock ID="block_2" HPOS="912" VPOS="193" WIDTH="593" HEIGHT="34">
						<TextLine ID="line_3" HPOS="912" VPOS="193" WIDTH="593" HEIGHT="34">
							<String ID="string_3" HPOS="912" VPOS="193" WIDTH="257" HEIGHT="32" WC="0.88" CONTENT="Statsutskottets"/><SP WIDTH="21" VPOS="193" HPOS="1169"/>
							<String ID="string_4" HPOS="1190" VPOS="195" WIDTH="169" HEIGHT="32" WC="0.95" CONTENT="utlåtande"/><SP WIDTH="22" VPOS="195" HPOS="1359"/>
							<String ID="string_5" HPOS="1381" VPOS="196" WIDTH="53" HEIGHT="30" WC="0.96" CONTENT="Nr"/><SP WIDTH="22" VPOS="196" HPOS="1434"/>
							<String ID="string_6" HPOS="1456" VPOS="199" WIDTH="49" HEIGHT="28" WC="0.96" CONTENT="67."/>
						</TextLine>
					</TextBlock>
				</ComposedBlock>
				<ComposedBlock ID="cblock_3" HPOS="402" VPOS="277" WIDTH="1163" HEIGHT="50">
					<TextBlock ID="block_3" HPOS="402" VPOS="277" WIDTH="1163" HEIGHT="50">
						<TextLine ID="line_4" HPOS="402" VPOS="277" WIDTH="1163" HEIGHT="50">
							<String ID="string_7" HPOS="402" VPOS="277" WIDTH="55" HEIGHT="36" WC="0.96" CONTENT="till"/><SP WIDTH="28" VPOS="277" HPOS="457"/>
							<String ID="string_8" HPOS="485" VPOS="277" WIDTH="202" HEIGHT="36" WC="0.96" CONTENT="kostnader"/><SP WIDTH="41" VPOS="277" HPOS="687"/>
							<String ID="string_9" HPOS="728" VPOS="277" WIDTH="56" HEIGHT="35" WC="0.93" CONTENT="för"/><SP WIDTH="44" VPOS="277" HPOS="784"/>
							<String ID="string_10" HPOS="828" VPOS="283" WIDTH="109" HEIGHT="31" WC="0.17" CONTENT="räntäå"/><SP WIDTH="40" VPOS="283" HPOS="937"/>
							<String ID="string_11" HPOS="977" VPOS="281" WIDTH="21" HEIGHT="33" WC="0.89" CONTENT="å"/><SP WIDTH="35" VPOS="281" HPOS="998"/>
							<String ID="string_12" HPOS="1033" VPOS="279" WIDTH="423" HEIGHT="48" WC="0.88" CONTENT="expropriationsmedel"/><SP WIDTH="29" VPOS="279" HPOS="1456"/>
							<String ID="string_13" HPOS="1485" VPOS="281" WIDTH="80" HEIGHT="36" WC="0.96" CONTENT="från"/>
						</TextLine>
					</TextBlock>
				</ComposedBlock>
				<ComposedBlock ID="cblock_4" HPOS="419" VPOS="391" WIDTH="18" HEIGHT="24">
					<TextBlock ID="block_4" HPOS="419" VPOS="391" WIDTH="18" HEIGHT="24">
						<TextLine ID="line_5" HPOS="419" VPOS="391" WIDTH="18" HEIGHT="24">
							<String ID="string_14" HPOS="419" VPOS="391" WIDTH="18" HEIGHT="24" WC="0.90" CONTENT="»"/>
						</TextLine>
					</TextBlock>
				</ComposedBlock>
				<ComposedBlock ID="cblock_5" HPOS="418" VPOS="495" WIDTH="20" HEIGHT="74">
					<TextBlock ID="block_5" HPOS="418" VPOS="495" WIDTH="20" HEIGHT="74">
						<TextLine ID="line_6" HPOS="418" VPOS="495" WIDTH="19" HEIGHT="22">
							<String ID="string_15" HPOS="418" VPOS="495" WIDTH="19" HEIGHT="22" WC="0.92" CONTENT="»"/>
						</TextLine>
						<TextLine ID="line_7" HPOS="420" VPOS="546" WIDTH="18" HEIGHT="23">
							<String ID="string_16" HPOS="420" VPOS="546" WIDTH="18" HEIGHT="23" WC="0.92" CONTENT="»"/>
						</TextLine>
					</TextBlock>
				</ComposedBlock>
				<ComposedBlock ID="cblock_6" HPOS="415" VPOS="1269" WIDTH="17" HEIGHT="23">
					<TextBlock ID="block_6" HPOS="415" VPOS="1269" WIDTH="17" HEIGHT="23">
						<TextLine ID="line_8" HPOS="415" VPOS="1269" WIDTH="17" HEIGHT="23">
							<String ID="string_17" HPOS="415" VPOS="1269" WIDTH="17" HEIGHT="23" WC="0.93" CONTENT="»"/>
						</TextLine>
					</TextBlock>
				</ComposedBlock>
				<ComposedBlock ID="cblock_7" HPOS="483" VPOS="328" WIDTH="1082" HEIGHT="299">
					<TextBlock ID="block_7" HPOS="483" VPOS="328" WIDTH="1082" HEIGHT="103">
						<TextLine ID="line_9" HPOS="557" VPOS="328" WIDTH="915" HEIGHT="40">
							<String ID="string_18" HPOS="557" VPOS="328" WIDTH="371" HEIGHT="37" WC="0.90" CONTENT="länsmansbostället"/><SP WIDTH="27" VPOS="328" HPOS="928"/>
							<String ID="string_19" HPOS="955" VPOS="329" WIDTH="101" HEIGHT="36" WC="0.96" CONTENT="Vara"/><SP WIDTH="27" VPOS="329" HPOS="1056"/>
							<String ID="string_20" HPOS="1083" VPOS="329" WIDTH="194" HEIGHT="38" WC="0.96" CONTENT="Stommen"/><SP WIDTH="145" VPOS="329" HPOS="1277"/>
							<String ID="string_21" HPOS="1422" VPOS="366" WIDTH="50" HEIGHT="2" WC="0.14" CONTENT="ad"/>
						</TextLine>
						<TextLine ID="line_10" HPOS="483" VPOS="379" WIDTH="1082" HEIGHT="52">
							<String ID="string_22" HPOS="483" VPOS="379" WIDTH="203" HEIGHT="37" WC="0.96" CONTENT="kostnader"/><SP WIDTH="39" VPOS="379" HPOS="686"/>
							<String ID="string_23" HPOS="725" VPOS="380" WIDTH="57" HEIGHT="36" WC="0.96" CONTENT="för"/><SP WIDTH="44" VPOS="380" HPOS="782"/>
							<String ID="string_24" HPOS="826" VPOS="386" WIDTH="108" HEIGHT="30" WC="0.93" CONTENT="ränta"/><SP WIDTH="41" VPOS="386" HPOS="934"/>
							<String ID="string_25" HPOS="975" VPOS="384" WIDTH="20" HEIGHT="33" WC="0.90" CONTENT="å"/><SP WIDTH="36" VPOS="384" HPOS="995"/>
							<String ID="string_26" HPOS="1031" VPOS="383" WIDTH="422" HEIGHT="48" WC="0.90" CONTENT="expropriationsmedel"/><SP WIDTH="27" VPOS="383" HPOS="1453"/>
							<String ID="string_27" HPOS="1480" VPOS="385" WIDTH="85" HEIGHT="35" WC="0.96" CONTENT="från"/>
						</TextLine>
					</TextBlock>
					<TextBlock ID="block_8" HPOS="483" VPOS="431" WIDTH="1080" HEIGHT="144">
						<TextLine ID="line_11" HPOS="557" VPOS="431" WIDTH="835" HEIGHT="52">
							<String ID="string_28" HPOS="557" VPOS="431" WIDTH="367" HEIGHT="37" WC="0.85" CONTENT="länsmansbostället"/><SP WIDTH="27" VPOS="431" HPOS="924"/>
							<String ID="string_29" HPOS="951" VPOS="432" WIDTH="136" HEIGHT="37" WC="0.92" CONTENT="Hassle"/><SP WIDTH="29" VPOS="432" HPOS="1087"/>
							<String ID="string_30" HPOS="1116" VPOS="433" WIDTH="276" HEIGHT="50" WC="0.91" CONTENT="Västergården"/>
						</TextLine>
						<TextLine ID="line_12" HPOS="483" VPOS="483" WIDTH="1009" HEIGHT="50">
							<String ID="string_31" HPOS="483" VPOS="483" WIDTH="205" HEIGHT="36" WC="0.96" CONTENT="kostnader"/><SP WIDTH="27" VPOS="483" HPOS="688"/>
							<String ID="string_32" HPOS="715" VPOS="483" WIDTH="57" HEIGHT="36" WC="0.93" CONTENT="för"/><SP WIDTH="28" VPOS="483" HPOS="772"/>
							<String ID="string_33" HPOS="800" VPOS="484" WIDTH="231" HEIGHT="49" WC="0.92" CONTENT="lönefyllnad"/><SP WIDTH="29" VPOS="484" HPOS="1031"/>
							<String ID="string_34" HPOS="1060" VPOS="485" WIDTH="55" HEIGHT="36" WC="0.92" CONTENT="till"/><SP WIDTH="28" VPOS="485" HPOS="1115"/>
							<String ID="string_35" HPOS="1143" VPOS="486" WIDTH="187" HEIGHT="36" WC="0.91" CONTENT="länsmän."/><SP WIDTH="92" VPOS="486" HPOS="1330"/>
							<String ID="string_36" HPOS="1422" VPOS="519" WIDTH="70" HEIGHT="4" WC="0.40" CONTENT="a"/>
						</TextLine>
						<TextLine ID="line_13" HPOS="484" VPOS="534" WIDTH="1079" HEIGHT="41">
							<String ID="string_37" HPOS="484" VPOS="534" WIDTH="204" HEIGHT="37" WC="0.96" CONTENT="kostnader"/><SP WIDTH="27" VPOS="534" HPOS="688"/>
							<String ID="string_38" HPOS="715" VPOS="535" WIDTH="58" HEIGHT="36" WC="0.96" CONTENT="för"/><SP WIDTH="16" VPOS="535" HPOS="773"/>
							<String ID="string_39" HPOS="789" VPOS="535" WIDTH="97" HEIGHT="36" WC="0.96" CONTENT="från"/><SP WIDTH="27" VPOS="535" HPOS="886"/>
							<String ID="string_40" HPOS="913" VPOS="536" WIDTH="170" HEIGHT="36" WC="0.96" CONTENT="utlandet"/><SP WIDTH="27" VPOS="536" HPOS="1083"/>
							<String ID="string_41" HPOS="1110" VPOS="537" WIDTH="288" HEIGHT="38" WC="0.93" CONTENT="hemvändande"/><SP WIDTH="28" VPOS="537" HPOS="1398"/>
							<String ID="string_42" HPOS="1426" VPOS="538" WIDTH="137" HEIGHT="37" WC="0.90" CONTENT="medel-"/>
						</TextLine>
					</TextBlock>
					<TextBlock ID="block_9" HPOS="557" VPOS="586" WIDTH="1006" HEIGHT="41">
						<TextLine ID="line_14" HPOS="557" VPOS="586" WIDTH="1006" HEIGHT="41">
							<String ID="string_43" HPOS="557" VPOS="586" WIDTH="79" HEIGHT="36" WC="0.96" CONTENT="lösa"/><SP WIDTH="40" VPOS="586" HPOS="636"/>
							<String ID="string_44" HPOS="676" VPOS="587" WIDTH="164" HEIGHT="36" WC="0.93" CONTENT="svenska"/><SP WIDTH="40" VPOS="587" HPOS="840"/>
							<String ID="string_45" HPOS="880" VPOS="588" WIDTH="238" HEIGHT="36" WC="0.72" CONTENT="undersåtars"/><SP WIDTH="36" VPOS="588" HPOS="1118"/>
							<String ID="string_46" HPOS="1154" VPOS="602" WIDTH="104" HEIGHT="24" WC="0.96" CONTENT="resor"/><SP WIDTH="27" VPOS="602" HPOS="1258"/>
							<String ID="string_47" HPOS="1285" VPOS="590" WIDTH="56" HEIGHT="35" WC="0.96" CONTENT="till"/><SP WIDTH="28" VPOS="590" HPOS="1341"/>
							<String ID="string_48" HPOS="1369" VPOS="590" WIDTH="194" HEIGHT="37" WC="0.96" CONTENT="hemorten"/>
						</TextLine>
					</TextBlock>
				</ComposedBlock>
				<ComposedBlock ID="cblock_8" HPOS="475" VPOS="741" WIDTH="1087" HEIGHT="1082">
					<TextBlock ID="block_10" HPOS="475" VPOS="741" WIDTH="1087" HEIGHT="1082">
						<TextLine ID="line_15" HPOS="556" VPOS="741" WIDTH="900" HEIGHT="50">
							<String ID="string_49" HPOS="556" VPOS="741" WIDTH="54" HEIGHT="35" WC="0.96" CONTENT="krig"/><SP WIDTH="59" VPOS="741" HPOS="610"/>
							<String ID="string_50" HPOS="669" VPOS="741" WIDTH="89" HEIGHT="36" WC="0.93" CONTENT="eller"/><SP WIDTH="27" VPOS="741" HPOS="758"/>
							<String ID="string_51" HPOS="785" VPOS="741" WIDTH="303" HEIGHT="50" WC="0.26" CONTENT="krigsfara......."/><SP WIDTH="32" VPOS="741" HPOS="1088"/>
							<String ID="string_52" HPOS="1120" VPOS="776" WIDTH="16" HEIGHT="2" WC="0.71" CONTENT=".."/><SP WIDTH="110" VPOS="776" HPOS="1136"/>
							<String ID="string_53" HPOS="1246" VPOS="776" WIDTH="84" HEIGHT="4" WC="0.0" CONTENT="seksdäns"/><SP WIDTH="44" VPOS="776" HPOS="1330"/>
							<String ID="string_54" HPOS="1374" VPOS="776" WIDTH="82" HEIGHT="4" WC="0.0" CONTENT="ren"/>
						</TextLine>
						<TextLine ID="line_16" HPOS="481" VPOS="755" WIDTH="1081" HEIGHT="87">
							<String ID="string_55" HPOS="481" VPOS="755" WIDTH="203" HEIGHT="74" WC="0.96" CONTENT="kostnader"/><SP WIDTH="26" VPOS="755" HPOS="684"/>
							<String ID="string_56" HPOS="710" VPOS="793" WIDTH="59" HEIGHT="37" WC="0.96" CONTENT="för"/><SP WIDTH="27" VPOS="793" HPOS="769"/>
							<String ID="string_57" HPOS="796" VPOS="794" WIDTH="217" HEIGHT="48" WC="0.96" CONTENT="bevakning"/><SP WIDTH="28" VPOS="794" HPOS="1013"/>
							<String ID="string_58" HPOS="1041" VPOS="795" WIDTH="70" HEIGHT="36" WC="0.96" CONTENT="och"/><SP WIDTH="29" VPOS="795" HPOS="1111"/>
							<String ID="string_59" HPOS="1140" VPOS="795" WIDTH="154" HEIGHT="37" WC="0.95" CONTENT="förande"/><SP WIDTH="26" VPOS="795" HPOS="1294"/>
							<String ID="string_60" HPOS="1320" VPOS="809" WIDTH="45" HEIGHT="23" WC="0.96" CONTENT="ur"/><SP WIDTH="27" VPOS="809" HPOS="1365"/>
							<String ID="string_61" HPOS="1392" VPOS="796" WIDTH="96" HEIGHT="37" WC="0.96" CONTENT="riket"/><SP WIDTH="27" VPOS="796" HPOS="1488"/>
							<String ID="string_62" HPOS="1515" VPOS="810" WIDTH="47" HEIGHT="22" WC="0.96" CONTENT="av"/>
						</TextLine>
						<TextLine ID="line_17" HPOS="555" VPOS="844" WIDTH="887" HEIGHT="40">
							<String ID="string_63" HPOS="555" VPOS="844" WIDTH="202" HEIGHT="37" WC="0.96" CONTENT="utländska"/><SP WIDTH="27" VPOS="844" HPOS="757"/>
							<String ID="string_64" HPOS="784" VPOS="845" WIDTH="220" HEIGHT="36" WC="0.96" CONTENT="undersåtar"/><SP WIDTH="194" VPOS="845" HPOS="1004"/>
							<String ID="string_65" HPOS="1198" VPOS="880" WIDTH="114" HEIGHT="2" WC="0.4" CONTENT="Söners"/><SP WIDTH="22" VPOS="880" HPOS="1312"/>
							<String ID="string_66" HPOS="1334" VPOS="880" WIDTH="108" HEIGHT="4" WC="0.0" CONTENT="dndasenss"/>
						</TextLine>
						<TextLine ID="line_18" HPOS="481" VPOS="895" WIDTH="961" HEIGHT="53">
							<String ID="string_67" HPOS="481" VPOS="895" WIDTH="205" HEIGHT="37" WC="0.96" CONTENT="kostnader"/><SP WIDTH="28" VPOS="895" HPOS="686"/>
							<String ID="string_68" HPOS="714" VPOS="896" WIDTH="59" HEIGHT="36" WC="0.93" CONTENT="för"/><SP WIDTH="26" VPOS="896" HPOS="773"/>
							<String ID="string_69" HPOS="799" VPOS="897" WIDTH="256" HEIGHT="50" WC="0.91" CONTENT="passvisering"/><SP WIDTH="26" VPOS="897" HPOS="1055"/>
							<String ID="string_70" HPOS="1081" VPOS="898" WIDTH="13" HEIGHT="35" WC="0.96" CONTENT="i"/><SP WIDTH="28" VPOS="898" HPOS="1094"/>
							<String ID="string_71" HPOS="1122" VPOS="898" WIDTH="240" HEIGHT="50" WC="0.29" CONTENT="Haparanda."/>
						</TextLine>
						<TextLine ID="line_19" HPOS="480" VPOS="947" WIDTH="1081" HEIGHT="52">
							<String ID="string_72" HPOS="480" VPOS="947" WIDTH="205" HEIGHT="37" WC="0.95" CONTENT="kostnader"/><SP WIDTH="36" VPOS="947" HPOS="685"/>
							<String ID="string_73" HPOS="721" VPOS="948" WIDTH="57" HEIGHT="36" WC="0.95" CONTENT="för"/><SP WIDTH="28" VPOS="948" HPOS="778"/>
							<String ID="string_74" HPOS="806" VPOS="950" WIDTH="210" HEIGHT="47" WC="0.95" CONTENT="ersättning"/><SP WIDTH="27" VPOS="950" HPOS="1016"/>
							<String ID="string_75" HPOS="1043" VPOS="950" WIDTH="58" HEIGHT="35" WC="0.96" CONTENT="för"/><SP WIDTH="27" VPOS="950" HPOS="1101"/>
							<String ID="string_76" HPOS="1128" VPOS="950" WIDTH="237" HEIGHT="49" WC="0.96" CONTENT="fullgörande"/><SP WIDTH="28" VPOS="950" HPOS="1365"/>
							<String ID="string_77" HPOS="1393" VPOS="964" WIDTH="48" HEIGHT="23" WC="0.93" CONTENT="av"/><SP WIDTH="26" VPOS="964" HPOS="1441"/>
							<String ID="string_78" HPOS="1467" VPOS="965" WIDTH="94" HEIGHT="34" WC="0.91" CONTENT="upp-"/>
						</TextLine>
						<TextLine ID="line_20" HPOS="554" VPOS="999" WIDTH="1007" HEIGHT="52">
							<String ID="string_79" HPOS="554" VPOS="999" WIDTH="95" HEIGHT="48" WC="0.96" CONTENT="drag"/><SP WIDTH="27" VPOS="999" HPOS="649"/>
							<String ID="string_80" HPOS="676" VPOS="999" WIDTH="12" HEIGHT="36" WC="0.91" CONTENT="i"/><SP WIDTH="27" VPOS="999" HPOS="688"/>
							<String ID="string_81" HPOS="715" VPOS="999" WIDTH="109" HEIGHT="49" WC="0.96" CONTENT="fråga"/><SP WIDTH="29" VPOS="999" HPOS="824"/>
							<String ID="string_82" HPOS="853" VPOS="1013" WIDTH="58" HEIGHT="23" WC="0.90" CONTENT="om"/><SP WIDTH="30" VPOS="1013" HPOS="911"/>
							<String ID="string_83" HPOS="941" VPOS="1001" WIDTH="321" HEIGHT="49" WC="0.90" CONTENT="undandragande"/><SP WIDTH="27" VPOS="1001" HPOS="1262"/>
							<String ID="string_84" HPOS="1289" VPOS="1003" WIDTH="64" HEIGHT="36" WC="0.96" CONTENT="vid"/><SP WIDTH="20" VPOS="1003" HPOS="1353"/>
							<String ID="string_85" HPOS="1373" VPOS="1003" WIDTH="86" HEIGHT="48" WC="0.96" CONTENT="krig"/><SP WIDTH="14" VPOS="1003" HPOS="1459"/>
							<String ID="string_86" HPOS="1473" VPOS="1003" WIDTH="88" HEIGHT="36" WC="0.96" CONTENT="eller"/>
						</TextLine>
						<TextLine ID="line_21" HPOS="554" VPOS="1050" WIDTH="946" HEIGHT="49">
							<String ID="string_87" HPOS="554" VPOS="1050" WIDTH="188" HEIGHT="49" WC="0.91" CONTENT="krigsfara"/><SP WIDTH="27" VPOS="1050" HPOS="742"/>
							<String ID="string_88" HPOS="769" VPOS="1065" WIDTH="48" HEIGHT="22" WC="0.96" CONTENT="av"/><SP WIDTH="28" VPOS="1065" HPOS="817"/>
							<String ID="string_89" HPOS="845" VPOS="1052" WIDTH="103" HEIGHT="36" WC="0.96" CONTENT="vissa"/><SP WIDTH="26" VPOS="1052" HPOS="948"/>
							<String ID="string_90" HPOS="974" VPOS="1052" WIDTH="286" HEIGHT="38" WC="0.96" CONTENT="förnödenheter"/><SP WIDTH="52" VPOS="1052" HPOS="1260"/>
							<String ID="string_91" HPOS="1312" VPOS="1086" WIDTH="50" HEIGHT="2" WC="0.16" CONTENT="=..."/><SP WIDTH="44" VPOS="1086" HPOS="1362"/>
							<String ID="string_92" HPOS="1406" VPOS="1086" WIDTH="94" HEIGHT="2" WC="0.11" CONTENT=".coc."/>
						</TextLine>
						<TextLine ID="line_22" HPOS="481" VPOS="1102" WIDTH="1078" HEIGHT="53">
							<String ID="string_93" HPOS="481" VPOS="1102" WIDTH="203" HEIGHT="37" WC="0.95" CONTENT="kostnader"/><SP WIDTH="26" VPOS="1102" HPOS="684"/>
							<String ID="string_94" HPOS="710" VPOS="1103" WIDTH="58" HEIGHT="36" WC="0.96" CONTENT="för"/><SP WIDTH="11" VPOS="1103" HPOS="768"/>
							<String ID="string_95" HPOS="779" VPOS="1104" WIDTH="229" HEIGHT="48" WC="0.96" CONTENT="ersättning"/><SP WIDTH="27" VPOS="1104" HPOS="1008"/>
							<String ID="string_96" HPOS="1035" VPOS="1105" WIDTH="60" HEIGHT="35" WC="0.96" CONTENT="för"/><SP WIDTH="28" VPOS="1105" HPOS="1095"/>
							<String ID="string_97" HPOS="1123" VPOS="1106" WIDTH="107" HEIGHT="35" WC="0.96" CONTENT="mark"/><SP WIDTH="19" VPOS="1106" HPOS="1230"/>
							<String ID="string_98" HPOS="1249" VPOS="1105" WIDTH="83" HEIGHT="36" WC="0.93" CONTENT="från"/><SP WIDTH="18" VPOS="1105" HPOS="1332"/>
							<String ID="string_99" HPOS="1350" VPOS="1105" WIDTH="209" HEIGHT="50" WC="0.91" CONTENT="länsmans-"/>
						</TextLine>
						<TextLine ID="line_23" HPOS="553" VPOS="1145" WIDTH="1006" HEIGHT="59">
							<String ID="string_100" HPOS="553" VPOS="1154" WIDTH="175" HEIGHT="36" WC="0.88" CONTENT="bostället"/><SP WIDTH="33" VPOS="1154" HPOS="728"/>
							<String ID="string_101" HPOS="761" VPOS="1145" WIDTH="193" HEIGHT="59" WC="0.88" CONTENT="Ölmetorp"/><SP WIDTH="28" VPOS="1145" HPOS="954"/>
							<String ID="string_102" HPOS="982" VPOS="1156" WIDTH="13" HEIGHT="35" WC="0.70" CONTENT="1"/><SP WIDTH="27" VPOS="1156" HPOS="995"/>
							<String ID="string_103" HPOS="1022" VPOS="1155" WIDTH="141" HEIGHT="37" WC="0.96" CONTENT="Skedvi"/><SP WIDTH="28" VPOS="1155" HPOS="1163"/>
							<String ID="string_104" HPOS="1191" VPOS="1156" WIDTH="137" HEIGHT="37" WC="0.95" CONTENT="socken"/><SP WIDTH="31" VPOS="1156" HPOS="1328"/>
							<String ID="string_105" HPOS="1359" VPOS="1170" WIDTH="47" HEIGHT="22" WC="0.93" CONTENT="av"/><SP WIDTH="29" VPOS="1170" HPOS="1406"/>
							<String ID="string_106" HPOS="1435" VPOS="1147" WIDTH="124" HEIGHT="47" WC="0.92" CONTENT="Öster-"/>
						</TextLine>
						<TextLine ID="line_24" HPOS="553" VPOS="1205" WIDTH="935" HEIGHT="49">
							<String ID="string_107" HPOS="553" VPOS="1205" WIDTH="177" HEIGHT="49" WC="0.92" CONTENT="götlands"/><SP WIDTH="27" VPOS="1205" HPOS="730"/>
							<String ID="string_108" HPOS="757" VPOS="1207" WIDTH="63" HEIGHT="35" WC="0.89" CONTENT="län"/><SP WIDTH="21" VPOS="1207" HPOS="820"/>
							<String ID="string_109" HPOS="841" VPOS="1201" WIDTH="36" HEIGHT="57" WC="0.43" CONTENT=".."/><SP WIDTH="35" VPOS="1201" HPOS="877"/>
							<String ID="string_110" HPOS="912" VPOS="1240" WIDTH="2" HEIGHT="2" WC="0.34" CONTENT="."/><SP WIDTH="124" VPOS="1240" HPOS="914"/>
							<String ID="string_111" HPOS="1038" VPOS="1240" WIDTH="82" HEIGHT="2" WC="0.22" CONTENT="EE"/><SP WIDTH="158" VPOS="1240" HPOS="1120"/>
							<String ID="string_112" HPOS="1278" VPOS="1240" WIDTH="210" HEIGHT="4" WC="0.0" CONTENT="vdekärssnredenen"/>
						</TextLine>
						<TextLine ID="line_25" HPOS="478" VPOS="1257" WIDTH="1080" HEIGHT="50">
							<String ID="string_113" HPOS="478" VPOS="1257" WIDTH="202" HEIGHT="37" WC="0.95" CONTENT="kostnader"/><SP WIDTH="40" VPOS="1257" HPOS="680"/>
							<String ID="string_114" HPOS="720" VPOS="1258" WIDTH="59" HEIGHT="36" WC="0.96" CONTENT="för"/><SP WIDTH="40" VPOS="1258" HPOS="779"/>
							<String ID="string_115" HPOS="819" VPOS="1258" WIDTH="135" HEIGHT="49" WC="0.96" CONTENT="bidrag"/><SP WIDTH="27" VPOS="1258" HPOS="954"/>
							<String ID="string_116" HPOS="981" VPOS="1259" WIDTH="54" HEIGHT="36" WC="0.95" CONTENT="till"/><SP WIDTH="29" VPOS="1259" HPOS="1035"/>
							<String ID="string_117" HPOS="1064" VPOS="1259" WIDTH="237" HEIGHT="37" WC="0.95" CONTENT="bestridande"/><SP WIDTH="28" VPOS="1259" HPOS="1301"/>
							<String ID="string_118" HPOS="1329" VPOS="1273" WIDTH="48" HEIGHT="23" WC="0.93" CONTENT="av"/><SP WIDTH="28" VPOS="1273" HPOS="1377"/>
							<String ID="string_119" HPOS="1405" VPOS="1260" WIDTH="153" HEIGHT="36" WC="0.92" CONTENT="kostna-"/>
						</TextLine>
						<TextLine ID="line_26" HPOS="553" VPOS="1308" WIDTH="1003" HEIGHT="52">
							<String ID="string_120" HPOS="553" VPOS="1308" WIDTH="114" HEIGHT="36" WC="0.96" CONTENT="derna"/><SP WIDTH="43" VPOS="1308" HPOS="667"/>
							<String ID="string_121" HPOS="710" VPOS="1310" WIDTH="57" HEIGHT="36" WC="0.93" CONTENT="för"/><SP WIDTH="33" VPOS="1310" HPOS="767"/>
							<String ID="string_122" HPOS="800" VPOS="1310" WIDTH="214" HEIGHT="49" WC="0.91" CONTENT="isbrytning"/><SP WIDTH="26" VPOS="1310" HPOS="1014"/>
							<String ID="string_123" HPOS="1040" VPOS="1311" WIDTH="13" HEIGHT="35" WC="0.96" CONTENT="i"/><SP WIDTH="29" VPOS="1311" HPOS="1053"/>
							<String ID="string_124" HPOS="1082" VPOS="1310" WIDTH="217" HEIGHT="50" WC="0.96" CONTENT="Göteborgs"/><SP WIDTH="30" VPOS="1310" HPOS="1299"/>
							<String ID="string_125" HPOS="1329" VPOS="1312" WIDTH="71" HEIGHT="36" WC="0.96" CONTENT="och"/><SP WIDTH="28" VPOS="1312" HPOS="1400"/>
							<String ID="string_126" HPOS="1428" VPOS="1311" WIDTH="128" HEIGHT="37" WC="0.95" CONTENT="Bohus"/>
						</TextLine>
						<TextLine ID="line_27" HPOS="551" VPOS="1360" WIDTH="923" HEIGHT="49">
							<String ID="string_127" HPOS="551" VPOS="1360" WIDTH="82" HEIGHT="36" WC="0.96" CONTENT="läng"/><SP WIDTH="29" VPOS="1360" HPOS="633"/>
							<String ID="string_128" HPOS="662" VPOS="1361" WIDTH="179" HEIGHT="48" WC="0.92" CONTENT="skärgård"/><SP WIDTH="37" VPOS="1361" HPOS="841"/>
							<String ID="string_129" HPOS="878" VPOS="1394" WIDTH="2" HEIGHT="2" WC="0.75" CONTENT="."/><SP WIDTH="190" VPOS="1394" HPOS="880"/>
							<String ID="string_130" HPOS="1070" VPOS="1394" WIDTH="50" HEIGHT="4" WC="0.0" CONTENT="esdölN"/><SP WIDTH="64" VPOS="1394" HPOS="1120"/>
							<String ID="string_131" HPOS="1184" VPOS="1396" WIDTH="16" HEIGHT="2" WC="0.0" CONTENT="grön"/><SP WIDTH="64" VPOS="1396" HPOS="1200"/>
							<String ID="string_132" HPOS="1264" VPOS="1396" WIDTH="2" HEIGHT="2" WC="0.10" CONTENT="töntar"/><SP WIDTH="78" VPOS="1396" HPOS="1266"/>
							<String ID="string_133" HPOS="1344" VPOS="1396" WIDTH="16" HEIGHT="2" WC="0.11" CONTENT="tot"/><SP WIDTH="32" VPOS="1396" HPOS="1360"/>
							<String ID="string_134" HPOS="1392" VPOS="1396" WIDTH="2" HEIGHT="2" WC="0.0" CONTENT="nd"/><SP WIDTH="44" VPOS="1396" HPOS="1394"/>
							<String ID="string_135" HPOS="1438" VPOS="1396" WIDTH="36" HEIGHT="2" WC="0.0" CONTENT="Ren"/>
						</TextLine>
						<TextLine ID="line_28" HPOS="476" VPOS="1412" WIDTH="1081" HEIGHT="49">
							<String ID="string_136" HPOS="476" VPOS="1412" WIDTH="205" HEIGHT="36" WC="0.96" CONTENT="kostnader"/><SP WIDTH="26" VPOS="1412" HPOS="681"/>
							<String ID="string_137" HPOS="707" VPOS="1413" WIDTH="58" HEIGHT="36" WC="0.96" CONTENT="för"/><SP WIDTH="27" VPOS="1413" HPOS="765"/>
							<String ID="string_138" HPOS="792" VPOS="1413" WIDTH="212" HEIGHT="48" WC="0.96" CONTENT="ersättning"/><SP WIDTH="27" VPOS="1413" HPOS="1004"/>
							<String ID="string_139" HPOS="1031" VPOS="1414" WIDTH="58" HEIGHT="36" WC="0.96" CONTENT="för"/><SP WIDTH="27" VPOS="1414" HPOS="1089"/>
							<String ID="string_140" HPOS="1116" VPOS="1415" WIDTH="106" HEIGHT="37" WC="0.96" CONTENT="mark"/><SP WIDTH="23" VPOS="1415" HPOS="1222"/>
							<String ID="string_141" HPOS="1245" VPOS="1415" WIDTH="83" HEIGHT="36" WC="0.91" CONTENT="från"/><SP WIDTH="19" VPOS="1415" HPOS="1328"/>
							<String ID="string_142" HPOS="1347" VPOS="1415" WIDTH="210" HEIGHT="36" WC="0.89" CONTENT="länsmans-"/>
						</TextLine>
						<TextLine ID="line_29" HPOS="551" VPOS="1455" WIDTH="1003" HEIGHT="58">
							<String ID="string_143" HPOS="551" VPOS="1463" WIDTH="174" HEIGHT="37" WC="0.92" CONTENT="bostället"/><SP WIDTH="28" VPOS="1463" HPOS="725"/>
							<String ID="string_144" HPOS="753" VPOS="1455" WIDTH="101" HEIGHT="45" WC="0.92" CONTENT="Övre"/><SP WIDTH="28" VPOS="1455" HPOS="854"/>
							<String ID="string_145" HPOS="882" VPOS="1464" WIDTH="98" HEIGHT="49" WC="0.91" CONTENT="Lyse"/><SP WIDTH="27" VPOS="1464" HPOS="980"/>
							<String ID="string_146" HPOS="1007" VPOS="1479" WIDTH="45" HEIGHT="22" WC="0.90" CONTENT="nr"/><SP WIDTH="30" VPOS="1479" HPOS="1052"/>
							<String ID="string_147" HPOS="1082" VPOS="1468" WIDTH="312" HEIGHT="34" WC="0.0" CONTENT="1..oococ"/><SP WIDTH="158" VPOS="1468" HPOS="1394"/>
							<String ID="string_148" HPOS="1552" VPOS="1500" WIDTH="2" HEIGHT="2" WC="0.64" CONTENT="|"/>
						</TextLine>
						<TextLine ID="line_30" HPOS="476" VPOS="1515" WIDTH="1080" HEIGHT="51">
							<String ID="string_149" HPOS="476" VPOS="1515" WIDTH="204" HEIGHT="36" WC="0.96" CONTENT="kostnader"/><SP WIDTH="39" VPOS="1515" HPOS="680"/>
							<String ID="string_150" HPOS="719" VPOS="1516" WIDTH="58" HEIGHT="36" WC="0.96" CONTENT="för"/><SP WIDTH="40" VPOS="1516" HPOS="777"/>
							<String ID="string_151" HPOS="817" VPOS="1516" WIDTH="246" HEIGHT="49" WC="0.96" CONTENT="ombyggnad"/><SP WIDTH="34" VPOS="1516" HPOS="1063"/>
							<String ID="string_152" HPOS="1097" VPOS="1530" WIDTH="47" HEIGHT="22" WC="0.93" CONTENT="av"/><SP WIDTH="27" VPOS="1530" HPOS="1144"/>
							<String ID="string_153" HPOS="1171" VPOS="1517" WIDTH="385" HEIGHT="49" WC="0.91" CONTENT="bostadsbyggnaden"/>
						</TextLine>
						<TextLine ID="line_31" HPOS="550" VPOS="1568" WIDTH="965" HEIGHT="50">
							<String ID="string_154" HPOS="550" VPOS="1580" WIDTH="48" HEIGHT="22" WC="0.84" CONTENT="m."/><SP WIDTH="30" VPOS="1580" HPOS="598"/>
							<String ID="string_155" HPOS="628" VPOS="1580" WIDTH="48" HEIGHT="22" WC="0.89" CONTENT="m."/><SP WIDTH="29" VPOS="1580" HPOS="676"/>
							<String ID="string_156" HPOS="705" VPOS="1570" WIDTH="20" HEIGHT="33" WC="0.91" CONTENT="å"/><SP WIDTH="28" VPOS="1570" HPOS="725"/>
							<String ID="string_157" HPOS="753" VPOS="1568" WIDTH="370" HEIGHT="36" WC="0.91" CONTENT="länsmansbostället"/><SP WIDTH="29" VPOS="1568" HPOS="1123"/>
							<String ID="string_158" HPOS="1152" VPOS="1569" WIDTH="11" HEIGHT="35" WC="0.75" CONTENT="i"/><SP WIDTH="29" VPOS="1569" HPOS="1163"/>
							<String ID="string_159" HPOS="1192" VPOS="1568" WIDTH="119" HEIGHT="37" WC="0.93" CONTENT="Särna"/><SP WIDTH="28" VPOS="1568" HPOS="1311"/>
							<String ID="string_160" HPOS="1339" VPOS="1569" WIDTH="176" HEIGHT="49" WC="0.91" CONTENT="kyrkoby"/>
						</TextLine>
						<TextLine ID="line_32" HPOS="475" VPOS="1618" WIDTH="1079" HEIGHT="50">
							<String ID="string_161" HPOS="475" VPOS="1618" WIDTH="203" HEIGHT="37" WC="0.96" CONTENT="kostnader"/><SP WIDTH="41" VPOS="1618" HPOS="678"/>
							<String ID="string_162" HPOS="719" VPOS="1619" WIDTH="59" HEIGHT="36" WC="0.96" CONTENT="för"/><SP WIDTH="40" VPOS="1619" HPOS="778"/>
							<String ID="string_163" HPOS="818" VPOS="1624" WIDTH="104" HEIGHT="31" WC="0.95" CONTENT="extra"/><SP WIDTH="27" VPOS="1624" HPOS="922"/>
							<String ID="string_164" HPOS="949" VPOS="1620" WIDTH="289" HEIGHT="48" WC="0.96" CONTENT="öppethållande"/><SP WIDTH="29" VPOS="1620" HPOS="1238"/>
							<String ID="string_165" HPOS="1267" VPOS="1634" WIDTH="44" HEIGHT="22" WC="0.92" CONTENT="av"/><SP WIDTH="29" VPOS="1634" HPOS="1311"/>
							<String ID="string_166" HPOS="1340" VPOS="1621" WIDTH="214" HEIGHT="36" WC="0.92" CONTENT="telefonsta-"/>
						</TextLine>
						<TextLine ID="line_33" HPOS="549" VPOS="1670" WIDTH="923" HEIGHT="49">
							<String ID="string_167" HPOS="549" VPOS="1670" WIDTH="128" HEIGHT="36" WC="0.95" CONTENT="tionen"/><SP WIDTH="27" VPOS="1670" HPOS="677"/>
							<String ID="string_168" HPOS="704" VPOS="1670" WIDTH="12" HEIGHT="36" WC="0.96" CONTENT="i"/><SP WIDTH="27" VPOS="1670" HPOS="716"/>
							<String ID="string_169" HPOS="743" VPOS="1670" WIDTH="229" HEIGHT="49" WC="0.91" CONTENT="Haparanda"/><SP WIDTH="84" VPOS="1670" HPOS="972"/>
							<String ID="string_170" HPOS="1056" VPOS="1704" WIDTH="2" HEIGHT="2" WC="0.44" CONTENT=".."/><SP WIDTH="126" VPOS="1704" HPOS="1058"/>
							<String ID="string_171" HPOS="1184" VPOS="1704" WIDTH="2" HEIGHT="4" WC="0.67" CONTENT=";"/><SP WIDTH="284" VPOS="1704" HPOS="1186"/>
							<String ID="string_172" HPOS="1470" VPOS="1706" WIDTH="2" HEIGHT="2" WC="0.50" CONTENT=":"/>
						</TextLine>
						<TextLine ID="line_34" HPOS="475" VPOS="1721" WIDTH="1079" HEIGHT="51">
							<String ID="string_173" HPOS="475" VPOS="1721" WIDTH="203" HEIGHT="36" WC="0.95" CONTENT="kostnader"/><SP WIDTH="27" VPOS="1721" HPOS="678"/>
							<String ID="string_174" HPOS="705" VPOS="1722" WIDTH="58" HEIGHT="35" WC="0.96" CONTENT="för"/><SP WIDTH="18" VPOS="1722" HPOS="763"/>
							<String ID="string_175" HPOS="781" VPOS="1723" WIDTH="129" HEIGHT="48" WC="0.96" CONTENT="tillsyn"/><SP WIDTH="20" VPOS="1723" HPOS="910"/>
							<String ID="string_176" HPOS="930" VPOS="1727" WIDTH="88" HEIGHT="32" WC="0.96" CONTENT="över"/><SP WIDTH="17" VPOS="1727" HPOS="1018"/>
							<String ID="string_177" HPOS="1035" VPOS="1724" WIDTH="327" HEIGHT="48" WC="0.96" CONTENT="upprätthållande"/><SP WIDTH="20" VPOS="1724" HPOS="1362"/>
							<String ID="string_178" HPOS="1382" VPOS="1724" WIDTH="11" HEIGHT="36" WC="0.93" CONTENT="i"/><SP WIDTH="21" VPOS="1724" HPOS="1393"/>
							<String ID="string_179" HPOS="1414" VPOS="1724" WIDTH="140" HEIGHT="36" WC="0.92" CONTENT="Torne-"/>
						</TextLine>
						<TextLine ID="line_35" HPOS="548" VPOS="1773" WIDTH="878" HEIGHT="50">
							<String ID="string_180" HPOS="548" VPOS="1773" WIDTH="109" HEIGHT="36" WC="0.96" CONTENT="dalen"/><SP WIDTH="29" VPOS="1773" HPOS="657"/>
							<String ID="string_181" HPOS="686" VPOS="1787" WIDTH="46" HEIGHT="22" WC="0.96" CONTENT="av"/><SP WIDTH="27" VPOS="1787" HPOS="732"/>
							<String ID="string_182" HPOS="759" VPOS="1774" WIDTH="176" HEIGHT="48" WC="0.93" CONTENT="gällande"/><SP WIDTH="29" VPOS="1774" HPOS="935"/>
							<String ID="string_183" HPOS="964" VPOS="1775" WIDTH="270" HEIGHT="48" WC="0.92" CONTENT="exportförbud"/><SP WIDTH="29" VPOS="1775" HPOS="1234"/>
							<String ID="string_184" HPOS="1263" VPOS="1789" WIDTH="47" HEIGHT="22" WC="0.90" CONTENT="m."/><SP WIDTH="30" VPOS="1789" HPOS="1310"/>
							<String ID="string_185" HPOS="1340" VPOS="1789" WIDTH="49" HEIGHT="22" WC="0.90" CONTENT="m."/><SP WIDTH="35" VPOS="1789" HPOS="1389"/>
							<String ID="string_186" HPOS="1424" VPOS="1808" WIDTH="2" HEIGHT="2" WC="0.92" CONTENT="."/>
						</TextLine>
					</TextBlock>
				</ComposedBlock>
				<ComposedBlock ID="cblock_9" HPOS="1592" VPOS="334" WIDTH="137" HEIGHT="37">
					<TextBlock ID="block_11" HPOS="1592" VPOS="334" WIDTH="137" HEIGHT="37">
						<TextLine ID="line_36" HPOS="1592" VPOS="334" WIDTH="137" HEIGHT="37">
							<String ID="string_187" HPOS="1592" VPOS="334" WIDTH="137" HEIGHT="37" WC="0.96" CONTENT="kronor"/>
						</TextLine>
					</TextBlock>
				</ComposedBlock>
				<ComposedBlock ID="cblock_10" HPOS="1638" VPOS="861" WIDTH="18" HEIGHT="23">
					<TextBlock ID="block_12" HPOS="1638" VPOS="861" WIDTH="18" HEIGHT="23">
						<TextLine ID="line_37" HPOS="1638" VPOS="861" WIDTH="18" HEIGHT="23">
							<String ID="string_188" HPOS="1638" VPOS="861" WIDTH="18" HEIGHT="23" WC="0.92" CONTENT="»"/>
						</TextLine>
					</TextBlock>
				</ComposedBlock>
				<ComposedBlock ID="cblock_11" HPOS="1639" VPOS="1067" WIDTH="17" HEIGHT="22">
					<TextBlock ID="block_13" HPOS="1639" VPOS="1067" WIDTH="17" HEIGHT="22">
						<TextLine ID="line_38" HPOS="1639" VPOS="1067" WIDTH="17" HEIGHT="22">
							<String ID="string_189" HPOS="1639" VPOS="1067" WIDTH="17" HEIGHT="22" WC="0.92" CONTENT="»"/>
						</TextLine>
					</TextBlock>
				</ComposedBlock>
				<ComposedBlock ID="cblock_12" HPOS="1639" VPOS="1221" WIDTH="17" HEIGHT="23">
					<TextBlock ID="block_14" HPOS="1639" VPOS="1221" WIDTH="17" HEIGHT="23">
						<TextLine ID="line_39" HPOS="1639" VPOS="1221" WIDTH="17" HEIGHT="23">
							<String ID="string_190" HPOS="1639" VPOS="1221" WIDTH="17" HEIGHT="23" WC="0.93" CONTENT="»"/>
						</TextLine>
					</TextBlock>
				</ComposedBlock>
				<ComposedBlock ID="cblock_13" HPOS="1633" VPOS="1787" WIDTH="17" HEIGHT="23">
					<TextBlock ID="block_15" HPOS="1633" VPOS="1787" WIDTH="17" HEIGHT="23">
						<TextLine ID="line_40" HPOS="1633" VPOS="1787" WIDTH="17" HEIGHT="23">
							<String ID="string_191" HPOS="1633" VPOS="1787" WIDTH="17" HEIGHT="23" WC="0.60" CONTENT="»"/>
						</TextLine>
					</TextBlock>
				</ComposedBlock>
				<ComposedBlock ID="cblock_14" HPOS="1403" VPOS="1777" WIDTH="523" HEIGHT="115">
					<TextBlock ID="block_16" HPOS="1403" VPOS="1777" WIDTH="523" HEIGHT="115">
						<TextLine ID="line_41" HPOS="1774" VPOS="1777" WIDTH="151" HEIGHT="45">
							<String ID="string_192" HPOS="1774" VPOS="1777" WIDTH="151" HEIGHT="45" WC="0.92" CONTENT="32,018:"/>
						</TextLine>
						<TextLine ID="line_42" HPOS="1403" VPOS="1843" WIDTH="523" HEIGHT="49">
							<String ID="string_193" HPOS="1403" VPOS="1843" WIDTH="153" HEIGHT="38" WC="0.95" CONTENT="Summa"/><SP WIDTH="27" VPOS="1843" HPOS="1556"/>
							<String ID="string_194" HPOS="1583" VPOS="1845" WIDTH="140" HEIGHT="36" WC="0.93" CONTENT="kronor"/><SP WIDTH="29" VPOS="1845" HPOS="1723"/>
							<String ID="string_195" HPOS="1752" VPOS="1846" WIDTH="174" HEIGHT="46" WC="0.91" CONTENT="143,471:"/>
						</TextLine>
					</TextBlock>
				</ComposedBlock>
				<ComposedBlock ID="cblock_15" HPOS="1930" VPOS="338" WIDTH="71" HEIGHT="34">
					<TextBlock ID="block_17" HPOS="1930" VPOS="338" WIDTH="71" HEIGHT="34">
						<TextLine ID="line_43" HPOS="1930" VPOS="338" WIDTH="71" HEIGHT="34">
							<String ID="string_196" HPOS="1930" VPOS="348" WIDTH="6" HEIGHT="23" WC="0.92" CONTENT=":"/><SP WIDTH="19" VPOS="348" HPOS="1936"/>
							<String ID="string_197" HPOS="1955" VPOS="338" WIDTH="46" HEIGHT="34" WC="0.95" CONTENT="68"/>
						</TextLine>
					</TextBlock>
				</ComposedBlock>
				<ComposedBlock ID="cblock_16" HPOS="390" VPOS="1918" WIDTH="1599" HEIGHT="364">
					<TextBlock ID="block_18" HPOS="390" VPOS="1918" WIDTH="1599" HEIGHT="364">
						<TextLine ID="line_44" HPOS="496" VPOS="1918" WIDTH="1491" HEIGHT="54">
							<String ID="string_198" HPOS="496" VPOS="1918" WIDTH="74" HEIGHT="36" WC="0.93" CONTENT="För"/><SP WIDTH="44" VPOS="1918" HPOS="570"/>
							<String ID="string_199" HPOS="614" VPOS="1919" WIDTH="204" HEIGHT="48" WC="0.92" CONTENT="jämnande"/><SP WIDTH="42" VPOS="1919" HPOS="818"/>
							<String ID="string_200" HPOS="860" VPOS="1933" WIDTH="47" HEIGHT="22" WC="0.95" CONTENT="av"/><SP WIDTH="41" VPOS="1933" HPOS="907"/>
							<String ID="string_201" HPOS="948" VPOS="1920" WIDTH="190" HEIGHT="49" WC="0.92" CONTENT="anslagets"/><SP WIDTH="41" VPOS="1920" HPOS="1138"/>
							<String ID="string_202" HPOS="1179" VPOS="1921" WIDTH="223" HEIGHT="36" WC="0.91" CONTENT="slutsumma"/><SP WIDTH="40" VPOS="1921" HPOS="1402"/>
							<String ID="string_203" HPOS="1442" VPOS="1922" WIDTH="67" HEIGHT="36" WC="0.96" CONTENT="har"/><SP WIDTH="28" VPOS="1922" HPOS="1509"/>
							<String ID="string_204" HPOS="1537" VPOS="1922" WIDTH="207" HEIGHT="37" WC="0.95" CONTENT="detsamma"/><SP WIDTH="28" VPOS="1922" HPOS="1744"/>
							<String ID="string_205" HPOS="1772" VPOS="1923" WIDTH="215" HEIGHT="49" WC="0.95" CONTENT="föreslagits"/>
						</TextLine>
						<TextLine ID="line_45" HPOS="392" VPOS="1969" WIDTH="427" HEIGHT="47">
							<String ID="string_206" HPOS="392" VPOS="1969" WIDTH="56" HEIGHT="36" WC="0.90" CONTENT="till"/><SP WIDTH="32" VPOS="1969" HPOS="448"/>
							<String ID="string_207" HPOS="480" VPOS="1971" WIDTH="163" HEIGHT="45" WC="0.90" CONTENT="143,480"/><SP WIDTH="28" VPOS="1971" HPOS="643"/>
							<String ID="string_208" HPOS="671" VPOS="1970" WIDTH="148" HEIGHT="37" WC="0.96" CONTENT="kronor."/>
						</TextLine>
						<TextLine ID="line_46" HPOS="495" VPOS="2021" WIDTH="1493" HEIGHT="55">
							<String ID="string_209" HPOS="495" VPOS="2021" WIDTH="80" HEIGHT="36" WC="0.96" CONTENT="Mot"/><SP WIDTH="41" VPOS="2021" HPOS="575"/>
							<String ID="string_210" HPOS="616" VPOS="2022" WIDTH="45" HEIGHT="35" WC="0.96" CONTENT="de"/><SP WIDTH="40" VPOS="2022" HPOS="661"/>
							<String ID="string_211" HPOS="701" VPOS="2022" WIDTH="12" HEIGHT="35" WC="0.95" CONTENT="i"/><SP WIDTH="40" VPOS="2022" HPOS="713"/>
							<String ID="string_212" HPOS="753" VPOS="2022" WIDTH="236" HEIGHT="37" WC="0.96" CONTENT="förestående"/><SP WIDTH="34" VPOS="2022" HPOS="989"/>
							<String ID="string_213" HPOS="1023" VPOS="2023" WIDTH="237" HEIGHT="48" WC="0.95" CONTENT="förteckning"/><SP WIDTH="27" VPOS="2023" HPOS="1260"/>
							<String ID="string_214" HPOS="1287" VPOS="2030" WIDTH="194" HEIGHT="43" WC="0.96" CONTENT="upptagna"/><SP WIDTH="28" VPOS="2030" HPOS="1481"/>
							<String ID="string_215" HPOS="1509" VPOS="2025" WIDTH="183" HEIGHT="37" WC="0.93" CONTENT="särskilda"/><SP WIDTH="27" VPOS="2025" HPOS="1692"/>
							<String ID="string_216" HPOS="1719" VPOS="2026" WIDTH="269" HEIGHT="50" WC="0.90" CONTENT="utgiftsposter"/>
						</TextLine>
						<TextLine ID="line_47" HPOS="392" VPOS="2072" WIDTH="1597" HEIGHT="52">
							<String ID="string_217" HPOS="392" VPOS="2072" WIDTH="67" HEIGHT="36" WC="0.96" CONTENT="har"/><SP WIDTH="41" VPOS="2072" HPOS="459"/>
							<String ID="string_218" HPOS="500" VPOS="2073" WIDTH="182" HEIGHT="37" WC="0.96" CONTENT="utskottet"/><SP WIDTH="27" VPOS="2073" HPOS="682"/>
							<String ID="string_219" HPOS="709" VPOS="2073" WIDTH="81" HEIGHT="37" WC="0.95" CONTENT="icke"/><SP WIDTH="29" VPOS="2073" HPOS="790"/>
							<String ID="string_220" HPOS="819" VPOS="2075" WIDTH="125" HEIGHT="35" WC="0.96" CONTENT="funnit"/><SP WIDTH="28" VPOS="2075" HPOS="944"/>
							<String ID="string_221" HPOS="972" VPOS="2075" WIDTH="204" HEIGHT="49" WC="0.96" CONTENT="anledning"/><SP WIDTH="27" VPOS="2075" HPOS="1176"/>
							<String ID="string_222" HPOS="1203" VPOS="2076" WIDTH="55" HEIGHT="35" WC="0.96" CONTENT="till"/><SP WIDTH="28" VPOS="2076" HPOS="1258"/>
							<String ID="string_223" HPOS="1286" VPOS="2077" WIDTH="147" HEIGHT="35" WC="0.96" CONTENT="erinran"/><SP WIDTH="28" VPOS="2077" HPOS="1433"/>
							<String ID="string_224" HPOS="1461" VPOS="2077" WIDTH="12" HEIGHT="36" WC="0.96" CONTENT="i"/><SP WIDTH="28" VPOS="2077" HPOS="1473"/>
							<String ID="string_225" HPOS="1501" VPOS="2076" WIDTH="127" HEIGHT="37" WC="0.96" CONTENT="vidare"/><SP WIDTH="28" VPOS="2076" HPOS="1628"/>
							<String ID="string_226" HPOS="1656" VPOS="2080" WIDTH="85" HEIGHT="33" WC="0.96" CONTENT="mån"/><SP WIDTH="29" VPOS="2080" HPOS="1741"/>
							<String ID="string_227" HPOS="1770" VPOS="2082" WIDTH="48" HEIGHT="31" WC="0.96" CONTENT="än"/><SP WIDTH="29" VPOS="2082" HPOS="1818"/>
							<String ID="string_228" HPOS="1847" VPOS="2083" WIDTH="56" HEIGHT="31" WC="0.93" CONTENT="att"/><SP WIDTH="28" VPOS="2083" HPOS="1903"/>
							<String ID="string_229" HPOS="1931" VPOS="2084" WIDTH="58" HEIGHT="30" WC="0.93" CONTENT="ut-"/>
						</TextLine>
						<TextLine ID="line_48" HPOS="392" VPOS="2124" WIDTH="1596" HEIGHT="53">
							<String ID="string_230" HPOS="392" VPOS="2124" WIDTH="151" HEIGHT="47" WC="0.96" CONTENT="skottet,"/><SP WIDTH="29" VPOS="2124" HPOS="543"/>
							<String ID="string_231" HPOS="572" VPOS="2125" WIDTH="73" HEIGHT="36" WC="0.96" CONTENT="vad"/><SP WIDTH="28" VPOS="2125" HPOS="645"/>
							<String ID="string_232" HPOS="673" VPOS="2125" WIDTH="178" HEIGHT="36" WC="0.96" CONTENT="beträffar"/><SP WIDTH="28" VPOS="2125" HPOS="851"/>
							<String ID="string_233" HPOS="879" VPOS="2126" WIDTH="71" HEIGHT="36" WC="0.96" CONTENT="den"/><SP WIDTH="28" VPOS="2126" HPOS="950"/>
							<String ID="string_234" HPOS="978" VPOS="2127" WIDTH="56" HEIGHT="35" WC="0.92" CONTENT="till"/><SP WIDTH="29" VPOS="2127" HPOS="1034"/>
							<String ID="string_235" HPOS="1063" VPOS="2128" WIDTH="139" HEIGHT="46" WC="0.92" CONTENT="24,480"/><SP WIDTH="28" VPOS="2128" HPOS="1202"/>
							<String ID="string_236" HPOS="1230" VPOS="2127" WIDTH="140" HEIGHT="37" WC="0.96" CONTENT="kronor"/><SP WIDTH="28" VPOS="2127" HPOS="1370"/>
							<String ID="string_237" HPOS="1398" VPOS="2129" WIDTH="165" HEIGHT="48" WC="0.96" CONTENT="angivna"/><SP WIDTH="27" VPOS="2129" HPOS="1563"/>
							<String ID="string_238" HPOS="1590" VPOS="2129" WIDTH="209" HEIGHT="36" WC="0.96" CONTENT="kostnaden"/><SP WIDTH="30" VPOS="2129" HPOS="1799"/>
							<String ID="string_239" HPOS="1829" VPOS="2129" WIDTH="59" HEIGHT="36" WC="0.93" CONTENT="för"/><SP WIDTH="19" VPOS="2129" HPOS="1888"/>
							<String ID="string_240" HPOS="1907" VPOS="2142" WIDTH="81" HEIGHT="23" WC="0.93" CONTENT="om-"/>
						</TextLine>
						<TextLine ID="line_49" HPOS="390" VPOS="2175" WIDTH="1597" HEIGHT="55">
							<String ID="string_241" HPOS="390" VPOS="2175" WIDTH="184" HEIGHT="50" WC="0.96" CONTENT="byggnad"/><SP WIDTH="29" VPOS="2175" HPOS="574"/>
							<String ID="string_242" HPOS="603" VPOS="2190" WIDTH="47" HEIGHT="22" WC="0.93" CONTENT="av"/><SP WIDTH="27" VPOS="2190" HPOS="650"/>
							<String ID="string_243" HPOS="677" VPOS="2177" WIDTH="383" HEIGHT="49" WC="0.91" CONTENT="bostadsbyggnaden"/><SP WIDTH="29" VPOS="2177" HPOS="1060"/>
							<String ID="string_244" HPOS="1089" VPOS="2192" WIDTH="48" HEIGHT="22" WC="0.88" CONTENT="m."/><SP WIDTH="31" VPOS="2192" HPOS="1137"/>
							<String ID="string_245" HPOS="1168" VPOS="2193" WIDTH="47" HEIGHT="21" WC="0.92" CONTENT="m."/><SP WIDTH="31" VPOS="2193" HPOS="1215"/>
							<String ID="string_246" HPOS="1246" VPOS="2182" WIDTH="20" HEIGHT="33" WC="0.91" CONTENT="å"/><SP WIDTH="25" VPOS="2182" HPOS="1266"/>
							<String ID="string_247" HPOS="1291" VPOS="2180" WIDTH="370" HEIGHT="37" WC="0.91" CONTENT="länsmansbostället"/><SP WIDTH="24" VPOS="2180" HPOS="1661"/>
							<String ID="string_248" HPOS="1685" VPOS="2181" WIDTH="6" HEIGHT="35" WC="0.96" CONTENT="i"/><SP WIDTH="21" VPOS="2181" HPOS="1691"/>
							<String ID="string_249" HPOS="1712" VPOS="2180" WIDTH="117" HEIGHT="37" WC="0.93" CONTENT="Särna"/><SP WIDTH="18" VPOS="2180" HPOS="1829"/>
							<String ID="string_250" HPOS="1847" VPOS="2181" WIDTH="140" HEIGHT="49" WC="0.91" CONTENT="kyrko-"/>
						</TextLine>
						<TextLine ID="line_50" HPOS="390" VPOS="2227" WIDTH="1596" HEIGHT="55">
							<String ID="string_251" HPOS="390" VPOS="2227" WIDTH="63" HEIGHT="49" WC="0.96" CONTENT="by,"/><SP WIDTH="30" VPOS="2227" HPOS="453"/>
							<String ID="string_252" HPOS="483" VPOS="2228" WIDTH="96" HEIGHT="37" WC="0.95" CONTENT="efter"/><SP WIDTH="32" VPOS="2228" HPOS="579"/>
							<String ID="string_253" HPOS="611" VPOS="2228" WIDTH="237" HEIGHT="50" WC="0.96" CONTENT="granskning"/><SP WIDTH="28" VPOS="2228" HPOS="848"/>
							<String ID="string_254" HPOS="876" VPOS="2243" WIDTH="46" HEIGHT="22" WC="0.97" CONTENT="av"/><SP WIDTH="28" VPOS="2243" HPOS="922"/>
							<String ID="string_255" HPOS="950" VPOS="2229" WIDTH="45" HEIGHT="37" WC="0.95" CONTENT="de"/><SP WIDTH="28" VPOS="2229" HPOS="995"/>
							<String ID="string_256" HPOS="1023" VPOS="2230" WIDTH="54" HEIGHT="36" WC="0.95" CONTENT="till"/><SP WIDTH="30" VPOS="2230" HPOS="1077"/>
							<String ID="string_257" HPOS="1107" VPOS="2230" WIDTH="157" HEIGHT="37" WC="0.96" CONTENT="berörda"/><SP WIDTH="28" VPOS="2230" HPOS="1264"/>
							<String ID="string_258" HPOS="1292" VPOS="2231" WIDTH="139" HEIGHT="37" WC="0.96" CONTENT="ärende"/><SP WIDTH="29" VPOS="2231" HPOS="1431"/>
							<String ID="string_259" HPOS="1460" VPOS="2232" WIDTH="164" HEIGHT="36" WC="0.96" CONTENT="hörande"/><SP WIDTH="28" VPOS="2232" HPOS="1624"/>
							<String ID="string_260" HPOS="1652" VPOS="2232" WIDTH="237" HEIGHT="50" WC="0.93" CONTENT="handlingar,"/><SP WIDTH="32" VPOS="2232" HPOS="1889"/>
							<String ID="string_261" HPOS="1921" VPOS="2246" WIDTH="65" HEIGHT="23" WC="0.92" CONTENT="an-"/>
						</TextLine>
					</TextBlock>
				</ComposedBlock>
			</PrintSpace>
		</Page>
	</Layout>
</alto>
