1924 2830
145 536 128 25 Utskottet.

130 2357 127 24 Utskottet.

322 148 18 28 4
753 156 274 32 Statsutskottets
1052 158 175 32 utlåtande
1250 169 42 21 nr
1319 159 49 31 63.

324 236 172 32 inhämtas
524 237 50 31 till
602 239 267 31 överskridande
899 250 42 20 av
966 244 123 33 posten
1116 242 78 31 med
1220 244 101 35 högst
1348 244 117 30 30000
1494 246 138 31 kronor.
1662 242 161 46 Departe-

323 287 238 31 mentschefen
580 288 63 30 har
663 287 171 39 förutsatt,
854 294 48 27 att
921 292 130 29 arbetet
1071 293 37 30 så
1127 293 171 36 bedreves,
1319 297 48 28 att
1387 295 153 36 registret
1560 305 80 23 vore
1660 298 11 30 i
1690 298 133 29 huvud-

324 338 61 29 sak
410 337 207 37 färdigställt
639 340 110 30 under
776 340 232 33 innevarande
1032 342 175 36 budgetår.
1235 344 66 31 Till
1326 347 99 30 nästa
1449 346 170 37 budgetår
1643 349 180 29 eventuellt

323 387 228 32 kvarstående
574 390 186 30 kostnader
786 391 105 31 borde
916 393 119 30 kunna
1059 393 166 33 bestridas
1251 405 42 21 av
1318 396 153 30 nämnda
1496 397 184 37 budgetårs
1706 400 119 35 anslag

323 440 82 28 utan
423 439 148 31 särskild
588 440 223 38 uppräkning
827 451 41 21 av
886 442 201 32 detsamma.

366 538 171 32 Utskottet
555 540 65 30 har
637 543 111 28 ansett
766 542 49 36 sig
834 543 83 31 böra
939 543 180 38 tillstyrka,
1139 548 48 28 att
1205 546 147 31 berörda
1372 548 216 36 anslagspost
1607 549 57 31 må
1686 550 54 30 för
1759 550 64 30 här

320 588 149 32 avsedda
489 589 164 32 ändamål
673 592 216 33 överskridas
909 593 9 31 i
938 592 151 38 enlighet
1107 596 78 30 med
1206 596 122 36 Kungl.
1351 597 117 38 Maj:ts
1488 598 139 37 förslag.

366 639 169 31 Utskottet
556 641 207 37 hemställer,

675 730 49 26 att
739 726 184 37 riksdagen
939 727 57 31 må
1012 730 166 37 medgiva,
1196 733 50 28 att
1261 732 67 29 den
1348 731 10 30 i
1374 732 294 37 avlöningsstaten
1683 734 56 30 för
1754 734 68 31 för-

628 780 128 28 svarets
772 776 292 40 civilförvaltning
1078 784 175 33 upptagna
1269 782 261 36 anslagsposten
1547 784 210 38 Avlöningar
1771 786 50 30 till

627 827 95 37 övrig
749 828 264 32 icke-ordinarie
1039 832 158 34 personal
1225 832 57 31 må
1311 833 110 31 under
1449 834 202 36 budgetåret
1681 831 136 42 1946/47

620 877 216 33 överskridas
857 879 78 30 med
954 880 100 36 högst
1074 881 40 30 30
1127 882 61 29 000
1208 883 139 30 kronor.

362 991 66 39 2:0)
450 992 130 38 Bidrag
600 994 52 30 till
670 994 274 37 sjövärnskåren
964 997 57 30 för
1041 998 167 37 flyttning
1225 1008 43 21 av
1286 1000 183 32 baracker.
1490 1001 123 37 Kungl.
1635 1002 101 36 Maj:t
1756 1003 64 30 har

318 1043 175 37 föreslagit
512 1043 183 38 riksdagen
722 1045 123 39 (punkt
866 1048 29 35 2,
916 1058 24 21 s.
966 1049 38 29 12
1025 1050 66 30 och
1114 1048 49 41 13)
1190 1053 49 28 att
1258 1051 51 31 till
1328 1050 267 38 ifrågavarande
1616 1053 163 32 ändamål
1799 1053 20 31 å

319 1091 201 39 tilläggsstat
544 1094 31 31 II
601 1095 50 31 till
674 1096 185 31 riksstaten
884 1098 54 30 för
963 1099 201 36 budgetåret
1194 1097 136 41 1946/47
1358 1102 119 31 anvisa
1503 1105 47 28 ett
1576 1104 241 31 reservations-

316 1144 119 36 anslag
450 1154 42 20 av
508 1145 43 29 36
562 1145 66 30 000
641 1146 139 31 kronor.

360 1243 72 32 Den
451 1244 197 39 utbildning
665 1255 74 22 som
759 1246 269 37 sjövärnskåren
1045 1250 155 31 bedriver
1218 1254 203 30 sommartid
1439 1254 10 30 i
1469 1254 123 30 kurser
1609 1255 79 30 med
1707 1256 111 30 elever

316 1293 78 32 från
416 1294 93 31 olika
533 1294 155 38 flottiljer
711 1299 40 29 är
772 1297 106 32 redan
900 1308 49 21 nu
970 1300 252 31 koncentrerad
1244 1302 51 31 till
1320 1302 89 32 vissa
1434 1303 248 36 övningsläger.
1709 1305 106 30 Ytter-

315 1345 104 36 ligare
447 1346 265 31 koncentration
740 1348 169 36 planeras.
940 1349 69 31 För
1037 1350 348 33 kursverksamheten
1417 1353 223 37 erforderliga
1669 1355 146 36 förlägg-

315 1394 299 37 ningsutrymmen
638 1398 58 29 äro
721 1399 189 31 emellertid
932 1400 237 37 otillräckliga.
1194 1402 53 30 Nu
1271 1402 266 37 ifrågavarande
1564 1404 132 38 förslag
1720 1415 98 21 avser

312 1448 50 27 att
383 1454 123 28 genom
531 1447 163 37 flyttning
718 1458 42 21 av
784 1450 378 37 beredskapsbaracker
1186 1452 50 32 till
1261 1454 264 37 övningslägren
1550 1456 169 32 förbätira
1745 1458 67 30 för-

313 1495 452 39 läggningsmöjligheterna.
788 1499 57 30 Ett
863 1500 265 37 tillgodoseende
1146 1513 42 20 av
1209 1503 189 37 önskemål,
1420 1514 74 21 som
1514 1506 203 33 framställts
1736 1506 80 31 från

313 1544 285 38 sjövärnskårens
622 1547 84 38 sida,
732 1550 110 30 skulle
864 1550 138 37 betinga
1027 1561 41 21 en
1094 1551 328 38 flyttningskostnad
1446 1564 42 22 av
1511 1556 77 30 icke
1610 1557 137 32 mindre
1769 1559 45 29 än

310 1597 159 36 omkring
493 1597 44 30 80
549 1598 66 30 000
636 1600 139 30 kronor.
801 1598 114 38 Enligt
939 1602 67 30 vad
1032 1603 379 35 departementschefen
1436 1605 173 32 inhämtat
1634 1607 180 37 föreligger

311 1647 76 30 icke
411 1647 179 37 möjlighet
614 1652 49 27 att
687 1649 151 32 bestrida
865 1651 98 31 dessa
987 1653 187 31 kostnader
1199 1664 43 20 av
1267 1653 286 38 sjövärnskårens
1579 1666 86 28 egna
1690 1658 121 31 medel.

314 1696 79 31 Med
410 1698 138 36 hänsyn
566 1699 51 30 till
636 1699 199 37 betydelsen
854 1710 41 21 av
915 1705 51 27 att
984 1701 125 33 kårens
1129 1703 351 38 aspirantutbildning
1499 1706 71 31 kan
1592 1707 158 31 bedrivas
1771 1707 44 37 på

310 1750 47 28 ett
374 1748 173 31 rationellt
564 1750 67 31 sätt
645 1766 44 5 —
706 1751 129 31 antalet
852 1751 193 37 aspiranter
1063 1754 169 32 beräknas
1251 1755 106 31 våren
1379 1757 80 30 1947
1480 1758 116 36 uppgå
1617 1758 52 31 till
1688 1760 62 30 750
1768 1777 44 4 —

310 1798 65 30 har
394 1798 380 37 departementschefen
795 1802 113 31 funnit
929 1804 56 30 det
1005 1805 173 36 önskvärt,
1201 1809 50 27 att
1272 1817 42 20 en
1335 1807 266 39 komplettering
1623 1818 42 21 av
1686 1810 125 30 utbild-

310 1848 220 37 ningslägren
550 1851 157 30 kommer
727 1851 52 31 till
800 1852 109 31 stånd.
933 1853 63 32 Det
1020 1854 63 30 har
1104 1852 188 35 emellertid
1315 1859 95 34 synts
1433 1857 379 36 departementschefen

309 1900 178 35 angeläget
504 1903 50 27 att
572 1901 10 30 i
601 1900 87 36 syfte
706 1904 49 28 att
774 1902 137 31 minska
929 1904 232 32 kostnaderna
1181 1906 197 32 undersöka
1399 1906 266 38 möjligheterna
1685 1909 50 32 till
1754 1910 56 31 be-

308 1950 188 36 gränsning
515 1958 43 22 av
575 1954 243 33 programmet.
838 1952 92 32 Från
948 1954 124 32 chefen
1091 1955 55 31 för
1164 1955 267 38 sjövärnskåren
1451 1958 65 31 har
1534 1958 122 32 därvid
1677 1960 134 31 inhäm-

309 2001 76 34 tats,
409 2002 50 28 att
481 2003 47 27 ett
550 2000 269 37 tillgodoseende
840 2013 42 20 av
904 2003 42 31 de
969 2008 88 27 mest
1083 2006 150 30 aktuella
1255 2007 224 32 önskemålen
1504 2009 111 31 skulle
1639 2010 107 36 draga
1767 2020 43 22 en

307 2050 148 30 kostnad
479 2059 46 21 av
551 2052 161 36 omkring
738 2052 42 30 36
793 2053 63 30 000
884 2053 138 32 kronor.
1052 2055 386 36 Departementschefen
1465 2057 66 32 har
1560 2059 171 38 tillstyrkt,
1760 2063 50 28 att

311 2100 110 29 medel
436 2100 103 31 äskas
555 2101 56 30 för
624 2101 165 38 flyttning
803 2112 44 21 av
862 2103 168 32 baracker
1041 2105 97 31 inom
1156 2106 112 31 denna
1283 2106 254 33 kostnadsram.
1555 2109 136 32 Medlen
1705 2111 106 31 borde

306 2148 104 38 enligt
429 2150 382 36 departementschefen
830 2153 135 32 anvisas
985 2165 76 21 som
1080 2158 46 29 ett
1144 2157 138 31 särskilt
1301 2157 261 40 bidragsanslag
1582 2170 44 21 av
1645 2160 163 37 engångs-

306 2203 112 29 natur.
434 2200 388 37 Departementschefen
838 2205 64 29 har
916 2205 172 37 förutsatt,
1105 2209 48 28 att
1167 2208 233 31 kostnaderna
1416 2208 56 31 för
1487 2210 185 33 underhåll
1688 2222 42 21 av
1746 2213 63 30 här

306 2251 149 31 avsedda
477 2252 169 31 baracker
667 2253 97 31 skola
786 2255 119 30 kunna
926 2255 169 32 bestridas
1117 2266 42 21 av
1182 2255 284 38 sjövärnskårens
1490 2261 121 30 medel.

353 2349 170 33 Utskottet
549 2353 40 29 är
610 2351 10 31 i
644 2352 109 32 likhet
776 2355 81 29 med
883 2354 378 36 departementschefen
1286 2358 109 31 berett
1419 2359 181 37 tillstyrka,
1625 2364 50 28 att
1699 2363 109 29 medel

307 2400 137 31 anvisas
470 2401 57 31 för
553 2402 165 38 flyttning
746 2414 42 20 av
815 2404 265 37 ifrågavarande
1108 2407 168 32 baracker
1301 2409 95 31 inom
1423 2419 43 21 en
1492 2410 244 33 kostnadsram
1766 2422 42 21 av

305 2451 41 30 36
365 2447 60 45 000
449 2451 140 32 kronor.
