2191 2678
447 225 108 30 Första
578 226 193 29 Kammarens
797 226 164 38 Tillfälliga
989 226 124 30 Utskotts
1136 225 67 39 (N:o
1226 225 33 39 2)
1288 226 150 30 Utlåtande
1461 227 57 29 N:o
1545 228 25 28 6.
1788 226 18 30 5

211 304 180 50 uppgifna
418 305 68 36 och
516 306 190 36 bestämda
734 307 102 45 fall»,
867 306 65 36 där
961 319 45 24 ur
1033 306 61 36 det
1123 306 165 50 hemliga
1315 307 168 50 registret
1503 308 225 49 upplysning
1748 320 59 23 om

212 359 145 37 moders
384 373 111 22 namn
525 360 121 37 skulle
674 360 196 45 meddelas,
899 361 104 36 torde
1032 374 100 31 vara,

318 413 47 36 då
392 414 128 36 moder
543 414 106 36 söker
676 416 64 35 sitt
768 415 105 45 barn,

318 467 47 36 då
391 469 91 35 barn
512 469 104 35 söker
644 469 54 35 sin
728 470 135 43 moder,

318 521 48 36 då
393 520 385 51 arfsangelägenheter
805 522 63 36 det
892 522 139 44 kräfva,

319 575 46 36 då
393 576 92 35 barn
515 576 97 36 fallit
640 576 247 50 fattigvården
917 578 60 34 till
1004 577 72 35 last
1103 577 66 35 och

320 629 47 36 då
394 630 348 49 civilregistraturen
772 631 79 36 icke
879 631 74 35 kan
981 631 123 35 lämna
1123 631 112 48 nödig
1263 631 225 49 upplysning
1516 632 11 34 i
1552 631 66 36 och
1638 632 58 34 för
1715 631 95 36 skol-

213 682 97 50 gång
338 684 66 35 och
434 684 131 50 dylikt,
593 691 87 30 enär
704 685 109 36 barns
841 685 205 36 vistelseort
1073 692 41 28 är
1142 685 131 35 okänd.

319 737 57 36 Af
400 738 101 36 dessa
530 737 67 37 fall
626 739 104 35 torde
758 739 129 35 endast
915 739 61 35 det
1003 737 253 37 förstnämnda
1284 737 201 50 medgifva,
1515 741 54 34 att
1598 739 212 49 upplysnin-

211 804 67 36 gar
320 793 139 35 lämnas
500 793 66 35 och
610 795 55 34 att
706 792 47 50 på
781 805 141 23 samma
951 791 96 50 gång
1075 792 169 37 moderns
1272 805 112 23 namn
1413 792 137 37 blifver
1579 791 230 38 fortfarande

213 845 186 49 skyddadt
426 851 79 30 imot
535 845 337 50 offentliggörande.
920 847 140 35 Sådana
1080 845 254 37 förhållanden
1349 845 232 37 förekomma
1598 847 211 47 visserligen

212 900 118 43 också,
358 898 47 37 då
434 899 166 37 moderns
627 901 274 35 ansvarskänsla
928 901 11 35 i
969 900 101 36 detta
1097 900 123 48 stycke
1248 913 126 23 senare
1403 901 141 35 vaknar
1571 900 69 36 och
1669 899 46 37 då
1737 901 72 35 hon

211 953 57 35 till
300 952 92 50 följd
421 953 39 35 af
487 954 215 35 nuvarande
731 955 252 36 bestämmelse
1012 955 79 35 icke
1120 954 126 49 lyckas
1274 959 54 31 att
1356 953 178 37 återfinna
1558 954 141 36 barnet.

319 1006 17 36 I
378 1006 118 50 öfriga
537 1007 64 36 fall
643 1008 166 36 däremot
849 1008 105 36 torde
982 1008 212 36 lämnandet
1218 1009 38 34 af
1284 1009 266 49 upplysningar
1578 1021 43 23 ur
1648 1008 63 36 det
1738 1012 70 32 sär-

212 1060 121 36 skilda
370 1061 168 49 registret
570 1062 80 36 icke
684 1075 87 23 vara
798 1060 174 51 förenligt
999 1062 83 36 med
1116 1062 69 36 den
1214 1061 166 50 åsyftade
1408 1063 231 43 sekretessen,
1657 1062 152 36 -hvilket

212 1114 106 37 torde
346 1113 145 51 framgå
519 1115 62 37 vid
609 1128 45 23 en
683 1119 166 33 närmare
878 1116 227 49 granskning
1138 1114 41 39 af
1204 1116 45 35 de
1278 1116 89 45 skäl,
1395 1129 79 24 som
1503 1117 73 35 tala
1604 1121 78 31 mot
1709 1116 100 37 bibe-

212 1169 188 37 hållandet
441 1168 39 37 af
520 1170 118 36 denna
680 1170 327 48 lagbestämmelse.
1063 1168 77 38 Och
1183 1169 139 37 tillåter
1360 1172 65 47 jag
1453 1171 76 48 mig
1557 1170 69 36 här
1649 1177 88 42 göra
1765 1183 43 23 en

211 1223 86 36 kort
324 1222 272 50 framställning
624 1224 120 36 däraf:

323 1280 31 33 1.
411 1277 122 49 Lagen
576 1291 58 22 om
668 1279 109 35 oäkta
805 1278 108 35 barns
940 1279 151 34 arfsrätt
1118 1277 91 36 efter
1236 1277 127 37 moder
1392 1278 67 35 och
1488 1276 321 38 mödernefränder

214 1329 41 37 af
281 1330 69 37 den
384 1334 43 34 17
459 1344 97 23 mars
601 1333 98 36 1905
746 1330 148 38 kräfver
935 1333 115 35 såsom
1085 1332 205 48 nödvändig
1319 1332 226 35 konsekvens
1572 1337 54 30 ett
1654 1331 155 49 upphäf-

214 1384 120 37 vande
376 1384 39 36 af
446 1384 280 49 ifrågavarande
754 1391 173 30 moment.
986 1384 121 37 Oäkta
1134 1387 109 34 barns
1270 1384 150 37 arfsrätt
1447 1386 72 35 kan
1548 1398 155 24 numera
1730 1386 79 36 icke

215 1444 90 30 utan
347 1444 56 30 att
443 1439 132 36 barnet
615 1438 164 49 tillfogas
820 1452 44 23 en
893 1438 81 37 svår
1002 1440 301 48 rättekränkning
1331 1439 116 36 blifva
1475 1439 179 36 beroende
1683 1442 45 45 på
1757 1445 52 30 ett

214 1492 185 49 tillfälligt
428 1492 242 49 uppdagande
699 1492 41 36 af
765 1492 168 37 moderns
962 1506 122 23 namn.
1140 1492 17 37 I
1185 1493 44 36 de
1257 1493 103 36 flesta
1388 1492 69 37 fall
1485 1493 114 45 torde,
1619 1491 107 38 äfven
1747 1506 61 23 om

213 1546 369 48 preskriptionstiden
612 1547 80 36 icke
721 1560 87 23 vore
836 1546 39 37 så
903 1548 82 35 kort
1013 1570 50 4 —
1098 1548 121 35 »inom
1247 1554 80 29 natt
1355 1547 67 36 och
1451 1546 41 37 år
1508 1546 82 37 från
1610 1548 61 35 det
1690 1546 119 37 arfvet

212 1599 91 37 föll»
338 1623 41 4 —
408 1601 100 36 detta
550 1601 245 49 uppdagande
837 1602 62 35 ske
927 1600 59 37 för
1013 1607 79 30 sent
1120 1600 57 37 för
1205 1606 56 31 att
1288 1602 233 47 tillvarataga
1548 1602 147 35 barnets
1723 1604 83 35 rätt.

212 1653 112 37 Detta
362 1655 141 47 jämväl
544 1654 58 36 för
635 1655 69 36 den
734 1654 172 37 händelse
935 1654 201 50 föreslagna
1163 1655 217 48 stadgandet
1407 1668 60 22 om
1497 1654 247 49 upprättande
1772 1654 39 36 af

212 1713 54 30 ett
306 1708 158 49 hemligt
505 1709 152 47 register
698 1708 266 50 genomfördes.
1013 1708 71 37 Det
1124 1709 104 36 torde
1257 1710 183 35 dessutom
1471 1709 148 36 komma
1647 1714 55 30 att
1728 1708 80 37 leda

212 1762 60 35 till
314 1762 198 35 allehanda
553 1763 204 47 pinsamma
799 1761 269 50 arfsprocesser,
1112 1761 57 37 för
1203 1768 54 30 att
1285 1776 50 22 nu
1363 1763 81 35 icke
1472 1764 76 34 tala
1576 1776 61 22 om
1667 1763 141 36 hvilket

212 1816 77 48 slag
317 1828 44 24 en
391 1815 109 37 sådan
530 1816 180 48 upptäckt
737 1816 121 36 skulle
887 1815 99 37 vålla
1015 1816 44 37 de
1087 1815 275 37 efterlefvande.
1409 1815 139 38 Värdet
1576 1815 40 37 af
1641 1821 53 32 ett
1715 1817 94 36 hem-

211 1868 234 50 lighållande,
475 1882 77 24 som
582 1871 11 36 i
620 1870 252 50 verkligheten
902 1869 186 51 fråntager
1112 1871 129 36 barnet
1269 1870 79 37 dess
1375 1871 137 49 lagliga
1540 1874 74 33 rätt
1628 1872 68 35 och
1716 1871 91 37 dock

210 1924 81 36 icke
320 1932 134 28 värnar
477 1937 61 23 om
566 1924 70 36 den
665 1924 108 36 dödes
802 1923 198 43 eftermäle,
1029 1928 38 32 är
1095 1925 80 36 icke
1202 1930 104 31 stort.
1354 1925 124 36 Redan
1503 1925 118 36 denna
1636 1938 74 36 nya
1729 1938 80 36 syn-

212 1978 120 48 punkt
359 1977 59 36 för
445 1977 149 50 frågans
622 1978 234 49 behandling,
884 1981 55 33 att
967 1978 68 37 den
1065 1978 108 36 sedan
1203 1978 40 36 år
1274 1981 98 35 1905
1404 1979 12 35 i
1446 1979 63 49 lag
1527 1979 173 48 stadgade
1720 1978 88 37 arfs-

211 2037 120 31 rätten
359 2031 58 37 för
445 2032 103 36 dessa
576 2033 94 35 barn
697 2032 79 36 helt
803 2033 125 35 enkelt
955 2033 212 35 annulleras
1195 2045 132 37 genom
1355 2031 280 51 ifrågavarande
1654 2034 155 35 bestäm-

212 2086 122 45 melse,
378 2098 107 37 synes
528 2086 88 36 böra
658 2093 67 42 äga
766 2086 199 49 afgörande
1006 2086 197 50 betydelse.
1259 2085 129 51 Någon
1421 2087 218 49 hänvisning
1670 2087 58 36 till
1757 2092 52 31 ett

211 2139 157 49 hemligt
406 2140 152 49 register
600 2140 141 36 medför
769 2140 185 48 praktiskt
982 2140 80 36 sedt
1089 2141 107 48 ingen
1226 2153 78 23 som
1334 2141 94 36 helst
1455 2141 181 48 väsentlig
1665 2140 143 37 föränd-

209 2192 85 50 ring
322 2193 134 36 häruti.

319 2249 33 35 2.
408 2247 53 36 En
492 2253 73 30 stor
593 2248 59 36 del
681 2246 40 37 af
748 2247 103 37 dessa
879 2248 91 36 barn
1000 2248 197 36 antecknas
1224 2248 64 36 vid
1307 2246 365 51 kyrkobokföringen
1692 2247 115 37 såsom

216 2299 159 38 »skrifna
404 2303 45 47 på
477 2300 295 50 församlingen».
802 2323 50 6 —
882 2301 72 37 Det
982 2308 39 29 är
1049 2302 78 36 icke
1156 2302 178 48 ovanligt,
1364 2307 55 31 att
1448 2302 195 37 underhåll
1667 2302 142 36 utbeta-
