1934 2860
606 188 100 28 Andra
729 189 196 35 lagutskottets
948 189 148 28 utlåtande
1118 190 48 27 Nr
1192 191 47 27 15.
1634 190 19 30 3

150 260 69 37 des,
254 261 212 32 arbetstiden
501 262 110 31 under
644 264 103 40 något
782 263 82 31 eller
897 265 104 39 några
1035 274 39 20 av
1100 263 146 32 veckans
1270 264 90 41 dygn
1385 265 191 32 utsträckas
1601 265 52 32 till

150 303 102 41 högst
276 304 18 30 9
317 303 144 32 timmar.

201 345 166 32 Bedrives
405 346 116 32 arbete
555 347 78 31 med
666 347 232 41 regelbunden
938 347 260 42 skiftindelning
1231 350 62 36 må,
1322 348 10 31 i
1356 349 66 31 den
1446 351 77 29 mån
1548 352 38 29 så
1609 361 45 20 er-

149 388 134 31 fordras
316 388 53 31 för
402 388 228 42 skiftväxling,
665 400 111 21 annan
810 390 168 31 arbetstid
1002 392 42 29 än
1067 401 83 31 nyss
1174 391 147 40 angivits
1344 391 183 42 tillämpas,
1552 392 102 31 såvitt

150 431 196 40 därigenom
370 431 73 32 icke
466 431 228 42 uppkommer
716 433 114 40 längre
855 433 233 41 sammanlagd
1111 433 168 31 arbetstid
1303 434 51 30 för
1377 445 42 20 en
1443 434 150 42 tidrymd
1615 446 39 20 av

150 473 101 41 högst
275 475 50 30 tre
349 474 131 38 veckor,
506 476 42 29 än
573 476 48 29 att
645 474 65 32 den
735 477 189 30 motsvarar
945 476 41 30 48
1010 475 135 31 timmar
1167 476 11 30 i
1201 476 136 31 veckan.

865 560 20 31 5
907 560 29 42 8.

201 621 17 27 1
257 628 89 21 mom.
391 618 48 31 Ar
475 619 53 31 för
561 619 87 31 visst
681 619 115 31 arbete
830 619 213 32 arbetstiden
1077 619 11 31 i
1115 620 169 41 väsentlig
1318 622 76 30 mån
1418 621 173 32 beroende
1614 634 40 20 av

149 659 152 32 årstiden
339 660 83 31 eller
457 660 204 32 väderleken
699 662 82 31 eller
815 663 36 30 är
882 662 67 31 den
983 664 44 39 på
1056 662 110 41 grund
1190 674 40 19 av
1254 665 103 29 annat
1379 664 212 32 förhållande
1615 676 39 20 av

149 702 165 31 växlande
337 703 111 41 längd,
473 705 55 29 må
551 703 222 39 arbetsrådet,
798 704 115 31 därest
937 704 333 32 överenskommelse
1293 706 124 31 mellan
1435 707 220 41 arbetsgivar-

150 745 64 31 och
237 745 437 41 arbetsorganisationerna
696 747 193 38 förefinnes,
913 746 12 31 i
942 747 66 31 den
1026 749 76 29 mån
1120 749 37 29 så
1173 749 124 39 prövas
1314 748 158 41 påkallat,
1489 750 164 41 medgiva,

149 789 50 29 att
222 787 223 39 arbetstiden,
469 788 79 31 med
571 788 170 32 avvikelse
764 789 71 31 från
860 789 65 31 vad
948 789 12 31 i
982 791 21 29 4
1024 788 22 42 $&
1069 789 148 42 stadgas,
1242 791 146 31 allenast
1403 791 187 42 begränsas
1607 794 46 37 så,

149 831 50 30 att
222 830 66 31 den
311 830 12 30 i
346 830 212 42 genomsnitt
580 831 53 31 för
655 831 70 31 viss
749 831 144 42 angiven
916 831 152 42 tidrymd
1091 832 153 31 kommer
1266 835 49 29 att
1338 836 113 39 uppgå
1476 834 53 31 till
1552 834 103 43 högst

148 873 41 30 48
213 872 137 31 timmar
372 872 11 32 i
406 873 136 31 veckan.

200 917 21 28 2
253 926 89 20 mom.
388 915 129 32 Finnes
551 916 125 37 arbete,
713 927 73 20 som
820 916 159 32 bedrives
1014 916 78 32 med
1126 919 50 29 tre
1212 917 166 42 skiftelag,
1414 920 44 40 på
1481 919 111 41 grund
1615 931 40 20 av

150 957 196 41 synnerliga
369 957 73 32 skäl
464 958 85 31 böra
572 958 110 42 fortgå
702 958 124 41 jämväl
850 958 109 32 under
982 960 74 30 sön-
1074 959 63 31 och
1154 959 193 42 helgdagar,
1365 963 54 29 må
1431 961 222 39 arbetsrådet,

148 999 11 31 i
183 999 66 31 den
273 1001 78 30 mån
375 1002 37 29 så
435 1002 124 39 prövas
583 1000 158 42 påkallat,
766 1001 155 41 medgiva
944 1001 115 32 därför
1082 1001 216 42 erforderligt
1321 1003 183 42 undantag.

201 1044 21 28 3
248 1053 88 20 mom.
382 1042 69 31 För
477 1043 117 31 arbete
617 1043 79 31 med
718 1043 319 42 vakttjänstgöring,
1063 1055 72 20 som
1159 1044 134 32 medför
1316 1046 219 41 synnerligen
1559 1046 96 42 ringa

148 1084 256 41 ansträngning,
429 1087 54 29 må
506 1085 223 38 arbetsrådet,
761 1086 3 30 i
788 1085 65 32 den
878 1088 77 29 mån
980 1088 38 29 så
1040 1088 123 39 prövas
1180 1087 158 41 påkallat,
1356 1088 157 42 medgiva
1529 1089 126 31 undan-

148 1128 57 39 tag
227 1127 74 31 från
326 1127 41 31 de
390 1127 11 31 i
424 1129 21 29 4
466 1126 22 42 8
511 1128 145 41 angivna
678 1128 278 42 begränsningar.

201 1172 21 28 4
245 1180 88 21 mom.
380 1169 119 32 Skulle
522 1170 11 31 i
556 1172 104 29 annat
682 1170 67 38 fall,
774 1172 42 29 än
841 1181 73 21 som
938 1181 99 21 avses
1071 1171 11 31 i
1107 1172 26 37 1,
1158 1172 18 30 2
1201 1171 83 32 eller
1317 1173 7 30 3
1348 1184 111 27 mom.,
1481 1173 174 42 undantag

148 1211 74 31 från
245 1211 243 32 bestämmelse
512 1212 11 31 i
545 1214 21 29 4
587 1212 21 42 8
630 1214 124 40 prövas
776 1213 151 41 påkallat
950 1213 53 31 till
1026 1213 218 32 undvikande
1269 1226 39 19 av
1324 1215 169 42 allvarligt
1505 1216 150 32 missför-

148 1253 169 39 hållande,
342 1256 79 39 äger
443 1254 215 32 arbetsrådet
681 1255 113 32 lämna
816 1255 225 42 medgivande
1066 1256 123 31 därtill.

867 1342 18 31 6
907 1340 30 43 S.

202 1398 74 31 Har
299 1400 111 30 natur-
433 1399 83 32 eller
539 1399 285 42 olyckshändelse
847 1401 83 31 eller
953 1412 112 20 annan
1089 1402 263 41 omständighet,
1378 1414 73 20 som
1469 1403 29 42 ej
1523 1403 131 32 kunnat

149 1441 158 38 förutses,
327 1441 102 31 vållat
462 1442 137 31 avbrott
631 1442 11 31 i
677 1445 48 29 ett
751 1443 149 40 företags
924 1443 82 31 drift
1030 1443 82 31 eller
1135 1444 63 31 ock
1221 1445 148 31 medfört
1392 1446 261 41 överhängande

148 1483 71 31 fara
241 1483 53 31 för
317 1483 123 32 sådant
462 1484 136 31 avbrott
621 1485 83 31 eller
726 1485 52 31 för
794 1485 105 32 skada
912 1487 19 29 å
946 1485 55 38 liv,
1019 1485 97 32 hälsa
1132 1486 83 31 eller
1232 1487 175 40 egendom,
1422 1489 54 29 må
1489 1488 163 38 arbetare,

148 1525 11 31 i
193 1526 66 31 den
290 1528 78 29 mån
392 1528 38 29 så
453 1528 36 29 är
512 1527 121 41 nödigt
655 1527 78 32 med
756 1528 133 41 hänsyn
913 1527 53 31 till
989 1528 146 31 berörda
1159 1528 220 40 förhållande,
1405 1530 174 32 användas
1602 1531 53 31 till

149 1568 115 31 arbete
298 1570 121 30 utöver
450 1568 58 38 tid,
534 1580 74 20 som
632 1570 139 41 angives
794 1570 12 31 i
828 1572 21 29 4
870 1569 22 42 8
915 1570 83 31 eller
1020 1570 66 31 kan
1109 1571 86 31 hava
1218 1571 168 32 bestämts
1410 1572 78 32 med
1513 1573 78 31 stöd
1615 1584 39 20 av

148 1611 19 30 5
203 1610 30 41 $$.
280 1610 65 32 Om
380 1611 122 31 sådant
535 1611 116 32 arbete
686 1614 88 29 samt
803 1612 80 32 dess
907 1612 194 41 anledning,
1127 1613 205 42 omfattning
1355 1615 63 31 och
1441 1615 214 42 varaktighet

148 1652 128 42 åligger
309 1653 58 31 det
401 1654 255 39 arbetsgivaren
691 1656 49 30 att
774 1657 116 30 senast
916 1654 93 32 inom
1034 1657 55 29 två
1112 1655 91 42 dygn
1227 1656 73 31 från
1325 1657 79 32 dess
1428 1657 120 41 början
1573 1659 81 40 göra

149 1695 158 31 anmälan
330 1695 53 31 till
407 1696 222 32 arbetsrådet.

203 1737 143 32 Arbetet
369 1740 55 29 må
447 1738 73 31 icke
544 1739 178 31 fortsättas
746 1741 119 30 utöver
889 1739 65 32 sist
977 1740 145 41 angivna
1145 1740 59 38 tid,
1230 1743 82 29 utan
1336 1743 49 29 att
1409 1742 157 31 tillstånd
1583 1742 71 32 där-

148 1779 52 31 till
225 1779 96 32 sökts
345 1780 64 32 hos
432 1781 149 31 nämnda
605 1781 208 42 myndighet.
858 1782 188 41 Angående
1070 1782 106 32 sådan
1200 1784 152 31 ansökan
1368 1784 62 32 har
1440 1784 213 32 arbetsrådet

148 1823 50 30 att
221 1822 245 42 ofördröjligen
490 1823 158 32 meddela
670 1824 124 32 beslut.

200 1864 168 32 Anmälan
406 1865 83 32 eller
522 1866 163 38 ansökan,
723 1877 115 21 varom
872 1866 62 31 här
968 1868 36 30 är
1038 1869 84 39 sagt,
1157 1869 54 29 må
1235 1879 100 20 anses
1359 1869 107 41 gjord,
1491 1871 62 30 när
1577 1870 76 31 den-

148 1917 129 20 samma
300 1907 12 30 i
335 1907 108 32 betalt
465 1908 83 31 brev
571 1909 189 31 avlämnats
784 1908 52 31 till
860 1909 172 31 allmänna
1054 1911 134 38 posten.

865 1992 69 42 78

201 2044 18 28 1
253 2052 89 21 mom.
388 2042 67 31 Till
490 2042 127 32 sådana
640 2043 242 32 förberedelse-
905 2043 84 31 eller
1011 2043 367 42 avslutningsarbeten,
1404 2057 73 20 som
1502 2047 53 31 för
1577 2047 77 32 drif-

148 2085 76 30 tens
258 2084 190 32 ohindrade
481 2087 89 39 gång
604 2085 263 42 nödvändigtvis
902 2088 108 29 måste
1045 2086 130 32 utföras
1199 2087 71 31 före
1295 2088 82 31 eller
1400 2089 85 31 efter
1508 2089 66 31 den
1598 2090 55 31 all-

147 2128 124 29 männa
295 2127 221 38 arbetstiden,
534 2129 54 29 må
610 2128 121 41 nödigt
754 2128 92 31 antal
869 2128 163 37 arbetare,
1057 2128 89 32 vilka
1169 2130 76 40 fyllt
1261 2130 142 32 aderton
1421 2133 44 36 år,
1480 2132 173 32 användas

149 2168 109 31 under
291 2169 103 41 högst
417 2170 54 40 sju
494 2170 137 31 timmar
653 2170 10 31 i
687 2170 126 32 veckan
837 2172 121 30 utöver
981 2171 66 30 den
1071 2171 59 37 tid,
1155 2172 169 31 varunder
1346 2173 42 31 de
1411 2174 108 41 enligt
1542 2174 111 32 denna

147 2211 54 40 lag
234 2210 85 32 eller
352 2212 77 30 med
460 2212 78 31 stöd
562 2224 40 19 av
626 2213 198 31 densamma
847 2212 181 32 meddelad
1052 2213 149 41 eftergift
1225 2214 99 41 eljest
1347 2215 33 31 få
1403 2216 173 32 användas
1600 2217 52 31 till

147 2253 125 31 arbete.

199 2298 21 27 2
254 2305 87 21 mom.
388 2295 128 31 Finner
550 2296 230 40 arbetsgivare
814 2296 10 30 i
849 2298 104 29 annat
976 2296 67 37 fall,
1068 2299 41 28 än
1134 2308 73 20 som
1233 2309 98 20 avses
1355 2299 9 30 i
1389 2300 18 29 6
1430 2299 21 40 8
1475 2300 77 31 med
1575 2300 78 31 hän-

148 2348 62 29 syn
242 2336 52 31 till
320 2337 138 30 särskilt
481 2337 212 31 förhållande
716 2338 150 40 påkallat
889 2340 49 29 att
961 2338 154 31 använda
1139 2339 154 31 arbetare
1318 2340 49 30 till
1394 2341 116 31 arbete
1533 2344 120 29 utöver

148 2378 58 38 tid,
232 2389 74 20 som
331 2379 135 39 avgives
491 2379 11 30 i
526 2381 20 28 4
568 2379 21 41 8
612 2379 83 31 eller
717 2380 64 30 kan
805 2379 86 31 hava
913 2380 168 31 bestämts
1105 2381 77 30 med
1207 2382 77 30 stöd
1309 2393 39 19 av
1364 2383 19 29 5
1399 2382 29 41 8,
1446 2394 78 20 vare
1538 2384 113 31 därtill

147 2420 193 41 berättigad
363 2420 10 31 i
398 2421 168 31 avseende
590 2423 16 29 å
631 2422 162 36 arbetare,
819 2433 73 20 som
916 2422 77 41 fyllt
1019 2422 37 30 18
1079 2424 45 35 år,
1149 2423 52 30 för
1217 2424 103 39 högst
1334 2425 40 30 48
1392 2424 135 32 timmar
1543 2426 108 31 under

147 2463 120 40 loppet
298 2474 40 19 av
368 2464 20 29 4
411 2463 132 37 veckor,
579 2463 86 31 dock
699 2464 73 31 icke
804 2475 71 20 mer
902 2465 41 29 än
968 2464 103 41 högst
1094 2465 61 31 200
1178 2465 136 32 timmar
1337 2466 109 31 under
1469 2467 119 42 loppet
1612 2479 40 20 av

148 2506 49 30 ett
220 2504 209 32 kalenderår.
