2195 2679
439 195 104 30 Andra
565 197 198 28 Kammarens
790 196 169 37 Tillfälliga
987 195 125 29 Utskotts
1133 192 68 40 (N:o
1224 191 31 40 4)
1282 193 153 29 Utlåtande
1457 192 56 31 N:o
1535 190 50 31 13.
1755 189 18 31 öd

214 277 126 33 staten
378 273 37 38 få
448 273 213 38 vidkännas
699 272 207 39 kostnader
945 271 56 39 för
1040 271 268 49 värderingen,
1343 269 195 51 ägobyten
1567 283 47 23 m.
1640 282 48 24 m.
1718 272 97 34 samt

207 324 147 48 jämväl
381 328 50 45 gå
453 325 12 36 i
489 325 184 49 mistning
701 324 40 38 af
766 338 47 24 en
837 324 63 37 del
924 324 98 49 skog
1045 323 69 38 och
1144 322 240 50 skogsmark,
1408 335 88 24 men
1524 334 48 24 en
1600 320 58 38 för
1680 320 135 38 veder-

212 376 169 37 börande
419 376 226 50 nybyggare
685 376 79 50 god
794 377 72 36 och
890 389 88 24 snar
1001 375 151 48 lösning
1177 375 41 37 af
1238 375 227 36 åtminstone
1494 386 48 23 en
1566 371 248 51 synnerligen

212 427 126 48 viktig
373 428 122 48 punkt
534 428 54 36 uti
627 427 73 37 den
738 427 12 37 i
786 431 89 34 våra
899 427 117 49 dagar
1040 430 42 34 så
1103 426 221 38 brännande
1347 423 335 48 norrlandsfrågan
1705 422 109 38 torde

212 491 91 24 vara
338 479 92 37 värd
470 478 276 50 uppoffringar,
787 478 129 37 hvilka
953 477 97 38 dock
1075 478 35 49 ej
1134 478 109 36 torde
1267 476 120 37 blifva
1411 475 168 37 särdeles
1607 474 207 47 kännbara,

214 529 179 37 eftersom
419 529 73 38 alla
520 529 163 38 likvider
711 529 57 38 för
792 529 72 37 den
889 530 81 36 från
998 534 126 32 staten
1147 528 106 38 sålda
1272 526 279 50 skogsmarken
1570 525 244 49 naturligtvis

214 580 122 37 skulle
361 581 150 37 tillfalla
540 581 243 47 statsverket,
809 581 70 38 och
903 580 185 50 därjämte
1112 579 374 49 skogstillgångarna
1504 581 20 34 å
1544 590 143 24 samma
1706 576 107 38 mark

213 631 58 38 för
293 631 207 38 framtiden
523 632 117 38 blifva
668 632 249 49 betryggade.

347 785 134 38 Denna
521 786 142 37 motion
704 799 115 37 synes
857 785 12 37 i
909 786 154 37 korthet
1101 784 170 50 uttryckt
1300 783 78 37 afse
1407 787 55 33 ett
1484 782 143 48 förslag
1654 786 55 33 att
1731 781 82 37 lösa

213 836 76 37 den
317 837 149 48 viktiga
495 837 131 48 frågan
652 851 60 23 om
740 837 225 37 »huruledes
993 837 74 36 den
1091 835 238 50 själfägande
1352 834 287 50 jordbrukande
1666 832 149 38 befolk-

212 887 169 48 ningens
422 887 183 49 ställning
640 888 12 37 i
685 888 191 38 Norrland
900 888 72 38 och
996 887 163 38 Dalarne
1188 889 60 35 må
1271 886 127 37 kunna
1421 883 295 39 vidmakthållas
1745 883 70 38 och

214 939 150 38 stärkas
414 940 73 37 och
518 939 250 50 jordbrukets
805 939 225 49 utveckling
1067 939 13 37 i
1116 938 166 37 nämnda
1319 936 217 38 landsdelar
1576 935 238 48 befrämjas»,

214 990 94 37 eller
344 991 88 37 med
468 996 53 31 ett
559 991 69 36 ord
656 991 76 37 den
767 1005 27 23 s.
824 991 35 37 k.
883 989 361 49 Norrlandsfrågan,
1271 992 49 46 på
1343 993 54 32 ett
1425 992 114 32 annat
1563 987 71 37 och
1658 986 156 37 enklare

212 1046 76 33 sätt
326 1046 47 32 än
409 1042 75 48 det,
519 1055 82 24 som
629 1041 74 38 den
731 1042 60 37 för
819 1042 215 37 ändamålet
1057 1041 158 37 tillsatta
1244 1039 225 38 kommittén
1496 1039 12 37 i
1532 1037 65 38 sitt
1619 1037 195 38 utlåtande

213 1093 75 37 den
330 1095 46 35 27
414 1093 161 38 oktober
613 1095 96 36 1904
747 1093 124 38 funnit
897 1093 187 49 lämpligt,
1114 1106 81 23 som
1224 1091 209 50 tillämpats
1460 1091 12 36 i
1495 1090 156 47 lagarne
1680 1088 38 38 af
1739 1089 75 36 den

215 1146 45 35 16
294 1144 85 48 juni
419 1146 96 35 1905
550 1144 200 47 angående
788 1144 280 48 inskränkning
1095 1143 10 37 i
1129 1148 125 32 rätten
1281 1147 55 32 att
1360 1141 143 38 erhålla
1531 1140 284 50 ägostyckning

213 1195 72 37 och
314 1196 72 36 den
413 1198 24 34 4
460 1195 74 49 maj
562 1197 95 36 1906
681 1195 199 48 angående
906 1195 136 37 förbud
1069 1194 12 37 i
1108 1194 104 38 vissa
1235 1193 65 38 fall
1328 1193 59 37 för
1411 1192 116 48 bolag
1550 1192 72 37 och
1638 1191 176 47 förening

213 1251 55 32 att
294 1246 195 38 förvärfva
512 1248 75 35 fast
614 1246 204 49 egendom,
847 1246 70 37 och
942 1259 81 24 som
1052 1245 258 38 framkommit
1336 1244 11 37 i
1367 1244 140 49 Kungl.
1528 1244 126 49 Maj:ts
1672 1242 143 48 förslag

212 1297 56 36 till
312 1299 94 35 1907
438 1300 59 34 års
528 1297 175 49 Riksdag
726 1310 60 25 om
815 1297 159 37 arrende
999 1297 41 37 af
1059 1297 78 37 viss
1156 1296 88 50 jord
1272 1298 49 47 på
1347 1295 131 38 landet
1500 1295 101 37 inom
1625 1293 190 37 Norrland

213 1348 73 37 och
310 1348 165 38 Dalarne
499 1348 72 38 och
600 1361 59 24 om
689 1348 293 37 bestämmelser
1008 1348 58 37 till
1090 1346 311 39 förekommande
1427 1345 41 38 af
1486 1345 166 38 vanhäfd
1676 1347 21 34 å
1712 1344 103 37 vissa

208 1399 190 49 jordbruk
422 1399 355 38 därsammastädes.
818 1399 148 38 Genom
991 1398 263 38 förstnämnda
1281 1398 63 46 lag
1372 1396 40 38 af
1436 1397 75 38 den
1536 1399 45 35 16
1605 1396 84 50 juni
1718 1397 95 37 1905

213 1455 42 32 är
291 1450 74 38 den
406 1450 284 49 inskränkning
729 1451 109 50 gjord
875 1451 12 37 i
911 1451 106 48 fråga
1044 1464 61 24 om
1133 1455 126 32 rätten
1286 1450 56 37 till
1365 1450 243 50 egostyckning
1633 1448 105 37 inom
1767 1448 46 37 de

212 1515 113 24 norra
359 1502 114 37 länen
508 1499 128 51 (lagen
671 1502 123 48 gäller
832 1502 32 49 ej
901 1499 178 50 Dalarne)
1121 1506 54 32 att
1214 1501 58 37 för
1298 1501 108 37 tiden
1433 1501 58 37 till
1519 1501 74 37 den
1621 1502 17 35 1
1664 1499 151 51 januari

216 1554 95 37 1910
325 1553 287 50 ägostyckning
627 1552 64 38 där
708 1553 34 49 ej
759 1553 56 37 får
829 1559 73 42 äga
915 1567 81 24 rum
1013 1559 90 31 utan
1116 1553 142 48 Kungl.
1275 1552 127 49 Maj:ts
1422 1551 391 51 befallningshafvan-

214 1604 69 37 des
306 1603 169 38 tillstånd
504 1604 72 37 och
600 1609 55 32 att
677 1604 135 38 sådant
834 1604 170 38 tillstånd
1025 1605 34 49 ej
1080 1604 52 37 får
1154 1599 148 59 lämnas,
1314 1603 108 38 »med
1438 1604 146 36 mindre
1600 1604 131 49 hvarje
1744 1604 71 36 lott

213 1669 83 24 som
320 1655 151 38 komme
499 1660 55 32 att
581 1655 145 38 erhålla
751 1655 137 48 inegor
911 1655 123 37 skulle
1062 1655 87 37 med
1177 1655 150 48 hänsyn
1353 1655 103 37 såväl
1479 1655 57 37 till
1560 1654 113 38 dessa
1700 1667 114 36 egors

213 1706 232 50 omfattning
481 1720 82 23 som
602 1706 73 37 ock
713 1706 59 37 till
812 1706 73 37 den
925 1706 232 49 myckenhet
1192 1705 325 49 husbehofsskog,
1546 1705 167 49 odlings-
1743 1706 72 37 och

212 1757 310 49 mulbetesmark,
562 1770 82 24 som
678 1757 126 38 blefve
846 1757 122 37 lotten
1007 1756 184 47 tilldelad,
1232 1756 116 38 varda
1371 1756 138 49 tjänlig
1532 1757 59 37 för
1613 1757 201 49 jordbruk,

212 1809 94 37 eller
344 1809 74 37 ock
460 1808 284 50 ägostyckning
783 1808 191 38 erfordras
1010 1808 58 37 för
1101 1807 180 39 bildande
1320 1809 41 36 af
1391 1808 424 49 egnahemssamhällen

212 1860 94 37 eller
341 1859 58 38 för
422 1859 214 37 industriell
659 1859 239 49 anläggning
925 1859 92 38 eller
1043 1859 58 37 för
1128 1864 115 32 annat
1267 1859 124 49 dylikt
1414 1859 206 38 ändamål».
1666 1859 148 39 Genom

211 1911 115 49 lagen
365 1911 74 37 den
478 1913 23 34 4
539 1911 74 48 maj
656 1912 95 36 1906
792 1910 205 48 stadgades
1035 1910 138 37 förbud
1205 1910 58 37 för
1295 1910 112 48 bolag
1435 1910 93 37 eller
1551 1911 180 49 förening
1757 1911 59 38 för

212 1962 230 37 ekonomisk
469 1961 241 38 verksamhet
734 1967 55 31 att
811 1962 192 37 förvärfva
1027 1961 74 37 fast
1128 1961 192 49 egendom
1345 1965 47 45 på
1420 1961 130 38 landet
1576 1962 104 37 inom
1695 1963 118 37 Norr-

211 2013 90 37 land
342 2013 71 37 och
445 2013 165 37 Dalarne
644 2018 105 32 utom
787 2012 85 37 med
908 2013 241 48 Konungens
1184 2012 182 46 tillstånd,
1398 2012 73 38 och
1494 2013 86 36 med
1603 2013 210 49 undantag,

212 2063 117 38 bland
357 2069 127 42 annat,
510 2068 55 32 att
588 2064 115 48 bolag
727 2063 93 38 eller
843 2063 181 49 förening
1047 2064 103 48 finge
1178 2063 193 37 förvärfva
1399 2063 73 38 den
1496 2064 61 36 del
1581 2064 41 37 af
1634 2069 56 32 ett
1707 2065 108 37 hom-

212 2128 108 24 mans
347 2116 301 48 afrösningsjord,
677 2128 82 24 som
788 2115 33 49 ej
852 2114 123 49 enligt
997 2119 174 33 närmare
1195 2114 238 38 föreskrifter
1460 2114 128 38 kunde
1616 2115 198 39 betraktas

212 2179 83 24 som
322 2167 171 48 stödskog.

345 2217 142 48 Kungl.
529 2217 128 50 Maj:ts
695 2217 237 50 proposition
960 2214 75 51 (n:o
1065 2214 60 50 10)
1153 2217 58 37 till
1237 2219 92 35 1907
1362 2221 60 33 års
1445 2217 171 48 Riksdag
1644 2218 171 38 innehöll

210 2268 146 49 förslag
383 2268 56 37 till
462 2268 247 50 lagstiftning
736 2282 61 23 om
826 2268 161 38 arrende
1010 2269 41 37 af
1066 2269 88 49 jord
1180 2268 107 38 inom
1311 2269 163 38 Dalarne
1508 2269 72 38 och
1608 2270 205 49 Norrland,

1843 776 152 28 Utskottets

1844 811 141 35 yttrande.
