2210 2628
365 235 51 30 4:
548 233 242 32 Sammansatta
815 233 201 41 bevillnings-
1040 233 54 32 och
1110 233 110 40 första
1245 233 220 40 lagutskottets
1487 232 165 33 memorial
1675 233 53 31 Nr
1750 235 31 29 4.

1101 593 68 41 Nr
1197 593 39 40 4.

999 755 112 26 Ankom
1134 754 43 26 till
1197 753 168 33 riksdagens
1384 753 94 26 kansli
1497 752 56 27 den
1572 752 33 26 17
1625 752 57 33 maj
1703 751 69 27 1922
1791 752 37 26 kl.
1848 751 17 27 3
1884 760 23 18 e.
1928 760 38 18 m.

580 900 223 38 Memorial
838 899 95 37 med
965 899 246 37 hemställan
1240 910 67 24 om
1336 896 225 38 anvisande
1590 909 49 24 av
1669 896 227 47 ersättning
1924 895 45 36 åt

793 971 300 36 sammansatta
1130 968 262 49 bevillnings-
1423 967 74 37 och
1524 967 133 47 första
1686 966 282 49 lagutskottets

794 1041 257 38 sekreterare.

474 1201 252 48 Riksdagens
764 1200 293 37 sammansatta
1092 1198 257 48 bevillnings-
1388 1197 76 37 och
1496 1196 127 36 första
1649 1194 230 49 lagutskott
1906 1194 63 36 får

368 1255 170 37 härmed
564 1254 227 45 hemställa,

902 1308 62 35 att
1001 1306 217 48 riksdagen
1254 1304 130 37 måtte
1421 1304 131 36 såsom
1581 1301 227 48 ersättning
1836 1301 44 36 åt
1906 1301 63 36 ut-

762 1364 6 3 "
797 1361 170 37 skottets
996 1360 259 43 sekreterare,
1286 1370 32 25 e.
1348 1370 34 24 o.
1403 1356 370 38 hovrättsnotarien
1798 1354 172 48 Phillips

796 1414 114 44 Hult,
942 1413 141 36 anvisa
1111 1414 60 34 ett
1198 1412 144 47 belopp
1372 1423 50 24 av
1453 1411 50 35 50
1531 1410 158 36 kronor.

476 1503 21 36 I
533 1503 192 47 händelse
763 1514 51 24 av
851 1502 116 36 bifall
994 1501 66 36 till
1086 1500 81 36 vad
1194 1499 200 37 utskottet
1421 1497 172 37 sålunda
1619 1495 209 37 hemställt
1855 1495 116 37 torde

369 1557 201 36 utskottet
597 1556 42 36 få
667 1556 61 48 sig
752 1555 229 48 uppdraget
1000 1555 62 35 att
1081 1553 141 36 därom
1240 1551 185 37 meddela
1444 1549 258 48 fullmäktige
1721 1549 16 36 i
1756 1548 214 48 riksgälds-

369 1611 190 35 kontoret
586 1608 304 37 underrättelse.

477 1679 235 38 Stockholm
739 1679 78 36 den
848 1680 48 35 17
924 1678 83 48 maj
1041 1677 112 36 1922.

708 1785 60 37 På
796 1785 69 37 det
892 1784 293 38 sammansatta
1212 1782 219 36 utskottets
1458 1784 172 45 vägnar:

901 1871 181 38 JAKOB
1110 1869 329 38 PETTERSON.

476 2040 57 27 Vid
553 2040 78 26 detta
650 2039 120 27 ärendes
790 2038 177 32 behandling
986 2038 77 26 hava
1084 2037 139 26 närvarit:

477 2086 100 25 herrar
604 2084 156 26 Pettersson
787 2083 9 26 i
829 2082 168 33 Södertälje,
1018 2082 166 31 Antonsson,
1203 2080 101 27 Nilson
1323 2080 9 25 i
1351 2080 228 30 Kristinehamn,
1599 2077 164 33 Björkman,
1782 2076 88 27 Jacob
1888 2076 86 26 Lars-

370 2137 58 22 son,
447 2128 37 27 K.
506 2128 33 27 G.
565 2128 149 32 Westman,
734 2127 79 33 Bärg
831 2127 9 26 i
860 2127 209 31 Katrineholm,
1091 2125 99 27 Olsson
1209 2125 8 25 i
1237 2125 126 31 Ramsta,
1383 2123 37 34 af
1435 2123 152 26 Ekenstam
1608 2123 55 25 och
1682 2120 150 34 Lindqvist
1854 2121 4 25 i
1877 2120 98 26 Halm-

371 2173 73 26 stad.

805 2320 134 22 Stockholm
958 2320 69 25 1922,
1047 2320 57 21 Ivar
1122 2319 163 25 Heggströms
1303 2317 157 25 Boktryckeri
1478 2316 68 21 A.B.

1148 2364 52 11 221324
