2195 2665
596 142 352 43 Bevillningsutskottets
971 141 206 32 Betänkande
1201 140 63 33 N:o
1288 141 51 30 38.
1610 133 1 5 |
1709 139 19 30 3

167 237 146 35 komme
340 240 54 30 att
420 235 13 35 i
460 233 184 37 förädladt
672 233 101 36 skiek
801 231 232 44 återutföras,
1062 229 229 49 tullafgiften
1317 230 79 35 icke
1425 228 225 36 omedelbart
1678 241 92 35 upp-

167 288 181 35 debiteras
377 291 89 31 utan
494 285 128 36 endast
649 283 173 50 uppföras
850 281 154 38 framför
1030 283 113 35 linien
1171 286 93 32 samt
1286 280 258 49 uppdebiteras
1563 279 95 37 först
1676 278 95 37 efter

168 339 186 48 förloppet
381 337 40 36 af
446 337 69 36 den
544 337 12 35 i
583 336 111 47 sagda
721 334 325 49 författningsrum
1065 333 191 37 bestämda
1272 333 56 36 tid
1347 331 57 38 för
1423 332 68 36 den
1512 331 57 36 del
1588 330 42 37 af
1646 344 124 31 varan,

167 403 77 23 som
286 390 45 36 då
369 390 79 35 icke
481 387 227 37 återutförts.
764 387 12 35 I
807 387 101 36 detta
940 385 203 37 hänseende
1170 385 65 36 har
1263 384 203 37 emellertid
1494 383 116 49 enligt
1637 382 131 49 Kongl.

166 441 120 47 Maj:ts
313 439 188 37 föreskrift
530 439 70 36 den
628 438 217 48 förändring
872 438 187 47 vidtagits,
1088 442 55 30 att
1168 436 82 35 från
1279 436 65 35 och
1364 435 83 35 med
1465 434 246 36 innevarande
1731 437 40 32 år

166 491 228 48 tullafgiften
425 490 58 37 för
511 490 125 49 dylika
663 502 107 24 varor
797 488 225 37 omedelbart
1049 487 267 49 uppdebiteras,
1346 485 58 37 för
1431 490 53 32 att
1510 484 121 44 sedan,
1660 485 12 34 i
1701 483 69 37 den

166 547 84 32 mån
291 556 111 23 varan
442 541 231 44 återutföres,
714 541 59 35 till
812 539 273 38 vederbörande
1117 539 230 43 restitueras;
1381 538 67 35 och
1474 536 79 37 blef
1577 539 45 45 på
1648 536 122 48 grund

166 594 107 36 häraf
289 595 62 35 vid
372 593 186 37 årsskiftet
574 591 269 50 uppdebiterad
862 590 184 49 tullafgift
1061 590 83 36 med
1159 589 248 50 nyssnämnda
1421 589 133 48 belopp
1573 589 195 42 1,818,658

167 647 136 34 kronor
332 646 44 35 86
405 653 61 28 öre
493 644 57 36 för
577 644 125 49 dylika
729 656 118 32 varor,
875 642 57 36 för
950 642 125 36 hvilka
1092 640 182 49 tullafgift
1295 640 114 36 under
1428 639 172 37 nästlidet
1618 644 40 30 år
1678 651 91 35 upp-

167 696 93 37 förts
288 696 155 37 framför
468 696 125 36 linien.

302 747 83 37 Med
412 748 143 48 hänsyn
582 747 57 35 till
667 746 232 47 svårigheten
926 750 54 30 att
1008 748 45 44 på
1077 743 154 37 förhand
1252 742 234 48 tillförlitligt
1504 742 155 38 bedöma
1678 748 91 31 stor-

166 800 108 35 leken
302 799 40 36 af
366 798 277 48 ifrågavarande
663 797 254 36 statsinkomst
936 808 105 23 anser
1061 795 182 36 utskottet
1262 795 204 35 emellertid
1487 793 282 50 försigtigheten

166 850 124 48 bjuda,
319 855 54 31 att
401 850 211 36 densamma
639 848 57 37 för
723 846 303 38 nästkommande
1054 849 40 33 år
1120 850 180 44 upptages
1328 845 84 36 med
1435 850 52 31 ett
1507 846 81 36 med
1609 847 160 43 500,000

167 903 136 35 kronor
331 901 184 37 minskadt
543 901 149 47 belopp;
721 900 66 36 och
815 899 210 36 hemställer
1052 896 231 37 fördenskull
1312 897 188 44 utskottet,

702 1006 54 31 att
782 1001 213 36 tullmedlen
1024 1003 111 32 måtte
1154 999 57 36 för
1230 1003 40 31 år

572 1055 94 34 1903
695 1054 176 35 beräknas
898 1052 368 36 tillloosososmcooc0mcmcc..-
1295 1051 135 35 kronor
1470 1052 235 42 48,500,000:
1722 1069 48 5 —

688 1225 66 33 2:0.

571 1320 298 42 Postmedlen.

304 1430 71 35 Vid
415 1429 176 36 nästlidet
631 1432 58 32 års
725 1428 150 47 riksdag
907 1427 223 36 beräknades
1172 1431 98 43 post-

168 1482 143 36 medlen
345 1480 59 37 för
436 1479 247 37 innevarande
716 1483 41 32 år
783 1480 57 35 till
871 1480 222 43 12,400,000
1120 1479 147 35 kronor.

303 1531 281 49 Ifrågavarande
611 1531 118 36 medel
757 1530 188 49 utgjorde:

168 1622 40 32 år
238 1620 94 35 189855
346 1647 435 7 osmmseseesrreen
687 1614 97 53 sonen
809 1616 135 36 kronor
974 1616 297 43 10,310,473:
1242 1612 34 53 —

181 1685 13 18 >
239 1672 93 34 1899
400 1701 130 4 essens
537 1700 220 4 nsssnnseoeeoannen
763 1700 20 3 an
870 1682 13 18 »
927 1661 22 55 —
973 1667 297 43 11,121,372:
1240 1661 32 55 —

181 1733 13 19 >»
239 1723 95 34 1900
376 1752 128 4 msn
541 1750 216 5 ssoeesensoorennen
761 1715 22 55 nn
972 1718 297 43 11,883,965:
1238 1712 34 54 —

169 1773 89 35 eller
284 1772 13 35 i
324 1771 170 36 medeltal
522 1770 58 36 för
607 1771 104 35 dessa
731 1775 55 30 tre

216 1817 24 55 [3
974 1820 296 43 11,105,270:
1240 1814 34 54 —

169 1880 95 31 samt
291 1875 144 47 belöpte
463 1874 57 48 sig
547 1876 39 33 år
612 1874 92 35 1901
727 1873 158 35 till.»
928 1867 23 59 —
975 1871 231 44 12,842,134:
1222 1888 47 4 —

303 1959 232 36 Postmedlen
578 1966 73 36 äro,
694 1958 116 47 enligt
842 1956 95 37 hvad
969 1956 262 36 statskontoret
1257 1955 14 34 i

169 2012 58 35 sin
267 2010 108 36 ofvan
415 2009 241 37 omförmälda
697 2008 192 37 skrifvelse
920 2007 58 36 till
1007 2006 130 49 Kongl.
1166 2005 105 48 Maj:t

171 2061 199 49 uppgifvit,
412 2061 57 35 för
508 2064 40 32 år
582 2062 94 34 1903
705 2059 39 36 af
767 2059 414 49 generalpoststyrelsen
1209 2057 61 36 be-

169 2113 160 36 räknade
356 2112 57 36 till
444 2113 220 43 13,340,000
687 2112 135 35 kronor
844 2110 67 36 och
935 2109 137 48 jemväl
1100 2107 39 37 af
1163 2113 107 31 stats-

170 2165 169 35 kontoret
380 2163 82 36 med
501 2176 138 23 samma
678 2163 133 47 belopp
851 2165 199 44 upptagna.
1105 2159 15 36 I
1152 2159 119 36 denna

1071 2228 203 49 Transport
1301 2228 135 37 kronor
1473 2208 234 65 48,500,000:
