2232 2644
360 196 118 31 Andra
506 196 219 32 Kammarens
752 194 121 33 Första
903 195 187 41 Tillfälliga
1123 195 144 33 Utskotts
1300 194 177 34 Utlåtande
1502 194 67 33 N:o
1597 197 54 29 10.
1731 195 17 31 7

1107 279 10 9 o

211 276 104 37 detta
356 276 71 38 har
467 277 96 37 dock
604 282 102 31 ännu
733 277 34 49 ej
797 276 159 50 lyckats,
984 281 88 32 utan
1103 290 20 23 å
1155 276 187 37 anstalten
1370 276 119 37 finnas
1518 276 34 49 ej
1583 275 145 37 mindre
1756 280 49 31 än

211 331 23 34 4
274 328 104 48 barn,
423 329 126 37 hvilka
590 329 222 49 egentligen
854 329 92 37 böra
986 328 136 38 vårdas
1152 331 20 34 å
1201 329 81 49 asyl
1319 329 71 37 och
1418 327 242 50 naturligtvis
1688 327 116 37 verka

209 380 210 38 hindrande
454 385 47 45 på
529 381 46 37 de
604 381 145 49 öfrigas
777 381 232 48 utveckling,
1038 380 47 37 då
1113 380 47 38 de
1189 386 169 44 upptaga
1386 394 48 24 en
1462 380 31 49 ej
1525 379 197 50 obetydlig
1750 379 55 37 tid

211 433 58 36 för
310 433 131 50 tillsyn
483 433 70 37 och
594 433 104 37 vård.
754 433 74 37 Det
869 447 61 23 ser
961 438 133 31 nästan
1123 438 53 43 ut,
1206 446 80 24 som
1315 433 65 37 det
1407 433 101 37 inom
1537 432 105 37 länet
1669 432 136 36 funnes

212 485 282 49 öfvervägande
535 485 190 49 asylbarn,
769 485 228 37 åtminstone
1038 490 56 32 att
1135 484 112 38 döma
1288 485 43 38 af
1360 484 316 49 ansökningarna,
1714 483 92 37 eller

213 537 112 37 också
353 537 168 37 behållas
549 538 47 36 de
624 551 81 23 mer
732 537 222 37 utvecklade
982 537 144 37 barnen
1144 537 12 36 i
1176 537 187 48 hemmen,
1384 537 66 36 der
1472 537 47 37 de
1545 536 260 37 åstadkomma

212 589 143 37 mindre
384 590 136 36 besvär
547 594 48 33 än
624 589 48 37 de
700 590 103 48 lägst
830 589 189 37 stående.»

313 635 127 43 Äfven
480 655 59 23 om
569 641 116 37 ofvan
722 641 165 37 nämnda
915 641 280 37 vårdanstalter
1223 654 139 36 genom
1392 646 155 42 statens,
1576 640 228 49 landstings,

213 694 241 36 kommuners
483 694 68 36 och
581 693 193 37 enskildas
801 693 181 37 förenade
1011 671 262 59 bemödanden
1302 693 150 36 komme
1475 692 57 37 till
1553 693 123 47 stånd,
1696 692 109 37 torde

213 745 107 48 dock,
364 748 125 34 såsom
530 746 237 36 motionären
803 745 145 49 jemväl
982 745 219 45 framhållit,
1230 745 189 37 bördorna
1447 744 58 37 för
1534 721 173 60 enskilda
1735 744 71 37 och

213 798 223 36 kommuner
476 797 119 37 blifva
636 797 130 37 alltför
807 798 245 49 betungande
1090 797 71 37 och
1188 797 12 36 i
1228 797 94 49 följd
1356 797 110 37 deraf
1490 800 142 46 många
1660 796 145 37 sinnes-

213 849 78 37 slöa
326 849 192 37 uteslutna
552 850 88 36 från
677 849 190 49 asylvård,
902 849 130 37 såvida
1061 849 32 49 ej
1125 854 125 32 staten
1278 849 11 36 1
1318 849 59 37 sin
1405 851 87 34 mån
1521 852 113 46 åtoge
1664 848 59 49 sig
1750 853 56 32 att

213 901 153 50 deltaga
402 902 12 36 i
451 902 213 36 kostnaden
697 902 58 36 för
784 901 110 37 deras
922 902 105 46 vård,
1057 914 81 24 som
1169 903 21 34 å
1218 901 234 36 anstalterna
1479 900 128 37 blefve
1635 900 169 49 intagna.

214 953 209 50 Statshjelp
451 954 13 36 i
491 953 125 37 denna
644 953 98 36 form
772 966 114 36 synes
915 953 114 37 också
1048 953 185 37 utskottet
1252 966 90 24 vara
1360 952 12 37 i
1391 953 77 48 hög
1486 952 96 49 grad
1602 952 202 37 önskvärd.

213 1006 179 36 Deremot
434 1006 75 36 kan
549 1009 48 46 på
639 1006 100 48 goda
776 1005 170 49 grunder
982 1005 186 37 bestridas
1205 1005 73 36 den
1306 1005 41 36 af
1372 1005 238 36 motionären
1637 1004 169 37 uttalade

213 1058 217 48 meningen,
473 1063 55 31 att
569 1057 119 37 sådan
716 1057 104 49 hjelp
849 1057 116 37 äfven
993 1057 126 37 direkt
1146 1057 116 36 borde
1290 1056 146 37 lemnas
1465 1059 38 34 åt
1530 1056 102 37 vissa
1660 1056 146 37 mindre

213 1109 221 37 bemedlade
462 1109 174 49 familjer,
667 1123 80 23 som
775 1122 91 23 vore
896 1109 130 49 villiga
1046 1109 71 37 och
1137 1109 125 37 kunde
1283 1122 111 23 anses
1412 1108 183 50 lämpliga
1614 1113 56 32 att
1689 1108 117 37 vårda

211 1162 292 49 ifrågavarande
544 1161 223 37 sinnesslöa.
822 1161 58 49 Ty
915 1166 102 31 utom
1054 1161 66 37 det
1147 1161 42 36 af
1214 1161 283 37 statsutskottet
1523 1161 64 36 vid
1619 1162 96 35 1898
1746 1163 60 34 års

212 1214 156 48 riksdag
404 1213 158 37 anförda
600 1213 124 37 skälet
757 1218 78 31 mot
863 1213 116 36 sådan
1009 1212 147 49 åtgärd,
1186 1218 55 31 att
1269 1226 87 23 man
1384 1212 225 50 härigenom
1636 1212 13 37 i
1675 1212 131 49 fattig-

216 1265 326 37 vårdshänseende
572 1265 151 36 komme
751 1270 56 31 att
835 1264 154 37 beträda
1020 1278 47 23 en
1095 1265 103 36 förut
1226 1264 125 36 okänd
1380 1269 87 44 väg,
1497 1264 122 36 skulle
1652 1264 64 37 det
1744 1263 62 37 väl

213 1318 11 35 i
253 1318 45 36 de
326 1317 110 37 flesta
463 1317 66 36 fall
557 1316 119 37 blifva
705 1317 146 48 ganska
872 1319 103 33 svårt
994 1321 55 32 att
1068 1316 249 47 kontrollera,
1337 1315 183 38 huruvida
1540 1316 75 36 den
1634 1316 171 36 lemnade

214 1369 153 49 hjelpen
395 1368 200 49 verkligen
622 1368 13 36 i
664 1369 149 48 åsyftad
840 1368 97 49 grad
965 1368 151 37 komme
1145 1368 46 36 de
1210 1368 221 36 vanlottade
1451 1368 144 36 barnen
1614 1367 57 37 till
1691 1367 113 50 godo.

217 1420 79 37 Och
326 1421 191 36 dessutom
547 1420 76 37 tala
652 1420 114 37 äfven
785 1421 119 36 andra
924 1419 82 38 skäl
1023 1425 100 31 emot
1139 1419 229 37 sinnesslöas
1384 1419 191 37 vårdande
1590 1420 13 35 i
1618 1420 187 47 hemmen,

216 1472 224 37 hvaribland
481 1472 179 48 följande,
703 1486 79 22 som
825 1472 203 36 återfinnas
1065 1472 11 36 i
1115 1477 54 31 ett
1203 1471 179 50 yttrande
1410 1471 41 37 af
1475 1484 46 24 en
1550 1471 256 37 framstående

214 1524 139 47 läkare,
388 1525 106 36 torde
527 1524 165 49 förtjäna
720 1524 198 38 afseende:

314 1576 182 38 »Idioters
524 1576 193 37 vårdande
746 1576 114 37 bland
879 1575 190 49 familjens
1098 1575 123 49 öfriga
1246 1575 255 47 medlemmar,
1522 1575 147 37 således
1689 1575 115 37 bland

215 1628 170 37 normala
413 1629 105 47 barn,
548 1633 41 31 är
617 1628 84 36 icke
729 1633 90 31 utan
847 1628 80 36 fara
957 1628 58 36 för
1043 1628 112 36 dessa
1180 1640 144 35 senare,
1347 1631 47 46 på
1413 1627 148 37 hvilkas
1579 1628 227 49 uppfostran

215 1680 167 49 sällskap
420 1680 85 37 med
545 1680 98 36 vissa
681 1679 135 37 idioter
855 1680 76 36 kan
968 1679 117 36 verka
1122 1678 253 37 missledande
1414 1679 112 48 (obs.!
1555 1679 11 36 i
1598 1679 209 49 synnerhet

215 1732 106 36 faran
350 1732 41 35 af
417 1731 165 37 sexuella
610 1736 137 41 oarter,
778 1731 113 36 onani
920 1744 32 23 o.
975 1744 26 23 8.
1029 1745 47 33 v.,
1106 1744 81 23 som
1217 1731 125 36 kunna
1372 1730 138 36 inläras
1539 1730 87 36 från
1653 1730 152 45 idioter;

216 1797 46 23 en
298 1783 193 48 sänkning
527 1783 41 36 af
602 1783 74 36 den
713 1782 153 49 andliga
895 1782 114 36 nivån
1038 1782 76 36 kan
1144 1782 113 37 också
1285 1782 255 48 frambringas
1573 1795 141 35 genom
1743 1782 64 36 be-

216 1835 169 49 ständigt
431 1834 269 50 sällskapande
747 1834 84 37 med
878 1834 135 37 idioter
1054 1835 116 36 under
1213 1834 402 49 utvecklingsperiodens
1656 1835 152 48 tidigare

215 1886 171 49 skeden).»

316 1939 94 36 Bäst
439 1951 113 35 synes
581 1938 64 37 det
674 1938 185 37 utskottet
883 1943 56 31 att
966 1937 216 37 ändamålet
1208 1938 84 36 med
1316 1936 345 38 statsunderstödet
1684 1937 123 37 skulle

217 1990 126 36 kunna
377 1990 147 47 vinnas,
559 2004 60 22 om
650 2003 138 34 genom
818 1990 45 36 de
897 1989 178 37 anvisade
1109 1989 149 37 medlen
1290 1989 169 49 lindring
1493 1989 127 36 kunde
1648 1988 158 37 beredas

216 2041 95 46 dem,
342 2055 83 23 som
454 2041 106 37 skola
585 2020 159 58 bekosta
776 2042 163 35 barnens
969 2041 92 36 vård
1091 2044 20 33 å
1139 2041 46 36 de
1214 2018 241 71 ifrågasatta
1465 2040 186 49 asylerna.
1706 2040 100 37 Utan

217 2071 116 58 sådan
375 2098 145 31 statens
562 2093 264 36 mellankomst
859 2092 107 36 torde
995 2096 140 44 många
1163 2092 233 46 kommuner,
1426 2091 178 37 särskildt
1632 2092 45 35 de
1705 2091 102 37 fatti-

216 2158 89 36 gare
334 2145 71 35 och
434 2144 151 46 sådana,
615 2144 101 37 inom
741 2143 129 37 hvilka
889 2144 120 36 finnes
1038 2121 70 58 ett
1122 2148 121 31 större
1272 2143 102 36 antal
1403 2144 31 47 ej
1466 2143 170 37 bildbara
1664 2142 144 37 sinnes-

218 2196 90 47 slöa,
351 2196 145 48 knappt
537 2195 171 38 befinnas
753 2195 140 49 villiga,
933 2194 32 49 ej
1007 2194 120 37 heller
1155 2195 114 36 hafva
1309 2195 170 48 förmåga
1522 2199 57 32 att
1608 2199 112 44 åtaga
1748 2195 60 48 sig

218 2249 71 36 den
318 2248 121 36 ökade
468 2246 361 49 fattigvårdstunga,
859 2259 81 24 som
971 2246 124 37 blefve
1125 2246 84 36 dem
1235 2245 152 50 pålagd,
1407 2251 90 31 utan
1517 2245 123 38 skulle
1661 2246 148 48 nödgas

217 2300 74 36 låta
321 2300 46 36 de
396 2298 186 50 hjelplösa
610 2298 186 37 idioterna
827 2312 86 23 vara
944 2298 204 37 hänvisade
1180 2297 53 37 till
1262 2298 73 36 den
1363 2302 139 44 ytterst
1530 2297 277 38 otillfredsstäl-
