1870 2776
282 177 41 31 48
598 177 118 31 Andra
737 178 248 39 lagutskottets
1005 177 179 32 utlåtande
1204 187 44 21 nr
1266 179 43 30 20
1327 178 41 31 år
1388 179 84 30 1958

285 262 80 29 dem
390 262 149 30 behöver
563 262 147 39 troligen
735 262 146 30 rådrum
906 263 50 29 att
981 262 162 30 förvärva
1167 263 42 29 de
1231 262 231 40 erforderliga
1486 263 188 29 teoretiska
1700 263 88 29 kun-

286 312 184 40 skaperna.
490 312 146 40 Hänsyn
655 312 111 30 måste
786 312 106 30 också
911 314 97 38 tagas
1027 312 54 29 till
1100 314 51 28 att
1169 312 316 40 bilinspektionens
1504 322 157 21 resurser
1680 313 108 29 redan

286 370 48 21 nu
359 363 38 29 är
419 362 79 30 hårt
522 363 215 39 ansträngda
761 363 66 29 och
851 362 75 30 icke
952 362 47 30 tål
1024 362 115 40 någon
1163 363 169 29 avsevärd
1356 363 199 39 ytterligare
1580 363 207 39 belastning.

331 412 53 29 En
404 412 142 40 lämplig
568 413 92 29 form
680 412 55 30 för
755 413 173 39 övergång
949 412 51 30 till
1022 412 41 31 de
1084 413 198 39 föreslagna
1303 422 69 30 nya
1392 413 158 39 reglerna
1571 422 102 30 synes
1694 422 94 25 vara,

286 464 51 27 att
362 462 101 31 dessa
486 462 90 30 efter
602 471 43 20 en
670 462 154 31 tidsfrist
850 472 42 20 av
918 462 147 40 ungefär
1091 464 48 28 ett
1164 463 38 29 år
1228 464 99 38 göres
1354 463 207 40 tillämpliga
1587 463 19 30 å
1631 463 157 40 yrkesfö-

286 521 78 21 rare
386 521 42 20 av
449 513 42 30 de
513 512 87 31 allra
621 514 141 38 tyngsta
785 512 172 30 fordonen
979 512 66 30 och
1068 513 197 30 sedermera
1287 513 90 30 efter
1397 513 95 31 hand
1515 514 198 29 utsträckes
1738 515 50 28 att

285 562 92 39 gälla
398 562 130 40 jämväl
551 562 115 31 förare
687 572 43 21 av
751 563 119 39 övriga
891 572 48 20 nu
962 562 160 40 åsyftade
1144 563 258 40 fordonstyper.
1426 564 67 29 För
1515 564 273 39 genomförande

286 621 44 22 av
347 612 176 30 reformen
523 608 23 49 i
570 613 66 30 full
655 613 246 39 utsträckning
919 613 98 30 torde
1036 613 85 30 böra
1139 613 118 31 anslås
1277 622 43 21 en
1339 614 51 30 tid
1408 623 42 21 av
1468 613 85 31 4—5
1573 613 49 31 år.

332 663 13 29 I
367 662 188 40 anledning
575 672 42 21 av
638 663 66 30 vad
726 663 150 30 sålunda
897 664 136 29 anförts
1055 663 161 30 förordar
1238 664 69 39 jag,
1331 666 51 27 att
1404 665 11 28 i
1438 664 40 30 29
1502 664 16 36 8
1540 664 249 39 vägtrafikför-

286 712 194 40 ordningen
506 714 170 39 upptages
701 722 44 21 en
771 713 254 34 bestämmelse,
1052 713 107 40 enligt
1184 714 118 29 vilken
1328 714 126 39 Kungl.
1481 714 106 39 Maj:t
1613 715 80 38 äger
1720 714 69 30 för-

286 762 122 34 ordna,
432 764 50 28 att
506 763 77 35 den,
609 772 75 21 som
707 763 66 29 har
797 763 53 30 till
873 764 85 39 yrke
982 764 51 29 att
1058 763 55 30 för
1138 773 136 21 annans
1298 764 152 39 räkning
1475 764 172 30 framföra
1672 764 117 30 lastbil

287 813 79 29 med
385 822 42 20 en
445 813 162 29 totalvikt
625 813 243 40 överstigande
889 814 16 29 7
925 815 60 28 ton
1003 813 84 30 eller
1105 814 83 29 buss
1207 814 83 29 eller
1309 814 370 40 utryckningsfordon,
1699 814 89 30 skall

285 862 174 31 innehava
477 863 201 31 trafikkort.
697 863 64 42 Jag
780 864 207 30 förutsätter
1006 864 122 30 därvid
1147 866 51 29 att
1218 865 162 29 närmare
1400 864 221 30 föreskrifter
1640 865 11 29 i
1671 866 117 29 ämnet

285 912 160 30 kommer
463 914 50 28 att
532 913 79 30 med
630 913 166 40 lämpliga
815 913 283 31 tidsmellanrum
1118 914 160 30 utfärdas
1298 923 42 20 av
1360 915 125 39 Kungl.
1506 915 116 39 Maj:t.

332 964 12 29 I
362 963 90 39 regel
470 963 97 30 torde
585 964 56 29 det
659 963 78 30 med
755 973 43 21 en
816 963 244 31 bestämmelse
1078 973 42 21 av
1137 973 47 20 nu
1203 965 170 29 skisserat
1389 965 155 30 innehåll
1562 965 76 30 icke
1656 965 133 30 behöva

287 1014 95 28 möta
403 1013 114 39 någon
538 1014 111 29 större
670 1013 176 40 svårighet
867 1015 50 29 att
938 1014 10 29 i
969 1014 58 30 det
1049 1014 173 30 särskilda
1244 1014 99 30 fallet
1365 1016 136 38 avgöra,
1523 1015 175 30 huruvida
1721 1017 68 28 tra-

287 1062 134 30 fikkort
441 1063 137 29 fordras
600 1063 81 31 eller
701 1063 87 30 icke.
809 1064 142 29 Tvekan
972 1064 70 29 kan
1062 1065 90 29 dock
1172 1065 168 39 möjligen
1362 1065 125 30 tänkas
1509 1065 128 40 uppstå
1657 1065 11 29 i
1690 1065 98 40 fråga

286 1121 58 21 om
366 1113 242 39 skyldigheten
630 1115 49 28 att
700 1114 175 29 innehava
897 1114 190 30 trafikkort
1108 1114 55 30 för
1185 1115 133 29 sådana
1339 1124 176 30 personer,
1537 1116 11 29 i
1569 1115 113 30 vilkas
1703 1116 85 40 yrke

285 1162 60 30 det
366 1163 99 39 ingår
486 1165 51 28 att
559 1163 85 30 köra
665 1163 47 30 bil
734 1163 36 30 åt
792 1173 118 20 annan
933 1173 80 20 men
1034 1164 96 30 vilka
1152 1165 86 29 även
1262 1165 65 29 har
1349 1165 111 30 andra
1482 1165 306 40 arbetsuppgifter.

287 1213 13 29 I
319 1213 119 39 dylika
455 1213 61 29 fall
535 1213 97 30 torde
650 1214 138 39 hänsyn
806 1214 85 30 böra
908 1216 97 38 tagas
1023 1215 73 29 dels
1115 1215 51 29 till
1184 1215 176 30 huruvida
1379 1216 66 30 den
1462 1216 235 34 verksamhet,
1714 1218 74 29 vari

286 1263 259 30 vederbörande
574 1265 39 28 är
640 1264 191 39 sysselsatt,
862 1264 218 40 någorlunda
1107 1265 226 39 regelbundet
1362 1266 138 29 fordrar
1527 1266 151 30 lastbils-
1707 1266 82 30 eller

286 1312 305 41 busstransporter
611 1314 64 29 och
694 1314 74 30 dels
789 1314 53 29 till
861 1315 57 29 det
939 1314 245 36 förhållandet,
1206 1324 57 21 om
1283 1315 163 30 förandet
1467 1325 41 20 av
1527 1316 47 29 bil
1595 1317 71 29 kan
1686 1326 102 21 anses

286 1372 78 20 som
389 1363 66 30 den
480 1363 257 40 huvudsakliga
762 1364 303 40 arbetsuppgiften
1091 1365 55 30 för
1171 1365 270 31 vederbörande.
1467 1366 44 29 Är
1537 1367 101 29 dessa
1663 1367 127 30 villkor

287 1413 194 40 uppfyllda,
504 1414 98 29 torde
625 1414 86 29 krav
733 1414 44 40 på
800 1414 191 30 trafikkort
1013 1414 85 30 böra
1119 1415 270 40 upprätthållas,
1412 1418 133 28 oavsett
1568 1425 57 21 om
1648 1417 140 30 föraren

284 1463 134 39 jämväl
442 1463 64 31 har
529 1464 111 30 andra
663 1464 307 40 arbetsuppgifter.
995 1464 93 30 Även
1113 1466 235 30 reservförare
1373 1466 64 30 och
1461 1466 133 30 vikarie
1619 1467 55 30 för
1699 1467 90 30 ordi-

287 1513 99 30 narie
407 1513 115 31 förare
543 1513 62 31 bör
626 1514 45 29 ha
693 1514 202 30 trafikkort.
917 1515 166 30 Däremot
1104 1515 90 30 lärer
1216 1517 49 28 ett
1286 1516 123 30 sådant
1431 1517 85 29 krav
1538 1517 30 36 ej
1592 1517 119 30 kunna
1733 1518 56 37 gö-

287 1572 57 21 ras
368 1564 156 37 gällande
548 1565 170 36 gentemot
740 1564 77 35 den,
839 1564 116 31 vilken
978 1574 43 20 av
1044 1565 150 30 särskild
1216 1566 105 30 orsak
1343 1566 58 30 vid
1424 1566 104 40 något
1551 1568 147 29 enstaka
1724 1567 66 31 till-

287 1613 83 30 fälle
392 1614 191 40 uppträder
605 1614 116 30 såsom
744 1615 116 30 förare
883 1624 42 20 av
946 1615 125 30 sådant
1094 1615 136 35 fordon,
1254 1625 75 21 som
1352 1616 269 31 bestämmelsen
1644 1617 144 40 åsyftar.

286 1664 203 40 Uppenbart
506 1665 98 29 torde
621 1665 132 39 jämväl
771 1674 95 25 vara,
884 1667 50 28 att
951 1665 122 30 kravet
1090 1666 45 40 på
1152 1666 192 30 trafikkort
1362 1666 32 40 ej
1415 1676 98 21 avser
1531 1667 185 40 polismän,
1734 1667 56 30 be-

287 1714 272 40 siktningsmän,
587 1714 271 41 bilreparatörer
887 1724 45 21 m.
962 1715 48 34 fl.,
1041 1724 76 21 som
1146 1716 169 40 tillfälligt
1343 1717 151 30 framför
1522 1717 112 40 dylikt
1663 1718 126 29 fordon

285 1764 58 30 för
361 1764 153 30 kontroll
533 1773 44 21 av
595 1765 78 30 dess
692 1765 282 40 köregenskaper
993 1775 29 21 e.
1041 1766 33 30 d.
1095 1766 177 30 Eftersom
1291 1767 42 30 de
1354 1767 148 30 anförda
1523 1768 266 40 synpunkterna

285 1814 109 40 enligt
416 1814 73 30 min
510 1815 142 41 mening
674 1815 157 40 framgår
852 1825 42 21 av
914 1816 67 30 den
1003 1816 198 40 föreslagna
1223 1817 359 40 författningstexten,
1606 1827 103 21 anser
1730 1818 59 40 jag

286 1864 33 40 ej
343 1865 221 40 erforderligt
584 1867 51 28 att
655 1866 134 30 belasta
809 1866 116 30 denna
945 1866 80 30 med
1045 1867 200 40 ytterligare
1268 1867 333 40 detaljföreskrifter
1622 1868 12 29 i
1656 1870 129 28 ämnet.

285 1998 178 30 Utskottet

332 2066 70 29 Mot
421 2066 232 39 bakgrunden
675 2076 41 20 av
736 2066 70 31 den
828 2067 210 39 utveckling,
1062 2076 75 20 som
1158 2068 137 39 präglat
1318 2068 143 30 särskilt
1483 2069 67 29 den
1571 2069 76 30 icke
1669 2069 119 41 yrkes-

286 2116 153 39 mässiga
457 2116 293 31 lastbilstrafiken
770 2117 112 30 under
902 2126 121 21 senare
1043 2118 61 34 tid,
1124 2118 64 29 har
1204 2118 164 39 gällande
1386 2118 264 32 bestämmelser
1668 2120 120 30 röran-

287 2166 43 29 de
353 2166 197 40 skyldighet
572 2168 51 28 att
645 2167 129 30 inneha
796 2168 191 30 trafikkort
1009 2168 149 30 kommit
1181 2171 50 27 att
1254 2171 32 27 te
1310 2169 51 39 sig
1384 2169 135 30 mindre
1541 2170 55 29 väl
1619 2171 165 38 avvägda.

287 2217 66 29 Det
366 2216 72 30 kan
454 2216 76 30 icke
547 2226 101 20 anses
662 2217 329 31 tillfredsställande
1008 2220 51 28 att
1075 2219 209 39 exempelvis
1299 2228 46 21 en
1359 2219 281 41 yrkeschaufför,
1658 2229 75 20 som
1749 2221 39 30 är

286 2267 152 29 anställd
460 2276 74 20 som
555 2267 254 31 lastbilsförare
829 2268 11 29 i
862 2270 47 28 ett
929 2267 243 41 åkeriföretag,
1195 2269 89 29 skall
1304 2278 84 21 vara
1408 2271 154 38 tvungen
1583 2272 50 28 att
1653 2270 45 30 ha
1719 2272 69 28 tra-

287 2317 135 30 fikkort
440 2317 57 30 för
517 2319 50 28 att
588 2318 121 29 kunna
730 2318 152 39 fullgöra
903 2319 59 29 sitt
982 2319 234 40 yrkesarbete,
1237 2320 128 29 medan
1386 2320 139 30 föraren
1546 2330 42 20 av
1609 2330 42 20 en
1671 2321 116 30 lastbil

286 2376 44 21 av
348 2368 245 29 motsvarande
614 2368 141 34 storlek,
775 2377 76 21 som
870 2369 118 30 tillhör
1008 2371 48 28 ett
1075 2369 300 40 industriföretag,
1395 2371 76 29 icke
1489 2371 150 30 behöver
1658 2372 130 29 inneha

287 2417 126 30 sådant
434 2418 89 30 kort.
544 2418 78 30 Med
643 2418 266 41 utgångspunkt
927 2419 83 30 från
1029 2419 60 31 det
1108 2420 108 39 sagda
1237 2420 71 29 kan
1330 2421 170 30 utskottet
1521 2421 79 29 med
1619 2421 169 30 tillfreds-

286 2468 152 30 ställelse
454 2468 99 30 hälsa
569 2469 282 39 propositionens
869 2469 140 40 förslag,
1022 2471 54 30 att
1091 2470 191 31 trafikkort
1300 2471 88 30 skall
1405 2471 124 31 krävas
1546 2472 55 29 för
1617 2472 77 30 dem
1712 2482 75 20 som
