1884 2784
401 168 123 39 Tredje
547 167 246 40 lagutskottets
817 164 179 31 utlåtande
1018 173 43 20 nr
1083 164 41 29 23
1147 163 39 29 år
1213 162 82 29 1963
1565 160 48 30 39:

104 254 217 39 läggningen.
343 253 110 29 Tiden
475 253 37 28 är
534 252 179 29 dessutom
736 250 136 29 mindre
894 248 158 40 lämpligt
1074 248 80 29 vald
1178 246 44 40 på
1245 246 112 39 grund
1381 254 42 20 av
1445 245 160 28 kommu-

105 304 363 30 nikationsväsendets
497 301 246 40 brytningstid.
775 300 181 39 Därjämte
987 298 89 30 talar
1107 297 146 30 behovet
1283 305 42 21 av
1357 295 109 30 ökade
1498 294 108 29 insat-

106 365 54 19 ser
181 354 53 30 för
256 353 272 31 trafiksäkerhet
550 352 65 29 och
636 351 112 30 bättre
770 351 105 38 vägar
897 351 74 27 mot
992 357 42 21 en
1057 347 232 39 omläggning.
1314 345 48 30 På
1384 345 11 29 i
1419 344 186 30 huvudsak

104 404 102 29 dessa
229 404 75 29 skäl
328 402 200 30 hemställes
552 400 120 31 därför
696 403 50 27 att
769 399 186 39 riksdagen
978 398 108 29 måtte
1112 397 95 30 avslå
1231 395 271 41 propositionen.
1528 394 12 29 I
1565 394 41 29 de

104 455 223 39 likalydande
355 453 219 30 motionerna
602 452 29 30 I:
648 452 62 29 596
739 452 64 29 och
832 450 45 30 II:
895 449 61 31 730
984 449 106 39 yrkas
1120 448 105 30 också
1254 447 117 38 avslag
1401 446 20 29 å
1449 440 157 49 proposi-

106 506 128 29 tionen.
256 505 258 29 Motionärerna
535 503 169 39 åberopar
724 503 51 28 att
796 501 116 30 såsom
935 499 83 30 1954
1040 499 56 30 års
1119 498 187 39 utredning
1329 497 126 29 uttalat
1477 495 131 30 förhål-

107 556 117 29 landet
245 555 78 29 med
345 554 113 30 skilda
479 552 308 39 trafikriktningar
808 551 76 30 icke
906 549 268 39 nödvändigtvis
1197 548 148 30 behöver
1368 556 84 20 vara
1474 555 43 20 en
1539 547 69 28 tra-

108 604 337 39 fiksäkerhetsfråga
471 613 42 21 av
540 604 111 29 större
678 602 185 39 betydelse.
891 601 71 29 Mot
990 609 43 21 en
1061 598 223 40 omläggning
1313 597 88 30 talar
1430 597 41 29 de
1500 596 112 39 dryga

108 656 237 29 kostnaderna
378 655 64 29 och
474 654 67 30 den
574 653 132 38 ökning
740 661 42 21 av
814 649 417 41 olycksfallsfrekvensen
1266 657 74 20 som
1376 647 111 30 skulle
1521 655 88 30 upp-

108 706 63 30 stå.
192 706 93 29 Även
306 706 171 38 vägarnas
499 703 248 30 beskaffenhet
768 703 39 28 är
829 701 107 39 enligt
958 700 261 30 motionärerna
1242 700 48 28 ett
1312 697 196 40 avgörande
1532 696 77 29 hin-

108 757 60 29 der
191 758 71 27 mot
284 765 43 20 en
351 754 171 40 övergång
545 754 52 29 till
621 752 227 40 högertrafik.
881 751 5 29 I
910 751 179 30 motionen
1113 749 45 30 II:
1177 748 60 31 740
1263 747 203 31 framhålles
1492 748 50 28 att
1568 746 42 29 de

107 807 11 29 i
141 806 262 40 propositionen
428 804 195 39 framlagda
648 803 175 39 förslagen
848 801 110 30 måste
983 810 102 21 anses
1111 799 226 39 otillräckligt
1362 796 248 40 underbyggda

109 858 65 28 och
198 856 219 30 motionären
440 855 213 33 hemställer,
679 855 49 28 att
753 852 188 39 riksdagen
966 851 80 30 med
1072 850 119 39 avslag
1217 849 20 30 å
1262 848 262 40 propositionen
1551 856 60 20 an-

109 907 111 30 håller
242 916 56 20 om
322 906 192 39 skyndsam
537 904 188 39 utredning
748 903 12 29 i
783 900 356 42 högertrafikfrågan.
1165 900 13 29 I
1203 902 51 27 tre
1279 899 182 33 motioner,
1487 897 125 29 nämli-

110 965 65 32 gen
201 957 28 29 I:
245 956 74 34 602,
346 956 45 29 II:
408 955 61 30 732
496 955 66 29 och
588 954 45 30 II:
651 953 73 34 743,
751 952 147 31 föreslås
924 954 50 28 att
1002 961 47 29 ny
1075 950 212 40 rådgivande
1315 947 297 39 folkomröstning

110 1007 107 30 måtte
241 1007 176 30 anordnas
441 1006 11 29 i
477 1003 355 41 högertrafikfrågan.
859 1003 13 29 I
898 1001 162 39 samtliga
1085 1001 102 29 dessa
1213 999 171 30 motioner
1410 998 203 38 understry-

111 1058 62 29 kes
194 1060 52 27 att
266 1057 187 38 riksdagen
474 1056 76 29 icke
573 1056 72 28 mot
668 1054 56 30 det
747 1053 62 30 råd
832 1052 109 30 folket
965 1059 64 32 gav
1051 1051 38 30 år
1115 1050 83 30 1955
1221 1050 62 30 bör
1307 1049 88 30 fatta
1417 1049 114 29 beslut
1555 1056 59 21 om

111 1106 217 41 högertrafik
349 1108 85 28 utan
454 1108 50 28 att
526 1104 207 41 spörsmålet
755 1113 47 20 nu
825 1103 90 39 ånyo
935 1102 66 30 blir
1023 1101 147 30 föremål
1194 1100 53 30 för
1270 1099 228 38 omröstning.
1524 1098 90 29 Slut-

109 1158 93 40 ligen
222 1157 58 30 må
298 1157 11 29 i
330 1157 95 29 detta
446 1155 256 38 sammanhang
724 1154 208 29 omnämnas
954 1151 179 31 motionen
1156 1150 45 30 II:
1219 1149 72 35 742,
1314 1149 74 30 vari
1410 1148 203 30 hemställes

111 1210 61 32 att,
193 1216 56 21 om
271 1207 188 39 riksdagen
480 1215 48 20 nu
551 1205 108 30 fattar
680 1204 221 40 preliminärt
924 1202 253 40 principbeslut
1200 1209 57 21 om
1281 1199 171 40 övergång
1477 1199 52 29 till
1553 1199 61 29 hö-

112 1258 179 40 gertrafik,
314 1256 295 39 folkomröstning
631 1255 11 29 i
666 1254 123 40 frågan
813 1254 89 30 skall
925 1252 112 30 hållas
1066 1252 6 29 i
1096 1251 170 30 samband
1290 1250 79 30 med
1393 1249 220 39 riksdagsva-

113 1309 56 29 len
187 1309 124 29 hösten
331 1306 94 31 1964.

158 1358 13 29 I
199 1358 109 29 likhet
337 1357 79 30 med
444 1354 387 42 departementschefen
860 1362 102 22 anser
992 1352 171 30 utskottet
1192 1353 50 28 att
1271 1350 190 40 ingendera
1490 1349 124 30 trafik-

114 1408 202 39 riktningen
335 1407 134 30 utifrån
487 1404 477 39 trafiksäkerhetssynpunkt
983 1403 11 29 i
1014 1403 66 29 och
1100 1402 54 29 för
1175 1402 51 39 sig
1246 1402 70 29 kan
1336 1409 102 21 anses
1460 1400 46 29 ha
1527 1399 88 30 före-

113 1459 109 33 träde,
244 1458 166 29 eftersom
431 1456 319 31 trafiksäkerheten
772 1455 38 29 är
832 1453 171 30 beroende
1026 1462 42 20 av
1090 1461 43 21 en
1156 1451 180 39 mångfald
1361 1450 165 30 faktorer.
1551 1449 65 29 Av-

115 1508 165 40 görandet
300 1507 111 30 måste
431 1506 132 30 således
584 1506 61 29 ske
665 1505 79 29 från
764 1505 41 29 de
825 1504 11 29 i
856 1503 263 40 propositionen
1140 1501 149 40 angivna
1311 1501 229 38 argumenten
1562 1499 54 30 för

115 1559 66 29 och
208 1560 92 27 emot
328 1567 42 20 en
399 1555 344 40 trafikomläggning.
773 1554 131 29 Härvid
932 1553 61 29 bör
1022 1553 108 38 enligt
1160 1552 188 29 utskottets
1378 1550 141 38 mening
1550 1550 67 29 den

117 1610 128 29 största
268 1608 120 30 vikten
414 1607 117 39 läggas
557 1606 58 29 vid
642 1606 56 29 det
726 1604 236 30 förhållandet
988 1605 51 28 att
1065 1602 67 30 den
1160 1601 282 30 internationella
1469 1599 149 30 biltrafi-

116 1660 69 29 ken
207 1658 160 30 befinner
391 1658 51 39 sig
465 1657 111 29 under
601 1656 97 30 stark
722 1654 192 40 expansion
938 1654 65 29 och
1027 1654 51 28 att
1103 1653 114 29 denna
1243 1651 198 39 utveckling
1466 1651 71 29 kan
1562 1650 56 29 be-

117 1710 130 29 räknas
270 1708 114 39 fortgå
408 1708 109 29 under
541 1706 167 30 avsevärd
732 1705 60 30 tid.
817 1705 66 29 Det
906 1704 39 29 är
970 1712 41 20 ur
1036 1703 116 30 denna
1176 1702 179 39 synpunkt
1380 1701 238 29 utomordent-

116 1760 63 39 ligt
202 1759 179 39 angeläget
406 1759 49 29 att
480 1756 269 39 trafikreglerna
775 1756 11 28 i
812 1755 128 29 största
966 1753 144 39 möjliga
1137 1752 244 38 utsträckning
1407 1751 66 29 blir
1499 1751 119 29 enhet-

118 1810 68 38 liga
204 1809 10 29 i
233 1809 40 29 de
293 1809 121 29 länder
432 1807 129 30 mellan
579 1807 95 29 vilka
692 1805 205 30 biltrafiken
916 1805 38 28 är
974 1803 229 30 omfattande.
1225 1802 130 29 Härvid
1375 1802 39 28 är
1436 1802 56 28 det
1515 1801 104 38 själv-

118 1859 98 30 fallet
238 1868 42 21 av
303 1858 150 30 särskild
475 1857 75 29 vikt
573 1858 51 28 att
647 1856 67 29 den
738 1853 284 41 grundläggande
1047 1852 269 30 bestämmelsen
1341 1860 57 20 om
1424 1850 195 30 trafikrikt-

119 1910 128 38 ningen
278 1909 39 28 är
348 1905 377 32 överensstämmande.
758 1905 78 29 Med
868 1904 56 29 det
958 1903 135 29 ökande
1127 1902 130 29 antalet
1291 1901 328 39 gränspasseringar

119 1959 56 29 vid
198 1959 78 29 vårt
298 1959 81 29 land
405 1957 95 30 torde
523 1957 59 29 det
605 1965 84 20 vara
713 1953 220 39 oundvikligt
956 1953 79 29 med
1060 1961 43 20 en
1128 1951 131 40 kraftig
1285 1951 151 39 stegring
1462 1960 42 20 av
1530 1951 91 38 olyc-

120 2010 64 28 kor
207 2008 183 39 betingade
415 2017 42 20 av
481 2008 49 29 att
557 2006 136 38 Sverige
719 2005 177 38 tillämpar
921 2012 43 21 en
991 2002 79 30 från
1098 2002 77 29 sina
1202 2001 234 39 grannländer
1462 2001 64 28 och
1554 2001 66 29 den

120 2058 286 39 västeuropeiska
436 2056 231 30 kontinenten
699 2055 90 29 skild
823 2052 277 40 trafikriktning.
1145 2052 51 29 En
1230 2051 166 30 framtida
1429 2051 76 29 bro-
1538 2051 83 29 eller

120 2108 336 30 tunnelförbindelse
480 2106 129 30 mellan
633 2105 112 30 Skåne
770 2105 65 29 och
859 2103 157 40 Själland
1043 2102 95 29 torde
1163 2102 157 29 avsevärt
1346 2101 66 29 öka
1437 2101 184 39 gränspas-

122 2159 213 38 seringarna.
355 2157 181 30 Likaledes
555 2157 64 28 har
640 2164 82 20 man
742 2156 51 28 att
811 2154 111 29 räkna
942 2153 78 29 med
1040 2162 43 19 en
1104 2152 61 29 allt
1186 2152 153 38 livligare
1360 2151 158 29 biltrafik
1540 2151 82 29 mel-

122 2209 58 29 lan
208 2208 135 38 Sverige
371 2208 65 28 och
461 2207 122 38 Norge.
612 2205 93 29 Även
732 2203 203 30 biltrafiken
964 2202 128 29 mellan
1122 2201 135 38 Sverige
1287 2201 63 29 och
1380 2201 148 28 Finland
1559 2201 63 28 har

123 2258 111 29 under
255 2266 120 20 senare
397 2257 39 28 år
456 2256 81 29 ökat
559 2254 157 38 kraftigt,
738 2262 42 20 en
803 2252 198 38 utveckling
1025 2261 73 19 som
1123 2251 69 29 kan
1215 2251 122 28 väntas
1362 2250 172 29 fortsätta.
1559 2251 63 28 Det

123 2309 51 28 lär
198 2308 54 33 då,
278 2307 116 29 därest
421 2305 135 39 Sverige
581 2303 190 30 bibehåller
796 2301 263 34 vänstertrafik,
1085 2300 46 29 bli
1159 2300 73 29 ofta
1259 2300 287 28 förekommande
1573 2302 49 26 att

123 2357 164 30 bilförare
308 2356 77 29 med
406 2356 100 28 korta
527 2354 220 32 mellanrum,
770 2352 132 29 kanske
924 2351 116 28 ibland
1064 2350 87 28 flera
1173 2350 125 38 gånger
1321 2349 169 38 dagligen,
1514 2349 110 29 måste

124 2407 110 30 ändra
255 2405 274 38 trafikriktning.
552 2403 174 30 Utskottet
749 2401 138 30 befarar
909 2402 49 28 att
979 2409 43 20 en
1045 2399 108 29 sådan
1177 2399 197 38 utveckling
1398 2399 110 29 skulle
1532 2399 92 29 med-

125 2458 75 29 föra
225 2459 47 27 att
299 2456 129 29 antalet
454 2454 99 30 svåra
579 2452 252 38 trafikolyckor
857 2451 103 38 stiger
987 2449 177 39 betydligt.
1193 2450 162 28 Häremot
1385 2449 108 28 måste
1521 2449 102 37 givet-
