1884 2784
391 157 125 39 Tredje
538 156 246 40 lagutskottets
808 155 179 31 utlåtande
1010 164 42 20 nr
1073 155 42 29 23
1137 154 39 30 år
1202 153 84 30 1963
1555 153 40 31 43

93 241 48 30 bli
158 242 10 29 i
187 240 205 41 erforderlig
409 241 82 30 mån
509 240 212 40 tillgodosett
739 247 125 32 genom
882 239 66 29 den
967 248 41 20 av
1026 237 386 40 departementschefen
1431 236 164 30 anvisade

93 291 252 40 befogenheten
363 291 56 30 för
437 291 94 30 såväl
550 290 277 30 kommissionen
846 298 75 21 som
940 288 281 40 delegationerna
1239 289 51 28 att
1309 287 155 39 utnyttja
1483 289 112 27 utom-

94 341 142 31 stående
257 342 151 39 expertis
430 341 55 30 för
506 340 162 41 speciella
689 339 187 41 uppgifter.

139 392 48 31 På
209 393 113 38 grund
345 401 43 21 av
410 392 65 29 vad
499 391 149 31 sålunda
671 390 137 31 anförts
831 390 55 30 får
909 389 170 30 utskottet
1102 388 196 35 hemställa,
1323 388 103 30 såvitt
1450 397 48 20 nu
1522 388 39 29 är
1587 387 9 29 i

95 442 108 40 fråga,

448 492 39 29 A.
512 494 51 28 att
589 492 186 40 riksdagen
801 491 108 30 måtte
935 491 78 30 med
1041 491 118 39 avslag
1183 490 20 30 å
1230 490 158 39 följande
1414 489 181 32 motioner,

404 543 176 40 nämligen

450 594 28 29 1.
504 593 29 30 1:
550 594 63 30 596
630 594 64 29 och
713 593 45 29 II:
775 592 73 35 730,

448 644 30 29 2.
504 643 29 31 I:
548 643 74 35 602,

449 694 29 29 3.
504 694 46 30 II:
567 693 72 35 732,

449 744 30 30 4.
504 745 46 30 II:
568 744 72 35 740,

449 796 29 29 5.
504 795 46 30 II:
567 794 73 36 742,

450 846 30 29 6.
506 846 46 30 II:
569 845 62 31 743
648 847 90 29 samt

451 896 29 29 7.
506 896 45 30 II:
568 896 61 30 755

406 946 121 30 bifalla
548 946 228 30 förevarande
796 945 229 40 proposition,
1047 954 41 20 nr
1109 945 55 36 58;

449 997 37 29 B.
512 998 51 29 att
583 996 220 30 motionerna

452 1048 26 29 1.
505 1047 29 30 1:
550 1046 64 31 608
633 1047 65 30 och
717 1046 45 30 II:
779 1047 73 35 756,

450 1098 29 29 2.
505 1098 29 30 I:
550 1097 64 31 609
632 1098 64 29 och
714 1097 45 30 II:
777 1097 73 36 759,

451 1148 29 29 3.
506 1148 29 30 I:
552 1148 62 30 610
633 1148 65 30 och
716 1148 45 29 II:
779 1147 73 35 738,

449 1198 30 30 4.
505 1199 29 29 1:
551 1199 60 30 611
636 1199 64 29 och
723 1198 45 30 II:
785 1198 74 36 760,

450 1249 29 29 53.
505 1249 29 30 I:
551 1250 62 29 612
635 1249 64 30 och
719 1248 45 30 II:
782 1249 60 30 757
864 1250 91 28 samt

451 1299 30 30 6.
506 1300 46 29 II:
568 1299 62 30 750

406 1350 11 29 i
440 1350 67 29 den
530 1350 83 29 mån
636 1350 41 29 de
700 1350 31 39 ej
758 1350 70 29 kan
852 1358 103 21 anses
977 1348 187 30 besvarade
1190 1356 124 32 genom
1338 1348 66 29 vad
1428 1347 172 30 utskottet

407 1409 88 20 ovan
513 1400 118 30 anfört
648 1400 74 29 icke
740 1400 107 29 måtte
866 1399 181 29 föranleda
1065 1399 113 39 någon
1195 1398 206 39 riksdagens
1419 1398 132 38 åtgärd.

142 1483 202 30 Stockholm
362 1485 67 29 den
448 1484 40 30 25
507 1483 89 40 april
617 1483 82 30 1963

543 1584 49 30 På
610 1584 111 39 tredje
740 1584 248 40 lagutskottets
1007 1584 143 39 vägnar:

604 1668 106 30 ERIK
731 1667 359 30 ALEXANDERSON

144 1913 64 29 Vid
223 1913 95 29 detta
335 1912 146 30 ärendes
501 1912 210 39 behandling
727 1911 65 30 har
809 1911 172 29 närvarit:

143 1971 77 29 från
256 1971 163 29 första
453 1970 220 30 kammaren:
699 1970 122 29 herrar
845 1969 270 32 Alexanderson,
1139 1968 181 35 Lindahl",
1345 1968 114 30 Göran
1483 1969 118 28 Karls-

99 2021 72 27 son,
191 2013 93 30 Ebbe
303 2013 162 34 Ohlsson,
487 2013 249 34 Kristiansson,
757 2013 95 28 Knut
870 2012 210 33 Johansson,
1100 2011 109 40 Georg
1229 2011 163 30 Carlsson
1412 2011 64 29 och
1495 2010 105 29 Äkes-

100 2063 77 27 son;

144 2114 77 28 från
257 2113 155 29 andra
448 2113 220 30 kammaren:
695 2112 121 30 herrar
841 2112 117 34 Levin,
984 2113 198 29 Johansson
1208 2112 9 29 i
1242 2112 103 38 Torp,
1371 2111 146 39 Nyberg,
1544 2111 55 28 fru

101 2155 184 35 Torbrink,
319 2156 121 29 herrar
474 2156 149 28 Persson
656 2155 10 29 i
698 2155 131 33 Tandö,
863 2154 165 34 Grebäck,
1063 2154 161 29 Carlsson
1258 2154 10 28 i
1303 2154 201 29 Stockholm
1537 2153 65 28 och

99 2197 174 39 Bengtson
295 2198 10 29 i
328 2197 114 30 Solna.

138 2272 55 31 "Ej
216 2272 182 24 närvarande
420 2272 47 23 vid
489 2272 181 23 utlåtandets
691 2271 154 30 justering.
