1894 2796
520 158 389 34 Jordbruksutskottets
929 155 180 31 utlåtande
1128 163 43 20 nr
1192 153 27 29 1.
1586 147 36 30 31

118 250 222 40 rarpersonal
366 249 59 29 vid
463 248 42 29 de
545 246 93 39 lägre
676 236 688 41 lantbruksundervisningsanstalterna.
1404 232 117 39 Enligt
1559 231 67 29 vad

120 302 126 38 Kungl.
274 300 105 39 Maj:t
406 298 118 30 anfört
549 297 11 28 i
587 297 107 29 annat
721 292 256 38 sammanhang
1003 289 99 31 torde
1129 287 115 39 någon
1270 282 253 41 lönereglering
1549 281 77 30 icke

121 355 143 27 komma
278 353 50 28 att
346 349 222 40 genomföras
586 347 54 29 för
657 343 220 32 sistnämnda
894 338 257 42 lärarpersonal
1168 337 111 30 under
1297 333 205 41 budgetåret
1523 330 104 36 1950/

121 404 52 29 51.
196 403 66 29 Vid
284 401 125 30 sådant
432 397 220 32 förhållande
675 396 116 29 finner
813 393 173 30 utskottet
1009 390 51 40 sig
1081 389 77 29 icke
1182 388 121 29 kunna
1329 384 177 40 tillstyrka
1528 381 99 31 bifall

121 455 54 28 till
192 454 67 29 vad
279 461 74 21 som
372 451 122 39 yrkats
512 449 12 29 i
543 448 228 30 motionerna.

172 506 48 30 På
241 504 112 40 grund
372 504 110 29 härav
503 500 63 31 och
585 499 46 30 då
651 498 170 30 utskottet
841 496 77 29 icke
940 493 108 30 heller
1067 492 11 29 i
1099 491 112 39 övrigt
1232 489 63 30 har
1317 487 105 39 något
1442 487 52 29 att
1513 484 117 30 erinra

126 559 73 27 mot
228 555 125 38 Kungl.
387 552 124 40 Maj:ts
541 547 335 41 anslagsberäkning
905 545 112 29 under
1047 543 115 30 denna
1191 539 123 41 punkt,
1345 536 203 31 hemställer
1577 536 53 27 ut-

126 607 140 33 skottet,

481 653 51 28 att
552 650 188 37 riksdagen
762 647 67 34 må,
851 646 81 29 med
952 643 100 30 bifall
1073 642 53 29 till
1147 639 126 40 Kungl.
1296 638 124 39 Maj:ts
1442 633 190 32 framställ-

438 705 85 39 ning
549 704 90 28 samt
665 701 79 29 med
770 698 118 39 avslag
914 697 20 29 å
959 697 42 29 de
1026 692 224 40 likalydande
1279 690 220 29 motionerna
1525 686 28 29 1:
1572 684 59 30 177

438 754 65 30 och
526 753 44 29 II:
587 751 73 35 319,
684 750 52 30 till
756 749 110 38 Lägre
889 741 440 38 lantbruksundervisning
1349 748 45 21 m.
1415 746 63 22 m.:
1504 735 130 31 Under-

442 805 79 31 stöd
552 804 35 30 åt
620 803 90 29 vissa
743 791 647 41 lantbruksundervisningsanstalter:
1423 787 213 38 Avlöningar

442 857 55 30 för
546 852 204 41 budgetåret
802 848 148 37 1950/51
1002 846 121 31 anvisa
1172 845 50 28 ett
1272 838 274 41 förslagsanslag
1595 843 41 22 av

440 907 19 30 3
475 906 62 30 012
552 905 62 30 000
637 904 140 29 kronor.

177 1011 98 34 42:0)
304 1010 108 35 Lägre
436 1001 433 36 lantbruksundervisning
893 1008 44 21 m.
962 1006 59 21 m.:
1047 993 195 33 Understöd
1267 993 34 29 åt
1325 991 93 29 vissa
1442 986 197 32 lantbruks-

133 1058 449 38 undervisningsanstalter:
611 1052 290 33 Driftkostnader.
929 1048 117 31 Under
1070 1046 156 38 punkten
1252 1043 41 30 43
1326 1042 43 33 (s.
1399 1038 146 34 80-—81)
1575 1037 65 29 har

132 1112 125 38 Kungl.
283 1111 105 38 Maj:t
413 1107 178 30 hemställt
616 1107 49 28 att
691 1104 54 29 för
769 1100 200 32 ändamålet
995 1098 108 30 måtte
1128 1095 139 30 anvisas
1293 1094 48 28 ett
1365 1087 274 41 förslagsanslag

132 1171 42 20 av
198 1162 92 30 1291
307 1161 62 29 000
392 1160 141 32 kronor,
556 1156 107 29 vilket
685 1155 11 28 i
719 1150 221 32 förhållande
962 1149 53 29 till
1037 1144 237 32 innevarande
1298 1140 171 40 budgetår
1494 1135 145 33 innebär

133 1222 43 20 en
197 1212 132 39 ökning
349 1210 81 29 med
451 1209 60 29 321
528 1207 62 30 000
612 1206 140 29 kronor.
773 1199 329 41 Anslagsökningen
1123 1195 158 38 betingas
1305 1202 42 21 av
1367 1193 51 28 att
1440 1191 41 29 de
1504 1197 69 31 nya
1592 1187 49 29 bi-

136 1262 274 40 dragsreglerna,
427 1259 96 30 vilka
541 1257 111 30 under
669 1253 204 40 budgetåret
893 1249 149 36 1949/50
1060 1246 192 39 tillämpats
1272 1244 89 29 först
1379 1241 81 30 från
1479 1239 65 30 och
1561 1237 80 32 med

135 1316 67 27 den
225 1315 14 28 1
262 1311 186 31 november
470 1308 93 34 1949,
583 1307 143 29 komma
745 1306 50 28 att
815 1303 91 39 gälla
925 1300 80 30 hela
1022 1296 206 41 budgetåret
1248 1293 161 36 1950/51.

182 1380 184 29 Utskottet.
388 1378 13 29 I
423 1376 152 38 enlighet
594 1373 79 30 med
695 1369 307 37 framställningen
1021 1363 203 32 hemställer
1244 1361 183 32 utskottet,

493 1427 50 28 att
562 1423 187 38 riksdagen
771 1420 57 30 må
847 1419 54 29 till
921 1418 110 38 Lägre
1051 1409 440 38 lantbruksundervisning
1512 1416 46 20 m.
1579 1413 63 22 m.:

450 1474 196 32 Understöd
674 1473 34 29 åt
738 1472 90 30 vissa
858 1458 647 43 lantbruksundervisningsanstalter:
1536 1451 109 48 Drift-

450 1524 189 31 kostnader
663 1522 54 30 för
741 1519 206 40 budgetåret
975 1515 147 35 1950/51
1152 1512 120 31 anvisa
1298 1512 48 28 ett
1372 1505 274 41 förslagsanslag

451 1586 41 20 av
512 1575 92 30 1291
621 1573 63 31 000
703 1572 140 29 kronor.

187 1683 98 34 43:0)
315 1681 108 35 Lägre
446 1671 433 36 lantbruksundervisning
904 1678 44 21 m.
972 1676 59 21 m.:
1057 1663 195 33 Understöd
1277 1663 34 29 åt
1335 1661 93 29 vissa
1453 1656 196 32 lantbruks-

144 1728 449 38 undervisningsanstalter:
639 1725 125 34 Bidrag
803 1722 54 29 till
890 1719 152 31 arvoden
1075 1717 34 29 åt
1139 1714 208 31 skolläkare.
1389 1706 260 42 Tillstyrkande

143 1782 125 38 Kungl.
290 1781 124 38 Maj:ts
436 1776 262 38 framställning
720 1773 110 30 under
850 1770 161 41 punkten
1032 1767 42 30 44
1101 1767 42 33 (s.
1168 1763 146 34 81—82)
1340 1779 44 4 —
1406 1756 243 34 innefattande

144 1829 329 42 anslagsanvisning
500 1828 55 29 för
582 1824 199 32 ändamålet
807 1821 80 31 med
915 1817 205 32 oförändrat
1146 1815 125 39 belopp
1297 1830 45 4 —
1368 1808 202 33 hemställer
1597 1808 53 28 ut-

145 1884 140 31 skottet,

501 1929 50 28 att
571 1925 187 38 riksdagen
779 1922 57 30 må
856 1921 53 29 till
930 1919 109 38 Lägre
1060 1910 440 38 lantbruksundervisning
1521 1918 45 20 m.
1588 1915 62 22 m.:

457 1976 196 32 Understöd
676 1975 35 29 åt
738 1973 89 31 vissa
853 1961 646 41 lantbruksundervisningsanstalter:
1525 1958 127 37 Bidrag

459 2029 52 30 till
532 2026 152 32 arvoden
706 2024 35 30 åt
763 2021 199 32 skolläkare
985 2020 55 29 för
1061 2015 205 41 budgetåret
1290 2012 148 36 1950/51
1464 2009 120 32 anvisa
1606 2009 48 28 ett

459 2075 273 40 förslagsanslag
752 2082 41 21 av
814 2072 39 30 10
868 2071 63 30 000
952 2070 140 28 kronor.

197 2183 97 33 44:0)
329 2183 109 34 Lägre
466 2173 433 36 lantbruksundervisning
928 2179 44 20 m.
1002 2177 58 21 m.:
1092 2167 126 33 Bidrag
1245 2164 53 29 till
1328 2160 172 32 särskilda
1532 2158 124 30 utbild-

151 2234 236 36 ningskurser.
408 2229 126 38 Kungl.
556 2226 123 39 Maj:ts
700 2221 262 38 framställning
984 2219 110 29 under
1116 2216 159 41 punkten
1296 2213 41 30 45
1364 2212 43 33 (s.
1429 2209 146 34 82—86)
1601 2217 55 20 om

151 2282 190 30 anvisande
362 2281 55 29 för
439 2277 198 31 ändamålet
658 2284 41 20 av
719 2276 47 27 elt
786 2267 357 38 reservationsanslag
1163 2274 41 22 av
1223 2264 39 29 97
1278 2263 63 30 600
1363 2262 130 29 kronor
1511 2258 146 30 innebär

152 2336 10 29 i
182 2333 220 32 förhållande
421 2330 52 30 till
493 2327 230 37 anvisningen
741 2326 54 28 för
813 2320 238 32 innevarande
1070 2316 169 39 budgetår
1258 2325 41 20 en
1319 2313 149 39 höjning
1486 2320 41 21 av
1546 2310 113 30 ansla-

153 2386 54 36 get
230 2382 78 31 med
330 2381 39 29 10
384 2380 63 30 600
470 2379 139 28 kronor.
631 2373 244 38 Beräkningen
899 2369 191 29 innefattar
1113 2365 189 39 höjningar
1324 2362 79 30 med
1426 2358 233 38 sammanlagt

153 2434 41 28 32
209 2433 63 29 800
294 2432 130 28 kronor
447 2429 54 29 för
525 2424 226 32 anordnande
774 2431 40 21 av
838 2430 42 20 en
903 2416 306 38 utbildningskurs
1234 2414 54 29 för
1311 2407 349 44 jordbruksinstruk-

156 2485 91 29 törer
267 2483 63 29 och
350 2474 431 36 lantbruksinstruktörer,
799 2480 41 21 en
860 2466 337 39 fortbildningskurs
1215 2464 9 29 i
1243 2461 216 32 maskinlära
1478 2460 53 29 för
1549 2459 112 29 lärare
