1898 2794
265 142 19 28 4
665 144 385 32 Jordbruksutskottets
1069 147 181 30 utlåtande
1269 157 42 20 nr
1331 150 28 28 1.

264 224 211 39 principiellt
503 226 109 38 ansåg
640 227 363 38 byrådirektörstiteln
1029 229 85 30 böra
1142 230 211 31 förbehållas
1382 232 346 40 befattningshavare
1755 237 11 28 i

267 265 39 30 31
340 266 210 40 lönegraden
583 268 151 40 föreslog
765 269 209 31 kommittén
1007 271 76 29 icke
1116 272 115 40 någon
1264 274 134 30 ändrad
1431 275 248 41 löneställning
1711 278 55 30 för

264 307 266 40 ifrågavarande
554 310 225 39 tjänsteman.
804 312 215 30 Kommittén
1041 314 213 30 motiverade
1278 316 94 30 detta
1395 318 79 28 med
1496 319 51 28 att
1570 318 92 31 vissa
1687 320 79 29 med

263 350 155 38 tjänsten
438 352 347 39 sammanhängande
804 354 118 38 frågor
940 363 82 21 voro
1042 356 148 29 föremål
1209 356 54 30 för
1283 358 186 39 utredning
1487 359 96 30 inom
1606 361 83 30 1946
1708 361 56 30 års

263 393 654 41 trädgårdsundervisningskommitté.
951 397 279 31 Statsmakterna
1261 399 45 30 ha
1338 409 145 22 numera
1513 402 89 30 efter
1634 404 131 39 förslag

263 444 42 20 av
327 436 219 30 sistnämnda
568 438 182 30 kommitté
773 438 104 30 fattat
898 440 112 29 beslut
1037 440 114 40 (prop.
1176 441 166 35 79/1949)
1370 452 57 20 om
1448 444 314 39 trädgårdsunder-

261 476 201 39 visningens
486 478 190 29 ordnande.
700 479 120 38 Någon
844 479 205 40 förändring
1072 481 65 30 har
1161 482 203 39 härigenom
1388 483 76 30 icke
1487 484 124 31 inträtt
1636 487 128 29 beträf-

264 521 105 31 fande
387 522 341 39 arbetsuppgifterna
746 523 55 30 för
820 524 266 38 ifrågavarande
1104 526 252 38 byrådirektör.
1378 527 188 39 Tjänstens
1586 530 177 29 verksam-

261 561 221 30 hetsområde
522 563 65 29 har
628 563 147 29 sålunda
816 564 196 30 fastställts.
1055 565 48 30 På
1144 567 112 38 grund
1286 567 109 30 härav
1423 569 65 29 och
1516 571 80 28 med
1625 571 138 39 hänsyn

262 606 131 38 jämväl
412 606 52 30 till
482 607 367 39 trädgårdsodlingens
869 609 61 29 allt
950 610 108 29 större
1077 610 174 38 betydelse
1270 620 103 20 anser
1394 612 366 40 lantbruksstyrelsen,

261 647 51 28 att
330 646 156 38 tjänsten
504 656 47 20 nu
570 647 62 29 bör
651 648 195 39 uppflyttas
865 648 52 30 till
936 649 39 30 31
995 649 221 40 lönegraden.

303 714 126 30 Vidare
453 715 64 30 har
541 716 170 38 styrelsen
735 716 106 30 bland
865 719 108 28 annat
996 718 180 30 hemställt
1199 728 58 20 om
1280 720 131 39 ökning
1436 730 41 20 av
1501 722 157 39 anslaget
1682 724 79 29 med

260 764 94 31 7.375
376 765 130 30 kronor
527 766 55 29 för
602 767 196 29 förbättrad
817 767 314 40 befordringsgång
1152 769 55 29 för
1227 779 232 21 amanuenser
1478 773 80 28 med
1580 780 181 31 agronom-

258 824 155 21 examen.
444 816 177 39 Styrelsen
650 817 64 29 har
742 817 124 30 härvid
895 818 130 30 erinrat
1054 828 58 20 om
1141 821 51 27 att
1220 820 357 41 befordringsgången
1606 823 56 30 för
1692 826 69 37 sty-

258 867 132 29 relsens
419 869 358 38 amanuenspersonal
807 870 39 28 är
875 870 93 29 olika
996 870 171 30 beroende
1197 872 44 38 på
1270 881 57 20 om
1356 873 257 30 vederbörande
1643 875 114 39 avlagt

257 924 181 31 agronom-
457 917 83 29 eller
558 917 359 30 lantmäteriexamen.
937 919 66 29 För
1022 920 330 37 agronomutbildad
1369 930 194 22 amanuens
1581 922 176 42 tillämpas

256 966 311 31 bestämmelserna
588 967 12 29 i
620 967 21 30 4
664 968 15 36 $
705 968 14 29 1
744 976 105 21 mom.
871 969 38 34 b)
936 968 467 41 befordringskungörelsen.
1425 972 102 30 Detta
1548 973 146 31 innebär
1716 984 43 20 en

256 1017 313 40 befordringsgång
586 1017 80 30 från
683 1018 41 30 Cf
739 1019 37 29 17
794 1018 53 30 till
865 1019 43 30 Ce
923 1019 41 29 24
980 1020 111 30 under
1107 1029 43 20 en
1167 1020 49 30 tid
1232 1030 43 20 av
1291 1021 57 39 sju
1366 1022 65 29 och
1447 1024 48 28 ett
1512 1023 96 30 halvt
1624 1024 49 30 år.
1692 1026 66 29 För

256 1076 203 25 amanuens,
480 1077 77 20 som
577 1069 39 28 är
635 1069 219 34 lantmätare,
875 1069 176 40 tillämpas
1071 1070 68 30 den
1159 1070 11 29 i
1189 1071 19 29 4
1231 1071 15 37 $
1271 1072 14 29 1
1307 1081 105 20 mom.
1433 1073 35 34 a)
1493 1073 11 29 i
1523 1074 235 39 kungörelsen

256 1118 150 39 angivna
431 1118 367 41 befordringsgången.
826 1120 116 39 Enligt
968 1121 114 30 denna
1109 1123 38 28 är
1174 1122 431 41 begynnelseplaceringen
1632 1125 41 30 Cf
1704 1126 49 34 19,

256 1170 64 29 och
341 1169 189 30 befordran
555 1170 53 29 till
632 1170 42 30 Ce
698 1170 40 30 24
762 1171 137 39 uppnås
921 1171 87 29 efter
1030 1172 72 29 fem
1125 1173 57 29 års
1205 1173 120 38 tjänst.
1351 1174 175 39 Styrelsen
1548 1175 64 29 har
1635 1177 118 29 vidare

254 1219 128 30 anfört.

299 1277 241 39 Anledningen
560 1277 54 30 till
633 1278 50 29 att
704 1285 254 31 agronomerna
977 1278 139 30 erhållit
1135 1280 114 28 sämre
1268 1279 314 42 befordringsgång
1600 1283 46 29 än
1667 1283 88 30 lant-

249 1318 161 30 mätarna
429 1319 98 29 torde
549 1328 85 21 vara
654 1319 67 29 den
741 1321 50 27 att
811 1319 58 29 vid
890 1319 375 40 lantbruksstyrelsens
1286 1323 297 38 omorganisation
1605 1324 40 30 år
1668 1325 83 30 1948

254 1365 67 30 den
337 1365 106 39 högre
460 1365 359 39 befordringsgången
836 1367 109 28 redan
962 1366 222 40 tillämpades
1203 1367 54 30 för
1276 1368 402 42 rekryteringspersonal
1696 1372 58 30 vid

253 1407 329 30 lantmäteristaten.
613 1408 124 29 Därtill
767 1408 82 30 kom
880 1410 51 28 att
959 1409 106 39 enligt
1096 1409 403 40 departementschefens
1531 1414 180 30 uttalande
1741 1415 11 28 i

252 1458 98 31 prop.
377 1459 42 20 nr
445 1449 128 36 149/48
598 1450 221 30 beträffande
844 1450 456 32 lantbruksassistenternas
1326 1453 246 41 löneställning
1600 1456 153 30 särskild

253 1492 188 39 utredning
470 1492 106 29 borde
607 1492 61 29 ske
696 1492 178 39 angående
904 1493 502 39 anställningsförhållandena
1436 1496 55 30 för
1522 1496 231 41 befattnings-

253 1534 128 30 havare
406 1535 79 29 med
510 1542 316 31 agronomexamen
850 1534 97 30 inom
972 1535 359 40 statsförvaltningen.
1358 1537 64 30 Det
1446 1548 61 20 var
1530 1539 123 31 därför
1678 1541 75 38 tyd-

254 1576 91 39 ligen
366 1576 182 40 olämpligt
570 1577 50 29 att
642 1576 174 40 föregripa
838 1586 43 20 en
904 1577 108 30 sådan
1034 1578 189 39 utredning
1247 1586 124 31 genom
1393 1581 50 28 att
1465 1581 45 29 då
1532 1581 131 31 föreslå
1685 1583 67 29 den

252 1618 106 39 högre
377 1618 359 40 befordringsgången
756 1619 55 29 för
829 1626 264 31 agronomerna.
1112 1620 65 29 Det
1196 1629 102 30 synes
1318 1622 191 30 emellertid
1530 1623 76 30 icke
1625 1633 127 21 sanno-

252 1661 66 28 likt
339 1662 51 28 att
413 1670 43 20 en
478 1661 190 39 utredning
691 1661 112 29 skulle
827 1661 142 30 komma
992 1663 50 28 att
1066 1662 131 30 föreslå
1221 1663 113 29 sämre
1357 1663 315 42 befordringsgång
1697 1666 55 30 för

251 1703 403 40 rekryteringspersonal
675 1704 78 29 med
778 1711 315 31 agronomexamen
1115 1705 46 29 än
1183 1705 55 29 för
1259 1705 97 39 dylik
1377 1707 161 38 personal
1561 1708 79 29 med
1663 1708 89 30 lant-

251 1744 283 30 mäteriexamen.
557 1745 128 30 Därför
706 1746 90 28 talar
817 1745 108 30 bland
945 1748 107 27 annat
1074 1748 51 28 att
1147 1747 130 29 kraven
1301 1748 44 38 på
1369 1749 161 38 praktisk
1552 1750 199 40 utbildning

251 1787 75 29 före
345 1796 146 20 examen
510 1788 60 29 äro
590 1788 111 29 större
720 1787 55 29 för
794 1795 206 31 agronomer
1019 1789 45 28 än
1083 1789 56 29 för
1159 1789 219 30 lantmätare.
1398 1790 113 38 Några
1531 1792 219 39 principiella

250 1829 125 30 hinder
391 1838 105 30 synas
513 1829 150 30 sålunda
679 1830 30 39 ej
730 1830 118 38 längre
864 1829 132 31 behöva
1015 1831 54 29 stå
1084 1831 12 28 i
1114 1832 108 37 vägen
1242 1831 55 30 för
1315 1833 51 28 att
1383 1832 217 31 tillförsäkra
1616 1834 134 39 jämväl

250 1872 66 29 den
342 1871 349 39 agronomutbildade
718 1873 403 38 amanuenspersonalen
1147 1874 68 28 den
1240 1873 114 30 bättre
1380 1874 367 41 befordringsgången.

250 1914 175 38 Styrelsen
444 1913 113 30 skulle
576 1914 204 38 härigenom
800 1914 36 29 få
854 1914 182 39 möjlighet
1055 1916 51 28 att
1126 1915 124 30 avlöna
1270 1925 242 26 amanuenser,
1533 1927 75 20 som
1629 1919 119 29 arbeta

249 1956 44 39 på
310 1964 135 21 samma
461 1955 88 39 byrå
566 1956 80 29 med
666 1956 193 39 likvärdiga
877 1956 305 40 arbetsuppgifter,
1200 1957 88 30 efter
1308 1958 174 40 enhetliga
1500 1960 186 40 principer.

290 2031 98 30 Efter
412 2032 218 38 redogörelse
656 2032 54 29 för
735 2032 188 39 styrelsens
949 2032 301 40 framställningar
1275 2034 64 29 har
1363 2034 385 40 departementschefen

246 2083 118 29 anfört
383 2082 106 30 bland
509 2083 108 29 annat
637 2082 167 39 följande.

291 2133 87 29 >För
399 2132 274 39 genomförande
691 2142 42 20 av
752 2133 375 39 lantbruksstyrelsens
1148 2133 130 40 förslag
1297 2136 111 28 under
1427 2136 115 30 denna
1560 2137 115 39 punkt
1695 2146 53 30 sy-

249 2192 63 20 nas
330 2182 11 29 i
361 2182 88 30 flera
470 2182 62 30 fall
551 2182 152 29 bärande
724 2182 74 30 skäl
818 2182 45 30 ha
881 2182 146 29 anförts.
1048 2183 78 30 Med
1146 2183 136 39 hänsyn
1301 2183 52 30 till
1372 2185 57 29 det
1448 2185 153 32 rådande
1620 2187 127 29 ekono-

247 2234 115 28 miska
380 2233 89 39 läget
487 2242 103 21 anser
605 2233 61 39 jag
682 2232 71 39 mig
768 2232 193 30 emellertid
978 2233 75 30 icke
1073 2242 48 20 nu
1138 2233 121 30 kunna
1279 2234 175 39 tillstyrka
1472 2237 49 29 att
1539 2236 115 39 någon
1671 2246 76 30 per-

249 2284 343 40 sonalförstärkning
620 2284 82 28 eller
729 2282 252 40 lönereglering
1010 2283 89 30 skall
1128 2284 231 38 genomföras.
1387 2285 65 39 Jag
1478 2286 70 30 kan
1575 2286 31 40 ej
1637 2287 109 30 heller

246 2335 176 39 tillstyrka
447 2334 115 39 någon
587 2333 223 40 uppräkning
834 2343 43 20 av
900 2334 155 38 anslaget
1079 2334 57 29 för
1161 2334 193 30 avlönande
1380 2344 42 21 av
1444 2336 42 29 de
1509 2338 51 28 tre
1584 2337 162 31 kontors-

244 2386 159 29 biträden
420 2394 74 20 som
512 2384 161 30 anställts
691 2385 120 28 utöver
830 2384 67 29 den
914 2384 199 30 fastställda
1129 2385 291 39 personalplanen
1437 2386 56 30 för
1508 2386 237 33 innevarande
