1896 2800
526 151 389 36 Jordbruksutskottets
935 147 178 32 utlåtande
1133 155 43 21 nr
1197 145 28 29 1.
1590 138 38 30 27

484 245 50 28 att
551 240 188 39 riksdagen
756 237 59 30 må
831 236 53 30 till
902 234 150 38 Alnarps
1072 228 209 35 lantbruks-,
1300 225 138 40 mejeri-
1456 224 63 30 och
1539 222 92 31 träd-

437 291 263 43 gårdsinstitut:
737 286 197 41 Stipendier
958 293 45 20 m.
1029 292 45 20 m.
1101 280 121 31 anvisa
1248 280 48 28 ett
1321 276 121 39 anslag
1466 283 43 21 av
1534 272 97 31 9700

439 346 140 29 kronor.

173 485 98 33 34:0)
300 484 149 33 Alnarps
475 478 205 34 lantbruks-,
704 475 134 36 mejeri-
863 473 64 30 och
949 467 334 39 trädgårdsinstitut:
1311 460 324 39 Trädgårdsekono-

125 538 92 30 misk
238 536 96 36 byrå.
354 535 13 29 I
387 532 151 38 enlighet
557 530 78 31 med
654 528 124 38 Kungl.
801 525 120 38 Maj:ts
943 520 256 37 framställning
1220 518 108 30 under
1349 515 154 39 punkten
1524 511 39 31 35
1588 510 44 35 (s.

133 587 147 34 69—-71)
308 584 203 31 hemställer
534 580 180 32 utskottet,

490 634 50 28 att
557 631 188 38 riksdagen
763 628 58 30 må
838 627 53 29 till
908 625 151 38 Alnarps
1078 619 210 35 lantbruks-,
1307 615 138 41 mejeri-
1462 613 64 31 och
1546 611 92 31 träd-

444 676 262 50 gårdsinstitut:
753 671 408 45 Trädgårdsekonomisk
1207 668 84 40 byrå
1335 667 55 30 för
1433 658 205 49 budgetåret

449 733 147 35 1950/51
616 730 122 31 anvisa
757 730 49 29 ett
825 723 273 42 förslagsanslag
1116 730 42 21 av
1178 720 96 30 8500
1293 718 140 30 kronor.

176 873 97 35 35:0)
298 872 148 34 Alnarps
468 867 206 34 lantbruks-,
695 864 135 36 mejeri-
852 863 63 30 och
936 858 335 38 trädgårdsinstitut:
1295 854 129 31 Lokala
1444 850 194 38 trädgårds-

132 925 123 31 försök
283 923 64 30 och
375 922 91 29 fasta
494 917 216 32 försöksfält.
737 912 257 39 Tillstyrkande
1021 910 101 31 bifall
1151 909 54 30 till
1232 906 124 38 Kungl.
1384 903 121 38 Maj:ts
1534 902 105 29 fram-

138 973 167 40 ställning
330 972 111 29 under
464 969 159 40 punkten
648 967 41 30 36
719 966 43 34 (s.
789 964 57 34 71)
874 980 45 4 —
940 959 245 33 innefattande
1210 953 328 43 anslagsanvisning
1562 951 80 30 med

136 1023 207 30 oförändrat
362 1021 125 38 belopp
508 1036 45 4 —
573 1016 202 30 hemställer
796 1013 181 32 utskottet,

496 1072 50 28 att
584 1068 188 39 riksdagen
812 1065 57 30 må
906 1063 53 30 till
997 1061 151 39 Alnarps
1177 1056 210 36 lantbruks-,
1415 1053 138 41 mejeri-
1580 1051 64 31 och

454 1118 342 42 trädgårdsinstitut:
837 1113 132 32 Lokala
1012 1107 308 43 trädgårdsförsök
1361 1106 64 30 och
1454 1105 92 39 fasta
1576 1103 71 40 för-

452 1171 151 40 söksfält
632 1169 55 30 för
713 1165 206 41 budgetåret
949 1162 147 36 1950/51
1127 1160 122 31 anvisa
1277 1159 48 29 ett
1352 1155 295 32 reservationsan-

453 1223 74 39 slag
547 1231 42 21 av
610 1220 40 30 30
665 1219 63 30 000
749 1218 140 29 kronor.

187 1362 97 34 36:0)
304 1356 327 40 Specialgymnasiet
648 1355 56 29 för
722 1352 207 34 lantbruks-,
947 1349 136 36 mejeri-
1099 1348 65 30 och
1183 1343 323 39 skogsstuderande.
1527 1340 123 38 Kungl.

144 1413 125 40 Maj:ts
294 1409 262 38 framställning
579 1407 111 29 under
714 1404 160 40 punkten
898 1402 39 30 37
969 1401 42 34 (s.
1038 1399 146 34 71—72)
1214 1396 192 30 innefattar
1429 1403 43 21 en
1496 1393 155 38 anslags-

144 1463 188 39 anvisning
355 1471 42 21 av
420 1459 118 31 81700
561 1457 140 33 kronor,
724 1455 109 29 vilket
855 1453 123 38 belopp
1000 1451 81 29 med
1105 1448 96 30 8100
1227 1447 130 30 kronor
1380 1443 189 39 överstiger
1592 1451 60 20 an-

146 1515 185 38 visningen
359 1512 54 30 för
438 1508 238 32 innevarande
703 1504 180 40 budgetår.
911 1499 328 41 Anslagsökningen
1267 1498 38 29 är
1331 1497 11 29 i
1369 1493 187 31 huvudsak
1583 1492 70 29 för-

147 1565 129 31 anledd
300 1573 41 21 av
365 1564 50 29 att
438 1560 113 30 medel
574 1556 179 42 upptagits
778 1555 53 29 till
855 1552 151 31 arvoden
1031 1551 35 29 åt
1089 1550 114 29 lärare
1227 1547 58 30 vid
1310 1547 67 29 den
1401 1542 252 32 förberedande

148 1617 153 29 klassen.

195 1693 186 30 Utskottet.
408 1691 13 28 I
448 1688 151 39 enlighet
625 1686 79 30 med
731 1681 306 39 framställningen
1063 1676 203 31 hemställer
1295 1672 180 32 utskottet,

506 1740 50 28 att
574 1737 188 38 riksdagen
781 1733 58 31 må
857 1733 53 29 till
928 1725 335 46 Specialgymnasiet
1281 1724 56 40 för
1357 1719 208 36 lantbruks-,
1586 1726 70 21 me-

461 1789 82 40 jeri-
564 1788 63 30 och
649 1782 319 43 skogsstuderande
990 1780 55 30 för
1065 1775 206 41 budgetåret
1294 1772 147 36 1950/51
1466 1769 121 31 anvisa
1608 1768 49 29 ett

463 1837 274 40 förslagsanslag
764 1844 42 21 av
834 1832 117 31 81700
978 1831 141 29 kronor.

197 1977 97 34 37:0)
321 1974 195 32 Understöd
540 1973 34 29 åt
597 1963 516 39 lanthushållningsseminariet
1137 1963 19 28 å
1181 1960 185 30 Rimforsa.
1391 1956 123 37 Kungl.
1539 1950 122 45 Maj:ts

153 2028 133 38 förslag
306 2026 110 29 under
434 2023 159 40 punkten
613 2021 41 29 38
680 2021 43 32 (s.
745 2017 146 33 72—74)
918 2015 145 30 innebär
1084 2013 10 28 i
1114 2009 222 33 förhållande
1356 2008 53 30 till
1430 2005 229 39 anvisningen

156 2080 54 30 för
236 2076 238 32 innevarande
500 2072 169 40 budgetår
695 2081 43 20 en
765 2067 224 42 uppräkning
1016 2075 42 20 av
1084 2064 157 38 anslaget
1268 2061 78 30 med
1376 2058 39 31 14
1429 2058 63 30 900
1519 2057 141 29 kronor.

158 2130 185 38 Ökningen
371 2128 101 29 beror
498 2125 72 30 dels
595 2123 45 40 på
665 2123 51 29 att
741 2119 195 38 ersättning
961 2116 89 31 skall
1077 2113 83 41 utgå
1185 2112 53 30 till
1265 2110 242 41 speciallärare
1532 2108 12 28 i
1569 2106 93 29 vissa

157 2181 140 32 ämnen,
318 2179 13 29 i
354 2177 95 29 vilka
472 2176 67 29 den
563 2172 174 30 ordinarie
763 2164 387 42 lärarinnepersonalen
1174 2162 75 30 icke
1274 2162 71 29 kan
1369 2157 196 33 undervisa,
1590 2155 73 30 dels

159 2231 45 39 på
241 2231 50 29 att
328 2228 157 37 bidraget
522 2225 51 29 till
612 2221 219 31 seminariets
867 2215 280 33 driftkostnader
1174 2212 90 30 skall
1290 2210 173 30 beräknas
1490 2207 106 38 enligt
1623 2206 41 28 de

160 2280 163 39 grunder,
353 2287 75 20 som
456 2285 47 20 nu
532 2275 177 37 tillämpas
739 2271 54 29 för
823 2270 40 29 de
893 2263 328 34 statsunderstödda
1250 2256 414 35 lanthushållsskolorna.

162 2329 244 30 Kostnaderna
425 2325 122 30 härför
566 2322 209 40 uppskattas
795 2320 52 29 till
867 2315 195 41 respektive
1084 2314 18 29 2
1117 2312 63 30 875
1201 2311 64 29 och
1288 2310 38 29 12
1342 2308 62 30 040
1425 2308 139 28 kronor.

208 2405 186 30 Utskottet.
413 2401 177 31 Utskoltel
608 2399 63 29 har
688 2397 77 30 icke
784 2396 113 38 någon
915 2394 140 29 erinran
1074 2392 72 29 mot
1166 2387 306 38 framställningen
1491 2384 63 30 och
1572 2383 96 29 hem-

163 2456 120 30 ställer
310 2453 233 40 följaktligen,
