1852 2786
227 154 40 29 42

273 240 51 31 Då
341 241 42 35 vi,
403 240 113 31 såsom
535 240 10 30 i
563 241 55 29 det
635 239 207 40 föregående
860 239 176 39 påpekats,
1055 238 119 30 erfarit
1193 241 48 27 att
1259 236 456 40 författningsutredningen

227 295 185 38 överväger
433 298 49 26 att
503 294 284 30 rekommendera
809 296 48 27 att
879 293 201 38 riksdagens
1103 292 130 29 utskott
1254 291 10 29 i
1286 300 41 20 en
1350 290 144 30 framtid
1516 289 88 30 skall
1626 298 87 20 sam-

227 349 183 29 manträda
429 349 127 29 mellan
575 348 224 34 sessionerna,
820 347 64 29 har
904 346 33 29 vi
955 349 109 27 ansett
1085 355 54 20 oss
1158 345 84 29 böra
1262 348 79 35 taga
1361 343 161 39 ställning
1541 342 105 31 också
1665 342 49 29 till

228 400 123 39 frågan
374 402 68 29 hur
465 402 153 38 reglerna
641 411 57 19 om
722 399 310 38 riksdagsarvoden
1056 398 33 31 åt
1113 398 198 34 ledamöter,
1336 406 75 20 som
1434 397 136 38 uppbär
1594 396 57 29 lön
1675 400 43 34 på

229 456 111 37 grund
357 465 42 20 av
416 454 209 39 anställning
643 455 9 29 i
670 455 129 29 allmän
816 454 106 38 tjänst
939 463 43 20 m.
1001 463 55 25 m.,
1074 453 10 29 i
1101 452 123 30 sådant
1241 451 61 29 fall
1319 451 63 29 bör
1398 450 183 39 tillämpas.
1601 449 116 30 Skulle

227 507 108 31 sådan
358 508 351 38 befattningshavare,
734 517 73 21 som
832 506 174 39 samtidigt
1029 507 38 29 är
1090 505 250 38 riksdagsman,
1365 504 136 38 deltaga
1524 503 9 29 i
1556 503 161 30 utskotts-

228 563 258 29 sammanträde
511 563 127 29 mellan
664 561 224 35 sessionerna,
914 561 64 30 bör
1002 561 78 35 han,
1108 570 57 20 om
1191 560 69 29 han
1286 558 152 39 åtnjuter
1463 557 256 40 tjänstledighet

227 617 79 30 med
322 617 210 38 löneavdrag
549 615 80 31 från
647 616 52 29 sin
717 616 106 38 tjänst
840 615 56 30 för
913 618 48 26 att
979 615 119 29 kunna
1115 614 135 38 deltaga
1269 614 9 29 i
1297 612 291 34 utskottsarbetet,
1607 610 110 30 under

229 671 42 29 de
292 671 107 38 dagar
420 670 301 38 tjänstledigheten
742 669 166 30 omfattar
929 669 156 38 uppbära
1108 667 286 39 riksdagsarvode
1417 669 84 26 utan
1522 665 193 30 reduktion.

228 725 75 29 Kan
317 725 71 29 han
402 724 121 30 förena
537 724 280 30 utskottsarbetet
831 723 80 29 med
925 722 52 30 sin
991 722 115 39 tjänst,
1120 722 63 29 bör
1197 722 92 29 detta
1303 730 42 20 av
1359 719 179 40 praktiska
1553 718 75 30 skäl
1642 718 74 29 icke

229 778 181 30 föranleda
427 777 115 40 någon
560 777 147 39 ändring
724 777 10 29 i
753 777 163 38 avdraget
934 775 44 40 på
995 775 141 30 arvodet
1160 774 74 38 (750
1253 774 130 30 kronor
1401 783 60 29 per
1478 771 155 39 månad).

275 831 48 30 De
346 831 196 38 föreslagna
564 831 155 38 reglerna
741 831 55 30 för
816 830 170 30 anställda
1009 830 9 29 i
1041 830 130 29 allmän
1191 828 107 39 tjänst
1319 837 44 20 m.
1387 836 44 22 m.
1455 826 158 29 kommer
1634 825 84 29 även

230 889 48 26 att
294 885 48 30 bli
358 885 204 39 tillämpliga
578 884 45 40 på
639 884 350 38 riksdagsledamöter
1004 893 74 20 som
1095 881 175 39 samtidigt
1287 882 39 28 är
1342 879 157 31 statsråd.
1519 880 48 29 De
1584 878 136 30 medför

229 940 9 28 i
253 939 200 39 jämförelse
468 939 79 30 med
561 948 48 20 nu
625 939 157 38 gällande
798 938 109 38 regler
922 937 101 39 ingen
1038 936 166 38 väsentlig
1220 935 147 38 ändring
1383 935 10 29 i
1409 935 99 29 deras
1524 933 192 31 ekonomis-

229 994 45 29 ka
299 993 173 38 ställning.
500 992 114 39 Enligt
641 991 60 31 vår
725 992 140 38 mening
892 991 69 29 kan
987 990 89 30 dock
1102 990 76 29 skäl
1204 989 142 30 anföras
1372 992 72 26 mot
1471 991 49 26 att
1547 987 170 37 riksdags-

231 1046 126 30 arvode
379 1045 101 40 utgår
499 1047 49 29 till
570 1045 158 30 statsråd.
752 1044 276 31 Statsrådslönen
1048 1044 107 29 borde
1177 1051 163 31 avpassas
1362 1041 38 30 så
1420 1045 49 26 att
1491 1041 65 29 den
1578 1048 58 30 ger
1658 1040 63 29 full

231 1099 266 38 kompensation
516 1100 55 29 för
589 1100 78 29 hela
686 1100 55 29 det
760 1099 116 29 arbete
896 1102 46 26 ett
961 1097 147 30 statsråd
1127 1096 103 30 utför.
1251 1096 49 29 Av
1319 1095 93 30 detta
1430 1095 102 37 utgör
1550 1094 170 37 riksdags-

232 1153 129 30 arbetet
384 1163 42 20 en
448 1154 134 29 normal
604 1153 63 30 del.
692 1153 74 29 Den
788 1162 47 20 nu
858 1151 200 39 tillämpade
1079 1149 192 40 ordningen
1294 1149 128 39 skapar
1443 1149 86 28 även
1551 1156 42 21 en
1616 1148 106 28 större

232 1206 149 31 skillnad
407 1207 10 29 i
443 1206 349 30 inkomsthänseende
818 1205 127 30 mellan
971 1204 156 35 statsråd,
1155 1213 74 21 som
1255 1204 39 29 är
1319 1203 228 30 medlemmar
1571 1211 42 20 av
1639 1202 83 29 riks-

233 1260 120 38 dagen,
371 1262 66 28 och
454 1260 117 39 övriga
588 1259 148 31 statsråd
753 1261 44 28 än
814 1269 74 20 som
907 1268 99 29 synes
1022 1257 162 39 betingad
1201 1267 42 20 av
1259 1257 176 29 olikheten
1452 1256 10 29 i
1479 1256 98 29 deras
1594 1256 126 29 arbets-

232 1314 117 30 börda.
379 1314 68 30 För
473 1313 147 31 statsråd
647 1314 64 29 har
735 1313 130 30 arbetet
892 1313 10 29 i
929 1313 171 38 egenskap
1127 1320 42 20 av
1195 1310 310 38 riksdagsledamot
1532 1309 192 39 begränsad

233 1367 219 39 omfattning.
476 1368 62 29 Det
559 1367 118 38 skiljer
697 1367 49 37 sig
766 1367 72 29 ofta
859 1366 81 39 föga
960 1365 78 30 från
1059 1366 65 29 den
1145 1363 304 40 arbetsprestation
1470 1361 158 36 statsråd,
1650 1371 73 21 som

234 1421 74 31 icke
325 1423 39 28 är
381 1421 357 38 riksdagsledamöter,
758 1421 63 29 har
838 1424 49 25 att
904 1419 148 38 fullgöra
1071 1419 8 29 i
1099 1418 192 38 riksdagen.
1312 1418 51 29 Då
1380 1417 114 29 denna
1511 1415 98 39 fråga
1627 1416 95 29 torde

234 1475 88 38 ligga
344 1475 143 29 utanför
509 1474 73 30 vårt
604 1474 166 38 egentliga
795 1473 167 39 uppdrag.
986 1474 63 28 har
1071 1472 32 29 vi
1126 1471 74 30 icke
1223 1471 88 30 velat
1333 1470 43 38 gå
1397 1470 118 38 längre
1537 1470 44 29 än
1604 1469 50 29 till
1676 1473 45 25 all

234 1529 123 30 anföra
371 1530 99 29 dessa
485 1529 177 29 allmänna
676 1528 224 38 synpunkter.

280 1583 12 29 I
323 1581 263 39 tillämpningen
616 1581 69 29 kan
716 1580 89 30 vissa
835 1580 155 39 problem
1020 1578 134 40 uppstå,
1185 1579 44 30 bl.
1249 1589 29 19 a.
1311 1579 7 28 i
1350 1578 41 30 de
1421 1578 61 29 fall
1512 1577 44 30 då
1585 1578 138 38 tjänste-

236 1647 81 20 man
338 1640 53 26 tar
413 1636 134 39 partiell
568 1635 149 38 ledighet
739 1633 80 31 från
841 1634 53 30 sin
916 1633 104 39 tjänst
1043 1633 55 30 för
1121 1636 48 27 att
1192 1633 98 30 sköta
1313 1632 57 30 sitt
1394 1631 327 39 riksdagsuppdrag.

236 1691 62 29 Det
319 1690 64 30 bör
404 1690 188 29 ankomma
613 1687 46 40 på
680 1687 334 39 kanslideputerade,
1037 1686 110 30 tillika
1169 1686 80 29 med
1270 1686 206 29 kamrarnas
1499 1685 141 34 talmän,
1664 1687 57 27 att.

235 1744 78 29 med
332 1744 77 29 stöd
427 1753 42 20 av
489 1743 65 29 den
572 1742 9 29 i
600 1742 146 38 stadgan
765 1751 56 20 om
841 1740 189 39 ersättning
1049 1740 54 30 för
1122 1739 502 39 riksdagsmannauppdragets
1646 1737 76 30 full-

236 1798 150 38 görande
407 1797 101 38 givna
528 1795 251 39 befogenheten
801 1798 48 27 att
869 1794 158 30 meddela
1049 1794 40 29 de
1110 1794 160 28 närmare
1291 1792 258 30 bestämmelser
1571 1801 74 20 som
1667 1801 56 19 ma

235 1851 174 30 erfordras
427 1850 56 30 för
499 1849 262 39 tillämpningen
779 1858 41 20 av
839 1848 162 38 stadgans
1018 1848 108 38 regler
1143 1845 178 40 angående
1338 1845 311 39 riksdagsarvodet,
1668 1845 54 28 be-

237 1906 148 29 stämma
404 1905 68 29 hur
491 1904 55 30 det
565 1904 10 29 i
595 1902 131 31 sådana
746 1902 61 30 fall
827 1902 88 30 skall
934 1901 159 30 förfaras.

281 1958 73 30 Vad
380 1958 41 30 de
445 1958 196 38 föreslagna
666 1956 306 30 bestämmelserna
997 1964 55 20 om
1079 1954 159 38 förening
1264 1963 41 20 av
1332 1952 288 39 riksdagsarvode
1646 1951 77 30 med

235 2011 58 30 lön
309 2011 146 30 innebär
472 2011 9 29 i
499 2009 262 39 tillämpningen
778 2009 133 38 belyses
929 2009 65 29 vad
1010 2006 170 31 beträffar
1197 2006 296 39 statstjänstemän
1511 2005 10 29 i
1540 2005 185 29 tabellerna

238 2064 38 29 16
290 2065 97 30 a—d.
414 2064 80 30 Som
518 2062 247 39 förutsättning
789 2062 55 30 för
866 2060 278 39 beräkningarna
1169 2060 65 29 har
1256 2058 149 39 antagits
1429 2062 49 26 att
1502 2058 224 37 riksdagsses-

238 2120 112 29 sioner
371 2118 108 39 pågår
499 2118 109 30 under
630 2117 54 38 sju
705 2116 167 30 månader
893 2125 43 20 av
957 2114 80 31 året.

239 2312 33 31 7.
300 2311 238 30 Talmännens
562 2308 427 40 representationsbidrag

283 2385 48 29 De
347 2384 203 30 nuvarande
566 2382 456 40 representationsbidragen
1039 2381 79 30 med
1134 2382 18 28 5
1167 2381 63 29 000
1247 2381 128 29 kronor
1392 2379 54 31 för
1464 2379 37 30 år
1519 2379 208 30 fastställdes

242 2439 90 29 1949.
354 2437 79 30 Med
452 2438 136 38 hänsyn
606 2436 51 30 till
675 2434 533 41 penningvärdesförsämringen
1226 2434 63 29 bör
1309 2433 99 30 dessa
1427 2433 211 38 uppräknas,
1658 2431 68 30 för-

239 2491 142 39 slagsvis
403 2491 50 29 till
474 2492 19 29 8
507 2491 63 30 000
591 2491 129 29 kronor
740 2499 60 29 per
822 2488 47 31 år.
