2184 2586
749 172 103 32 Stats-
861 171 167 33 Utskottets
1058 170 174 33 Utlåtande
1256 170 63 32 N:o
1347 170 47 30 12.
1792 168 39 31 21

797 251 33 49 a)
876 255 58 32 att
977 250 100 36 Herr
1117 250 36 36 J.
1185 249 234 37 Rundbäcks
1446 249 255 37 förevarande
1731 248 145 38 motion

663 304 88 36 icke
781 306 61 32 må
872 303 42 36 af
938 302 226 47 Riksdagen
1194 301 169 45 bifallas;
1396 308 100 29 samt

795 354 37 49 b)
877 360 56 31 att
968 354 237 48 Riksdagen,
1241 353 87 36 med
1356 353 109 36 bifall
1490 353 57 36 till
1575 352 101 37 Herr
1703 353 41 36 P.
1776 352 101 36 Zim-

663 407 112 36 dahls
805 406 158 47 motion,
1003 408 60 34 må
1092 405 150 37 besluta
1271 410 66 42 att,
1368 410 94 31 utan
1491 404 198 48 rubbning
1717 404 13 36 i
1759 404 118 49 öfrigt

663 459 42 36 af
730 472 52 22 nu
810 458 181 48 gällande
1036 457 289 37 bestämmelser
1362 457 166 36 rörande
1565 456 65 36 vid
1661 456 216 36 småskolor

663 510 177 36 anstälde
869 510 145 36 lärares
1044 509 72 36 och
1145 509 235 36 lärarinnors
1411 509 184 48 aflöning,
1622 513 128 31 staten
1776 507 100 36 skall

662 563 84 35 från
775 562 72 36 och
876 562 88 36 med
995 562 97 35 1887
1138 564 60 32 års
1241 561 136 48 början
1402 560 59 36 till
1490 561 114 35 dessa
1633 560 145 35 lärares
1804 559 72 36 och

662 614 237 36 lärarinnors
943 613 173 47 aflöning
1158 612 162 49 bidraga
1363 612 86 36 med
1483 614 66 33 två
1577 611 233 48 tredjedelar
1838 610 43 36 af

660 666 77 36 den
767 666 188 35 kontanta
985 664 223 48 aflöningen
1236 664 100 36 intill
1366 668 56 31 ett
1443 663 233 48 lönebelopp
1701 662 41 36 af
1757 662 117 49 högst

660 719 76 35 300
766 718 145 35 kronor
952 717 71 35 och
1067 716 59 35 för
1159 715 249 49 tillämpning
1438 715 42 35 af
1499 715 107 36 detta
1635 714 127 37 beslut
1790 713 84 36 från

661 769 72 36 och
776 768 88 36 med
909 771 40 33 år
995 769 95 35 1887
1135 767 89 48 höja
1270 766 350 49 förslagsanslaget
1666 765 61 36 till
1768 765 106 36 löne-

661 820 169 36 tillskott
873 822 38 33 åt
940 819 123 36 lärare
1093 819 64 35 vid
1191 818 211 37 folkskolor
1432 818 72 36 och
1542 817 216 37 småskolor
1786 817 88 36 med

662 873 167 45 265,000
877 871 153 46 kronor,
1081 870 92 36 eller
1220 870 84 36 från
1359 871 210 47 2,880,000
1617 869 144 36 kronor
1816 868 57 36 till

661 924 206 46 3,145,000
897 923 152 35 kronor.

830 1075 18 33 V
864 1074 434 41 eterinärundervisningen.

386 1184 97 34 23:0o.
540 1182 248 36 Beträffande
817 1180 468 48 veterinärinrättningen
1315 1179 12 36 i
1353 1178 123 37 Skara
1506 1178 126 48 hafva,
1654 1178 122 48 jemte
1806 1176 65 37 det

256 1234 143 48 Kongl.
443 1233 108 48 Maj:t
596 1233 60 36 till
698 1232 288 50 uppehållande
1029 1232 41 35 af
1108 1231 337 47 undervisningen
1494 1229 67 36 vid
1602 1229 268 48 inrättningen

255 1286 113 37 äskat
396 1290 55 31 ett
480 1292 100 29 extra
619 1285 139 48 anslag
796 1284 59 36 för
884 1287 40 32 år
961 1285 97 34 1887
1089 1283 43 35 af
1172 1284 137 42 12,900
1335 1282 155 46 kronor,
1520 1281 171 48 följande
1721 1280 149 47 förslag

253 1337 130 38 blifvit
412 1336 66 36 vid
507 1337 263 35 innevarande
799 1335 162 48 riksdag
989 1334 241 36 framstälda:

383 1388 42 36 af
452 1388 98 36 Herr
579 1388 36 35 J.
645 1388 50 36 H.
727 1387 42 37 G.
800 1388 207 45 Fredholm,
1038 1386 161 36 hvilken
1228 1385 13 36 i
1270 1399 48 22 en
1346 1384 106 36 inom
1481 1384 133 36 Andra
1634 1384 235 35 Kammaren

252 1440 117 37 väckt
398 1439 145 37 motion
573 1440 87 45 (N:o
690 1439 63 48 25)
784 1438 194 47 hemstält,
1011 1443 55 30 att
1094 1437 227 48 Riksdagen
1349 1436 203 48 behagade
1580 1435 165 36 besluta:

383 1497 69 41 att,
482 1491 47 36 då
557 1491 47 36 de
632 1490 224 36 nuvarande
886 1489 179 36 eleverna
1108 1489 64 35 vid
1212 1487 465 48 veterinärinrättningen
1705 1486 14 35 i
1748 1485 121 37 Skara

253 1543 160 37 afslutat
442 1543 74 35 den
545 1543 59 35 för
629 1543 87 35 dem
748 1541 200 37 bestämda
990 1540 188 47 lärokurs,
1222 1539 271 47 inrättningen
1536 1538 100 36 skall
1677 1536 191 37 ombildas

252 1595 59 36 till
340 1607 47 23 en
417 1594 230 48 fullständig
677 1592 339 49 hofbeslagsskola
1045 1592 59 35 för
1132 1590 226 37 utbildande
1388 1591 42 35 af
1453 1589 114 36 civila
1602 1589 72 36 och
1702 1588 167 36 militära

252 1646 240 49 hofslagare;

409 1703 56 30 att
494 1697 68 36 der
603 1696 239 37 fortfarande
888 1698 117 33 måtte
1048 1694 248 37 underhållas
1340 1707 48 23 en
1427 1692 353 50 sjukvårdsanstalt
1809 1692 60 36 för

251 1750 174 48 husdjur,
456 1749 158 36 hvarest
641 1748 165 49 lämplig
835 1747 181 49 praktisk
1044 1746 287 47 undervisning
1358 1745 13 35 i
1390 1745 243 47 behandling
1653 1744 42 35 af
1710 1743 157 36 enklare

252 1802 199 36 åkommor
488 1800 71 36 hos
602 1800 214 48 husdjuren
859 1798 202 37 lemnades
1100 1801 38 32 åt
1182 1798 97 46 dem,
1324 1810 82 23 som
1449 1796 93 36 ville
1577 1796 63 47 sig
1670 1795 111 36 deraf
1800 1794 65 36 be-

249 1866 148 36 gagna;
425 1852 71 36 och

382 1909 56 31 att
480 1903 59 36 till
580 1902 202 37 underhåll
816 1902 42 35 af
883 1901 266 49 inrättningen
1183 1900 87 36 med
1299 1900 169 36 nämnda
1497 1898 235 49 omfattning
1760 1899 105 47 finge

251 1956 199 37 användas
475 1955 225 36 inkomsten
730 1954 41 36 af
796 1953 289 48 Hernqvistska
1104 1952 235 36 donationen
1356 1952 71 36 och
1447 1952 66 35 det
1533 1950 42 36 af
1591 1950 42 36 C.
1654 1950 46 37 U.
1721 1949 143 48 Uggla,

250 2009 45 36 A.
322 2006 240 38 Hellstadius
605 2007 71 36 och
719 2005 212 49 Thunberg
960 2018 49 22 m.
1039 2005 35 35 fl.
1119 2004 177 36 lemnade
1324 2002 160 50 kapital,
1521 2002 132 35 vidare
1687 2001 179 36 arrende-

251 2059 153 37 medlen
429 2058 42 36 af
495 2064 148 30 statens
683 2058 192 48 egendom
901 2056 224 49 Brogården
1158 2055 71 36 och
1260 2056 102 35 hvad
1391 2055 42 35 af
1458 2068 52 22 nu
1538 2052 198 49 utgående
1765 2053 100 36 ordi-

249 2112 107 36 narie
386 2110 240 47 statsanslag
654 2109 129 36 kunde
811 2109 177 36 befinnas
1014 2106 261 49 erforderligt;

380 2168 100 31 samt
505 2161 58 37 till
600 2160 468 47 veterinärinrättningen
1110 2159 11 35 i
1153 2158 119 36 Skara
1304 2162 20 33 å
1353 2163 108 31 extra
1496 2161 78 32 stat
1603 2156 59 35 för
1695 2158 40 33 år
1767 2157 95 35 1887

250 2214 143 50 bevilja
423 2220 55 31 ett
506 2213 138 49 anslag
673 2212 41 36 af
741 2214 138 43 12,400
909 2212 158 43 kronor;

380 2266 42 36 af
459 2266 144 36 Herrar
646 2266 42 34 ÅA.
736 2264 63 36 Th.
849 2262 190 37 Wallenius
1083 2275 47 22 m.
1176 2262 48 46 fl.,
1269 2260 134 36 hvilka
1445 2259 12 36 i
1503 2272 48 23 en
1592 2258 105 37 inom
1727 2259 137 36 Första

249 2317 233 37 Kammaren
512 2317 115 36 väckt
658 2315 144 37 motion
834 2315 85 49 (N:o
949 2316 63 46 23)
1034 2313 213 48 föreslagit,
1271 2318 56 30 att
1349 2311 223 48 Riksdagen
1589 2310 90 37 ville
1695 2310 167 37 besluta:

1899 1182 71 32 Ang.
1990 1180 95 26 veteri-

1888 1216 208 25 närnrättnin-

1887 1258 55 24 gen
1960 1250 11 25 i
1994 1249 100 27 Skara.

1948 1286 91 46 [61].
