<?xml version="1.0" encoding="UTF-8"?>
<alto xmlns="http://www.loc.gov/standards/alto/ns-v3#" xmlns:xlink="http://www.w3.org/1999/xlink" xmlns:xsi="http://www.w3.org/2001/XMLSchema-instance" xsi:schemaLocation="http://www.loc.gov/standards/alto/ns-v3# http://www.loc.gov/alto/v3/alto-3-0.xsd">
	<Description>
		<MeasurementUnit>pixel</MeasurementUnit>
		<sourceImageInformation>
			<fileName>/tmp/tess_gli_1zs__input.PNG</fileName>
		</sourceImageInformation>
		<OCRProcessing ID="OCR_0">
			<ocrProcessingStep>
				<processingSoftware>
					<softwareName>tesseract 5.3.0</softwareName>
				</processingSoftware>
			</ocrProcessingStep>
		</OCRProcessing>
	</Description>
	<Layout>
		<Page WIDTH="2184" HEIGHT="2585" PHYSICAL_IMG_NR="0" ID="page_0">
			<PrintSpace HPOS="0" VPOS="0" WIDTH="2184" HEIGHT="2585">
				<ComposedBlock ID="cblock_0" HPOS="743" VPOS="163" WIDTH="1082" HEIGHT="34">
					<TextBlock ID="block_0" HPOS="743" VPOS="163" WIDTH="1082" HEIGHT="34">
						<TextLine ID="line_0" HPOS="743" VPOS="163" WIDTH="1082" HEIGHT="34">
							<String ID="string_0" HPOS="743" VPOS="163" WIDTH="102" HEIGHT="32" WC="0.90" CONTENT="Stats-"/><SP WIDTH="14" VPOS="163" HPOS="845"/>
							<String ID="string_1" HPOS="859" VPOS="159" WIDTH="179" HEIGHT="46" WC="0.95" CONTENT="Utskottets"/><SP WIDTH="15" VPOS="159" HPOS="1038"/>
							<String ID="string_2" HPOS="1053" VPOS="163" WIDTH="175" HEIGHT="34" WC="0.95" CONTENT="Utlåtande"/><SP WIDTH="22" VPOS="163" HPOS="1228"/>
							<String ID="string_3" HPOS="1250" VPOS="164" WIDTH="65" HEIGHT="32" WC="0.95" CONTENT="N:o"/><SP WIDTH="23" VPOS="164" HPOS="1315"/>
							<String ID="string_4" HPOS="1338" VPOS="166" WIDTH="54" HEIGHT="29" WC="0.95" CONTENT="12."/><SP WIDTH="391" VPOS="166" HPOS="1392"/>
							<String ID="string_5" HPOS="1783" VPOS="165" WIDTH="42" HEIGHT="31" WC="0.96" CONTENT="29"/>
						</TextLine>
					</TextBlock>
				</ComposedBlock>
				<ComposedBlock ID="cblock_1" HPOS="250" VPOS="242" WIDTH="1623" HEIGHT="361">
					<TextBlock ID="block_1" HPOS="250" VPOS="242" WIDTH="1623" HEIGHT="361">
						<TextLine ID="line_1" HPOS="251" VPOS="242" WIDTH="1618" HEIGHT="52">
							<String ID="string_6" HPOS="251" VPOS="244" WIDTH="155" HEIGHT="48" WC="0.96" CONTENT="kronor,"/><SP WIDTH="45" VPOS="244" HPOS="406"/>
							<String ID="string_7" HPOS="451" VPOS="245" WIDTH="41" HEIGHT="37" WC="0.96" CONTENT="af"/><SP WIDTH="37" VPOS="245" HPOS="492"/>
							<String ID="string_8" HPOS="529" VPOS="244" WIDTH="160" HEIGHT="37" WC="0.96" CONTENT="hvilken"/><SP WIDTH="42" VPOS="244" HPOS="689"/>
							<String ID="string_9" HPOS="731" VPOS="243" WIDTH="224" HEIGHT="37" WC="0.92" CONTENT="institution"/><SP WIDTH="35" VPOS="243" HPOS="955"/>
							<String ID="string_10" HPOS="990" VPOS="243" WIDTH="75" HEIGHT="36" WC="0.96" CONTENT="den"/><SP WIDTH="33" VPOS="243" HPOS="1065"/>
							<String ID="string_11" HPOS="1098" VPOS="256" WIDTH="52" HEIGHT="22" WC="0.96" CONTENT="nu"/><SP WIDTH="29" VPOS="256" HPOS="1150"/>
							<String ID="string_12" HPOS="1179" VPOS="242" WIDTH="298" HEIGHT="48" WC="0.95" CONTENT="ifrågavarande"/><SP WIDTH="30" VPOS="242" HPOS="1477"/>
							<String ID="string_13" HPOS="1507" VPOS="257" WIDTH="80" HEIGHT="36" WC="0.96" CONTENT="nya"/><SP WIDTH="29" VPOS="257" HPOS="1587"/>
							<String ID="string_14" HPOS="1616" VPOS="245" WIDTH="253" HEIGHT="49" WC="0.95" CONTENT="afdelningen"/>
						</TextLine>
						<TextLine ID="line_2" HPOS="250" VPOS="294" WIDTH="1620" HEIGHT="40">
							<String ID="string_15" HPOS="250" VPOS="300" WIDTH="174" HEIGHT="33" WC="0.96" CONTENT="närmast"/><SP WIDTH="45" VPOS="300" HPOS="424"/>
							<String ID="string_16" HPOS="469" VPOS="302" WIDTH="41" HEIGHT="31" WC="0.96" CONTENT="är"/><SP WIDTH="41" VPOS="302" HPOS="510"/>
							<String ID="string_17" HPOS="551" VPOS="301" WIDTH="56" HEIGHT="31" WC="0.96" CONTENT="att"/><SP WIDTH="43" VPOS="301" HPOS="607"/>
							<String ID="string_18" HPOS="650" VPOS="308" WIDTH="92" HEIGHT="24" WC="0.96" CONTENT="anse"/><SP WIDTH="43" VPOS="308" HPOS="742"/>
							<String ID="string_19" HPOS="785" VPOS="298" WIDTH="128" HEIGHT="33" WC="0.96" CONTENT="såsom"/><SP WIDTH="45" VPOS="298" HPOS="913"/>
							<String ID="string_20" HPOS="958" VPOS="308" WIDTH="48" HEIGHT="22" WC="0.94" CONTENT="en"/><SP WIDTH="35" VPOS="308" HPOS="1006"/>
							<String ID="string_21" HPOS="1041" VPOS="295" WIDTH="58" HEIGHT="36" WC="0.96" CONTENT="för"/><SP WIDTH="29" VPOS="295" HPOS="1099"/>
							<String ID="string_22" HPOS="1128" VPOS="294" WIDTH="169" HEIGHT="37" WC="0.96" CONTENT="tillfället"/><SP WIDTH="28" VPOS="294" HPOS="1297"/>
							<String ID="string_23" HPOS="1325" VPOS="295" WIDTH="183" HEIGHT="36" WC="0.96" CONTENT="utbruten"/><SP WIDTH="30" VPOS="295" HPOS="1508"/>
							<String ID="string_24" HPOS="1538" VPOS="296" WIDTH="71" HEIGHT="36" WC="0.94" CONTENT="del."/><SP WIDTH="59" VPOS="296" HPOS="1609"/>
							<String ID="string_25" HPOS="1668" VPOS="298" WIDTH="202" HEIGHT="36" WC="0.92" CONTENT="Utskottet"/>
						</TextLine>
						<TextLine ID="line_3" HPOS="250" VPOS="346" WIDTH="1619" HEIGHT="51">
							<String ID="string_26" HPOS="250" VPOS="347" WIDTH="218" HEIGHT="39" WC="0.96" CONTENT="föreställer"/><SP WIDTH="30" VPOS="347" HPOS="468"/>
							<String ID="string_27" HPOS="498" VPOS="349" WIDTH="61" HEIGHT="47" WC="0.96" CONTENT="sig"/><SP WIDTH="25" VPOS="349" HPOS="559"/>
							<String ID="string_28" HPOS="584" VPOS="347" WIDTH="139" HEIGHT="47" WC="0.96" CONTENT="derför,"/><SP WIDTH="30" VPOS="347" HPOS="723"/>
							<String ID="string_29" HPOS="753" VPOS="352" WIDTH="57" HEIGHT="31" WC="0.96" CONTENT="att"/><SP WIDTH="28" VPOS="352" HPOS="810"/>
							<String ID="string_30" HPOS="838" VPOS="348" WIDTH="65" HEIGHT="35" WC="0.96" CONTENT="det"/><SP WIDTH="28" VPOS="348" HPOS="903"/>
							<String ID="string_31" HPOS="931" VPOS="347" WIDTH="266" HEIGHT="48" WC="0.95" CONTENT="nyssnämnda"/><SP WIDTH="29" VPOS="347" HPOS="1197"/>
							<String ID="string_32" HPOS="1226" VPOS="346" WIDTH="183" HEIGHT="49" WC="0.95" CONTENT="beloppet"/><SP WIDTH="28" VPOS="346" HPOS="1409"/>
							<String ID="string_33" HPOS="1437" VPOS="347" WIDTH="70" HEIGHT="36" WC="0.95" CONTENT="bör"/><SP WIDTH="15" VPOS="347" HPOS="1507"/>
							<String ID="string_34" HPOS="1522" VPOS="348" WIDTH="155" HEIGHT="37" WC="0.95" CONTENT="anvisas"/><SP WIDTH="18" VPOS="348" HPOS="1677"/>
							<String ID="string_35" HPOS="1695" VPOS="352" WIDTH="48" HEIGHT="45" WC="0.96" CONTENT="på"/><SP WIDTH="16" VPOS="352" HPOS="1743"/>
							<String ID="string_36" HPOS="1759" VPOS="355" WIDTH="110" HEIGHT="31" WC="0.96" CONTENT="extra"/>
						</TextLine>
						<TextLine ID="line_4" HPOS="251" VPOS="398" WIDTH="1617" HEIGHT="50">
							<String ID="string_37" HPOS="251" VPOS="405" WIDTH="78" HEIGHT="30" WC="0.96" CONTENT="stat"/><SP WIDTH="42" VPOS="405" HPOS="329"/>
							<String ID="string_38" HPOS="371" VPOS="402" WIDTH="72" HEIGHT="35" WC="0.96" CONTENT="och"/><SP WIDTH="35" VPOS="402" HPOS="443"/>
							<String ID="string_39" HPOS="478" VPOS="404" WIDTH="126" HEIGHT="32" WC="0.96" CONTENT="såsom"/><SP WIDTH="31" VPOS="404" HPOS="604"/>
							<String ID="string_40" HPOS="635" VPOS="412" WIDTH="48" HEIGHT="23" WC="0.95" CONTENT="en"/><SP WIDTH="27" VPOS="412" HPOS="683"/>
							<String ID="string_41" HPOS="710" VPOS="398" WIDTH="173" HEIGHT="50" WC="0.95" CONTENT="tillfällig"/><SP WIDTH="29" VPOS="398" HPOS="883"/>
							<String ID="string_42" HPOS="912" VPOS="398" WIDTH="227" HEIGHT="49" WC="0.96" CONTENT="förhöjning"/><SP WIDTH="28" VPOS="398" HPOS="1139"/>
							<String ID="string_43" HPOS="1167" VPOS="399" WIDTH="11" HEIGHT="35" WC="0.69" CONTENT="i"/><SP WIDTH="28" VPOS="399" HPOS="1178"/>
							<String ID="string_44" HPOS="1206" VPOS="398" WIDTH="256" HEIGHT="37" WC="0.96" CONTENT="riksmuseets"/><SP WIDTH="30" VPOS="398" HPOS="1462"/>
							<String ID="string_45" HPOS="1492" VPOS="400" WIDTH="138" HEIGHT="48" WC="0.96" CONTENT="anslag"/><SP WIDTH="28" VPOS="400" HPOS="1630"/>
							<String ID="string_46" HPOS="1658" VPOS="401" WIDTH="60" HEIGHT="35" WC="0.91" CONTENT="till"/><SP WIDTH="28" VPOS="401" HPOS="1718"/>
							<String ID="string_47" HPOS="1746" VPOS="408" WIDTH="122" HEIGHT="30" WC="0.91" CONTENT="mate-"/>
						</TextLine>
						<TextLine ID="line_5" HPOS="251" VPOS="450" WIDTH="1622" HEIGHT="51">
							<String ID="string_48" HPOS="251" VPOS="451" WIDTH="133" HEIGHT="49" WC="0.88" CONTENT="rielen,"/><SP WIDTH="43" VPOS="451" HPOS="384"/>
							<String ID="string_49" HPOS="427" VPOS="452" WIDTH="60" HEIGHT="36" WC="0.95" CONTENT="till"/><SP WIDTH="41" VPOS="452" HPOS="487"/>
							<String ID="string_50" HPOS="528" VPOS="451" WIDTH="120" HEIGHT="49" WC="0.96" CONTENT="inköp"/><SP WIDTH="39" VPOS="451" HPOS="648"/>
							<String ID="string_51" HPOS="687" VPOS="451" WIDTH="42" HEIGHT="36" WC="0.95" CONTENT="af"/><SP WIDTH="37" VPOS="451" HPOS="729"/>
							<String ID="string_52" HPOS="766" VPOS="450" WIDTH="188" HEIGHT="48" WC="0.95" CONTENT="sällsynta"/><SP WIDTH="39" VPOS="450" HPOS="954"/>
							<String ID="string_53" HPOS="993" VPOS="450" WIDTH="161" HEIGHT="36" WC="0.96" CONTENT="föremål"/><SP WIDTH="30" VPOS="450" HPOS="1154"/>
							<String ID="string_54" HPOS="1184" VPOS="456" WIDTH="100" HEIGHT="30" WC="0.95" CONTENT="samt"/><SP WIDTH="28" VPOS="456" HPOS="1284"/>
							<String ID="string_55" HPOS="1312" VPOS="450" WIDTH="57" HEIGHT="36" WC="0.95" CONTENT="till"/><SP WIDTH="29" VPOS="450" HPOS="1369"/>
							<String ID="string_56" HPOS="1398" VPOS="452" WIDTH="292" HEIGHT="49" WC="0.95" CONTENT="vetenskapligt"/><SP WIDTH="29" VPOS="452" HPOS="1690"/>
							<String ID="string_57" HPOS="1719" VPOS="452" WIDTH="154" HEIGHT="37" WC="0.96" CONTENT="biträde"/>
						</TextLine>
						<TextLine ID="line_6" HPOS="252" VPOS="502" WIDTH="1617" HEIGHT="51">
							<String ID="string_58" HPOS="252" VPOS="503" WIDTH="66" HEIGHT="37" WC="0.96" CONTENT="vid"/><SP WIDTH="29" VPOS="503" HPOS="318"/>
							<String ID="string_59" HPOS="347" VPOS="504" WIDTH="46" HEIGHT="36" WC="0.96" CONTENT="de"/><SP WIDTH="30" VPOS="504" HPOS="393"/>
							<String ID="string_60" HPOS="423" VPOS="503" WIDTH="326" HEIGHT="37" WC="0.93" CONTENT="naturhistoriska"/><SP WIDTH="25" VPOS="503" HPOS="749"/>
							<String ID="string_61" HPOS="774" VPOS="502" WIDTH="287" HEIGHT="48" WC="0.91" CONTENT="samlingarnas"/><SP WIDTH="30" VPOS="502" HPOS="1061"/>
							<String ID="string_62" HPOS="1091" VPOS="502" WIDTH="210" HEIGHT="47" WC="0.95" CONTENT="ordnande,"/><SP WIDTH="31" VPOS="502" HPOS="1301"/>
							<String ID="string_63" HPOS="1332" VPOS="508" WIDTH="100" HEIGHT="31" WC="0.96" CONTENT="samt"/><SP WIDTH="29" VPOS="508" HPOS="1432"/>
							<String ID="string_64" HPOS="1461" VPOS="503" WIDTH="225" HEIGHT="37" WC="0.96" CONTENT="hemställer"/><SP WIDTH="27" VPOS="503" HPOS="1686"/>
							<String ID="string_65" HPOS="1713" VPOS="504" WIDTH="11" HEIGHT="36" WC="0.93" CONTENT="i"/><SP WIDTH="22" VPOS="504" HPOS="1724"/>
							<String ID="string_66" HPOS="1746" VPOS="505" WIDTH="123" HEIGHT="48" WC="0.91" CONTENT="enlig-"/>
						</TextLine>
						<TextLine ID="line_7" HPOS="252" VPOS="556" WIDTH="266" HEIGHT="47">
							<String ID="string_67" HPOS="252" VPOS="556" WIDTH="66" HEIGHT="35" WC="0.96" CONTENT="het"/><SP WIDTH="29" VPOS="556" HPOS="318"/>
							<String ID="string_68" HPOS="347" VPOS="556" WIDTH="171" HEIGHT="47" WC="0.96" CONTENT="härmed,"/>
						</TextLine>
					</TextBlock>
				</ComposedBlock>
				<ComposedBlock ID="cblock_2" HPOS="654" VPOS="657" WIDTH="1215" HEIGHT="359">
					<TextBlock ID="block_2" HPOS="654" VPOS="657" WIDTH="1215" HEIGHT="359">
						<TextLine ID="line_8" HPOS="786" VPOS="657" WIDTH="1083" HEIGHT="51">
							<String ID="string_69" HPOS="786" VPOS="662" WIDTH="55" HEIGHT="31" WC="0.95" CONTENT="att"/><SP WIDTH="43" VPOS="662" HPOS="841"/>
							<String ID="string_70" HPOS="884" VPOS="657" WIDTH="228" HEIGHT="48" WC="0.95" CONTENT="Riksdagen"/><SP WIDTH="43" VPOS="657" HPOS="1112"/>
							<String ID="string_71" HPOS="1155" VPOS="658" WIDTH="139" HEIGHT="36" WC="0.96" CONTENT="endast"/><SP WIDTH="42" VPOS="658" HPOS="1294"/>
							<String ID="string_72" HPOS="1336" VPOS="662" WIDTH="47" HEIGHT="46" WC="0.96" CONTENT="på"/><SP WIDTH="42" VPOS="662" HPOS="1383"/>
							<String ID="string_73" HPOS="1425" VPOS="660" WIDTH="67" HEIGHT="36" WC="0.96" CONTENT="det"/><SP WIDTH="42" VPOS="660" HPOS="1492"/>
							<String ID="string_74" HPOS="1534" VPOS="663" WIDTH="77" HEIGHT="32" WC="0.96" CONTENT="sätt"/><SP WIDTH="35" VPOS="663" HPOS="1611"/>
							<String ID="string_75" HPOS="1646" VPOS="662" WIDTH="60" HEIGHT="33" WC="0.96" CONTENT="må"/><SP WIDTH="30" VPOS="662" HPOS="1706"/>
							<String ID="string_76" HPOS="1736" VPOS="659" WIDTH="133" HEIGHT="37" WC="0.96" CONTENT="bifalla"/>
						</TextLine>
						<TextLine ID="line_9" HPOS="655" VPOS="709" WIDTH="1212" HEIGHT="50">
							<String ID="string_77" HPOS="655" VPOS="709" WIDTH="142" HEIGHT="48" WC="0.93" CONTENT="Kongl."/><SP WIDTH="26" VPOS="709" HPOS="797"/>
							<String ID="string_78" HPOS="823" VPOS="709" WIDTH="131" HEIGHT="48" WC="0.96" CONTENT="Maj:ts"/><SP WIDTH="21" VPOS="709" HPOS="954"/>
							<String ID="string_79" HPOS="975" VPOS="709" WIDTH="254" HEIGHT="37" WC="0.96" CONTENT="förevarande"/><SP WIDTH="21" VPOS="709" HPOS="1229"/>
							<String ID="string_80" HPOS="1250" VPOS="710" WIDTH="300" HEIGHT="49" WC="0.96" CONTENT="framställning,"/><SP WIDTH="18" VPOS="710" HPOS="1550"/>
							<String ID="string_81" HPOS="1568" VPOS="716" WIDTH="56" HEIGHT="31" WC="0.96" CONTENT="att"/><SP WIDTH="16" VPOS="716" HPOS="1624"/>
							<String ID="string_82" HPOS="1640" VPOS="712" WIDTH="227" HEIGHT="47" WC="0.95" CONTENT="Riksdagen"/>
						</TextLine>
						<TextLine ID="line_10" HPOS="655" VPOS="761" WIDTH="1211" HEIGHT="50">
							<String ID="string_83" HPOS="655" VPOS="763" WIDTH="48" HEIGHT="46" WC="0.96" CONTENT="på"/><SP WIDTH="29" VPOS="763" HPOS="703"/>
							<String ID="string_84" HPOS="732" VPOS="768" WIDTH="102" HEIGHT="28" WC="0.85" CONTENT="extra"/><SP WIDTH="28" VPOS="768" HPOS="834"/>
							<String ID="string_85" HPOS="862" VPOS="769" WIDTH="72" HEIGHT="27" WC="0.95" CONTENT="stat"/><SP WIDTH="28" VPOS="769" HPOS="934"/>
							<String ID="string_86" HPOS="962" VPOS="761" WIDTH="59" HEIGHT="36" WC="0.96" CONTENT="för"/><SP WIDTH="30" VPOS="761" HPOS="1021"/>
							<String ID="string_87" HPOS="1051" VPOS="765" WIDTH="40" HEIGHT="32" WC="0.96" CONTENT="år"/><SP WIDTH="29" VPOS="765" HPOS="1091"/>
							<String ID="string_88" HPOS="1120" VPOS="764" WIDTH="96" HEIGHT="34" WC="0.96" CONTENT="1887"/><SP WIDTH="32" VPOS="764" HPOS="1216"/>
							<String ID="string_89" HPOS="1248" VPOS="762" WIDTH="157" HEIGHT="37" WC="0.96" CONTENT="anvisar"/><SP WIDTH="28" VPOS="762" HPOS="1405"/>
							<String ID="string_90" HPOS="1433" VPOS="768" WIDTH="55" HEIGHT="31" WC="0.96" CONTENT="ett"/><SP WIDTH="28" VPOS="768" HPOS="1488"/>
							<String ID="string_91" HPOS="1516" VPOS="763" WIDTH="143" HEIGHT="48" WC="0.96" CONTENT="belopp"/><SP WIDTH="30" VPOS="763" HPOS="1659"/>
							<String ID="string_92" HPOS="1689" VPOS="763" WIDTH="42" HEIGHT="36" WC="0.93" CONTENT="af"/><SP WIDTH="23" VPOS="763" HPOS="1731"/>
							<String ID="string_93" HPOS="1754" VPOS="765" WIDTH="112" HEIGHT="46" WC="0.91" CONTENT="1,000"/>
						</TextLine>
						<TextLine ID="line_11" HPOS="655" VPOS="812" WIDTH="1212" HEIGHT="51">
							<String ID="string_94" HPOS="655" VPOS="812" WIDTH="143" HEIGHT="36" WC="0.96" CONTENT="kronor"/><SP WIDTH="42" VPOS="812" HPOS="798"/>
							<String ID="string_95" HPOS="840" VPOS="816" WIDTH="127" HEIGHT="32" WC="0.95" CONTENT="såsom"/><SP WIDTH="42" VPOS="816" HPOS="967"/>
							<String ID="string_96" HPOS="1009" VPOS="813" WIDTH="172" HEIGHT="48" WC="0.88" CONTENT="tillfällig"/><SP WIDTH="42" VPOS="813" HPOS="1181"/>
							<String ID="string_97" HPOS="1223" VPOS="814" WIDTH="228" HEIGHT="49" WC="0.95" CONTENT="förhöjning"/><SP WIDTH="41" VPOS="814" HPOS="1451"/>
							<String ID="string_98" HPOS="1492" VPOS="814" WIDTH="12" HEIGHT="36" WC="0.96" CONTENT="i"/><SP WIDTH="35" VPOS="814" HPOS="1504"/>
							<String ID="string_99" HPOS="1539" VPOS="815" WIDTH="328" HEIGHT="36" WC="0.95" CONTENT="naturhistoriska"/>
						</TextLine>
						<TextLine ID="line_12" HPOS="654" VPOS="864" WIDTH="1211" HEIGHT="51">
							<String ID="string_100" HPOS="654" VPOS="864" WIDTH="255" HEIGHT="36" WC="0.95" CONTENT="riksmuseets"/><SP WIDTH="43" VPOS="864" HPOS="909"/>
							<String ID="string_101" HPOS="952" VPOS="864" WIDTH="138" HEIGHT="49" WC="0.95" CONTENT="anslag"/><SP WIDTH="28" VPOS="864" HPOS="1090"/>
							<String ID="string_102" HPOS="1118" VPOS="865" WIDTH="59" HEIGHT="36" WC="0.92" CONTENT="till"/><SP WIDTH="29" VPOS="865" HPOS="1177"/>
							<String ID="string_103" HPOS="1206" VPOS="866" WIDTH="236" HEIGHT="48" WC="0.90" CONTENT="materielen,"/><SP WIDTH="29" VPOS="866" HPOS="1442"/>
							<String ID="string_104" HPOS="1471" VPOS="866" WIDTH="59" HEIGHT="36" WC="0.95" CONTENT="till"/><SP WIDTH="29" VPOS="866" HPOS="1530"/>
							<String ID="string_105" HPOS="1559" VPOS="866" WIDTH="121" HEIGHT="49" WC="0.96" CONTENT="inköp"/><SP WIDTH="30" VPOS="866" HPOS="1680"/>
							<String ID="string_106" HPOS="1710" VPOS="867" WIDTH="42" HEIGHT="35" WC="0.92" CONTENT="af"/><SP WIDTH="25" VPOS="867" HPOS="1752"/>
							<String ID="string_107" HPOS="1777" VPOS="867" WIDTH="88" HEIGHT="36" WC="0.90" CONTENT="säll-"/>
						</TextLine>
						<TextLine ID="line_13" HPOS="656" VPOS="916" WIDTH="1209" HEIGHT="51">
							<String ID="string_108" HPOS="656" VPOS="922" WIDTH="114" HEIGHT="41" WC="0.92" CONTENT="synta"/><SP WIDTH="39" VPOS="922" HPOS="770"/>
							<String ID="string_109" HPOS="809" VPOS="916" WIDTH="160" HEIGHT="36" WC="0.96" CONTENT="föremål"/><SP WIDTH="34" VPOS="916" HPOS="969"/>
							<String ID="string_110" HPOS="1003" VPOS="922" WIDTH="100" HEIGHT="30" WC="0.96" CONTENT="samt"/><SP WIDTH="33" VPOS="922" HPOS="1103"/>
							<String ID="string_111" HPOS="1136" VPOS="917" WIDTH="58" HEIGHT="35" WC="0.95" CONTENT="till"/><SP WIDTH="29" VPOS="917" HPOS="1194"/>
							<String ID="string_112" HPOS="1223" VPOS="918" WIDTH="291" HEIGHT="49" WC="0.95" CONTENT="vetenskapligt"/><SP WIDTH="28" VPOS="918" HPOS="1514"/>
							<String ID="string_113" HPOS="1542" VPOS="918" WIDTH="150" HEIGHT="36" WC="0.96" CONTENT="biträde"/><SP WIDTH="30" VPOS="918" HPOS="1692"/>
							<String ID="string_114" HPOS="1722" VPOS="918" WIDTH="65" HEIGHT="37" WC="0.96" CONTENT="vid"/><SP WIDTH="30" VPOS="918" HPOS="1787"/>
							<String ID="string_115" HPOS="1817" VPOS="918" WIDTH="48" HEIGHT="36" WC="0.96" CONTENT="de"/>
						</TextLine>
						<TextLine ID="line_14" HPOS="655" VPOS="967" WIDTH="883" HEIGHT="49">
							<String ID="string_116" HPOS="655" VPOS="967" WIDTH="328" HEIGHT="37" WC="0.89" CONTENT="naturhistoriska"/><SP WIDTH="30" VPOS="967" HPOS="983"/>
							<String ID="string_117" HPOS="1013" VPOS="968" WIDTH="287" HEIGHT="48" WC="0.90" CONTENT="samlingarnas"/><SP WIDTH="30" VPOS="968" HPOS="1300"/>
							<String ID="string_118" HPOS="1330" VPOS="970" WIDTH="208" HEIGHT="36" WC="0.95" CONTENT="ordnande."/>
						</TextLine>
					</TextBlock>
				</ComposedBlock>
				<ComposedBlock ID="cblock_3" HPOS="245" VPOS="1068" WIDTH="1620" HEIGHT="925">
					<TextBlock ID="block_3" HPOS="249" VPOS="1068" WIDTH="1615" HEIGHT="103">
						<TextLine ID="line_15" HPOS="381" VPOS="1068" WIDTH="1483" HEIGHT="55">
							<String ID="string_119" HPOS="381" VPOS="1069" WIDTH="99" HEIGHT="34" WC="0.71" CONTENT="28:0."/><SP WIDTH="56" VPOS="1069" HPOS="480"/>
							<String ID="string_120" HPOS="536" VPOS="1068" WIDTH="18" HEIGHT="36" WC="0.94" CONTENT="I"/><SP WIDTH="42" VPOS="1068" HPOS="554"/>
							<String ID="string_121" HPOS="596" VPOS="1081" WIDTH="48" HEIGHT="23" WC="0.96" CONTENT="en"/><SP WIDTH="44" VPOS="1081" HPOS="644"/>
							<String ID="string_122" HPOS="688" VPOS="1070" WIDTH="102" HEIGHT="35" WC="0.96" CONTENT="inom"/><SP WIDTH="36" VPOS="1070" HPOS="790"/>
							<String ID="string_123" HPOS="826" VPOS="1071" WIDTH="133" HEIGHT="36" WC="0.95" CONTENT="Andra"/><SP WIDTH="42" VPOS="1071" HPOS="959"/>
							<String ID="string_124" HPOS="1001" VPOS="1071" WIDTH="236" HEIGHT="36" WC="0.96" CONTENT="Kammaren"/><SP WIDTH="29" VPOS="1071" HPOS="1237"/>
							<String ID="string_125" HPOS="1266" VPOS="1072" WIDTH="116" HEIGHT="36" WC="0.96" CONTENT="väckt"/><SP WIDTH="28" VPOS="1072" HPOS="1382"/>
							<String ID="string_126" HPOS="1410" VPOS="1072" WIDTH="146" HEIGHT="36" WC="0.96" CONTENT="motion"/><SP WIDTH="31" VPOS="1072" HPOS="1556"/>
							<String ID="string_127" HPOS="1587" VPOS="1073" WIDTH="86" HEIGHT="48" WC="0.96" CONTENT="(N:o"/><SP WIDTH="31" VPOS="1073" HPOS="1673"/>
							<String ID="string_128" HPOS="1704" VPOS="1072" WIDTH="62" HEIGHT="51" WC="0.95" CONTENT="96)"/><SP WIDTH="30" VPOS="1072" HPOS="1766"/>
							<String ID="string_129" HPOS="1796" VPOS="1074" WIDTH="68" HEIGHT="35" WC="0.96" CONTENT="har"/>
						</TextLine>
						<TextLine ID="line_16" HPOS="249" VPOS="1119" WIDTH="1003" HEIGHT="52">
							<String ID="string_130" HPOS="249" VPOS="1119" WIDTH="101" HEIGHT="36" WC="0.96" CONTENT="Herr"/><SP WIDTH="29" VPOS="1119" HPOS="350"/>
							<String ID="string_131" HPOS="379" VPOS="1119" WIDTH="178" HEIGHT="37" WC="0.93" CONTENT="Friherre"/><SP WIDTH="29" VPOS="1119" HPOS="557"/>
							<String ID="string_132" HPOS="586" VPOS="1123" WIDTH="43" HEIGHT="33" WC="0.82" CONTENT="A."/><SP WIDTH="31" VPOS="1123" HPOS="629"/>
							<String ID="string_133" HPOS="660" VPOS="1122" WIDTH="43" HEIGHT="34" WC="0.92" CONTENT="E."/><SP WIDTH="30" VPOS="1122" HPOS="703"/>
							<String ID="string_134" HPOS="733" VPOS="1122" WIDTH="278" HEIGHT="36" WC="0.95" CONTENT="Nordenskiöld"/><SP WIDTH="28" VPOS="1122" HPOS="1011"/>
							<String ID="string_135" HPOS="1039" VPOS="1123" WIDTH="213" HEIGHT="48" WC="0.96" CONTENT="föreslagit,"/>
						</TextLine>
					</TextBlock>
					<TextBlock ID="block_4" HPOS="247" VPOS="1171" WIDTH="1617" HEIGHT="150">
						<TextLine ID="line_17" HPOS="380" VPOS="1171" WIDTH="1484" HEIGHT="51">
							<String ID="string_136" HPOS="380" VPOS="1176" WIDTH="56" HEIGHT="30" WC="0.96" CONTENT="att"/><SP WIDTH="42" VPOS="1176" HPOS="436"/>
							<String ID="string_137" HPOS="478" VPOS="1171" WIDTH="178" HEIGHT="49" WC="0.96" CONTENT="anslaget"/><SP WIDTH="41" VPOS="1171" HPOS="656"/>
							<String ID="string_138" HPOS="697" VPOS="1172" WIDTH="58" HEIGHT="36" WC="0.93" CONTENT="till"/><SP WIDTH="44" VPOS="1172" HPOS="755"/>
							<String ID="string_139" HPOS="799" VPOS="1174" WIDTH="211" HEIGHT="48" WC="0.90" CONTENT="ritningars"/><SP WIDTH="44" VPOS="1174" HPOS="1010"/>
							<String ID="string_140" HPOS="1054" VPOS="1174" WIDTH="204" HEIGHT="37" WC="0.96" CONTENT="utförande"/><SP WIDTH="44" VPOS="1174" HPOS="1258"/>
							<String ID="string_141" HPOS="1302" VPOS="1175" WIDTH="63" HEIGHT="36" WC="0.91" CONTENT="vid"/><SP WIDTH="44" VPOS="1175" HPOS="1365"/>
							<String ID="string_142" HPOS="1409" VPOS="1175" WIDTH="329" HEIGHT="37" WC="0.93" CONTENT="naturhistoriska"/><SP WIDTH="28" VPOS="1175" HPOS="1738"/>
							<String ID="string_143" HPOS="1766" VPOS="1176" WIDTH="98" HEIGHT="36" WC="0.91" CONTENT="riks-"/>
						</TextLine>
						<TextLine ID="line_18" HPOS="248" VPOS="1224" WIDTH="1616" HEIGHT="52">
							<String ID="string_144" HPOS="248" VPOS="1235" WIDTH="176" HEIGHT="23" WC="0.95" CONTENT="museum"/><SP WIDTH="45" VPOS="1235" HPOS="424"/>
							<String ID="string_145" HPOS="469" VPOS="1226" WIDTH="119" HEIGHT="32" WC="0.93" CONTENT="måtte"/><SP WIDTH="42" VPOS="1226" HPOS="588"/>
							<String ID="string_146" HPOS="630" VPOS="1224" WIDTH="119" HEIGHT="36" WC="0.90" CONTENT="varda"/><SP WIDTH="43" VPOS="1224" HPOS="749"/>
							<String ID="string_147" HPOS="792" VPOS="1225" WIDTH="173" HEIGHT="48" WC="0.84" CONTENT="förhöjdt"/><SP WIDTH="42" VPOS="1225" HPOS="965"/>
							<String ID="string_148" HPOS="1007" VPOS="1226" WIDTH="83" HEIGHT="36" WC="0.96" CONTENT="från"/><SP WIDTH="43" VPOS="1226" HPOS="1090"/>
							<String ID="string_149" HPOS="1133" VPOS="1227" WIDTH="89" HEIGHT="35" WC="0.96" CONTENT="dess"/><SP WIDTH="36" VPOS="1227" HPOS="1222"/>
							<String ID="string_150" HPOS="1258" VPOS="1227" WIDTH="224" HEIGHT="36" WC="0.96" CONTENT="nuvarande"/><SP WIDTH="31" VPOS="1227" HPOS="1482"/>
							<String ID="string_151" HPOS="1513" VPOS="1227" WIDTH="141" HEIGHT="49" WC="0.96" CONTENT="belopp"/><SP WIDTH="29" VPOS="1227" HPOS="1654"/>
							<String ID="string_152" HPOS="1683" VPOS="1228" WIDTH="42" HEIGHT="35" WC="0.89" CONTENT="af"/><SP WIDTH="25" VPOS="1228" HPOS="1725"/>
							<String ID="string_153" HPOS="1750" VPOS="1230" WIDTH="114" HEIGHT="45" WC="0.89" CONTENT="2,200"/>
						</TextLine>
						<TextLine ID="line_19" HPOS="247" VPOS="1274" WIDTH="556" HEIGHT="47">
							<String ID="string_154" HPOS="247" VPOS="1274" WIDTH="146" HEIGHT="36" WC="0.95" CONTENT="kronor"/><SP WIDTH="27" VPOS="1274" HPOS="393"/>
							<String ID="string_155" HPOS="420" VPOS="1274" WIDTH="58" HEIGHT="36" WC="0.93" CONTENT="till"/><SP WIDTH="29" VPOS="1274" HPOS="478"/>
							<String ID="string_156" HPOS="507" VPOS="1276" WIDTH="114" HEIGHT="45" WC="0.91" CONTENT="4,800"/><SP WIDTH="30" VPOS="1276" HPOS="621"/>
							<String ID="string_157" HPOS="651" VPOS="1276" WIDTH="152" HEIGHT="36" WC="0.96" CONTENT="kronor."/>
						</TextLine>
					</TextBlock>
					<TextBlock ID="block_5" HPOS="248" VPOS="1326" WIDTH="1617" HEIGHT="254">
						<TextLine ID="line_20" HPOS="380" VPOS="1326" WIDTH="1485" HEIGHT="50">
							<String ID="string_158" HPOS="380" VPOS="1326" WIDTH="16" HEIGHT="35" WC="0.93" CONTENT="I"/><SP WIDTH="28" VPOS="1326" HPOS="396"/>
							<String ID="string_159" HPOS="424" VPOS="1326" WIDTH="198" HEIGHT="36" WC="0.96" CONTENT="motionen"/><SP WIDTH="31" VPOS="1326" HPOS="622"/>
							<String ID="string_160" HPOS="653" VPOS="1327" WIDTH="155" HEIGHT="37" WC="0.96" CONTENT="anföras"/><SP WIDTH="31" VPOS="1327" HPOS="808"/>
							<String ID="string_161" HPOS="839" VPOS="1326" WIDTH="236" HEIGHT="49" WC="0.96" CONTENT="visserligen"/><SP WIDTH="31" VPOS="1326" HPOS="1075"/>
							<String ID="string_162" HPOS="1106" VPOS="1327" WIDTH="199" HEIGHT="48" WC="0.96" CONTENT="åtskilliga"/><SP WIDTH="29" VPOS="1327" HPOS="1305"/>
							<String ID="string_163" HPOS="1334" VPOS="1328" WIDTH="336" HEIGHT="48" WC="0.96" CONTENT="omständigheter"/><SP WIDTH="29" VPOS="1328" HPOS="1670"/>
							<String ID="string_164" HPOS="1699" VPOS="1329" WIDTH="71" HEIGHT="36" WC="0.93" CONTENT="och"/><SP WIDTH="30" VPOS="1329" HPOS="1770"/>
							<String ID="string_165" HPOS="1800" VPOS="1330" WIDTH="65" HEIGHT="36" WC="0.92" CONTENT="be-"/>
						</TextLine>
						<TextLine ID="line_21" HPOS="248" VPOS="1377" WIDTH="1616" HEIGHT="52">
							<String ID="string_166" HPOS="248" VPOS="1377" WIDTH="212" HEIGHT="48" WC="0.95" CONTENT="räkningar"/><SP WIDTH="29" VPOS="1377" HPOS="460"/>
							<String ID="string_167" HPOS="489" VPOS="1377" WIDTH="58" HEIGHT="36" WC="0.93" CONTENT="till"/><SP WIDTH="30" VPOS="1377" HPOS="547"/>
							<String ID="string_168" HPOS="577" VPOS="1378" WIDTH="323" HEIGHT="49" WC="0.92" CONTENT="ådagaläggande"/><SP WIDTH="30" VPOS="1378" HPOS="900"/>
							<String ID="string_169" HPOS="930" VPOS="1378" WIDTH="43" HEIGHT="36" WC="0.93" CONTENT="af"/><SP WIDTH="24" VPOS="1378" HPOS="973"/>
							<String ID="string_170" HPOS="997" VPOS="1378" WIDTH="457" HEIGHT="49" WC="0.91" CONTENT="anslagsförböjningens"/><SP WIDTH="30" VPOS="1378" HPOS="1454"/>
							<String ID="string_171" HPOS="1484" VPOS="1379" WIDTH="260" HEIGHT="50" WC="0.91" CONTENT="behöflighet,"/><SP WIDTH="33" VPOS="1379" HPOS="1744"/>
							<String ID="string_172" HPOS="1777" VPOS="1395" WIDTH="87" HEIGHT="22" WC="0.96" CONTENT="men"/>
						</TextLine>
						<TextLine ID="line_22" HPOS="248" VPOS="1429" WIDTH="1616" HEIGHT="52">
							<String ID="string_173" HPOS="248" VPOS="1429" WIDTH="201" HEIGHT="36" WC="0.94" CONTENT="Utskottet"/><SP WIDTH="42" VPOS="1429" HPOS="449"/>
							<String ID="string_174" HPOS="491" VPOS="1429" WIDTH="70" HEIGHT="36" WC="0.96" CONTENT="har"/><SP WIDTH="36" VPOS="1429" HPOS="561"/>
							<String ID="string_175" HPOS="597" VPOS="1430" WIDTH="97" HEIGHT="36" WC="0.96" CONTENT="dock"/><SP WIDTH="28" VPOS="1430" HPOS="694"/>
							<String ID="string_176" HPOS="722" VPOS="1431" WIDTH="87" HEIGHT="36" WC="0.96" CONTENT="icke"/><SP WIDTH="28" VPOS="1431" HPOS="809"/>
							<String ID="string_177" HPOS="837" VPOS="1430" WIDTH="129" HEIGHT="36" WC="0.96" CONTENT="funnit"/><SP WIDTH="30" VPOS="1430" HPOS="966"/>
							<String ID="string_178" HPOS="996" VPOS="1430" WIDTH="113" HEIGHT="36" WC="0.96" CONTENT="dessa"/><SP WIDTH="29" VPOS="1430" HPOS="1109"/>
							<String ID="string_179" HPOS="1138" VPOS="1430" WIDTH="335" HEIGHT="48" WC="0.96" CONTENT="omständigheter"/><SP WIDTH="29" VPOS="1430" HPOS="1473"/>
							<String ID="string_180" HPOS="1502" VPOS="1431" WIDTH="71" HEIGHT="36" WC="0.96" CONTENT="och"/><SP WIDTH="26" VPOS="1431" HPOS="1573"/>
							<String ID="string_181" HPOS="1599" VPOS="1432" WIDTH="265" HEIGHT="49" WC="0.96" CONTENT="beräkningar"/>
						</TextLine>
						<TextLine ID="line_23" HPOS="248" VPOS="1480" WIDTH="1615" HEIGHT="51">
							<String ID="string_182" HPOS="248" VPOS="1480" WIDTH="157" HEIGHT="47" WC="0.95" CONTENT="sådana,"/><SP WIDTH="30" VPOS="1480" HPOS="405"/>
							<String ID="string_183" HPOS="435" VPOS="1486" WIDTH="57" HEIGHT="30" WC="0.96" CONTENT="att"/><SP WIDTH="28" VPOS="1486" HPOS="492"/>
							<String ID="string_184" HPOS="520" VPOS="1481" WIDTH="46" HEIGHT="36" WC="0.97" CONTENT="de"/><SP WIDTH="30" VPOS="1481" HPOS="566"/>
							<String ID="string_185" HPOS="596" VPOS="1495" WIDTH="51" HEIGHT="22" WC="0.96" CONTENT="nu"/><SP WIDTH="29" VPOS="1495" HPOS="647"/>
							<String ID="string_186" HPOS="676" VPOS="1482" WIDTH="127" HEIGHT="36" WC="0.96" CONTENT="lemna"/><SP WIDTH="29" VPOS="1482" HPOS="803"/>
							<String ID="string_187" HPOS="832" VPOS="1482" WIDTH="237" HEIGHT="47" WC="0.96" CONTENT="tillräckliga"/><SP WIDTH="29" VPOS="1482" HPOS="1069"/>
							<String ID="string_188" HPOS="1098" VPOS="1482" WIDTH="85" HEIGHT="36" WC="0.96" CONTENT="skäl"/><SP WIDTH="29" VPOS="1482" HPOS="1183"/>
							<String ID="string_189" HPOS="1212" VPOS="1482" WIDTH="59" HEIGHT="36" WC="0.96" CONTENT="för"/><SP WIDTH="29" VPOS="1482" HPOS="1271"/>
							<String ID="string_190" HPOS="1300" VPOS="1482" WIDTH="198" HEIGHT="49" WC="0.95" CONTENT="anslagets"/><SP WIDTH="29" VPOS="1482" HPOS="1498"/>
							<String ID="string_191" HPOS="1527" VPOS="1483" WIDTH="152" HEIGHT="48" WC="0.96" CONTENT="ökning"/><SP WIDTH="20" VPOS="1483" HPOS="1679"/>
							<String ID="string_192" HPOS="1699" VPOS="1484" WIDTH="88" HEIGHT="36" WC="0.96" CONTENT="med"/><SP WIDTH="21" VPOS="1484" HPOS="1787"/>
							<String ID="string_193" HPOS="1808" VPOS="1490" WIDTH="55" HEIGHT="30" WC="0.96" CONTENT="ett"/>
						</TextLine>
						<TextLine ID="line_24" HPOS="249" VPOS="1532" WIDTH="294" HEIGHT="48">
							<String ID="string_194" HPOS="249" VPOS="1532" WIDTH="118" HEIGHT="48" WC="0.94" CONTENT="årligt"/><SP WIDTH="24" VPOS="1532" HPOS="367"/>
							<String ID="string_195" HPOS="391" VPOS="1532" WIDTH="152" HEIGHT="48" WC="0.95" CONTENT="belopp."/>
						</TextLine>
					</TextBlock>
					<TextBlock ID="block_6" HPOS="245" VPOS="1584" WIDTH="1618" HEIGHT="409">
						<TextLine ID="line_25" HPOS="377" VPOS="1584" WIDTH="1485" HEIGHT="51">
							<String ID="string_196" HPOS="377" VPOS="1584" WIDTH="194" HEIGHT="47" WC="0.90" CONTENT="Deremot,"/><SP WIDTH="31" VPOS="1584" HPOS="571"/>
							<String ID="string_197" HPOS="602" VPOS="1585" WIDTH="71" HEIGHT="35" WC="0.96" CONTENT="och"/><SP WIDTH="29" VPOS="1585" HPOS="673"/>
							<String ID="string_198" HPOS="702" VPOS="1584" WIDTH="58" HEIGHT="47" WC="0.96" CONTENT="då,"/><SP WIDTH="32" VPOS="1584" HPOS="760"/>
							<String ID="string_199" HPOS="792" VPOS="1585" WIDTH="124" HEIGHT="48" WC="0.96" CONTENT="enligt"/><SP WIDTH="29" VPOS="1585" HPOS="916"/>
							<String ID="string_200" HPOS="945" VPOS="1585" WIDTH="46" HEIGHT="35" WC="0.96" CONTENT="de"/><SP WIDTH="30" VPOS="1585" HPOS="991"/>
							<String ID="string_201" HPOS="1021" VPOS="1585" WIDTH="12" HEIGHT="35" WC="0.96" CONTENT="i"/><SP WIDTH="29" VPOS="1585" HPOS="1033"/>
							<String ID="string_202" HPOS="1062" VPOS="1585" WIDTH="196" HEIGHT="36" WC="0.93" CONTENT="motionen"/><SP WIDTH="29" VPOS="1585" HPOS="1258"/>
							<String ID="string_203" HPOS="1287" VPOS="1585" WIDTH="178" HEIGHT="37" WC="0.88" CONTENT="lemnade"/><SP WIDTH="16" VPOS="1585" HPOS="1465"/>
							<String ID="string_204" HPOS="1481" VPOS="1586" WIDTH="300" HEIGHT="49" WC="0.96" CONTENT="upplysningar,"/><SP WIDTH="22" VPOS="1586" HPOS="1781"/>
							<String ID="string_205" HPOS="1803" VPOS="1587" WIDTH="59" HEIGHT="36" WC="0.96" CONTENT="för"/>
						</TextLine>
						<TextLine ID="line_26" HPOS="248" VPOS="1636" WIDTH="1615" HEIGHT="50">
							<String ID="string_206" HPOS="248" VPOS="1639" WIDTH="41" HEIGHT="33" WC="0.96" CONTENT="år"/><SP WIDTH="48" VPOS="1639" HPOS="289"/>
							<String ID="string_207" HPOS="337" VPOS="1637" WIDTH="99" HEIGHT="34" WC="0.95" CONTENT="1884"/><SP WIDTH="45" VPOS="1637" HPOS="436"/>
							<String ID="string_208" HPOS="481" VPOS="1648" WIDTH="48" HEIGHT="23" WC="0.96" CONTENT="en"/><SP WIDTH="43" VPOS="1648" HPOS="529"/>
							<String ID="string_209" HPOS="572" VPOS="1636" WIDTH="98" HEIGHT="36" WC="0.96" CONTENT="brist"/><SP WIDTH="42" VPOS="1636" HPOS="670"/>
							<String ID="string_210" HPOS="712" VPOS="1636" WIDTH="42" HEIGHT="35" WC="0.96" CONTENT="af"/><SP WIDTH="28" VPOS="1636" HPOS="754"/>
							<String ID="string_211" HPOS="782" VPOS="1637" WIDTH="165" HEIGHT="47" WC="0.93" CONTENT="ungefär"/><SP WIDTH="36" VPOS="1637" HPOS="947"/>
							<String ID="string_212" HPOS="983" VPOS="1638" WIDTH="113" HEIGHT="45" WC="0.92" CONTENT="1,000"/><SP WIDTH="28" VPOS="1638" HPOS="1096"/>
							<String ID="string_213" HPOS="1124" VPOS="1636" WIDTH="144" HEIGHT="36" WC="0.95" CONTENT="kronor"/><SP WIDTH="29" VPOS="1636" HPOS="1268"/>
							<String ID="string_214" HPOS="1297" VPOS="1640" WIDTH="175" HEIGHT="46" WC="0.95" CONTENT="uppstått"/><SP WIDTH="28" VPOS="1640" HPOS="1472"/>
							<String ID="string_215" HPOS="1500" VPOS="1638" WIDTH="13" HEIGHT="35" WC="0.95" CONTENT="i"/><SP WIDTH="28" VPOS="1638" HPOS="1513"/>
							<String ID="string_216" HPOS="1541" VPOS="1639" WIDTH="65" HEIGHT="35" WC="0.96" CONTENT="det"/><SP WIDTH="29" VPOS="1639" HPOS="1606"/>
							<String ID="string_217" HPOS="1635" VPOS="1640" WIDTH="228" HEIGHT="35" WC="0.96" CONTENT="nuvarande"/>
						</TextLine>
						<TextLine ID="line_27" HPOS="248" VPOS="1687" WIDTH="1614" HEIGHT="48">
							<String ID="string_218" HPOS="248" VPOS="1687" WIDTH="255" HEIGHT="48" WC="0.90" CONTENT="årsanslaget,"/><SP WIDTH="44" VPOS="1687" HPOS="503"/>
							<String ID="string_219" HPOS="547" VPOS="1693" WIDTH="100" HEIGHT="30" WC="0.96" CONTENT="samt"/><SP WIDTH="42" VPOS="1693" HPOS="647"/>
							<String ID="string_220" HPOS="689" VPOS="1687" WIDTH="179" HEIGHT="48" WC="0.95" CONTENT="anslaget"/><SP WIDTH="41" VPOS="1687" HPOS="868"/>
							<String ID="string_221" HPOS="909" VPOS="1688" WIDTH="60" HEIGHT="36" WC="0.96" CONTENT="för"/><SP WIDTH="42" VPOS="1688" HPOS="969"/>
							<String ID="string_222" HPOS="1011" VPOS="1688" WIDTH="168" HEIGHT="36" WC="0.96" CONTENT="nämnda"/><SP WIDTH="29" VPOS="1688" HPOS="1179"/>
							<String ID="string_223" HPOS="1208" VPOS="1691" WIDTH="41" HEIGHT="33" WC="0.96" CONTENT="år"/><SP WIDTH="36" VPOS="1691" HPOS="1249"/>
							<String ID="string_224" HPOS="1285" VPOS="1689" WIDTH="148" HEIGHT="36" WC="0.96" CONTENT="således"/><SP WIDTH="29" VPOS="1689" HPOS="1433"/>
							<String ID="string_225" HPOS="1462" VPOS="1690" WIDTH="123" HEIGHT="36" WC="0.96" CONTENT="visats"/><SP WIDTH="29" VPOS="1690" HPOS="1585"/>
							<String ID="string_226" HPOS="1614" VPOS="1690" WIDTH="117" HEIGHT="36" WC="0.96" CONTENT="hafva"/><SP WIDTH="30" VPOS="1690" HPOS="1731"/>
							<String ID="string_227" HPOS="1761" VPOS="1691" WIDTH="101" HEIGHT="36" WC="0.96" CONTENT="varit"/>
						</TextLine>
						<TextLine ID="line_28" HPOS="247" VPOS="1738" WIDTH="1614" HEIGHT="51">
							<String ID="string_228" HPOS="247" VPOS="1738" WIDTH="262" HEIGHT="48" WC="0.96" CONTENT="otillräckligt,"/><SP WIDTH="45" VPOS="1738" HPOS="509"/>
							<String ID="string_229" HPOS="554" VPOS="1741" WIDTH="41" HEIGHT="33" WC="0.96" CONTENT="så"/><SP WIDTH="42" VPOS="1741" HPOS="595"/>
							<String ID="string_230" HPOS="637" VPOS="1752" WIDTH="113" HEIGHT="23" WC="0.96" CONTENT="anser"/><SP WIDTH="28" VPOS="1752" HPOS="750"/>
							<String ID="string_231" HPOS="778" VPOS="1739" WIDTH="212" HEIGHT="48" WC="0.96" CONTENT="Utskottet,"/><SP WIDTH="31" VPOS="1739" HPOS="990"/>
							<String ID="string_232" HPOS="1021" VPOS="1745" WIDTH="55" HEIGHT="30" WC="0.96" CONTENT="att"/><SP WIDTH="29" VPOS="1745" HPOS="1076"/>
							<String ID="string_233" HPOS="1105" VPOS="1744" WIDTH="56" HEIGHT="31" WC="0.96" CONTENT="ett"/><SP WIDTH="27" VPOS="1744" HPOS="1161"/>
							<String ID="string_234" HPOS="1188" VPOS="1740" WIDTH="190" HEIGHT="48" WC="0.96" CONTENT="tillfälligt"/><SP WIDTH="29" VPOS="1740" HPOS="1378"/>
							<String ID="string_235" HPOS="1407" VPOS="1741" WIDTH="150" HEIGHT="48" WC="0.95" CONTENT="anslag,"/><SP WIDTH="30" VPOS="1741" HPOS="1557"/>
							<String ID="string_236" HPOS="1587" VPOS="1743" WIDTH="274" HEIGHT="35" WC="0.96" CONTENT="motsvarande"/>
						</TextLine>
						<TextLine ID="line_29" HPOS="247" VPOS="1790" WIDTH="1615" HEIGHT="52">
							<String ID="string_237" HPOS="247" VPOS="1790" WIDTH="127" HEIGHT="36" WC="0.96" CONTENT="denna"/><SP WIDTH="28" VPOS="1790" HPOS="374"/>
							<String ID="string_238" HPOS="402" VPOS="1790" WIDTH="107" HEIGHT="46" WC="0.96" CONTENT="brist,"/><SP WIDTH="32" VPOS="1790" HPOS="509"/>
							<String ID="string_239" HPOS="541" VPOS="1790" WIDTH="69" HEIGHT="36" WC="0.96" CONTENT="bör"/><SP WIDTH="28" VPOS="1790" HPOS="610"/>
							<String ID="string_240" HPOS="638" VPOS="1791" WIDTH="172" HEIGHT="48" WC="0.95" CONTENT="beviljas."/><SP WIDTH="47" VPOS="1791" HPOS="810"/>
							<String ID="string_241" HPOS="857" VPOS="1790" WIDTH="135" HEIGHT="37" WC="0.96" CONTENT="Skulle"/><SP WIDTH="31" VPOS="1790" HPOS="992"/>
							<String ID="string_242" HPOS="1023" VPOS="1791" WIDTH="64" HEIGHT="36" WC="0.93" CONTENT="det"/><SP WIDTH="29" VPOS="1791" HPOS="1087"/>
							<String ID="string_243" HPOS="1116" VPOS="1792" WIDTH="206" HEIGHT="36" WC="0.92" CONTENT="framdeles"/><SP WIDTH="29" VPOS="1792" HPOS="1322"/>
							<String ID="string_244" HPOS="1351" VPOS="1792" WIDTH="155" HEIGHT="36" WC="0.96" CONTENT="komma"/><SP WIDTH="29" VPOS="1792" HPOS="1506"/>
							<String ID="string_245" HPOS="1535" VPOS="1798" WIDTH="56" HEIGHT="31" WC="0.96" CONTENT="att"/><SP WIDTH="17" VPOS="1798" HPOS="1591"/>
							<String ID="string_246" HPOS="1608" VPOS="1793" WIDTH="84" HEIGHT="36" WC="0.96" CONTENT="visa"/><SP WIDTH="22" VPOS="1793" HPOS="1692"/>
							<String ID="string_247" HPOS="1714" VPOS="1794" WIDTH="73" HEIGHT="48" WC="0.96" CONTENT="sig,"/><SP WIDTH="18" VPOS="1794" HPOS="1787"/>
							<String ID="string_248" HPOS="1805" VPOS="1800" WIDTH="57" HEIGHT="30" WC="0.96" CONTENT="att"/>
						</TextLine>
						<TextLine ID="line_30" HPOS="245" VPOS="1841" WIDTH="1616" HEIGHT="51">
							<String ID="string_249" HPOS="245" VPOS="1842" WIDTH="98" HEIGHT="36" WC="0.96" CONTENT="brist"/><SP WIDTH="29" VPOS="1842" HPOS="343"/>
							<String ID="string_250" HPOS="372" VPOS="1841" WIDTH="236" HEIGHT="37" WC="0.95" CONTENT="fortfarande"/><SP WIDTH="29" VPOS="1841" HPOS="608"/>
							<String ID="string_251" HPOS="637" VPOS="1843" WIDTH="267" HEIGHT="48" WC="0.96" CONTENT="uppkommer,"/><SP WIDTH="31" VPOS="1843" HPOS="904"/>
							<String ID="string_252" HPOS="935" VPOS="1846" WIDTH="42" HEIGHT="33" WC="0.96" CONTENT="så"/><SP WIDTH="28" VPOS="1846" HPOS="977"/>
							<String ID="string_253" HPOS="1005" VPOS="1843" WIDTH="111" HEIGHT="36" WC="0.96" CONTENT="torde"/><SP WIDTH="16" VPOS="1843" HPOS="1116"/>
							<String ID="string_254" HPOS="1132" VPOS="1844" WIDTH="159" HEIGHT="36" WC="0.96" CONTENT="säkrare"/><SP WIDTH="15" VPOS="1844" HPOS="1291"/>
							<String ID="string_255" HPOS="1306" VPOS="1844" WIDTH="172" HEIGHT="48" WC="0.96" CONTENT="grunder"/><SP WIDTH="14" VPOS="1844" HPOS="1478"/>
							<String ID="string_256" HPOS="1492" VPOS="1844" WIDTH="60" HEIGHT="36" WC="0.96" CONTENT="för"/><SP WIDTH="15" VPOS="1844" HPOS="1552"/>
							<String ID="string_257" HPOS="1567" VPOS="1844" WIDTH="294" HEIGHT="37" WC="0.96" CONTENT="bestämmande"/>
						</TextLine>
						<TextLine ID="line_31" HPOS="245" VPOS="1893" WIDTH="1616" HEIGHT="52">
							<String ID="string_258" HPOS="245" VPOS="1893" WIDTH="43" HEIGHT="36" WC="0.96" CONTENT="af"/><SP WIDTH="24" VPOS="1893" HPOS="288"/>
							<String ID="string_259" HPOS="312" VPOS="1906" WIDTH="48" HEIGHT="23" WC="0.96" CONTENT="en"/><SP WIDTH="29" VPOS="1906" HPOS="360"/>
							<String ID="string_260" HPOS="389" VPOS="1893" WIDTH="186" HEIGHT="48" WC="0.96" CONTENT="möjligen"/><SP WIDTH="32" VPOS="1893" HPOS="575"/>
							<String ID="string_261" HPOS="607" VPOS="1893" WIDTH="48" HEIGHT="37" WC="0.93" CONTENT="då"/><SP WIDTH="28" VPOS="1893" HPOS="655"/>
							<String ID="string_262" HPOS="683" VPOS="1894" WIDTH="360" HEIGHT="48" WC="0.91" CONTENT="ifrågakommande"/><SP WIDTH="29" VPOS="1894" HPOS="1043"/>
							<String ID="string_263" HPOS="1072" VPOS="1894" WIDTH="226" HEIGHT="50" WC="0.95" CONTENT="förhöjning"/><SP WIDTH="29" VPOS="1894" HPOS="1298"/>
							<String ID="string_264" HPOS="1327" VPOS="1895" WIDTH="12" HEIGHT="36" WC="0.83" CONTENT="i"/><SP WIDTH="29" VPOS="1895" HPOS="1339"/>
							<String ID="string_265" HPOS="1368" VPOS="1896" WIDTH="65" HEIGHT="36" WC="0.96" CONTENT="det"/><SP WIDTH="29" VPOS="1896" HPOS="1433"/>
							<String ID="string_266" HPOS="1462" VPOS="1896" WIDTH="194" HEIGHT="37" WC="0.96" CONTENT="ordinarie"/><SP WIDTH="27" VPOS="1896" HPOS="1656"/>
							<String ID="string_267" HPOS="1683" VPOS="1896" WIDTH="178" HEIGHT="49" WC="0.95" CONTENT="anslaget"/>
						</TextLine>
						<TextLine ID="line_32" HPOS="246" VPOS="1942" WIDTH="641" HEIGHT="51">
							<String ID="string_268" HPOS="246" VPOS="1944" WIDTH="159" HEIGHT="49" WC="0.96" CONTENT="erbjuda"/><SP WIDTH="30" VPOS="1944" HPOS="405"/>
							<String ID="string_269" HPOS="435" VPOS="1942" WIDTH="73" HEIGHT="50" WC="0.95" CONTENT="sig,"/><SP WIDTH="32" VPOS="1942" HPOS="508"/>
							<String ID="string_270" HPOS="540" VPOS="1950" WIDTH="47" HEIGHT="31" WC="0.96" CONTENT="än"/><SP WIDTH="29" VPOS="1950" HPOS="587"/>
							<String ID="string_271" HPOS="616" VPOS="1959" WIDTH="51" HEIGHT="22" WC="0.96" CONTENT="nu"/><SP WIDTH="30" VPOS="1959" HPOS="667"/>
							<String ID="string_272" HPOS="697" VPOS="1950" WIDTH="41" HEIGHT="31" WC="0.96" CONTENT="är"/><SP WIDTH="29" VPOS="1950" HPOS="738"/>
							<String ID="string_273" HPOS="767" VPOS="1945" WIDTH="120" HEIGHT="37" WC="0.96" CONTENT="fallet."/>
						</TextLine>
					</TextBlock>
				</ComposedBlock>
				<ComposedBlock ID="cblock_4" HPOS="376" VPOS="2047" WIDTH="606" HEIGHT="50">
					<TextBlock ID="block_7" HPOS="376" VPOS="2047" WIDTH="606" HEIGHT="50">
						<TextLine ID="line_33" HPOS="376" VPOS="2047" WIDTH="606" HEIGHT="50">
							<String ID="string_274" HPOS="376" VPOS="2047" WIDTH="202" HEIGHT="38" WC="0.96" CONTENT="Utskottet"/><SP WIDTH="27" VPOS="2047" HPOS="578"/>
							<String ID="string_275" HPOS="605" VPOS="2048" WIDTH="224" HEIGHT="37" WC="0.96" CONTENT="hemställer"/><SP WIDTH="29" VPOS="2048" HPOS="829"/>
							<String ID="string_276" HPOS="858" VPOS="2049" WIDTH="124" HEIGHT="48" WC="0.96" CONTENT="alltså,"/>
						</TextLine>
					</TextBlock>
				</ComposedBlock>
				<ComposedBlock ID="cblock_5" HPOS="649" VPOS="2152" WIDTH="1211" HEIGHT="205">
					<TextBlock ID="block_8" HPOS="649" VPOS="2152" WIDTH="1211" HEIGHT="205">
						<TextLine ID="line_34" HPOS="780" VPOS="2152" WIDTH="1080" HEIGHT="52">
							<String ID="string_277" HPOS="780" VPOS="2157" WIDTH="56" HEIGHT="31" WC="0.96" CONTENT="att"/><SP WIDTH="33" VPOS="2157" HPOS="836"/>
							<String ID="string_278" HPOS="869" VPOS="2153" WIDTH="100" HEIGHT="35" WC="0.96" CONTENT="Herr"/><SP WIDTH="27" VPOS="2153" HPOS="969"/>
							<String ID="string_279" HPOS="996" VPOS="2152" WIDTH="179" HEIGHT="37" WC="0.96" CONTENT="Friherre"/><SP WIDTH="29" VPOS="2152" HPOS="1175"/>
							<String ID="string_280" HPOS="1204" VPOS="2153" WIDTH="311" HEIGHT="37" WC="0.96" CONTENT="Nordenskiölds"/><SP WIDTH="31" VPOS="2153" HPOS="1515"/>
							<String ID="string_281" HPOS="1546" VPOS="2153" WIDTH="146" HEIGHT="37" WC="0.96" CONTENT="motion"/><SP WIDTH="30" VPOS="2153" HPOS="1692"/>
							<String ID="string_282" HPOS="1722" VPOS="2157" WIDTH="61" HEIGHT="33" WC="0.96" CONTENT="må"/><SP WIDTH="29" VPOS="2157" HPOS="1783"/>
							<String ID="string_283" HPOS="1812" VPOS="2158" WIDTH="48" HEIGHT="46" WC="0.96" CONTENT="på"/>
						</TextLine>
						<TextLine ID="line_35" HPOS="650" VPOS="2204" WIDTH="1209" HEIGHT="50">
							<String ID="string_284" HPOS="650" VPOS="2204" WIDTH="65" HEIGHT="36" WC="0.96" CONTENT="det"/><SP WIDTH="28" VPOS="2204" HPOS="715"/>
							<String ID="string_285" HPOS="743" VPOS="2209" WIDTH="77" HEIGHT="31" WC="0.93" CONTENT="sätt"/><SP WIDTH="20" VPOS="2209" HPOS="820"/>
							<String ID="string_286" HPOS="840" VPOS="2204" WIDTH="165" HEIGHT="48" WC="0.91" CONTENT="bifallas,"/><SP WIDTH="19" VPOS="2204" HPOS="1005"/>
							<String ID="string_287" HPOS="1024" VPOS="2210" WIDTH="55" HEIGHT="30" WC="0.96" CONTENT="att"/><SP WIDTH="16" VPOS="2210" HPOS="1079"/>
							<String ID="string_288" HPOS="1095" VPOS="2204" WIDTH="238" HEIGHT="50" WC="0.95" CONTENT="Riksdagen,"/><SP WIDTH="17" VPOS="2204" HPOS="1333"/>
							<String ID="string_289" HPOS="1350" VPOS="2206" WIDTH="58" HEIGHT="36" WC="0.93" CONTENT="till"/><SP WIDTH="16" VPOS="2206" HPOS="1408"/>
							<String ID="string_290" HPOS="1424" VPOS="2206" WIDTH="214" HEIGHT="48" WC="0.92" CONTENT="ritningars"/><SP WIDTH="16" VPOS="2206" HPOS="1638"/>
							<String ID="string_291" HPOS="1654" VPOS="2206" WIDTH="205" HEIGHT="37" WC="0.96" CONTENT="utförande"/>
						</TextLine>
						<TextLine ID="line_36" HPOS="649" VPOS="2255" WIDTH="1210" HEIGHT="50">
							<String ID="string_292" HPOS="649" VPOS="2255" WIDTH="65" HEIGHT="37" WC="0.96" CONTENT="vid"/><SP WIDTH="42" VPOS="2255" HPOS="714"/>
							<String ID="string_293" HPOS="756" VPOS="2256" WIDTH="330" HEIGHT="36" WC="0.96" CONTENT="naturhistoriska"/><SP WIDTH="42" VPOS="2256" HPOS="1086"/>
							<String ID="string_294" HPOS="1128" VPOS="2256" WIDTH="246" HEIGHT="48" WC="0.96" CONTENT="riksmuseet,"/><SP WIDTH="42" VPOS="2256" HPOS="1374"/>
							<String ID="string_295" HPOS="1416" VPOS="2260" WIDTH="49" HEIGHT="45" WC="0.96" CONTENT="på"/><SP WIDTH="35" VPOS="2260" HPOS="1465"/>
							<String ID="string_296" HPOS="1500" VPOS="2265" WIDTH="100" HEIGHT="28" WC="0.66" CONTENT="extra"/><SP WIDTH="26" VPOS="2265" HPOS="1600"/>
							<String ID="string_297" HPOS="1626" VPOS="2264" WIDTH="72" HEIGHT="30" WC="0.96" CONTENT="stat"/><SP WIDTH="32" VPOS="2264" HPOS="1698"/>
							<String ID="string_298" HPOS="1730" VPOS="2258" WIDTH="60" HEIGHT="36" WC="0.96" CONTENT="för"/><SP WIDTH="29" VPOS="2258" HPOS="1790"/>
							<String ID="string_299" HPOS="1819" VPOS="2261" WIDTH="40" HEIGHT="34" WC="0.96" CONTENT="år"/>
						</TextLine>
						<TextLine ID="line_37" HPOS="651" VPOS="2307" WIDTH="924" HEIGHT="50">
							<String ID="string_300" HPOS="651" VPOS="2309" WIDTH="94" HEIGHT="35" WC="0.95" CONTENT="1887"/><SP WIDTH="33" VPOS="2309" HPOS="745"/>
							<String ID="string_301" HPOS="778" VPOS="2308" WIDTH="161" HEIGHT="49" WC="0.96" CONTENT="beviljar"/><SP WIDTH="24" VPOS="2308" HPOS="939"/>
							<String ID="string_302" HPOS="963" VPOS="2313" WIDTH="56" HEIGHT="31" WC="0.96" CONTENT="ett"/><SP WIDTH="29" VPOS="2313" HPOS="1019"/>
							<String ID="string_303" HPOS="1048" VPOS="2307" WIDTH="138" HEIGHT="49" WC="0.96" CONTENT="anslag"/><SP WIDTH="25" VPOS="2307" HPOS="1186"/>
							<String ID="string_304" HPOS="1211" VPOS="2308" WIDTH="43" HEIGHT="36" WC="0.90" CONTENT="af"/><SP WIDTH="26" VPOS="2308" HPOS="1254"/>
							<String ID="string_305" HPOS="1280" VPOS="2310" WIDTH="112" HEIGHT="46" WC="0.90" CONTENT="1,000"/><SP WIDTH="29" VPOS="2310" HPOS="1392"/>
							<String ID="string_306" HPOS="1421" VPOS="2309" WIDTH="154" HEIGHT="37" WC="0.96" CONTENT="kronor."/>
						</TextLine>
					</TextBlock>
				</ComposedBlock>
				<ComposedBlock ID="cblock_6" HPOS="1883" VPOS="1072" WIDTH="213" HEIGHT="271">
					<TextBlock ID="block_9" HPOS="1883" VPOS="1072" WIDTH="213" HEIGHT="271">
						<TextLine ID="line_38" HPOS="1884" VPOS="1072" WIDTH="209" HEIGHT="33">
							<String ID="string_307" HPOS="1884" VPOS="1075" WIDTH="71" HEIGHT="30" WC="0.83" CONTENT="Ang."/><SP WIDTH="33" VPOS="1075" HPOS="1955"/>
							<String ID="string_308" HPOS="1988" VPOS="1072" WIDTH="105" HEIGHT="33" WC="0.90" CONTENT="förhöj-"/>
						</TextLine>
						<TextLine ID="line_39" HPOS="1902" VPOS="1107" WIDTH="171" HEIGHT="33">
							<String ID="string_309" HPOS="1902" VPOS="1109" WIDTH="72" HEIGHT="31" WC="0.95" CONTENT="ning"/><SP WIDTH="19" VPOS="1109" HPOS="1974"/>
							<String ID="string_310" HPOS="1993" VPOS="1107" WIDTH="11" HEIGHT="25" WC="0.64" CONTENT="i"/><SP WIDTH="19" VPOS="1107" HPOS="2004"/>
							<String ID="string_311" HPOS="2023" VPOS="1116" WIDTH="50" HEIGHT="16" WC="0.91" CONTENT="an-"/>
						</TextLine>
						<TextLine ID="line_40" HPOS="1883" VPOS="1142" WIDTH="213" HEIGHT="34">
							<String ID="string_312" HPOS="1883" VPOS="1143" WIDTH="87" HEIGHT="33" WC="0.96" CONTENT="slaget"/><SP WIDTH="16" VPOS="1143" HPOS="1970"/>
							<String ID="string_313" HPOS="1986" VPOS="1142" WIDTH="42" HEIGHT="25" WC="0.93" CONTENT="till"/><SP WIDTH="15" VPOS="1142" HPOS="2028"/>
							<String ID="string_314" HPOS="2043" VPOS="1142" WIDTH="53" HEIGHT="25" WC="0.89" CONTENT="rit-"/>
						</TextLine>
						<TextLine ID="line_41" HPOS="1897" VPOS="1178" WIDTH="182" HEIGHT="32">
							<String ID="string_315" HPOS="1897" VPOS="1178" WIDTH="120" HEIGHT="32" WC="0.59" CONTENT="mngars"/><SP WIDTH="18" VPOS="1178" HPOS="2017"/>
							<String ID="string_316" HPOS="2035" VPOS="1179" WIDTH="44" HEIGHT="22" WC="0.90" CONTENT="ut-"/>
						</TextLine>
						<TextLine ID="line_42" HPOS="1895" VPOS="1211" WIDTH="184" HEIGHT="33">
							<String ID="string_317" HPOS="1895" VPOS="1211" WIDTH="119" HEIGHT="33" WC="0.96" CONTENT="förande"/><SP WIDTH="18" VPOS="1211" HPOS="2014"/>
							<String ID="string_318" HPOS="2032" VPOS="1211" WIDTH="47" HEIGHT="25" WC="0.96" CONTENT="vid"/>
						</TextLine>
						<TextLine ID="line_43" HPOS="1901" VPOS="1246" WIDTH="173" HEIGHT="26">
							<String ID="string_319" HPOS="1901" VPOS="1246" WIDTH="173" HEIGHT="26" WC="0.90" CONTENT="naturhisto-"/>
						</TextLine>
						<TextLine ID="line_44" HPOS="1902" VPOS="1280" WIDTH="166" HEIGHT="28">
							<String ID="string_320" HPOS="1902" VPOS="1282" WIDTH="79" HEIGHT="26" WC="0.91" CONTENT="riska"/><SP WIDTH="19" VPOS="1282" HPOS="1981"/>
							<String ID="string_321" HPOS="2000" VPOS="1280" WIDTH="68" HEIGHT="27" WC="0.91" CONTENT="riks-"/>
						</TextLine>
						<TextLine ID="line_45" HPOS="1921" VPOS="1323" WIDTH="135" HEIGHT="20">
							<String ID="string_322" HPOS="1921" VPOS="1323" WIDTH="135" HEIGHT="20" WC="0.22" CONTENT="mMuseun."/>
						</TextLine>
					</TextBlock>
				</ComposedBlock>
			</PrintSpace>
		</Page>
	</Layout>
</alto>
