2232 2587
760 193 101 32 Stats-
871 193 166 35 Utskottets
1069 195 176 33 Utlåtande
1269 196 63 31 N:o
1355 199 52 31 12.
1822 202 40 31 69

291 270 125 50 spridt
444 271 72 37 och
548 271 246 51 tillgängligt
831 273 59 37 för
919 276 42 34 så
985 279 104 32 stora
1119 276 153 37 kretsar
1300 289 82 24 som
1414 278 154 50 möjligt
1605 279 72 37 och
1707 294 44 23 ur
1779 282 128 38 denna

291 323 202 48 synpunkt
520 323 69 37 vill
618 325 64 36 det
709 324 187 50 förefalla,
926 339 83 23 som
1040 339 61 24 om
1131 328 65 36 det
1221 342 136 23 senare
1387 329 42 36 af
1452 330 48 36 de
1525 331 99 36 båda
1646 331 260 41 alternativen

290 388 93 24 vore
413 381 57 31 att
498 376 214 48 föredraga.
761 377 130 48 Något
919 378 195 38 bestämdt
1143 380 198 37 uttalande
1370 381 131 37 härom
1529 383 66 36 vill
1624 384 99 37 dock
1744 385 161 39 Utskot-

290 432 55 32 tet
373 427 88 38 icke
489 433 107 44 göra,
626 433 93 31 utan
749 429 109 37 torde
888 430 75 37 alla
992 430 194 38 intressen
1215 433 87 36 bäst
1330 433 242 49 tillgodoses,
1603 449 61 23 om
1692 439 38 34 åt
1759 438 143 50 Kongl.

289 479 107 49 Maj:t
425 480 259 37 öfverlemnas
713 485 56 32 att
797 481 119 37 ordna
946 482 119 37 saken
1094 486 128 34 såsom
1251 484 226 51 lämpligast
1506 500 131 36 synes.

420 532 202 37 Utskottet
650 533 223 37 hemställer
901 534 124 47 alltså,

823 642 56 31 att
907 636 226 51 Riksdagen
1163 642 63 34 må

823 688 35 49 a)
902 688 59 37 till
1002 690 213 38 understöd
1257 691 59 37 för
1358 692 230 49 utgifvande
1630 694 43 36 af
1707 696 196 37 "Nordisk

692 740 250 50 familjebok'"'
972 741 142 49 bevilja
1143 748 56 31 ett
1227 749 110 32 extra
1365 744 138 50 anslag
1532 746 43 36 af
1599 748 143 46 25,000
1758 748 145 37 kronor

693 798 99 30 samt
833 793 112 36 deraf
982 796 49 46 på
1072 799 110 32 extra
1218 801 77 31 stat
1328 796 58 37 för
1421 800 40 33 år
1492 799 98 35 1887
1621 798 137 39 anvisa
1787 802 115 46 5,000

691 843 158 46 kronor;
880 845 71 37 och

822 896 37 48 b)
900 897 211 49 godkänna
1158 898 48 37 de
1254 898 12 36 i
1314 900 427 49 statsrådsprotokollet
1792 903 110 37 öfver

692 947 424 38 ecklesiastikärenden
1146 949 75 38 den
1253 952 43 35 11
1327 951 161 37 Januari
1519 954 98 35 1886
1648 954 254 38 omförmälda

692 999 126 37 vilkor
860 1000 58 36 för
955 1001 278 37 understödets
1276 1003 212 48 utgående;
1533 1004 98 37 dock
1670 1011 57 31 att
1754 1006 146 49 Kongl.

692 1051 107 49 Maj:t
833 1051 86 37 icke
952 1052 228 49 härigenom
1215 1054 141 36 varder
1389 1055 225 38 förhindrad
1645 1063 56 31 att
1731 1059 87 36 med
1846 1059 55 36 af-

692 1099 141 40 seende
862 1106 49 46 på
939 1104 76 36 den
1040 1105 224 49 föreslagna
1294 1106 272 50 skyldigheten
1595 1108 60 37 för
1678 1109 223 50 utgifvaren

691 1159 56 30 att
767 1154 57 36 till
853 1155 142 49 Kongl.
1022 1156 574 51 Ecklesiastikdepartementet
1616 1160 165 37 aflemna
1802 1162 99 37 visst

689 1206 104 36 antal
824 1207 197 49 exemplar
1049 1208 42 36 af
1115 1208 128 37 boken
1272 1209 153 37 besluta
1449 1211 47 36 de
1517 1211 282 51 förändringar,
1817 1227 82 23 som

688 1256 60 37 för
785 1258 149 36 bokens
968 1259 205 49 spridning
1205 1260 60 36 till
1298 1264 42 33 så
1368 1262 239 38 vidsträckta
1637 1264 151 37 kretsar
1817 1279 82 23 som

687 1309 153 50 möjligt
868 1310 131 37 kunna
1027 1312 124 35 finnas
1180 1312 222 50 lämpliga»;

415 1410 61 34 vid
511 1410 165 46 punkten
722 1412 82 37 89:00
843 1413 216 49 (angående
1105 1415 137 49 anslag
1289 1416 58 36 till
1393 1416 402 51 föreläsningskurser
1841 1420 61 37 för

283 1459 323 47 arbetsklassen):

413 1511 42 37 af
479 1512 144 37 Herrar
648 1514 145 37 Grefve
828 1516 52 37 W.
912 1516 41 37 G.
985 1518 205 48 Hamilton,
1220 1519 38 35 J.
1296 1519 136 43 Widén,
1461 1520 49 36 H.
1542 1521 43 36 P.
1607 1522 45 35 P.
1677 1523 130 35 Tamm
1827 1523 72 36 och

282 1562 39 37 S.
356 1563 162 47 Nilsson,
548 1564 134 38 hvilka
710 1567 115 48 yrkat
853 1568 107 37 bifall
988 1569 58 36 till
1066 1569 100 37 Herr
1191 1570 45 36 A.
1258 1571 107 48 Keys
1389 1571 12 36 i
1424 1576 130 33 ämnet
1573 1573 141 38 väckta
1734 1574 163 46 motion;

415 1666 43 36 af
482 1667 101 37 Herr
614 1667 41 38 O.
686 1670 45 36 B.
765 1669 148 48 Olsson;

414 1720 63 35 vid
505 1721 165 46 punkten
699 1722 80 37 91:0o
813 1722 217 49 (angående
1064 1725 139 48 anslag
1232 1725 57 36 till
1319 1727 285 47 nykterhetens
1634 1728 265 50 befrämjande

282 1770 104 36 inom
415 1771 133 37 landet
576 1785 49 24 m.
656 1773 81 50 m.):

414 1822 42 36 af
479 1822 144 38 Herrar
652 1825 54 37 M.
736 1826 162 37 Jonsson
924 1826 72 37 och
1026 1827 41 35 P.
1098 1826 50 37 M.
1179 1829 177 36 Larsson.

413 1926 102 37 Herr
549 1926 89 38 Carl
671 1929 194 48 Ifvarsson
901 1930 69 36 har
1004 1930 138 50 begärt
1175 1932 37 35 få
1245 1933 248 48 antecknadt,
1523 1939 57 31 att
1608 1935 78 36 han
1714 1935 59 37 till
1800 1936 97 50 följd

282 1977 43 37 af
362 1978 177 49 sjukdom
575 1979 34 48 ej
646 1980 148 37 kunnat
832 1981 156 50 deltaga
1017 1982 11 36 i
1057 1983 292 50 behandlingen
1376 1986 103 36 inom
1510 1986 204 37 Utskottet
1743 1988 42 36 af
1808 1988 47 37 de
1884 1989 13 35 i

283 2029 106 38 detta
417 2030 208 38 Utlåtande
655 2032 252 38 omförmälda
936 2035 182 36 ärenden.

386 2135 145 37 Herrar
566 2134 42 38 O.
651 2136 49 35 W.
736 2135 175 50 Odelberg
944 2138 73 37 och
1050 2138 53 37 A.
1139 2139 44 36 P.
1218 2140 206 37 Danielson
1453 2141 115 37 hafva
1599 2141 136 50 begärt
1764 2143 37 36 få
1829 2157 67 23 an-

282 2186 196 48 tecknadt,
496 2192 57 32 att
578 2187 45 37 de
650 2188 33 49 ej
709 2188 165 48 deltagit
899 2189 11 36 i
936 2190 289 49 behandlingen
1252 2192 42 36 af
1314 2192 167 49 följande
1503 2194 178 48 punkter,
1698 2195 197 48 nemligen

282 2237 101 36 Herr
416 2238 196 50 Odelberg
644 2240 220 50 punkterna
894 2243 229 37 39:0—93:0
1153 2243 70 37 och
1252 2244 101 37 Herr
1380 2244 210 38 Danielson
1615 2246 176 50 punkten
1821 2249 73 37 5:o.
