1897 2839
236 151 18 29 2
542 151 123 30 Första
689 151 244 39 lagutskottets
958 152 177 30 utlåtande
1160 162 41 20 nr
1228 154 14 28 7
1267 153 38 30 år
1329 153 84 29 1969

236 233 142 29 funden.
394 233 125 30 Vidare
534 234 105 39 gäller
654 235 49 28 att
717 233 125 41 Kungl.
857 235 106 39 Maj:t
978 235 78 39 äger
1071 234 167 30 förordna
1252 237 49 27 att
1315 235 150 30 medlem
1479 245 42 20 av
1536 235 180 30 utländskt

233 287 406 40 evangeliskt-lutherskt
664 288 242 30 trossamfund
932 289 88 30 skall
1046 289 46 30 ha
1118 298 134 21 samma
1276 290 70 29 rätt
1371 290 52 29 till
1449 289 138 41 kyrklig
1612 289 106 41 vigsel

236 351 73 21 som
328 342 149 30 medlem
496 352 43 21 av
558 343 148 30 svenska
724 343 148 39 kyrkan.
893 343 129 31 Sådant
1041 343 236 31 förordnande
1296 344 63 30 har
1379 344 191 31 meddelats
1590 346 10 29 i
1620 345 98 39 fråga

233 405 57 21 om
310 397 227 29 medlemmar
558 407 41 19 av
619 397 135 30 danska
775 397 223 40 folkkyrkan,
1020 399 129 29 norska
1171 399 235 39 statskyrkan,
1427 399 169 30 Finlands
1617 408 102 20 evan-

234 451 309 39 gelisk-lutherska
563 452 113 38 kyrka
697 453 64 28 och
783 453 397 38 evangelisk-lutherska
1201 453 363 39 Augustanasynoden
1585 454 11 29 i
1618 454 100 28 Ame-

234 505 86 30 rika.

277 559 228 31 Beträffande
523 560 186 31 förrättare
728 571 41 20 av
787 561 139 41 kyrklig
943 562 107 40 vigsel
1068 562 106 39 gäller
1193 564 50 28 att
1261 562 51 30 till
1331 563 106 39 vigsel
1456 563 96 30 inom
1571 564 148 29 svenska

234 613 137 40 kyrkan
395 614 79 40 äger
498 614 42 30 de
562 615 177 30 trolovade
763 615 94 40 välja
879 615 117 31 vilken
1019 617 97 39 präst
1139 617 96 29 inom
1259 617 137 39 kyrkan
1421 617 41 29 de
1486 617 129 29 önskar
1638 626 80 20 men

234 670 49 27 att
306 668 124 30 endast
452 670 97 38 präst
571 670 11 28 i
606 669 216 40 församling,
847 680 42 19 av
911 670 117 30 vilken
1051 671 127 29 endera
1202 672 37 28 är
1263 671 159 35 medlem,
1447 673 37 28 är
1509 672 137 40 skyldig
1669 673 49 29 att

233 722 87 40 viga.
343 722 98 30 Inom
463 726 106 27 annat
591 724 242 30 trossamfund
855 724 166 31 förrättas
1042 725 106 40 vigsel
1170 735 42 20 av
1233 725 66 30 den
1323 735 73 21 som
1420 727 37 29 är
1478 726 142 40 behörig
1643 727 76 29 där-

236 777 49 29 till
307 777 105 40 enligt
432 777 126 40 Kungl.
579 778 124 40 Maj:ts
724 778 246 32 förordnande.
992 779 71 30 Har
1083 779 126 41 Kungl.
1230 780 106 40 Maj:t
1357 780 165 40 medgivit
1543 783 49 28 att
1612 781 106 39 vigsel

235 831 56 29 må
310 831 167 31 förrättas
496 832 95 30 inom
610 833 85 30 visst
715 833 242 30 trossamfund
977 843 41 21 av
1038 834 78 30 dess
1135 834 226 40 prästerskap
1381 834 82 30 eller
1483 835 101 39 eljest
1604 845 41 20 av
1664 835 55 29 be-

234 884 301 39 fattningshavare
555 887 11 28 i
587 886 211 35 samfundet,
820 888 57 28 må
899 887 108 29 sådan
1028 889 96 37 präst
1144 888 82 29 eller
1246 888 345 39 befattningshavare
1612 889 31 39 ej
1667 890 52 27 ut-

234 938 62 29 öva
321 938 53 30 sin
397 938 203 41 behörighet
624 942 49 27 att
697 940 86 40 viga,
808 941 109 29 innan
940 941 250 40 länsstyrelsen
1214 943 10 29 i
1249 942 56 30 det
1329 942 58 30 län
1411 942 63 30 där
1499 942 220 31 samfundets

235 993 143 38 styrelse
404 994 64 28 har
495 994 58 29 sitt
580 994 81 35 säte,
688 995 44 39 på
759 995 260 42 framställning
1044 1005 42 21 av
1113 996 200 30 samfundet
1340 996 174 31 meddelat
1539 997 97 40 intyg
1662 1007 56 19 om

234 1048 49 27 att
304 1046 70 30 han
397 1048 37 29 är
454 1047 143 41 behörig
618 1050 49 28 att
689 1048 148 31 förrätta
857 1049 107 40 vigsel
985 1050 95 29 inom
1103 1050 212 30 samfundet.
1336 1051 54 29 Nu
1413 1050 62 31 sist
1496 1051 146 30 berörda
1663 1052 56 29 be-

236 1101 198 30 stämmelse
452 1101 197 32 återfinns
641 1097 23 50 i
670 1103 208 39 kungörelse
895 1104 67 29 den
980 1104 40 30 26
1038 1104 144 31 oktober
1202 1104 93 31 1951.

278 1154 226 30 Beträffande
528 1155 111 39 själva
661 1156 308 39 vigselceremonin
992 1158 190 30 föreskrivs
1205 1159 11 29 i
1238 1159 155 30 nämnda
1415 1158 130 40 kapitel
1568 1160 10 29 i
1602 1160 117 38 gifter-

235 1208 227 36 målsbalken,
480 1211 50 28 att
547 1209 41 30 de
604 1210 187 36 trolovade,
810 1221 74 20 som
902 1212 88 31 skall
1007 1221 82 21 vara
1107 1212 178 40 samtidigt
1300 1213 172 30 tillstädes
1489 1213 93 31 inför
1598 1214 121 39 vigsel-

234 1262 221 35 förrättaren,
480 1264 88 44 skall
590 1263 94 31 inför
707 1264 111 31 denne
842 1265 120 40 avgiva
986 1267 57 29 sitt
1065 1266 38 40 ja
1125 1267 64 29 och
1213 1267 177 39 samtycke
1413 1268 52 37 till
1484 1268 235 46 äktenskapet

235 1318 89 28 samt
344 1319 49 27 att
409 1317 302 46 kontrahenterna
731 1319 109 40 därpå
861 1320 87 29 skall
969 1330 42 20 av
1029 1320 321 39 vigselförrättaren
1370 1312 174 40 förklaras
1564 1322 54 30 för
1638 1322 82 30 äkta

234 1361 133 38 makar.
386 1361 13 38 I
409 1361 117 49 övrigt
546 1360 87 50 skall
651 1373 106 29 lända
774 1374 52 28 till
844 1373 240 35 efterrättelse,
1103 1375 57 29 vid
1178 1375 105 39 vigsel
1301 1375 96 29 inom
1416 1377 149 28 svenska
1582 1376 138 38 kyrkan

235 1425 268 42 föreskrifterna
529 1427 10 29 i
565 1426 326 40 kyrkohandboken
917 1429 64 29 och
1006 1428 57 30 vid
1089 1428 107 40 vigsel
1221 1429 96 40 inom
1344 1432 107 27 annat
1476 1430 243 29 trossamfund

235 1479 78 30 dess
329 1479 205 40 kyrkobruk
552 1484 89 26 samt
658 1482 56 28 vid
730 1482 171 40 borgerlig
919 1483 103 38 vigsel
1041 1483 41 29 de
1098 1483 262 30 bestämmelser
1379 1493 74 20 som
1470 1484 126 39 Kungl.
1614 1484 106 39 Maj:t

235 1533 186 31 meddelar.

278 1576 130 53 Genom
438 1588 99 40 lagen
567 1589 67 30 den
664 1589 40 31 30
734 1590 79 39 juni
847 1591 81 29 1948
959 1600 56 20 om
1046 1591 261 30 ämbetsansvar
1339 1592 53 29 för
1423 1592 296 39 vigselförrättare

234 1642 8 28 i
263 1642 92 30 vissa
376 1641 61 31 fall
458 1643 37 29 är
516 1643 145 39 stadgat,
683 1646 49 32 att
752 1644 306 39 vigselförrättare,
1080 1655 73 20 som
1174 1645 207 31 åsidosätter
1400 1646 66 30 vad
1486 1646 129 30 honom
1636 1647 10 29 i
1668 1647 52 29 så-

233 1695 69 29 dan
330 1697 175 39 egenskap
534 1697 128 39 åligger
689 1698 222 30 beträffande
940 1702 107 27 annat
1076 1700 44 29 än
1147 1702 77 27 rent
1253 1700 139 39 kyrklig
1421 1700 157 39 ordning,
1608 1701 110 33 döms,

234 1750 85 28 även
340 1759 57 20 om
418 1750 56 29 det
495 1751 30 38 ej
549 1751 79 29 sker
648 1752 10 28 i
679 1741 168 51 utövning
868 1762 41 20 av
929 1752 196 40 befattning
1144 1754 143 28 varmed
1308 1753 262 30 ämbetsansvar
1591 1755 37 29 är
1650 1754 69 29 för-

234 1807 89 32 enat,
346 1805 53 31 för
420 1805 180 39 tjänstefel
621 1806 52 30 till
694 1806 97 30 böter
812 1807 92 34 eller,
926 1816 57 20 om
1003 1807 127 31 brottet
1153 1808 36 28 är
1211 1809 107 37 grovt,
1342 1807 153 39 fängelse
1517 1809 10 28 i
1548 1808 101 39 högst
1671 1810 47 27 ett

234 1859 37 29 år
294 1859 87 29 efter
404 1859 66 30 vad
493 1860 10 29 i
527 1860 40 29 20
590 1860 79 39 kap.
693 1859 19 30 4
738 1860 15 37 $
777 1860 240 30 brottsbalken
1042 1861 87 39 sägs.

757 2056 225 32 Motionernas
998 2058 197 41 motivering

277 2128 66 30 Till
369 2129 77 29 stöd
471 2129 54 29 för
548 2129 173 39 yrkandet
746 2130 9 29 i
781 2130 251 39 motionsparet
1056 2131 87 29 1:38
1168 2132 62 28 och
1256 2131 102 30 II:45
1384 2140 55 21 om
1466 2131 125 39 vidgad
1617 2132 100 29 behö-

234 2182 111 39 righet
365 2183 56 39 för
443 2182 295 40 vigselförrättare
761 2184 120 30 anförs
904 2185 166 38 följande.

278 2245 74 29 Den
380 2245 235 39 föreliggande
643 2247 277 38 begränsningen
948 2248 51 29 till
1029 2248 165 29 samfund
1222 2249 61 29 bör
1311 2248 191 39 upphävas.
1530 2248 63 30 Det
1621 2249 100 37 avgö-

233 2289 108 30 rande
368 2290 110 30 måste
505 2300 82 20 vara
615 2291 275 31 vederbörandes
919 2292 202 40 anslutning
1148 2293 52 29 till
1228 2293 122 30 kristet
1380 2292 176 31 samfund.
1585 2293 65 29 Om
1679 2293 41 28 de

232 2335 177 29 trolovade
433 2336 81 29 eller
537 2346 42 19 en
602 2346 42 19 av
666 2336 78 30 dem
768 2337 118 30 tillhör
911 2338 148 29 svenska
1082 2338 137 39 kyrkan
1242 2339 82 29 eller
1348 2341 106 27 annat
1477 2338 243 30 trossamfund

232 2382 63 30 bör
319 2383 106 39 vigsel
452 2384 35 29 få
512 2384 63 38 äga
600 2393 76 20 rum
704 2383 165 39 antingen
895 2384 95 30 inom
1015 2384 137 39 kyrkan
1179 2384 81 29 eller
1286 2383 212 30 samfundet.
1524 2383 49 30 De
1599 2392 121 21 senare

234 2428 101 30 årens
354 2428 230 30 ekumeniska
604 2429 209 29 strävanden
833 2429 63 30 har
915 2428 151 30 medfört
1086 2431 46 28 ett
1152 2429 161 29 närmare
1333 2428 194 30 samarbete
1546 2428 73 30 dels
1638 2428 83 29 mel-

233 2473 58 29 lan
313 2473 114 29 skilda
448 2469 339 43 frikyrkosamfund,
810 2474 72 29 dels
904 2474 127 29 mellan
1054 2474 147 29 svenska
1223 2474 137 38 kyrkan
1381 2474 65 28 och
1467 2473 253 39 frikyrkosam-

233 2517 144 30 funden.
406 2518 49 29 De
484 2518 198 39 personliga
710 2518 233 30 kontakterna
974 2518 127 30 mellan
1130 2518 229 30 medlemmar
1390 2518 208 30 tillhörande
1627 2518 94 29 olika

234 2562 131 40 kyrkor
395 2563 63 29 har
489 2563 98 29 blivit.
617 2563 122 29 bättre.
771 2563 127 30 Därför
930 2564 37 29 är
999 2563 55 30 det
1087 2564 177 39 angeläget
1296 2565 49 28 att
1377 2563 342 40 giftermålsbalkens
