1920 2822
87 217 178 24 Lantmäteri-

108 253 134 24 undervis-

119 288 104 31 ningen.

121 322 103 38 [129.]

87 730 176 24 Lantmäteri-

98 766 123 23 kontoren
240 765 11 23 i

131 800 85 23 länen.

121 833 103 39 [130.]

338 138 40 31 90
673 139 395 33 Jordbruksutskottets
1096 138 188 32 utlåtande
1311 138 53 32 Nr
1391 137 29 31 1.

338 217 108 39 134:o)
491 215 551 41 Lantmäteriundervisningen.
1088 215 119 33 Under
1238 216 111 36 punkt
1371 217 63 31 129
1459 216 63 32 har
1545 216 133 37 Kungl.
1701 216 101 38 Maj:t

295 270 176 36 föreslagit
505 269 185 37 riksdagen
724 271 52 30 att
808 269 57 31 till
899 268 515 38 lantmäteriundervisningens
1448 269 174 31 ordnande
1655 269 62 31 och
1748 269 54 31 be-

295 322 168 31 drivande
494 323 123 30 anvisa
649 322 53 31 för
734 321 202 36 budgetåret
968 319 186 43 1929/1930
1186 322 50 30 ett
1263 323 98 29 extra
1384 321 349 36 reservationsanslag
1756 332 46 20 av

296 374 116 36 51,350
436 375 136 30 kronor.

338 426 220 32 Beträffande
581 425 113 32 denna
717 425 261 36 framställning
1001 425 63 31 har
1087 424 186 37 riksdagen
1296 424 106 32 redan
1422 425 106 31 fattat
1543 425 120 36 beslut,
1680 435 121 21 varom

294 479 164 32 utskottet
481 479 203 36 härigenom
708 478 94 31 velat

739 557 127 30 erinra.

338 721 107 38 135:o0)
468 719 408 34 Lantmäterikontoren
904 719 14 33 i
941 719 118 32 länen.
1104 719 120 32 Under
1246 719 112 36 punkt
1381 718 63 32 130
1468 719 64 31 har
1552 719 133 37 Kungl.
1701 719 103 37 Maj:t

294 773 178 37 föreslagit
505 773 184 36 riksdagen
716 774 53 30 att
791 774 31 36 a)
846 772 184 37 godkänna
1052 771 153 37 följande
1228 772 262 35 övergångsstat
1512 771 54 31 för
1588 771 215 31 lantmäteri-

294 827 165 30 kontoren
482 826 12 30 i
517 825 104 31 länen
643 826 52 30 att
717 824 177 36 tillämpas
916 824 81 31 från
1020 824 62 31 och
1105 823 77 32 med
1205 822 201 36 budgetåret
1429 821 202 42 1929/1930:

296 912 2 45 |
439 930 97 30 Tjänst-
1537 941 2 14 I

297 966 1 11 |
329 966 53 23 Lön
398 958 16 42 |
431 965 113 30 görings-
574 948 79 58 il
681 966 99 22 Summa
1054 963 135 23 Titel
1474 944 49 58 2
1555 963 101 22 Kronor
1666 954 17 42 |
1686 962 100 23 Summa

297 993 2 38 |
418 1000 137 29 penningar
630 990 31 22 88
1493 987 13 15 :

297 1063 2 27 |

297 1110 2 33 |
321 1103 77 29 5.000
410 1096 21 51 |
452 1103 78 31 2,500
620 1116 31 5 —
660 1097 19 42 |
699 1102 78 31 7,500
801 1101 262 28 |Överlantmätaren
1081 1105 9 23 i
1110 1103 139 25 Gotlands
1272 1104 47 23 län
1349 1118 100 5 -........
1481 1114 31 3 —
1530 1095 17 43 |
1577 1100 78 30 7,500
1667 1095 15 43 |
1709 1099 78 29 7,500

321 1139 77 28 2,200
411 1131 22 42 |
454 1138 76 30 1,500
603 1137 50 26 150
667 1129 18 44 |
698 1137 79 30 3,850
786 1129 14 44 |
801 1140 206 24 Assistenterna
1035 1140 8 23 i
1072 1138 249 25 Västernorrlands
1345 1134 34 33 (2)
1399 1133 58 29 och!

297 1206 2 8 |
835 1174 158 26 Jämtlands:
1013 1175 435 24 lÄs..sosssaisssssessssensss
1394 1166 22 39 oc
1435 1166 16 39 g
1497 1170 16 25 3
1533 1165 13 40 |
1561 1169 94 30 11,550
1800 1184 1 11 |

321 1209 78 29 2,200
411 1204 22 42 |
454 1208 76 29 1,500
620 1224 32 2 —
663 1204 18 38 |
699 1209 77 28 3,700
791 1204 13 38 |
801 1211 101 23 Annan
921 1211 131 23 assistent
1067 1223 382 7 ............see++sss+
1330 1204 18 38 0
1359 1204 93 38 otererer
1497 1205 16 25 3
1542 1205 113 38 -11,100
1691 1214 96 28 22,650

1424 1270 116 23 Summa
1558 1269 106 24 kronor
1691 1250 87 52 30,150
1791 1254 11 43 |

339 1343 93 23 Anm.:
471 1343 22 22 1.
531 1338 242 27 Överlantmätare
792 1338 124 33 åtnjuter
934 1342 41 22 ett
993 1337 187 34 ålderstillägg
1198 1340 43 23 till
1260 1340 86 23 lönen
1366 1335 15 27 å
1400 1339 50 23 600
1469 1338 108 25 kronor
1595 1339 69 23 efter
1683 1338 15 23 5
1717 1334 38 27 år.

470 1387 24 22 2.
531 1385 139 24 Assistent
697 1381 123 34 åtnjuter
846 1386 43 22 tre
914 1381 188 34 ålderstillägg
1119 1383 45 24 till
1183 1383 83 24 lönen
1286 1379 16 27 å
1321 1383 50 23 500
1389 1382 109 24 kronor
1517 1382 69 23 efter
1604 1381 157 32 respektive
1781 1382 24 27 5,

567 1429 31 24 10
618 1429 55 24 och
694 1429 31 23 15
745 1425 38 28 år.

339 1523 34 37 b)
397 1523 61 31 vid
490 1522 103 31 bifall
616 1522 122 31 härtill
761 1522 138 30 minska
922 1521 176 31 ordinarie
1121 1520 303 36 förslagsanslaget
1445 1519 57 31 till
1525 1518 281 31 lantmäterikon-

296 1577 95 28 toren
415 1575 12 30 i
451 1575 113 35 länen,
588 1584 49 20 nu
661 1574 139 36 547,000
824 1573 137 36 kronor,
984 1572 78 31 med
1085 1572 95 36 3,700
1204 1572 127 30 kronor
1354 1571 57 31 till
1435 1570 139 37 543,300
1597 1570 134 30 kronor.

339 1625 222 33 Beträffande
591 1625 232 37 utredningen
846 1625 13 31 i
881 1624 140 32 ärendet
1043 1624 131 31 tillåter
1195 1623 54 37 sig
1272 1623 166 31 utskottet
1461 1622 148 31 hänvisa
1631 1621 56 31 till
1710 1622 97 30 stats-

297 1679 282 37 rådsprotokollet
601 1678 63 32 sid.
689 1678 183 31 275—282.

342 1732 151 32 Jämlikt
525 1731 113 31 beslut
671 1741 45 21 av
749 1731 84 30 1928
865 1731 57 29 års
945 1729 140 36 riksdag
1108 1729 65 31 har
1196 1728 55 32 till
1276 1728 369 31 lantmäterikontoren
1667 1727 13 30 i
1703 1726 103 31 länen

297 1785 156 36 uppförts
476 1785 47 30 ett
546 1783 172 31 ordinarie
741 1782 268 36 förslagsanslag
1034 1783 21 30 å
1078 1781 138 36 547,000
1240 1781 137 35 kronor,
1392 1781 112 29 avsett
1519 1779 56 31 till
1593 1778 213 32 bestridande

298 1847 44 21 av
366 1836 192 36 utgifterna
582 1835 52 30 för
657 1835 167 30 kontoren
847 1834 108 36 enligt
978 1843 42 21 en
1043 1833 174 31 ordinarie
1240 1833 68 30 stat
1330 1832 63 30 och
1416 1841 42 20 en
1481 1831 270 36 övergångsstat.

341 1941 18 31 I
390 1940 65 32 den
483 1940 172 31 ordinarie
683 1938 298 36 avlöningsstaten
1004 1937 142 31 föreslås
1170 1937 104 35 ingen
1298 1935 216 36 förändring,
1537 1936 154 29 varemot
1713 1936 95 29 över-

298 1993 221 36 gångsstaten
542 1991 110 32 skulle
676 1991 154 31 minskas
853 1990 76 31 med
954 1990 95 35 3,700
1074 1990 125 30 kronor
1218 1988 164 31 beroende
1398 1989 43 34 på
1457 1987 228 31 bortfallande
1700 1997 45 20 av
1761 1988 47 29 ett

297 2044 297 32 assistentarvode.

341 2097 19 31 I
393 2097 116 31 stället
532 2097 54 30 för
608 2095 152 32 nämnda
782 2096 21 30 å
826 2095 305 35 övergångsstaten
1154 2094 176 35 upptagna
1352 2091 287 32 assistentarvode
1661 2091 112 31 skulle
1797 2091 12 30 i

298 2150 153 36 enlighet
485 2148 77 32 med
596 2148 132 37 Kungl.
762 2147 117 37 Maj:ts
911 2147 129 36 förslag
1068 2146 63 31 och
1155 2146 12 30 i
1190 2144 339 32 överensstämmelse
1552 2143 77 32 med
1645 2143 67 31 vad
1735 2153 74 21 som

299 2202 60 32 vid
387 2202 65 31 den
476 2202 84 31 1926
585 2200 222 38 genomförda
830 2200 295 36 löneregleringen
1149 2198 66 38 (IX
1239 2198 44 30 H.
1307 2197 38 31 T.
1369 2197 63 31 sid.
1457 2196 76 38 396)
1558 2196 180 31 förutsatts
1761 2197 49 29 ett

298 2255 201 37 ytterligare
529 2253 287 32 assistentarvode
839 2254 20 29 å
884 2252 94 34 5,850
1003 2252 126 30 kronor
1152 2251 163 30 inräknas
1338 2251 13 30 i
1374 2251 98 29 extra
1496 2249 156 36 anslaget
1674 2248 56 31 till
1753 2258 56 21 av-

299 2307 161 36 löningar
482 2308 37 29 åt
543 2306 104 30 förste
669 2306 197 30 assistenter
889 2304 62 31 och
974 2304 196 30 assistenter
1192 2303 60 30 vid
1276 2302 367 31 lantmäterikontoren
1667 2301 12 30 i
1696 2300 112 36 länen,

299 2361 13 29 i
345 2360 187 30 riksstaten
559 2358 54 30 för
636 2356 235 32 innevarande
894 2356 168 36 budgetår
1085 2355 141 36 uppfört
1248 2354 79 31 med
1350 2354 118 35 66,900
1491 2353 136 35 kronor,
1651 2352 62 31 och
1735 2362 74 21 som

299 2411 146 32 sålunda
471 2411 110 31 skulle
605 2411 169 35 upptagas
798 2409 55 31 till
877 2409 130 37 (66,900
1021 2415 27 27 +
1063 2408 94 36 5,850
1172 2409 44 36 =)
1239 2406 119 36 72,750
1383 2406 127 31 kronor
1532 2405 82 31 eller
1634 2404 175 31 avrundat

301 2464 55 31 till
380 2464 117 36 72,800
521 2463 137 31 kronor.
