2187 2743
420 192 16 27 8
775 192 384 40 Bevulnings-Utskottets
1182 198 207 31 Betänkande
1413 198 60 32 N:o
1494 200 30 31 9.

375 279 127 36 hvilka
544 279 65 37 hos
650 293 69 33 oss,
761 282 156 37 likasom
958 284 99 36 inom
1086 284 81 38 hela
1197 286 67 37 den
1295 287 232 38 civiliserade
1557 290 163 46 verlden,
1749 292 222 51 obetingadt

375 331 192 48 inrymdes
602 333 238 37 erkännande
877 336 10 33 i
916 335 281 39 bemödandena
1225 345 54 30 att
1308 340 83 36 med
1419 346 101 30 stora
1549 342 258 49 uppoffringar
1834 346 139 36 under-

376 382 93 36 lätta
510 383 67 36 och
620 382 183 39 förbättra
845 386 600 50 kommunikations-anstalterna;
1474 399 50 29 att
1554 406 82 23 man
1666 395 59 34 väl
1753 396 125 36 kunde
1908 411 66 22 an-

376 434 125 35 märka
542 435 68 35 och
652 436 224 37 aritmetiskt
918 439 158 36 uträkna
1117 447 55 29 avt
1210 441 70 36 den
1309 442 285 48 ifrågavarande
1624 444 171 50 afgiftens
1824 448 147 48 belopp,

374 485 194 49 tillämpad
598 490 47 44 på
672 493 53 30 ett
753 488 90 36 eller
871 495 113 30 annat
1011 491 177 37 särskildt
1215 492 188 46 fraktslut,
1421 507 85 24 vore
1526 495 37 36 af
1581 496 60 36 den
1661 498 104 47 ringa
1781 499 191 48 betydelse

375 542 54 30 att
456 540 122 44 någon
608 539 206 35 nämnvärd
834 541 165 48 lindring
1018 542 11 35 i
1045 542 306 38 fraktkostnaden
1366 559 133 33 genom
1518 546 176 49 afgiftens
1712 550 260 47 upphäfvande

374 587 80 37 icke
496 588 125 38 kunde
662 589 113 38 blifva
815 597 54 31 att
911 594 176 46 påräkna,
1128 595 66 35 och
1229 601 55 31 att
1312 596 124 37 vidare
1466 597 122 38 kunde
1618 600 55 35 till
1703 601 84 35 stöd
1816 600 56 37 för
1900 603 74 36 den

375 639 132 36 endast
549 644 46 44 på
635 641 91 36 haäfd
767 642 64 36 och
873 644 217 45 statsbehof,
1119 659 83 24 men
1231 647 163 37 hvarken
1423 653 45 44 på
1496 650 153 37 rättvisa
1677 652 88 35 eller
1793 654 181 35 statscko-

373 691 143 35 nomisk
557 692 154 37 klokhet
750 694 196 47 grundade
975 696 175 48 afgiftens
1179 698 258 38 bibehållande
1465 701 189 46 invändas,
1684 708 56 31 att
1767 703 204 38 fraktkost-

373 741 164 37 naderna
578 744 309 49 hufvudsakligen
922 747 208 37 bestämdes
1159 748 40 36 af
1223 750 158 48 tillgång
1409 752 66 34 och
1505 751 223 50 efterfrågan
1756 759 47 43 på
1831 755 136 50 fartyg,

374 804 83 23 men
498 798 54 30 att
585 807 83 22 man
696 795 112 35 likväl
837 796 58 34 vid
927 797 125 48 dylika
1080 799 246 48 beräkningar
1355 802 66 34 och
1451 802 273 48 invändningar
1750 806 134 46 gjorde
1913 808 56 46 sig

372 842 150 50 skyldig
549 845 55 34 till
633 844 231 38 förbiseende
891 847 80 37 icke
1000 849 97 36 blott
1124 849 38 36 af
1186 850 68 36 den
1285 851 242 50 obestridliga
1555 855 169 47 sanning,
1740 861 54 31 att
1811 856 156 49 afgifter,

370 894 110 47 lagda
507 898 48 45 på
583 897 184 36 allmänna
794 900 176 43 rörelsen,
999 900 11 34 i
1038 901 90 35 sista
1157 901 96 36 hand
1281 902 159 37 träffade
1468 905 270 37 konsumenter
1765 908 90 35 eller
1879 922 88 33 pro-

371 944 180 38 ducenter
592 947 83 36 med
716 948 86 35 vida
845 949 113 47 högre
1001 950 150 49 belopp,
1193 960 43 28 än
1280 954 153 36 hvartill
1467 955 197 47 afgifterna
1693 958 11 34 i
1734 959 65 34 och
1828 958 57 36 för
1912 961 56 46 sig

370 996 204 48 uppginge,
604 1004 87 30 utan
722 1000 69 35 ock
819 999 40 36 af
883 1000 69 36 den
983 1002 80 35 icke
1092 1003 142 37 mindre
1263 1005 237 48 obestridliga
1528 1009 218 47 sanningen,
1775 1015 54 30 att
1845 1010 123 48 hvarje

370 1047 145 45 hinder,
544 1061 77 23 som
651 1050 278 48 lagstiftningen
957 1053 117 35 under
1101 1053 95 36 form
1214 1054 39 36 af
1266 1054 149 48 afgifter
1431 1058 91 35 eller
1537 1059 221 36 annorledes
1775 1062 193 46 uppstälde

369 1104 98 30 emot
496 1100 257 48 utvecklingen
783 1100 36 37 af
845 1106 120 43 någon
995 1105 150 43 rörelse,
1174 1106 10 34 i
1213 1106 56 35 sin
1298 1110 84 32 mån
1412 1109 237 37 motverkade
1679 1111 67 35 och
1775 1113 191 36 minskade

369 1149 72 35 den
469 1150 167 50 tillgång,
667 1152 138 45 hvaraf,
830 1154 116 46 jemtc
974 1154 234 49 efterfrågan,
1229 1158 45 34 all
1296 1159 312 50 prisbestämning
1628 1167 136 41 ytterst
1785 1163 180 46 berodde;

368 1206 51 29 att
447 1201 11 34 i
488 1201 71 36 den
588 1202 111 36 täflan
730 1217 57 22 om
816 1204 238 50 fraktfartyg,
1083 1220 77 22 som
1192 1209 153 35 emellan
1363 1210 70 36 alla
1450 1211 128 36 länder
1593 1212 93 47 egde
1704 1226 92 31 rum,
1816 1215 149 36 oveder-

366 1252 169 46 sägligen
564 1253 45 35 de
638 1254 136 44 länder,
802 1268 78 22 som
909 1257 149 45 erbjöde
1086 1257 263 37 fraktsökande
1372 1259 126 50 fartyg
1522 1269 137 28 största
1688 1264 276 47 beqvämlighet

367 1301 67 36 och
476 1303 176 48 trygghet
688 1305 114 46 jemte
843 1306 218 49 lindrigaste
1102 1308 296 48 skeppsafgifter,
1441 1316 118 33 måste
1588 1314 171 36 tillvinna
1787 1315 55 49 sig
1869 1315 94 38 före-

365 1352 108 36 träde
514 1354 11 34 i
565 1355 174 47 rikligare
781 1357 157 47 tillgång
977 1361 47 44 på
1063 1358 126 50 fartyg
1229 1361 68 35 och
1341 1362 107 36 deraf
1472 1363 161 48 följande
1661 1365 240 49 nedsättning
1929 1367 39 36 af

365 1402 243 49 fraktprisen;
650 1413 51 29 att
742 1407 102 35 detta
883 1410 72 34 mål
996 1408 56 36 för
1079 1410 130 47 hvarje
1238 1412 87 35 land
1354 1426 88 23 vore
1472 1414 397 39 eftersträfvansvärdt
1897 1419 67 35 och

365 1453 57 36 för
462 1454 151 50 Sverige
654 1458 86 35 med
782 1458 81 36 dess
891 1461 237 47 synnerligen
1157 1462 262 48 skrymmande
1448 1465 66 35 och
1545 1466 9 34 i
1583 1465 228 38 förhållande
1839 1468 122 37 dertill

364 1505 144 36 mindre
549 1507 193 37 värderika
783 1517 244 40 exportvaror
1068 1511 39 36 af
1145 1520 45 28 än
1232 1527 100 22 mera
1371 1514 250 38 framstående
1656 1518 209 47 betydelse;
1896 1521 66 35 och

364 1555 205 38 hemstälde
610 1557 189 38 Utskottet
839 1564 45 44 på
923 1561 123 48 grund
1087 1562 115 44 häraf,
1235 1570 55 30 att
1323 1564 135 51 Kongl.
1487 1566 122 48 Maj:ts
1638 1569 231 48 proposition
1900 1585 59 22 om

362 1607 346 50 lastpenningarnes
737 1611 242 48 upphörande
1009 1616 113 33 måtte
1150 1614 39 35 af
1213 1615 216 49 Riksdagen
1457 1618 156 36 bifallas.

496 1658 110 37 Hvad
648 1659 191 39 Utskottet
880 1663 156 36 sålunda
1066 1664 176 37 hemstält
1271 1666 78 36 blef
1374 1668 113 36 likväl
1514 1689 49 4 —
1590 1669 92 36 efter
1710 1669 248 52 förutgången

362 1708 225 46 diskussion,
617 1711 186 37 derunder
831 1720 99 29 emot
959 1714 174 49 förslaget
1160 1716 315 50 hufvudsakligen
1504 1720 204 45 framhölls,
1738 1729 53 28 att
1820 1723 137 48 ifråga-

360 1760 164 36 varande
557 1761 107 48 afgift
692 1763 81 36 icke
802 1764 126 35 kunde
956 1778 105 23 anses
1090 1779 89 23 vara
1206 1766 59 37 för
1280 1768 427 48 skeppsrederirörelsen
1723 1772 234 49 betungande

360 1810 67 35 och
465 1816 54 30 att
546 1811 245 47 Statsverket,
821 1827 57 22 om
907 1823 44 27 än
980 1816 58 35 för
1066 1817 161 36 tillfället
1256 1818 92 36 dock
1376 1821 80 34 icke
1484 1820 57 36 för
1570 1823 47 34 all
1645 1822 161 46 framtid,
1834 1832 124 42 syntes

360 1861 124 36 kunna
513 1863 168 37 undvara
710 1864 121 36 denna
860 1865 121 48 afgift,
1010 1880 78 23 som
1119 1881 44 22 en
1191 1872 99 45 gång
1319 1870 199 48 borttagen
1546 1873 82 36 icke
1648 1873 209 38 sedermera
1875 1880 80 33 åter

357 1912 121 36 skulle
506 1913 124 36 kunna
657 1915 139 36 införas
824 1936 50 5 —
900 1916 37 36 af
964 1917 229 48 Riksdagens
1223 1920 95 36 båda
1347 1921 153 36 Kamrar
1527 1919 166 56 afslaget.

491 1963 130 37 Ehuru
649 1964 192 38 Utskottet
869 1968 76 35 lika
973 1968 85 36 med
1089 1972 93 33 1872
1205 1973 58 33 års
1279 1971 402 50 Bevillnings-Utskott
1697 1988 107 24 anser
1818 1976 137 49 ifråga-

357 2014 160 36 varande
559 2019 47 44 på
647 2016 133 47 sjelfva
822 2019 325 46 transportmedlet
1180 2021 109 47 lagda
1318 2022 105 48 afgift
1452 2025 113 35 sakna
1593 2026 130 35 rättvis
1754 2027 67 35 och
1851 2029 104 48 billig

354 2065 138 46 grund,
534 2067 116 35 finner
690 2068 55 48 sig
772 2068 112 36 likväl
913 2068 189 38 Utskottet
1130 2072 84 35 med
1244 2073 173 36 afseende
1446 2078 20 32 å
1495 2075 69 36 den
1594 2078 162 46 mening,
1784 2091 81 23 som
1894 2080 60 35 vid

355 2115 145 48 frågans
541 2117 175 49 pröfning
756 2119 66 35 hos
863 2120 211 49 Riksdagen
1116 2122 64 35 vid
1222 2124 249 48 nyssberörda
1512 2127 177 36 riksmöte
1730 2129 132 47 gjorde
1895 2131 57 48 sig

352 2167 182 45 gällande,
575 2168 79 36 icke
697 2182 49 23 nu
787 2170 124 36 kunna
951 2171 217 48 ifrågasätta
1202 2180 54 30 att
1284 2175 67 35 den
1382 2176 39 35 af
1446 2176 133 48 Kongl.
1610 2178 104 48 Maj:t
1743 2180 9 34 1
1782 2182 167 47 proposi-

351 2218 125 35 tionen
517 2219 57 35 till
614 2221 212 35 nuvarande
866 2222 167 48 Riksdag
1075 2237 59 21 om
1175 2227 241 35 statsverkets
1458 2228 168 35 tillstånd
1670 2230 66 35 och
1772 2231 114 36 behof
1912 2233 40 34 af

1556 2279 284 48 ifrågavarande
