<?xml version="1.0" encoding="UTF-8"?>
<alto xmlns="http://www.loc.gov/standards/alto/ns-v3#" xmlns:xlink="http://www.w3.org/1999/xlink" xmlns:xsi="http://www.w3.org/2001/XMLSchema-instance" xsi:schemaLocation="http://www.loc.gov/standards/alto/ns-v3# http://www.loc.gov/alto/v3/alto-3-0.xsd">
	<Description>
		<MeasurementUnit>pixel</MeasurementUnit>
		<sourceImageInformation>
			<fileName>/tmp/tess_dhhmx1nr_input.PNG</fileName>
		</sourceImageInformation>
		<OCRProcessing ID="OCR_0">
			<ocrProcessingStep>
				<processingSoftware>
					<softwareName>tesseract 5.3.0</softwareName>
				</processingSoftware>
			</ocrProcessingStep>
		</OCRProcessing>
	</Description>
	<Layout>
		<Page WIDTH="1912" HEIGHT="2832" PHYSICAL_IMG_NR="0" ID="page_0">
			<PrintSpace HPOS="0" VPOS="0" WIDTH="1912" HEIGHT="2832">
				<ComposedBlock ID="cblock_0" HPOS="533" VPOS="185" WIDTH="1087" HEIGHT="36">
					<TextBlock ID="block_0" HPOS="533" VPOS="185" WIDTH="1087" HEIGHT="36">
						<TextLine ID="line_0" HPOS="533" VPOS="185" WIDTH="1087" HEIGHT="36">
							<String ID="string_0" HPOS="533" VPOS="185" WIDTH="275" HEIGHT="33" WC="0.92" CONTENT="Statsutskottets"/><SP WIDTH="25" VPOS="185" HPOS="808"/>
							<String ID="string_1" HPOS="833" VPOS="187" WIDTH="177" HEIGHT="32" WC="0.96" CONTENT="utlåtande"/><SP WIDTH="25" VPOS="187" HPOS="1010"/>
							<String ID="string_2" HPOS="1035" VPOS="189" WIDTH="49" HEIGHT="31" WC="0.96" CONTENT="Nr"/><SP WIDTH="22" VPOS="189" HPOS="1084"/>
							<String ID="string_3" HPOS="1106" VPOS="191" WIDTH="70" HEIGHT="30" WC="0.96" CONTENT="202."/><SP WIDTH="406" VPOS="191" HPOS="1176"/>
							<String ID="string_4" HPOS="1582" VPOS="189" WIDTH="38" HEIGHT="31" WC="0.96" CONTENT="67"/>
						</TextLine>
					</TextBlock>
				</ComposedBlock>
				<ComposedBlock ID="cblock_1" HPOS="110" VPOS="266" WIDTH="1508" HEIGHT="1000">
					<TextBlock ID="block_1" HPOS="113" VPOS="266" WIDTH="1505" HEIGHT="404">
						<TextLine ID="line_1" HPOS="160" VPOS="266" WIDTH="1458" HEIGHT="48">
							<String ID="string_5" HPOS="160" VPOS="266" WIDTH="67" HEIGHT="30" WC="0.96" CONTENT="Till"/><SP WIDTH="25" VPOS="266" HPOS="227"/>
							<String ID="string_6" HPOS="252" VPOS="267" WIDTH="189" HEIGHT="31" WC="0.96" CONTENT="kostnader"/><SP WIDTH="28" VPOS="267" HPOS="441"/>
							<String ID="string_7" HPOS="469" VPOS="268" WIDTH="54" HEIGHT="31" WC="0.96" CONTENT="för"/><SP WIDTH="26" VPOS="268" HPOS="523"/>
							<String ID="string_8" HPOS="549" VPOS="269" WIDTH="243" HEIGHT="38" WC="0.96" CONTENT="sjukhusvård,"/><SP WIDTH="30" VPOS="269" HPOS="792"/>
							<String ID="string_9" HPOS="822" VPOS="281" WIDTH="75" HEIGHT="22" WC="0.96" CONTENT="som"/><SP WIDTH="29" VPOS="281" HPOS="897"/>
							<String ID="string_10" HPOS="926" VPOS="272" WIDTH="11" HEIGHT="30" WC="0.93" CONTENT="i"/><SP WIDTH="26" VPOS="272" HPOS="937"/>
							<String ID="string_11" HPOS="963" VPOS="273" WIDTH="286" HEIGHT="38" WC="0.92" CONTENT="nästföregående"/><SP WIDTH="29" VPOS="273" HPOS="1249"/>
							<String ID="string_12" HPOS="1278" VPOS="277" WIDTH="117" HEIGHT="36" WC="0.96" CONTENT="stycke"/><SP WIDTH="28" VPOS="277" HPOS="1395"/>
							<String ID="string_13" HPOS="1423" VPOS="278" WIDTH="86" HEIGHT="36" WC="0.93" CONTENT="sägs,"/><SP WIDTH="25" VPOS="278" HPOS="1509"/>
							<String ID="string_14" HPOS="1534" VPOS="279" WIDTH="84" HEIGHT="30" WC="0.92" CONTENT="hän-"/>
						</TextLine>
						<TextLine ID="line_2" HPOS="116" VPOS="314" WIDTH="1502" HEIGHT="46">
							<String ID="string_15" HPOS="116" VPOS="314" WIDTH="91" HEIGHT="33" WC="0.91" CONTENT="föres"/><SP WIDTH="28" VPOS="314" HPOS="207"/>
							<String ID="string_16" HPOS="235" VPOS="318" WIDTH="65" HEIGHT="29" WC="0.96" CONTENT="ock"/><SP WIDTH="27" VPOS="318" HPOS="300"/>
							<String ID="string_17" HPOS="327" VPOS="317" WIDTH="124" HEIGHT="32" WC="0.96" CONTENT="sådant"/><SP WIDTH="26" VPOS="317" HPOS="451"/>
							<String ID="string_18" HPOS="477" VPOS="320" WIDTH="135" HEIGHT="36" WC="0.96" CONTENT="arvode,"/><SP WIDTH="27" VPOS="320" HPOS="612"/>
							<String ID="string_19" HPOS="639" VPOS="330" WIDTH="76" HEIGHT="21" WC="0.96" CONTENT="som"/><SP WIDTH="25" VPOS="330" HPOS="715"/>
							<String ID="string_20" HPOS="740" VPOS="322" WIDTH="67" HEIGHT="30" WC="0.95" CONTENT="den"/><SP WIDTH="25" VPOS="322" HPOS="807"/>
							<String ID="string_21" HPOS="832" VPOS="323" WIDTH="12" HEIGHT="30" WC="0.96" CONTENT="i"/><SP WIDTH="27" VPOS="323" HPOS="844"/>
							<String ID="string_22" HPOS="871" VPOS="324" WIDTH="127" HEIGHT="30" WC="0.95" CONTENT="enskilt"/><SP WIDTH="23" VPOS="324" HPOS="998"/>
							<String ID="string_23" HPOS="1021" VPOS="325" WIDTH="82" HEIGHT="30" WC="0.93" CONTENT="eller"/><SP WIDTH="24" VPOS="325" HPOS="1103"/>
							<String ID="string_24" HPOS="1127" VPOS="325" WIDTH="210" HEIGHT="32" WC="0.92" CONTENT="halvenskilt"/><SP WIDTH="26" VPOS="325" HPOS="1337"/>
							<String ID="string_25" HPOS="1363" VPOS="337" WIDTH="78" HEIGHT="21" WC="0.96" CONTENT="rum"/><SP WIDTH="27" VPOS="337" HPOS="1441"/>
							<String ID="string_26" HPOS="1468" VPOS="327" WIDTH="150" HEIGHT="33" WC="0.96" CONTENT="vårdade"/>
						</TextLine>
						<TextLine ID="line_3" HPOS="116" VPOS="365" WIDTH="1502" HEIGHT="50">
							<String ID="string_27" HPOS="116" VPOS="365" WIDTH="136" HEIGHT="33" WC="0.96" CONTENT="läraren"/><SP WIDTH="21" VPOS="365" HPOS="252"/>
							<String ID="string_28" HPOS="273" VPOS="368" WIDTH="107" HEIGHT="37" WC="0.95" CONTENT="erlagt"/><SP WIDTH="20" VPOS="368" HPOS="380"/>
							<String ID="string_29" HPOS="400" VPOS="369" WIDTH="51" HEIGHT="31" WC="0.96" CONTENT="till"/><SP WIDTH="20" VPOS="369" HPOS="451"/>
							<String ID="string_30" HPOS="471" VPOS="370" WIDTH="66" HEIGHT="30" WC="0.96" CONTENT="den"/><SP WIDTH="21" VPOS="370" HPOS="537"/>
							<String ID="string_31" HPOS="558" VPOS="370" WIDTH="57" HEIGHT="31" WC="0.96" CONTENT="för"/><SP WIDTH="19" VPOS="370" HPOS="615"/>
							<String ID="string_32" HPOS="634" VPOS="371" WIDTH="130" HEIGHT="32" WC="0.96" CONTENT="vården"/><SP WIDTH="21" VPOS="371" HPOS="764"/>
							<String ID="string_33" HPOS="785" VPOS="373" WIDTH="180" HEIGHT="37" WC="0.93" CONTENT="ansvarige"/><SP WIDTH="19" VPOS="373" HPOS="965"/>
							<String ID="string_34" HPOS="984" VPOS="373" WIDTH="302" HEIGHT="38" WC="0.91" CONTENT="sjukhusläkaren."/><SP WIDTH="23" VPOS="373" HPOS="1286"/>
							<String ID="string_35" HPOS="1309" VPOS="377" WIDTH="126" HEIGHT="38" WC="0.96" CONTENT="Bidrag"/><SP WIDTH="23" VPOS="377" HPOS="1435"/>
							<String ID="string_36" HPOS="1458" VPOS="388" WIDTH="42" HEIGHT="22" WC="0.93" CONTENT="av"/><SP WIDTH="21" VPOS="388" HPOS="1500"/>
							<String ID="string_37" HPOS="1521" VPOS="382" WIDTH="97" HEIGHT="28" WC="0.91" CONTENT="stats-"/>
						</TextLine>
						<TextLine ID="line_4" HPOS="115" VPOS="417" WIDTH="1503" HEIGHT="50">
							<String ID="string_38" HPOS="115" VPOS="417" WIDTH="112" HEIGHT="31" WC="0.96" CONTENT="medel"/><SP WIDTH="24" VPOS="417" HPOS="227"/>
							<String ID="string_39" HPOS="251" VPOS="418" WIDTH="51" HEIGHT="31" WC="0.96" CONTENT="till"/><SP WIDTH="23" VPOS="418" HPOS="302"/>
							<String ID="string_40" HPOS="325" VPOS="418" WIDTH="111" HEIGHT="38" WC="0.96" CONTENT="dylikt"/><SP WIDTH="21" VPOS="418" HPOS="436"/>
							<String ID="string_41" HPOS="457" VPOS="421" WIDTH="127" HEIGHT="31" WC="0.96" CONTENT="arvode"/><SP WIDTH="22" VPOS="421" HPOS="584"/>
							<String ID="string_42" HPOS="606" VPOS="421" WIDTH="58" HEIGHT="32" WC="0.96" CONTENT="må"/><SP WIDTH="20" VPOS="421" HPOS="664"/>
							<String ID="string_43" HPOS="684" VPOS="422" WIDTH="77" HEIGHT="32" WC="0.96" CONTENT="icke"/><SP WIDTH="22" VPOS="422" HPOS="761"/>
							<String ID="string_44" HPOS="783" VPOS="424" WIDTH="170" HEIGHT="37" WC="0.96" CONTENT="överstiga"/><SP WIDTH="23" VPOS="424" HPOS="953"/>
							<String ID="string_45" HPOS="976" VPOS="425" WIDTH="109" HEIGHT="36" WC="0.96" CONTENT="lägsta"/><SP WIDTH="20" VPOS="425" HPOS="1085"/>
							<String ID="string_46" HPOS="1105" VPOS="427" WIDTH="206" HEIGHT="38" WC="0.96" CONTENT="tillämpliga"/><SP WIDTH="21" VPOS="427" HPOS="1311"/>
							<String ID="string_47" HPOS="1332" VPOS="428" WIDTH="160" HEIGHT="38" WC="0.96" CONTENT="beloppet"/><SP WIDTH="23" VPOS="428" HPOS="1492"/>
							<String ID="string_48" HPOS="1515" VPOS="430" WIDTH="103" HEIGHT="37" WC="0.96" CONTENT="enligt"/>
						</TextLine>
						<TextLine ID="line_5" HPOS="116" VPOS="466" WIDTH="1502" HEIGHT="48">
							<String ID="string_49" HPOS="116" VPOS="466" WIDTH="66" HEIGHT="32" WC="0.96" CONTENT="den"/><SP WIDTH="30" VPOS="466" HPOS="182"/>
							<String ID="string_50" HPOS="212" VPOS="478" WIDTH="43" HEIGHT="21" WC="0.93" CONTENT="av"/><SP WIDTH="27" VPOS="478" HPOS="255"/>
							<String ID="string_51" HPOS="282" VPOS="470" WIDTH="353" HEIGHT="38" WC="0.91" CONTENT="medicinalstyrelsen"/><SP WIDTH="28" VPOS="470" HPOS="635"/>
							<String ID="string_52" HPOS="663" VPOS="472" WIDTH="55" HEIGHT="32" WC="0.96" CONTENT="för"/><SP WIDTH="28" VPOS="472" HPOS="718"/>
							<String ID="string_53" HPOS="746" VPOS="473" WIDTH="182" HEIGHT="38" WC="0.96" CONTENT="sjukhuset"/><SP WIDTH="30" VPOS="473" HPOS="928"/>
							<String ID="string_54" HPOS="958" VPOS="475" WIDTH="183" HEIGHT="33" WC="0.96" CONTENT="utfärdade"/><SP WIDTH="29" VPOS="475" HPOS="1141"/>
							<String ID="string_55" HPOS="1170" VPOS="477" WIDTH="211" HEIGHT="37" WC="0.96" CONTENT="rådgivande"/><SP WIDTH="28" VPOS="477" HPOS="1381"/>
							<String ID="string_56" HPOS="1409" VPOS="483" WIDTH="114" HEIGHT="28" WC="0.96" CONTENT="taxan."/><SP WIDTH="32" VPOS="483" HPOS="1523"/>
							<String ID="string_57" HPOS="1555" VPOS="481" WIDTH="63" HEIGHT="31" WC="0.95" CONTENT="Vid"/>
						</TextLine>
						<TextLine ID="line_6" HPOS="115" VPOS="518" WIDTH="1503" HEIGHT="50">
							<String ID="string_58" HPOS="115" VPOS="518" WIDTH="184" HEIGHT="37" WC="0.95" CONTENT="olycksfall"/><SP WIDTH="20" VPOS="518" HPOS="299"/>
							<String ID="string_59" HPOS="319" VPOS="520" WIDTH="11" HEIGHT="30" WC="0.96" CONTENT="i"/><SP WIDTH="18" VPOS="520" HPOS="330"/>
							<String ID="string_60" HPOS="348" VPOS="519" WIDTH="152" HEIGHT="38" WC="0.96" CONTENT="tjänsten"/><SP WIDTH="21" VPOS="519" HPOS="500"/>
							<String ID="string_61" HPOS="521" VPOS="526" WIDTH="88" HEIGHT="27" WC="0.96" CONTENT="samt"/><SP WIDTH="20" VPOS="526" HPOS="609"/>
							<String ID="string_62" HPOS="629" VPOS="523" WIDTH="57" HEIGHT="31" WC="0.96" CONTENT="vid"/><SP WIDTH="22" VPOS="523" HPOS="686"/>
							<String ID="string_63" HPOS="708" VPOS="524" WIDTH="62" HEIGHT="31" WC="0.95" CONTENT="fall"/><SP WIDTH="20" VPOS="524" HPOS="770"/>
							<String ID="string_64" HPOS="790" VPOS="535" WIDTH="42" HEIGHT="21" WC="0.96" CONTENT="av"/><SP WIDTH="20" VPOS="535" HPOS="832"/>
							<String ID="string_65" HPOS="852" VPOS="526" WIDTH="202" HEIGHT="32" WC="0.96" CONTENT="tuberkulos"/><SP WIDTH="20" VPOS="526" HPOS="1054"/>
							<String ID="string_66" HPOS="1074" VPOS="527" WIDTH="57" HEIGHT="31" WC="0.96" CONTENT="må"/><SP WIDTH="22" VPOS="527" HPOS="1131"/>
							<String ID="string_67" HPOS="1153" VPOS="528" WIDTH="107" HEIGHT="31" WC="0.96" CONTENT="likväl"/><SP WIDTH="20" VPOS="528" HPOS="1260"/>
							<String ID="string_68" HPOS="1280" VPOS="530" WIDTH="85" HEIGHT="31" WC="0.96" CONTENT="efter"/><SP WIDTH="20" VPOS="530" HPOS="1365"/>
							<String ID="string_69" HPOS="1385" VPOS="531" WIDTH="171" HEIGHT="37" WC="0.96" CONTENT="prövning"/><SP WIDTH="20" VPOS="531" HPOS="1556"/>
							<String ID="string_70" HPOS="1576" VPOS="542" WIDTH="42" HEIGHT="21" WC="0.96" CONTENT="av"/>
						</TextLine>
						<TextLine ID="line_7" HPOS="113" VPOS="569" WIDTH="1504" HEIGHT="50">
							<String ID="string_71" HPOS="113" VPOS="569" WIDTH="327" HEIGHT="38" WC="0.92" CONTENT="skolöverstyrelsen"/><SP WIDTH="21" VPOS="569" HPOS="440"/>
							<String ID="string_72" HPOS="461" VPOS="573" WIDTH="106" HEIGHT="36" WC="0.96" CONTENT="högre"/><SP WIDTH="20" VPOS="573" HPOS="567"/>
							<String ID="string_73" HPOS="587" VPOS="573" WIDTH="123" HEIGHT="39" WC="0.96" CONTENT="bidrag"/><SP WIDTH="21" VPOS="573" HPOS="710"/>
							<String ID="string_74" HPOS="731" VPOS="576" WIDTH="120" HEIGHT="31" WC="0.96" CONTENT="kunna"/><SP WIDTH="20" VPOS="576" HPOS="851"/>
							<String ID="string_75" HPOS="871" VPOS="577" WIDTH="93" HEIGHT="37" WC="0.96" CONTENT="utgå,"/><SP WIDTH="23" VPOS="577" HPOS="964"/>
							<String ID="string_76" HPOS="987" VPOS="578" WIDTH="89" HEIGHT="31" WC="0.96" CONTENT="dock"/><SP WIDTH="20" VPOS="578" HPOS="1076"/>
							<String ID="string_77" HPOS="1096" VPOS="578" WIDTH="77" HEIGHT="32" WC="0.96" CONTENT="icke"/><SP WIDTH="21" VPOS="578" HPOS="1173"/>
							<String ID="string_78" HPOS="1194" VPOS="581" WIDTH="79" HEIGHT="29" WC="0.95" CONTENT="med"/><SP WIDTH="23" VPOS="581" HPOS="1273"/>
							<String ID="string_79" HPOS="1296" VPOS="582" WIDTH="107" HEIGHT="30" WC="0.96" CONTENT="större"/><SP WIDTH="21" VPOS="582" HPOS="1403"/>
							<String ID="string_80" HPOS="1424" VPOS="582" WIDTH="125" HEIGHT="37" WC="0.95" CONTENT="belopp"/><SP WIDTH="24" VPOS="582" HPOS="1549"/>
							<String ID="string_81" HPOS="1573" VPOS="583" WIDTH="44" HEIGHT="29" WC="0.95" CONTENT="än"/>
						</TextLine>
						<TextLine ID="line_8" HPOS="115" VPOS="618" WIDTH="1501" HEIGHT="52">
							<String ID="string_82" HPOS="115" VPOS="618" WIDTH="65" HEIGHT="38" WC="0.96" CONTENT="det,"/><SP WIDTH="20" VPOS="618" HPOS="180"/>
							<String ID="string_83" HPOS="200" VPOS="629" WIDTH="76" HEIGHT="22" WC="0.96" CONTENT="som"/><SP WIDTH="18" VPOS="629" HPOS="276"/>
							<String ID="string_84" HPOS="294" VPOS="622" WIDTH="79" HEIGHT="30" WC="0.96" CONTENT="med"/><SP WIDTH="17" VPOS="622" HPOS="373"/>
							<String ID="string_85" HPOS="390" VPOS="622" WIDTH="218" HEIGHT="39" WC="0.96" CONTENT="tillämpning"/><SP WIDTH="19" VPOS="622" HPOS="608"/>
							<String ID="string_86" HPOS="627" VPOS="635" WIDTH="42" HEIGHT="21" WC="0.96" CONTENT="av"/><SP WIDTH="20" VPOS="635" HPOS="669"/>
							<String ID="string_87" HPOS="689" VPOS="626" WIDTH="66" HEIGHT="31" WC="0.96" CONTENT="den"/><SP WIDTH="18" VPOS="626" HPOS="755"/>
							<String ID="string_88" HPOS="773" VPOS="626" WIDTH="211" HEIGHT="38" WC="0.96" CONTENT="rådgivande"/><SP WIDTH="18" VPOS="626" HPOS="984"/>
							<String ID="string_89" HPOS="1002" VPOS="632" WIDTH="104" HEIGHT="28" WC="0.96" CONTENT="taxan"/><SP WIDTH="21" VPOS="632" HPOS="1106"/>
							<String ID="string_90" HPOS="1127" VPOS="631" WIDTH="101" HEIGHT="35" WC="0.96" CONTENT="högst"/><SP WIDTH="18" VPOS="631" HPOS="1228"/>
							<String ID="string_91" HPOS="1246" VPOS="632" WIDTH="110" HEIGHT="31" WC="0.96" CONTENT="skulle"/><SP WIDTH="18" VPOS="632" HPOS="1356"/>
							<String ID="string_92" HPOS="1374" VPOS="633" WIDTH="91" HEIGHT="31" WC="0.92" CONTENT="hava"/><SP WIDTH="18" VPOS="633" HPOS="1465"/>
							<String ID="string_93" HPOS="1483" VPOS="634" WIDTH="133" HEIGHT="36" WC="0.92" CONTENT="erlagts."/>
						</TextLine>
					</TextBlock>
					<TextBlock ID="block_2" HPOS="114" VPOS="670" WIDTH="1502" HEIGHT="97">
						<TextLine ID="line_9" HPOS="158" VPOS="670" WIDTH="1458" HEIGHT="51">
							<String ID="string_94" HPOS="158" VPOS="670" WIDTH="200" HEIGHT="39" WC="0.96" CONTENT="Ersättning"/><SP WIDTH="24" VPOS="670" HPOS="358"/>
							<String ID="string_95" HPOS="382" VPOS="672" WIDTH="55" HEIGHT="31" WC="0.96" CONTENT="för"/><SP WIDTH="22" VPOS="672" HPOS="437"/>
							<String ID="string_96" HPOS="459" VPOS="673" WIDTH="85" HEIGHT="31" WC="0.93" CONTENT="vård"/><SP WIDTH="22" VPOS="673" HPOS="544"/>
							<String ID="string_97" HPOS="566" VPOS="674" WIDTH="20" HEIGHT="31" WC="0.92" CONTENT="å"/><SP WIDTH="20" VPOS="674" HPOS="586"/>
							<String ID="string_98" HPOS="606" VPOS="676" WIDTH="146" HEIGHT="32" WC="0.96" CONTENT="allmänt"/><SP WIDTH="22" VPOS="676" HPOS="752"/>
							<String ID="string_99" HPOS="774" VPOS="676" WIDTH="148" HEIGHT="37" WC="0.96" CONTENT="sjukhus"/><SP WIDTH="23" VPOS="676" HPOS="922"/>
							<String ID="string_100" HPOS="945" VPOS="679" WIDTH="59" HEIGHT="31" WC="0.94" CONTENT="må"/><SP WIDTH="23" VPOS="679" HPOS="1004"/>
							<String ID="string_101" HPOS="1027" VPOS="680" WIDTH="11" HEIGHT="30" WC="0.95" CONTENT="i"/><SP WIDTH="21" VPOS="680" HPOS="1038"/>
							<String ID="string_102" HPOS="1059" VPOS="680" WIDTH="84" HEIGHT="31" WC="0.95" CONTENT="intet"/><SP WIDTH="25" VPOS="680" HPOS="1143"/>
							<String ID="string_103" HPOS="1168" VPOS="681" WIDTH="62" HEIGHT="31" WC="0.96" CONTENT="fall"/><SP WIDTH="25" VPOS="681" HPOS="1230"/>
							<String ID="string_104" HPOS="1255" VPOS="682" WIDTH="171" HEIGHT="32" WC="0.96" CONTENT="beräknas"/><SP WIDTH="25" VPOS="682" HPOS="1426"/>
							<String ID="string_105" HPOS="1451" VPOS="683" WIDTH="85" HEIGHT="31" WC="0.95" CONTENT="efter"/><SP WIDTH="22" VPOS="683" HPOS="1536"/>
							<String ID="string_106" HPOS="1558" VPOS="685" WIDTH="58" HEIGHT="36" WC="0.92" CONTENT="dy-"/>
						</TextLine>
						<TextLine ID="line_10" HPOS="114" VPOS="722" WIDTH="969" HEIGHT="45">
							<String ID="string_107" HPOS="114" VPOS="729" WIDTH="76" HEIGHT="22" WC="0.96" CONTENT="rare"/><SP WIDTH="26" VPOS="729" HPOS="190"/>
							<String ID="string_108" HPOS="216" VPOS="722" WIDTH="90" HEIGHT="36" WC="0.96" CONTENT="plats"/><SP WIDTH="24" VPOS="722" HPOS="306"/>
							<String ID="string_109" HPOS="330" VPOS="723" WIDTH="45" HEIGHT="30" WC="0.96" CONTENT="än"/><SP WIDTH="26" VPOS="723" HPOS="375"/>
							<String ID="string_110" HPOS="401" VPOS="724" WIDTH="77" HEIGHT="36" WC="0.95" CONTENT="den,"/><SP WIDTH="25" VPOS="724" HPOS="478"/>
							<String ID="string_111" HPOS="503" VPOS="734" WIDTH="74" HEIGHT="21" WC="0.96" CONTENT="som"/><SP WIDTH="24" VPOS="734" HPOS="577"/>
							<String ID="string_112" HPOS="601" VPOS="727" WIDTH="149" HEIGHT="31" WC="0.96" CONTENT="kommit"/><SP WIDTH="22" VPOS="727" HPOS="750"/>
							<String ID="string_113" HPOS="772" VPOS="728" WIDTH="52" HEIGHT="31" WC="0.96" CONTENT="till"/><SP WIDTH="26" VPOS="728" HPOS="824"/>
							<String ID="string_114" HPOS="850" VPOS="730" WIDTH="233" HEIGHT="37" WC="0.96" CONTENT="användning."/>
						</TextLine>
					</TextBlock>
					<TextBlock ID="block_3" HPOS="112" VPOS="771" WIDTH="1505" HEIGHT="187">
						<TextLine ID="line_11" HPOS="158" VPOS="771" WIDTH="1459" HEIGHT="51">
							<String ID="string_115" HPOS="158" VPOS="771" WIDTH="79" HEIGHT="31" WC="0.96" CONTENT="Med"/><SP WIDTH="21" VPOS="771" HPOS="237"/>
							<String ID="string_116" HPOS="258" VPOS="773" WIDTH="145" HEIGHT="31" WC="0.96" CONTENT="allmänt"/><SP WIDTH="21" VPOS="773" HPOS="403"/>
							<String ID="string_117" HPOS="424" VPOS="773" WIDTH="147" HEIGHT="38" WC="0.96" CONTENT="sjukhus"/><SP WIDTH="20" VPOS="773" HPOS="571"/>
							<String ID="string_118" HPOS="591" VPOS="775" WIDTH="127" HEIGHT="33" WC="0.96" CONTENT="förstås"/><SP WIDTH="21" VPOS="775" HPOS="718"/>
							<String ID="string_119" HPOS="739" VPOS="778" WIDTH="157" HEIGHT="38" WC="0.96" CONTENT="sjukhus,"/><SP WIDTH="24" VPOS="778" HPOS="896"/>
							<String ID="string_120" HPOS="920" VPOS="789" WIDTH="75" HEIGHT="22" WC="0.96" CONTENT="som"/><SP WIDTH="23" VPOS="789" HPOS="995"/>
							<String ID="string_121" HPOS="1018" VPOS="781" WIDTH="117" HEIGHT="31" WC="0.96" CONTENT="tillhör"/><SP WIDTH="22" VPOS="781" HPOS="1135"/>
							<String ID="string_122" HPOS="1157" VPOS="783" WIDTH="82" HEIGHT="31" WC="0.96" CONTENT="eller"/><SP WIDTH="20" VPOS="783" HPOS="1239"/>
							<String ID="string_123" HPOS="1259" VPOS="782" WIDTH="152" HEIGHT="37" WC="0.96" CONTENT="åtnjuter"/><SP WIDTH="21" VPOS="782" HPOS="1411"/>
							<String ID="string_124" HPOS="1432" VPOS="785" WIDTH="121" HEIGHT="37" WC="0.96" CONTENT="bidrag"/><SP WIDTH="22" VPOS="785" HPOS="1553"/>
							<String ID="string_125" HPOS="1575" VPOS="795" WIDTH="42" HEIGHT="21" WC="0.96" CONTENT="av"/>
						</TextLine>
						<TextLine ID="line_12" HPOS="112" VPOS="823" WIDTH="1504" HEIGHT="49">
							<String ID="string_126" HPOS="112" VPOS="823" WIDTH="121" HEIGHT="35" WC="0.96" CONTENT="staten,"/><SP WIDTH="25" VPOS="823" HPOS="233"/>
							<String ID="string_127" HPOS="258" VPOS="823" WIDTH="174" HEIGHT="38" WC="0.95" CONTENT="landsting"/><SP WIDTH="23" VPOS="823" HPOS="432"/>
							<String ID="string_128" HPOS="455" VPOS="825" WIDTH="81" HEIGHT="30" WC="0.96" CONTENT="eller"/><SP WIDTH="22" VPOS="825" HPOS="536"/>
							<String ID="string_129" HPOS="558" VPOS="827" WIDTH="179" HEIGHT="38" WC="0.96" CONTENT="kommun,"/><SP WIDTH="26" VPOS="827" HPOS="737"/>
							<String ID="string_130" HPOS="763" VPOS="829" WIDTH="148" HEIGHT="37" WC="0.96" CONTENT="Konung"/><SP WIDTH="25" VPOS="829" HPOS="911"/>
							<String ID="string_131" HPOS="936" VPOS="830" WIDTH="107" HEIGHT="31" WC="0.96" CONTENT="Oscar"/><SP WIDTH="23" VPOS="830" HPOS="1043"/>
							<String ID="string_132" HPOS="1066" VPOS="832" WIDTH="64" HEIGHT="30" WC="0.93" CONTENT="II:s"/><SP WIDTH="23" VPOS="832" HPOS="1130"/>
							<String ID="string_133" HPOS="1153" VPOS="832" WIDTH="276" HEIGHT="37" WC="0.92" CONTENT="jubileumsfond"/><SP WIDTH="25" VPOS="832" HPOS="1429"/>
							<String ID="string_134" HPOS="1454" VPOS="835" WIDTH="162" HEIGHT="37" WC="0.91" CONTENT="tillhörigt"/>
						</TextLine>
						<TextLine ID="line_13" HPOS="112" VPOS="873" WIDTH="1503" HEIGHT="50">
							<String ID="string_135" HPOS="112" VPOS="873" WIDTH="216" HEIGHT="31" WC="0.96" CONTENT="sanatorium"/><SP WIDTH="20" VPOS="873" HPOS="328"/>
							<String ID="string_136" HPOS="348" VPOS="875" WIDTH="164" HEIGHT="31" WC="0.93" CONTENT="ävensom"/><SP WIDTH="22" VPOS="875" HPOS="512"/>
							<String ID="string_137" HPOS="534" VPOS="877" WIDTH="204" HEIGHT="38" WC="0.91" CONTENT="kuranstalt,"/><SP WIDTH="22" VPOS="877" HPOS="738"/>
							<String ID="string_138" HPOS="760" VPOS="889" WIDTH="74" HEIGHT="22" WC="0.96" CONTENT="som"/><SP WIDTH="21" VPOS="889" HPOS="834"/>
							<String ID="string_139" HPOS="855" VPOS="880" WIDTH="202" HEIGHT="38" WC="0.96" CONTENT="disponeras"/><SP WIDTH="21" VPOS="880" HPOS="1057"/>
							<String ID="string_140" HPOS="1078" VPOS="882" WIDTH="55" HEIGHT="31" WC="0.96" CONTENT="för"/><SP WIDTH="20" VPOS="882" HPOS="1133"/>
							<String ID="string_141" HPOS="1153" VPOS="884" WIDTH="349" HEIGHT="39" WC="0.91" CONTENT="pensionsstyrelsens"/><SP WIDTH="20" VPOS="884" HPOS="1502"/>
							<String ID="string_142" HPOS="1522" VPOS="885" WIDTH="93" HEIGHT="38" WC="0.92" CONTENT="sjuk-"/>
						</TextLine>
						<TextLine ID="line_14" HPOS="113" VPOS="921" WIDTH="1367" HEIGHT="37">
							<String ID="string_143" HPOS="113" VPOS="921" WIDTH="177" HEIGHT="33" WC="0.95" CONTENT="vårdande"/><SP WIDTH="26" VPOS="921" HPOS="290"/>
							<String ID="string_144" HPOS="316" VPOS="927" WIDTH="230" HEIGHT="31" WC="0.95" CONTENT="verksamhet."/><SP WIDTH="933" VPOS="927" HPOS="546"/>
							<String ID="string_145" HPOS="1479" VPOS="935" WIDTH="1" HEIGHT="3" WC="0.89" CONTENT="|"/>
						</TextLine>
					</TextBlock>
					<TextBlock ID="block_4" HPOS="110" VPOS="974" WIDTH="1506" HEIGHT="292">
						<TextLine ID="line_15" HPOS="155" VPOS="974" WIDTH="1459" HEIGHT="50">
							<String ID="string_146" HPOS="155" VPOS="974" WIDTH="21" HEIGHT="29" WC="0.96" CONTENT="2"/><SP WIDTH="25" VPOS="974" HPOS="176"/>
							<String ID="string_147" HPOS="201" VPOS="984" WIDTH="107" HEIGHT="21" WC="0.96" CONTENT="mom."/><SP WIDTH="39" VPOS="984" HPOS="308"/>
							<String ID="string_148" HPOS="347" VPOS="976" WIDTH="194" HEIGHT="32" WC="0.96" CONTENT="Kostnader"/><SP WIDTH="25" VPOS="976" HPOS="541"/>
							<String ID="string_149" HPOS="566" VPOS="978" WIDTH="54" HEIGHT="31" WC="0.96" CONTENT="för"/><SP WIDTH="25" VPOS="978" HPOS="620"/>
							<String ID="string_150" HPOS="645" VPOS="979" WIDTH="86" HEIGHT="32" WC="0.93" CONTENT="vård"/><SP WIDTH="27" VPOS="979" HPOS="731"/>
							<String ID="string_151" HPOS="758" VPOS="981" WIDTH="21" HEIGHT="31" WC="0.92" CONTENT="å"/><SP WIDTH="26" VPOS="981" HPOS="779"/>
							<String ID="string_152" HPOS="805" VPOS="983" WIDTH="135" HEIGHT="30" WC="0.93" CONTENT="enskild"/><SP WIDTH="29" VPOS="983" HPOS="940"/>
							<String ID="string_153" HPOS="969" VPOS="984" WIDTH="314" HEIGHT="37" WC="0.92" CONTENT="sjukvårdsanstalt"/><SP WIDTH="24" VPOS="984" HPOS="1283"/>
							<String ID="string_154" HPOS="1307" VPOS="986" WIDTH="68" HEIGHT="38" WC="0.96" CONTENT="må,"/><SP WIDTH="27" VPOS="986" HPOS="1375"/>
							<String ID="string_155" HPOS="1402" VPOS="988" WIDTH="111" HEIGHT="31" WC="0.92" CONTENT="under"/><SP WIDTH="23" VPOS="988" HPOS="1513"/>
							<String ID="string_156" HPOS="1536" VPOS="998" WIDTH="78" HEIGHT="21" WC="0.92" CONTENT="ena-"/>
						</TextLine>
						<TextLine ID="line_16" HPOS="112" VPOS="1023" WIDTH="1504" HEIGHT="49">
							<String ID="string_157" HPOS="112" VPOS="1023" WIDTH="117" HEIGHT="32" WC="0.96" CONTENT="handa"/><SP WIDTH="22" VPOS="1023" HPOS="229"/>
							<String ID="string_158" HPOS="251" VPOS="1025" WIDTH="247" HEIGHT="39" WC="0.96" CONTENT="förutsättning"/><SP WIDTH="19" VPOS="1025" HPOS="498"/>
							<String ID="string_159" HPOS="517" VPOS="1029" WIDTH="64" HEIGHT="30" WC="0.96" CONTENT="och"/><SP WIDTH="22" VPOS="1029" HPOS="581"/>
							<String ID="string_160" HPOS="603" VPOS="1030" WIDTH="135" HEIGHT="37" WC="0.96" CONTENT="villkor,"/><SP WIDTH="22" VPOS="1030" HPOS="738"/>
							<String ID="string_161" HPOS="760" VPOS="1041" WIDTH="73" HEIGHT="21" WC="0.96" CONTENT="som"/><SP WIDTH="21" VPOS="1041" HPOS="833"/>
							<String ID="string_162" HPOS="854" VPOS="1033" WIDTH="10" HEIGHT="30" WC="0.95" CONTENT="i"/><SP WIDTH="33" VPOS="1033" HPOS="864"/>
							<String ID="string_163" HPOS="897" VPOS="1034" WIDTH="4" HEIGHT="29" WC="0.86" CONTENT="I"/><SP WIDTH="26" VPOS="1034" HPOS="901"/>
							<String ID="string_164" HPOS="927" VPOS="1043" WIDTH="105" HEIGHT="22" WC="0.96" CONTENT="mom."/><SP WIDTH="22" VPOS="1043" HPOS="1032"/>
							<String ID="string_165" HPOS="1054" VPOS="1036" WIDTH="86" HEIGHT="36" WC="0.96" CONTENT="sägs,"/><SP WIDTH="21" VPOS="1036" HPOS="1140"/>
							<String ID="string_166" HPOS="1161" VPOS="1036" WIDTH="170" HEIGHT="32" WC="0.96" CONTENT="bestridas"/><SP WIDTH="23" VPOS="1036" HPOS="1331"/>
							<String ID="string_167" HPOS="1354" VPOS="1048" WIDTH="41" HEIGHT="21" WC="0.93" CONTENT="av"/><SP WIDTH="24" VPOS="1048" HPOS="1395"/>
							<String ID="string_168" HPOS="1419" VPOS="1039" WIDTH="197" HEIGHT="31" WC="0.91" CONTENT="statsmedel"/>
						</TextLine>
						<TextLine ID="line_17" HPOS="112" VPOS="1073" WIDTH="1503" HEIGHT="50">
							<String ID="string_169" HPOS="112" VPOS="1073" WIDTH="89" HEIGHT="31" WC="0.96" CONTENT="intill"/><SP WIDTH="29" VPOS="1073" HPOS="201"/>
							<String ID="string_170" HPOS="230" VPOS="1075" WIDTH="58" HEIGHT="31" WC="0.96" CONTENT="det"/><SP WIDTH="25" VPOS="1075" HPOS="288"/>
							<String ID="string_171" HPOS="313" VPOS="1076" WIDTH="135" HEIGHT="41" WC="0.95" CONTENT="belopp,"/><SP WIDTH="31" VPOS="1076" HPOS="448"/>
							<String ID="string_172" HPOS="479" VPOS="1088" WIDTH="75" HEIGHT="21" WC="0.96" CONTENT="som"/><SP WIDTH="28" VPOS="1088" HPOS="554"/>
							<String ID="string_173" HPOS="582" VPOS="1081" WIDTH="110" HEIGHT="31" WC="0.96" CONTENT="skulle"/><SP WIDTH="29" VPOS="1081" HPOS="692"/>
							<String ID="string_174" HPOS="721" VPOS="1082" WIDTH="91" HEIGHT="31" WC="0.96" CONTENT="hava"/><SP WIDTH="23" VPOS="1082" HPOS="812"/>
							<String ID="string_175" HPOS="835" VPOS="1083" WIDTH="112" HEIGHT="37" WC="0.96" CONTENT="utgått"/><SP WIDTH="27" VPOS="1083" HPOS="947"/>
							<String ID="string_176" HPOS="974" VPOS="1085" WIDTH="10" HEIGHT="29" WC="0.96" CONTENT="i"/><SP WIDTH="27" VPOS="1085" HPOS="984"/>
							<String ID="string_177" HPOS="1011" VPOS="1086" WIDTH="188" HEIGHT="37" WC="0.95" CONTENT="ersättning"/><SP WIDTH="29" VPOS="1086" HPOS="1199"/>
							<String ID="string_178" HPOS="1228" VPOS="1088" WIDTH="57" HEIGHT="30" WC="0.96" CONTENT="vid"/><SP WIDTH="28" VPOS="1088" HPOS="1285"/>
							<String ID="string_179" HPOS="1313" VPOS="1087" WIDTH="85" HEIGHT="32" WC="0.92" CONTENT="vård"/><SP WIDTH="27" VPOS="1087" HPOS="1398"/>
							<String ID="string_180" HPOS="1425" VPOS="1088" WIDTH="21" HEIGHT="31" WC="0.89" CONTENT="å"/><SP WIDTH="27" VPOS="1088" HPOS="1446"/>
							<String ID="string_181" HPOS="1473" VPOS="1090" WIDTH="142" HEIGHT="30" WC="0.96" CONTENT="allmänt"/>
						</TextLine>
						<TextLine ID="line_18" HPOS="112" VPOS="1122" WIDTH="1502" HEIGHT="55">
							<String ID="string_182" HPOS="112" VPOS="1122" WIDTH="162" HEIGHT="40" WC="0.96" CONTENT="sjukhus;"/><SP WIDTH="24" VPOS="1122" HPOS="274"/>
							<String ID="string_183" HPOS="298" VPOS="1126" WIDTH="88" HEIGHT="31" WC="0.96" CONTENT="dock"/><SP WIDTH="24" VPOS="1126" HPOS="386"/>
							<String ID="string_184" HPOS="410" VPOS="1131" WIDTH="58" HEIGHT="33" WC="0.96" CONTENT="att,"/><SP WIDTH="25" VPOS="1131" HPOS="468"/>
							<String ID="string_185" HPOS="493" VPOS="1129" WIDTH="63" HEIGHT="31" WC="0.97" CONTENT="där"/><SP WIDTH="24" VPOS="1129" HPOS="556"/>
							<String ID="string_186" HPOS="580" VPOS="1130" WIDTH="98" HEIGHT="37" WC="0.96" CONTENT="fråga"/><SP WIDTH="24" VPOS="1130" HPOS="678"/>
							<String ID="string_187" HPOS="702" VPOS="1133" WIDTH="39" HEIGHT="29" WC="0.96" CONTENT="är"/><SP WIDTH="22" VPOS="1133" HPOS="741"/>
							<String ID="string_188" HPOS="763" VPOS="1142" WIDTH="58" HEIGHT="21" WC="0.96" CONTENT="om"/><SP WIDTH="21" VPOS="1142" HPOS="821"/>
							<String ID="string_189" HPOS="842" VPOS="1134" WIDTH="185" HEIGHT="37" WC="0.96" CONTENT="olycksfall"/><SP WIDTH="25" VPOS="1134" HPOS="1027"/>
							<String ID="string_190" HPOS="1052" VPOS="1136" WIDTH="10" HEIGHT="30" WC="0.96" CONTENT="i"/><SP WIDTH="22" VPOS="1136" HPOS="1062"/>
							<String ID="string_191" HPOS="1084" VPOS="1136" WIDTH="163" HEIGHT="38" WC="0.96" CONTENT="tjänsten,"/><SP WIDTH="25" VPOS="1136" HPOS="1247"/>
							<String ID="string_192" HPOS="1272" VPOS="1138" WIDTH="44" HEIGHT="37" WC="0.92" CONTENT="på"/><SP WIDTH="22" VPOS="1138" HPOS="1316"/>
							<String ID="string_193" HPOS="1338" VPOS="1140" WIDTH="276" HEIGHT="37" WC="0.92" CONTENT="skolöverstyrel-"/>
						</TextLine>
						<TextLine ID="line_19" HPOS="110" VPOS="1177" WIDTH="1505" HEIGHT="50">
							<String ID="string_194" HPOS="110" VPOS="1184" WIDTH="77" HEIGHT="22" WC="0.96" CONTENT="sens"/><SP WIDTH="26" VPOS="1184" HPOS="187"/>
							<String ID="string_195" HPOS="213" VPOS="1177" WIDTH="171" HEIGHT="38" WC="0.96" CONTENT="prövning"/><SP WIDTH="24" VPOS="1177" HPOS="384"/>
							<String ID="string_196" HPOS="408" VPOS="1179" WIDTH="59" HEIGHT="31" WC="0.96" CONTENT="må"/><SP WIDTH="24" VPOS="1179" HPOS="467"/>
							<String ID="string_197" HPOS="491" VPOS="1180" WIDTH="91" HEIGHT="37" WC="0.96" CONTENT="bero,"/><SP WIDTH="25" VPOS="1180" HPOS="582"/>
							<String ID="string_198" HPOS="607" VPOS="1182" WIDTH="176" HEIGHT="32" WC="0.93" CONTENT="huruvida"/><SP WIDTH="24" VPOS="1182" HPOS="783"/>
							<String ID="string_199" HPOS="807" VPOS="1184" WIDTH="321" HEIGHT="34" WC="0.91" CONTENT="vårdkostnaderna"/><SP WIDTH="25" VPOS="1184" HPOS="1128"/>
							<String ID="string_200" HPOS="1153" VPOS="1188" WIDTH="59" HEIGHT="31" WC="0.95" CONTENT="må"/><SP WIDTH="26" VPOS="1188" HPOS="1212"/>
							<String ID="string_201" HPOS="1238" VPOS="1191" WIDTH="143" HEIGHT="29" WC="0.95" CONTENT="ersättas"/><SP WIDTH="25" VPOS="1191" HPOS="1381"/>
							<String ID="string_202" HPOS="1406" VPOS="1191" WIDTH="79" HEIGHT="30" WC="0.96" CONTENT="med"/><SP WIDTH="26" VPOS="1191" HPOS="1485"/>
							<String ID="string_203" HPOS="1511" VPOS="1191" WIDTH="104" HEIGHT="36" WC="0.96" CONTENT="högre"/>
						</TextLine>
						<TextLine ID="line_20" HPOS="111" VPOS="1225" WIDTH="387" HEIGHT="41">
							<String ID="string_204" HPOS="111" VPOS="1225" WIDTH="124" HEIGHT="39" WC="0.96" CONTENT="belopp"/><SP WIDTH="22" VPOS="1225" HPOS="235"/>
							<String ID="string_205" HPOS="257" VPOS="1228" WIDTH="44" HEIGHT="29" WC="0.96" CONTENT="än"/><SP WIDTH="25" VPOS="1228" HPOS="301"/>
							<String ID="string_206" HPOS="326" VPOS="1238" WIDTH="47" HEIGHT="21" WC="0.96" CONTENT="nu"/><SP WIDTH="24" VPOS="1238" HPOS="373"/>
							<String ID="string_207" HPOS="397" VPOS="1233" WIDTH="101" HEIGHT="33" WC="0.96" CONTENT="sagts."/>
						</TextLine>
					</TextBlock>
				</ComposedBlock>
				<ComposedBlock ID="cblock_2" HPOS="812" VPOS="1329" WIDTH="95" HEIGHT="38">
					<TextBlock ID="block_5" HPOS="812" VPOS="1329" WIDTH="95" HEIGHT="38">
						<TextLine ID="line_21" HPOS="812" VPOS="1329" WIDTH="95" HEIGHT="38">
							<String ID="string_208" HPOS="812" VPOS="1329" WIDTH="40" HEIGHT="29" WC="0.94" CONTENT="32"/><SP WIDTH="26" VPOS="1329" HPOS="852"/>
							<String ID="string_209" HPOS="878" VPOS="1330" WIDTH="29" HEIGHT="37" WC="0.94" CONTENT="8."/>
						</TextLine>
					</TextBlock>
				</ComposedBlock>
				<ComposedBlock ID="cblock_3" HPOS="104" VPOS="1396" WIDTH="1509" HEIGHT="638">
					<TextBlock ID="block_6" HPOS="107" VPOS="1396" WIDTH="1506" HEIGHT="337">
						<TextLine ID="line_22" HPOS="156" VPOS="1396" WIDTH="1456" HEIGHT="54">
							<String ID="string_210" HPOS="156" VPOS="1396" WIDTH="15" HEIGHT="28" WC="0.61" CONTENT="1"/><SP WIDTH="22" VPOS="1396" HPOS="171"/>
							<String ID="string_211" HPOS="193" VPOS="1405" WIDTH="105" HEIGHT="21" WC="0.95" CONTENT="mom."/><SP WIDTH="23" VPOS="1405" HPOS="298"/>
							<String ID="string_212" HPOS="321" VPOS="1397" WIDTH="156" HEIGHT="32" WC="0.95" CONTENT="Kostnad"/><SP WIDTH="22" VPOS="1397" HPOS="477"/>
							<String ID="string_213" HPOS="499" VPOS="1399" WIDTH="54" HEIGHT="31" WC="0.93" CONTENT="för"/><SP WIDTH="18" VPOS="1399" HPOS="553"/>
							<String ID="string_214" HPOS="571" VPOS="1401" WIDTH="177" HEIGHT="32" WC="0.90" CONTENT="anlitande"/><SP WIDTH="19" VPOS="1401" HPOS="748"/>
							<String ID="string_215" HPOS="767" VPOS="1414" WIDTH="42" HEIGHT="20" WC="0.96" CONTENT="av"/><SP WIDTH="19" VPOS="1414" HPOS="809"/>
							<String ID="string_216" HPOS="828" VPOS="1405" WIDTH="129" HEIGHT="37" WC="0.96" CONTENT="läkare,"/><SP WIDTH="21" VPOS="1405" HPOS="957"/>
							<String ID="string_217" HPOS="978" VPOS="1416" WIDTH="74" HEIGHT="22" WC="0.96" CONTENT="som"/><SP WIDTH="20" VPOS="1416" HPOS="1052"/>
							<String ID="string_218" HPOS="1072" VPOS="1409" WIDTH="233" HEIGHT="36" WC="0.96" CONTENT="specialiserat"/><SP WIDTH="21" VPOS="1409" HPOS="1305"/>
							<String ID="string_219" HPOS="1326" VPOS="1412" WIDTH="50" HEIGHT="36" WC="0.96" CONTENT="sig"/><SP WIDTH="20" VPOS="1412" HPOS="1376"/>
							<String ID="string_220" HPOS="1396" VPOS="1412" WIDTH="45" HEIGHT="38" WC="0.93" CONTENT="på"/><SP WIDTH="21" VPOS="1412" HPOS="1441"/>
							<String ID="string_221" HPOS="1462" VPOS="1415" WIDTH="150" HEIGHT="31" WC="0.92" CONTENT="behand-"/>
						</TextLine>
						<TextLine ID="line_23" HPOS="109" VPOS="1443" WIDTH="1504" HEIGHT="55">
							<String ID="string_222" HPOS="109" VPOS="1443" WIDTH="70" HEIGHT="38" WC="0.96" CONTENT="ling"/><SP WIDTH="26" VPOS="1443" HPOS="179"/>
							<String ID="string_223" HPOS="205" VPOS="1455" WIDTH="42" HEIGHT="21" WC="0.96" CONTENT="av"/><SP WIDTH="26" VPOS="1455" HPOS="247"/>
							<String ID="string_224" HPOS="273" VPOS="1446" WIDTH="90" HEIGHT="32" WC="0.93" CONTENT="vissa"/><SP WIDTH="26" VPOS="1446" HPOS="363"/>
							<String ID="string_225" HPOS="389" VPOS="1448" WIDTH="323" HEIGHT="40" WC="0.91" CONTENT="sjukdomsformer,"/><SP WIDTH="28" VPOS="1448" HPOS="712"/>
							<String ID="string_226" HPOS="740" VPOS="1453" WIDTH="166" HEIGHT="33" WC="0.91" CONTENT="bestrides"/><SP WIDTH="26" VPOS="1453" HPOS="906"/>
							<String ID="string_227" HPOS="932" VPOS="1457" WIDTH="58" HEIGHT="29" WC="0.96" CONTENT="vid"/><SP WIDTH="29" VPOS="1457" HPOS="990"/>
							<String ID="string_228" HPOS="1019" VPOS="1458" WIDTH="181" HEIGHT="36" WC="0.95" CONTENT="olycksfall"/><SP WIDTH="27" VPOS="1458" HPOS="1200"/>
							<String ID="string_229" HPOS="1227" VPOS="1461" WIDTH="11" HEIGHT="29" WC="0.96" CONTENT="i"/><SP WIDTH="26" VPOS="1461" HPOS="1238"/>
							<String ID="string_230" HPOS="1264" VPOS="1461" WIDTH="149" HEIGHT="37" WC="0.96" CONTENT="tjänsten"/><SP WIDTH="26" VPOS="1461" HPOS="1413"/>
							<String ID="string_231" HPOS="1439" VPOS="1469" WIDTH="90" HEIGHT="27" WC="0.96" CONTENT="samt"/><SP WIDTH="27" VPOS="1469" HPOS="1529"/>
							<String ID="string_232" HPOS="1556" VPOS="1466" WIDTH="57" HEIGHT="30" WC="0.96" CONTENT="vid"/>
						</TextLine>
						<TextLine ID="line_24" HPOS="109" VPOS="1494" WIDTH="1504" HEIGHT="57">
							<String ID="string_233" HPOS="109" VPOS="1494" WIDTH="62" HEIGHT="31" WC="0.96" CONTENT="fall"/><SP WIDTH="26" VPOS="1494" HPOS="171"/>
							<String ID="string_234" HPOS="197" VPOS="1505" WIDTH="43" HEIGHT="21" WC="0.96" CONTENT="av"/><SP WIDTH="27" VPOS="1505" HPOS="240"/>
							<String ID="string_235" HPOS="267" VPOS="1497" WIDTH="202" HEIGHT="33" WC="0.96" CONTENT="tuberkulos"/><SP WIDTH="28" VPOS="1497" HPOS="469"/>
							<String ID="string_236" HPOS="497" VPOS="1500" WIDTH="70" HEIGHT="31" WC="0.96" CONTENT="helt"/><SP WIDTH="27" VPOS="1500" HPOS="567"/>
							<String ID="string_237" HPOS="594" VPOS="1502" WIDTH="65" HEIGHT="30" WC="0.96" CONTENT="och"/><SP WIDTH="25" VPOS="1502" HPOS="659"/>
							<String ID="string_238" HPOS="684" VPOS="1503" WIDTH="97" HEIGHT="37" WC="0.96" CONTENT="eljest"/><SP WIDTH="27" VPOS="1503" HPOS="781"/>
							<String ID="string_239" HPOS="808" VPOS="1505" WIDTH="50" HEIGHT="30" WC="0.96" CONTENT="till"/><SP WIDTH="28" VPOS="1505" HPOS="858"/>
							<String ID="string_240" HPOS="886" VPOS="1509" WIDTH="51" HEIGHT="27" WC="0.96" CONTENT="tre"/><SP WIDTH="27" VPOS="1509" HPOS="937"/>
							<String ID="string_241" HPOS="964" VPOS="1506" WIDTH="210" HEIGHT="38" WC="0.96" CONTENT="fjärdedelar"/><SP WIDTH="26" VPOS="1506" HPOS="1174"/>
							<String ID="string_242" HPOS="1200" VPOS="1521" WIDTH="43" HEIGHT="21" WC="0.93" CONTENT="av"/><SP WIDTH="27" VPOS="1521" HPOS="1243"/>
							<String ID="string_243" HPOS="1270" VPOS="1514" WIDTH="207" HEIGHT="37" WC="0.91" CONTENT="statsmedel,"/><SP WIDTH="28" VPOS="1514" HPOS="1477"/>
							<String ID="string_244" HPOS="1505" VPOS="1517" WIDTH="108" HEIGHT="30" WC="0.96" CONTENT="under"/>
						</TextLine>
						<TextLine ID="line_25" HPOS="109" VPOS="1544" WIDTH="1503" HEIGHT="56">
							<String ID="string_245" HPOS="109" VPOS="1544" WIDTH="248" HEIGHT="40" WC="0.96" CONTENT="förutsättning"/><SP WIDTH="18" VPOS="1544" HPOS="357"/>
							<String ID="string_246" HPOS="375" VPOS="1551" WIDTH="50" HEIGHT="28" WC="0.93" CONTENT="att"/><SP WIDTH="18" VPOS="1551" HPOS="425"/>
							<String ID="string_247" HPOS="443" VPOS="1549" WIDTH="245" HEIGHT="38" WC="0.91" CONTENT="tjänsteläkare"/><SP WIDTH="21" VPOS="1549" HPOS="688"/>
							<String ID="string_248" HPOS="709" VPOS="1554" WIDTH="81" HEIGHT="31" WC="0.96" CONTENT="eller"/><SP WIDTH="20" VPOS="1554" HPOS="790"/>
							<String ID="string_249" HPOS="810" VPOS="1565" WIDTH="118" HEIGHT="22" WC="0.96" CONTENT="annan"/><SP WIDTH="18" VPOS="1565" HPOS="928"/>
							<String ID="string_250" HPOS="946" VPOS="1557" WIDTH="127" HEIGHT="37" WC="0.96" CONTENT="läkare,"/><SP WIDTH="23" VPOS="1557" HPOS="1073"/>
							<String ID="string_251" HPOS="1096" VPOS="1569" WIDTH="74" HEIGHT="21" WC="0.96" CONTENT="som"/><SP WIDTH="20" VPOS="1569" HPOS="1170"/>
							<String ID="string_252" HPOS="1190" VPOS="1562" WIDTH="135" HEIGHT="31" WC="0.96" CONTENT="läraren"/><SP WIDTH="19" VPOS="1562" HPOS="1325"/>
							<String ID="string_253" HPOS="1344" VPOS="1565" WIDTH="104" HEIGHT="35" WC="0.93" CONTENT="enligt"/><SP WIDTH="19" VPOS="1565" HPOS="1448"/>
							<String ID="string_254" HPOS="1467" VPOS="1565" WIDTH="145" HEIGHT="32" WC="0.92" CONTENT="bestäm-"/>
						</TextLine>
						<TextLine ID="line_26" HPOS="108" VPOS="1596" WIDTH="1504" HEIGHT="57">
							<String ID="string_255" HPOS="108" VPOS="1596" WIDTH="171" HEIGHT="31" WC="0.91" CONTENT="melserna"/><SP WIDTH="27" VPOS="1596" HPOS="279"/>
							<String ID="string_256" HPOS="306" VPOS="1598" WIDTH="11" HEIGHT="29" WC="0.95" CONTENT="i"/><SP WIDTH="25" VPOS="1598" HPOS="317"/>
							<String ID="string_257" HPOS="342" VPOS="1599" WIDTH="41" HEIGHT="30" WC="0.95" CONTENT="30"/><SP WIDTH="28" VPOS="1599" HPOS="383"/>
							<String ID="string_258" HPOS="411" VPOS="1599" WIDTH="19" HEIGHT="37" WC="0.90" CONTENT="8"/><SP WIDTH="26" VPOS="1599" HPOS="430"/>
							<String ID="string_259" HPOS="456" VPOS="1601" WIDTH="56" HEIGHT="36" WC="0.96" CONTENT="ägt"/><SP WIDTH="26" VPOS="1601" HPOS="512"/>
							<String ID="string_260" HPOS="538" VPOS="1602" WIDTH="115" HEIGHT="36" WC="0.96" CONTENT="anlita,"/><SP WIDTH="27" VPOS="1602" HPOS="653"/>
							<String ID="string_261" HPOS="680" VPOS="1603" WIDTH="170" HEIGHT="33" WC="0.96" CONTENT="förklarat"/><SP WIDTH="26" VPOS="1603" HPOS="850"/>
							<String ID="string_262" HPOS="876" VPOS="1606" WIDTH="109" HEIGHT="32" WC="0.96" CONTENT="sådan"/><SP WIDTH="28" VPOS="1606" HPOS="985"/>
							<String ID="string_263" HPOS="1013" VPOS="1610" WIDTH="258" HEIGHT="36" WC="0.96" CONTENT="specialistvård"/><SP WIDTH="26" VPOS="1610" HPOS="1271"/>
							<String ID="string_264" HPOS="1297" VPOS="1614" WIDTH="198" HEIGHT="39" WC="0.96" CONTENT="nödvändig"/><SP WIDTH="28" VPOS="1614" HPOS="1495"/>
							<String ID="string_265" HPOS="1523" VPOS="1621" WIDTH="89" HEIGHT="27" WC="0.96" CONTENT="samt"/>
						</TextLine>
						<TextLine ID="line_27" HPOS="107" VPOS="1643" WIDTH="1504" HEIGHT="58">
							<String ID="string_266" HPOS="107" VPOS="1643" WIDTH="247" HEIGHT="38" WC="0.92" CONTENT="tjänsteläkare"/><SP WIDTH="29" VPOS="1643" HPOS="354"/>
							<String ID="string_267" HPOS="383" VPOS="1650" WIDTH="163" HEIGHT="37" WC="0.96" CONTENT="antingen"/><SP WIDTH="31" VPOS="1650" HPOS="546"/>
							<String ID="string_268" HPOS="577" VPOS="1651" WIDTH="87" HEIGHT="38" WC="0.96" CONTENT="själv"/><SP WIDTH="27" VPOS="1651" HPOS="664"/>
							<String ID="string_269" HPOS="691" VPOS="1654" WIDTH="133" HEIGHT="32" WC="0.96" CONTENT="lämnat"/><SP WIDTH="29" VPOS="1654" HPOS="824"/>
							<String ID="string_270" HPOS="853" VPOS="1658" WIDTH="184" HEIGHT="38" WC="0.96" CONTENT="anvisning"/><SP WIDTH="29" VPOS="1658" HPOS="1037"/>
							<String ID="string_271" HPOS="1066" VPOS="1660" WIDTH="44" HEIGHT="37" WC="0.95" CONTENT="på"/><SP WIDTH="30" VPOS="1660" HPOS="1110"/>
							<String ID="string_272" HPOS="1140" VPOS="1662" WIDTH="81" HEIGHT="31" WC="0.96" CONTENT="eller"/><SP WIDTH="29" VPOS="1662" HPOS="1221"/>
							<String ID="string_273" HPOS="1250" VPOS="1665" WIDTH="63" HEIGHT="29" WC="0.96" CONTENT="ock"/><SP WIDTH="29" VPOS="1665" HPOS="1313"/>
							<String ID="string_274" HPOS="1342" VPOS="1666" WIDTH="153" HEIGHT="35" WC="0.95" CONTENT="godkänt"/><SP WIDTH="28" VPOS="1666" HPOS="1495"/>
							<String ID="string_275" HPOS="1523" VPOS="1669" WIDTH="88" HEIGHT="30" WC="0.96" CONTENT="valet"/>
						</TextLine>
						<TextLine ID="line_28" HPOS="108" VPOS="1697" WIDTH="243" HEIGHT="36">
							<String ID="string_276" HPOS="108" VPOS="1704" WIDTH="42" HEIGHT="21" WC="0.96" CONTENT="av"/><SP WIDTH="19" VPOS="1704" HPOS="150"/>
							<String ID="string_277" HPOS="169" VPOS="1697" WIDTH="182" HEIGHT="36" WC="0.96" CONTENT="specialist."/>
						</TextLine>
					</TextBlock>
					<TextBlock ID="block_7" HPOS="106" VPOS="1747" WIDTH="1504" HEIGHT="131">
						<TextLine ID="line_29" HPOS="152" VPOS="1747" WIDTH="1458" HEIGHT="58">
							<String ID="string_278" HPOS="152" VPOS="1747" WIDTH="91" HEIGHT="31" WC="0.96" CONTENT="Utan"/><SP WIDTH="20" VPOS="1747" HPOS="243"/>
							<String ID="string_279" HPOS="263" VPOS="1748" WIDTH="123" HEIGHT="32" WC="0.96" CONTENT="hinder"/><SP WIDTH="19" VPOS="1748" HPOS="386"/>
							<String ID="string_280" HPOS="405" VPOS="1761" WIDTH="43" HEIGHT="20" WC="0.96" CONTENT="av"/><SP WIDTH="19" VPOS="1761" HPOS="448"/>
							<String ID="string_281" HPOS="467" VPOS="1752" WIDTH="67" HEIGHT="30" WC="0.96" CONTENT="vad"/><SP WIDTH="19" VPOS="1752" HPOS="534"/>
							<String ID="string_282" HPOS="553" VPOS="1753" WIDTH="9" HEIGHT="30" WC="0.96" CONTENT="i"/><SP WIDTH="21" VPOS="1753" HPOS="562"/>
							<String ID="string_283" HPOS="583" VPOS="1753" WIDTH="109" HEIGHT="33" WC="0.96" CONTENT="första"/><SP WIDTH="20" VPOS="1753" HPOS="692"/>
							<String ID="string_284" HPOS="712" VPOS="1758" WIDTH="133" HEIGHT="36" WC="0.96" CONTENT="stycket"/><SP WIDTH="21" VPOS="1758" HPOS="845"/>
							<String ID="string_285" HPOS="866" VPOS="1759" WIDTH="77" HEIGHT="36" WC="0.96" CONTENT="sägs"/><SP WIDTH="20" VPOS="1759" HPOS="943"/>
							<String ID="string_286" HPOS="963" VPOS="1761" WIDTH="88" HEIGHT="30" WC="0.96" CONTENT="skall"/><SP WIDTH="20" VPOS="1761" HPOS="1051"/>
							<String ID="string_287" HPOS="1071" VPOS="1762" WIDTH="88" HEIGHT="31" WC="0.96" CONTENT="dock"/><SP WIDTH="20" VPOS="1762" HPOS="1159"/>
							<String ID="string_288" HPOS="1179" VPOS="1765" WIDTH="149" HEIGHT="31" WC="0.96" CONTENT="kostnad"/><SP WIDTH="22" VPOS="1765" HPOS="1328"/>
							<String ID="string_289" HPOS="1350" VPOS="1765" WIDTH="54" HEIGHT="32" WC="0.93" CONTENT="för"/><SP WIDTH="22" VPOS="1765" HPOS="1404"/>
							<String ID="string_290" HPOS="1426" VPOS="1769" WIDTH="184" HEIGHT="36" WC="0.92" CONTENT="specialist-"/>
						</TextLine>
						<TextLine ID="line_30" HPOS="107" VPOS="1794" WIDTH="1501" HEIGHT="57">
							<String ID="string_291" HPOS="107" VPOS="1794" WIDTH="94" HEIGHT="39" WC="0.95" CONTENT="vård,"/><SP WIDTH="24" VPOS="1794" HPOS="201"/>
							<String ID="string_292" HPOS="225" VPOS="1807" WIDTH="75" HEIGHT="21" WC="0.96" CONTENT="som"/><SP WIDTH="18" VPOS="1807" HPOS="300"/>
							<String ID="string_293" HPOS="318" VPOS="1801" WIDTH="175" HEIGHT="31" WC="0.93" CONTENT="meddelas"/><SP WIDTH="21" VPOS="1801" HPOS="493"/>
							<String ID="string_294" HPOS="514" VPOS="1802" WIDTH="20" HEIGHT="31" WC="0.92" CONTENT="å"/><SP WIDTH="20" VPOS="1802" HPOS="534"/>
							<String ID="string_295" HPOS="554" VPOS="1804" WIDTH="182" HEIGHT="37" WC="0.90" CONTENT="poliklinik"/><SP WIDTH="20" VPOS="1804" HPOS="736"/>
							<String ID="string_296" HPOS="756" VPOS="1808" WIDTH="57" HEIGHT="29" WC="0.96" CONTENT="vid"/><SP WIDTH="20" VPOS="1808" HPOS="813"/>
							<String ID="string_297" HPOS="833" VPOS="1809" WIDTH="146" HEIGHT="32" WC="0.96" CONTENT="allmänt"/><SP WIDTH="21" VPOS="1809" HPOS="979"/>
							<String ID="string_298" HPOS="1000" VPOS="1810" WIDTH="146" HEIGHT="37" WC="0.96" CONTENT="sjukhus"/><SP WIDTH="20" VPOS="1810" HPOS="1146"/>
							<String ID="string_299" HPOS="1166" VPOS="1814" WIDTH="169" HEIGHT="33" WC="0.96" CONTENT="bestridas"/><SP WIDTH="20" VPOS="1814" HPOS="1335"/>
							<String ID="string_300" HPOS="1355" VPOS="1817" WIDTH="71" HEIGHT="31" WC="0.96" CONTENT="helt"/><SP WIDTH="22" VPOS="1817" HPOS="1426"/>
							<String ID="string_301" HPOS="1448" VPOS="1828" WIDTH="43" HEIGHT="21" WC="0.93" CONTENT="av"/><SP WIDTH="21" VPOS="1828" HPOS="1491"/>
							<String ID="string_302" HPOS="1512" VPOS="1823" WIDTH="96" HEIGHT="28" WC="0.91" CONTENT="stats-"/>
						</TextLine>
						<TextLine ID="line_31" HPOS="106" VPOS="1847" WIDTH="121" HEIGHT="31">
							<String ID="string_303" HPOS="106" VPOS="1847" WIDTH="121" HEIGHT="31" WC="0.96" CONTENT="medel."/>
						</TextLine>
					</TextBlock>
					<TextBlock ID="block_8" HPOS="104" VPOS="1898" WIDTH="1504" HEIGHT="136">
						<TextLine ID="line_32" HPOS="149" VPOS="1898" WIDTH="1458" HEIGHT="58">
							<String ID="string_304" HPOS="149" VPOS="1898" WIDTH="20" HEIGHT="29" WC="0.96" CONTENT="2"/><SP WIDTH="19" VPOS="1898" HPOS="169"/>
							<String ID="string_305" HPOS="188" VPOS="1907" WIDTH="106" HEIGHT="22" WC="0.88" CONTENT="mom."/><SP WIDTH="31" VPOS="1907" HPOS="294"/>
							<String ID="string_306" HPOS="325" VPOS="1899" WIDTH="74" HEIGHT="31" WC="0.87" CONTENT="Vad"/><SP WIDTH="18" VPOS="1899" HPOS="399"/>
							<String ID="string_307" HPOS="417" VPOS="1901" WIDTH="12" HEIGHT="30" WC="0.87" CONTENT="i"/><SP WIDTH="23" VPOS="1901" HPOS="429"/>
							<String ID="string_308" HPOS="452" VPOS="1903" WIDTH="14" HEIGHT="29" WC="0.94" CONTENT="1"/><SP WIDTH="23" VPOS="1903" HPOS="466"/>
							<String ID="string_309" HPOS="489" VPOS="1912" WIDTH="103" HEIGHT="22" WC="0.96" CONTENT="mom."/><SP WIDTH="20" VPOS="1912" HPOS="592"/>
							<String ID="string_310" HPOS="612" VPOS="1906" WIDTH="77" HEIGHT="35" WC="0.96" CONTENT="sägs"/><SP WIDTH="21" VPOS="1906" HPOS="689"/>
							<String ID="string_311" HPOS="710" VPOS="1907" WIDTH="89" HEIGHT="30" WC="0.96" CONTENT="skall"/><SP WIDTH="19" VPOS="1907" HPOS="799"/>
							<String ID="string_312" HPOS="818" VPOS="1910" WIDTH="64" HEIGHT="35" WC="0.96" CONTENT="äga"/><SP WIDTH="20" VPOS="1910" HPOS="882"/>
							<String ID="string_313" HPOS="902" VPOS="1914" WIDTH="244" HEIGHT="30" WC="0.96" CONTENT="motsvarande"/><SP WIDTH="20" VPOS="1914" HPOS="1146"/>
							<String ID="string_314" HPOS="1166" VPOS="1914" WIDTH="219" HEIGHT="40" WC="0.96" CONTENT="tillämpning"/><SP WIDTH="19" VPOS="1914" HPOS="1385"/>
							<String ID="string_315" HPOS="1404" VPOS="1918" WIDTH="10" HEIGHT="30" WC="0.96" CONTENT="i"/><SP WIDTH="20" VPOS="1918" HPOS="1414"/>
							<String ID="string_316" HPOS="1434" VPOS="1919" WIDTH="98" HEIGHT="37" WC="0.96" CONTENT="fråga"/><SP WIDTH="20" VPOS="1919" HPOS="1532"/>
							<String ID="string_317" HPOS="1552" VPOS="1930" WIDTH="55" HEIGHT="21" WC="0.96" CONTENT="om"/>
						</TextLine>
						<TextLine ID="line_33" HPOS="105" VPOS="1946" WIDTH="1503" HEIGHT="58">
							<String ID="string_318" HPOS="105" VPOS="1946" WIDTH="149" HEIGHT="32" WC="0.96" CONTENT="kostnad"/><SP WIDTH="22" VPOS="1946" HPOS="254"/>
							<String ID="string_319" HPOS="276" VPOS="1949" WIDTH="55" HEIGHT="30" WC="0.93" CONTENT="för"/><SP WIDTH="22" VPOS="1949" HPOS="331"/>
							<String ID="string_320" HPOS="353" VPOS="1951" WIDTH="176" HEIGHT="32" WC="0.90" CONTENT="anlitande"/><SP WIDTH="23" VPOS="1951" HPOS="529"/>
							<String ID="string_321" HPOS="552" VPOS="1963" WIDTH="42" HEIGHT="21" WC="0.96" CONTENT="av"/><SP WIDTH="22" VPOS="1963" HPOS="594"/>
							<String ID="string_322" HPOS="616" VPOS="1957" WIDTH="204" HEIGHT="31" WC="0.95" CONTENT="tandläkare"/><SP WIDTH="23" VPOS="1957" HPOS="820"/>
							<String ID="string_323" HPOS="843" VPOS="1959" WIDTH="10" HEIGHT="29" WC="0.96" CONTENT="i"/><SP WIDTH="23" VPOS="1959" HPOS="853"/>
							<String ID="string_324" HPOS="876" VPOS="1961" WIDTH="71" HEIGHT="35" WC="0.96" CONTENT="fall,"/><SP WIDTH="26" VPOS="1961" HPOS="947"/>
							<String ID="string_325" HPOS="973" VPOS="1971" WIDTH="73" HEIGHT="21" WC="0.96" CONTENT="som"/><SP WIDTH="24" VPOS="1971" HPOS="1046"/>
							<String ID="string_326" HPOS="1070" VPOS="1973" WIDTH="96" HEIGHT="22" WC="0.96" CONTENT="avses"/><SP WIDTH="25" VPOS="1973" HPOS="1166"/>
							<String ID="string_327" HPOS="1191" VPOS="1966" WIDTH="9" HEIGHT="29" WC="0.96" CONTENT="i"/><SP WIDTH="23" VPOS="1966" HPOS="1200"/>
							<String ID="string_328" HPOS="1223" VPOS="1967" WIDTH="41" HEIGHT="29" WC="0.95" CONTENT="28"/><SP WIDTH="23" VPOS="1967" HPOS="1264"/>
							<String ID="string_329" HPOS="1287" VPOS="1967" WIDTH="18" HEIGHT="37" WC="0.94" CONTENT="8"/><SP WIDTH="27" VPOS="1967" HPOS="1305"/>
							<String ID="string_330" HPOS="1332" VPOS="1969" WIDTH="13" HEIGHT="28" WC="0.88" CONTENT="1"/><SP WIDTH="26" VPOS="1969" HPOS="1345"/>
							<String ID="string_331" HPOS="1371" VPOS="1978" WIDTH="105" HEIGHT="22" WC="0.96" CONTENT="mom."/><SP WIDTH="24" VPOS="1978" HPOS="1476"/>
							<String ID="string_332" HPOS="1500" VPOS="1972" WIDTH="108" HEIGHT="29" WC="0.96" CONTENT="andra"/>
						</TextLine>
						<TextLine ID="line_34" HPOS="104" VPOS="1999" WIDTH="141" HEIGHT="35">
							<String ID="string_333" HPOS="104" VPOS="1999" WIDTH="141" HEIGHT="35" WC="0.96" CONTENT="stycket."/>
						</TextLine>
					</TextBlock>
				</ComposedBlock>
				<ComposedBlock ID="cblock_4" HPOS="804" VPOS="2103" WIDTH="96" HEIGHT="38">
					<TextBlock ID="block_9" HPOS="804" VPOS="2103" WIDTH="96" HEIGHT="38">
						<TextLine ID="line_35" HPOS="804" VPOS="2103" WIDTH="96" HEIGHT="38">
							<String ID="string_334" HPOS="804" VPOS="2103" WIDTH="41" HEIGHT="30" WC="0.95" CONTENT="33"/><SP WIDTH="26" VPOS="2103" HPOS="845"/>
							<String ID="string_335" HPOS="871" VPOS="2104" WIDTH="29" HEIGHT="37" WC="0.74" CONTENT="8."/>
						</TextLine>
					</TextBlock>
				</ComposedBlock>
				<ComposedBlock ID="cblock_5" HPOS="102" VPOS="2167" WIDTH="1502" HEIGHT="338">
					<TextBlock ID="block_10" HPOS="102" VPOS="2167" WIDTH="1502" HEIGHT="201">
						<TextLine ID="line_36" HPOS="149" VPOS="2167" WIDTH="1455" HEIGHT="56">
							<String ID="string_336" HPOS="149" VPOS="2167" WIDTH="14" HEIGHT="28" WC="0.96" CONTENT="1"/><SP WIDTH="25" VPOS="2167" HPOS="163"/>
							<String ID="string_337" HPOS="188" VPOS="2176" WIDTH="105" HEIGHT="22" WC="0.96" CONTENT="mom."/><SP WIDTH="22" VPOS="2176" HPOS="293"/>
							<String ID="string_338" HPOS="315" VPOS="2169" WIDTH="48" HEIGHT="30" WC="0.91" CONTENT="Av"/><SP WIDTH="21" VPOS="2169" HPOS="363"/>
							<String ID="string_339" HPOS="384" VPOS="2173" WIDTH="198" HEIGHT="31" WC="0.91" CONTENT="statsmedel"/><SP WIDTH="20" VPOS="2173" HPOS="582"/>
							<String ID="string_340" HPOS="602" VPOS="2174" WIDTH="168" HEIGHT="33" WC="0.96" CONTENT="bestridas"/><SP WIDTH="22" VPOS="2174" HPOS="770"/>
							<String ID="string_341" HPOS="792" VPOS="2178" WIDTH="233" HEIGHT="35" WC="0.96" CONTENT="kostnaderna"/><SP WIDTH="24" VPOS="2178" HPOS="1025"/>
							<String ID="string_342" HPOS="1049" VPOS="2182" WIDTH="52" HEIGHT="30" WC="0.96" CONTENT="för"/><SP WIDTH="24" VPOS="2182" HPOS="1101"/>
							<String ID="string_343" HPOS="1125" VPOS="2184" WIDTH="200" HEIGHT="39" WC="0.95" CONTENT="läkemedel,"/><SP WIDTH="24" VPOS="2184" HPOS="1325"/>
							<String ID="string_344" HPOS="1349" VPOS="2198" WIDTH="74" HEIGHT="21" WC="0.91" CONTENT="som"/><SP WIDTH="23" VPOS="2198" HPOS="1423"/>
							<String ID="string_345" HPOS="1446" VPOS="2190" WIDTH="158" HEIGHT="32" WC="0.91" CONTENT="föreskri-"/>
						</TextLine>
						<TextLine ID="line_37" HPOS="125" VPOS="2215" WIDTH="1478" HEIGHT="62">
							<String ID="string_346" HPOS="125" VPOS="2215" WIDTH="63" HEIGHT="31" WC="0.96" CONTENT="vits"/><SP WIDTH="24" VPOS="2215" HPOS="188"/>
							<String ID="string_347" HPOS="212" VPOS="2218" WIDTH="161" HEIGHT="35" WC="0.96" CONTENT="antingen"/><SP WIDTH="24" VPOS="2218" HPOS="373"/>
							<String ID="string_348" HPOS="397" VPOS="2231" WIDTH="42" HEIGHT="20" WC="0.93" CONTENT="av"/><SP WIDTH="24" VPOS="2231" HPOS="439"/>
							<String ID="string_349" HPOS="463" VPOS="2220" WIDTH="244" HEIGHT="37" WC="0.92" CONTENT="tjänsteläkare"/><SP WIDTH="24" VPOS="2220" HPOS="707"/>
							<String ID="string_350" HPOS="731" VPOS="2228" WIDTH="82" HEIGHT="29" WC="0.96" CONTENT="eller"/><SP WIDTH="20" VPOS="2228" HPOS="813"/>
							<String ID="string_351" HPOS="833" VPOS="2238" WIDTH="116" HEIGHT="22" WC="0.96" CONTENT="annan"/><SP WIDTH="26" VPOS="2238" HPOS="949"/>
							<String ID="string_352" HPOS="975" VPOS="2232" WIDTH="126" HEIGHT="36" WC="0.95" CONTENT="läkare,"/><SP WIDTH="24" VPOS="2232" HPOS="1101"/>
							<String ID="string_353" HPOS="1125" VPOS="2235" WIDTH="115" HEIGHT="31" WC="0.96" CONTENT="vilken"/><SP WIDTH="26" VPOS="2235" HPOS="1240"/>
							<String ID="string_354" HPOS="1266" VPOS="2238" WIDTH="134" HEIGHT="31" WC="0.96" CONTENT="läraren"/><SP WIDTH="23" VPOS="2238" HPOS="1400"/>
							<String ID="string_355" HPOS="1423" VPOS="2242" WIDTH="105" HEIGHT="35" WC="0.93" CONTENT="enligt"/><SP WIDTH="21" VPOS="2242" HPOS="1528"/>
							<String ID="string_356" HPOS="1549" VPOS="2243" WIDTH="54" HEIGHT="30" WC="0.93" CONTENT="be-"/>
						</TextLine>
						<TextLine ID="line_38" HPOS="103" VPOS="2266" WIDTH="1501" HEIGHT="56">
							<String ID="string_357" HPOS="103" VPOS="2266" WIDTH="260" HEIGHT="33" WC="0.92" CONTENT="stämmelserna"/><SP WIDTH="28" VPOS="2266" HPOS="363"/>
							<String ID="string_358" HPOS="391" VPOS="2271" WIDTH="9" HEIGHT="29" WC="0.96" CONTENT="i"/><SP WIDTH="28" VPOS="2271" HPOS="400"/>
							<String ID="string_359" HPOS="428" VPOS="2272" WIDTH="42" HEIGHT="28" WC="0.96" CONTENT="30"/><SP WIDTH="28" VPOS="2272" HPOS="470"/>
							<String ID="string_360" HPOS="498" VPOS="2273" WIDTH="18" HEIGHT="35" WC="0.89" CONTENT="8"/><SP WIDTH="28" VPOS="2273" HPOS="516"/>
							<String ID="string_361" HPOS="544" VPOS="2274" WIDTH="54" HEIGHT="35" WC="0.96" CONTENT="ägt"/><SP WIDTH="27" VPOS="2274" HPOS="598"/>
							<String ID="string_362" HPOS="625" VPOS="2276" WIDTH="117" HEIGHT="35" WC="0.96" CONTENT="anlita,"/><SP WIDTH="29" VPOS="2276" HPOS="742"/>
							<String ID="string_363" HPOS="771" VPOS="2278" WIDTH="80" HEIGHT="29" WC="0.96" CONTENT="eller"/><SP WIDTH="25" VPOS="2278" HPOS="851"/>
							<String ID="string_364" HPOS="876" VPOS="2281" WIDTH="65" HEIGHT="28" WC="0.96" CONTENT="ock"/><SP WIDTH="29" VPOS="2281" HPOS="941"/>
							<String ID="string_365" HPOS="970" VPOS="2291" WIDTH="42" HEIGHT="20" WC="0.96" CONTENT="av"/><SP WIDTH="27" VPOS="2291" HPOS="1012"/>
							<String ID="string_366" HPOS="1039" VPOS="2283" WIDTH="182" HEIGHT="39" WC="0.96" CONTENT="specialist,"/><SP WIDTH="30" VPOS="2283" HPOS="1221"/>
							<String ID="string_367" HPOS="1251" VPOS="2287" WIDTH="49" HEIGHT="30" WC="0.96" CONTENT="till"/><SP WIDTH="27" VPOS="2287" HPOS="1300"/>
							<String ID="string_368" HPOS="1327" VPOS="2289" WIDTH="115" HEIGHT="30" WC="0.96" CONTENT="vilken"/><SP WIDTH="28" VPOS="2289" HPOS="1442"/>
							<String ID="string_369" HPOS="1470" VPOS="2292" WIDTH="134" HEIGHT="30" WC="0.96" CONTENT="läraren"/>
						</TextLine>
						<TextLine ID="line_39" HPOS="102" VPOS="2315" WIDTH="1013" HEIGHT="53">
							<String ID="string_370" HPOS="102" VPOS="2315" WIDTH="103" HEIGHT="36" WC="0.96" CONTENT="enligt"/><SP WIDTH="24" VPOS="2315" HPOS="205"/>
							<String ID="string_371" HPOS="229" VPOS="2318" WIDTH="304" HEIGHT="34" WC="0.95" CONTENT="bestämmelserna"/><SP WIDTH="26" VPOS="2318" HPOS="533"/>
							<String ID="string_372" HPOS="559" VPOS="2323" WIDTH="8" HEIGHT="29" WC="0.96" CONTENT="i"/><SP WIDTH="26" VPOS="2323" HPOS="567"/>
							<String ID="string_373" HPOS="593" VPOS="2325" WIDTH="40" HEIGHT="28" WC="0.96" CONTENT="32"/><SP WIDTH="26" VPOS="2325" HPOS="633"/>
							<String ID="string_374" HPOS="659" VPOS="2326" WIDTH="18" HEIGHT="36" WC="0.91" CONTENT="$"/><SP WIDTH="29" VPOS="2326" HPOS="677"/>
							<String ID="string_375" HPOS="706" VPOS="2328" WIDTH="13" HEIGHT="28" WC="0.95" CONTENT="1"/><SP WIDTH="28" VPOS="2328" HPOS="719"/>
							<String ID="string_376" HPOS="747" VPOS="2337" WIDTH="103" HEIGHT="21" WC="0.93" CONTENT="mom."/><SP WIDTH="26" VPOS="2337" HPOS="850"/>
							<String ID="string_377" HPOS="876" VPOS="2330" WIDTH="156" HEIGHT="31" WC="0.91" CONTENT="hänvänt"/><SP WIDTH="25" VPOS="2330" HPOS="1032"/>
							<String ID="string_378" HPOS="1057" VPOS="2333" WIDTH="58" HEIGHT="35" WC="0.96" CONTENT="sig."/>
						</TextLine>
					</TextBlock>
					<TextBlock ID="block_11" HPOS="102" VPOS="2367" WIDTH="1499" HEIGHT="138">
						<TextLine ID="line_40" HPOS="145" VPOS="2367" WIDTH="1456" HEIGHT="59">
							<String ID="string_379" HPOS="145" VPOS="2367" WIDTH="20" HEIGHT="28" WC="0.96" CONTENT="2"/><SP WIDTH="21" VPOS="2367" HPOS="165"/>
							<String ID="string_380" HPOS="186" VPOS="2376" WIDTH="105" HEIGHT="22" WC="0.95" CONTENT="mom."/><SP WIDTH="25" VPOS="2376" HPOS="291"/>
							<String ID="string_381" HPOS="316" VPOS="2368" WIDTH="68" HEIGHT="31" WC="0.96" CONTENT="Där"/><SP WIDTH="22" VPOS="2368" HPOS="384"/>
							<String ID="string_382" HPOS="406" VPOS="2371" WIDTH="32" HEIGHT="36" WC="0.96" CONTENT="ej"/><SP WIDTH="23" VPOS="2371" HPOS="438"/>
							<String ID="string_383" HPOS="461" VPOS="2372" WIDTH="121" HEIGHT="36" WC="0.96" CONTENT="Kungl."/><SP WIDTH="23" VPOS="2372" HPOS="582"/>
							<String ID="string_384" HPOS="605" VPOS="2374" WIDTH="101" HEIGHT="37" WC="0.96" CONTENT="Maj:t"/><SP WIDTH="24" VPOS="2374" HPOS="706"/>
							<String ID="string_385" HPOS="730" VPOS="2379" WIDTH="218" HEIGHT="32" WC="0.96" CONTENT="annorlunda"/><SP WIDTH="23" VPOS="2379" HPOS="948"/>
							<String ID="string_386" HPOS="971" VPOS="2381" WIDTH="193" HEIGHT="39" WC="0.96" CONTENT="förordnar,"/><SP WIDTH="26" VPOS="2381" HPOS="1164"/>
							<String ID="string_387" HPOS="1190" VPOS="2387" WIDTH="88" HEIGHT="30" WC="0.96" CONTENT="skall"/><SP WIDTH="21" VPOS="2387" HPOS="1278"/>
							<String ID="string_388" HPOS="1299" VPOS="2390" WIDTH="147" HEIGHT="36" WC="0.93" CONTENT="räkning"/><SP WIDTH="23" VPOS="2390" HPOS="1446"/>
							<String ID="string_389" HPOS="1469" VPOS="2391" WIDTH="20" HEIGHT="31" WC="0.91" CONTENT="å"/><SP WIDTH="23" VPOS="2391" HPOS="1489"/>
							<String ID="string_390" HPOS="1512" VPOS="2393" WIDTH="89" HEIGHT="30" WC="0.91" CONTENT="läke-"/>
						</TextLine>
						<TextLine ID="line_41" HPOS="102" VPOS="2416" WIDTH="1499" HEIGHT="62">
							<String ID="string_391" HPOS="102" VPOS="2416" WIDTH="278" HEIGHT="34" WC="0.91" CONTENT="medelskostnad"/><SP WIDTH="23" VPOS="2416" HPOS="380"/>
							<String ID="string_392" HPOS="403" VPOS="2430" WIDTH="82" HEIGHT="22" WC="0.93" CONTENT="vara"/><SP WIDTH="23" VPOS="2430" HPOS="485"/>
							<String ID="string_393" HPOS="508" VPOS="2426" WIDTH="182" HEIGHT="29" WC="0.91" CONTENT="attesterad"/><SP WIDTH="25" VPOS="2426" HPOS="690"/>
							<String ID="string_394" HPOS="715" VPOS="2436" WIDTH="42" HEIGHT="21" WC="0.96" CONTENT="av"/><SP WIDTH="22" VPOS="2436" HPOS="757"/>
							<String ID="string_395" HPOS="779" VPOS="2427" WIDTH="255" HEIGHT="41" WC="0.89" CONTENT="tjänsteläkare,"/><SP WIDTH="24" VPOS="2427" HPOS="1034"/>
							<String ID="string_396" HPOS="1058" VPOS="2434" WIDTH="104" HEIGHT="31" WC="0.96" CONTENT="innan"/><SP WIDTH="25" VPOS="2434" HPOS="1162"/>
							<String ID="string_397" HPOS="1187" VPOS="2437" WIDTH="214" HEIGHT="38" WC="0.95" CONTENT="utbetalning"/><SP WIDTH="26" VPOS="2437" HPOS="1401"/>
							<String ID="string_398" HPOS="1427" VPOS="2440" WIDTH="43" HEIGHT="37" WC="0.95" CONTENT="på"/><SP WIDTH="21" VPOS="2440" HPOS="1470"/>
							<String ID="string_399" HPOS="1491" VPOS="2444" WIDTH="110" HEIGHT="34" WC="0.96" CONTENT="grund"/>
						</TextLine>
						<TextLine ID="line_42" HPOS="102" VPOS="2468" WIDTH="468" HEIGHT="37">
							<String ID="string_400" HPOS="102" VPOS="2475" WIDTH="41" HEIGHT="20" WC="0.96" CONTENT="av"/><SP WIDTH="23" VPOS="2475" HPOS="143"/>
							<String ID="string_401" HPOS="166" VPOS="2468" WIDTH="190" HEIGHT="35" WC="0.96" CONTENT="räkningen"/><SP WIDTH="25" VPOS="2468" HPOS="356"/>
							<String ID="string_402" HPOS="381" VPOS="2471" WIDTH="80" HEIGHT="34" WC="0.96" CONTENT="äger"/><SP WIDTH="25" VPOS="2471" HPOS="461"/>
							<String ID="string_403" HPOS="486" VPOS="2482" WIDTH="84" HEIGHT="21" WC="0.96" CONTENT="rum."/>
						</TextLine>
					</TextBlock>
				</ComposedBlock>
				<ComposedBlock ID="cblock_6" HPOS="1654" VPOS="1424" WIDTH="146" HEIGHT="59">
					<TextBlock ID="block_12" HPOS="1654" VPOS="1424" WIDTH="146" HEIGHT="59">
						<TextLine ID="line_43" HPOS="1654" VPOS="1424" WIDTH="146" HEIGHT="31">
							<String ID="string_404" HPOS="1654" VPOS="1424" WIDTH="146" HEIGHT="31" WC="0.51" CONTENT="Specialisi-"/>
						</TextLine>
						<TextLine ID="line_44" HPOS="1689" VPOS="1458" WIDTH="69" HEIGHT="25">
							<String ID="string_405" HPOS="1689" VPOS="1458" WIDTH="69" HEIGHT="25" WC="0.96" CONTENT="vård."/>
						</TextLine>
					</TextBlock>
				</ComposedBlock>
				<ComposedBlock ID="cblock_7" HPOS="1638" VPOS="2198" WIDTH="157" HEIGHT="25">
					<TextBlock ID="block_13" HPOS="1638" VPOS="2198" WIDTH="157" HEIGHT="25">
						<TextLine ID="line_45" HPOS="1638" VPOS="2198" WIDTH="157" HEIGHT="25">
							<String ID="string_406" HPOS="1638" VPOS="2198" WIDTH="157" HEIGHT="25" WC="0.44" CONTENT="Läkemedel."/>
						</TextLine>
					</TextBlock>
				</ComposedBlock>
			</PrintSpace>
		</Page>
	</Layout>
</alto>
