1904 2854
532 172 318 34 Bankoutskottets
883 168 185 34 memorial
1101 168 51 32 Nr
1179 167 50 32 48.
1560 163 39 30 13

141 255 115 37 gande
283 255 11 30 i
322 254 76 32 dess
424 253 215 36 reglemente
663 249 178 32 nödsakat
868 249 173 30 förvärva
1066 246 72 31 alla
1165 246 42 31 de
1230 244 79 31 med
1337 243 153 31 statslån
1516 240 126 32 under-

141 308 127 31 stödda
291 305 163 33 enskilda
479 304 208 37 järnvägar,
712 311 76 22 som
811 302 47 35 på
882 299 119 37 grund
1026 309 45 20 av
1096 300 151 34 ägarens
1271 294 172 33 obestånd
1468 292 174 32 försåldes

141 361 21 30 å
183 358 170 33 exekutiv
374 356 159 33 auktion.
574 355 55 31 Då
652 354 60 32 det
734 352 155 38 givetvis
908 351 34 37 ej
965 360 85 22 vore
1072 349 80 32 med
1175 349 135 31 statens
1333 346 115 32 fördel
1471 343 172 36 förenligt

142 412 54 31 att
213 410 142 33 behålla
372 409 66 32 och
455 406 193 39 uppehålla
665 405 137 33 driften
819 405 21 30 å
859 403 160 32 flertalet
1035 413 45 20 av
1099 401 135 32 sådana
1252 398 163 32 enskilda
1434 397 209 37 järnvägar,

142 463 99 37 finge
264 460 347 39 riksgäldskontoret
632 458 87 32 söka
740 459 55 30 att
816 458 93 34 ånyo
932 454 151 36 försälja
1106 452 136 32 således
1264 451 150 36 inköpta
1436 449 208 37 järnvägar,

141 515 114 32 vilket
277 517 92 29 även
387 513 92 32 efter
502 510 233 33 inhämtande
758 519 46 22 av
826 507 213 36 riksdagens
1060 503 235 39 medgivande
1319 503 92 31 skett
1435 502 12 31 i
1470 502 51 31 ett
1544 499 101 32 antal

143 567 76 37 fall,
241 567 113 31 ehuru
376 565 81 32 med
479 565 98 31 stora
599 561 170 33 förluster
792 561 56 31 för
872 560 127 35 staten,
1022 558 12 31 i
1056 557 115 32 andra
1193 555 66 32 fall
1281 555 79 31 åter
1381 553 91 32 hade
1496 552 149 36 inköpta

142 620 199 36 järnvägar
364 636 41 5 —
426 626 88 22 vare
538 615 54 37 sig
617 614 146 36 inköpet
787 612 93 32 skett
905 610 186 33 exekutivt
1116 609 85 31 eller
1227 608 12 31 i
1261 616 123 23 annan
1407 605 154 36 ordning
1588 602 57 32 till

143 670 231 33 undvikande
393 679 46 22 av
459 668 88 37 eljes
566 665 208 36 nödvändig
793 662 220 33 likvidation
1032 662 84 31 eller
1137 660 158 32 konkurs
1315 678 40 4 —
1376 659 150 30 stannat
1543 657 13 30 i
1576 656 69 31 sta-

144 725 77 30 tens
240 725 68 34 ägo
327 722 65 31 och
411 719 210 33 införlivats
637 718 82 32 med
737 718 136 30 statens
892 715 209 37 järnvägar.

184 775 64 32 Ett
274 772 251 38 inrymmande
554 772 37 30 åt
618 768 348 38 riksgäldskontoret
994 776 46 21 av
1069 767 112 29 större
1211 763 109 32 frihet
1348 762 64 31 vid
1439 759 207 33 bevakande

144 837 47 22 av
212 828 135 31 statens
367 826 76 30 rätt
464 823 65 32 vid
550 819 394 39 tvångsförsäljningar
967 827 47 22 av
1036 817 197 37 järnvägar
1254 815 113 31 måste
1390 832 40 4 —
1453 811 194 32 framhålla

145 878 229 36 fullmäktige
392 896 41 4 —
452 885 103 22 anses
574 874 174 32 önskvärt
768 872 55 31 för
844 870 183 32 vinnande
1048 879 46 21 av
1113 870 112 30 större
1247 864 316 36 affärsmässighet
1582 862 66 32 och

144 931 134 31 minsta
296 929 152 37 möjliga
467 927 170 32 förluster
659 926 56 31 för
736 925 126 31 staten.
902 923 19 31 I
941 922 129 32 sådant
1091 920 94 37 syfte
1205 918 85 32 ville
1311 916 230 36 fullmäktige
1561 915 86 31 ifrå-

146 983 152 37 gasätta,
320 982 56 31 att
400 981 59 32 det
482 978 211 32 nuvarande
718 975 215 37 stadgandet
957 983 58 22 om
1038 971 226 33 förfarandet
1286 970 63 32 vid
1373 966 275 38 tvångsförsälj-

144 1034 132 37 ningar
300 1033 150 32 ersattes
473 1031 81 32 med
574 1040 44 22 en
641 1029 152 32 allmänt
814 1027 122 31 hållen
960 1024 188 33 föreskrift
1169 1033 57 22 om
1249 1021 208 38 skyldighet
1480 1020 57 31 för
1559 1018 89 31 riks-

147 1085 267 38 gäldskontoret
435 1086 54 30 att
510 1083 13 31 i
543 1082 137 33 sådana
701 1080 67 32 fall
788 1079 140 32 förfara
948 1079 45 35 på
1016 1077 72 32 sätt
1109 1073 228 37 fullmäktige
1358 1073 91 31 efter
1470 1070 178 38 prövning

146 1149 46 21 av
209 1136 354 37 omständigheterna
580 1134 12 31 i
610 1134 41 31 de
670 1132 95 32 olika
785 1131 111 31 fallen
913 1130 120 31 kunde
1054 1129 101 30 finna
1174 1127 79 31 med
1271 1126 136 31 statens
1427 1123 114 32 fördel
1559 1123 90 30 mest

148 1189 180 37 förenligt.

184 1294 126 36 Enligt
338 1292 168 38 gällande
536 1289 265 33 bestämmelser
831 1287 139 36 åligger
998 1286 61 31 det
1089 1283 230 36 fullmäktige
1347 1282 12 30 i
1387 1278 267 38 riksgäldskon-

146 1349 92 30 toret
262 1347 53 30 att
335 1344 63 32 vid
420 1341 353 39 tvångsförsäljning
793 1350 47 21 av
863 1336 299 39 järnvägsbolags
1184 1334 181 37 egendom,
1388 1333 12 30 i
1423 1331 120 32 vilken
1565 1329 89 32 riks-

149 1397 269 39 gäldskontoret
438 1396 67 30 har
527 1393 211 36 inteckning
759 1391 58 31 till
838 1390 167 31 säkerhet
1025 1389 55 30 för
1102 1388 136 31 statens
1261 1385 158 35 fordran,
1441 1385 39 29 så
1502 1383 149 34 förfara,

147 1451 55 31 att
220 1449 101 37 dylik
341 1446 219 38 försäljning
580 1445 32 37 ej
633 1445 59 30 må
712 1444 61 31 ske
793 1442 57 32 till
868 1442 101 36 lägre
989 1440 75 37 pris
1084 1442 46 28 än
1151 1440 54 31 att
1225 1438 117 31 denna
1364 1435 149 32 fordran
1534 1434 121 32 täckes

149 1512 46 21 av
230 1498 296 39 köpeskillingen.
570 1497 52 30 På
660 1495 119 36 grund
814 1494 115 30 härav
966 1494 63 28 äro
1067 1489 227 36 fullmäktige
1322 1487 169 37 skyldiga
1517 1487 54 30 att
1597 1485 55 31 be-

148 1554 96 31 vaka
260 1550 367 38 riksgäldskontorets
646 1548 75 31 rätt
741 1548 13 30 i
775 1545 159 38 angivna
954 1542 254 37 utsträckning
1228 1540 139 38 jämväl
1385 1540 13 30 i
1420 1539 136 31 sådana
1576 1537 76 35 fall,

148 1606 45 32 då
224 1602 349 39 riksgäldskontoret
604 1600 32 36 ej
667 1598 154 32 innehar
851 1595 210 36 inteckning
1089 1594 82 31 med
1200 1593 103 31 bästa
1333 1590 237 33 förmånsrätt
1600 1589 56 30 för

148 1657 83 32 hela
252 1656 85 32 eller
358 1655 121 35 någon
498 1652 59 33 del
579 1662 46 22 av
646 1652 136 31 statens
804 1648 159 33 fordran.
1007 1645 243 36 Fullmäktige
1273 1647 62 28 äro
1357 1642 153 33 sålunda
1531 1642 13 30 i
1566 1641 89 31 före-

149 1706 211 35 kommande
387 1705 67 32 fall
481 1707 163 33 tvungna
671 1704 55 30 att
753 1701 115 32 inlösa
896 1698 226 33 främmande
1149 1696 253 35 inteckningar
1431 1693 80 32 med
1539 1693 117 31 bättre

150 1761 75 31 rätt
245 1762 46 29 än
310 1759 146 35 statens,
477 1760 93 28 även
589 1766 57 20 om
666 1764 42 21 en
730 1753 114 32 sådan
864 1751 131 37 åtgärd
1014 1750 77 31 icke
1112 1748 113 33 skulle
1246 1758 89 20 vara
1356 1757 44 21 ur
1418 1746 136 32 statens
1575 1753 79 27 syn-

150 1812 114 37 punkt
276 1809 223 33 ekonomiskt
521 1806 227 36 fördelaktig.
772 1804 194 36 Samtidigt
978 1802 136 31 medför
1127 1799 214 37 stadgandet
1352 1798 112 31 under
1476 1805 178 22 nuvaran-

152 1866 42 30 de
210 1861 403 40 järnvägsekonomiska
628 1858 251 32 förhållanden
897 1866 43 21 en
957 1865 120 22 annan
1094 1853 197 36 olägenhet,
1307 1850 183 36 nämligen
1508 1849 76 35 den,
1602 1848 53 30 att

151 1915 349 38 riksgäldskontoret
522 1913 46 36 på
591 1912 119 36 grund
732 1920 47 21 av
798 1910 199 30 detsamma
1021 1909 40 29 är
1082 1905 181 36 praktiskt
1286 1905 98 35 taget
1408 1901 174 32 nödsakat
1606 1900 53 30 att

154 1969 171 30 förvärva
349 1965 73 32 alla
446 1965 41 31 de
511 1964 79 31 med
615 1961 153 32 statslån
792 1958 241 33 understödda
1058 1956 163 31 enskilda
1244 1955 208 35 järnvägar,
1475 1952 100 31 vilka
1599 1950 57 31 till

155 2019 92 36 följd
264 2029 46 21 av
326 2021 152 32 ägarens
497 2015 171 32 obestånd
688 2012 168 36 försäljas
876 2013 20 29 å
916 2009 169 32 exekutiv
1104 2007 159 36 auktion,
1281 2006 65 31 och
1366 2005 107 31 alltså
1494 2006 91 29 även
1604 2005 52 29 så-

152 2072 105 36 dana,
288 2079 75 22 som
392 2068 78 32 icke
501 2066 197 37 lämpligen
727 2065 123 30 kunna
879 2063 191 35 övertagas
1098 2071 44 20 av
1177 2060 133 31 statens
1341 2057 200 36 järnvägar
1572 2056 88 29 utan

154 2124 93 31 efter
268 2121 279 33 statsförvärvet
567 2118 113 31 måste
703 2116 170 36 försäljas
893 2114 87 32 eller
1001 2113 205 35 nedläggas.

194 2175 69 30 Det
291 2176 40 28 är
359 2171 154 32 sålunda
540 2169 214 37 uppenbart,
782 2168 54 30 att
865 2164 214 38 stadgandet
1108 2173 56 21 om
1192 2161 366 37 riksgäldskontorets
1591 2159 65 29 för-

155 2226 152 31 farande
331 2224 63 31 vid
420 2220 353 38 tvångsförsäljning
801 2229 45 20 av
872 2218 200 36 järnvägar
1098 2216 11 29 i
1135 2215 98 30 vissa
1259 2213 65 31 fall
1351 2213 71 30 kan
1449 2211 108 36 lägga
1584 2209 76 31 hin-

152 2278 65 31 der
244 2277 12 30 i
283 2278 116 33 vägen
426 2274 56 31 för
508 2283 44 22 en
578 2270 254 36 affärsmässig
857 2267 273 36 handläggning
1160 2276 44 20 av
1232 2264 135 31 sådana
1394 2261 157 32 ärenden
1579 2261 82 30 från

155 2326 364 38 riksgäldskontorets
539 2324 78 31 sida
639 2323 66 31 och
725 2321 209 35 därigenom
953 2328 92 21 vara
1065 2318 112 35 ägnat
1197 2318 53 29 att
1273 2315 66 31 öka
1360 2315 136 31 statens
1518 2312 143 31 förlust-

156 2379 124 31 risker.
321 2377 84 31 Med
426 2376 142 35 hänsyn
589 2373 126 32 härtill
739 2373 66 30 har
824 2371 174 31 utskottet
1020 2369 11 30 i
1052 2368 113 31 likhet
1187 2366 78 32 med
1288 2364 229 36 fullmäktige
1540 2362 123 32 funnit

157 2430 181 34 önskvärt,
364 2429 55 30 att
444 2429 114 29 större
588 2425 108 30 frihet
722 2425 138 29 lämnas
886 2420 239 35 fullmäktige,
1150 2419 43 30 då
1221 2418 56 31 det
1306 2417 112 35 gäller
1445 2417 52 29 att
1527 2414 136 31 bevaka

1711 1291 136 23 Utskottet.
