1932 2826
299 151 15 29 4
734 153 274 32 Statsutskottets
1033 154 177 32 utlåtande
1234 164 42 20 nr
1302 155 48 29 91.

304 237 263 30 verksamheten
587 237 223 36 erforderliga
828 237 159 36 beloppet
1005 238 66 30 har
1088 236 145 32 sålunda
1253 247 42 21 av
1314 237 352 37 utredningsmännen
1685 238 121 30 beräk-

303 291 76 26 nats
399 287 49 30 till
474 287 53 37 (10
541 288 63 30 000
629 285 31 31 +
684 288 42 30 90
740 288 64 30 000
816 288 55 39 =)
901 289 59 29 100
974 289 64 30 000
1058 289 138 30 kronor.

349 338 72 30 Den
446 348 42 20 av
512 340 43 28 de
580 338 217 31 existerande
819 347 151 28 organen
994 339 123 31 hittills
1140 339 168 30 bedrivna
1333 339 473 30 understödsverksamheten

306 389 65 29 har
388 388 131 37 utgjort
535 398 42 21 en
595 389 138 36 mycket
749 389 240 36 betydelsefull
1006 390 55 30 del
1080 399 42 21 av
1141 398 169 28 organens
1327 389 183 36 uppgifter.
1529 390 277 36 Departements-

305 438 124 31 chefen
451 440 66 30 har
538 438 116 31 funnit
676 440 57 30 det
757 440 203 36 uppenbart,
983 443 51 27 att
1059 440 218 36 möjligheter
1299 440 85 31 böra
1407 440 117 31 finnas
1546 440 50 30 till
1616 450 43 21 en
1682 440 123 30 under-

306 489 316 31 stödsverksamhet
642 500 42 21 av
707 490 92 31 detta
821 491 73 37 slag
914 491 87 30 även
1022 491 11 29 i
1054 490 276 37 fortsättningen.
1354 490 52 31 Då
1428 490 378 36 departementschefen

305 539 77 32 icke
408 540 77 31 haft
512 539 103 38 något
640 544 51 27 att
716 541 114 31 erinra
855 544 74 28 mot
955 542 172 30 storleken
1156 551 42 20 av
1224 542 56 30 det
1305 551 41 20 av
1372 541 353 37 utredningsmännen
1752 541 56 31 för

305 590 198 32 ändamålet
523 591 194 36 föreslagna
740 592 169 37 beloppet,
933 593 60 29 100
1007 593 63 29 000
1093 592 138 36 kronor,
1252 593 66 29 har
1337 593 70 29 han
1427 592 165 36 förordat,
1613 597 49 27 att
1681 595 47 28 ett
1747 602 59 21 an-

306 642 72 36 slag
398 641 19 31 å
437 643 156 30 nämnda
613 642 124 36 belopp
759 643 136 31 anvisas
916 643 56 30 för
992 643 175 30 kontorets
1189 643 296 36 understödjande
1504 643 220 30 verksamhet
1744 653 61 20 un-

306 692 60 31 der
389 694 99 30 nästa
511 691 175 38 budgetår.

350 742 68 32 För
438 744 219 30 närvarande
678 743 115 31 finnes
815 743 21 31 å
856 744 59 30 det
940 744 55 30 för
1016 744 235 30 innevarande
1276 743 169 37 budgetår
1467 745 164 30 anvisade
1653 746 155 35 anslaget

306 792 50 31 till
375 794 289 36 undersöknings-
684 795 66 29 och
771 794 327 31 försökskostnader
1116 805 42 20 en
1176 795 213 30 reservation
1407 805 43 21 av
1469 796 11 29 i
1500 799 80 26 runt
1598 797 48 28 tal
1667 796 62 29 719
1743 796 63 29 000

305 843 138 32 kronor.
463 845 50 30 Av
534 845 92 30 detta
644 845 125 36 belopp
788 847 60 29 äro
868 846 89 30 dock
975 845 11 30 i
1005 850 82 27 runt
1105 847 46 42 tal
1170 847 62 29 242
1247 847 63 29 000
1333 846 129 30 kronor
1480 846 227 37 disponerade
1726 856 82 20 men

305 894 77 32 icke
405 895 206 32 utbetalade.
639 896 64 31 Per
729 897 66 30 den
821 897 40 30 30
885 896 75 39 juni
989 897 82 30 1947
1098 897 173 30 beräknas
1296 897 243 30 motsvarande
1563 898 125 36 belopp
1715 897 92 30 bliva

306 945 160 38 omkring
492 947 64 30 645
570 947 63 30 000
660 947 131 30 kronor
816 947 190 36 respektive
1033 948 63 29 215
1110 948 63 30 000
1203 948 139 30 kronor.
1371 948 359 36 Utredningsmännen
1761 948 45 30 ha

305 995 171 38 förutsatt,
502 1000 49 28 att
574 996 78 31 från
678 997 156 30 nämnda
856 998 122 36 anslag
1001 997 131 39 jämväl
1155 998 87 31 efter
1266 999 66 30 den
1358 999 42 30 30
1425 999 75 38 juni
1527 999 81 30 1947
1633 1000 99 29 skola
1756 1002 50 27 ut-

305 1046 131 32 betalas
460 1048 123 36 medel,
610 1057 75 21 som
710 1049 177 30 nämnden
912 1049 107 30 redan
1047 1049 206 35 disponerat,
1281 1058 81 22 men
1389 1050 62 30 där
1480 1049 248 38 förutsättning
1751 1050 56 30 för

305 1098 214 37 utbetalning
545 1098 243 31 dessförinnan
809 1099 32 36 ej
864 1102 128 27 ansetts
1016 1099 174 37 föreligga.
1216 1099 65 32 Det
1304 1103 114 35 syntes
1442 1100 188 31 emellertid
1653 1101 153 36 departe-

305 1148 238 31 mentschefen
566 1158 82 21 vara
671 1149 203 36 lämpligare
895 1153 48 28 att
964 1150 160 30 överföra
1147 1151 68 30 vad
1236 1160 77 21 som
1336 1151 106 36 sagda
1464 1151 66 37 dag
1550 1152 40 30 är
1607 1151 201 36 disponerat

303 1207 46 21 av
372 1198 266 37 ifrågavarande
656 1200 123 36 anslag
798 1209 81 22 men
898 1200 76 30 icke
995 1201 166 30 utbetalat
1181 1201 50 29 till
1253 1202 56 30 det
1329 1201 57 32 för
1404 1203 99 30 nästa
1524 1201 168 37 budgetår
1712 1203 94 30 anvi-

303 1249 84 30 sade
411 1250 155 36 anslaget
591 1250 49 30 till
664 1250 177 31 kontorets
866 1251 294 38 understödjande
1188 1252 228 31 verksamhet.
1443 1252 76 31 Vad
1541 1252 154 31 därefter
1719 1252 86 33 åter-

304 1300 96 30 stode
419 1310 42 20 av
479 1300 242 32 förstnämnda
737 1301 123 37 anslag
876 1306 114 32 syntes
1008 1302 85 31 böra
1112 1302 147 31 tillföras
1278 1303 482 37 budgetutjämningsfonden.

349 1350 48 30 På
418 1352 56 29 det
493 1361 70 26 nya
584 1351 352 36 uppfinnarkontoret
955 1353 108 30 borde
1083 1353 118 31 vidare
1220 1353 105 37 enligt
1346 1354 379 36 departementschefen
1746 1364 59 21 an-

304 1399 142 33 komma
470 1406 50 26 att
543 1402 161 36 övertaga
731 1403 42 30 de
796 1402 159 37 ärenden,
980 1403 11 30 i
1014 1403 93 31 vilka
1133 1404 256 36 behandlingen
1412 1404 56 31 vid
1492 1405 313 36 uppfinnarnämn-

302 1451 86 32 dens
410 1452 229 35 upphörande
659 1453 31 39 ej
715 1463 83 21 vore
820 1454 166 31 avslutad.
1012 1453 127 31 Likaså
1160 1458 115 33 syntes
1299 1454 159 32 kontoret
1479 1455 84 31 böra
1588 1455 37 31 få
1645 1456 52 30 till
1718 1466 87 27 upp-

303 1502 64 36 gift
384 1505 49 28 att
455 1503 5 29 i
479 1503 289 32 förekommande
784 1504 62 30 fall
864 1505 133 30 bevaka
1013 1508 133 28 statens
1163 1505 168 31 intressen
1347 1506 220 31 beträffande
1587 1507 219 36 fullgörande

303 1561 44 21 av
365 1552 466 39 återbetalningsskyldighet
848 1555 11 30 i
879 1554 97 37 fråga
998 1565 59 20 om
1077 1556 42 30 de
1137 1556 198 38 understöd,
1356 1566 74 21 som
1451 1557 57 31 vid
1530 1557 93 31 tiden
1643 1558 56 30 för
1719 1567 85 27 upp-

304 1602 313 33 finnarnämndens
637 1605 229 36 upphörande
887 1607 93 29 ännu
1004 1606 31 36 ej
1059 1607 171 36 reglerats.
1254 1607 210 36 Härigenom
1485 1608 117 31 kunde
1625 1609 112 30 medel
1756 1609 49 30 in-

304 1653 88 38 flyta
414 1654 50 31 till
486 1655 57 30 det
563 1665 69 26 nya
653 1655 169 31 kontoret.
847 1657 104 30 Dessa
972 1657 113 30 medel
1106 1657 107 31 borde
1236 1668 44 20 av
1302 1658 160 31 kontoret
1484 1658 239 37 tillgodoföras
1746 1669 59 21 an-

305 1706 106 35 slaget
428 1705 49 31 till
495 1706 296 36 understödjande
807 1707 228 30 verksamhet.
1058 1708 391 36 Uppfinnarnämndens
1465 1709 210 32 inventarier
1691 1714 116 33 syntes

304 1755 85 31 böra
409 1755 36 31 få
464 1757 178 36 övertagas
664 1767 44 20 av
730 1757 57 30 det
806 1767 69 27 nya
896 1757 169 32 kontoret.

348 1806 173 32 Eftersom
547 1807 221 32 ekonomiskt
793 1807 139 32 bistånd
959 1808 50 31 till
1035 1809 283 36 uppfinnare
1284 1802 25 49 —
1342 1811 57 30 det
1423 1810 58 31 må
1507 1812 89 35 gälla
1621 1811 12 30 i
1659 1812 65 30 och
1750 1812 57 31 för

303 1857 153 30 sökande
478 1867 44 21 av
545 1862 117 32 patent
685 1858 82 30 eller
791 1858 56 31 för
871 1859 289 37 undersöknings-
1187 1860 66 30 och
1278 1860 280 31 försöksarbeten
1579 1879 45 3 —
1646 1863 159 30 kommer

302 1910 50 28 att
371 1908 133 30 lämnas
521 1909 123 30 enbart
662 1918 44 21 av
724 1909 208 37 statsmedel,
953 1909 127 31 föreslå
1099 1910 365 38 utredningsmännen,
1486 1914 50 28 att
1555 1912 55 30 det
1629 1913 89 30 skall
1738 1913 66 29 till-

301 1958 141 30 komma
465 1958 42 30 de
532 1967 43 22 av
598 1958 121 36 Kungl.
745 1958 102 37 Maj:t
869 1958 145 31 utsedda
1038 1960 378 36 styrelseledamöterna
1439 1965 50 27 att
1513 1961 11 30 i
1547 1961 96 38 varje
1667 1962 140 31 särskilt

305 2007 62 31 fall
391 2008 126 38 bevilja
545 2008 187 31 understöd
756 2009 165 30 ävensom
946 2009 134 31 besluta
1108 2019 58 21 om
1193 2010 42 31 de
1258 2012 162 30 närmare
1443 2012 167 31 villkoren
1634 2013 131 31 härför.
1792 2014 15 29 I

304 2060 47 29 ett
373 2067 62 27 par
457 2059 183 35 yttranden
664 2059 46 31 ha
733 2059 256 37 invändningar
1013 2059 202 32 framställts
1239 2065 74 27 mot
1337 2062 92 31 detta
1454 2061 137 38 förslag.
1616 2063 51 31 De
1688 2073 43 21 av
1754 2067 51 27 ut-

303 2109 317 36 redningsmännen
639 2109 149 32 anförda
812 2110 118 31 skälen
951 2110 56 31 för
1025 2107 49 35 en
1090 2110 109 32 sådan
1219 2112 149 37 ordning
1388 2112 65 31 har
1473 2113 331 36 departementsche-

305 2159 59 31 fen
382 2160 189 31 emellertid
589 2161 115 31 funnit
721 2161 164 37 bärande,
908 2161 120 31 varför
1044 2162 72 31 han
1134 2162 142 31 anslutit
1292 2162 53 37 sig
1366 2163 50 30 till
1434 2164 371 36 utredningsmännens

306 2210 129 38 förslag
456 2211 222 31 härutinnan.
704 2212 387 35 Departementschefen
1113 2213 65 30 har
1200 2213 76 31 icke
1299 2213 77 31 haft
1400 2213 103 37 något
1526 2219 50 27 att
1599 2215 112 32 erinra
1734 2218 74 28 mot

305 2260 55 32 det
384 2271 42 21 av
448 2262 245 31 statskontoret
715 2263 66 29 och
805 2262 368 36 uppfinnarnämnden
1196 2263 218 32 framställda
1437 2265 162 37 förslaget
1624 2269 50 28 att
1698 2268 41 30 de
1763 2276 43 21 av

306 2311 121 37 Kungl.
454 2312 102 36 Maj:t
577 2313 145 31 utsedda
744 2313 234 32 ledamöterna
1001 2315 11 29 i
1038 2314 175 30 kontorets
1236 2315 143 36 styrelse
1400 2316 111 30 skulle
1531 2316 58 31 vid
1610 2317 196 37 beviljande

304 2372 45 21 av
367 2363 189 31 understöd
574 2363 151 32 formellt
745 2364 94 30 bilda
861 2374 42 20 en
922 2364 148 32 särskild
1089 2365 142 30 nämnd.

350 2413 96 32 Vissa
462 2414 10 30 i
487 2415 206 35 yttrandena
710 2409 218 49 framställda
952 2409 158 49 önskemål
1138 2415 11 30 i
1166 2415 227 38 detaljfrågor
1407 2420 114 33 syntes
1538 2418 267 36 departements-

306 2464 124 31 chefen
447 2464 35 31 få
500 2466 185 35 övervägas
704 2475 43 21 av
767 2466 121 36 Kungl.
907 2466 110 37 Maj:t,
1036 2465 43 32 då
1094 2467 57 30 det
1169 2476 69 27 nya
1254 2467 176 31 kontorets
1448 2469 138 36 stadgar
1602 2469 203 31 underställ-

306 2515 58 31 des
385 2516 54 30 för
460 2516 227 31 fastställelse.
