1928 2788
332 181 16 26 2
533 184 100 27 Andra
653 185 188 30 kammarens
857 190 108 33 femte
984 192 148 33 tillfälliga
1157 194 124 27 utskotts
1301 195 150 28 utlåtande
1470 198 43 26 Nr
1530 199 24 26 5.

339 262 63 30 Att
424 266 47 27 ett
494 265 143 38 verkligt
659 267 103 31 behov
785 278 40 21 av
848 273 47 27 ett
918 270 262 33 internationellt
1204 276 100 35 språk
1326 276 185 32 förefinnes
1535 280 92 30 torde
1651 292 136 21 numera

298 323 79 21 vara
399 315 137 32 allmänt
557 318 126 31 erkänt.
727 321 66 29 Vid
816 321 137 39 frågans
974 324 201 39 behandling
1197 327 106 31 under
1326 330 78 29 1919
1427 331 54 29 års
1502 332 134 38 riksdag
1657 334 60 30 har
1739 335 47 29 in-

295 367 144 31 hämtats
460 372 47 27 ett
529 371 156 36 yttrande.
712 372 74 31 från
809 384 40 20 en
872 385 39 20 av
934 377 80 30 våra
1037 377 182 33 förnämsta
1243 381 259 40 språkforskare,
1526 394 134 22 numera
1686 387 98 30 fram-

295 419 89 32 lidne
405 423 166 36 professor
591 425 104 31 Adolf
714 426 137 39 Noreen,
872 439 41 20 ur
934 430 100 31 vilket
1056 432 158 32 utskottet
1236 434 55 30 får
1313 435 118 32 anföra
1452 437 167 39 följande:

315 511 11 14 .
343 474 88 32 ”Det
454 476 85 31 lider
563 478 84 31 intet
671 480 101 30 tvivel
797 482 58 30 och
880 483 160 32 erkännes
1064 486 95 30 också
1182 487 100 31 bland
1306 489 204 39 sakkunnige
1535 492 60 31 allt
1619 503 89 21 mera
1731 504 52 20 en-

293 528 128 38 hälligt,
447 533 49 26 att
521 534 47 27 ett
592 532 213 38 världsspråk
829 536 98 36 utgör
951 541 45 26 ett
1022 539 185 37 trängande
1232 541 58 29 och
1314 542 74 30 med
1413 547 75 26 vart
1513 545 38 29 år
1575 545 60 31 allt
1660 547 122 30 oavvis-

292 580 103 37 ligare
411 581 102 31 behov
530 584 58 29 och
605 585 34 29 så
655 585 53 30 till
724 586 77 30 vida
817 588 66 29 kan
898 598 76 21 man
990 590 168 38 obetingat
1176 602 37 27 ge
1231 593 204 32 motionären
1459 596 91 36 (herr
1567 598 209 38 Lindhagen)

291 634 68 30 rätt
376 634 10 29 i
402 634 65 31 vad
483 635 66 31 han
565 637 123 31 anfört.
706 639 92 31 Mera
815 640 167 32 skiftande
1000 643 57 30 äro
1074 634 217 48 meningarna
1308 648 141 30 rörande
1468 649 129 38 frågan,
1615 651 166 32 huruvida

290 690 48 27 ett
358 687 108 38 dylikt
487 690 100 37 språk
607 691 59 31 bör
686 693 165 37 nyskapas
873 694 79 31 eller
972 696 128 31 komma
1121 698 52 30 till
1195 699 97 31 stånd
1313 710 115 28 genom
1448 703 255 40 mellanfolkligt
1726 716 54 20 an-

289 740 175 32 vändande
485 753 41 20 av
546 744 48 30 ett
614 744 103 32 redan
737 746 172 39 befintligt
928 750 109 37 språk,
1060 754 22 27 t.
1103 760 48 21 ex.
1174 753 185 36 engelskan.
1403 755 77 30 Men
1501 756 64 30 hur
1587 761 88 27 stora
1696 768 82 28 sym-

289 794 108 36 patier
417 805 76 20 man
512 797 43 29 än
574 797 66 30 kan
658 798 86 31 hava
763 799 53 31 för
835 810 41 20 en
894 801 130 39 lösning
1043 803 10 29 i
1074 803 204 33 sistnämnda
1298 806 159 39 riktning,
1479 809 101 31 måste
1601 820 76 20 man
1698 811 80 30 dock

288 846 78 38 inse,
390 851 49 27 att
460 848 64 31 den
545 850 196 32 åtminstone
765 852 52 31 för
839 854 208 34 närvarande
1070 857 36 29 är
1129 858 144 37 omöjlig,
1296 859 143 31 framför
1461 862 59 29 allt
1542 862 42 37 på
1606 863 109 37 grund
1737 874 40 20 av

288 899 64 31 den
374 901 180 32 nationella
576 904 200 38 ömtålighet,
800 916 68 20 som
890 908 31 37 ej
946 908 104 31 skulle
1073 909 113 31 kunna
1210 911 96 31 finna
1328 913 49 36 sig
1399 913 10 30 i
1433 913 54 31 det
1510 915 164 38 ofantliga
1697 926 79 28 gyn-

286 953 109 31 nande
421 964 41 21 av
487 965 41 20 en
553 956 66 31 viss
644 958 123 38 nation,
794 969 67 21 som
885 961 232 39 upphöjandet
1143 974 41 20 av
1209 964 124 32 dennas
1359 967 100 36 språk
1484 968 52 29 till
1563 969 213 38 världsspråk

285 1007 172 38 onekligen
479 1008 168 32 innebure.
691 1011 80 30 Man
791 1013 101 31 måste
914 1013 117 32 därför
1052 1025 38 27 ge
1112 1016 204 32 motionären
1336 1019 69 30 rätt
1426 1020 83 30 även
1530 1020 82 38 däri,
1636 1026 49 26 att
1713 1023 61 30 ”av-

285 1060 144 36 görande
455 1061 69 31 skäl
548 1063 68 30 tala
641 1064 53 30 för
717 1068 46 27 ett
788 1065 196 39 konstgjort,
1011 1068 108 31 enkelt
1144 1070 57 30 och
1227 1071 118 37 logiskt
1369 1072 237 38 världsspråk”.
1652 1073 53 32 Än
1728 1076 46 29 vi-

283 1112 79 32 dare
381 1123 96 28 synes
497 1125 76 20 man
593 1116 87 31 inom
701 1118 206 39 sakkunniga
927 1120 129 31 kretsar
1076 1132 80 20 vara
1177 1123 130 31 alltmer
1327 1124 94 38 villig
1441 1130 49 26 att
1510 1136 38 28 ge
1570 1127 202 32 motionären

282 1167 67 30 rätt
375 1167 82 38 däri,
482 1172 49 27 att
554 1173 47 27 ett
625 1170 108 39 dylikt
756 1173 100 36 språk
879 1173 59 31 bör
961 1184 81 21 vara
1066 1175 104 31 bildat
1196 1177 103 38 enligt
1324 1178 39 31 de
1387 1179 178 38 principer,
1592 1191 67 20 som
1683 1182 86 37 ligga

281 1220 52 30 till
351 1221 109 37 grund
478 1222 53 31 för
549 1223 40 31 de
606 1224 217 38 konstgjorda
840 1227 141 36 språken
999 1229 185 36 Esperanto
1202 1231 58 29 och
1280 1231 71 30 dess
1369 1232 208 32 förbättrade
1596 1235 175 38 avläggare

283 1273 68 31 Ido.
399 1275 101 30 Dessa
526 1276 169 38 principer
720 1280 118 35 utgöra
862 1281 167 37 nämligen
1054 1285 47 27 ett
1126 1283 86 37 slags
1237 1284 214 37 kompromiss
1476 1286 120 30 mellan
1622 1287 39 30 de
1686 1288 84 31 båda

279 1336 84 21 ovan
380 1328 144 31 nämnda
540 1329 223 39 lösningarna,
781 1335 67 27 mot
864 1333 215 37 nyskapande
1096 1335 58 30 och
1172 1336 214 37 upptagande
1406 1348 39 20 av
1464 1342 46 27 ett
1529 1339 103 30 redan
1649 1341 120 37 gängse

279 1380 108 37 språk,
408 1381 11 29 i
440 1381 55 31 det
515 1385 50 27 att
583 1384 167 37 nämligen
769 1385 211 32 ordförrådet
1000 1387 11 29 i
1032 1387 53 31 det
1107 1388 216 39 konstgjorda
1344 1392 129 36 språket
1498 1393 131 36 utgöres
1650 1394 34 30 så
1705 1394 63 31 vitt

278 1434 131 37 möjligt
433 1444 40 20 av
496 1436 118 30 sådant
638 1437 219 39 ordmateriel,
881 1449 68 21 som
972 1440 103 31 redan
1099 1442 120 30 vunnit
1242 1452 40 20 en
1306 1453 88 21 mera
1419 1445 122 30 allmän
1566 1446 201 39 ulbredning

276 1487 89 30 inom
383 1488 267 39 kulturspråken,
669 1490 11 29 i
698 1500 40 20 en
757 1491 78 30 eller
855 1502 119 28 annan,
995 1494 67 30 ofta
1085 1494 77 37 föga
1181 1495 168 32 skirtande
1369 1497 86 30 form
1475 1498 199 31 tillhörande
1694 1499 73 31 dem

275 1540 105 30 alla.”

317 1592 109 32 Sedan
450 1595 220 31 ovanstående
693 1596 143 39 skrivits,
860 1598 93 31 torde
977 1600 43 36 på
1044 1600 110 37 grumd
1177 1611 40 20 av
1240 1601 150 38 livligare
1414 1603 246 32 internationell
1684 1615 80 21 sam-

275 1646 124 31 färdsel
422 1647 137 32 behovet
583 1659 41 21 av
647 1654 47 26 ett
717 1651 213 38 världsspråk
953 1653 194 38 vtterligare
1172 1658 150 34 stegrats.
1368 1657 141 31 Särskilt
1532 1658 57 30 vid
1612 1658 39 31 de
1676 1662 87 28 stora

272 1700 268 33 internationella
573 1703 246 38 kongresserna,
855 1715 67 21 som
955 1706 73 31 med
1062 1707 199 32 inträdande
1296 1710 207 38 avspänning
1537 1711 85 31 efter
1655 1712 107 38 kriget

273 1753 95 38 börja
389 1754 106 31 hållas
516 1756 59 30 och
596 1756 89 31 vilka
706 1757 113 31 kunna
842 1762 137 34 antagas
1000 1760 33 30 få
1058 1760 54 31 för
1133 1761 183 31 framtiden
1337 1762 84 31 ökad
1444 1763 165 38 betydelse
1632 1765 10 29 i
1665 1765 97 38 fråga

271 1817 52 20 om
344 1807 52 30 till
418 1808 201 39 behandling
642 1810 228 38 föreliggande
894 1812 114 37 frågor
1031 1814 152 30 ävensom
1206 1815 124 30 antalet
1355 1816 177 38 deltagare,
1556 1818 61 29 har
1640 1819 121 37 frågan

270 1870 51 20 om
342 1861 282 38 kongresspråken
646 1863 96 30 alltid
764 1864 105 31 berett
891 1865 203 38 svårigheter
1116 1867 90 30 såväl
1228 1869 61 28 när
1311 1868 54 31 det
1388 1869 53 30 för
1463 1869 194 39 deltagarna
1679 1872 81 37 gällt

269 1917 48 26 att
332 1913 105 32 förstå
450 1915 168 31 varandra
631 1926 67 20 som
713 1917 56 30 vid
783 1917 266 32 förekommande
1062 1920 257 38 etikettsfrågor,
1335 1922 88 30 vilka
1437 1922 56 30 vid
1508 1923 123 31 sådana
1644 1924 115 30 tillfäl-

268 1967 53 30 len
342 1968 89 36 spela
452 1977 40 20 en
513 1968 183 38 ingalunda
718 1971 181 37 oväsentlig
920 1972 71 29 roll.
1025 1973 117 30 Därest
1166 1977 48 26 ett
1235 1975 116 29 erkänt
1375 1975 261 31 internationellt
1660 1978 97 36 språk

268 2020 130 36 funnes,
424 2021 110 31 kunde
560 2022 169 37 språkliga
755 2024 203 37 svårigheter
984 2025 83 30 lösas
1094 2026 43 32 så,
1165 2029 48 27 att
1240 2027 196 30 utlåtanden
1464 2029 55 29 och
1549 2029 208 31 anföranden

267 2074 178 30 översattes
469 2074 52 30 till
546 2074 91 31 detta
662 2076 108 37 språk.
819 2077 48 30 De
891 2077 115 33 livliga
1031 2078 269 32 internationella
1325 2080 228 38 förbindelser,
1580 2092 68 20 som
1673 2082 83 31 före-

266 2126 112 31 finnas
398 2127 120 31 mellan
538 2129 320 38 vetenskapsidkare,
880 2130 103 31 skulle
1005 2131 139 38 givetvis
1165 2133 193 37 ytterligare
1379 2133 172 32 förkovras
1573 2145 115 27 genom
1709 2139 46 27 ctt

265 2180 62 30 lätt
349 2180 205 39 tillgängligt
575 2182 270 32 meddelelsesätt.
889 2184 80 30 Man
992 2185 60 30 har
1074 2185 140 31 sålunda
1236 2187 94 30 tänkt
1354 2187 58 37 sig,
1436 2192 48 26 att
1508 2189 246 38 vetenskapliga

264 2234 243 38 avhandlingar
540 2235 104 31 skulle
679 2237 145 30 avslutas
857 2238 73 29 med
956 2248 40 20 en
1020 2239 126 30 resumé
1171 2240 42 36 på
1239 2240 54 30 det
1318 2241 267 31 internationella
1610 2243 142 36 språket.

264 2287 94 29 Inom
380 2287 143 31 handeln
549 2289 58 29 och
632 2289 188 31 industrien
844 2300 95 27 synes
964 2291 87 29 inom
1076 2301 37 20 en
1141 2292 51 30 del
1217 2293 115 30 länder
1357 2294 136 30 behovet
1518 2304 39 20 av
1583 2298 46 27 ett
1653 2295 99 30 inter-

261 2339 173 31 nationellt
452 2341 100 36 språk
570 2341 84 37 tagit
673 2342 49 37 sig
740 2343 111 30 starka
870 2344 143 37 uttryck.
1045 2345 164 36 Slutligen
1230 2345 91 30 torde
1341 2346 307 37 världsspråksidén
1667 2348 84 30 hava

261 2392 51 30 sin
332 2393 183 38 säkerligen
536 2394 69 30 icke
627 2395 100 30 minst
747 2395 126 38 viktiga
894 2396 164 38 betydelse
1084 2399 50 28 för
1155 2398 288 31 åstodkommande
1466 2410 39 19 av
1528 2400 83 30 ökad
1638 2401 112 30 förstå-

259 2446 63 30 else
342 2446 58 30 och
418 2447 181 31 närmande
617 2448 121 30 mellan
757 2448 121 31 folken.
909 2449 139 31 Särskilt
1073 2451 49 28 för
1142 2450 39 31 de
1200 2451 137 30 bredare
1358 2452 194 37 folklagren,
1573 2453 88 30 vilka
1681 2454 68 30 icke

259 2500 57 29 äro
339 2499 7 29 1
371 2500 133 30 tillfälle
527 2504 50 27 att
599 2501 136 37 tillägna
761 2502 49 34 sig
830 2502 101 35 nödig
955 2503 167 34 färdighet
1147 2504 7 29 i
1180 2504 38 30 de
1242 2505 68 29 ofta
1337 2505 179 33 svårlärda,
1542 2506 206 31 främmande
