2196 2638
676 201 265 32 Statsutskottets
971 201 177 32 Utlåtande
1171 201 65 31 N:o
1258 204 72 30 119.
1717 203 39 31 51

203 301 142 23 samma
386 288 247 49 förteckning
675 288 380 37 murareförmannen
1092 287 87 38 Carl
1208 289 131 36 Alfred
1368 288 241 38 Henriksson
1636 289 86 36 med
1751 302 47 23 en

203 340 95 48 årlig
343 341 162 36 kontant
549 340 170 48 aflöning
759 340 42 37 af
841 342 110 46 1,439
996 341 140 36 kronor
1179 342 47 35 50
1255 346 74 31 öre.
1385 341 18 36 I
1431 346 92 43 väg-
1551 341 71 36 och
1649 345 149 32 vatten-

203 392 78 49 byg
272 369 346 72 ;onadsstyrelsens
647 373 211 66 beräkning
885 393 109 48 ingår
1022 392 240 37 Henriksson
1291 393 86 36 med
1397 406 48 23 en
1465 370 126 59 årslön
1610 393 41 36 af
1663 393 135 36 endast

206 447 108 44 1,139
353 445 144 36 kronor
526 446 47 34 50
602 450 77 31 öre.
733 444 101 37 Henr
821 424 151 56 riksson
1002 449 41 31 är
1070 445 194 72 nämligen
1292 451 198 43 upptagen
1517 445 58 36 till
1603 445 103 36 detta
1734 445 64 36 be-

200 473 90 72 lopp
317 496 13 36 i
359 496 327 48 aflöningsstaten.
742 496 135 49 Enligt
904 497 100 36 hvad
1028 496 69 49 jag
1115 497 196 46 inhämtat,
1334 497 67 36 bör
1421 497 98 36 dock
1534 497 262 36 Henrikssons

203 548 169 48 aflöning
411 548 190 36 beräknas
638 551 48 46 på
715 553 73 31 sätt
817 561 81 23 som
927 548 102 37 skett
1056 548 11 36 i
1095 526 308 71 förteckningen,
1433 554 91 31 enär
1550 549 76 36 han
1654 549 41 36 af
1720 554 77 31 sär-

203 600 122 36 skilda
370 600 170 46 arbeten,
587 600 79 36 ofta
707 600 152 37 utförda
899 605 104 31 utom
1033 600 214 48 hemvistet,
1277 601 120 35 under
1426 600 194 49 åtskilliga
1648 604 40 33 år
1716 600 83 37 haft

202 652 74 36 den
309 652 11 35 1
348 651 296 49 förteckningen
671 657 197 44 upptagna
896 652 120 49 högre
1045 652 227 36 inkomsten.
1328 652 55 36 Af
1407 653 111 36 dessa
1546 653 252 48 anledningar

202 704 70 36 och
318 703 60 37 för
424 709 55 31 att
522 704 127 36 kunna
690 709 102 31 möta
834 708 111 32 äfven
975 704 245 37 oförutsedda
1247 704 163 49 utgifter
1436 708 49 46 på
1514 705 103 36 detta
1646 705 151 36 område

202 755 106 36 torde
350 755 58 36 till
449 756 243 36 bestridande
722 756 41 36 af
788 756 513 47 förvaltningskostnaderna
1329 757 94 36 böra
1452 770 89 23 vara
1570 757 228 49 disponibelt

203 812 53 32 ett
296 807 140 49 belopp
470 820 80 24 som
579 807 208 50 lämpligen
814 808 111 36 torde
953 808 127 36 kunna
1109 808 228 36 bestämmes
1366 808 58 36 till
1456 810 161 45 120,000
1645 809 150 36 kronor.

304 858 534 50 Förvaltningskostnaderna
878 859 94 37 böra
1014 859 243 50 naturligtvis
1284 864 92 45 utgå
1405 861 41 36 af
1471 860 261 37 inkomsterna
1760 862 41 35 af

201 911 259 36 kanalverket.

303 962 55 36 Af
396 963 114 36 dessa
550 963 208 36 inkomster
785 963 111 36 torde
924 964 115 36 äfven
1066 963 93 37 böra
1186 963 132 62 gäldas
1347 964 34 48 ej
1412 964 146 36 mindre
1586 965 211 48 utgifterna

200 1014 60 36 för
300 1014 269 37 kanalverkets
609 1015 197 36 underhåll
843 1016 121 48 jämte
998 1015 101 37 hvad
1126 1016 156 36 därmed
1310 1020 93 43 äger
1432 1017 286 47 sammanhang,
1748 1022 49 31 än

202 1066 112 36 äfven
356 1066 379 49 obligationsräntan,
779 1069 53 45 3,6
859 1072 171 44 procent,
1060 1070 20 33 å
1109 1068 74 35 den
1209 1068 13 36 i
1251 1046 164 58 svenska
1444 1068 352 50 statsobligationer

202 1118 156 49 erlagda
386 1119 322 49 köpeskillingen.

303 1170 76 36 Det
408 1171 227 36 statsverket
662 1170 287 37 tillkommande
979 1171 213 37 öfverskott
1221 1172 41 35 af
1277 1171 289 49 kanalbolagets
1585 1173 211 37 inkomster

200 1222 69 36 har
310 1222 135 36 hittills
486 1223 123 48 ingått
649 1223 57 35 till
746 1222 175 37 handels-
964 1223 70 36 och
1064 1223 311 49 sjöfartsfonden.
1431 1224 115 36 Detta
1575 1237 113 35 synes
1717 1225 79 48 mig

200 1274 115 35 äfven
343 1274 194 48 framgent
565 1274 92 37 böra
681 1279 72 43 äga
772 1287 95 34 rum,
889 1275 260 75 synnerligast
1168 1288 93 31 som,
1283 1275 117 36 sedan
1420 1277 231 35 statsverket
1670 1277 125 36 öfver-

200 1325 98 48 tagit
338 1299 262 80 kanalverket,
642 1329 128 45 någon
814 1326 165 36 särskild
1014 1304 337 86 reparationsfond
1374 1327 85 36 icke
1488 1332 41 31 är
1557 1328 237 69 erforderlig,

201 1355 69 57 och
298 1372 243 58 följaktligen
571 1354 210 60 kostnaden
809 1378 60 36 för
897 1382 123 32 större
1048 1378 261 49 reparationer
1338 1382 20 32 å
1385 1378 162 37 kanalen
1576 1380 135 36 torde
1707 1386 88 31 böra

201 1428 186 37 bestridas
421 1443 45 22 ur
494 1429 175 37 handels-
699 1429 70 36 och
799 1429 312 49 sjöfartsfonden.
1158 1430 55 35 Af
1232 1430 169 48 följande
1421 1431 151 49 tablå”),
1592 1445 80 23 som
1692 1433 103 36 visar

200 1480 177 36 handels-
409 1481 70 36 och
508 1481 320 49 sjöfartsfondens
856 1481 208 37 inkomster
1088 1482 72 36 och
1178 1482 160 47 utgifter
1356 1483 121 36 under
1497 1483 297 50 tioårsperioden

203 1534 265 46 1894—1903,
505 1533 122 36 finner
655 1546 98 35 man,
791 1534 94 35 huru
922 1533 217 49 betydande
1177 1534 59 36 del
1266 1534 42 37 af
1331 1535 165 36 fondens
1524 1536 271 37 årsinkomster

198 1584 167 48 utgjorts
398 1585 41 35 af
463 1584 136 48 medel,
629 1598 80 23 som
737 1585 160 36 kommit
924 1586 144 35 fonden
1096 1585 56 36 till
1180 1586 103 48 godo
1312 1587 85 35 från
1426 1587 209 37 Trollhätte
1664 1588 129 36 kanal-

199 1636 103 35 verk.
362 1636 128 37 Under
517 1637 140 36 sådana
685 1636 264 37 förhållanden
974 1650 92 23 vore
1086 1637 81 36 fara
1190 1638 110 36 värdt
1319 1643 64 41 att,
1406 1651 61 23 om
1487 1639 123 36 denna
1627 1639 167 37 inkomst

198 1687 199 48 upphörde
435 1692 55 31 att
525 1687 152 49 tillyta
713 1688 155 46 fonden,
907 1688 218 37 densamma
1152 1689 83 36 icke
1266 1690 120 35 skulle
1414 1690 118 36 blifva
1558 1691 13 36 i
1599 1692 111 36 stånd
1739 1697 55 31 att

198 1738 203 48 tillgodose
431 1739 47 36 de
506 1739 127 48 behof,
664 1752 81 23 som
773 1739 143 37 fonden
945 1744 42 31 är
1015 1740 133 36 afsedd
1175 1746 56 30 att
1260 1740 102 49 fylla.

300 1789 305 38 Vidkommande
633 1791 13 35 i
673 1791 118 49 köpet
818 1791 188 48 ingående
1037 1791 104 36 delar
1170 1792 41 36 af
1236 1791 63 37 det
1326 1792 58 36 till
1403 1793 196 49 stadsplan
1618 1794 175 37 indelade

199 1842 181 47 området,
410 1855 81 23 som
519 1842 126 48 ligger
673 1842 140 36 mellan
841 1821 128 58 älfven
998 1843 70 37 och
1096 1843 259 49 aktiebolaget
1382 1844 191 50 Nydqvist
1601 1846 31 35 &
1659 1845 134 37 Holms

193 1893 278 50 järnvägsspår
499 1894 70 36 och
597 1899 41 31 är
667 1895 173 47 angifvet
869 1898 20 32 å
918 1895 75 36 den
1021 1895 65 36 vid
1114 1873 218 59 kontraktet
1360 1896 140 49 fogade
1527 1897 147 47 kartan,
1696 1903 98 31 samt

199 1945 63 36 det
301 1945 58 36 till
403 1945 266 50 stadsplanens
709 1922 233 73 utvidgning
984 1947 157 36 afsedda
1183 1947 170 37 området
1395 1924 103 61 öster
1536 1962 61 23 om
1629 1950 164 37 nämnda

192 1997 288 48 järnvägsspår,
521 1997 108 37 torde
659 1976 183 58 särskild
849 1977 208 69 utredning
1084 2012 90 23 vara
1202 1999 41 35 af
1268 1999 125 36 nöden
1421 2000 103 36 såväl
1551 2001 12 35 i
1591 2001 109 47 fråga
1732 2015 59 22 om

200 2047 185 37 villkoren
427 2048 61 37 för
515 2049 235 48 upplåtelser
778 2050 83 35 från
890 2049 114 36 dessa
1031 2028 182 58 områden
1241 2063 79 23 som
1349 2051 238 37 beträffande
1616 2031 177 58 arrende-

197 2099 186 36 villkoren
412 2100 60 35 för
498 2100 117 36 redan
643 2100 182 48 upplåtna
852 2105 149 41 tomter,
1032 2101 116 36 sedan
1176 2114 49 23 nu
1255 2102 177 47 gällande
1452 2103 341 37 arrendekontrakt

197 2153 83 45 gått
320 2150 57 36 till
419 2151 109 36 ända.
583 2151 192 37 Intilldess
819 2152 118 35 sådan
979 2130 209 70 utredning
1215 2126 299 77 åstadkommits,
1544 2154 108 37 torde
1681 2155 112 37 dessa

197 2179 183 58 områden
408 2201 92 37 böra
528 2204 58 34 stå
613 2202 121 36 under
762 2202 74 37 den
864 2203 251 49 förvaltning,
1145 2217 81 23 som
1255 2205 41 35 af
1320 2204 143 49 Kungl.
1493 2205 108 49 Maj:t
1632 2206 161 37 bestäm-

299 2320 22 29 +)
340 2320 99 24 Införd
459 2322 16 22 &
494 2320 50 24 sid.
565 2322 39 23 52.
