2176 2580
676 169 291 36 Stats-Utskottets
996 169 176 36 Utlåtande
1195 174 61 32 N:o
1279 176 42 31 15
1343 186 28 21 a.
1756 176 39 28 33

208 258 115 36 stälda
365 258 304 46 löneregleringar
696 260 145 33 embets-
870 259 64 34 och
961 259 232 44 tjenstemäns
1220 258 259 37 löneförmåner
1507 261 113 35 delats
1649 261 11 34 i
1686 261 59 34 lön
1773 261 64 34 och

206 309 474 45 tjenstgöringspenningar,
709 309 152 36 Hvarvid
888 311 171 33 bestämts
1087 313 54 32 att
1168 312 144 43 pension
1342 312 124 34 endast
1493 310 56 36 får
1576 313 178 44 uppbäras
1782 312 55 34 till

207 361 59 33 det
293 361 136 43 belopp,
458 361 148 35 hvartill
633 362 103 34 lönen
750 358 162 47 uppgått,
930 363 91 32 samt
1036 359 112 37 såsom
1163 362 65 34 här
1245 362 107 35 ofvan
1368 373 114 33 synes,
1501 363 40 34 af
1553 364 42 33 de
1615 364 39 34 af
1670 362 166 45 Majoren

207 410 200 45 Björkman
448 409 168 47 åtnjutna
656 410 269 45 löneförmåner,
971 413 109 42 6,000
1114 413 142 43 kronor,
1287 415 111 42 4,000
1427 414 131 34 kronor
1585 416 136 33 ansetts
1749 414 86 34 böra

207 462 187 34 betraktas
436 460 112 37 såsom
590 464 58 33 lön
690 463 64 34 och
796 465 110 41 2,000
934 463 132 34 kronor
1093 461 112 37 såsom
1234 464 466 45 tjenstgöringspenningar,
1731 475 105 24 anser

206 511 202 46 Utskottet,
452 516 55 31 att
543 514 326 43 pensionsbeloppet
896 513 55 34 för
978 513 199 44 Björkman
1206 516 62 33 bör
1295 516 211 33 bestämmas
1534 516 55 34 till
1616 516 112 43 4,000
1757 516 77 34 kro-

206 574 79 34 nor;
326 565 64 33 och
431 564 113 34 finner
587 565 54 43 sig
668 564 189 35 Utskottet
885 574 65 33 ega
980 561 38 37 så
1045 566 143 41 mycket
1214 576 97 24 mera
1340 566 78 34 stöd
1445 566 55 34 för
1528 567 114 33 denna
1670 567 54 33 sin
1751 576 82 34 upp-

205 614 159 44 fattning
405 625 71 23 som
517 612 90 37 både
648 614 379 44 Kommerskollegium
1066 615 64 34 och
1160 615 268 36 Statskontoret
1455 618 378 34 sammanstämmande

205 668 119 31 ansett
364 665 266 44 framställning
670 666 84 34 böra
796 663 126 36 aflåtas
955 676 53 23 om
1041 666 145 43 pension
1214 668 54 33 för
1295 667 198 45 Björkman
1521 668 55 34 till
1604 669 126 33 endast
1757 668 75 34 sist-

205 715 153 35 nämnda
386 716 137 43 belopp.

341 765 190 36 Utskottet
557 763 135 37 tillåter
719 766 53 44 sig
800 766 117 34 derför
945 767 199 43 hemställa,

660 869 54 32 att
746 866 130 45 Kongl.
906 866 128 45 Maj:ts
1061 867 235 35 förevarande
1324 868 262 46 framställning
1614 867 56 37 må
1697 868 46 46 på
1770 872 58 34 det

611 920 71 31 sätt
709 917 40 35 af
777 917 206 44 Riksdagen
1011 917 153 42 bifallas,
1181 921 55 31 att
1263 918 165 45 Majoren
1456 919 119 36 Jakob
1603 919 69 35 Alf
1697 920 136 36 Gustaf

610 967 198 45 Björkman
847 968 232 34 tillerkännes
1119 972 74 30 rätt
1234 972 55 31 att
1328 968 80 36 från
1449 971 64 34 och
1550 972 78 33 med
1655 970 174 36 månaden

609 1021 80 31 näst
717 1019 90 33 efter
835 1019 76 43 den,
941 1019 12 33 i
981 1019 146 34 hvilken
1155 1019 70 34 han
1253 1020 131 34 varder
1412 1022 201 43 entledigad
1641 1020 79 36 från
1740 1023 87 34 före-

608 1066 414 47 ståndarebefattningen
1049 1069 60 35 vid
1137 1070 66 33 den
1232 1069 180 36 Tekniska
1440 1072 123 34 skolan
1583 1072 11 33 i
1610 1071 216 46 Stockholm,

609 1120 111 33 under
747 1120 54 33 sin
828 1117 225 37 återstående
1079 1120 111 34 lifstid
1219 1118 21 36 å
1269 1122 176 34 allmänna
1473 1122 353 45 indragningsstaten

608 1167 141 47 åtnjuta
778 1180 42 24 en
848 1168 91 46 årlig
966 1170 144 43 pension
1139 1171 39 33 af
1203 1173 111 41 4,000
1342 1172 141 35 kronor.

359 1272 90 32 19:0.
504 1269 18 34 I
550 1270 190 44 anledning
768 1270 39 34 af
832 1280 43 24 en
902 1270 80 34 utaf
1008 1269 816 49 Kommissionslandtmätaren
1547 1265 23 58 i
1591 1269 233 49 Kopparbergs
1852 1285 147 34 Angående

202 1322 58 33 län
292 1320 112 44 Bengt
434 1320 139 34 Henrik
600 1320 218 34 Alstermark
845 1320 103 44 gjord
976 1321 198 44 ansökning
1201 1322 66 34 har
1293 1322 132 45 Kongl.
1456 1323 109 45 Maj:t
1592 1325 53 34 uti
1673 1326 153 33 särskild
1856 1320 161 50 fy/nads--

203 1372 64 33 den
312 1373 46 32 20
401 1371 157 33 sistlidne
586 1370 174 35 Februari
787 1371 54 34 till
869 1370 206 45 Riksdagen
1103 1371 131 35 aflåten
1261 1373 215 43 proposition
1504 1374 70 34 N:o
1604 1377 45 32 27
1679 1375 143 35 föresla-
1834 1362 56 51 PR
1909 1356 102 59 mms

201 1422 64 44 git,
308 1423 54 32 att
389 1422 158 33 bemälde
580 1420 227 35 Alstermark
834 1419 110 36 måtte
972 1420 80 35 från
1081 1423 64 33 och
1173 1424 78 33 med
1278 1421 169 37 månaden
1478 1428 81 31 näst
1587 1424 90 35 efter
1705 1427 77 42 den,
1812 1427 53 53 aa
1882 1422 113 59 gp

200 1472 147 35 hvilken
378 1472 72 33 han
476 1472 78 33 med
582 1472 404 44 sjuklighetsunderstöd
1014 1470 79 36 från
1123 1471 229 37 Civilstatens
1380 1475 366 45 pensionsinrättning
1773 1464 88 51 af-B.
1881 1464 32 50 H.
1929 1464 99 53 Alster

201 1520 66 46 går
294 1520 80 36 från
401 1522 167 44 tjensten,
597 1523 111 33 under
735 1522 52 34 sin
815 1520 223 36 återstående
1066 1522 123 44 lifstid,
1219 1524 89 34 dock
1336 1524 31 44 ej
1398 1525 73 34 förr
1498 1529 46 31 än
1572 1524 79 36 från
1667 1527 64 34 och
1746 1528 77 33 med
1881 1523 86 26 Mark.

206 1575 94 32 1886
330 1570 58 36 års
414 1570 144 46 ingång,
588 1571 141 45 åtnjuta
756 1570 80 37 från
864 1574 177 33 allmänna
1069 1573 353 45 indragningsstaten
1450 1576 301 44 fyllnadspension
1771 1578 53 33 till

201 1621 37 36 så
280 1624 90 33 stort
410 1623 135 43 belopp,
588 1626 54 31 att
675 1624 98 33 detta
801 1623 148 43 tillhopa
977 1623 77 34 med
1081 1624 229 35 understödet
1337 1624 79 35 från
1444 1627 151 34 nämnda
1623 1628 200 43 inrättning

199 1676 106 42 utgör
333 1676 51 31 ett
411 1676 103 31 tusen
540 1673 220 43 fyrahundra
787 1674 131 33 kronor
946 1674 86 34 eller
1059 1676 51 32 ett
1138 1677 102 31 tusen
1268 1676 140 34 kronor.

334 1722 56 35 Af
427 1724 59 34 det
526 1724 66 34 den
632 1723 130 45 Kongl.
805 1724 262 43 propositionen
1095 1725 143 44 bilagda
1267 1724 352 46 statsrådsprotokoll
1647 1728 175 35 inhemtas

198 1774 314 44 hufvudsakligen:
1435 1792 8 7 :

336 1828 49 31 att
411 1824 239 44 Alstermark,
679 1835 73 24 som
779 1829 40 30 är
846 1825 82 34 född
956 1826 66 33 den
1052 1827 45 32 29
1128 1824 160 36 Oktober
1320 1828 107 42 1827,
1443 1828 118 34 blifvit
1576 1829 245 34 konstituerad

198 1876 54 33 till
293 1875 439 34 landtmäteriauskultant
772 1876 67 34 den
870 1878 43 32 16
942 1875 77 45 Maj
1061 1878 94 32 1849
1186 1877 64 34 och
1277 1877 56 34 till
1360 1878 77 34 vice
1464 1879 357 35 kommissionslandt-

199 1928 137 32 mätare
364 1926 68 34 den
464 1927 42 33 19
535 1925 77 45 Maj
646 1927 93 33 1856
770 1929 90 31 samt
888 1927 67 33 den
984 1929 46 32 30
1058 1926 77 45 Maj
1169 1929 94 33 1873
1293 1928 12 33 i
1332 1925 109 37 nåder
1467 1930 172 33 utnämnd
1658 1930 54 34 till
1727 1931 93 33 kom-

199 1976 411 44 missionslandtmätare,
640 1976 246 35 hvarförutom
901 1976 228 35 Alstermark
1144 1978 161 34 innehaft
1319 1978 260 35 förordnanden
1595 1982 54 32 att
1663 1981 157 34 bestrida

198 2026 245 44 befattningar
470 2025 112 36 såsom
611 2027 173 43 justerare
813 2027 39 34 af
877 2028 72 33 dels
977 2027 530 46 bränvinsbränningsredskap,
1538 2031 73 33 dels
1639 2029 89 36 mått
1756 2033 64 33 och

198 2078 119 44 vigter
357 2080 91 31 samt
488 2075 111 36 såsom
628 2077 195 35 kontrollör
851 2078 64 34 och
942 2079 152 33 krönare
1122 2079 60 33 vid
1209 2080 393 45 bränvinsbrännerier;
1632 2085 50 31 att
1709 2083 109 43 enligt

198 2129 144 34 läkares
368 2128 103 43 intyg
498 2126 240 45 Alstermark,
768 2139 71 23 som
866 2129 77 33 lede
972 2128 40 34 af
1035 2128 129 44 partiel
1184 2129 214 45 förlamning
1412 2131 54 34 till
1479 2131 89 44 följd
1583 2131 40 35 af
1635 2143 42 23 en
1692 2134 126 33 tromb-

199 2178 160 44 bildning
399 2177 11 34 i
449 2175 110 46 något
600 2177 195 45 hjernkärl,
829 2179 202 43 derigenom
1059 2179 119 34 blifvit
1205 2180 155 35 förslöad
1387 2182 55 33 till
1469 2182 256 35 tankekraften
1754 2185 64 33 och

196 2226 70 37 fått
293 2226 320 46 rörelseförmågan
640 2229 176 43 betydligt
843 2230 173 42 minskad,
1047 2226 38 37 så
1113 2232 55 31 att
1188 2230 70 34 han
1278 2242 84 23 vore
1379 2232 201 44 oförmögen
1597 2236 55 31 att
1666 2234 153 35 förrätta

282 2286 78 31 Bih.
387 2286 52 31 till
462 2285 115 32 Riksd.
604 2285 88 32 Prot.
722 2286 89 31 1885.
857 2289 20 28 4
901 2286 100 32 Saml.
1047 2288 18 29 1
1090 2287 81 40 Afd.
1217 2290 42 29 13
1282 2288 99 40 Häft.
1736 2293 17 28 5
