1936 2790
508 130 284 30 Statsutskottets
816 128 182 30 memorial
1020 137 42 20 nr
1085 127 40 31 57
1148 128 40 30 år
1212 128 83 29 1966
1608 128 36 29 11

164 209 62 30 har
245 211 68 29 den
330 209 271 40 handikappade
619 209 74 30 ofta
712 208 137 30 mindre
868 208 221 40 möjligheter
1108 209 50 28 att
1178 214 125 32 genom
1321 208 75 37 eget
1416 206 116 29 arbete
1553 205 92 29 med-

163 265 105 29 verka
290 265 52 29 till
366 266 49 28 att
439 264 192 38 nedbringa
654 262 237 30 kostnaderna
915 262 56 30 för
994 261 384 38 bostadsförbättring.»

206 318 73 29 dels
298 318 56 29 det
373 318 120 39 stycke
512 317 11 29 i
542 317 187 29 utskottets
749 316 154 29 nämnda
921 315 173 40 yttrande,
1117 323 74 21 som
1211 314 119 39 börjar
1350 313 79 30 med
1452 313 195 30 »Utskottet

164 371 164 30 föreslår»
350 371 64 29 och
433 371 109 29 slutar
560 370 78 29 med
658 370 222 36 »riksdagens
900 369 151 36 åtgärd»,
1070 368 78 29 bort
1167 368 144 29 ersättas
1331 367 79 29 med
1429 368 71 28 text
1520 375 42 21 av
1583 365 64 29 föl-

161 425 107 39 jande
289 425 143 39 lydelse:

209 478 87 29 »För
316 479 39 29 de
375 478 12 29 i
406 478 220 29 motionerna
646 477 29 29 1:
694 476 60 29 174
775 476 65 29 och
861 476 46 29 II:
923 475 62 30 225
1008 474 155 30 nämnda
1183 474 405 39 handikappgrupperna
1610 473 37 28 är

163 541 42 20 en
223 532 159 38 förlängd
401 530 284 39 amorteringstid
703 529 191 30 emellertid
913 529 71 29 inte
1003 528 196 39 tillräcklig.
1219 528 68 29 För
1303 527 104 30 dessa
1426 534 151 32 grupper
1597 535 50 20 er-

160 585 140 30 fordras
318 587 47 27 ett
382 585 142 29 fortsatt
542 584 76 29 stöd
636 584 12 29 i
664 584 92 29 form
775 592 41 20 av
832 582 170 30 räntefria
1022 581 141 30 stående
1182 580 299 39 förbättringslån.

208 639 173 30 Utskottet
398 637 149 30 föreslår
564 639 48 28 att
630 637 186 37 riksdagen
833 636 10 29 i
862 635 166 30 skrivelse
1045 635 53 29 till
1116 634 124 39 Kungl.
1259 634 105 39 Maj:t
1383 640 59 32 ger
1459 633 53 29 till
1527 633 121 29 känna

161 693 66 29 vad
254 692 168 29 utskottet
449 690 147 30 anfört.»

207 744 12 29 I
239 743 204 40 anslutning
460 743 121 30 härtill
598 743 65 29 har
681 743 266 28 reservanterna
965 742 116 28 ansett
1099 742 52 28 att
1169 740 171 29 utskottet
1359 739 111 29 under
1490 739 154 29 moment

165 799 49 29 15.
240 799 76 29 bort
341 798 187 29 hemställa
553 799 49 28 att
628 797 185 38 riksdagen
841 796 56 29 må
924 795 221 29 beträffande
1169 794 154 30 krediter
1352 793 55 30 för
1433 792 214 31 bostadsför-

162 852 194 39 bättringar
373 852 12 28 i
404 851 188 38 anledning
611 859 42 20 av
672 849 125 39 Kungl.
818 849 123 39 Maj:ts
962 848 132 38 förslag
1114 849 163 29 ävensom
1296 847 222 29 motionerna
1538 846 30 29 1:
1583 845 61 30 421

161 906 66 29 och
247 905 45 29 II:
308 905 73 33 518,
402 904 103 29 såvitt
525 913 47 20 nu
593 904 37 28 är
650 903 11 29 i
680 903 109 38 fråga,
810 904 90 27 samt
921 902 79 29 med
1020 901 99 29 bifall
1139 901 52 30 till
1212 900 219 30 motionerna
1452 900 29 29 I:
1500 899 61 30 174
1582 899 65 29 och

163 957 45 29 Il:
224 957 62 30 225
305 958 11 29 i
334 957 167 29 skrivelse
518 957 54 29 till
590 955 124 39 Kungl.
733 955 106 39 Maj:t
858 955 77 39 giva
952 954 55 30 till
1024 954 119 29 känna
1159 953 67 30 vad
1244 953 171 29 utskottet
1433 952 128 31 anfört.

206 1065 114 38 Enligt
345 1064 170 30 utskottet
540 1063 303 30 tillhandakomna
868 1060 321 41 protokollsutdrag
1214 1061 65 29 har
1300 1060 114 30 första
1441 1059 206 30 kammaren

161 1118 127 30 bifallit
306 1118 67 30 vad
393 1118 170 29 utskottet
584 1116 187 33 hemställt,
794 1115 109 29 under
926 1115 55 29 det
1004 1116 48 28 att
1075 1114 108 30 andra
1204 1114 205 29 kammaren
1431 1112 127 30 bifallit
1578 1112 69 29 den

161 1172 57 30 vid
242 1172 158 39 punkten
427 1170 123 39 fogade
575 1169 258 30 reservationen
861 1169 36 29 11
926 1168 53 33 b).

205 1279 68 30 För
291 1278 141 39 frågans
452 1277 195 39 avgörande
666 1276 147 30 medelst
834 1283 200 31 gemensam
1054 1274 217 39 omröstning
1290 1273 55 30 får
1366 1273 170 29 utskottet
1558 1272 88 29 före-

162 1332 51 30 slå
236 1332 160 39 följande
422 1329 409 40 voteringsproposition:

208 1387 104 32 »Den,
336 1394 74 20 som
432 1384 12 29 i
465 1384 109 29 likhet
594 1384 80 28 med
698 1383 112 29 första
831 1382 207 29 kammaren
1060 1381 69 34 vill,
1154 1382 49 28 att
1227 1380 186 38 riksdagen
1437 1379 59 30 må
1518 1378 128 30 beträf-

162 1438 106 30 fande
284 1437 152 29 krediter
454 1437 55 29 för
525 1435 395 38 bostadsförbättringar
937 1434 12 29 i
965 1433 189 39 anledning
1170 1442 43 20 av
1229 1432 124 39 Kungl.
1372 1432 126 38 Maj:ts
1515 1431 132 39 förslag

161 1493 166 29 ävensom
344 1491 219 29 motionerna
581 1489 28 29 I:
628 1489 61 29 174
723 1489 64 28 och
806 1488 45 29 II:
868 1488 62 29 225
951 1489 90 27 samt
1060 1487 29 29 I:
1105 1486 59 30 421
1187 1487 64 28 och
1270 1486 46 29 II:
1332 1485 74 35 518,
1427 1484 220 31 sistnämnda

161 1544 59 29 två
236 1543 171 30 motioner
423 1543 104 29 såvitt
545 1551 48 20 nu
608 1542 39 29 är
663 1542 12 28 i
691 1541 109 39 fråga,
817 1541 12 29 i
846 1540 167 30 skrivelse
1028 1540 54 29 till
1099 1539 123 39 Kungl.
1240 1539 106 39 Maj:t
1364 1538 77 39 giva
1457 1538 53 29 till
1527 1538 119 28 känna

160 1599 67 30 vad
247 1598 168 29 utskottet
435 1596 128 34 anfört,
583 1597 114 28 röstar

778 1648 56 34 Ja;

205 1706 84 32 Den,
309 1704 56 29 det
384 1704 30 38 ej
437 1703 70 33 vill,
528 1703 112 29 röstar

778 1754 79 39 Nej;

206 1810 130 29 Vinner
362 1809 75 39 Nej,
465 1809 65 28 har
556 1807 188 39 riksdagen
772 1807 10 29 i
808 1806 111 29 likhet
946 1806 79 29 med
1053 1805 111 30 andra
1190 1805 207 29 kammaren
1422 1803 223 31 beträffande

160 1864 153 29 krediter
331 1864 57 29 för
407 1861 396 37 bostadsförbättringar
825 1859 151 30 beslutat
998 1861 49 27 att
1068 1859 12 28 i
1102 1859 187 38 anledning
1310 1868 42 20 av
1374 1858 125 38 Kungl.
1523 1858 123 38 Maj:ts

162 1916 131 38 förslag
315 1916 164 28 ävensom
502 1914 218 29 motionerna
744 1913 29 29 I:
789 1912 60 30 421
876 1912 64 29 och
964 1912 46 28 II:
1027 1911 73 34 518,
1125 1911 102 29 såvitt
1251 1920 47 20 nu
1323 1911 39 29 är
1385 1911 12 28 i
1418 1910 111 39 fråga,
1556 1911 90 28 samt

162 1968 79 29 med
255 1968 100 29 bifall
369 1967 53 29 till
439 1967 219 29 motionerna
674 1966 28 28 I:
722 1965 61 29 174
799 1964 65 30 och
881 1964 45 29 II:
943 1964 62 29 225
1023 1964 11 29 i
1050 1964 167 29 skrivelse
1231 1963 54 30 till
1302 1963 124 39 Kungl.
1445 1963 105 39 Maj:t
1568 1963 77 38 giva

162 2021 52 29 till
233 2020 117 30 känna
368 2021 66 29 vad
454 2020 11 29 i
484 2018 257 30 reservationen
764 2018 36 29 11
821 2018 37 34 b)
883 2017 167 29 anförts.»

207 2092 200 30 Stockholm
429 2092 67 29 den
520 2090 37 30 15
580 2090 86 40 april
691 2089 83 30 1966

636 2178 47 29 På
713 2177 278 29 statsutskottets
1021 2177 144 37 vägnar:

727 2264 140 30 GÖSTA
886 2263 189 30 BOHMAN

172 2474 83 16 MARCUS
265 2474 67 15 BOKTR
347 2473 64 16 STHLM
425 2473 36 15 1966
478 2472 76 16 660027
