1866 2814
416 147 436 32 Konstitutionsutskottets
875 144 175 32 utlåtande
1071 154 43 22 nr
1140 145 49 30 21.
1538 136 18 30 5

629 228 34 41 4
706 228 272 40 Förslag

773 298 53 31 till

744 362 133 49 Lag

48 437 187 42 angående
259 435 138 34 ändrad
422 434 139 41 lydelse
584 442 43 23 av
650 432 39 33 12
713 431 69 34 och
802 430 43 33 44
866 427 42 43 $$
929 431 109 39 lagen
1062 429 70 33 den
1154 428 20 32 6
1194 426 86 43 juni
1303 426 83 33 1930
1408 423 60 42 (nr
1483 422 75 41 259)

562 493 60 24 om
644 481 410 41 församlingsstyrelse.

220 573 227 40 (Nuvarande
469 571 144 40 lydelse)

757 646 38 29 12

94 721 14 30 I
132 718 214 37 församling,
369 718 62 30 där
455 712 330 42 kyrkofullmäktige

51 772 76 31 icke
177 771 125 34 finnas,
354 772 95 27 utser
498 766 288 37 kyrkostämman

50 823 108 30 bland
178 822 42 30 de
237 819 294 37 röstberättigade,
552 826 74 22 som
645 818 61 29 äro
726 816 58 29 bo-

49 874 89 31 ende
160 873 96 30 inom
280 870 248 36 församlingen
550 869 66 30 och
639 864 147 39 uppnått

53 923 170 39 tjugufem
264 922 55 31 års
360 920 105 36 ålder,
507 929 42 21 en
576 917 211 32 ordförande

52 976 65 30 och
143 984 43 22 en
210 973 74 31 vice
307 971 213 32 ordförande
544 970 56 30 för
624 969 78 37 fyra
726 968 59 30 ka-

51 1023 168 33 lenderår.
255 1023 66 31 Till
358 1021 212 33 ordförande
606 1019 59 31 må
698 1019 88 30 dock

51 1078 121 29 kunna
194 1077 92 29 utses
311 1072 229 40 kyrkorådets
565 1070 220 34 ordförande,

52 1126 93 32 ändå
170 1130 49 28 att
246 1127 71 29 han
345 1125 77 31 icke
447 1125 39 29 är
513 1119 272 38 röstberättigad.

51 1174 114 39 Avgår
199 1177 67 30 den
301 1174 102 30 valde
435 1173 111 30 under
569 1169 217 39 uppdragsti-

54 1230 76 34 den,
150 1232 91 27 utses
261 1227 10 30 i
289 1229 88 29 hans
397 1226 97 30 ställe
512 1233 117 23 annan
648 1223 55 30 för
721 1222 68 31 den

52 1278 216 32 återstående
290 1277 102 31 delen
412 1285 44 22 av
477 1284 136 23 samma
636 1273 59 32 tid.
720 1273 67 30 Un-

54 1330 198 32 derrättelse
281 1338 58 21 om
367 1329 101 29 dessa
495 1327 63 36 val,
588 1326 80 30 med
694 1323 93 37 angi-

54 1381 112 31 vande
191 1390 43 21 av
260 1380 42 30 de
326 1379 120 31 valdas
474 1386 107 21 namn
604 1376 66 31 och
698 1377 89 35 post-

54 1433 127 34 adress,
218 1431 87 30 skall
341 1427 250 37 ofördröjligen
624 1426 165 31 insändas

54 1483 52 30 till
125 1480 246 39 länsstyrelsen
390 1479 57 31 för
464 1478 185 37 intagande
670 1477 10 30 i
700 1477 88 29 läns-

59 1532 270 37 kungörelserna
350 1531 67 30 och
439 1530 50 30 till
510 1527 234 37 domkapitlet.

994 566 224 38 (Föreslagen
1241 564 144 41 lydelse)

867 712 14 30 I
905 710 214 37 församling,
1143 710 63 30 där
1227 704 333 43 kyrkofullmäktige

823 763 76 31 icke
950 763 125 34 finnas,
1127 763 94 28 utser
1270 759 290 37 kyrkostämman

823 815 107 30 bland
951 814 42 30 de
1010 811 294 38 röstberättigade,
1324 819 76 21 som
1419 810 61 30 äro
1500 808 58 30 bo-

821 866 90 31 ende
932 865 97 30 inom
1053 862 248 36 församlingen
1324 861 65 30 och
1412 857 149 39 uppnått

826 917 149 36 tjugutre
1019 914 55 31 års
1119 913 104 35 ålder,
1266 921 44 22 en
1349 910 212 32 ordförande

824 967 66 31 och
916 976 42 22 en
984 965 73 31 vice
1081 963 211 32 ordförande
1317 962 57 31 för
1397 962 79 37 fyra
1500 961 59 30 ka-

823 1015 169 33 Jenderår.
1029 1015 66 31 Till
1132 1014 212 31 ordförande
1380 1012 59 30 må
1471 1011 89 31 dock

823 1069 121 30 kunna
968 1069 91 29 utses
1085 1064 228 40 kyrkorådets
1339 1062 220 35 ordförande,

825 1118 93 32 ändå
943 1121 50 29 att
1019 1119 72 29 han
1119 1117 76 30 icke
1220 1117 39 29 är
1285 1112 275 38 röstberättigad.

824 1166 113 39 Avgår
972 1170 67 30 den
1075 1166 101 31 valde
1208 1165 112 31 under
1343 1161 217 40 uppdragsti-

826 1222 76 34 den,
923 1223 92 28 utses
1035 1219 9 30 i
1062 1221 89 29 hans
1170 1218 97 30 ställe
1285 1225 119 23 annan
1421 1215 56 31 för
1495 1215 68 30 den

825 1270 216 32 återstående
1065 1270 100 30 delen
1185 1278 44 21 av
1251 1276 135 23 samma
1410 1266 58 31 tid.
1493 1265 68 31 Un-

827 1322 198 32 derrättelse
1054 1330 59 21 om
1141 1320 100 30 dessa
1267 1319 65 36 val,
1362 1318 80 30 med
1468 1315 93 38 angi-

826 1374 114 30 vande
965 1382 43 21 av
1034 1372 42 30 de
1100 1371 119 31 valdas
1247 1378 107 21 namn
1378 1369 67 30 och
1471 1370 90 34 post-

826 1424 128 35 adress,
991 1423 88 30 skall
1114 1419 249 38 ofördröjligen
1399 1418 163 31 insändas

827 1474 51 30 till
898 1472 246 38 länsstyrelsen
1163 1470 57 31 för
1237 1470 187 37 intagande
1444 1469 10 30 i
1473 1469 89 30 läns-

826 1524 271 37 kungörelserna
1120 1523 66 30 och
1208 1521 50 31 till
1282 1520 236 36 domkapitlet.

103 1582 219 31 Ordförande
340 1581 83 30 eller
442 1596 45 4 —
505 1596 45 4 —
568 1595 46 4 —
634 1577 126 31 andras
782 1576 105 30 talan.

103 1633 119 40 Ejmi
239 1644 604 11 ——————————
863 1626 75 31 vice
956 1625 221 31 ordförande.

103 1685 14 29 I
140 1683 204 36 församling
362 1699 45 4 —
426 1699 43 3 —
491 1698 45 3 —
555 1681 11 30 i
587 1679 298 37 kyrkostämman.

104 1735 65 31 Vid
186 1743 199 28 gemensam
462 1750 44 3 —
581 1750 44 3 —
761 1748 44 3 —
878 1746 45 3 —
938 1746 44 4 —
1000 1727 77 30 föra
1094 1726 107 31 ordet.

762 1830 41 29 44
828 1829 28 36 8.

103 1902 65 31 Till
188 1902 152 32 ledamot
359 1901 10 29 i
390 1898 210 39 kyrkorådet
611 1899 80 29 eller
704 1897 87 31 skol-

58 1953 97 31 rådet
183 1952 57 31 må
268 1951 110 37 väljas
409 1951 120 30 endast
558 1950 66 30 den
652 1958 73 20 som
756 1948 37 28 är

58 2003 264 36 röstberättigad
351 2002 20 30 å
400 2001 263 36 kyrkostämma
705 2001 88 27 samt

58 2055 135 30 boende
219 2054 94 30 inom
340 2051 248 36 församlingen
617 2051 65 29 och
707 2058 85 27 upp-

59 2105 74 31 nått
155 2105 170 37 tjugufem
347 2103 55 31 års
424 2102 96 31 ålder
540 2104 164 29 ävensom
723 2101 70 29 kan

60 2165 99 21 anses
178 2155 93 37 vilja,
294 2154 43 31 då
359 2153 99 36 fråga
478 2155 37 28 är
536 2162 56 20 om
613 2152 150 29 ledamot
785 2150 8 29 i

60 2208 9 29 i
92 2205 220 39 kyrkorådet,
336 2203 130 36 främja
492 2201 302 36 församlingslivet

61 2260 99 32 samt,
177 2256 44 30 då
237 2254 97 37 fråga
350 2256 38 29 är
405 2264 56 20 om
479 2254 150 30 ledamot
646 2262 41 20 av
705 2252 88 30 skol-

60 2307 106 37 rådet,
194 2306 163 29 befordra
385 2304 249 30 skolväsendet.
664 2303 12 29 I
702 2311 92 21 avse-

62 2358 86 30 ende
166 2356 20 31 å
204 2356 225 34 obehörighet
448 2357 49 28 att
516 2363 81 20 vara
615 2353 149 30 ledamot
786 2352 8 29 i

63 2404 209 39 kyrkorådet
301 2405 82 31 eller
411 2402 173 32 skolrådet
614 2406 88 26 samt
728 2402 68 28 rätt

65 2459 47 31 till
152 2457 172 36 avsägelse
368 2455 78 31 från
487 2455 122 30 sådant
640 2453 157 36 uppdrag

875 1896 66 30 Till
962 1895 151 32 ledamot
1134 1894 9 29 i
1164 1892 210 38 kyrkorådet
1385 1892 81 29 eller
1477 1890 88 31 skol-

831 1946 97 30 rådet
956 1945 58 30 må
1042 1943 109 37 väljas
1182 1944 121 30 endast
1332 1943 66 30 den
1426 1951 74 20 som
1530 1941 37 30 är

831 1995 265 37 röstberättigad
1124 1995 21 30 å
1173 1994 263 36 kyrkostämma
1478 1995 90 27 samt

831 2048 134 30 boende
992 2046 95 31 inom
1114 2044 248 37 församlingen
1390 2044 65 30 och
1480 2052 86 27 upp-

832 2098 73 31 nått
931 2098 149 36 tjugutre
1106 2096 55 31 års
1187 2095 96 31 ålder
1308 2097 164 29 ävensom
1497 2094 72 30 kan

833 2158 99 21 anses
951 2148 93 37 vilja,
1067 2147 44 31 då
1132 2146 98 35 fråga
1250 2148 38 29 är
1308 2155 58 21 om
1386 2145 152 30 ledamot
1558 2143 10 30 i

832 2201 9 29 i
865 2198 220 39 kyrkorådet,
1110 2197 129 36 främja
1265 2195 304 36 församlingslivet

834 2253 98 32 samt,
950 2249 44 30 då
1011 2248 97 36 fråga
1123 2250 39 28 är
1178 2257 56 21 om
1251 2248 151 29 ledamot
1419 2256 42 20 av
1478 2245 89 31 skol-

838 2300 105 34 rådet,
970 2300 161 28 befordra
1158 2298 250 29 skolväsendet.
1437 2298 11 28 I
1475 2306 93 21 avse-

834 2351 86 29 ende
946 2349 20 30 å
989 2349 223 34 obehörighet
1237 2350 49 27 att
1312 2356 82 21 vara
1420 2346 150 30 ledamot

835 2401 8 29 i
866 2399 210 38 kyrkorådet
1096 2399 82 30 eller
1199 2397 173 32 skolrådet
1393 2400 88 28 samt
1503 2397 67 29 rätt

836 2451 47 30 till
926 2450 173 35 avsägelse
1142 2448 78 31 från
1263 2447 122 31 sådant
1413 2447 157 36 uppdrag
