1872 2814
430 147 436 32 Konstitutionsutskottets
890 143 174 32 utlåtande
1086 152 42 22 nr
1153 144 50 30 21.
1550 133 19 30 9

241 234 225 39 (Nuvarande
496 233 145 38 lydelse)
992 228 225 38 (Föreslagen
1246 225 144 39 lydelse)

107 302 280 38 Landshövding,
409 301 312 31 landssekreterare
741 315 45 4 —
806 315 45 4 —
871 315 46 4 —
938 305 82 23 vara
1043 294 285 37 landstingsmän.

111 355 42 37 Ej
174 353 58 32 må
251 373 43 3 —
311 372 44 4 —
373 371 45 3 —
500 371 44 3 —
691 368 44 3 —

885 347 114 32 såsom
1019 347 286 36 landstingsman.

880 467 123 31 Denna
1029 467 55 37 lag
1111 464 115 32 träder
1253 465 10 30 i
1289 463 94 38 kraft
1409 463 67 30 den
1504 460 66 36 dag

838 518 191 37 Konungen
1052 517 216 30 bestämmer.

113 642 201 32 Stockholm
332 641 66 31 den
417 641 18 30 5
453 639 76 37 juni
549 639 93 30 1945.

481 789 49 32 På
557 787 430 33 konstitutionsutskottets
1017 786 142 36 vägnar:

615 873 182 31 HARALD
831 865 192 37 HALLÉN.

72 1086 198 26 Närvarande:
286 1086 94 24 herrar
406 1083 112 31 Hallén,
546 1082 124 31 Gottfrid
698 1081 146 30 Karlsson,
872 1079 115 30 Herlitz,
1016 1078 141 30 Källman,
1186 1077 69 25 Karl
1281 1076 107 32 August
1414 1074 160 29 Johanson,

283 1126 132 33 Björck",
436 1126 142 31 Elmgren,
598 1124 92 25 Oskar
710 1123 150 30 Mattsson,
880 1121 78 26 John
979 1119 173 33 Sandberg",
1174 1119 96 25 Albert
1289 1116 191 31 Andersson",
1499 1116 76 29 Fast,

284 1170 163 24 Pettersson
463 1168 10 25 i
490 1166 189 33 Norregård+,
697 1166 171 24 Nordström
884 1164 10 25 i
908 1163 119 32 Torsby,
1044 1163 117 25 Nilsson
1176 1162 9 24 i
1204 1161 149 32 Göteborg,
1369 1159 112 30 Nolin",
1498 1158 77 26 Häll-

285 1211 93 33 gren",
397 1211 113 32 Kyling,
529 1208 173 26 Lindmark"
725 1208 54 25 och
800 1215 55 17 von
876 1206 143 25 Friesen".

109 1291 14 16 +=
145 1290 34 33 Ej
196 1289 179 26 närvarande
389 1288 48 25 vid
452 1287 184 33 justeringen.

641 1517 372 36 Reservationer:

123 1611 28 40 1)
182 1623 43 21 av
245 1612 80 31 herr
342 1611 144 37 Herlitz;

121 1661 31 41 2)
183 1673 44 21 av
243 1663 81 30 herr
341 1661 138 31 Nilsson
495 1659 12 31 i
525 1658 179 36 Göteborg,
724 1667 74 21 som
816 1656 82 31 med
913 1653 257 33 instämmande
1190 1662 43 21 av
1251 1652 80 30 herr
1350 1650 82 31 Karl
1449 1649 132 37 August

77 1716 182 29 Johanson
283 1712 94 31 inom
403 1711 164 31 utskottet
594 1709 112 36 yrkat,
734 1712 49 26 att
808 1706 165 31 utskottet
998 1703 105 32 måtte
1129 1701 136 38 föreslå,
1294 1706 49 27 att
1368 1700 211 31 valbarhets-

77 1765 121 31 åldern
217 1764 111 31 skulle
346 1762 126 31 sänkas
491 1761 50 31 till
562 1757 239 33 kalenderåret
820 1756 87 31 efter
925 1755 109 40 fyllda
1054 1756 37 28 21
1115 1753 48 37 år,
1186 1754 30 30 d.
1237 1763 29 20 v.
1291 1762 23 21 s.
1336 1750 245 32 sammanfalla

78 1817 79 30 med
180 1813 287 32 rösträttsåldern.
