1878 2776
266 140 19 29 4
586 142 389 30 Jordbruksutskottets
999 144 177 30 utlåtande
1198 154 44 20 nr
1262 145 20 30 3
1303 145 39 30 år
1363 146 84 29 1957

827 228 383 36 Departementschefen

314 308 263 39 Föredragande
607 310 398 39 departementschefen,
1038 312 188 30 statsrådet
1256 312 174 35 Ericsson,
1461 313 65 29 har
1558 314 117 30 anfört
1707 314 64 30 föl-

267 358 115 39 jande.

314 409 68 30 >Av
397 409 41 29 de
453 410 197 38 yttranden,
667 419 77 21 som
760 411 144 39 avgivits
922 413 82 28 över
1020 412 372 31 rekommendationen
1413 413 59 34 (nr
1490 414 78 35 101)
1588 415 180 39 angående

266 458 304 41 yrkesutbildning
591 460 95 29 inom
708 460 218 40 jordbruket,
951 462 166 39 framgår,
1140 465 51 28 att
1214 464 42 29 de
1279 464 11 29 i
1312 464 373 31 rekommendationen
1708 475 61 20 an-

266 508 102 39 givna
387 509 235 40 riktlinjerna,
642 511 11 29 i
675 511 69 29 den
767 511 81 30 mån
868 513 41 29 de
930 513 82 38 äger
1031 513 224 40 tillämpning
1275 514 45 40 på
1340 515 150 29 svenska
1510 515 257 36 förhållanden,

265 558 11 29 i
298 560 85 28 stort
405 561 67 28 sett
492 560 56 29 väl
570 561 314 30 överensstämmer
905 563 80 29 med
1007 564 67 29 vad
1096 573 74 20 som
1191 564 46 40 på
1258 565 95 29 detta
1375 565 145 31 område
1540 566 227 34 eftersträvas

264 608 11 29 i
294 609 144 39 Sverige.
456 610 95 29 även
567 620 56 20 om
639 612 41 29 de
696 612 11 29 i
725 613 373 30 rekommendationen
1114 615 180 39 uttryckta
1310 616 224 39 principerna
1549 617 11 28 i
1576 617 89 29 flera
1681 618 86 29 hän-

265 659 149 29 seenden
430 660 111 30 redan
558 661 246 40 förverkligats
820 663 11 29 i
850 663 76 30 vårt
945 664 94 33 land,
1058 674 101 30 synes
1177 665 72 40 mig
1266 666 372 30 rekommendationen
1659 668 108 30 likväl

264 709 176 30 innehålla
469 711 95 29 vissa
593 712 217 36 uttalanden,
841 723 75 20 som
946 714 176 39 förtjänar
1152 717 51 28 att
1235 717 332 39 uppmärksammas
1597 718 127 31 främst
1755 720 12 28 i

265 759 167 30 samband
454 761 80 30 med
556 762 56 29 det
633 763 337 40 utredningsarbete,
993 773 76 21 som
1090 765 54 30 för
1165 767 219 30 närvarande
1405 767 159 30 bedrives
1585 769 45 39 på
1651 769 116 30 hithö-

264 811 107 28 rande
397 811 144 29 område
568 821 42 20 av
638 813 83 31 1955
752 813 57 30 års
835 814 647 42 lantbruksundervisningskommitté
1510 821 90 27 samt
1627 828 43 20 av
1698 820 68 29 den

265 860 136 39 nyligen
423 861 148 30 tillsatta
589 864 234 39 utredningen
842 866 149 29 rörande
1011 866 247 40 upplysnings-
1278 868 64 29 och
1361 868 406 40 rådgivningsverksam-

264 910 59 30 het
345 911 95 29 inom
463 911 218 39 jordbruket.
707 915 13 28 I
744 915 111 29 likhet
878 917 79 29 med
982 916 241 40 delegationen
1247 918 56 30 för
1326 919 56 29 det
1405 919 284 31 internationella
1713 930 53 20 so-

264 960 233 40 cialpolitiska
521 963 211 31 samarbetet
754 974 102 20 anser
878 966 59 39 jag
960 966 131 35 därför,
1115 969 50 28 att
1189 968 374 31 rekommendationen
1585 971 62 29 bör
1670 972 97 29 över-

264 1010 135 30 lämnas
419 1012 52 29 till
495 1014 153 29 nämnda
668 1015 229 40 utredningar
919 1017 55 29 för
995 1017 195 32 beaktande
1210 1020 12 29 i
1243 1019 58 30 det
1320 1019 164 30 fortsatta
1504 1022 263 39 utredningsar-

263 1062 91 29 betet
375 1065 90 27 samt
487 1065 51 28 att
557 1064 131 39 jämväl
709 1066 11 28 i
742 1066 111 40 övrigt
872 1068 218 40 vederbörlig
1111 1069 138 40 hänsyn
1270 1071 63 29 bör
1353 1073 97 37 tagas
1473 1072 52 29 till
1547 1073 220 29 rekommen-

264 1112 181 30 dationens
474 1114 227 41 anvisningar
728 1116 12 29 i
769 1117 168 31 samband
966 1120 80 29 med
1074 1120 246 40 utbyggnaden
1347 1131 42 20 av
1415 1122 352 41 yrkesutbildningen

261 1161 45 39 på
326 1161 226 40 jordbrukets
574 1165 174 30 område.»

924 1269 174 30 Utskottet

306 1342 186 34 Utskottet,
515 1352 75 20 som
611 1343 58 29 vill
694 1344 235 39 understryka
950 1344 221 39 påpekandet
1195 1346 11 28 i
1229 1346 350 40 skolöverstyrelsens
1601 1350 164 38 yttrande

262 1394 50 28 att
335 1392 160 39 åtgärder
518 1393 54 30 för
594 1393 200 40 utbildning
815 1394 44 39 på
881 1395 95 29 såväl
999 1395 227 39 jordbrukets
1250 1406 76 20 som
1348 1398 249 39 skogsbrukets
1621 1400 143 30 område

264 1442 10 29 i
302 1444 70 28 stor
397 1444 245 39 utsträckning
667 1444 113 30 måste
805 1445 224 29 kombineras
1055 1446 11 29 i
1091 1446 165 39 skogrika
1282 1448 120 29 länder
1428 1458 77 20 som
1531 1450 146 39 Sverige,
1704 1460 60 19 an-

261 1493 108 29 sluter
391 1493 50 41 sig
463 1494 52 28 till
536 1494 65 29 vad
621 1495 254 39 föredragande
898 1496 389 39 departementschefen
1307 1499 11 29 i
1340 1500 262 39 propositionen
1624 1501 139 30 uttalat.

263 1544 172 30 Utskottet
455 1545 212 35 hemställer,

614 1597 49 27 att
684 1595 188 40 riksdagen
890 1596 11 29 i
921 1597 190 39 anledning
1129 1607 42 20 av
1190 1598 229 31 förevarande
1438 1602 217 38 proposition
1676 1602 88 29 måt-

571 1647 31 27 te
633 1646 10 28 i
674 1646 168 30 skrivelse
870 1647 52 29 till
952 1648 127 38 Kungl.
1109 1649 106 39 Maj:t
1245 1658 76 21 som
1350 1650 53 30 sin
1433 1652 142 39 mening
1603 1653 77 38 giva
1711 1653 52 29 till

570 1696 117 30 känna
709 1697 68 29 vad
801 1697 170 30 utskottet
997 1698 127 31 anfört.

306 1763 201 29 Stockholm
527 1764 66 29 den
615 1765 37 29 12
673 1764 157 29 februari
852 1765 80 30 1957

711 1839 49 29 På
778 1839 375 36 jordbruksutskottets
1172 1843 147 36 vägnar:

766 1915 175 31 ANDERS
967 1917 288 31 PETTERSSON

552 2073 63 30 Vid
630 2074 95 29 detta
742 2075 146 30 ärendes
905 2076 287 40 slutbehandling
1208 2077 67 30 har
1291 2078 171 30 närvarit:

302 2129 79 30 från
415 2130 168 30 första
617 2132 222 30 kammaren:
866 2133 122 30 herrar
1013 2134 103 35 Nord,
1141 2135 68 29 Jon
1234 2136 183 35 Jonsson",
1445 2137 177 35 Pålsson”,
1649 2138 113 29 Hans-

257 2179 72 26 son,
360 2172 161 39 Hjalmar
551 2173 148 37 Nilsson,
733 2174 128 39 Sigfrid
890 2176 164 35 Larsson,
1085 2177 143 32 Gunnar
1259 2178 96 39 Berg,
1386 2178 251 37 Kristiansson,
1670 2180 90 29 Hed-

256 2214 110 29 ström
388 2214 64 29 och
475 2215 117 39 Yngve
614 2216 157 35 Nilsson;

300 2272 79 30 från
443 2274 122 30 andra
595 2274 223 31 kammaren:
839 2276 121 30 herrar
981 2277 200 30 Pettersson
1200 2278 11 29 i
1231 2278 101 36 Dahl,
1353 2279 190 30 Gustafson
1563 2280 11 29 i
1594 2280 164 39 Dädesjö,

256 2313 124 40 Antby,
406 2315 175 30 Jacobson
606 2316 11 29 i
644 2316 222 36 Vilhelmina,
895 2319 211 38 Hzeggblom,
1134 2319 204 31 Andersson
1362 2321 12 30 i
1401 2322 149 39 Hyssna,
1579 2322 180 35 Ahlsten”,

255 2356 170 29 Jonsson”
447 2357 11 29 i
478 2358 218 36 Strömsund,
717 2359 106 30 Sköld
842 2360 64 29 och
925 2360 161 31 Östlund.

294 2414 11 10 ”
328 2414 32 31 Ej
382 2416 182 24 närvarande
583 2417 48 24 vid
650 2416 194 32 justeringen.

489 2502 97 22 570199
626 2501 168 24 Stockholm
807 2502 75 24 1937.
902 2503 81 24 Isaac
994 2504 112 24 Marcus
1117 2504 190 31 Boktryckeri
1319 2505 169 30 Aktiebolag
