1896 2764
280 174 37 31 12
633 167 285 31 Statsutskottets
939 165 178 31 utlåtande
1137 173 42 21 nr
1199 164 61 29 128
1280 163 38 30 år
1339 162 83 30 1962

281 257 78 38 byte
378 265 41 20 av
436 256 68 29 den
522 253 200 30 nuvarande
740 250 324 36 kontoristtjänsten
1082 249 10 29 i
1111 248 46 30 Ae
1176 248 18 29 9
1212 249 72 27 mot
1302 246 111 39 tjänst
1431 253 75 21 som
1525 243 107 30 förste
1650 240 128 31 kansli-

283 299 154 29 skrivare
462 298 11 28 i
498 296 50 30 Ao
575 296 48 29 12.
648 295 127 29 Vidare
800 293 60 30 bör
885 292 148 29 inrättas
1058 299 42 21 en
1125 290 111 39 tjänst
1262 297 73 21 som
1362 288 214 29 sekreterare
1601 285 34 29 åt
1661 284 117 30 bered-

282 340 146 38 ningens
453 337 251 31 föreståndare.
727 336 77 29 Med
827 335 137 37 hänsyn
989 334 51 29 till
1065 335 48 27 att
1136 331 235 29 innehavaren
1395 329 62 29 bör
1480 328 45 29 ha
1548 328 87 39 goda
1659 326 120 39 språk-

281 382 204 38 kunskaper
503 380 54 30 för
575 381 48 28 att
640 380 123 28 kunna
779 377 136 29 biträda
934 374 264 31 föreståndaren
1217 373 78 29 med
1314 371 167 30 utländsk
1499 368 280 39 korrespondens

282 425 60 28 bör
366 424 157 38 tjänsten
547 424 169 37 upptagas
743 428 73 21 som
840 418 174 30 kontorist
1038 418 10 29 i
1073 416 47 29 Ae
1145 416 28 29 9.
1199 416 73 28 Den
1297 413 203 30 nuvarande
1524 412 154 39 tjänsten
1704 419 75 20 som

281 464 252 30 kanslibiträde
557 464 9 29 i
590 464 46 28 Ae
662 464 15 28 7
703 462 61 29 bör
787 460 296 30 ordinariesättas.
1107 458 74 28 Den
1204 456 130 39 ökning
1359 465 41 20 av
1424 453 354 39 biträdesgöromålen

282 517 75 20 som
383 508 159 28 kommer
569 508 48 27 att
644 504 88 39 följa
759 513 40 19 av
825 501 284 38 förstärkningen
1136 509 41 19 av
1203 499 66 29 den
1297 498 161 29 tekniska
1485 496 205 39 personalen
1718 495 61 28 bör

283 549 182 29 föranleda
483 547 199 30 inrättande
703 556 41 19 av
764 545 56 29 två
839 554 67 29 nya
927 543 146 39 tjänster
1093 551 74 20 som
1188 541 133 29 biträde
1340 540 10 29 i
1371 539 155 39 reglerad
1546 537 234 38 befordrings-

282 592 97 36 gång.

327 631 265 30 Vederbörande
614 627 440 41 personalorganisationer
1076 627 62 28 har
1160 625 170 30 förklarat
1353 624 51 38 sig
1425 623 29 39 ej
1480 623 45 29 ha
1546 622 139 29 erinran
1708 622 72 27 mot

281 676 42 29 de
344 685 40 20 av
404 675 71 38 mig
495 676 10 28 i
526 674 55 29 det
603 672 207 39 föregående
831 670 198 38 föreslagna
1048 666 460 40 lönegradsplaceringarna.

326 717 63 39 Jag
411 716 206 29 förutsätter
639 717 49 27 att
710 714 123 28 hinder
855 712 75 29 icke
954 711 87 30 skall
1064 710 166 38 föreligga
1252 710 70 28 mot
1346 710 49 27 att
1418 707 77 30 föra
1517 707 92 29 vissa
1631 705 149 39 tjänster

282 759 44 38 på
346 758 263 39 övergångsstat
630 757 10 28 i
662 757 66 28 den
751 753 243 39 utsträckning
1016 751 286 40 genomförandet
1324 759 41 21 av
1387 749 196 38 föreslagen
1605 742 176 49 personal-

282 800 239 39 organisation
543 799 69 29 kan
634 797 150 40 påkalla.

327 844 12 27 I
365 842 100 39 fråga
489 850 56 21 om
570 841 41 29 de
636 838 283 40 grundläggande
944 836 223 40 principerna
1192 835 55 29 för
1271 834 253 38 beredningens
1550 831 230 38 finansiering

282 885 96 29 delar
401 885 60 38 jag
485 882 249 38 utredningens
759 880 225 39 uppfattning
1009 881 48 27 att
1082 877 253 38 beredningens
1358 876 178 29 allmänna
1560 874 221 30 verksamhet

285 927 53 29 får
360 935 103 20 anses
485 927 121 28 utövas
629 927 9 28 i
661 927 47 26 ett
732 924 143 28 allmänt
897 922 147 29 intresse
1066 921 64 29 och
1152 920 61 29 bör
1234 919 162 29 bekostas
1419 927 41 20 av
1484 919 122 31 staten,
1630 925 78 20 men
1732 916 49 28 att

283 969 92 29 vissa
396 968 141 29 arbeten
559 968 36 28 är
615 976 41 19 av
676 966 66 29 den
763 965 211 29 karaktären
996 966 48 27 att
1065 962 192 38 ersättning
1278 961 81 29 eller
1379 960 121 37 bidrag
1520 960 63 28 bör
1603 958 80 37 utgå
1704 957 77 30 från

282 1010 280 29 huvudmännen.

327 1051 227 30 Beträffande
578 1050 65 29 den
667 1048 232 38 icke-statliga
923 1047 99 29 delen
1047 1056 40 20 av
1111 1045 252 38 beredningens
1388 1043 230 38 finansiering
1644 1042 61 29 har
1731 1043 51 27 ut-

284 1094 192 37 redningen
502 1093 125 29 uttalat
653 1092 50 38 sig
730 1091 54 29 för
809 1090 72 29 dels
907 1092 50 27 att
983 1088 233 38 beredningen
1243 1087 87 29 skall
1357 1086 189 38 berättigas
1573 1085 91 29 sluta
1691 1084 90 28 avtal

283 1137 78 28 med
387 1134 397 40 sjukvårdshuvudman
809 1142 56 20 om
888 1130 366 36 kostnadsfördelning
1278 1130 10 28 i
1313 1129 129 29 sådana
1467 1128 72 33 fall,
1564 1128 61 28 där
1650 1126 132 29 huvud-

283 1186 153 20 mannen
458 1177 103 38 begär
582 1186 41 19 en
645 1174 262 39 undersökning
930 1182 74 21 som
1027 1174 85 28 även
1133 1173 69 27 kan
1225 1180 100 20 anses
1347 1170 164 39 påkallad
1534 1170 10 28 i
1566 1169 144 29 allmänt
1733 1167 50 29 in-

285 1221 117 32 tresse,
427 1219 73 29 dels
526 1221 48 27 att
598 1218 125 33 lokala,
748 1216 214 39 begränsade
986 1214 302 38 undersökningar
1313 1221 74 21 som
1412 1212 45 39 på
1480 1211 223 29 huvudmans
1728 1210 54 28 be-

284 1262 107 37 gäran
414 1261 114 29 utförs
552 1270 40 19 av
613 1257 369 40 organisationsbyrån
1006 1257 87 28 skall
1117 1256 147 28 ersättas
1287 1255 106 38 enligt
1417 1253 269 33 arkitekttaxan,
1710 1252 72 28 dels

284 1304 64 29 ock
368 1306 49 27 att
438 1303 122 38 bidrag
580 1302 44 39 på
644 1300 325 30 rekommendation
991 1309 41 19 av
1052 1298 209 38 landstings-
1281 1296 195 39 respektive
1497 1294 285 30 stadsförbundet

284 1345 89 29 skall
393 1346 122 28 kunna
535 1345 134 28 lämnas
692 1353 41 19 av
754 1343 273 28 huvudmännen
1049 1343 48 27 att
1120 1340 177 29 användas
1319 1339 54 29 för
1394 1339 178 28 allmänna
1595 1336 189 29 undersök-

286 1388 122 38 ningar
436 1387 105 38 enligt
568 1384 337 31 överenskommelse
933 1392 75 21 som
1035 1384 68 28 kan
1132 1382 136 29 träffas.
1297 1380 225 30 Sistnämnda
1549 1378 233 38 bidragsform

286 1430 62 28 har
376 1429 197 38 föreslagits
600 1428 88 29 efter
715 1426 138 30 samråd
880 1426 79 29 med
987 1425 152 29 nämnda
1167 1423 150 30 förbund
1345 1423 64 28 och
1436 1422 64 29 har
1527 1420 256 40 genomgående

285 1472 152 28 lämnats
455 1473 85 27 utan
560 1470 138 29 erinran
719 1470 9 27 i
747 1470 41 28 de
807 1467 228 30 kommunala
1054 1466 292 29 huvudmännens
1366 1463 322 39 remissyttranden,
1709 1471 74 20 var-

285 1516 91 26 emot
408 1512 366 29 riksrevisionsverket
805 1510 124 30 uttalat
962 1512 48 26 att
1042 1508 267 38 användningen
1341 1516 40 19 av
1411 1505 266 39 bidragsbelopp
1708 1505 75 28 icke

286 1555 87 29 skall
394 1555 126 29 bindas
541 1561 121 30 genom
684 1552 356 30 överenskommelser
1062 1553 83 27 utan
1169 1552 47 28 att
1239 1550 168 37 beloppen
1429 1548 61 29 bör
1513 1547 148 30 tillföras
1683 1549 101 27 stats-

284 1597 117 29 verket
426 1596 223 29 villkorslöst.
676 1595 52 29 Då
753 1595 55 29 det
834 1593 191 30 emellertid
1052 1592 213 33 förutsättes,
1293 1594 48 26 att
1367 1590 266 39 ifrågavarande
1659 1589 124 28 under-

287 1639 190 38 sökningar
507 1638 87 29 skall
624 1638 123 28 beröra
776 1637 121 28 endast
928 1636 133 29 sådana
1090 1635 116 37 frågor
1237 1643 74 20 som
1341 1633 235 37 beredningen
1607 1631 88 38 själv
1725 1631 58 28 vill

286 1682 90 28 sätta
396 1689 73 30 upp
488 1680 44 39 på
553 1680 57 29 sitt
632 1679 290 38 arbetsprogram,
944 1677 116 29 finner
1079 1677 58 39 jag
1157 1677 75 28 icke
1253 1676 72 29 risk
1346 1675 168 38 föreligga
1534 1676 49 27 att
1604 1676 47 27 ett
1672 1673 111 38 dylikt

286 1722 272 38 bidragssystem
583 1722 112 29 skulle
718 1721 45 29 ha
787 1720 112 38 någon
923 1727 193 31 ogynnsam
1140 1718 168 29 inverkan
1332 1717 44 39 på
1400 1716 238 38 inriktningen
1665 1725 40 19 av
1730 1715 54 28 be-

287 1765 206 36 redningens
517 1764 123 29 arbete.
663 1764 63 37 Jag
749 1763 61 29 har
835 1762 118 30 därför
976 1762 74 29 icke
1073 1761 112 37 någon
1209 1770 113 20 annan
1345 1760 138 28 erinran
1506 1761 71 26 mot
1601 1758 89 29 detta
1715 1758 69 28 för-

287 1806 72 39 slag
382 1808 44 27 än
450 1808 49 27 att
522 1806 56 29 det
601 1814 102 29 synes
725 1805 166 29 önskvärt
915 1806 49 27 att
987 1803 112 30 beslut
1123 1812 55 20 om
1202 1802 119 38 bidrag
1345 1802 64 28 och
1432 1800 222 30 utbetalande
1678 1799 106 29 därav

286 1849 54 28 för
365 1848 226 29 enkelhetens
616 1848 91 28 skull
734 1847 78 28 sker
837 1846 54 29 via
915 1846 41 29 de
982 1845 152 30 centrala
1160 1844 334 38 organisationerna.
1520 1843 40 38 Ej
1589 1842 107 28 heller
1722 1842 62 28 har

285 1891 59 37 jag
368 1890 115 38 någon
507 1889 139 30 erinran
672 1892 72 27 mot
769 1888 164 38 förslaget
958 1890 50 27 att
1032 1887 233 38 beredningen
1290 1887 9 27 i
1325 1895 41 19 av
1392 1885 231 38 utredningen
1649 1884 135 37 angivet

288 1932 59 29 fall
370 1932 90 29 skall
481 1941 82 19 vara
584 1931 192 37 berättigad
798 1929 107 30 träffa
926 1930 91 29 avtal
1039 1929 76 29 med
1136 1929 69 28 viss
1227 1928 203 28 huvudman
1452 1936 55 20 om
1529 1927 130 37 bidrag.
1681 1927 104 27 Däre-

287 1977 71 27 mot
379 1974 117 28 finner
516 1974 57 38 jag
594 1974 56 29 det
672 1973 121 28 kunna
814 1972 223 38 ifrågasättas
1059 1971 173 29 huruvida
1254 1970 259 29 arkitekttaxan
1536 1970 99 37 utgör
1656 1978 41 19 en
1721 1968 65 28 till-

287 2015 270 29 fredsställande
590 2015 314 37 ersättningsnorm
937 2014 57 29 vid
1026 2012 386 40 organisationsbyråns
1447 2011 115 29 lokala
1597 2010 189 29 undersök-

289 2058 131 38 ningar,
445 2058 65 38 Jag
533 2057 169 32 förordar,
728 2059 46 27 att
800 2057 54 28 det
880 2056 54 29 får
959 2056 187 29 ankomma
1171 2055 43 38 på
1238 2054 123 38 Kungl.
1387 2053 105 39 Maj:t
1517 2055 48 27 att
1590 2062 55 19 om
1670 2052 37 29 så
1731 2052 55 28 be-

288 2100 115 29 finnes
438 2099 158 39 lämpligt
631 2099 174 29 fastställa
840 2098 173 29 särskilda
1046 2097 241 38 taxegrunder,
1323 2096 190 38 avpassade
1548 2095 87 29 efter
1668 2093 119 29 bered-

288 2142 146 37 ningens
456 2141 185 38 särprägel.

332 2184 12 28 I
367 2183 100 39 fråga
489 2192 56 20 om
568 2182 409 38 redovisningssystemet
1000 2181 159 30 förordar
1181 2181 58 38 jag
1262 2181 9 28 i
1294 2180 108 29 likhet
1425 2180 79 29 med
1527 2178 259 30 riksrevisions-

287 2225 118 30 verket
430 2226 49 29 att
503 2224 172 39 övergång
699 2225 79 28 sker
802 2224 50 30 till
877 2223 342 38 bruttoredovisning
1243 2223 64 28 och
1332 2222 162 38 samtliga
1516 2221 194 29 inkomster
1735 2219 51 30 så-

288 2267 92 30 ledes
399 2267 149 30 tillföres
568 2267 208 29 riksstatens
796 2265 234 30 inkomstsida
1049 2265 44 39 på
1113 2264 149 30 särskild
1285 2264 71 29 titel
1378 2264 111 29 under
1509 2263 166 29 rubriken
1695 2263 91 38 Upp-

288 2309 85 29 börd
398 2309 10 29 i
433 2310 132 28 statens
588 2308 233 29 verksamhet.
847 2308 50 28 En
924 2307 109 30 sådan
1058 2307 194 37 anordning
1276 2307 158 28 kommer
1458 2305 10 29 i
1493 2305 64 29 och
1583 2305 53 29 för
1662 2304 50 37 sig
1738 2305 49 28 att

287 2351 140 38 påkalla
454 2360 42 20 en
523 2350 224 39 uppräkning
774 2360 41 19 av
840 2349 253 39 beredningens
1120 2349 130 38 anslag.
1278 2348 51 29 Då
1355 2348 253 38 beredningens
1636 2346 150 30 utökade

287 2393 224 29 verksamhet
532 2393 110 29 under
662 2393 68 29 den
751 2392 111 29 första
881 2391 95 29 tiden
998 2392 96 29 torde
1115 2391 142 29 komma
1278 2392 49 28 att
1348 2389 116 39 åsyfta
1486 2389 125 30 främst
1633 2391 48 27 att
1704 2389 84 28 kon-

288 2434 150 30 solidera
457 2435 90 39 läget
566 2434 221 30 beträffande
806 2434 136 29 interna
963 2433 304 39 arbetsuppgifter,
1287 2432 146 30 föreslår
1452 2432 58 38 jag
1530 2431 88 29 dock
1637 2430 54 30 för
1711 2431 77 28 näs-

288 2478 35 29 ta
345 2476 170 38 budgetår
536 2476 103 39 ingen
662 2477 91 29 ökad
776 2475 318 39 medelsanvisning
1117 2475 54 29 för
1194 2475 94 29 detta
1311 2474 173 29 ändamål.
