2203 2693
429 161 19 32 6
824 159 362 43 Bevillningsutskottets
1209 158 206 32 Betänkande
1438 158 52 32 Nr
1512 159 30 31 3.

514 240 17 37 I
571 240 102 37 förut
705 240 164 37 nämnda
898 239 373 51 statsrådsprotokoll
1302 240 168 47 omtalas,
1501 244 56 31 att
1583 237 58 37 till
1670 238 307 49 framläggandet

385 295 41 37 af
463 294 246 37 förevarande
750 293 145 50 förslag
940 295 230 47 »medverkat,
1211 291 107 50 utom;
1344 297 132 33 statens
1503 291 99 48 behof
1630 291 60 37 och
1716 292 180 49 hänsynen
1923 292 56 36 till

384 348 310 37 skattebördornas
723 347 218 50 fördelning,
972 348 135 48 jämväl
1135 348 65 36 den
1228 347 306 49 omständigheten,
1565 349 49 33 att
1643 345 266 49 omläggningen
1937 344 40 48 af

385 403 66 35 den
479 402 141 36 direkta
648 401 260 48 beskattningen
937 400 291 49 omedelbarligen
1255 400 140 47 medför
1423 412 40 24 en
1491 399 138 37 lättnad
1655 399 16 36 i
1697 398 115 37 denna
1831 398 146 36 beskatt-

383 456 85 47 ning
507 454 62 48 för
606 454 42 37 de
673 454 187 49 folklager,
889 454 119 36 hvilka
1035 453 109 37 skulle
1172 454 90 47 efter
1289 466 40 24 en
1357 452 199 49 likformigt
1582 451 175 37 verkande
1784 452 94 36 skatt
1903 463 74 24 som

384 521 41 24 en
465 507 331 37 konsumtionsskatt
838 508 48 43 af
912 506 287 50 ifrågavarande
1225 507 77 48 slag
1329 506 120 36 kunna
1476 518 101 24 anses
1604 504 115 45 blifva
1746 517 99 24 mera
1871 504 107 36 hårdt

384 560 217 38 drabbade>.
655 559 209 50 Angående
907 560 71 36 den
1021 558 307 50 skattelindring,
1371 558 153 37 hvilken
1561 570 140 37 genom
1730 557 73 36 den
1832 556 145 37 direkta

384 613 316 49 beskattningens
743 612 254 50 omläggning
1038 612 120 37 skulle
1199 611 153 37 komma
1391 610 287 51 ifrågavarande
1707 610 185 49 folklager
1919 609 58 37 till

385 666 70 48 del,
499 666 57 36 får
596 679 86 23 man
723 666 12 36 i
778 668 97 35 årets
917 664 444 50 statsverksproposition
1398 664 72 37 den
1498 663 294 50 upplysningen,
1823 667 55 32 att
1906 662 71 37 den

386 719 106 35 »icke
534 718 260 48 oväsentligen
835 719 96 35 lärer
973 718 209 47 öfveretiga
1222 718 199 46 1,000,000
1451 717 174 36 kronor».
1680 715 58 37 Då
1766 715 212 49 höjningen

384 770 41 37 af
452 770 220 37 kaffetullen
701 769 187 38 beräknas
917 769 175 49 inbringa
1122 770 201 47 1,800,000
1353 768 139 37 kronor
1519 790 50 4 —
1598 767 85 37 med
1712 767 72 37 den
1813 772 165 44 antagna

385 823 353 38 årskonsumtionen
758 823 42 37 af
810 824 229 48 32,000,000
1055 822 187 49 kilogram
1258 821 120 38 skulle
1392 821 177 50 beloppet
1585 821 101 49 stiga
1702 820 56 37 till
1776 821 201 47 1,920,000

384 877 139 36 kronor
566 898 44 4 —
654 877 71 36 och
768 876 47 36 då
855 874 406 49 kaffeförbrukningen
1302 879 41 32 är
1384 874 242 50 synnerligen
1655 878 78 32 stor
1761 873 115 36 bland
1905 873 72 36 den

383 929 148 37 mindre
559 929 221 37 bemedlade
810 929 107 37 delen
946 928 41 37 af
1009 927 283 48 befolkningen,
1323 928 75 36 kan
1425 927 85 37 med
1538 926 144 37 visshet
1701 925 198 49 beräknas,
1921 930 57 32 att

384 983 62 37 det
497 982 235 50 ojämförligt
773 987 138 32 största
950 980 178 50 beloppet
1169 980 41 36 af
1246 980 289 49 ifrågavarande
1576 978 237 38 tullinkomst
1857 978 119 37 skulle

383 1035 153 37 komma
564 1040 55 31 att
647 1041 108 43 tagas
783 1035 84 36 från
896 1033 119 50 sagda
1044 1033 60 36 del
1133 1033 41 36 af
1198 1032 286 49 befolkningen.
1531 1032 65 37 Ett
1624 1031 107 37 bifall
1757 1030 56 38 till
1833 1031 142 49 Kungl.

382 1088 127 49 Maj:ts
551 1087 245 37 förevarande
843 1086 237 51 proposition
1122 1085 119 37 skulle
1283 1086 107 36 alltså
1429 1085 192 48 innebära,
1664 1090 54 31 att
1758 1083 219 50 Riksdagen

386 1141 85 36 med
513 1140 72 37 den
627 1154 70 23 ena
737 1140 150 37 handen
927 1152 139 37 genom
1095 1138 89 49 höjd
1213 1138 171 37 kaffetull
1412 1144 91 43 toge
1530 1138 103 49 igen,
1661 1137 101 36 hvad
1791 1137 72 36 den
1891 1137 85 36 med

385 1193 73 36 den
500 1193 117 36 andra
657 1193 115 48 gifvit
813 1205 140 36 genom
995 1190 301 50 omläggningen
1326 1191 40 36 af
1391 1191 72 36 den
1493 1190 147 37 direkta
1666 1189 310 50 beskattningen.

383 1245 49 37 Vi
472 1245 129 36 kunna
641 1245 82 36 icke
764 1245 103 36 finna
908 1249 53 32 ett
1003 1243 134 37 sådant
1171 1243 364 49 tillvägagångssätt
1563 1243 228 47 försvarligt.
1847 1242 130 36 Under

383 1300 139 46 många
564 1300 40 33 år
644 1297 67 36 har
752 1297 64 36 det
857 1298 100 35 inom
988 1301 103 31 snart
1123 1295 112 49 sagdt
1264 1296 72 35 alla
1363 1295 239 49 Riksdagens
1631 1294 345 49 meningsgrupper

385 1350 164 47 erkänts,
580 1355 53 31 att
661 1350 100 36 vissa
788 1349 188 36 lättnader
1003 1347 233 38 beträffande
1265 1348 72 36 den
1366 1348 147 36 direkta
1540 1347 296 48 beskattningen
1860 1346 116 37 borde

382 1402 10 36 i
434 1405 83 34 vårt
558 1401 89 37 land
689 1402 152 36 komma
869 1402 45 36 de
943 1401 114 36 breda
1084 1399 213 49 folklagren
1325 1400 57 36 till
1410 1400 71 37 del.
1537 1399 88 37 Men
1655 1400 62 36 det
1744 1404 42 31 är
1814 1412 47 23 en
1889 1399 86 36 full-

382 1454 169 48 ständigt
584 1468 52 36 ny
663 1454 71 48 idé,
764 1459 55 32 att
847 1454 108 36 dessa
984 1452 188 37 lättnader
1201 1452 120 37 skulle
1349 1452 119 49 köpas
1497 1465 137 36 genom
1663 1451 92 50 höjd
1784 1451 69 38 tull
1882 1453 19 34 å
1930 1464 46 23 en

382 1507 146 47 artikel,
562 1506 153 37 hvilken
743 1507 12 36 i
782 1507 116 48 högst
925 1505 174 50 betydlig
1127 1504 233 50 omfattning
1389 1505 200 37 förbrukas
1618 1504 111 37 äfven
1757 1505 13 35 i
1799 1504 44 36 de
1872 1503 103 37 fatti-

381 1565 108 42 gaste
518 1559 86 36 hem
633 1559 70 37 och
732 1572 81 24 som
838 1560 81 48 just
946 1558 12 36 i
987 1558 110 36 dessa
1126 1557 136 49 fattiga
1290 1557 87 37 hem
1407 1557 193 37 betraktas
1628 1570 82 24 som
1735 1569 47 24 en
1807 1556 168 37 nödvän-

383 1611 255 49 dighetsvara.

510 1664 53 36 På
592 1664 125 49 grund
747 1664 41 37 af
811 1663 100 37 hvad
939 1663 38 37 vi
1005 1661 158 38 sålunda
1192 1663 136 48 anfört,
1359 1661 197 38 hemställa
1583 1661 50 49 vi,

908 1773 55 32 att
1003 1768 141 49 Kungl.
1188 1768 126 49 Maj:ts
1355 1767 247 37 förevarande
1630 1766 236 50 proposition
1894 1766 82 36 icke

780 1825 60 33 må
868 1821 42 36 af
933 1821 219 48 Riksdagen
1180 1820 184 37 bifallas.»

509 1953 63 37 vid
593 1954 157 48 punkten
776 1954 94 45 2:0):

511 2032 41 37 af
576 2033 87 36 herr
691 2034 148 45 Boman,
871 2045 80 23 som
981 2031 141 36 anfört:

515 2085 245 36 »Införandet
789 2084 40 37 af
853 2084 228 37 retroaktivt
1109 2082 195 38 verkande
1332 2081 336 48 tullförhöjningar
1696 2086 41 30 är
1756 2093 47 23 en
1823 2080 151 49 nyhet
1949 2076 26 59 i

382 2136 304 38 konstitutionell
714 2137 139 48 praxis,
883 2141 79 31 mot
989 2136 156 36 hvilken
1174 2135 195 48 allvarliga
1387 2133 304 49 betänkligheter
1711 2133 130 36 kunna
1861 2133 111 35 fram-

383 2190 141 36 ställas.
580 2190 68 36 Att
691 2188 271 37 affärsvärlden
992 2188 155 36 därmed
1176 2187 163 36 drabbas
1368 2186 42 36 af
1435 2185 196 38 afsevärda
1659 2185 245 48 olägenheter
1932 2189 40 31 är

379 2241 224 50 uppenbart,
634 2241 70 37 och
733 2255 60 23 om
823 2241 219 48 Riksdagen
1072 2240 118 36 fattar
1218 2240 66 36 sitt
1312 2238 123 38 beslut
1462 2243 91 32 utan
1583 2237 236 49 föregången
1846 2236 126 37 utred-

380 2296 94 48 ning
515 2308 60 23 om
617 2294 70 37 och
728 2293 259 38 fastställande
1038 2292 49 48 af,
1117 2293 96 36 huru
1240 2292 108 49 långt
1375 2290 156 38 tillbaka
1559 2303 45 24 en
1633 2289 105 51 dylik
1766 2288 207 39 retroaktiv
