1910 2788
268 136 19 30 4
648 137 380 32 Jordbruksutskottets
1050 138 175 31 utlåtande
1247 148 42 21 nr
1319 139 48 29 57.

273 233 54 21 ser
354 224 49 36 sig
427 224 79 29 icke
529 224 85 30 böra
639 222 81 37 ingå
745 224 10 29 i
782 223 171 36 prövning
979 233 43 20 av
1048 222 124 37 frågan
1196 223 174 30 huruvida
1395 223 380 36 förrättningsmannen

274 274 77 30 med
376 275 139 35 hänsyn
544 274 49 29 till
619 273 53 30 sin
698 273 225 31 arbetsbörda
950 273 57 36 ägt
1035 273 178 36 möjlighet
1241 277 50 27 att
1318 272 142 37 tidigare
1488 273 147 31 slutföra
1662 274 114 30 denna

273 324 216 37 förrättning,
518 323 120 32 endast
664 324 125 36 erinra,
818 327 49 27 att
894 323 105 35 enligt
1031 324 122 35 Kungl.
1184 323 117 37 Maj:ts
1329 324 67 29 och
1425 324 207 36 riksdagens
1661 324 115 30 beslut

271 375 171 30 företräde
462 376 112 29 under
592 373 179 38 krigsåren
792 374 113 31 skolat
924 374 94 36 givas
1039 373 36 32 åt
1094 374 125 31 snabbt
1239 374 428 37 produktionsfrämjande
1688 378 85 27 torr-

273 424 320 37 läggningsföretag.

316 475 14 30 I
349 474 199 37 anslutning
572 474 48 31 till
639 475 66 30 vad
725 475 10 29 i
756 474 175 30 motionen
950 474 134 30 anförts
1105 473 219 31 beträffande
1346 474 56 31 det
1421 483 70 27 nya
1511 474 265 37 torrläggnings-

272 525 170 36 företaget
463 526 61 29 vill
546 525 169 30 utskottet
736 525 65 30 här
823 525 117 30 lämna
960 524 160 37 följande
1141 524 262 37 upplysningar.
1426 525 66 30 Vid
1514 525 263 30 sammanträde

273 575 11 30 i
308 575 75 37 juni
408 576 85 30 1946
519 576 65 30 har
607 575 378 35 förrättningsmannen
1010 575 162 35 framlagt
1198 574 129 37 förslag
1352 575 49 31 till
1426 574 178 32 utlåtande
1629 575 147 31 rörande

273 625 175 37 företaget.
476 626 82 31 Däri
581 626 46 30 ha
649 625 233 31 kostnaderna
904 626 187 30 beräknats
1114 625 49 31 till
1186 625 10 30 i
1222 630 79 26 runt
1323 626 47 31 tal
1395 625 64 31 700
1472 626 63 31 000
1558 627 131 29 kronor
1710 626 66 30 och

273 675 173 32 båtnaden
473 676 51 31 till
552 676 159 36 omkring
739 676 64 30 740
815 676 63 30 000
906 676 143 30 kronor.
1079 676 52 30 En
1158 675 232 37 fördjupning
1415 685 44 21 av
1486 675 113 37 Sagån
1628 676 10 30 i
1666 676 110 30 sådan

272 726 224 37 omfattning,
518 730 50 27 att
589 727 161 35 samtliga
771 725 269 37 ifrågavarande
1064 725 168 32 områden
1254 727 112 30 skulle
1387 726 223 37 fullständigt
1631 727 145 35 torrläg-

273 785 69 28 gas,
363 777 65 30 har
451 777 130 30 liksom
602 776 38 31 år
663 777 84 30 1905
768 778 131 29 ansetts
920 777 79 30 icke
1022 786 83 21 vara
1129 776 224 31 ekonomiskt
1374 776 172 31 utförbar.
1571 776 117 37 Enligt
1710 777 67 29 vad

274 827 378 36 förrättningsmannen
677 826 158 37 uppgivit
860 835 97 22 avses
984 826 327 31 slutsammanträde
1337 831 50 26 att
1413 826 111 33 hållas
1551 826 109 31 under
1687 836 89 21 som-

274 886 118 22 maren
412 877 236 31 innevarande
667 876 49 32 år.

317 928 49 30 Av
389 928 57 31 det
469 937 91 21 ovan
582 927 148 31 anförda
753 927 162 36 framgår,
939 932 51 27 att
1014 928 165 30 utskottet
1201 927 31 37 ej
1257 927 97 31 blivit
1379 928 177 36 övertygat
1579 937 57 20 om
1661 931 50 27 att
1735 927 42 30 de

273 979 87 35 skäl,
387 978 110 37 varpå
524 979 170 30 utskottet
721 978 59 31 vid
808 978 83 30 1946
918 978 56 30 års
1004 978 142 36 riksdag
1172 978 180 36 grundade
1382 978 59 30 sitt
1467 978 237 36 avstyrkande
1734 987 43 21 av

273 1029 67 30 den
358 1028 44 31 då
420 1028 240 37 föreliggande
680 1029 192 35 motionen,
891 1029 77 30 icke
989 1029 114 30 skulle
1121 1038 83 20 vara
1224 1029 166 30 bärande.
1411 1028 76 31 Den
1507 1038 47 20 nu
1575 1028 202 37 förebragta

274 1079 233 36 utredningen
530 1078 56 31 får
610 1088 143 21 snarare
777 1088 102 21 anses
902 1079 11 30 i
939 1079 187 30 huvudsak
1151 1078 163 31 bekräfta
1338 1079 212 36 riktigheten
1576 1088 43 21 av
1643 1079 134 30 utskot-

277 1131 63 28 tets
364 1128 44 31 då
434 1129 126 37 gjorda
584 1129 216 30 uttalanden.
829 1129 74 30 Vad
926 1129 13 30 i
963 1129 142 31 ärendet
1132 1128 222 31 förekommit
1378 1129 66 30 har
1468 1128 100 32 alltså
1595 1129 76 30 icke
1695 1129 83 36 givit

276 1179 160 30 atskottet
454 1178 185 37 anledning
660 1182 48 27 att
727 1177 123 38 frångå
869 1179 66 30 den
955 1178 233 37 uppfattning,
1208 1179 96 31 varåt
1323 1179 167 32 utskottet
1511 1179 81 37 givit
1610 1180 136 36 uttryck
1767 1179 10 30 i

277 1230 54 36 sitt
352 1229 179 31 utlåtande
552 1239 42 21 nr
615 1226 154 35 43/1946.

319 1305 116 31 Under
462 1304 219 38 åberopande
711 1314 44 21 av
781 1304 66 31 vad
877 1303 147 32 sålunda
1052 1304 133 31 anförts
1212 1305 197 31 hemställer
1437 1305 175 36 utskottet,

626 1392 49 28 att
699 1387 176 32 motionen
900 1388 44 31 II:
959 1389 64 30 260
1048 1387 75 33 icke
1148 1387 56 32 må
1231 1388 179 31 föranleda
1435 1387 114 38 någon
1578 1388 200 37 riksdagens

583 1438 130 37 åtgärd.

320 1540 204 30 Stockholm
546 1540 66 30 den
637 1540 38 29 14
698 1539 78 37 juni
800 1539 91 30 1947.

717 1638 49 32 På
791 1639 380 37 jordbruksutskottets
1196 1640 142 36 vägnar:

863 1740 35 30 L.
921 1735 269 35 TJÄLLGREN.

613 2024 62 30 Vid
699 2023 94 32 detta
819 2022 143 32 ärendes
988 2023 279 37 slutbehandling
1293 2024 46 31 ha
1365 2025 166 30 närvarit:

318 2090 79 32 från
429 2091 155 30 första
617 2092 217 29 kammaren:
860 2091 120 29 herrar
1004 2089 183 38 Tjällgren,
1214 2090 76 31 Carl
1316 2091 162 30 Edmund
1504 2092 175 35 Eriksson,
1707 2092 70 30 Nils

277 2134 133 37 Olsson,
444 2133 203 36 Svedberg”,
679 2134 169 35 Hagman,
879 2133 119 36 Henry
1028 2133 207 36 Johansson,
1266 2133 183 30 Isaksson"
1481 2134 65 30 och
1577 2133 201 37 Sundelint;

275 2180 89 27 samt

319 2234 78 33 från
427 2234 146 32 andra
606 2236 217 29 kammaren:
845 2234 119 30 herrar
986 2233 197 37 Carlström,
1206 2234 115 36 Mäler,
1343 2234 196 31 Andersson
1558 2235 11 30 i
1593 2236 185 30 Suraham-

277 2286 83 28 mar,
380 2276 171 32 Larsson”
572 2279 10 29 i
601 2275 170 37 Karlstad,
793 2275 215 31 Pettersson”
1028 2276 10 29 i
1058 2276 102 31 Rosta
1181 2277 64 30 och
1264 2277 174 30 Jacobson
1455 2277 11 30 i
1485 2278 217 37 Vilhelmina,
1723 2278 57 30 fru

277 2320 164 30 Eriksson
464 2323 90 27 samt
575 2320 80 29 herr
678 2318 218 32 Johansson”
921 2318 10 30 i
955 2318 103 36 Torp.

322 2385 14 16 +
357 2385 33 32 Ej
414 2385 181 25 närvarande
616 2385 47 25 vid
684 2383 174 26 utlåtandets
878 2383 148 33 justering.
