2176 2632
431 172 40 31 88
875 173 250 32 Statsutskottets
1154 174 169 32 Utlåtande
1346 175 62 33 N:o
1432 178 51 29 10.

517 251 186 48 Samtliga
744 251 54 35 till
839 252 186 47 styrelsen
1065 252 180 35 inkomna
1285 253 255 49 räkenskaper
1582 255 84 36 med
1710 254 276 38 veritikationer

386 302 107 36 skola
520 302 170 49 undergå
719 302 221 48 fullständig
967 303 239 48 granskning
1223 303 13 36 i
1256 305 195 47 styrelsen.
1494 304 56 37 De
1568 305 266 49 räkenskaper,
1855 306 130 37 hvilka

385 354 34 47 ej
450 354 106 36 skola
580 354 151 48 åtföljas
760 353 41 35 af
824 354 278 36 verifikationer
1130 355 71 35 och
1229 355 146 36 hvilkas
1404 356 238 50 granskning
1670 358 55 35 till
1749 357 128 36 siffran
1896 358 89 36 sker

385 406 256 46 annorstädes,
684 405 107 36 skola
831 405 186 48 granskas
1059 406 68 36 hos
1169 407 184 48 styrelsen
1395 408 85 35 med
1522 408 147 49 hänsyn
1710 409 55 36 till
1806 408 62 36 det
1896 414 86 42 sätt,

384 456 143 50 hvarpå
556 458 45 35 de
628 456 199 49 uppburna
855 457 149 36 medlen
1031 457 122 36 blifvit
1181 459 181 35 använda.

514 509 16 35 I
559 509 73 35 mål
660 508 159 36 rörande
848 508 263 49 anmärkning,
1141 522 78 23 som
1249 510 240 48 uppkommit
1508 510 61 36 vid
1589 511 394 49 räkenskapsgransk-

384 560 154 48 ningen,
568 559 191 36 meddelar
786 560 185 48 styrelsen
999 560 133 47 beslut,
1163 561 81 46 och,
1265 566 67 31 när
1346 561 93 49 grof
1452 562 236 36 vårdslöshet
1703 563 69 36 och
1787 563 197 49 uppenbar

383 611 167 36 vanvård
578 611 119 36 finnes
727 611 222 49 ådagalagd,
979 616 90 44 äger
1097 613 185 48 styrelsen
1302 614 138 48 ålägga
1462 613 71 36 den
1549 613 191 49 felaktige,
1753 615 118 47 jämte
1886 618 97 33 åter-

384 662 445 49 betalningsskyldighet,
859 668 53 30 att
941 663 113 46 gälda
1083 664 61 35 det
1173 665 496 48 anmärkningsförfattaren
1699 666 284 37 tillkommande

383 714 439 48 anmärkningsarfvode.

512 765 193 49 Styrelsen
746 766 154 49 pröfvar
942 767 70 35 och
1054 767 109 49 afgör
1204 768 10 35 i
1259 768 307 36 förekommande
1609 769 64 35 fall
1715 769 132 36 besvär
1876 770 107 35 öfver

382 817 368 48 skogstjänstemans
778 818 122 41 beslut
929 819 90 35 eller
1047 820 142 47 åtgärd.

512 869 72 36 Det
611 869 146 48 åligger
785 870 185 48 styrelsen
999 875 55 31 att
1080 871 146 36 bevaka
1253 872 165 35 kronans
1446 876 73 31 rätt
1535 872 12 35 i
1562 873 176 36 afseende
1753 886 47 35 på
1816 872 165 50 fullföljd

382 921 41 35 af
461 921 101 35 talan
605 926 78 30 mot
716 921 117 36 Eders
863 921 142 49 Kungl.
1036 922 127 49 Maj:ts
1191 923 440 49 befallningshafvandes
1659 925 126 47 utslag
1812 924 12 35 i
1854 924 128 49 frågor

380 972 160 36 rörande
569 972 78 36 dels
676 973 210 36 afsättande
915 974 43 35 af
982 974 106 35 mark
1116 974 55 35 till
1200 975 216 48 kronopark
1444 975 70 36 och
1542 976 215 36 tilldelande
1785 976 42 35 af
1846 976 134 48 skogs-

381 1024 134 47 anslag
556 1024 54 35 till
638 1025 177 35 hemman
843 1025 70 35 och
941 1025 221 47 lägenheter
1189 1025 62 36 vid
1280 1026 208 48 afvittring,
1519 1027 77 36 dels
1625 1028 70 35 ock
1722 1027 192 48 reglering
1942 1028 44 34 af

379 1076 179 47 flottning
586 1076 11 35 i
625 1076 235 47 vattendrag,
891 1089 82 22 som
1002 1081 112 43 utgör
1141 1077 144 35 flottled
1314 1076 57 36 för
1399 1077 106 36 virke
1534 1077 81 36 från
1640 1079 162 35 kronans
1827 1079 151 48 skogar.

508 1127 158 48 Arligen
709 1127 79 36 före
821 1127 71 36 den
923 1129 13 33 1
974 1127 194 37 december
1197 1128 95 35 skall
1320 1129 185 48 styrelsen
1533 1129 55 35 till
1617 1129 141 49 Kungl.
1788 1130 107 47 Maj:t
1922 1130 57 35 in-

379 1179 105 48 gifva
527 1179 197 35 berättelse
767 1179 56 35 för
865 1179 62 35 det
970 1179 225 48 föregående
1237 1182 77 33 året
1353 1180 162 35 rörande
1555 1181 423 49 skogshushållningen,

379 1230 438 48 skogsundervisningen
859 1230 70 36 och
968 1230 275 47 jaktväsendet.
1299 1231 133 36 Denna
1472 1232 198 36 berättelse
1712 1233 94 35 skall
1835 1234 144 47 jämväl

377 1282 189 35 innehålla
607 1294 46 23 en
695 1282 225 35 summarisk
954 1282 240 48 redogörelse
1231 1283 57 36 för
1316 1283 44 36 de
1389 1283 118 37 under
1535 1286 78 34 året
1640 1284 150 36 utförda
1817 1285 73 36 åtal
1920 1285 59 36 för

380 1333 242 49 förbrytelser
664 1338 77 31 mot
783 1333 133 49 skogs-
959 1334 69 35 och
1065 1334 416 49 jaktförfattningarna,
1517 1336 194 48 uppgifter
1743 1349 60 23 om
1832 1337 146 35 dödade

378 1384 147 49 rofdjur
566 1385 70 35 och
678 1385 45 36 de
764 1385 42 35 af
841 1385 149 48 rofdjur
1019 1386 143 36 dödade
1191 1386 158 48 husdjur
1377 1392 98 30 samt
1503 1387 153 48 uppgift
1684 1400 60 23 om
1772 1388 130 36 värdet
1929 1391 49 46 på

381 1437 142 35 kronan
560 1436 193 49 tillhöriga
793 1437 150 48 skogar.
1000 1437 119 36 Hvart
1153 1438 112 36 femte
1298 1440 39 33 år
1365 1438 95 35 skall
1489 1444 52 30 ett
1568 1439 267 47 sammandrag
1862 1445 115 41 göras

378 1488 42 35 af
444 1488 45 35 de
518 1488 75 36 fem
622 1488 247 36 sistförflutna
897 1491 109 34 årens
1034 1489 227 36 berättelser.

508 1538 193 50 Styrelsen
730 1542 20 33 å
777 1540 362 48 skogsafdelningen
1168 1541 94 36 skall
1294 1542 77 36 före
1399 1544 194 46 utgången
1618 1542 42 35 af
1671 1542 149 47 januari
1840 1543 137 35 månad

376 1591 144 48 årligen
549 1591 54 35 till
632 1590 142 49 Kungl.
804 1591 107 49 Maj:t
940 1592 158 35 insända
1127 1592 239 49 förteckning
1389 1596 47 45 på
1457 1593 46 36 de
1521 1593 116 49 inköp
1658 1593 42 36 af
1715 1594 262 48 skogbärande

376 1642 90 36 eller
507 1642 54 36 till
603 1643 212 48 skogsbörd
850 1643 138 48 tjänlig
1016 1644 117 47 mark,
1163 1644 129 36 hvilka
1319 1645 118 36 under
1466 1645 62 35 det
1557 1645 226 48 föregående
1811 1648 78 33 året
1918 1646 59 35 för

376 1694 165 48 kronans
569 1694 163 47 räkning
760 1699 66 44 ägt
852 1708 95 33 rum,
978 1695 84 36 med
1092 1696 229 48 angifvande
1349 1697 42 35 af
1414 1697 78 47 pris
1521 1697 71 36 och
1621 1697 109 35 areal.

506 1745 115 36 Ofver
662 1745 46 37 de
748 1746 118 36 under
907 1747 139 35 nionde
1086 1747 253 36 hufvudtiteln
1380 1748 189 48 uppförda
1597 1748 133 48 anslag
1758 1749 55 35 till
1841 1749 134 48 skogs-

377 1797 177 36 väsendet
583 1797 194 36 äfvensom
806 1798 106 36 öfver
941 1798 117 36 andra
1086 1800 42 34 af
1151 1799 184 49 styrelsen
1365 1799 208 37 förvaltade
1601 1800 121 36 medel
1750 1800 94 36 skall
1873 1800 102 36 föras

375 1848 231 47 hufvudbok,
650 1849 233 36 omfattande
924 1855 53 30 ett
1014 1850 234 45 kalenderår;
1279 1851 69 35 och
1377 1851 95 36 skall
1501 1851 229 44 densamma,
1756 1852 117 47 jämte
1902 1852 73 35 till-

375 1899 167 37 börande
582 1900 289 47 verifikationer,
914 1907 128 30 senast
1084 1902 68 36 den
1198 1903 48 49 30
1288 1902 93 49 april
1410 1902 217 49 påföljande
1656 1906 39 32 år
1724 1904 250 35 öfverlämnas

374 1951 56 35 till
458 1952 304 36 kammarrätten.

505 2003 78 36 Hos
624 2004 184 48 styrelsen
847 2004 100 36 föras
976 2005 139 36 länsvis
1144 2006 222 48 upprättade
1395 2006 146 48 liggare
1570 2006 106 35 öfver
1704 2006 268 48 kronoparker,

375 2055 144 35 kronan
552 2055 191 48 tillhöriga
770 2055 278 50 flygsandsfält,
1077 2062 141 31 statens
1248 2057 54 35 till
1329 2057 411 49 bergshandteringens
1767 2057 206 37 understöd

375 2106 184 48 anslagna
599 2106 140 49 skogar
779 2113 97 30 samt
915 2108 120 36 under
1070 2108 259 48 skogsstatens
1364 2108 231 49 förvaltning
1623 2109 70 36 och
1720 2109 90 35 vård
1838 2109 135 36 ställda

373 2157 256 49 renbetesfjäll
671 2158 70 36 och
782 2159 115 36 andra
939 2160 140 47 skogar
1120 2160 195 36 äfvensom
1356 2160 141 37 sådana
1537 2161 56 35 till
1632 2160 340 37 bostadsboställen

374 2209 166 36 hörande
569 2209 152 49 skogor,
751 2223 79 23 som
865 2211 124 36 blifvit
1019 2211 53 36 till
1101 2211 141 37 ordnad
1272 2211 244 49 hushållning
1542 2212 181 39 indelade,
1754 2212 57 35 för
1839 2212 133 47 skogs-
