2214 2630
702 169 249 33 Stutsutskottets
980 165 171 33 Utlåtande
1175 164 62 32 N:o
1261 165 50 30 10.
1714 158 61 31 249

223 252 108 48 Maj:t
359 249 194 38 beslutade
587 248 239 48 markinköp,
857 248 41 35 så
927 250 55 31 att
1010 244 58 36 för
1097 242 136 36 sådant
1266 240 175 37 ändamål
1475 236 214 50 disponibla
1722 240 97 32 åter-

225 303 109 37 stodo
376 302 134 37 endast
552 302 112 46 6,785
708 300 139 35 kronor
890 298 46 35 80
979 301 74 31 öre.
1114 294 129 36 Under
1280 290 258 38 innevarande
1567 291 41 34 år
1636 288 186 36 beräknas

227 356 161 46 694,015
432 354 140 35 kronor
616 354 44 33 13
706 356 64 31 öre
812 350 135 48 inflyta
988 348 59 35 för
1088 345 167 37 försålda
1290 341 366 49 kronoegendomar,
1686 342 41 33 så
1755 344 66 40 att,

224 407 164 36 förutom
417 406 64 35 det
510 403 40 37 af
574 404 95 35 1907
703 405 60 33 års
791 400 171 48 Riksdag
990 398 84 36 från
1109 395 271 50 skogsmedlen
1410 392 180 37 anvisade
1618 391 138 48 belopp
1786 390 40 35 at

227 459 162 46 500,000
421 457 152 45 kronor,
604 455 164 46 700,800
797 453 138 35 kronor
965 452 46 34 93
1042 454 65 31 öre
1136 453 65 31 äro
1232 452 54 31 att
1314 445 120 36 under
1463 447 80 33 året
1571 442 168 50 påräkna
1766 440 58 36 till

226 510 115 47 inköp
383 508 41 35 af
461 505 238 48 skogsmark.
757 503 179 37 Härifrån
974 502 91 35 böra
1094 500 139 47 dragas
1263 498 137 46 69,800
1431 496 152 44 kronor,
1613 492 211 48 utgörande

225 559 301 50 köpeskillingar
568 556 58 36 för
667 554 238 48 markinköp,
940 566 80 22 som
1063 550 42 36 af
1129 547 331 49 domänstyrelsen
1488 545 221 47 föreslagits
1738 555 87 24 men

229 617 102 31 ännu
360 616 64 30 äro
453 611 48 46 på
531 606 146 49 Kungl.
708 606 127 48 Maj:ts
864 603 182 50 pröfning
1073 600 202 37 beroende.
1577 624 5 4 .

356 661 101 37 Utan
486 659 134 36 tvifvel
648 663 42 31 är
718 657 64 36 det
810 656 42 36 af
868 659 139 33 största
1025 653 96 47 vikt,
1143 657 55 31 att
1218 648 266 51 skogbärande
1506 647 91 37 eller
1616 645 57 36 till
1693 645 133 49 skogs-

229 714 95 37 börd
352 712 137 50 tjänlig
516 710 108 37 mark
653 709 162 49 alltjämt
843 708 60 36 för
931 711 145 31 statens
1105 703 169 48 räkning
1301 702 161 49 inköpes
1491 699 71 37 och
1587 703 55 31 att
1661 696 166 38 tillräck-

229 767 80 48 liga
340 763 124 38 medel
492 764 122 35 finnas
644 766 55 31 att
726 760 112 49 tillgå
865 760 59 35 för
953 763 54 32 ett
1035 756 137 37 sådant
1200 754 155 37 förvärf.
1403 753 69 36 Att
1499 750 151 37 utöfver
1679 750 62 35 det
1770 748 58 36 för

231 819 103 36 detta
363 815 173 37 ändamål
564 813 248 48 tillgängliga
839 811 139 48 belopp
1007 808 132 37 anvisa
1168 820 48 23 en
1245 809 41 33 så
1315 810 78 31 stor
1422 816 146 24 summa
1597 814 82 24 som
1699 801 73 35 den
1792 800 41 35 af

231 869 237 37 motionären
495 865 230 47 föreslagna,
755 863 90 36 eller
876 861 201 48 1,500,000
1107 859 154 46 kronor,
1292 869 109 24 anser
1424 855 188 36 utskottet
1632 852 96 37 dock
1746 851 83 37 icke

231 919 183 47 förenligt
442 917 86 37 med
556 916 74 37 den
657 914 220 37 varsamhet
904 912 64 36 vid
997 911 156 47 anslags
1195 907 228 49 beviljande,
1452 904 292 48 statsbudgeten
1771 902 59 36 för

232 969 236 39 närvarande
496 968 165 45 kräfver,
691 971 94 31 utan
813 977 115 36 synes
957 961 338 49 anslagsbeloppet
1314 958 176 49 skäligen
1509 957 93 36 böra
1620 955 210 47 begränsas

232 1023 58 37 till
323 1022 163 47 500,000
520 1019 152 37 kronor.
702 1018 114 36 Detta
843 1015 138 49 belopp
1011 1026 114 37 synes
1154 1012 189 36 utskottet
1370 1008 210 38 emellertid
1615 1006 84 37 icke
1726 1006 104 45 böra,

234 1078 124 34 såsom
398 1072 238 38 motionären
679 1067 209 50 föreslagit,
922 1066 181 50 uppföras
1132 1077 91 24 vare
1257 1063 61 47 sig
1345 1064 49 47 på
1421 1061 73 36 den
1523 1057 192 39 ordinarie
1743 1057 90 37 eller

235 1132 105 32 extra
368 1130 141 39 staten;
538 1128 93 31 utan
659 1122 119 36 håller
805 1119 188 37 utskottet
1020 1117 94 47 före,
1146 1121 56 31 att
1231 1115 211 36 detsamma
1465 1113 82 46 bör,
1567 1113 49 47 på
1635 1114 76 32 sätt
1730 1113 102 32 näst-

234 1179 93 36 lidet
355 1180 60 34 års
442 1175 172 48 Riksdag
642 1174 12 35 i
682 1173 104 37 detta
815 1170 177 38 afseende
1020 1167 214 47 beslutade,
1254 1168 93 47 utgå
1366 1165 85 36 från
1472 1167 99 33 årets
1591 1160 243 50 skogsmedel

235 1231 12 36 i
276 1230 73 37 den
376 1231 89 34 mån
493 1227 45 36 de
567 1224 210 51 inflytande
807 1222 238 49 öfverskjuta
1073 1220 46 37 de
1150 1217 229 39 beräknade.

366 1331 242 38 Beträffande
650 1328 271 50 skogsmedlen
963 1327 58 36 får
1052 1324 190 37 utskottet
1271 1321 171 37 meddela
1471 1317 169 50 följande
1668 1315 165 50 uppgift:

975 1442 288 29 Statsverkets
1292 1437 260 37 skogsmedel:

907 1493 118 44 influtna
1464 1488 161 29 beräknade

292 1562 41 33 år
364 1559 96 35 1899
528 1586 144 5 oc
764 1553 215 47 5,220,477:
999 1560 42 26 22
1074 1549 140 36 kronor
1322 1544 217 49 4,000,000:
1561 1564 41 4 —
1648 1541 142 36 kronor

302 1623 18 23 »
363 1611 97 35 1900
562 1638 133 5 0...
763 1605 214 46 8,200,757:
998 1612 41 26 52
1144 1613 18 22 »
1323 1597 216 48 4,600,000:
1556 1616 50 5 —
1715 1605 17 23 »

303 1675 18 23 »
363 1662 96 35 1901
551 1689 168 6 omv.
763 1656 213 47 17,645,496:
997 1663 41 26 22
1144 1665 17 22 »
1325 1648 215 48 5,800,000:
1558 1668 50 4 —
1717 1657 18 23 »

304 1727 18 23 »
364 1713 192 36 1902...
576 1741 155 5 un
763 1708 215 48 6,106,881:
999 1715 42 26 80
1145 1717 18 22 »
1327 1700 215 48 7,000,000:
1559 1719 50 5 —
1718 1708 17 23 »

304 1779 18 23 »
365 1766 96 34 1908
494 1794 98 5 on
646 1793 86 4 nn
764 1760 214 47 8,632,531:
999 1767 42 26 68
1146 1768 17 23 »
1327 1752 215 46 7,000,000:
1571 1771 39 5 —
1718 1760 18 23 »

305 1831 18 22 »
366 1817 98 36 1904
576 1845 109 5 un
764 1812 215 46 8,294,132:
998 1831 44 4 —
1146 1820 18 23 »
1328 1803 214 49 7,500,000:
1559 1823 51 5 —
1718 1812 18 23 »

306 1882 17 23 »
367 1869 97 36 1905
565 1897 121 5 mma
767 1863 212 48 1,464,609:
999 1871 43 26 05
1147 1872 17 22 »
1328 1855 214 47 7,500,000:
1559 1875 50 5 —
1718 1864 18 23 »

306 1934 18 23 »
367 1920 97 36 1906
496 1949 144 5 agens
671 1948 63 5 sa...
766 1916 214 46 8,562,727:
1000 1923 42 26 06
1148 1924 17 23 »
1329 1907 214 48 7,500,000:
1560 1927 51 4 —
1720 1915 17 23 »

307 1986 18 22 »
368 1973 95 35 1907
580 2001 97 5 um
768 1967 214 48 9,926,308:
1002 1975 42 26 99
1149 1976 17 22 »
1329 1959 215 48 7,800,000:
1561 1978 50 5 —
1720 1968 18 23 »

375 2093 74 36 För
490 2094 41 34 år
575 2092 96 35 1908
715 2095 64 31 äro
819 2085 271 50 skogsmedlen
1132 2081 220 39 beräknade
1386 2080 56 36 till
1472 2078 204 48 8,000,000
1704 2075 140 37 kronor

248 2146 70 37 och
359 2150 63 31 äro
464 2144 12 36 i
512 2144 74 36 den
626 2141 56 37 uti
724 2136 503 51 statsverkspropositionen
1269 2133 151 36 införda
1461 2126 385 49 inkomstberäkning

248 2199 58 36 för
335 2200 41 34 år
408 2197 95 36 1909
532 2200 198 44 upptagna
757 2192 57 36 till
844 2190 202 47 8,500,000
1075 2188 154 36 kronor.

337 2267 72 31 Bih.
434 2267 48 31 till
506 2264 111 33 Riksd.
642 2263 89 31 Prot.
758 2262 94 32 1908.
899 2261 20 30 4
943 2260 97 32 Saml.
1067 2260 14 28 1
1107 2256 79 42 Afd.
1213 2259 41 30 10
1277 2254 93 41 Häft.
1762 2248 40 32 32
