2220 2630
712 163 251 36 Statsutskottets
993 160 167 33 Utlåtande
1185 159 60 32 N:o
1268 159 50 29 10.
1713 151 61 32 241

223 247 243 48 synnerligen
507 246 151 46 viktiga
700 241 322 47 skogsnäringen;
1066 238 71 36 och
1176 238 49 35 då
1253 237 195 35 utskottet
1476 234 86 35 icke
1591 232 84 36 haft
1702 234 121 45 något

223 303 60 33 att
319 299 127 35 erinra
474 302 82 32 mot
584 298 45 34 de
658 297 41 34 af
722 294 140 46 Kungl.
892 292 111 47 Maj:t
1030 290 218 46 föreslagna
1275 288 141 46 belopp
1446 286 61 36 till
1536 284 184 36 arfvoden
1749 283 73 36 och

222 351 305 43 resekostnader,
570 350 122 34 finner
734 346 194 36 utskottet
970 344 57 44 sig
1069 343 95 34 böra
1204 340 155 37 biträda
1403 338 134 46 Kungl.
1569 336 128 46 Maj:ts
1724 335 99 35 före-

227 403 164 36 varande
419 402 155 45 förslag.

353 455 16 33 I
410 452 278 45 sammanhang
716 448 160 37 härmed
904 448 71 34 har
1002 446 196 35 utskottet
1226 444 103 35 velat
1357 442 127 36 uttala
1513 438 311 37 önskvärdheten

225 507 42 35 af
303 509 60 32 att
404 503 293 47 skogsingenjör
733 503 63 33 må
833 499 146 35 erhålla
1015 496 235 46 befogenhet
1287 497 59 32 att
1374 498 50 42 på
1454 493 279 45 skogsägarens
1759 490 66 33 be-

226 563 121 40 gäran
383 555 213 45 utstämpla
632 554 59 34 för
728 550 231 45 afverkning
989 549 45 34 de
1064 546 265 45 undermåliga
1357 545 102 43 träd,
1491 554 80 24 som
1599 542 76 34 han
1705 540 121 35 under

227 609 82 35 sina
336 606 286 45 förrättningar
648 605 124 34 finner
799 602 95 35 böra
920 600 215 44 borttagas.

355 657 185 47 Följande
571 656 143 46 förslag
741 654 61 36 till
831 654 78 34 stat
936 651 60 35 för
1023 653 132 32 statens
1182 644 379 51 skogsförsöksanstalt
1588 644 71 35 har
1685 643 141 46 Kungl.

227 711 111 47 Maj:t
366 713 123 33 såsom
518 709 114 36 ofvan
665 709 165 41 nämnts,
856 703 184 46 framlagt
1059 701 61 36 till
1139 700 238 46 Riksdagens
1396 697 195 48 pröfning,
1613 694 211 48 nämligen:

229 763 154 37 arfvode
411 761 62 36 till
500 759 291 37 föreståndaren
904 786 4 4 .
1540 750 111 43 3,000
1680 747 147 35 kronor

282 845 20 16 ;
429 842 20 17 »
499 812 222 36 botanisten
1012 836 62 4 a
1455 831 4 4 -
1541 802 112 43 2,500

282 896 21 16 »
429 894 20 15 ,,
502 876 46 23 en
577 863 176 36 assistent
848 890 16 4 =
1166 886 2 4 ;
1543 853 111 43 3,000
1738 879 19 16 >,

283 947 20 16 ”
430 945 20 16 ”
513 944 20 16 2»
641 943 20 16 ”
896 942 16 2 -
1543 904 111 44 3,000
1738 930 20 16 ”

230 969 62 36 till
319 979 98 24 rese-
448 967 72 36 och
549 961 480 45 traktamentsersättning
1086 988 234 4 sec
1470 986 2 2 ..
1520 956 134 43 15,000
1738 981 21 16 =,

1336 1016 153 36 Summa
1519 1015 136 44 28,500
1685 1013 146 35 kronor

361 1090 53 34 De
456 1088 13 34 i
509 1084 283 38 ofvannämnda
829 1082 193 36 motioner
1057 1079 215 46 framlagda
1300 1077 144 45 förslag
1472 1075 186 35 innebära
1685 1072 146 47 förhöj-

232 1143 93 46 ning
365 1141 13 35 i
420 1140 66 36 det
515 1138 41 36 af
579 1137 138 46 Kungl.
748 1134 111 47 Maj:t
887 1133 217 46 föreslagna
1132 1130 177 37 arfvodet
1336 1128 61 36 till
1424 1126 292 37 föreståndaren
1743 1125 89 35 med

237 1196 107 44 1,000
383 1192 158 44 kronor,
584 1189 61 36 till
684 1187 224 37 botanisten
936 1185 87 35 med
1055 1185 109 44 1,500
1194 1182 145 36 kronor
1367 1180 73 36 och
1468 1179 62 36 till
1558 1178 273 35 assistenterna

232 1246 88 36 med
364 1246 70 33 500
476 1243 148 35 kronor
651 1240 61 36 till
753 1240 87 34 dem
874 1238 109 44 hvar,
1011 1235 216 47 hvarjämte
1255 1231 228 45 hemställts,
1513 1233 60 33 att
1601 1230 127 35 denna
1755 1228 75 36 för-

233 1296 162 48 höjning
437 1294 196 36 äfvensom
674 1291 197 46 ökningen
911 1289 14 35 i
966 1286 294 48 expensmedlen
1291 1287 121 33 måtte
1441 1282 155 37 inträda
1623 1281 120 35 redan
1771 1280 60 35 för

233 1347 261 38 innevarande
527 1348 52 32 år.

364 1398 110 36 Hvad
514 1396 288 36 motionärerna
844 1392 133 36 anföra
1010 1402 111 24 anser
1148 1389 196 35 utskottet
1372 1385 215 37 emellertid
1614 1384 86 35 icke
1728 1384 107 34 inne-

234 1454 95 35 bära
356 1450 139 47 giltiga
523 1448 84 35 skäl
634 1446 62 37 till
724 1457 129 24 annan
882 1442 183 37 afvikelse
1092 1441 86 35 från
1205 1439 102 36 hvad
1335 1438 139 46 Kungl.
1504 1435 111 47 Maj:t
1633 1434 202 47 föreslagit

235 1505 14 34 i
275 1504 109 46 fråga
418 1513 63 24 om
509 1502 78 34 stat
613 1499 61 36 för
702 1500 146 34 statens
876 1491 413 51 skogsförsöksanstalt
1317 1496 49 30 än
1393 1486 238 39 beträffande
1659 1486 178 36 arfvodet

237 1556 61 36 till
338 1553 233 44 botanisten,
613 1550 161 40 hvilket,
817 1548 41 36 af
893 1546 140 47 Kungl.
1076 1544 110 47 Maj:t
1227 1544 191 46 upptaget
1445 1541 63 35 till
1536 1542 112 43 4,500
1677 1539 157 43 kronor,

237 1606 183 37 förefallit
461 1604 196 36 utskottet
696 1602 64 35 väl
801 1601 92 46 lågt.
949 1598 75 36 Vid
1060 1598 74 35 den
1177 1595 40 36 af
1247 1591 425 50 departementschefen
1699 1590 136 48 gjorda

234 1658 246 48 jämförelsen
521 1655 140 36 mellan
701 1652 224 37 botanisten
967 1650 72 36 och
1081 1648 288 36 öfverassistent
1396 1645 66 36 vid
1490 1642 346 38 centralanstalten

238 1712 60 35 för
337 1707 335 39 försöksväsendet
712 1708 51 44 på
793 1700 389 51 jordbruksområdet
1210 1698 171 47 angifves
1409 1696 238 36 sistnämnda
1675 1694 162 47 tjänste-

239 1774 107 25 mans
386 1760 250 45 slutaflöning
676 1769 93 24 vara
813 1757 109 44 5,000
965 1754 163 43 kronor;
1157 1763 88 24 men
1280 1749 135 37 därvid
1444 1754 43 30 är
1515 1750 59 33 att
1600 1746 149 45 märka,
1780 1749 59 32 att

238 1815 78 35 han
344 1814 48 35 då
421 1811 173 47 åtnjuter
619 1810 201 36 förmånen
849 1807 41 36 af
913 1806 49 36 fri
989 1804 150 45 bostad,
1168 1803 60 36 för
1255 1801 158 36 hvilken
1440 1800 152 36 förmån
1620 1802 58 33 ett
1703 1798 137 46 afdrag

240 1870 22 32 å
306 1868 69 33 500
414 1865 147 35 kronor
600 1862 123 47 gjorts
765 1863 22 32 å
827 1860 131 43 lönen;
997 1857 73 36 och
1098 1856 65 35 vid
1190 1855 138 35 sådant
1355 1851 241 37 förhållande
1624 1851 100 35 samt
1751 1850 88 34 med

239 1919 147 45 hänsyn
420 1915 144 44 därtill,
593 1917 60 33 att
679 1912 223 37 botanisten
929 1909 86 37 icke
1044 1914 42 30 är
1112 1906 223 47 berättigad
1354 1904 61 37 till
1435 1902 275 47 ålderstillägg,
1731 1912 109 35 synes

240 1972 129 44 någon
411 1967 211 46 tillökning
662 1966 13 35 i
716 1965 67 35 det
824 1963 41 36 af
901 1961 140 48 Kungl.
1089 1959 110 46 Maj:t
1233 1957 217 47 föreslagna
1480 1955 154 36 arfvode
1663 1953 177 47 skäligen

240 2023 95 35 böra
377 2026 72 41 äga
481 2031 97 24 rum.
633 2017 89 36 Med
751 2014 207 47 anledning
987 2012 41 37 af
1051 2011 251 37 förenämnda
1328 2009 194 35 motioner
1549 2006 67 36 vill
1644 2006 197 35 utskottet

243 2073 128 37 därför
399 2071 150 45 föreslå,
580 2072 59 34 att
665 2068 241 37 botanistens
935 2064 158 37 arfvode
1119 2064 231 34 bestämmes
1377 2060 63 36 till
1470 2061 70 33 500
1570 2058 147 35 kronor
1735 2069 105 23 mera

244 2132 47 29 än
319 2126 65 35 det
412 2123 42 37 af
477 2122 139 47 Kungl.
646 2120 111 47 Maj:t
784 2119 231 46 ifrågasatta
1041 2116 154 45 belopp,
1226 2114 91 35 eller
1335 2112 61 36 till
1419 2113 109 44 5,000
1549 2110 158 44 kronor,
1727 2109 113 35 hvar-

243 2178 154 47 igenom
437 2178 145 33 statens
624 2173 226 36 slutsumma
890 2170 155 35 komme
1080 2170 59 33 att
1166 2168 130 45 uppgå
1324 2164 62 36 till
1414 2164 137 45 29,000
1580 2162 157 44 kronor,
1769 2160 72 36 och

243 2230 87 35 med
361 2230 110 44 5,125
500 2227 146 35 kronor
674 2223 209 46 öfverstiga
912 2222 74 35 den
1014 2218 222 37 nuvarande
1264 2220 146 33 statens
1438 2216 238 35 slutsumma.

372 2282 81 34 Den
494 2276 289 47 sammanlagda
823 2274 163 47 höjning
1009 2273 13 35 i
1050 2270 251 38 förenämnda
1328 2266 402 45 reservationsanslag,
1759 2276 83 24 som

331 2339 73 32 Bih.
430 2339 48 31 till
505 2336 109 33 Riksd.
638 2335 87 33 Prot.
752 2334 93 33 1908.
892 2334 18 31 4
935 2332 98 33 Saml.
1081 2333 16 27 1
1124 2329 77 40 Afd.
1249 2331 38 28 10
1312 2327 93 41 Häöft.
1759 2323 38 31 31
