2208 2628
210 781 161 31 Utbetalning

209 815 156 26 månadsvis.

192 988 189 32 Förenklingar

183 1024 8 22 1
211 1024 166 24 arbetssättet

241 1067 32 16 ”m,
293 1067 32 17 m.

454 182 61 31 152
898 180 249 31 Statsutskottets
1179 179 166 33 Utlåtande
1368 180 63 30 N:o
1457 181 49 29 10.

409 261 242 48 ningsledare
680 262 86 35 icke
795 261 154 44 ökades,
980 259 41 36 af
1044 258 184 47 förslaget
1251 259 118 34 borde
1390 257 94 46 följa
1504 269 46 24 en
1571 258 101 35 ökad
1691 258 120 46 utgift
1830 258 42 35 af
1894 260 110 43 7,200

409 314 156 35 kronor.
612 313 17 35 I
657 313 119 46 öfrigt
803 313 70 35 har
901 311 234 36 kommittén
1164 309 224 45 framhållit,
1420 312 60 32 att
1508 309 239 36 beträffande
1773 309 124 46 öfriga
1917 310 89 35 assi-

410 368 158 42 stenter,
608 365 230 36 biträdande
876 363 239 47 jägmästare
1157 364 99 33 samt
1290 364 109 32 extra
1426 360 258 48 kronojägare
1712 360 294 37 förhållandena

408 429 92 23 vore
537 417 152 45 sådana,
726 418 60 33 att
813 415 197 47 svårighet
1038 417 122 32 mötte
1190 416 60 33 att
1277 413 172 35 beräkna
1477 413 354 46 utgiftsökningens
1859 413 147 34 storlek

409 469 139 35 liksom
578 471 59 33 att
664 470 121 44 några
812 467 201 35 bestämda
1040 466 172 46 grunder
1243 464 85 36 icke
1347 464 137 35 funnes
1503 464 60 35 för
1580 464 247 37 beräknande
1847 463 43 35 af
1904 463 102 36 hvad

409 533 82 23 som
523 520 129 35 kunde
689 519 153 36 kräfvas
874 519 62 35 till
973 518 217 46 ersättning
1222 519 41 33 åt
1291 519 110 33 extra
1429 516 179 36 biträden
1637 517 42 35 af
1701 528 105 23 mera
1833 515 173 47 tillfällig

410 577 73 41 art,
512 572 311 36 hvaremellertid
850 571 235 36 kommittén
1114 570 158 43 erinrat,
1303 571 59 32 att
1382 568 75 35 den
1477 568 251 46 erforderliga
1746 567 259 47 utredningen

409 624 12 34 i
464 625 107 35 dessa
611 624 242 36 hänseenden
895 624 12 35 i
949 623 122 35 sinom
1112 622 59 36 tid
1204 621 110 35 torde
1343 619 240 47 förebringas
1611 619 42 36 af
1677 619 327 46 domänstyrelsen

411 676 73 35 och
526 676 197 35 föranleda
763 675 287 45 framställning
1092 686 62 23 om
1191 672 451 46 reservationsanslagets
1674 671 166 46 höjande
1873 671 13 34 i
1914 673 90 33 mån

410 726 41 36 af
474 727 127 36 behof.

537 778 243 36 Beträffande
809 777 180 46 samtliga
1018 776 226 46 aflöningar,
1274 775 105 35 såväl
1407 775 46 35 de
1483 777 41 33 åt
1552 775 72 35 den
1646 774 191 36 ordinarie
1857 786 82 24 som
1958 775 46 34 de

409 834 39 33 åt
495 831 74 35 den
611 833 108 33 extra
761 829 239 47 personalen,
1042 828 71 35 har
1154 827 235 36 kommittén
1430 827 14 34 i
1486 826 390 36 öfverensstämmelse
1917 826 87 35 med

407 883 175 35 uttalade
621 882 236 46 önskningar
893 880 198 36 hemställt
1127 882 71 42 att,
1233 882 40 32 så
1301 879 83 34 vidt
1413 878 164 47 möjligt,
1607 878 247 47 utbetalning
1880 880 124 33 måtte

407 934 66 35 ske
501 934 228 35 månadsvis.

537 986 128 36 Såsom
690 985 68 47 jag
784 985 119 35 redan
930 984 106 35 förut
1065 986 147 42 nämnt,
1242 983 71 34 har
1340 981 236 36 kommittén
1604 982 13 34 i
1641 982 68 35 sitt
1740 981 144 46 förslag
1917 981 85 35 icke

406 1038 204 47 ifrågasatt
651 1040 128 44 någon
822 1036 147 46 ökning
1009 1036 13 34 i
1064 1036 261 45 skogsstatens
1369 1033 194 36 ordinarie
1605 1033 188 47 personal,
1831 1044 88 24 men
1953 1035 51 44 på

406 1102 145 24 samma
587 1093 104 43 gång
718 1088 224 45 framhållit,
974 1090 59 33 att
1060 1086 234 36 kommittén
1323 1086 136 35 därvid
1489 1088 132 43 utgått
1649 1085 99 35 ifrån
1777 1088 59 32 att
1863 1096 139 34 genom

405 1142 100 36 vissa
542 1142 42 35 af
615 1142 232 35 kommittén
884 1140 232 46 ifrågasatta
1147 1138 275 46 förändringar
1449 1137 13 35 i
1492 1137 266 45 anordningen
1786 1136 41 35 af
1852 1137 151 34 arbetet

403 1194 70 35 hos
506 1194 193 35 distrikts-
734 1193 71 35 och
832 1190 441 46 revirförvaltningarna
1300 1189 288 35 vederbörande
1616 1188 234 46 tjänstemän
1879 1187 123 36 skulle

404 1246 134 34 kunna
577 1245 140 36 befrias
758 1245 85 34 från
880 1256 46 23 en
964 1243 61 35 del
1052 1254 105 23 mera
1186 1241 229 36 ofruktbara
1444 1240 272 46 skrifgöromål
1745 1239 71 36 och
1843 1240 159 35 beredas

405 1299 123 33 större
560 1297 58 35 tid
651 1299 60 33 att
744 1302 99 40 ägna
878 1296 57 46 sig
970 1297 40 33 åt
1038 1295 73 34 den
1138 1305 106 24 mera
1271 1292 294 46 betydelsefulla
1593 1292 204 46 praktiska
1825 1292 112 35 delen
1965 1290 43 36 af

405 1349 83 35 sina
516 1348 328 47 tjänstegöromål.

534 1402 53 34 De
615 1400 154 47 förslag,
800 1402 21 32 å
848 1399 135 35 hvilka
1010 1398 235 35 kommittén
1269 1397 136 35 därvid
1425 1395 133 47 syftar,
1575 1395 115 35 hafva
1710 1394 43 36 af
1766 1395 235 35 kommittén

403 1453 12 33 i
446 1453 82 35 dess
555 1452 246 36 betänkande
822 1450 269 36 sammanförts
1112 1449 124 35 under
1254 1448 186 35 rubriken
1467 1447 251 35 »förändrade
1739 1446 263 46 anordningar

405 1504 42 35 af
484 1505 152 35 arbetet
676 1504 70 35 hos
787 1503 196 35 distrikts-
1027 1502 71 35 och
1139 1499 460 45 revirförvaltningarna»
1639 1498 72 35 och
1741 1497 123 47 åsyfta
1891 1500 110 33 utom

402 1556 166 35 berörda
595 1556 153 35 lättnad
775 1555 13 35 i
816 1554 137 46 själfva
981 1554 251 34 arbetssättet
1255 1551 146 46 jämväl
1430 1550 121 35 andra
1577 1549 328 47 organisatoriska
1924 1549 77 35 för-

402 1607 233 47 bättringar,
680 1607 41 35 af
757 1606 134 36 hvilka
933 1606 12 34 i
983 1606 108 34 detta
1120 1603 279 45 sammanhang
1427 1604 64 33 må
1517 1601 223 35 framhållas
1767 1601 234 47 utvidgning

404 1659 42 35 af
470 1658 386 47 öfverjägmästarnas
874 1656 234 48 befogenhet
1127 1656 13 34 i
1159 1655 100 35 vissa
1276 1654 245 35 hänseenden
1542 1653 71 35 och
1633 1653 224 46 därigenom
1877 1652 123 36 öfver-

398 1710 507 47 jägmästarinstitutionens
924 1708 229 46 utveckling
1171 1707 62 35 till
1252 1707 66 35 det
1332 1706 176 46 verkliga
1522 1705 62 35 led
1598 1705 13 35 i
1627 1704 371 45 administrationen,

403 1775 81 23 som
534 1763 65 35 vid
647 1764 96 33 1889
787 1765 59 32 års
886 1760 196 47 reglering
1124 1759 146 45 afsetts,
1317 1761 100 32 samt
1458 1756 542 46 skogsstatstjänstemännens

401 1814 199 36 befriande
627 1814 86 35 från
740 1814 98 34 vissa
865 1810 385 49 uppbördsgöromål.

531 1866 110 35 Hvad
689 1865 234 35 kommittén
964 1864 13 35 i
1019 1862 252 36 förevarande
1313 1860 246 36 hänseenden
1599 1859 199 46 föreslagit
1838 1859 162 35 innebär

402 1918 215 35 emellertid
644 1916 245 36 uteslutande
918 1915 193 46 åtgärder,
1142 1925 92 33 som,
1264 1913 12 35 i
1305 1913 73 34 den
1406 1914 91 33 mån
1525 1911 86 36 icke
1639 1912 45 35 de
1710 1911 41 35 af
1765 1911 234 35 kommittén

402 1970 175 35 uttalade
611 1968 197 36 önskemål
835 1967 119 35 redan
982 1966 130 35 blifvit
1140 1964 284 47 tillgodosedda
1453 1975 139 35 genom
1618 1963 142 46 nådiga
1788 1962 211 36 cirkuläret

401 2022 74 34 den
519 2024 45 32 22
608 2020 172 36 sistlidne
821 2031 102 23 mars
964 2018 63 35 till
1059 2017 181 46 samtliga
1268 2016 244 35 förvaltande
1542 2013 457 48 ämbetsmyndigheter
1977 2009 26 58 i

401 2073 115 45 riket,
550 2072 197 47 angående
784 2070 232 36 affattandet
1051 2069 41 35 af
1115 2068 244 45 utlåtanden,
1389 2066 220 36 skrifvelser
1636 2079 48 23 m.
1715 2079 48 23 m.
1792 2067 13 34 i
1833 2066 165 35 ämbets-

402 2125 179 44 ärenden,
624 2124 133 35 kunna
797 2121 244 47 genomföras
1082 2123 96 33 utan
1217 2120 238 45 Riksdagens
1483 2119 245 35 medverkan.
1783 2118 74 46 Jag
1888 2128 111 24 anser

400 2177 81 47 mig
522 2175 239 37 fördenskull
801 2174 86 36 icke
928 2174 96 35 böra
1066 2173 12 34 i
1116 2173 109 34 detta
1253 2171 279 46 sammanhang
1559 2171 13 34 i
1600 2170 131 36 vidare
1759 2172 89 33 mån
1874 2168 124 36 inlåta

400 2229 81 46 mig
509 2231 50 44 på
585 2227 252 36 kommitténs
864 2224 296 48 ifrågavarande
1188 2224 144 46 förslag
1359 2228 49 30 än
1433 2225 61 33 att
1515 2222 69 47 jag
1602 2222 110 36 torde
1731 2223 93 34 böra
1843 2226 153 40 nämna,

400 2282 62 33 att
503 2281 205 43 desamma,
750 2281 81 33 mot
863 2277 135 35 hvilka
1030 2276 328 45 domänstyrelsen
1394 2275 136 35 endast
1557 2274 13 35 i
1598 2274 97 35 vissa
1725 2272 160 46 detaljer
1912 2271 86 37 haft
