2162 2632
164 1077 168 30 dInspektions-

170 1112 45 23 och
233 1111 83 23 andra

165 1147 166 30 tjänsteresor.

417 172 61 31 108
873 173 250 33 Statsutskottets
1151 174 168 33 Utlåtande
1340 176 67 32 N:o
1431 179 51 29 10.

374 249 10 35 i
414 249 206 48 styrelsens
663 251 260 48 organisation
952 257 99 31 samt
1078 265 61 23 om
1168 252 161 50 höjning
1357 254 43 36 af
1423 254 551 53 tjänstgöringspenningarna

374 300 58 36 för
460 300 72 37 den
560 302 188 36 ordinarie
775 304 236 47 personalen.
1048 303 195 49 Därjämte
1271 311 131 43 syntes
1432 305 222 39 hädanefter
1675 307 90 37 böra
1784 308 187 39 beräknas

373 357 55 30 ett
455 350 137 52 belopp
622 353 58 36 för
708 354 266 48 godtgörande
1002 354 43 37 af
1068 355 164 37 vikarier
1261 356 56 37 för
1345 370 251 25 amanuenser
1623 359 121 37 under
1772 367 201 31 semester-

372 402 212 50 ledigheter
625 404 72 37 och
739 405 277 48 sjukdomsfall.
1072 406 81 37 Och
1195 408 129 36 vidare
1363 411 121 35 måste
1526 409 157 38 beredas
1721 411 165 50 tillgång
1915 413 59 36 för

373 454 197 38 aflönande
612 456 44 36 af
683 456 162 37 vikarier
875 457 58 37 för
962 458 45 36 de
1035 458 281 37 ofvannämnda
1344 459 100 37 fasta
1471 460 197 38 biträdena
1695 462 65 36 vid
1789 469 184 32 semester

373 512 110 42 samt,
530 508 101 35 inom
678 508 104 36 vissa
826 514 174 43 gränser,
1045 510 64 36 vid
1155 510 225 38 inträffande
1424 511 281 49 sjukdomsfall,
1748 514 12 36 i
1801 515 172 49 enlighet

373 558 85 36 med
499 558 246 37 kommitténs
786 561 222 36 uttalanden
1035 562 11 35 i
1075 562 65 36 sitt
1187 561 246 38 förenämnda
1474 564 239 38 betänkande
1754 566 42 36 af
1819 566 74 37 den
1923 569 46 34 31

374 609 158 37 oktuber
562 611 109 35 1907.

500 661 134 49 Enligt
661 663 137 48 gjorda
824 663 257 50 beräkningar
1109 665 121 37 skulle
1258 666 57 37 för
1339 666 401 51 vikariatsersättning
1758 668 92 37 böra
1870 670 101 37 afses

374 718 55 30 ett
456 711 136 51 belopp
621 714 43 36 af
688 716 112 44 8,800
828 715 142 37 kronor
999 717 156 48 årligen.

501 764 86 37 Med
629 766 177 37 afseende
835 770 21 33 å
883 767 102 36 hvad
1028 769 158 35 sålunda
1226 769 144 37 anförts
1412 769 69 37 har
1510 770 226 38 kommittén
1764 771 206 48 hemställt,

372 820 55 31 att
455 816 56 36 till
539 817 185 37 arfvoden
752 821 37 34 åt
817 832 251 24 amanuenser
1096 820 69 36 och
1194 820 173 37 biträden
1396 827 99 31 samt
1524 822 57 36 för
1610 822 360 50 byggnadsplaners

371 867 252 50 granskning,
665 869 273 50 flitpenningar
981 874 37 33 åt
1058 877 106 31 extra
1204 872 232 48 tjänstemän
1464 873 71 36 och
1563 879 108 31 extra
1700 875 270 47 vaktmästare,

370 919 403 51 vikariatsersättning
811 928 99 31 samt
951 923 431 49 tryckningskostnader
1423 924 117 37 borde
1576 926 12 35 i
1621 925 350 51 domänstyrelsens

374 975 75 31 stat
475 971 182 49 uppföras
687 978 54 31 ett
769 974 199 49 årsanslag
996 974 42 36 af
1063 976 138 45 53,700
1229 975 152 37 kronor.

499 1074 18 37 I
558 1075 73 37 den
672 1076 57 37 för
770 1078 329 48 domänstyrelsen
1126 1084 198 44 upptagna
1351 1085 77 31 stat
1455 1080 134 45 finnes,
1619 1083 127 34 såsom
1769 1081 71 49 jag
1869 1082 101 36 förut

371 1131 143 42 nämnt,
556 1133 188 43 upptaget
776 1134 53 31 ett
857 1129 137 48 anslag
1022 1130 55 35 till
1106 1130 255 49 inspektions-
1391 1131 72 36 och
1491 1132 117 36 andra
1637 1133 248 48 tjänsteresor
1913 1134 58 36 till

369 1177 138 49 belopp
544 1179 43 36 af
609 1181 115 44 4,000
753 1180 150 36 kronor.
960 1181 55 35 Af
1038 1181 112 37 dessa
1178 1182 121 37 medel
1327 1182 117 37 hafva
1471 1186 127 45 utgått
1626 1184 258 37 kostnaderna
1913 1185 58 37 för

372 1230 46 35 de
445 1230 261 47 tjänsteresor,
737 1244 81 23 som
847 1232 122 49 enligt
996 1233 176 48 gällande
1201 1233 285 38 bestämmelser
1516 1235 199 49 företagits
1741 1236 41 36 af
1797 1237 172 48 general-

371 1281 217 37 direktören
616 1283 91 36 eller
735 1283 120 49 enligt
882 1284 97 36 hans
1008 1285 175 48 uppdrag
1211 1286 42 35 af
1275 1286 167 36 ledamot
1470 1287 12 35 i
1510 1287 188 49 styrelsen
1722 1287 119 48 jämte
1866 1289 104 36 med-

372 1333 166 47 följande
566 1334 244 37 sekreterare.

501 1385 179 37 Däremot
709 1386 113 37 hafva
848 1387 257 37 kostnaderna
1133 1388 58 37 för
1219 1389 45 36 de
1292 1389 259 48 tjänsteresor,
1576 1403 82 24 som
1679 1391 95 36 efter
1792 1392 179 48 uppdrag

369 1436 44 35 af
449 1437 187 48 styrelsen
678 1437 199 50 företagits
920 1439 44 36 af
1000 1439 86 37 dess
1128 1440 251 37 ombudsman
1421 1441 72 36 och
1532 1441 122 48 fiskal,
1696 1445 49 46 på
1777 1443 126 48 grund
1931 1447 38 32 at

369 1488 193 48 anslagets
604 1489 82 36 titel
715 1489 32 49 ej
778 1490 146 36 kunnat
951 1490 187 37 bestridas
1168 1492 42 35 af
1232 1492 165 36 nämnda
1425 1493 146 47 anslag,
1601 1499 90 30 utan
1719 1494 250 37 utanordnats

369 1539 42 35 af
435 1540 255 48 skogsmedel.

498 1591 241 37 Beträffande
767 1593 249 36 förevarande
1044 1594 135 48 anslag
1207 1594 67 36 har
1302 1594 239 46 kommittén,
1569 1596 121 36 under
1718 1597 150 36 erinran
1901 1603 67 41 att,

369 1643 125 36 såvidt
535 1643 226 38 kommittén
805 1644 97 37 hade
944 1645 63 48 sig
1033 1644 153 48 bekant,
1216 1646 62 36 det
1307 1659 90 24 vore
1426 1647 104 36 inom
1558 1647 73 36 den
1660 1649 165 35 centrala
1853 1654 115 32 stats-

370 1695 283 48 förvaltningen
693 1699 118 45 något
845 1697 241 46 enastående,
1115 1703 56 30 att
1198 1698 11 35 i
1239 1703 74 31 stat
1341 1697 128 37 blifvit
1497 1698 201 50 fastslaget
1726 1699 62 37 det
1816 1700 151 49 belopp,

368 1746 153 36 hvartill
556 1746 257 37 kostnaderna
841 1748 58 36 för
927 1748 345 49 inspektionsresor
1301 1749 116 49 högst
1445 1750 103 48 finge
1574 1754 144 46 uppgå,
1747 1757 136 42 ansett,
1913 1759 55 29 att

368 1797 64 37 det
472 1798 33 48 ej
546 1811 92 23 vore
670 1799 176 49 lämpligt
873 1805 56 31 att
956 1800 13 35 i
998 1805 123 31 staten
1151 1800 57 37 för
1235 1801 328 49 domänstyrelsen
1591 1802 189 37 bibehålla
1807 1803 64 37 det
1898 1817 70 23 nu-

369 1850 165 36 varande
576 1849 197 37 bestämda
804 1851 175 49 anslaget
1008 1852 55 36 till
1091 1852 357 49 inspektionsresor,
1477 1859 92 30 utan
1597 1859 55 31 att
1679 1854 288 37 resekostnads-

368 1901 71 36 och
466 1901 468 50 traktamentsersättning
954 1903 58 36 för
1031 1904 104 36 såväl
1154 1904 396 49 inspektionsresorna
1569 1918 82 23 som
1671 1906 118 36 andra
1808 1906 160 49 tjänste-

367 1965 106 23 resor
514 1953 42 36 af
588 1954 207 48 styrelsens
824 1955 177 49 personal
1030 1955 114 37 borde
1173 1959 92 45 utgå
1292 1955 42 37 af
1357 1956 140 37 nionde
1524 1956 278 38 hufvudtitelns
1831 1958 137 48 anslag

369 2004 56 35 till
452 2017 96 24 rese-
577 2005 70 36 och
677 2006 478 49 traktamentspenningar.

503 2056 69 36 Vid
602 2056 106 37 bifall
736 2058 55 35 till
818 2057 247 37 kommitténs
1095 2059 243 36 förenämnda
1366 2059 145 49 förslag
1529 2060 12 35 i
1562 2059 109 50 fråga
1690 2073 62 23 om
1771 2061 197 49 reglering

369 2107 42 36 af
434 2107 349 38 löneförhållanden
828 2123 48 22 m.
921 2123 48 23 m.
999 2110 64 36 vid
1110 2110 339 50 domänstyrelsen,
1496 2111 120 37 skulle
1658 2112 74 36 den
1772 2112 195 37 blifvande

369 2164 124 32 staten
522 2159 58 37 för
608 2161 188 49 styrelsen
824 2161 154 36 komma
1006 2167 54 31 att
1088 2162 99 36 sluta
1215 2165 20 33 å
1266 2163 161 46 163,000
1457 2162 150 37 kronor.
