2160 2622
207 313 83 31 Skrif-

170 348 159 24 materialier

204 391 34 16 m.
256 391 34 17 m.

204 418 93 46 [17]

148 1623 120 31 Aflöning
288 1622 28 24 åt

130 1657 153 31 ytterligare
302 1666 31 16 en

131 1692 193 24 kanslisekrete-

158 1734 60 17 rare
236 1728 70 23 inom

149 1761 157 31 jordbruks-

173 1797 116 30 departe-

175 1833 102 24 mentet.

185 1868 93 45 [18]

166 1935 138 24 Utskottets

166 1971 131 29 yttrande,

415 126 63 31 284
860 133 252 34 Statsutskottets
1140 136 168 34 Utlåtande
1331 139 62 33 N:o
1414 142 51 30 10.

878 196 148 62 Öfriga
1057 210 222 43 ordinarie
1306 215 166 48 anslag.

504 311 98 45 18:0)
630 313 244 37 Beträffande
918 315 124 47 öfriga
1084 318 191 36 ordinarie
1303 321 143 47 anslag,
1490 335 81 24 som
1611 325 13 35 i
1664 326 211 40 riksstaten
1906 331 61 36 för

370 358 259 40 innevarande
658 366 43 33 år
726 365 123 36 finnas
877 369 22 32 å
926 367 141 36 nionde
1095 368 262 39 hufvudtiteln
1384 374 204 47 uppförda,
1608 376 71 36 har
1696 378 140 48 Kungl.
1856 382 111 47 Maj:t

369 409 86 38 icke
483 411 200 50 föreslagit
717 419 129 44 någon
880 430 128 24 annan
1041 421 164 47 ändring
1233 427 49 31 än
1311 426 59 34 att
1397 424 339 52 förslagsanslaget
1763 431 63 36 till
1853 433 110 36 skrif-

368 463 237 38 materialier
648 467 72 36 och
761 480 194 36 expenser,
998 472 73 35 ved
1111 484 49 24 m.
1198 485 63 35 m.,
1302 487 53 23 nu
1395 479 140 43 40,469
1570 479 156 48 kronor,
1756 485 122 35 måtte
1905 485 61 36 för

367 513 251 48 utjämnande
660 519 42 36 af
738 520 282 39 hufvudtitelns
1062 523 223 38 slutsamma
1326 527 108 46 höjas
1475 531 88 35 med
1605 534 70 34 362
1719 533 147 38 kronor
1901 537 63 35 till

366 568 136 44 40,831
534 568 157 39 kronor.

494 620 202 40 Utskottet
723 624 232 48 hemställer,

893 697 60 32 att
1002 696 180 46 samtliga
1236 698 192 37 ordinarie
1476 702 134 47 anslag
1654 705 124 36 under
1823 708 138 38 nionde

762 743 276 49 hufvudtiteln,
1086 759 81 24 som
1213 748 72 37 här
1325 750 115 36 ofvan
1482 753 86 36 icke
1610 755 128 37 blifvit
1779 760 183 37 särskildt

764 795 265 48 omförmälda,
1072 801 63 33 må
1175 800 59 35 för
1275 804 43 32 år
1361 805 96 34 1909
1487 804 210 39 fastställas
1725 809 64 35 till
1816 823 145 25 samma

761 847 141 47 belopp
943 861 82 23 som
1053 850 13 35 i
1093 850 260 39 innevarande
1395 857 61 34 års
1498 857 177 47 riksstat;
1718 860 102 37 dock
1860 865 100 35 att
1939 843 25 65 i

762 899 174 47 anslaget
962 900 63 36 till
1053 902 333 39 skrifmaterialier
1414 907 74 35 och
1515 921 194 36 expenser,
1739 914 73 35 ved
1835 927 48 24 m.
1908 929 50 24 m.

754 953 63 32 må
845 955 114 43 göras
988 953 73 35 den
1089 953 218 50 jämkning,
1337 969 81 24 som
1437 959 60 36 till
1514 960 207 46 jämnande
1743 964 43 36 af
1796 965 163 39 hufvud-

755 1001 132 37 titelns
916 1003 226 38 slutsumma
1170 1007 79 35 kan
1277 1008 201 39 erfordras.

937 1155 189 56 Extra
1164 1160 218 69 anslag.

486 1255 89 36 Med
604 1257 209 48 anledning
840 1259 42 36 af
905 1261 46 35 de
978 1261 340 51 framställningar,
1349 1280 81 24 som
1458 1270 122 46 gjorts
1608 1272 12 35 i
1640 1272 177 39 afseende
1837 1278 21 33 å
1877 1277 78 36 till-

356 1304 145 48 fälliga,
540 1307 61 36 till
637 1309 140 36 nionde
806 1311 263 38 hufvudtiteln
1097 1315 219 50 hänförliga
1344 1320 126 47 behof,
1501 1321 59 37 får
1587 1324 196 38 utskottet
1811 1327 143 48 afgifva

355 1355 170 48 följande
552 1361 183 44 yttrande
764 1362 72 35 och
864 1362 153 49 förslag.

527 1510 380 49 Departementets
936 1514 228 51 afdelning
1192 1519 51 38 af
1266 1521 161 49 Kungl.
1453 1524 141 50 Maj:ts
1623 1526 161 41 kansli.

486 1616 99 39 19:0)
613 1617 140 47 Kungl.
795 1619 112 46 Maj:t
934 1620 71 36 har
1038 1624 121 35 under
1186 1626 127 46 punkt
1345 1631 44 33 18
1418 1630 199 49 föreslagit
1645 1634 218 49 Riksdagen
1892 1640 60 34 att

352 1664 60 36 för
439 1666 218 37 beredande
696 1669 41 35 af
765 1668 76 48 lön,
872 1674 111 43 2,500
1013 1674 156 48 kronor,
1200 1678 72 35 och
1299 1679 508 54 tjänstgöringspenningar,
1840 1691 108 44 1,500

352 1716 157 47 kronor,
541 1721 41 34 åt
610 1732 46 23 en
684 1721 367 40 kanslisekreterare
1071 1726 105 37 inom
1191 1728 543 53 Jordbruksdepartementets
1754 1739 197 49 afdelning

353 1768 42 35 af
416 1769 141 48 Kungl.
600 1771 128 47 Maj:ts
769 1774 138 47 kansli,
950 1779 50 43 på
1034 1781 108 33 extra
1171 1783 78 34 stat
1277 1782 59 36 för
1364 1786 42 33 år
1438 1788 96 34 1909
1564 1789 132 35 anvisa
1724 1793 59 33 ett
1809 1792 140 48 belopp

353 1820 42 35 af
417 1824 113 43 4,000
561 1823 156 37 kronor.

481 1909 130 36 Under
639 1911 155 36 erinran
823 1916 59 33 att
909 1914 219 49 Riksdagen
1156 1918 61 36 för
1245 1920 114 36 hvart
1387 1923 73 35 och
1490 1927 57 33 ett
1567 1925 41 35 af
1631 1929 92 34 åren
1756 1931 93 34 1907
1876 1931 73 35 och

355 1960 96 33 1908
493 1963 51 43 på
584 1962 139 48 Kungl.
767 1965 127 46 Maj:ts
923 1966 144 48 förslag
1094 1968 60 36 för
1180 1983 53 23 nu
1261 1973 157 46 angifna
1447 1977 180 36 ändamål
1654 1982 50 43 på
1734 1983 109 33 extra
1870 1985 79 32 stat

351 2010 151 36 anvisat
543 2024 145 26 samma
730 2016 152 47 belopp,
921 2030 82 24 som
1030 2032 53 23 nu
1112 2021 42 35 af
1175 2022 138 48 Kungl.
1344 2026 112 46 Maj:t
1483 2028 169 48 begäres,
1683 2031 73 35 och
1783 2033 48 35 då
1860 2045 87 24 ena-

349 2060 129 37 handa
506 2064 135 47 anslag
668 2078 110 34 synes
806 2081 92 23 vara
926 2070 186 48 behöfligt
1140 2073 112 37 äfven
1279 2075 59 36 för
1366 2079 321 39 nästkommande
1717 2086 53 43 år,
1800 2084 59 36 får
1885 2088 61 33 ut-

350 2112 150 38 skottet
532 2115 214 49 hemställa,

878 2226 60 34 att
965 2226 219 49 Riksdagen
1219 2234 73 42 må,
1326 2231 60 36 för
1413 2234 216 38 beredande
1658 2237 43 36 af
1724 2238 77 46 lön,
1833 2242 109 43 2,500

747 2273 155 48 kronor,
946 2278 73 35 och
1060 2279 533 54 tjänstgörningspenningar,
1640 2291 109 43 1,500
1788 2286 154 57 kronor,
