2196 2632
686 156 250 32 Statsutskottets
967 152 168 33 Utlåtande
1158 151 63 31 N:o
1247 151 47 30 10.
1685 143 60 32 277

192 246 60 33 att
292 240 223 36 sökandena
556 235 239 38 fortfarande
831 233 179 46 utgjorde
1044 228 399 47 hemkallsafgifterna
1471 225 231 37 oafkortade
1730 223 58 36 till

192 293 148 47 Myskje
380 289 239 50 gästgifveri,
654 290 99 33 samt
782 289 61 33 att
870 286 125 34 denna
1022 283 246 34 hemmanens
1297 277 405 47 undantagsställning
1730 279 61 31 ut-

193 345 135 47 gjorde
357 356 47 23 en
432 342 97 36 hård
556 344 123 41 tunga
707 339 60 34 för
794 336 233 36 sökandena.

323 393 280 38 Innehafvaren
632 390 41 36 af
696 388 150 47 Myskje
874 386 225 48 gästgifveri
1126 384 164 44 bestred,
1321 386 60 32 att
1409 385 129 42 någon
1562 380 118 35 sådan
1700 379 93 35 änd-

194 449 87 46 ring
310 448 13 35 i
350 445 208 37 bestående
601 442 167 45 ordning
809 440 60 35 för
910 436 418 46 hemkallsafgifternas
1375 433 189 46 utgående
1605 431 188 44 vidtoges,

194 513 82 23 som
318 496 200 38 minskade
546 495 96 34 hans
670 495 82 32 rätt
781 491 59 35 till
870 489 206 46 afgifterna
1104 487 61 35 för
1192 487 73 34 den
1295 486 59 34 tid
1382 485 77 34 han
1487 483 103 35 varit
1618 482 73 35 och
1718 480 76 35 för-

196 551 125 36 blefve
350 546 249 38 innehafvare
628 544 42 35 af
692 541 280 49 gästgifveriet.

312 595 471 51 -Fögderiförvaltningen
810 594 14 34 i
852 595 112 33 orten
992 590 170 44 anförde,
1193 591 59 33 att
1280 587 284 46 befogenheten
1592 584 41 35 af
1657 582 138 36 ansök-

196 654 191 45 ningarna
415 652 128 44 syntes
571 659 93 23 vara
683 645 106 36 såväl
807 644 171 46 lagligen
997 641 177 47 grundad
1194 652 82 23 som
1295 639 89 35 med
1401 636 182 47 billighet
1602 635 192 35 öfverens-

198 703 252 43 stämmande,
493 699 157 37 hvarför
691 697 139 46 åtgärd
860 698 128 44 syntes
1016 695 94 34 böra
1137 692 179 46 vidtagas
1343 690 60 35 för
1430 687 217 37 beredande
1675 686 41 35 af
1740 697 57 23 er-

198 756 175 45 sättning
414 756 41 33 åt
491 751 221 37 sökandena
740 749 61 35 för
829 748 45 35 de
902 744 345 47 lindringsbelopp,
1277 754 83 24 som
1387 741 130 36 skolat
1545 741 96 45 utgå
1668 738 59 35 för
1750 737 46 35 de

199 811 149 33 senaste
376 806 57 35 tio
462 808 103 40 åren,
594 802 174 36 räknade
796 800 86 35 från
911 797 331 45 ansökningarnas
1269 793 235 47 ingifvande.

328 859 120 34 Eders
466 854 140 47 Kungl.
626 853 129 45 Maj:ts
775 848 423 47 befallningshafvande
1218 847 71 34 har
1308 846 13 34 i
1342 845 69 35 sitt
1426 844 163 35 berörda
1603 840 194 47 yttrande,

199 910 186 37 hvarmed
418 906 313 45 ansökningarna
758 903 62 35 till
847 901 139 45 Kungl.
1016 899 111 46 Maj:t
1154 898 185 43 insändts,
1368 896 124 34 under
1518 892 283 44 förutsättning

200 966 60 32 att
300 960 224 36 sökandena
564 968 91 24 vore
696 954 246 46 berättigade
983 951 60 36 till
1084 949 171 46 lindring
1289 949 13 34 i
1336 946 251 36 förevarande
1629 942 168 47 afgifter,

199 1012 211 45 hemställt,
449 1010 78 36 dels
562 1011 61 33 att
650 1005 247 49 godtgörelse
925 1003 42 36 af
991 1001 222 37 statsmedel
1240 1002 123 33 måtte
1391 998 159 35 beredas
1577 994 223 37 sökandena

200 1066 87 35 med
314 1067 42 33 så
384 1066 81 33 stor
492 1062 163 47 procent
683 1058 41 36 af
748 1059 46 34 de
822 1056 123 36 under
973 1058 90 32 åren
1090 1053 86 36 från
1196 1052 73 36 och
1287 1051 87 35 med
1394 1052 42 33 år
1459 1050 95 34 1893
1576 1046 224 37 utbetalade

201 1118 153 46 belopp,
393 1127 82 24 som
503 1112 124 47 enligt
653 1111 114 46 lagen
796 1110 74 34 den
898 1111 20 31 2
949 1106 201 36 december
1181 1106 95 33 1892
1307 1101 244 37 motsvarade
1579 1098 222 46 lindringen

201 1170 60 35 för
289 1169 109 35 dessa
425 1169 43 33 år
494 1166 14 34 i
534 1163 216 46 rustnings-
779 1161 72 36 och
878 1158 390 47 roteringsbesvären,
1291 1154 72 37 och
1382 1154 81 35 dels
1482 1155 60 33 att
1560 1149 241 38 föreskrifter

202 1223 122 33 måtte
365 1217 194 38 meddelas
588 1228 63 23 om
679 1216 119 34 sättet
825 1212 60 36 för
913 1211 132 46 dylika
1073 1208 172 48 afgifters
1273 1206 184 36 framtida
1485 1202 215 48 utgörande
1730 1200 72 36 och

203 1272 60 35 för
288 1269 218 38 beredande
535 1268 41 35 af
600 1265 245 49 godtgörelse
873 1263 131 36 därför
1032 1264 42 33 åt
1099 1259 365 45 hemkallstagaren.

332 1319 398 46 Kammarkollegium
750 1316 73 36 och
842 1314 284 37 statskontoret
1144 1310 116 36 hafva
1278 1310 87 35 från
1385 1309 119 35 Eders
1518 1307 139 45 Kungl.
1674 1300 129 56 Maj:ts

204 1371 425 48 befallningshafvande
657 1370 13 34 i
698 1368 223 45 Gäfieborgs
949 1366 65 35 län
1041 1364 192 35 infordrat
1260 1360 230 46 fullständig
1514 1357 211 46 utredning
1744 1356 61 35 för

204 1426 134 46 hvarje
378 1423 227 49 gästgifveri
647 1420 198 46 angående
886 1418 183 45 beloppet
1111 1415 72 35 och
1211 1416 111 33 arten
1351 1412 41 35 af
1416 1412 46 34 de
1490 1409 158 47 afgifter
1676 1408 41 35 af
1740 1408 66 34 be-

205 1479 116 36 rörda
347 1475 276 44 beskaffenhet,
652 1472 134 36 hvilka
816 1470 41 36 af
880 1470 179 35 hemman
1082 1467 105 35 inom
1216 1466 108 35 länet
1351 1462 238 37 fortfarande
1607 1459 200 48 utgjordes

206 1530 63 37 till
308 1525 472 51 gästgifverihållningens
821 1521 222 37 understöd.
1110 1517 199 47 Härjämte
1354 1515 117 36 hafva
1513 1510 294 39 ämbetsverken

208 1582 185 36 anmodat
421 1580 118 35 Eders
566 1577 139 47 Kungl.
726 1574 129 48 Maj:ts
873 1569 425 49 befallningshafvande
1317 1568 13 35 i
1350 1566 254 43 Stockholms,
1625 1563 180 47 Uppsala,

208 1631 331 44 Södermanlands,
582 1624 305 50 Östergötlands,
925 1623 255 47 Jönköpings,
1208 1620 258 45 Kronobergs,
1494 1617 169 44 Kalmar,
1693 1615 115 35 Göte-

208 1687 116 45 borgs
366 1684 74 36 och
466 1683 139 44 Bohus,
634 1675 210 50 Älfsborgs,
870 1677 249 44 Skaraborgs,
1149 1672 238 44 Värmlands,
1418 1665 156 48 Örebro,
1603 1669 204 34 Västman-

209 1738 121 44 lands,
360 1735 283 47 Kopparbergs,
664 1729 355 44 Västernorrlands,
1065 1725 203 45 Jämtlands,
1288 1723 297 36 Västerbottens
1604 1718 73 37 och
1695 1718 114 35 Norr-

209 1790 158 35 bottens
407 1787 66 36 län
514 1788 71 43 att,
628 1785 129 35 därest
798 1781 132 47 dylika
970 1777 260 49 prestationer
1270 1775 94 35 eller
1397 1773 158 48 afgifter
1581 1770 162 47 utginge
1771 1769 43 35 af

209 1842 181 35 hemman
431 1839 107 35 inom
578 1837 46 36 de
665 1834 219 48 respektive
925 1832 125 44 länen,
1084 1829 62 36 till
1175 1826 295 38 ämbetsverken
1496 1824 199 36 inkomma
1722 1821 88 35 med

211 1891 229 47 fullständig
467 1889 210 45 utredning
704 1886 61 37 för
792 1884 133 47 hvarje
953 1881 226 49 gästgifveri
1208 1878 198 48 angående
1435 1876 184 47 beloppet
1646 1873 73 37 och
1744 1873 66 35 be-

213 1944 265 37 skaffenheten
506 1941 41 36 af
572 1941 107 35 dessa
706 1938 206 36 förmåner.

341 1995 52 36 Af
417 1995 74 35 den
518 1994 14 34 i
560 1993 108 35 detta
696 1989 216 37 hänseende
939 1987 225 45 förebragta
1192 1983 209 45 utredning
1429 1981 72 35 har
1527 1980 199 45 framgått,
1752 1979 60 33 att

212 2050 48 35 de
287 2048 65 36 vid
379 2046 242 46 roteringens
648 2041 203 38 införande
878 2041 106 35 inom
1012 2050 47 24 en
1087 2037 61 36 del
1176 2035 65 36 län
1259 2035 62 36 till
1340 2029 472 51 gästgifverihållningens

213 2099 213 37 understöd
466 2097 41 37 af
543 2097 100 35 vissa
683 2094 182 36 hemman
903 2090 179 37 anvisade
1109 2087 261 48 prestationer
1399 2085 93 35 eller
1520 2082 156 47 afgifter
1701 2081 15 35 i
1744 2080 68 35 all-

214 2152 160 36 mänhet
414 2149 174 48 upphört
616 2149 60 34 att
703 2148 107 44 utgå.
866 2144 144 36 Sådant
1037 2139 212 38 understöd
1275 2140 159 44 utgöres
1461 2146 160 25 numera
1649 2132 165 36 allenast

215 2204 60 36 till
303 2202 149 48 Myskje
480 2198 226 50 gästgifveri
735 2197 42 36 af
800 2197 71 35 här
898 2192 293 49 ifrågavarande
1219 2190 101 36 båda
1348 2189 192 35 hemman.
