2206 2630
712 166 248 32 Stutsutskottets
990 164 165 31 Utlåtande
1179 163 60 31 N:o
1269 164 47 28 10.
1708 158 59 29 147

343 253 52 30 att
443 248 168 45 aflöning
645 247 31 44 ej
712 248 63 33 må
808 247 94 43 utgå
936 244 60 35 till
1033 242 352 47 skogstjänsteman
1419 240 93 34 eller
1544 238 269 46 skogsbetjänt

212 301 60 34 för
300 301 73 34 den
402 300 69 44 tid,
502 299 220 35 hvarunder
749 298 78 34 han
857 296 154 35 afhållit
1040 296 58 45 sig
1118 295 84 34 från
1221 292 263 48 tjänstgöring
1503 294 95 32 utan
1618 293 60 33 att
1697 290 115 35 hafva

215 353 11 34 i
260 351 242 45 vederbörlig
533 350 165 44 ordning
727 348 156 36 erhållit
911 346 297 47 tjänstledighet
1237 346 93 34 eller
1357 344 133 35 kunna
1518 343 134 45 styrka
1681 342 133 45 giltigt

215 404 141 35 förfall:

344 458 61 32 att
437 455 127 34 därest
598 453 234 45 tjänsteman
867 451 92 34 eller
994 450 149 45 betjänt
1176 449 137 34 varder
1346 447 178 45 afstängd
1558 446 86 34 från
1677 445 137 44 tjänst-

214 508 140 46 göring
382 506 93 34 eHer
503 505 13 34 i
543 505 120 34 häkte
692 507 130 42 tagen,
842 503 74 34 den
935 502 63 34 del
1018 502 42 34 af
1074 501 96 35 hans
1190 499 181 45 aflöning,
1393 510 82 23 som
1493 498 86 34 icke
1600 497 41 34 af
1656 496 158 47 domän-

216 558 182 46 styrelsen
435 555 154 47 pröfvas
623 556 95 33 böra
752 554 195 35 användas
984 553 61 34 till
1073 551 289 45 befattningens
1390 548 297 46 uppehållande,
1718 546 97 35 skall

216 610 121 35 under
379 608 107 35 tiden
524 606 224 44 innehållas,
789 604 130 36 såvida
958 604 32 44 ej
1030 601 327 47 domänstyrelsen
1394 600 123 34 finner
1554 599 145 45 skäligt
1736 598 80 34 låta

216 662 141 34 honom
387 659 176 47 uppbära
591 660 121 43 något
740 656 123 45 däraf;

346 715 57 32 att
440 710 240 36 beträffande
713 708 224 46 förhöjning
970 706 42 36 af
1041 707 114 35 lönen
1189 705 97 36 efter
1313 704 75 35 viss
1416 703 77 35 tids
1520 702 160 36 fortsatt
1709 702 106 34 inne-

217 764 189 36 hafvande
436 763 40 35 af
502 774 144 23 samma
674 761 121 46 tjänst
814 759 238 47 tidpunkten
1080 759 59 34 för
1158 757 119 36 första
1297 755 272 46 förhöjningen
1589 755 228 34 bestämmes

218 820 59 32 att
305 816 154 35 inträda
490 814 97 35 efter
615 814 75 35 fem
719 815 53 42 år,
803 812 121 35 under
952 810 143 36 villkor
1124 812 59 32 att
1210 807 276 37 innehafvaren
1515 807 121 34 under
1663 817 82 23 mer
1769 810 48 30 än

217 869 83 44 fyra
328 867 226 35 femtedelar
583 865 41 35 af
648 866 73 33 den
749 863 215 47 tjänstetid,
1000 874 82 23 som
1117 861 171 35 erfodras
1315 859 61 35 för
1409 861 59 32 att
1500 858 117 35 vinna
1650 856 167 36 nämnda

218 918 234 46 förhöjning,
481 918 89 34 med
597 916 96 47 godt
721 916 146 34 vitsord
895 914 169 36 bestridt
1097 913 57 35 sin
1186 924 96 34 egen
1311 911 104 44 eller,
1445 912 50 43 på
1523 909 126 46 grund
1678 908 41 34 af
1741 907 78 36 för-

220 970 207 44 ordnande,
458 980 127 24 annan
614 970 147 33 statens
788 967 121 45 tjänst
937 965 93 36 eller
1057 963 176 47 fullgjort
1261 964 120 33 annat
1410 960 195 46 offentligt
1628 959 189 46 uppdrag,

220 1023 71 35 och
319 1022 59 35 för
408 1021 120 36 andra
562 1019 285 47 förböjningen,
878 1030 63 23 om
969 1017 119 35 sådan
1117 1021 90 41 äger
1234 1026 97 33 rum,
1362 1013 98 35 efter
1487 1011 228 47 ytterligare
1743 1010 77 35 fem

220 1083 52 37 år,
302 1076 50 45 på
391 1085 144 24 samma
573 1071 154 45 villkor,
759 1073 99 33 samt
886 1069 59 36 för
973 1068 124 46 tredje
1125 1066 283 47 förhöjningen,
1439 1065 128 35 därest
1594 1063 119 35 sådan
1740 1062 80 35 kan

219 1127 78 44 ske,
341 1125 97 36 efter
480 1130 48 30 än
568 1124 229 46 ytterligare
838 1122 76 35 fem
957 1124 53 42 år,
1050 1119 215 37 äfvenledes
1292 1120 51 44 på
1371 1129 144 23 samma
1543 1115 129 36 vilkor
1699 1114 122 35 under

219 1178 268 46 iakttagande,
517 1176 102 35 hvad
651 1176 97 34 hvar
777 1174 72 36 och
877 1186 47 23 en
954 1172 42 36 af
1020 1171 253 37 omförmälda
1301 1167 358 47 löneförhöjningar
1688 1168 131 45 angår,

221 1233 59 33 att
313 1230 72 35 den
421 1229 119 46 högre
575 1227 220 47 aflöningen
829 1226 30 46 ej
897 1225 60 36 får
985 1224 194 36 tillträdas
1207 1222 131 35 förrän
1366 1221 66 35 vid
1458 1219 138 47 början
1624 1218 42 36 af
1689 1218 132 35 kalen-

222 1282 152 35 deråret
415 1283 87 33 näst
544 1280 96 35 efter
681 1280 76 43 det,
801 1277 221 36 hvarunder
1063 1276 74 35 den
1169 1274 184 46 stadgade
1382 1271 280 47 tjänsteåldern
1694 1270 128 36 blifvit

221 1334 199 46 uppnådd;
459 1332 173 35 börande
671 1331 202 46 löntagare
907 1328 137 37 därvid
1076 1325 310 49 tillgodoräknas
1419 1325 74 34 den
1520 1323 69 45 tid,
1627 1334 82 24 som
1740 1321 82 36 före

222 1385 73 35 den
336 1397 75 34 nya
454 1383 337 46 aflöningsstatens
827 1380 191 36 trädande
1051 1380 13 34 i
1098 1378 106 35 kraft
1244 1376 167 36 förflutit
1447 1375 88 36 från
1562 1375 66 35 det
1655 1374 78 35 han
1761 1373 62 36 till

221 1436 172 47 tjänsten
433 1435 229 36 utnämndes
705 1433 103 45 eller,
842 1433 13 34 i
886 1432 97 46 följd
1025 1431 41 35 af
1102 1430 136 46 frågan
1280 1440 62 24 om
1369 1427 196 46 reglering
1592 1425 38 36 af
1656 1424 167 36 löneför-

221 1488 234 36 hållandena
497 1499 49 23 m.
576 1498 48 24 m.
658 1486 66 35 vid
766 1485 257 46 skogsstaten,
1067 1483 94 35 därå
1195 1480 123 36 erhöll
1356 1479 163 36 allenast
1546 1477 276 44 förordnande;

353 1542 59 34 att
445 1539 125 47 ifråga
604 1550 62 24 om
694 1540 83 33 rätt
805 1537 62 35 till
894 1534 317 47 löneförhöjning
1240 1532 42 36 af
1307 1531 255 37 omförmälda
1590 1530 82 46 slag
1701 1529 123 35 öfver-

219 1592 237 47 jägmästare
480 1590 147 47 jämväl
654 1592 64 33 må
745 1589 124 36 räkna
897 1588 58 47 sig
984 1587 62 36 till
1074 1586 100 47 godo
1203 1586 73 35 den
1296 1585 70 44 tid,
1387 1583 220 36 hvarunder
1626 1582 79 35 han
1723 1576 102 55 varit

224 1644 175 36 direktör
441 1643 64 35 vid
543 1641 327 48 skogsinstitutet,
910 1642 101 34 samt
1043 1639 236 47 jägmästare
1317 1637 73 35 den
1426 1635 71 45 tid,
1535 1634 77 36 han
1648 1631 177 37 innehaft

223 1696 220 46 befattning
476 1697 123 33 såsom
632 1693 177 36 direktör
837 1692 93 36 eller
957 1691 131 36 lektor
1113 1689 65 36 vid
1206 1687 327 48 skogsinstitutet,
1561 1685 263 36 föreståndare

225 1748 91 36 eller
348 1747 248 36 underlärare
625 1746 64 35 vid
718 1747 147 34 statens
893 1742 239 48 skogsskola,
1160 1741 196 36 äfvensom
1383 1738 258 47 kronojägare
1661 1737 75 35 den
1754 1736 70 45 tid,

224 1800 77 35 han
342 1799 103 36 varit
482 1798 265 47 skogsrättare
783 1797 66 35 vid
885 1799 147 33 statens
1070 1793 235 47 skogsskola,
1341 1803 89 24 vare
1464 1791 58 46 sig
1554 1788 271 47 befattningen

224 1851 196 36 innehafts
452 1853 50 44 på
534 1850 127 47 grund
694 1849 41 35 af
763 1848 195 45 fullmakt,
991 1845 298 37 konstitutorial
1321 1844 105 45 eller,
1460 1843 13 35 i
1501 1842 95 46 följd
1624 1841 42 35 af
1689 1840 137 47 frågan

226 1916 62 24 om
320 1903 195 46 reglering
549 1902 41 35 af
618 1900 385 37 löneförhållandena
1036 1910 48 24 m.
1119 1910 49 23 m.
1202 1897 65 35 vid
1300 1897 47 34 de
1381 1895 195 36 allmänna
1609 1892 217 47 skogsläro-

226 1956 153 45 verken,
410 1955 137 36 endast
574 1956 51 45 på
651 1953 276 44 förordnande;
1536 1950 3 3 |

352 2010 61 33 att
449 2006 237 47 jägmästare
725 2004 112 37 äfven
879 2006 64 33 må
984 2003 59 35 för
1075 2000 355 48 tillgodonjutande
1464 1998 41 36 af
1532 1996 295 48 ifrågavarande

226 2058 313 47 löneförhöjning
580 2058 124 35 räkna
746 2057 58 47 sig
844 2056 62 36 till
945 2055 103 47 godo
1081 2054 72 35 den
1184 2053 71 45 tid,
1287 2051 222 37 hvarunder
1540 2049 78 36 han
1651 2046 176 38 innehaft

227 2112 220 46 befattning
480 2113 124 33 såsom
636 2112 148 33 statens
817 2106 308 48 skogsingenjör,
1163 2108 98 33 samt
1296 2105 74 35 den
1404 2103 69 45 tid,
1503 2101 221 36 hvarunder
1750 2099 78 36 han

227 2164 103 36 varit
370 2162 192 37 ordinarie
598 2161 236 47 tjänsteman
870 2160 14 35 i
916 2159 122 36 första
1070 2157 233 47 lönegraden
1338 2156 70 35 hos
1441 2152 339 48 domänstyrelsen,
1814 2151 15 35 i

229 2216 234 36 sistberörda
503 2214 195 36 hänsende
739 2213 101 36 dock
881 2211 124 36 under
1050 2210 46 35 de
1133 2210 143 35 villkor
1307 2208 13 35 i
1354 2206 130 47 öfrigt,
1520 2218 81 23 som
1632 2204 105 48 gälla
1769 2202 60 37 för

230 2268 227 45 åtnjutande
488 2266 42 36 af
552 2265 220 38 fastställda
801 2262 385 48 aflöningsförmåner
1212 2261 60 36 för
1300 2259 169 37 nämnda
1498 2253 172 55 styrelse;
