2192 2624
435 149 60 31 188
890 154 250 34 Statsutskottets
1171 159 170 33 Utlåtande
1363 163 63 30 N:o
1451 165 50 29 10.

389 230 139 46 njutas,
559 243 108 33 synes
696 236 56 33 ett
782 234 224 45 stadgande,
1037 247 81 24 som
1147 241 151 43 öppnar
1325 240 204 48 möjlighet
1558 244 140 45 härför,
1720 247 96 36 böra
1837 250 151 47 intagas

388 281 119 36 bland
534 282 294 47 ifrågavarande
857 285 143 36 villkor
1029 287 72 35 och
1129 289 298 39 bestämmelser.

517 334 135 47 Någon
693 336 243 47 lagbestämd
974 341 81 33 rätt
1083 340 61 35 till
1172 345 180 33 semester
1379 343 71 36 har
1473 345 70 47 jag
1571 347 13 34 i
1611 347 125 37 likhet
1763 351 89 35 med
1879 353 108 36 kom-

388 386 139 36 mittén
560 390 127 33 ansett
719 388 86 35 icke
838 389 95 35 böra
952 390 254 38 tillerkännas
1225 394 400 48 befattningshafvare
1645 400 63 35 vid
1728 400 257 48 skogsstaten.

517 439 234 46 Ytterligare
779 440 112 36 torde
920 441 69 36 här
1016 443 96 35 böra
1140 445 156 46 erinras,
1332 449 60 33 att
1418 448 62 35 till
1507 449 98 47 följd
1634 451 41 35 af
1705 453 197 37 nästlidna
1925 458 59 34 års

387 490 189 46 Riksdags
610 491 138 46 beslut,
778 492 184 36 särskildt
989 494 12 34 i
1029 494 112 48 fråga
1170 509 61 23 om
1260 498 296 48 statskontoret,
1588 503 96 35 vissa
1711 504 275 50 förändringar

387 542 13 34 i
429 542 102 36 hvad
558 542 237 37 kommittén
825 544 200 48 föreslagit
1053 559 112 34 synas
1192 549 97 35 böra
1315 550 178 47 vidtagas
1520 553 62 35 för
1600 555 193 36 vinnande
1810 557 43 35 af
1865 558 121 36 öfver-

386 595 284 36 ensstämmelse
698 597 86 35 med
805 596 102 36 hvad
936 609 80 24 som
1044 599 129 37 blifvit
1201 601 195 37 bestämdt
1423 603 60 36 för
1511 606 295 38 statskontoret.

513 648 75 46 Jag
615 647 223 37 hemställer
866 649 123 46 alltså,
1019 653 61 33 att
1106 651 61 36 för
1194 653 229 46 åtnjutande
1453 656 42 35 af
1519 657 46 35 de
1596 658 40 35 af
1659 659 80 47 mig
1766 660 218 49 föreslagna

385 709 74 33 nya
488 698 436 47 aflöningsförmånerna
950 704 122 33 måtte
1092 703 233 38 bestämmas
1351 706 168 47 följande
1540 709 193 37 allmänna
1753 712 145 37 villkor
1914 716 71 34 och

384 749 297 46 bestämmelser,
711 751 213 46 nämligen:

514 803 60 33 att
602 801 250 38 innehafvare
882 804 41 35 af
948 806 192 36 ordinarie
1168 808 222 48 befattning
1416 812 65 34 vid
1508 812 245 48 skogsstaten
1773 816 101 35 skall
1893 829 91 24 vara

384 852 260 37 underkastad
670 855 104 35 såväl
803 856 73 34 den
904 857 284 38 vidsträcktare
1216 860 504 51 tjänstgöringsskyldighet
1749 867 95 36 eller
1859 868 125 47 jämk-

383 903 125 47 ning
495 899 20 64 i
538 905 231 47 åligganden
798 919 82 23 som
909 909 72 36 ock
1010 910 73 35 den
1112 912 193 47 reglering
1334 914 41 34 af
1398 914 451 51 tjänstgöringsområde,
1872 922 112 34 som
1961 910 27 59 i

382 955 211 37 allmänhet
621 957 78 36 kan
727 960 119 34 varda
875 961 173 46 stadgad,
1079 975 89 23 vare
1201 964 57 46 sig
1285 965 66 35 vid
1380 978 45 23 en
1453 968 184 47 möjligen
1656 970 232 37 inträdande
1908 973 75 35 för-

382 1008 147 35 ändrad
558 1010 265 46 organisation
838 1011 43 35 af
904 1013 244 46 skogsstaten
1176 1016 92 35 eller
1296 1018 190 36 särskilda
1501 1020 107 35 delar
1623 1022 113 35 däraf
1747 1023 95 34 eller
1858 1023 124 46 eljest;

381 1062 99 33 samt
508 1060 12 35 i
549 1061 137 36 sådant
727 1060 216 39 hänseende
985 1065 183 37 särskildt
1200 1080 92 23 vara
1321 1069 156 47 pliktig,
1508 1074 61 33 att
1596 1074 87 34 med
1710 1074 272 37 bibehållande

381 1110 42 35 af
447 1112 72 35 den
548 1112 244 49 tjänstegrad
821 1116 73 34 och
922 1116 73 35 den
1024 1117 170 48 aflöning
1222 1119 78 35 han
1329 1121 172 46 innehar,
1532 1125 331 47 respenningarna
1883 1128 99 35 dock

375 1162 185 47 jämkade
602 1165 97 35 efter
731 1165 305 48 förhållandena,
1066 1169 168 47 fullgöra
1263 1172 45 35 de
1337 1185 75 33 nya
1441 1174 92 35 eller
1560 1175 231 38 förändrade
1821 1174 161 55 tjänste-

379 1216 187 45 göromål,
597 1228 81 24 som
707 1216 97 36 efter
824 1230 47 23 en
891 1220 107 45 dylik
1019 1223 331 44 omorganisation
1371 1224 132 36 kunna
1522 1228 120 34 varda
1661 1228 144 37 honom
1826 1230 154 47 ålagda;

509 1270 60 32 att
609 1269 87 35 med
738 1270 194 36 ordinarie
973 1272 221 49 befattning
1236 1275 64 35 vid
1342 1276 245 47 skogsstaten
1622 1279 84 36 icke
1738 1284 65 32 må
1831 1282 150 36 förenas

382 1329 126 24 annan
550 1319 122 45 tjänst
714 1324 21 32 å
764 1321 133 47 rikets,
933 1324 228 47 riksdagens
1189 1326 94 36 eller
1310 1328 205 36 kommuns
1544 1333 91 39 stat,
1664 1333 87 34 med
1779 1334 203 47 undantag

380 1369 42 35 af
457 1370 369 50 tjänstebefattning
861 1375 64 35 vid
953 1375 236 48 skogsskola,
1221 1379 70 34 där
1318 1381 118 34 sådan
1464 1381 221 48 befattning
1713 1390 42 29 är
1785 1385 74 35 och
1886 1386 94 36 fort-

379 1421 158 36 farande
567 1436 107 23 anses
702 1425 96 35 böra
826 1438 93 23 vara
947 1428 87 34 med
1062 1428 122 46 tjänst
1211 1431 65 34 vid
1305 1431 246 47 skogsstaten
1578 1434 176 46 förenad;

506 1477 63 33 att
596 1476 86 35 med
712 1477 193 36 ordinarie
935 1479 222 48 befattning
1185 1482 63 34 vid
1278 1483 245 47 skogsstaten
1552 1485 32 45 ej
1606 1486 120 36 heller
1745 1491 64 32 må
1829 1489 151 36 förenas

378 1536 89 24 vare
509 1527 59 45 sig
609 1528 179 48 uppdrag
830 1533 124 32 såsom
988 1532 231 36 ordförande
1252 1534 93 35 eller
1373 1535 168 36 ledamot
1570 1537 13 34 i
1612 1539 156 44 styrelse
1797 1539 61 36 för
1885 1541 94 35 verk

378 1576 92 35 eller
509 1578 128 47 bolag,
681 1591 80 24 som
804 1586 43 30 är
888 1583 86 34 med
1014 1583 140 47 Kungl.
1196 1584 129 47 Maj:ts
1367 1587 127 46 oktroj
1537 1588 145 37 försedt
1723 1591 94 35 eller
1849 1592 129 36 blifvit

378 1631 123 32 såsom
521 1629 224 49 aktiebolag
763 1633 266 46 registreradt,
1051 1635 92 36 eller
1162 1636 222 48 befattning
1403 1641 123 33 såsom
1546 1640 233 47 tjänsteman
1799 1644 13 34 i
1841 1645 137 35 sådant

376 1680 95 35 verk
506 1681 92 35 eller
629 1683 117 46 bolag
774 1684 94 35 eller
896 1698 128 23 annan
1052 1686 367 51 tjänstebefattning
1447 1691 42 34 af
1512 1691 103 36 hvad
1643 1693 82 47 slag
1752 1707 83 23 som
1864 1696 113 45 helst,

377 1734 40 33 så
444 1731 119 37 framt
591 1733 32 46 ej
655 1734 339 49 domänstyrelsen,
1030 1742 104 43 uppå
1162 1740 134 36 därom
1325 1742 112 46 gjord
1464 1743 285 49 framställning
1778 1747 74 35 och
1881 1747 97 36 efter

376 1783 193 47 pröfning,
601 1788 59 33 att
688 1786 294 48 ifrågavarande
1011 1791 178 47 uppdrag
1217 1792 92 35 eller
1337 1793 366 50 tjänstebefattning
1731 1797 32 47 ej
1785 1801 64 33 må
1870 1811 106 24 anses

376 1836 162 35 inverka
567 1836 212 49 hinderligt
806 1839 62 36 för
895 1840 311 49 tjänstgöringen
1234 1845 66 34 vid
1328 1845 255 48 skogsstaten,
1613 1848 122 36 finner
1754 1851 222 47 uppdraget

377 1886 92 36 eller
496 1887 270 49 befattningen
796 1891 133 36 kunna
957 1893 38 34 få
1023 1894 80 35 tills
1131 1895 131 35 vidare
1291 1899 194 45 mottagas
1515 1899 73 35 och
1615 1896 231 57 bibehållas;

505 1943 59 32 att
606 1941 338 47 öfverjägmästare
988 1945 156 36 alldeles
1184 1947 86 35 icke
1313 1949 71 35 och
1427 1949 236 47 jägmästare
1701 1953 137 36 endast
1871 1955 104 34 inom

376 1991 47 34 de
449 1996 169 41 gränser,
649 1993 325 47 domänstyrelsen
1007 1997 241 47 bestämmer,
1280 2005 92 41 äger
1400 2004 116 44 åtaga
1545 2003 57 46 sig
1630 2004 345 47 skogsförrättnin-

374 2053 70 34 gar
473 2045 40 32 åt
542 2043 192 46 enskilda;

504 2097 60 33 att
605 2095 299 49 tjänstgörings-
947 2100 71 35 och
1051 2103 278 46 respenningar
1361 2103 39 36 få
1427 2106 195 46 uppbäras
1651 2108 135 35 endast
1814 2108 60 35 för
1902 2110 72 34 den

374 2145 70 45 tid,
472 2146 240 49 befattnings
739 2149 249 37 innehafvare
1016 2153 201 47 verkligen
1244 2154 239 49 tjänstgjort,
1513 2170 88 23 men
1629 2158 59 36 för
1712 2160 74 35 den
1806 2160 71 45 tid,
1897 2160 76 36 han

374 2197 102 36 varit
503 2198 86 35 från
618 2199 263 49 tjänstgöring
908 2203 160 46 befriad,
1100 2205 107 36 skola
1236 2209 95 44 utgå
1359 2208 61 35 till
1450 2209 82 45 den,
1564 2222 80 24 som
1673 2211 218 46 uppehållit
1913 2213 60 35 be-

374 2248 236 48 fattningen;
