1884 2820
278 138 38 30 16
485 141 103 27 Första
613 141 184 27 kammarens
820 143 119 24 andra
962 141 154 33 tillfälliga
1140 141 122 27 utskotts
1285 140 153 28 utldtande
1461 141 44 27 Nr
1529 143 48 26 10.

321 215 53 31 En
397 214 186 38 jämförelse
607 214 117 32 mellan
749 214 94 33 dessa
867 214 242 39 prisuppgifter
1132 214 57 32 och
1215 215 37 31 de
1277 227 84 20 ovan
1386 215 138 33 anförda
1548 215 223 39 diagrammen

274 263 78 28 över
374 258 301 39 prisnoteringarna
697 259 51 31 för
770 258 197 39 partiprisen
990 260 21 31 å
1032 259 280 32 nötkreaturskött
1335 271 97 26 synes
1454 259 79 38 giva
1554 259 56 32 vid
1632 259 138 38 handen,

275 307 51 29 att
353 303 210 38 detaljprisen
592 304 20 31 å
640 303 70 33 kött
738 303 194 38 visserligen
958 303 72 33 icke
1059 303 83 38 följa
1171 315 87 20 mera
1286 303 177 38 tillfälliga
1492 304 238 32 fluktuationer
1759 305 11 31 i

277 347 196 38 partiprisen
494 359 72 20 men
586 347 175 38 påverkats
780 360 41 19 av
841 348 107 32 dessas
966 347 140 33 allmänt
1125 347 180 38 sjunkande
1324 347 144 32 tendens.
1487 347 61 32 Ett
1567 348 83 32 visst
1667 348 104 32 berät-

276 391 134 38 tigande
431 392 12 31 i
463 392 190 37 påståendet
674 395 48 29 att
743 392 245 38 sänkningarna
1007 392 12 31 i
1039 391 182 39 köttprisen
1241 391 72 33 icke
1334 392 70 33 helt
1423 392 136 33 kommit
1579 392 191 32 konsumen-

276 438 93 29 terna
388 435 53 33 till
461 436 51 32 del
532 447 96 27 synes
648 436 81 32 dock
749 436 163 38 föreligga
930 435 119 39 däruti,
1072 439 49 30 att
1139 448 50 20 om
1208 436 98 32 också
1324 436 211 38 detaljprisen
1554 436 127 38 sjunkit
1699 437 72 31 med

277 480 12 30 1
309 480 53 32 det
380 484 162 28 närmaste
559 492 125 20 samma
699 481 91 31 antal
810 485 52 28 öre
879 492 55 26 per
952 480 56 38 kg.
1027 492 68 20 som
1114 480 207 38 partiprisen,
1341 481 38 32 de
1399 480 88 33 förra
1507 480 80 32 dock
1605 482 43 37 på
1664 481 107 38 grund

275 536 43 19 av
337 524 56 33 sitt
411 524 99 38 högre
529 524 143 39 prisläge
691 524 128 38 sjunkit
838 524 131 33 relativt
987 529 152 28 avsevärt
1156 524 125 33 mindre
1301 529 42 27 än
1363 525 38 32 de
1421 536 120 22 senare.

323 569 54 31 Av
396 569 64 32 vad
478 568 60 32 här
558 569 125 32 anförts
703 569 166 38 angående
886 569 214 38 partiprisens
1119 569 158 32 inverkan
1296 570 44 37 på
1359 569 210 38 detaljprisen
1587 569 89 33 torde
1696 581 75 20 man

276 612 114 33 kunna
413 613 101 38 draga
536 613 61 32 den
618 613 175 32 slutsatsen
814 616 57 29 att.
895 613 106 32 därest
1021 625 117 27 genom
1159 625 37 20 en
1218 613 222 39 begränsning
1460 626 41 20 av
1524 614 159 38 importen
1704 614 67 32 viss

278 657 223 39 stabilisering
521 670 43 20 av
586 657 196 39 partiprisen
806 657 105 33 skulle
934 657 113 33 kunna
1069 658 251 37 åstadkommas,
1345 658 90 32 detta
1456 658 12 31 i
1492 658 132 32 relativt
1647 658 124 33 mindre

276 702 82 37 grad
378 701 90 33 torde
490 701 36 32 få
545 713 39 21 en
605 701 193 33 återverkan
818 703 43 37 på
883 702 220 38 detaljprisen.

323 745 73 33 Med
417 745 130 39 hänsyn
569 746 53 32 till
643 750 51 28 att
715 745 134 39 Sverige
871 758 41 20 av
932 746 161 38 gammalt
1113 758 66 20 mer
1200 751 41 27 än
1262 746 55 32 väl
1338 758 115 26 genom
1474 758 79 27 egen
1574 746 197 38 produktion

275 790 93 33 täckt
388 790 58 32 sitt
467 790 102 32 behov
590 802 41 21 av
651 790 72 33 kött
743 790 68 39 och,
834 791 107 33 därest
960 790 239 39 produktionen
1219 791 67 32 kan
1307 791 109 32 ostörd
1437 791 35 32 få
1494 791 118 39 fortgå,
1635 791 35 32 så
1690 791 79 38 jäm-

277 833 55 32 väl
356 834 50 31 för
430 834 176 32 framtiden
629 834 89 33 torde
740 846 82 20 vara
844 835 102 38 fallet,
970 846 99 27 synes
1093 835 54 32 det
1169 834 246 32 ämbetsverken
1438 847 39 20 ur
1502 836 91 31 såväl
1616 835 155 32 nationell

274 890 71 20 som
372 878 364 38 Jordbruksekonomisk
764 879 171 38 synpunkt
962 879 103 32 under
1092 891 82 20 ovan
1203 879 179 32 relaterade
1412 879 226 33 förhållanden
1667 879 102 39 givet-

276 922 51 33 vis
350 935 80 20 vara
451 923 165 37 önskvärt,
639 926 49 29 att
711 935 39 20 en
774 923 189 40 minskning
985 936 41 20 av
1047 923 242 38 köttimporten,
1314 923 83 32 evad
1422 923 59 32 den
1505 924 73 32 sker
1601 924 11 31 i
1636 924 135 32 levande

278 967 82 32 eller
377 967 131 33 slaktad
530 968 94 37 form,
644 967 108 33 kunde
773 967 67 33 ske.

320 1011 17 32 I
365 1012 224 38 föreliggande
616 1011 248 40 framställning
889 1017 90 33 göres
1006 1012 162 38 gällande,
1197 1016 48 30 att
1272 1012 116 32 >faran
1415 1012 50 31 för
1491 1012 212 33 överförande
1729 1025 42 20 av

278 1056 236 32 smittosamma
535 1056 342 38 kreaturssjukdomar
897 1057 94 38 tycks
1013 1056 67 32 inte
1102 1056 133 32 beaktas
1257 1056 56 32 vid
1336 1056 152 39 påtalade
1509 1056 151 38 import».

321 1100 19 31 I
365 1101 53 32 det
443 1101 171 33 avseendet
637 1101 53 31 må
714 1100 208 33 beträffande
946 1100 159 32 införseln
1131 1113 40 20 av
1195 1101 166 38 slaktdjur
1386 1101 142 37 anföras,
1555 1104 49 29 att
1627 1100 144 33 Finland

277 1145 134 37 Jämlikt
431 1145 297 39 kommerskollegii
751 1145 194 38 kungörelse
969 1145 61 32 den
1053 1146 42 30 24
1119 1145 65 38 maj
1210 1146 82 31 1927
1318 1145 165 39 angående
1506 1145 38 32 de
1569 1145 203 33 främmande

277 1189 114 32 länder
411 1189 58 32 och
491 1189 194 38 landsdelar,
709 1200 67 21 som
796 1189 95 33 skola
910 1201 92 20 anses
1024 1189 152 33 smittade
1199 1201 40 20 av
1260 1189 356 38 husdjurssjukdomar,
1640 1194 36 27 är
1697 1190 75 32 fritt

279 1233 75 32 från
376 1234 68 32 alla
464 1246 89 20 mera
573 1234 187 32 svårartade
782 1234 125 32 sådana
928 1233 189 38 sjukdomar
1140 1234 98 32 bland
1260 1234 192 32 nötkreatur
1472 1234 59 32 och
1554 1233 82 39 svin,
1660 1234 112 32 varför

278 1278 107 38 någon
408 1277 177 40 anledning
607 1282 50 28 att
682 1278 155 37 förbjuda
858 1278 78 32 eller
957 1278 133 32 hämma
1112 1278 157 32 införseln
1295 1278 76 32 från
1395 1279 88 32 detta
1505 1278 77 32 land
1606 1291 41 19 av
1671 1278 99 32 slakt-

276 1322 78 37 djur
375 1322 58 32 och
454 1322 71 33 kött
546 1334 42 20 av
609 1322 359 38 veterinärhygieniska
990 1322 73 32 skäl
1085 1342 44 3 —
1150 1322 90 32 vilka
1262 1323 12 31 i
1296 1322 90 32 detta
1407 1322 156 32 avseende
1584 1323 89 32 torde
1694 1323 79 32 böra

277 1377 81 21 vara
385 1366 38 32 de
449 1367 83 32 enda
557 1366 270 39 utslagsgivande
852 1386 44 4 —
922 1366 102 39 enligt
1053 1366 261 33 ämbetsverkens
1343 1367 208 32 förmenande
1577 1367 71 32 icke
1675 1379 96 26 synes

279 1410 172 38 föreligga.
475 1410 192 33 Emellertid
692 1411 182 32 förefinnas
895 1411 35 37 ju
952 1415 81 28 även
1056 1411 52 31 för
1130 1411 85 37 land,
1239 1422 68 21 som
1331 1415 37 27 är
1390 1411 74 32 fritt
1487 1411 74 31 från
1584 1411 189 38 sjukdomar

277 1466 42 21 av
340 1455 105 38 sagda
466 1455 80 38 slag,
570 1455 97 32 redan
689 1467 44 20 nu
754 1455 90 33 vissa
864 1455 189 32 restriktiva
1075 1455 214 38 föreskrifter,
1313 1455 12 32 i
1348 1454 105 34 vilket
1473 1455 155 33 avseende
1650 1456 120 32 beträf-

280 1499 97 32 fande
400 1499 136 33 införsel
559 1512 41 20 av
624 1500 135 32 levande
783 1499 75 38 djur
880 1500 58 31 här
961 1499 91 33 torde
1075 1500 79 32 böra
1177 1499 133 33 särskilt
1334 1499 194 33 framhållas
1553 1500 144 38 följande
1720 1500 50 32 be-

280 1544 209 38 stämmelser,
513 1544 164 38 nämligen
699 1544 128 38 Kungl.
847 1544 215 38 kungörelsen
1082 1544 62 32 den
1167 1545 39 30 14
1227 1544 65 38 maj
1316 1545 84 31 1920
1426 1544 55 40 (nr
1502 1544 80 40 191)
1607 1544 166 39 angående

277 1587 91 33 vissa
389 1588 241 32 bestämmelser
652 1589 135 31 rörande
809 1588 135 32 införsel
966 1588 53 32 till
1042 1588 86 32 riket
1150 1600 40 20 av
1212 1588 179 32 idisslande
1415 1588 73 38 djur
1512 1588 57 33 och
1593 1589 72 32 svin
1687 1592 86 29 samt

281 1633 40 31 10
342 1632 18 39 8
380 1645 42 20 av
442 1632 126 39 Kungl.
587 1633 216 38 kungörelsen
823 1633 61 32 den
903 1634 17 31 9
941 1633 166 32 december
1128 1633 82 32 1898
1236 1632 57 40 (nr
1313 1632 81 40 127)
1419 1633 165 38 angående
1604 1633 63 32 vad
1688 1633 83 32 iakt-

278 1680 94 34 tagas
401 1677 58 32 bör
484 1677 53 32 till
568 1677 263 33 förekommande
859 1690 41 19 av
929 1677 217 33 smittsamma
1172 1677 362 38 husdjurssjukdomars
1561 1677 171 33 införande
1760 1678 12 30 i

279 1720 94 39 riket,
393 1721 104 38 enligt
514 1721 105 33 vilket
638 1722 203 33 sistnämnda
861 1721 290 39 författningsrum
1170 1721 270 33 karantänstiden
1461 1722 50 31 för
1531 1722 74 31 från
1624 1722 149 32 utlandet

279 1765 132 33 införda
432 1766 75 31 svin
528 1785 44 4 —
595 1766 71 32 med
688 1766 170 38 undantag
881 1766 79 32 dock
984 1766 52 31 för
1059 1766 142 32 Finland
1223 1785 45 4 —
1291 1770 37 27 är
1350 1766 146 32 bestämd
1518 1766 53 32 till
1597 1767 39 31 60
1661 1766 110 38 dagar,

279 1821 76 21 vare
382 1810 51 38 sig
457 1810 53 32 det
535 1811 78 31 land
639 1810 78 32 eller
741 1811 61 31 den
829 1810 155 38 landsdel,
1012 1810 150 32 varifrån
1189 1810 107 38 djuret
1322 1810 199 38 anskaffats,
1549 1815 35 27 är
1611 1811 162 32 förklarat

279 1853 128 33 smittat
427 1866 40 20 av
488 1854 150 38 sjukdom
657 1855 100 32 bland
776 1854 206 33 svinkreatur
1000 1855 80 31 eller
1100 1854 39 38 ej.
1159 1854 47 32 På
1225 1855 106 38 grund
1350 1867 43 20 av
1413 1855 59 32 den
1493 1855 205 32 föreskrivna
1715 1855 56 32 ka-

280 1898 240 33 rantänstidens
548 1899 100 38 längd
675 1899 118 32 verkar
820 1899 104 32 denna
950 1899 224 32 bestämmelse
1202 1900 35 31 så
1265 1902 72 35 gott
1364 1911 68 21 som
1457 1899 240 38 importförbud
1725 1900 46 31 åt-

280 1942 159 34 minstone
460 1943 207 32 beträffande
686 1944 53 31 till
760 1943 89 33 slakt
868 1944 140 32 avsedda
1027 1943 216 32 svinkreatur.

324 1986 118 40 Enligt
466 1987 296 39 kommerskollegii
788 1988 227 32 ovannämnda
1040 1987 193 39 kungörelse
1261 1992 36 27 är
1324 1992 81 28 även
1430 1988 139 32 Estland
1596 1988 74 33 fritt
1698 1988 73 32 från

281 2032 130 32 svårare
435 2032 216 32 smittsamma
670 2032 346 38 husdjurssjukdomar
1038 2032 99 32 bland
1160 2032 189 32 nötkreatur
1371 2032 58 32 och
1451 2032 81 38 svin,
1556 2033 72 32 med
1650 2033 122 32 undan-

279 2079 58 36 tag
354 2076 80 32 dock
454 2088 40 20 av
511 2076 155 39 svinpest.
685 2076 192 33 Emellertid
897 2076 177 33 förefinnes
1093 2076 104 38 enligt
1212 2076 64 32 vad
1296 2088 79 26 nyss
1395 2080 87 34 sagts
1501 2077 166 38 praktiskt
1683 2081 90 34 taget

280 2120 97 38 ingen
405 2120 170 39 möjlighet
601 2125 48 28 att
675 2121 176 38 importera
877 2121 159 32 slaktsvin
1064 2121 74 32 från
1166 2121 87 31 detta
1280 2121 88 37 land,
1396 2121 57 33 och
1480 2121 62 32 vad
1569 2121 135 32 införsel
1731 2134 41 20 av

282 2165 88 31 fläsk
394 2166 110 38 angår,
530 2166 32 31 så
587 2170 36 27 är
646 2165 52 33 det
720 2165 134 38 jämlikt
877 2165 171 32 föreskrift
1069 2166 11 31 i
1105 2166 38 30 21
1169 2164 17 39 8
1210 2177 40 20 av
1273 2166 103 37 sagda
1399 2166 83 31 1898
1506 2166 51 31 års
1580 2166 192 37 kungörelse

282 2209 165 38 förbjudet
470 2214 48 28 att
541 2210 74 31 från
638 2222 40 20 av
702 2210 146 38 svinpest
871 2210 123 32 smittat
1017 2210 76 32 land
1116 2210 108 32 införa
1248 2209 84 33 döda
1355 2209 71 32 svin
1451 2210 77 32 eller
1550 2210 90 32 delar
1662 2210 109 37 därav,

285 2255 70 31 med
376 2255 169 38 undantag
565 2267 39 20 av
624 2255 86 37 ister,
730 2255 55 31 väl
806 2255 99 32 saltat
926 2254 97 33 fläsk,
1045 2253 266 38 fabriksmässigt
1332 2254 179 38 rengjorda,
1533 2254 158 38 skrapade
1711 2254 58 32 och

281 2298 124 33 saltade
429 2303 122 28 tarmar
573 2304 84 27 samt
679 2299 229 32 fabriksrenad
930 2299 97 31 borst.

326 2343 216 33 Beträffande
563 2343 135 33 införsel
719 2356 40 20 av
782 2344 108 32 färskt
909 2343 71 32 kött
1000 2355 41 20 av
1062 2343 197 36 nötkreatur,
1285 2343 61 37 får,
1369 2346 63 35 get.
1454 2343 70 32 svin
1547 2342 77 33 eller
1644 2343 74 33 häst
1738 2348 36 27 är

282 2388 132 37 jämlikt
433 2388 283 32 bestämmelserna
733 2389 12 30 i
766 2388 126 38 Kungl.
913 2387 230 39 förordningen
1163 2387 58 32 den
1242 2388 41 30 30
1305 2387 178 38 september
1505 2387 82 31 1921
1613 2387 56 40 (nr
1689 2388 79 39 581)

282 2433 165 37 angående
471 2433 141 31 kontroll
638 2433 56 31 vid
717 2432 136 32 införsel
878 2432 52 32 till
955 2432 85 32 riket
1064 2444 41 20 av
1129 2432 167 32 köttvaror
1322 2431 59 32 och
1407 2431 137 38 djurfett
1569 2431 202 39 föreskrivet,

282 2477 98 32 bland
400 2481 108 28 annat.
529 2477 68 32 dels
615 2481 48 28 att
681 2478 18 31 å
718 2477 115 32 sådant
851 2477 79 31 kött.
980 2489 37 18 som
1035 2477 200 37 importeras,
1257 2476 93 32 skola
1369 2476 108 32 finnas
1496 2476 165 38 stämplar,
1682 2477 91 32 vilka
