1884 2796
527 175 288 30 Statsutskottets
837 174 178 30 utlåtande
1035 183 44 20 nr
1101 173 71 30 171.
1583 171 15 29 1

753 438 65 41 Nr
852 439 95 40 171.

300 558 184 30 Utlåtande
505 558 12 29 i
536 557 190 40 anledning
745 567 43 20 av
807 557 127 39 Kungl.
954 557 126 39 Maj:ts
1099 556 217 40 proposition
1337 554 178 40 angående
1536 562 61 21 an-

497 620 76 40 slag
595 620 57 40 för
677 620 204 39 budgetåret
907 619 142 36 1949/50
1075 619 53 29 till
1150 618 201 40 främjande
1374 627 43 20 av
1440 616 157 31 bostads-

496 682 265 40 försörjningen
783 691 45 21 m.
851 691 45 20 m.
917 682 110 39 jämte
1049 682 11 29 i
1081 682 118 29 ämnet
1223 680 123 30 väckta
1369 679 182 30 motioner.

1358 742 73 34 (3:e
1452 742 94 33 avd.)

144 853 14 29 I
183 853 262 39 propositionen
470 862 41 19 nr
540 853 14 28 1
582 852 64 29 har
670 852 125 39 Kungl.
821 851 106 39 Maj:t
952 851 113 29 under
1091 851 106 29 femte
1222 849 232 34 huvudtiteln,
1481 848 115 41 punk-

98 908 101 28 terna
219 906 140 33 54—61,
382 908 89 27 samt
490 906 112 29 under
622 905 319 40 kapitalbudgeten,
962 905 115 39 bilaga
1099 905 50 33 26,
1171 904 200 40 punkterna
1391 903 93 33 1—3,
1505 902 91 30 före-

99 960 102 39 slagit
222 960 188 39 riksdagen
430 961 59 32 att,
509 960 11 28 i
542 960 150 29 avbidan
712 959 44 39 på
779 959 151 29 särskild
951 958 219 40 proposition
1190 958 11 29 i
1223 959 128 32 ämnet,
1375 956 54 30 för
1451 956 145 39 budget-

97 1014 76 29 året
197 1013 140 37 1949/50
358 1013 155 30 beräkna
534 1013 158 39 följande
714 1012 137 39 anslag:

677 1119 39 29 A.
739 1118 275 35 Driftbudgeten.

97 1191 336 40 Bostadsstyrelsen:
461 1191 223 39 Avlöningar,
714 1190 275 39 förslagsanslag
1419 1189 18 29 2
1452 1188 62 30 300
1530 1187 63 30 000

96 1245 337 40 Bostadsstyrelsen:
461 1244 269 34 Omkostnader,
760 1243 275 40 förslagsanslag
1360 1268 2 2 .
1451 1241 63 30 300
1530 1240 63 31 000

96 1298 474 30 Länsbostadsnämnderna:
599 1298 222 38 Avlöningar,
850 1296 275 40 förslagsanslag
1421 1294 93 30 1400
1530 1294 63 30 000

96 1352 474 30 Länsbostadsnämnderna:
598 1351 270 33 Omkostnader,
896 1350 274 39 förslagsanslag
1338 1376 24 2 -
1451 1348 63 30 335
1530 1348 62 30 000

97 1405 442 40 Kapitalmedelsförluster
559 1405 66 29 och
644 1404 296 39 ränteeftergifter
961 1404 20 29 å
1001 1403 184 30 tertiärlån
1203 1403 55 29 för
1279 1403 93 29 vissa

141 1458 470 40 bostadsbyggnadsföretag,
634 1457 275 39 förslagsanslag
960 1482 2 2 ..
1450 1455 64 29 400
1529 1454 63 30 000

96 1512 269 41 Hyresrabatter
382 1512 55 29 för
454 1512 136 29 mindre
607 1511 212 33 bemedlade,
838 1510 167 30 barnrika
1022 1510 166 39 familjer,
1206 1509 55 30 för
1266 1482 106 66 Se

141 1566 119 39 anslag
1395 1562 38 29 21
1450 1561 63 30 000
1528 1561 63 30 000

96 1619 179 30 Särskilda
298 1618 309 34 bostadsrabatter,
634 1616 357 40 reservationsanslag
1420 1615 93 29 1500
1529 1614 63 30 000

96 1673 128 39 Bidrag
240 1673 53 29 till
312 1672 198 29 inrättande
530 1681 42 21 av
589 1671 300 40 pensionärshem,
908 1670 358 39 reservationsanslag
1417 1670 18 28 6
1450 1668 63 31 000
1528 1668 63 30 000

655 1779 35 28 B.
714 1777 319 36 Kapitalbudgeten.

580 1849 143 29 Fonden
746 1848 58 39 för
828 1847 282 30 låneunderstöd.

95 1911 214 30 Tillägeslån
342 1911 52 29 till
427 1911 70 29 viss
532 1910 559 33 bostadsbyggnadsverksamhet,
1126 1909 245 29 investerings-

189 1933 40 17 58
723 1920 41 29 85
1319 1931 18 16 S

142 1965 120 38 anslag
1397 1962 36 29 13
1450 1961 62 30 000
1528 1961 63 29 000

96 2018 75 29 Lån
195 2018 51 29 till
269 2017 219 39 uppförande
514 2017 65 29 och
604 2016 211 39 förbättring
840 2026 41 20 av
906 2015 388 34 lantarbetarbostäder,
1321 2015 50 29 in-

140 2071 315 39 vesteringsanslag
1416 2069 18 29 5
1449 2068 63 29 000
1528 2068 63 29 000

96 2125 75 29 Lån
194 2125 51 29 till
270 2124 225 29 anordnande
521 2133 43 20 av
587 2123 190 29 kollektiva
802 2123 187 33 tvätterier,
1015 2122 355 39 investeringsanslag
1417 2121 95 30 2000
1528 2122 63 28 000

141 2213 161 28 Därefter
325 2213 64 28 har
410 2212 125 38 Kungl.
559 2212 105 38 Maj:t
687 2212 10 28 i
720 2211 262 39 propositionen
1006 2220 42 19 nr
1076 2211 70 33 153,
1172 2211 111 29 under
1306 2211 219 38 åberopande
1550 2219 43 20 av

96 2266 107 37 bilagt
229 2266 126 37 utdrag
382 2274 41 20 av
449 2264 383 39 statsrådsprotokollet
860 2265 79 28 över
967 2263 261 29 socialärenden
1254 2264 54 28 för
1336 2264 65 28 den
1431 2264 35 28 11
1496 2272 96 20 mars

100 2318 93 33 1949,
213 2318 179 38 föreslagit
411 2318 187 38 riksdagen
618 2319 50 27 att

141 2389 73 30 dels
243 2390 186 38 godkänna
457 2398 41 20 av
526 2388 387 39 departemenlschefen
940 2388 187 29 förordade
1155 2387 189 39 ändringar
1373 2387 9 28 i
1412 2387 94 29 olika
1535 2396 57 20 av-

98 2443 149 29 seenden
272 2443 42 28 fr.
337 2452 29 19 o.
390 2451 44 20 m.
458 2442 66 29 den
551 2442 10 28 1
590 2442 66 38 juli
682 2441 82 29 1949
790 2451 42 19 av
857 2441 198 39 grunderna
1079 2441 55 29 för
1158 2441 66 29 den
1249 2441 139 38 statliga
1410 2440 93 29 låne-
1527 2440 65 29 och

96 2496 409 38 bidragsverksamhelen
531 2495 48 29 lill
605 2495 136 29 förmån
767 2495 53 28 för
843 2494 422 38 bostladsförsörjningen;

98 2560 13 28 1—
168 2558 150 39 Bihang
340 2558 51 29 till
410 2558 205 39 riksdagens
635 2557 176 39 protokoll
832 2558 92 28 1949.
957 2558 19 27 6
996 2556 99 30 saml.
1127 2558 48 29 Nr
1198 2557 71 29 171.
