1888 2796
524 152 287 30 Statsutskottets
833 153 179 30 utlåtande
1032 163 42 20 nr
1097 154 69 29 171.
1554 154 37 29 31

146 230 36 34 3)
212 241 40 20 av
274 232 121 30 herrar
415 232 114 30 Johan
551 233 182 29 Bernhard
753 233 211 36 Johansson,
985 234 273 29 Mannerskantz
1279 235 64 29 och
1364 234 114 36 Birke,
1500 235 93 29 vilka

103 287 123 32 ansett,
244 288 50 26 att
312 286 169 29 utskottet
497 286 77 29 bort
590 286 78 29 med
683 286 100 30 bifall
800 287 51 28 till
869 287 220 29 motionerna
1105 288 27 28 1:
1150 287 61 30 295
1229 288 65 29 och
1312 288 45 29 II:
1373 287 62 30 373
1452 288 11 29 i
1479 288 114 29 denna

102 337 53 30 del
178 339 166 39 avstyrka
369 339 123 39 Kungl.
518 339 124 39 Maj:ts
665 339 143 39 förslag,
833 342 49 27 att
905 340 58 30 lån
988 340 31 39 ej
1046 340 117 40 längre
1188 341 89 29 skall
1302 341 121 30 kunna
1446 341 147 38 beviljas

102 391 395 40 bostadsrättsförening
524 393 77 29 med
627 393 93 29 vissa
746 393 11 29 i
784 393 188 39 stadgarna
998 394 144 39 intagna
1169 394 332 34 särbestämmelser,
1529 394 63 29 och

102 446 48 27 att
173 445 121 29 därför

144 497 72 30 dels
236 498 58 29 det
315 498 117 40 stycke
452 499 10 29 i
483 499 189 29 utskottets
690 499 164 40 yttrande
873 499 44 40 på
937 509 25 20 s.
986 499 50 34 18,
1056 509 73 20 som
1149 500 119 39 börjar
1288 501 79 29 med
1386 501 108 29 orden
1515 501 79 29 »Ut-

101 550 127 30 skottet
248 551 211 40 tillstyrker»
481 552 65 30 och
566 552 109 30 slutar
695 553 79 29 med
793 553 108 29 orden
922 553 242 30 »framställda
1183 554 205 39 yrkandet»,
1407 554 78 29 bort
1504 554 90 29 hava

99 603 157 39 följande
275 604 145 41 lydelse:

147 658 197 30 »Utskottet
362 668 99 20 anser
480 659 41 30 de
539 660 11 28 i
568 660 146 29 berörda
731 660 173 29 motioner
923 660 196 30 framförda
1137 661 121 29 skälen
1277 661 55 30 för
1350 663 50 28 att
1418 661 174 30 bibehålla

101 711 227 39 möjligheten
348 714 49 27 att
413 713 128 38 bevilja
560 713 58 29 lån
636 713 49 29 till
703 713 398 39 bostadsrättsförening
1118 714 79 29 med
1214 714 11 29 i
1244 714 187 39 stadgarna
1447 714 144 39 intagna

102 765 319 30 särbestämmelser
444 775 41 20 av
507 775 83 30 nyss
613 766 137 39 angivet
773 766 73 39 slag
867 767 164 34 bärande,
1053 767 75 30 icke
1149 768 109 29 minst
1279 768 80 29 med
1380 768 138 39 hänsyn
1540 768 51 29 till

101 819 49 28 att
173 818 217 30 tillkomsten
414 829 41 20 av
478 820 120 39 dylika
622 819 202 40 föreningar
847 821 61 29 bör
931 821 228 29 underlättas.
1196 821 12 29 I
1233 821 203 39 anslutning
1461 822 53 29 till
1538 830 54 30 yr-

99 871 129 30 kandet
250 872 11 29 i
283 872 218 31 motionerna
525 873 181 39 avstyrker
730 874 171 29 utskottet
923 874 121 30 därför
1067 875 124 38 Kungl.
1214 875 125 39 Maj:ts
1363 875 227 30 förevarande

100 924 159 39 förslag.>

142 977 72 30 dels
241 978 66 29 ock
334 979 270 30 nedannämnda
632 981 155 28 moment
814 980 11 28 i
852 980 190 29 utskottets
1069 980 210 30 hemställan
1306 980 77 30 bort
1410 981 91 29 hava
1528 980 64 30 föl-

99 1031 103 39 jande
224 1032 146 39 lydelse:

454 1140 75 28 »IV.
555 1140 222 29 beträffande
798 1140 171 30 villkoren
991 1140 55 30 för
1067 1141 162 39 belåning
1251 1151 42 20 av
1314 1141 77 34 hus,
1414 1141 175 40 uppförda

408 1202 41 20 av
477 1193 408 39 bostadsrättsförening,
913 1194 80 29 med
1021 1194 117 40 avslag
1164 1194 21 30 å
1213 1194 126 40 Kungl.
1368 1195 124 39 Maj:ts
1520 1194 71 30 för-

409 1246 72 39 slag
497 1246 65 30 och
579 1246 78 30 med
674 1247 99 29 bifall
791 1247 52 29 till
860 1247 221 30 motionerna
1097 1248 28 29 I:
1142 1248 61 30 295
1223 1248 65 30 och
1305 1248 46 30 II:
1367 1248 62 30 373
1446 1249 11 29 i
1474 1249 114 29 denna

408 1300 64 33 del,
501 1300 146 34 besluta,
677 1302 50 28 att
756 1300 97 39 dylik
882 1301 163 39 belåning
1074 1301 56 30 må
1158 1301 189 39 medgivas,
1376 1303 86 28 även
1492 1311 58 20 om
1579 1301 9 29 i

407 1353 108 29 sådan
543 1353 178 39 förenings
750 1354 140 38 stadgar
916 1354 139 39 intagas
1081 1355 10 28 i
1119 1355 383 39 statsrådsprotokollet
1530 1364 59 20 an-

407 1406 101 37 givna
537 1407 358 34 särbestämmelser;>

141 1511 36 34 4)
207 1520 41 20 av
278 1512 121 29 herrar
428 1512 114 29 Johan
572 1512 181 29 Bernhard
782 1513 211 36 Johansson,
1024 1513 281 36 Mannerskantz,
1337 1514 129 29 Gustav
1495 1514 93 29 Emil

98 1564 212 37 Andersson,
328 1565 78 29 Ivar
424 1565 162 36 Persson,
606 1566 212 35 Rubbestad,
837 1567 201 29 Pettersson
1059 1567 10 28 i
1088 1567 88 29 Dahl
1196 1567 66 30 och
1280 1567 114 36 Birke,
1414 1568 94 29 vilka
1529 1576 59 20 an-

99 1619 74 32 sett,
194 1620 50 27 att
265 1619 170 29 utskottet
456 1619 77 29 bort
555 1619 164 39 avstyrka
740 1619 126 39 Kungl.
888 1620 124 39 Maj:ts
1034 1619 129 40 förslag
1184 1630 57 20 om
1262 1620 199 30 inrättande
1483 1631 41 19 av
1545 1629 41 20 en

98 1670 104 30 femte
224 1672 341 40 subventionsgrupp
588 1673 64 28 och
675 1675 50 27 att
748 1672 121 30 därför

140 1723 72 30 dels
239 1724 57 29 det
326 1725 117 39 stycke
471 1725 10 29 i
510 1725 188 30 utskottets
726 1726 163 39 yttrande
915 1726 45 39 på
988 1735 26 20 s.
1046 1726 49 34 19,
1123 1735 74 21 som
1225 1726 120 39 börjar
1373 1727 78 29 med
1479 1727 109 29 orden

100 1777 205 34 »Utskottet,
325 1787 73 20 som
418 1788 121 20 anser»
559 1780 64 28 och
642 1779 110 29 slutar
770 1780 80 28 med
868 1780 107 29 orden
995 1780 50 29 >I:
1062 1779 62 30 294
1142 1781 64 29 och
1227 1781 44 28 II:
1288 1780 96 34 374»,
1403 1781 76 29 bort
1497 1781 88 29 hava

97 1830 154 39 följande
275 1831 144 39 lydelse:

142 1883 138 39 »Någon
306 1884 205 39 utvidgning
535 1894 41 20 av
602 1885 386 39 tilläggslångivningen
1013 1886 62 29 bör
1100 1886 105 38 enligt
1231 1886 188 29 utskottets
1445 1887 140 37 mening

96 1936 74 29 icke
198 1936 267 39 ifrågakomma.
508 1938 11 28 I
550 1938 203 38 anslutning
782 1938 52 29 till
863 1939 205 38 yrkandena
1095 1939 11 28 i
1135 1939 220 29 motionerna
1383 1940 28 28 1:
1428 1939 63 30 294
1520 1940 63 29 och

97 1989 43 29 IH:
157 1989 62 29 374
242 1990 182 38 avstyrker
447 1991 170 29 utskottet
640 1991 120 29 därför
785 1991 124 38 Kungl.
933 1991 125 39 Maj:ts
1082 1991 129 39 förslag
1234 1992 221 30 beträffande
1478 1993 108 29 inrät-

97 2042 101 29 tande
218 2052 40 20 av
278 2052 42 20 en
342 2043 104 29 femte
466 2044 372 39 subventionsgrupp.»

138 2095 71 29 dels
238 2096 65 28 ock
331 2096 269 30 nedannämnda
628 2099 155 27 moment
811 2098 9 28 i
849 2098 189 29 utskottets
1066 2098 208 29 hemställan
1303 2099 76 29 bort
1406 2099 88 29 hava
1524 2099 61 29 föl-

94 2148 104 37 jande
223 2149 146 38 lydelse:

449 2256 58 28 »V.
533 2255 221 29 beträffande
783 2256 130 29 antalet
942 2256 379 39 subventionsgrupper
1348 2257 55 29 vid
1433 2258 151 37 tilläggs-

404 2307 256 39 långivningen,
680 2308 78 29 med
778 2309 117 37 avslag
914 2308 20 29 å
954 2309 126 37 Kungl.
1101 2309 123 38 Maj:ts
1245 2309 129 38 förslag
1395 2312 90 27 samt
1505 2311 76 28 med

402 2360 97 29 bifall
531 2360 50 29 till
613 2361 219 28 motionerna
863 2361 26 29 1:
907 2361 63 29 294
999 2361 65 29 och
1094 2362 43 28 11:
1155 2361 72 34 374,
1257 2362 9 29 i
1296 2363 65 29 vad
1390 2363 41 28 de
1460 2363 121 29 beröra

401 2413 92 28 detta
523 2413 113 31 ämne,
664 2412 137 30 besluta
828 2415 50 27 att
904 2413 75 29 icke
1007 2413 208 40 bemyndiga
1245 2414 125 39 Kungl.
1400 2414 105 39 Maj:t
1535 2417 47 27 att

400 2465 128 29 inrätta
552 2475 41 19 en
618 2465 104 30 femte
747 2465 377 40 subventionsgrupp;»
