1906 2846
293 143 17 29 6
491 146 103 27 Första
618 146 182 27 kammarens
823 148 118 24 andra
964 145 155 34 tillfälliga
1141 146 123 27 utskotts
1286 146 151 28 utlåtande
1460 146 44 27 Nr
1528 149 52 25 12.

291 219 77 41 tion,
390 223 79 28 utan
493 219 156 33 fastmera
670 224 48 28 att
738 220 224 32 åstadkomma
983 232 40 20 en
1045 220 272 38 löneförhöjning.
1350 220 52 32 En
1426 220 82 38 följd
1531 233 41 20 av
1594 233 38 20 en
1654 221 122 32 allmän

290 263 265 39 löneförhöjning
581 264 100 41 bleve,
710 268 49 28 att
786 264 238 32 vederbörande
1054 264 423 42 förvaltningsmyndighet,
1508 265 51 31 för
1589 268 48 29 att
1664 266 113 31 kunna

291 308 91 32 hålla
405 308 50 38 sig
479 308 88 32 inom
592 320 107 20 ramen
725 308 51 32 för
800 308 153 33 anvisade
977 309 113 40 medel,
1117 308 91 32 bleve
1231 309 166 32 nödsakad
1421 312 49 29 att
1495 309 142 32 avskeda
1661 321 39 20 en
1726 309 50 32 del

291 364 41 20 av
357 352 173 32 arbetarna
555 352 57 32 och
638 356 47 28 att
709 352 12 31 i
746 356 101 28 större
871 353 213 38 utstäckning
1109 357 41 27 än
1176 353 89 31 förut
1290 353 104 32 anlita
1419 353 203 38 fångvården
1650 354 51 31 för
1725 357 50 28 ut-

291 396 133 32 förande
444 408 42 20 av
506 396 140 41 arbeten,
665 400 46 29 ett
730 397 145 41 resultat,
897 408 66 21 som
983 397 166 32 sannolikt
1169 397 28 38 ej
1216 397 88 32 varit
1326 398 6 31 i
1352 397 160 32 motionen
1531 398 138 37 åsyftat.

335 440 70 32 Den
434 440 11 31 i
475 441 132 32 ärendet
636 441 186 38 förebragta
850 441 214 38 utredningen
1093 441 91 38 giver
1212 441 113 32 vidare
1353 442 55 31 vid
1437 441 138 41 handen,
1606 445 49 28 att
1682 442 93 32 verk-

291 488 161 28 mästarne
470 485 59 31 och
549 485 38 32 de
606 485 243 32 arbetsledande
868 486 201 40 förmännen,
1089 485 91 32 vilka
1199 485 132 38 deltaga
1348 485 11 31 i
1377 486 123 31 arbetet
1519 486 20 31 å
1555 486 220 32 intendentur-

289 529 233 32 verkstäderna
542 529 58 32 och
621 529 11 31 i
653 530 85 37 regel
760 534 55 27 äro
835 530 163 31 anställda
1019 530 134 31 medelst
1173 530 185 38 personliga
1378 530 165 41 kontrakt,
1565 530 11 31 i
1598 530 178 32 allmänhet

289 572 71 33 icke
383 578 53 27 äro
459 573 155 32 anslutna
636 574 52 31 till
710 573 295 33 Försvarsverkens
1028 574 99 31 civila
1148 574 165 38 personals
1337 574 141 31 förbund
1501 574 58 31 och
1581 577 49 28 att
1652 586 40 20 av
1715 574 61 32 den

289 617 164 39 egentliga
474 618 319 38 arbetarpersonalen
816 618 70 32 icke
908 619 43 37 på
972 618 95 38 långt
1089 622 58 27 när
1169 618 66 31 alla
1258 623 55 26 äro
1335 618 153 32 anslutna
1510 618 53 31 till
1587 614 188 36 detsamma.

289 661 67 32 Vid
376 662 102 38 några
497 662 240 38 truppförband
756 662 114 31 tillhör
889 662 96 38 ingen
1006 674 41 19 av
1068 662 171 31 arbetarna
1258 662 59 31 och
1336 662 55 32 vid
1412 673 38 21 en
1469 662 52 32 del
1542 662 102 32 andra
1663 662 114 32 endast

289 709 47 28 ett
364 705 94 39 ringa
488 706 84 32 fåtal
603 706 183 32 förbundet.
826 706 67 31 Vid
922 706 116 32 sådant
1068 706 205 32 förhållande
1303 718 95 26 synes
1428 706 53 32 det
1509 706 11 31 i
1549 706 117 38 högsta
1694 707 82 38 grad

289 749 172 39 olämpligt
488 753 49 29 att
563 750 158 39 påtvinga
748 751 105 31 denna
879 750 52 32 till
958 750 175 32 förbundet
1159 750 28 37 ej
1216 750 154 32 anslutna
1394 750 148 38 personal
1571 751 119 31 arbets-
1717 750 58 32 och

289 794 203 42 lönevillkor,
511 794 54 32 till
583 795 107 32 vilkas
709 795 229 32 fastställande
956 795 61 32 den
1035 795 28 37 ej
1083 794 65 32 fått
1165 794 137 32 tillfälle
1320 798 48 28 att
1385 794 184 32 medverka.

334 839 54 31 Av
406 838 217 39 utredningen
643 839 146 37 framgår
807 839 120 40 vidare,
948 842 49 28 att
1016 839 120 31 arbets-
1155 838 57 32 och
1231 838 233 32 lönevillkoren
1485 839 51 31 för
1554 839 39 31 de
1612 839 165 38 egentliga

289 883 171 32 arbetarna
491 883 57 31 vid
578 883 297 38 truppförbandens
906 883 398 32 intendenturverkstäder
1337 887 54 27 äro
1423 883 166 37 reglerade
1621 883 155 38 antingen

287 939 114 26 genom
438 927 263 41 kollektivavtal,
743 927 169 32 avslutade
953 927 121 32 mellan
1113 927 374 37 truppförbandschefen
1517 927 58 31 och
1605 927 172 32 arbetarna

288 971 79 32 eller
392 971 119 32 ombud
538 971 52 32 för
616 972 90 31 deras
733 971 229 42 organisation,
991 971 80 32 eller
1096 971 59 31 ock
1181 983 115 26 genom
1320 971 185 38 personliga
1531 971 169 38 kontrakt;
1728 975 49 28 att

287 1016 304 40 kollektivavtalen,
620 1016 57 31 där
704 1015 122 33 sådana
855 1015 209 41 förekomma,
1094 1016 137 37 mången
1258 1015 89 38 gång
1373 1015 192 32 tillkommit
1593 1019 66 28 mot
1686 1015 90 32 arbe-

288 1063 110 29 tarnas
427 1071 81 26 egen
537 1060 96 37 vilja;
663 1064 83 28 samt
775 1063 49 29 att
854 1060 171 31 arbetarna
1054 1061 42 36 på
1125 1071 37 20 en
1191 1059 51 32 del
1271 1059 70 31 håll
1371 1059 120 32 uttalat
1519 1059 176 42 önskemål,
1727 1062 49 29 att

288 1104 106 38 någon
411 1103 142 39 ändring
572 1104 29 37 ej
621 1104 98 31 måtte
740 1104 56 32 ske
815 1105 11 31 i
847 1103 95 38 fråga
961 1115 51 20 om
1033 1106 97 29 sättet
1150 1103 50 32 för
1219 1103 242 32 bestämmande
1481 1115 41 20 av
1542 1103 92 32 deras
1655 1103 120 32 arbets-

287 1148 58 31 och
367 1148 205 32 lönevillkor.

331 1191 31 32 Ä
388 1193 38 31 de
451 1192 134 41 platser,
613 1192 57 31 där
695 1191 85 33 flera
806 1196 41 27 än
874 1194 45 29 ett
945 1191 241 38 truppförband
1213 1195 55 27 äro
1296 1191 159 40 förlagda,
1483 1191 86 32 hava
1594 1191 12 31 i
1632 1191 144 38 enlighet

288 1236 72 32 med
387 1236 269 38 departementets
683 1236 61 31 här
771 1247 84 20 ovan
884 1235 187 32 meddelade
1100 1235 206 31 föreskrifter
1334 1235 11 31 i
1373 1235 179 32 allmänhet
1578 1235 57 31 vid
1662 1239 113 34 trupp-

289 1281 178 31 förbanden
489 1280 139 32 träffats
650 1280 161 31 likartade
833 1280 119 31 arbets-
975 1279 59 32 och
1056 1279 172 31 löneavtal.
1263 1279 18 31 I
1302 1279 109 31 Boden
1434 1283 54 27 äro
1510 1279 155 38 samtliga
1687 1279 89 32 arbe-

287 1329 69 28 tare
379 1325 56 32 vid
458 1324 129 39 Kungl.
611 1324 124 32 Bodens
761 1323 321 38 artilleriregemente
1106 1323 57 32 och
1188 1323 126 38 Kungl.
1338 1323 125 32 Bodens
1488 1323 209 38 ingenjörkår
1721 1335 55 19 an-

288 1370 120 32 ställda
426 1369 12 31 i
458 1369 147 38 enlighet
623 1368 71 32 med
714 1371 45 29 ett
779 1369 36 31 år
838 1369 83 31 1928
941 1371 173 35 upprättat
1133 1367 260 41 kollektivavtal,
1415 1367 80 31 dock
1517 1367 71 32 med
1608 1368 169 37 undantag

289 1414 52 31 för
360 1425 38 21 en
420 1413 147 32 arbetare
588 1413 56 31 vid
664 1412 202 32 sistnämnda
886 1412 251 40 truppförband,
1159 1411 70 32 med
1251 1411 112 32 vilken
1383 1411 179 38 personligt
1584 1411 89 32 avtal
1694 1411 82 32 träf-

290 1459 76 31 fats.
402 1458 67 31 Vid
495 1458 39 31 de
562 1456 258 41 förhandlingar,
849 1468 66 20 som
943 1456 143 38 föregått
1111 1455 233 38 upprättandet
1370 1468 40 19 av
1436 1456 142 31 nämnda
1603 1455 173 32 kollektiv-

288 1502 99 42 avtal,
409 1502 84 32 hade
514 1502 60 32 ock
595 1501 237 32 vederbörande
854 1500 74 31 från
949 1500 127 38 Kungl.
1099 1499 213 32 Norrbottens
1335 1503 178 34 regemente
1536 1499 146 41 deltagit,
1705 1511 72 20 men

288 1548 43 37 på
346 1532 106 53 grund
469 1558 41 20 av
527 1546 89 32 Vissa
632 1544 413 50 meningsskiljaktigheter
1060 1544 209 32 beträffande
1286 1544 269 32 arbetsvillkoren
1571 1543 83 32 hade
1670 1544 107 37 någon

288 1590 310 32 överenskommelse
621 1589 118 32 mellan
762 1592 154 35 parterna
936 1588 31 38 ej
991 1589 168 37 uppnåtts.
1194 1588 65 31 Det
1281 1588 112 32 oaktat
1416 1587 168 39 tillämpas
1608 1588 56 32 vid
1688 1588 90 31 detta

289 1638 180 35 regemente
489 1646 125 20 samma
633 1633 171 41 prislistor,
826 1645 67 20 som
913 1632 104 39 enligt
1035 1632 284 32 kollektivavtalet
1339 1632 167 38 tillämpas
1527 1632 56 31 vid
1605 1632 38 32 de
1664 1631 114 39 övriga

289 1679 283 38 truppförbanden
594 1679 69 31 med
683 1677 170 38 undantag
873 1677 138 32 allenast
1031 1676 209 32 beträffande
1261 1676 217 38 timavlöning
1497 1676 53 32 till
1572 1676 72 32 icke
1665 1676 111 38 yrkes-

289 1723 127 39 kunnig
443 1723 127 38 manlig
598 1723 154 31 arbetare.
792 1721 216 33 Beträffande
1037 1721 38 31 de
1103 1721 10 31 i
1141 1720 161 32 motionen
1330 1720 216 32 omförmälda
1574 1720 202 32 förhandlin-

290 1779 102 26 garna
417 1767 137 32 rörande
579 1767 118 32 arbets-
723 1765 58 33 och
807 1766 163 31 löneavtal
997 1765 53 31 för
1075 1765 171 32 arbetarna
1271 1764 57 32 vid
1351 1764 297 38 truppförbandens
1673 1764 103 32 inten-

290 1811 307 33 denturverkstäder
616 1810 86 32 inom
722 1813 112 29 västra
854 1809 315 38 arméfördelningen
1190 1809 53 31 må
1265 1808 203 41 framhållas,
1490 1812 49 28 att
1560 1808 93 32 dessa
1673 1811 103 29 stran-

290 1856 81 32 dade
394 1856 67 32 dels
484 1856 44 37 på
551 1855 106 38 grund
680 1866 40 20 av
744 1854 187 32 arbetarnas
955 1853 115 32 alltför
1094 1853 192 32 överdrivna
1310 1852 224 42 löneanspråk,
1560 1853 68 32 dels
1652 1853 59 31 ock
1734 1853 43 37 på

291 1899 427 39 truppförbandschefernas
744 1898 132 31 fordran
901 1901 48 28 att
973 1897 106 38 själva
1103 1897 35 32 få
1160 1897 107 32 träffa
1290 1897 89 31 avtal
1404 1896 164 39 angående
1593 1896 183 38 avlönings-

291 1945 217 31 förmånerna.

335 1988 126 32 Nästan
484 1987 155 38 samtliga
661 1986 11 31 i
695 1986 131 32 ärendet
847 1985 102 32 hörda
971 1985 228 38 myndigheter
1221 1984 87 32 hava
1330 1984 178 32 emellertid
1533 1984 170 41 förklarat,
1729 1987 49 29 att

291 2033 98 37 något
406 2032 115 31 hinder
538 2031 72 32 icke
628 2034 109 34 syntes
756 2034 87 28 möta
861 2033 66 28 mot
945 2029 230 32 fastställande
1194 2041 40 19 av
1252 2040 124 21 samma
1395 2029 52 31 lön
1466 2028 50 32 för
1535 2029 154 40 arbetare,
1710 2040 67 20 som

290 2076 130 33 utförde
444 2076 71 32 lika
541 2075 209 32 kvalificerat
776 2075 108 31 arbete
909 2074 56 31 vid
991 2074 91 31 olika
1107 2073 239 38 truppförband
1372 2074 20 30 å
1417 2085 124 19 samma
1566 2076 60 28 ort.
1664 2072 113 33 Såsom

291 2133 41 20 av
357 2121 60 32 den
443 2120 194 38 föregående
661 2119 222 38 redogörelsen
909 2118 156 41 framgår,
1092 2129 98 27 synas
1214 2117 11 31 i
1250 2117 178 32 allmänhet
1452 2116 166 39 enhetliga
1640 2117 137 32 bestäm-

292 2165 115 32 melser
434 2164 136 32 rörande
598 2164 218 32 lönesatserna
843 2174 79 20 vara
949 2163 20 31 å
996 2162 123 32 sådana
1145 2165 83 28 orter
1255 2161 132 32 införda
1413 2172 114 27 genom
1555 2161 222 32 överenskom-

292 2209 97 32 melse
406 2207 414 40 truppförbandscheferna
836 2206 148 33 emellan.
1015 2206 100 32 Detta
1132 2205 88 33 torde
1238 2205 178 32 emellertid
1435 2205 112 32 kunna
1564 2205 57 32 ske
1639 2205 139 32 allenast

292 2254 101 31 under
421 2252 246 41 förutsättning,
695 2255 48 28 att
768 2250 360 33 arbetsförhållandena
1153 2250 55 31 vid
1235 2249 38 32 de
1299 2250 89 31 olika
1414 2249 280 38 truppförbanden
1723 2253 54 27 äro

292 2297 171 32 likartade.
498 2297 19 31 I
540 2297 38 32 de
600 2277 258 63 undantagsfall,
883 2295 57 32 där
961 2306 39 20 en
1023 2294 101 32 sådan
1146 2294 163 38 reglering
1331 2306 41 19 av
1394 2293 132 33 lönerna
1548 2294 71 31 icke
1641 2292 138 32 kommit

291 2342 53 31 till
366 2342 103 41 stånd,
491 2341 91 32 torde
604 2341 52 32 det
676 2340 185 32 tillkomma
880 2339 237 31 vederbörande
1140 2337 369 39 fördelningsintendent
1528 2338 79 32 eller
1628 2335 150 33 likställd

293 2368 192 61 myndighet
511 2389 49 29 att
585 2385 102 38 enligt
712 2384 18 38 8
757 2385 17 30 2
802 2396 94 20 mom.
922 2384 17 30 2
964 2383 38 40 b)
1032 2383 11 31 i
1069 2394 83 20 ovan
1176 2382 208 32 omförmälta
1409 2376 368 57 intendenturmateriel-

294 2430 193 38 reglemente
518 2429 173 33 hemställa
721 2440 51 20 om
804 2428 165 39 åtgärders
1001 2427 198 38 vidtagande
1230 2427 52 31 för
1314 2426 147 32 rättande
1493 2438 41 20 av
1566 2426 89 31 detta
1686 2424 91 32 miss-

294 2474 214 33 förhållande.
