1934 2844
315 205 19 30 2
486 204 117 32 Andra
630 205 201 30 kammarens
855 204 114 31 andra
995 202 166 41 tillfälliga
1184 203 133 31 utskotts
1341 202 164 31 utlåtande
1529 202 52 30 Nr
1605 205 29 28 3.

321 292 210 30 standarden
562 292 37 28 är
629 291 174 39 tillrådlig,
834 290 43 30 då
906 290 162 30 minskad
1100 291 150 30 soliditet
1282 290 134 30 medför
1447 289 111 30 ökade
1590 290 217 29 underhålls-

323 335 198 34 kostnader,
550 335 93 29 vilka
671 335 109 29 måste
809 335 119 29 täckas
957 342 122 32 genom
1109 335 39 29 de
1179 335 77 29 från
1288 334 208 39 fastigheten
1524 333 195 38 inflytande
1749 334 61 38 hy-

324 388 113 21 rorna.
480 379 136 39 Frågan
636 379 68 29 kan
721 379 91 29 dock
834 387 80 20 vara
935 379 82 28 värd
1035 378 196 30 beaktande
1253 378 56 30 vid
1331 377 228 30 utarbetande
1581 386 40 20 av
1642 386 45 29 ny
1708 377 103 39 bygg-

322 423 210 38 nadsstadga
553 423 53 28 för
626 422 106 30 rikets
753 422 125 33 städer,
898 421 42 30 då
961 423 85 28 även
1066 421 57 30 må
1142 423 96 37 tagas
1259 422 110 29 under
1389 421 246 39 övervägande,
1656 429 55 21 om
1733 421 75 29 icke

321 476 40 20 en
386 467 129 28 allmän
539 466 204 39 minskning
767 475 41 20 av
829 465 229 30 bostädernas
1083 465 112 39 volym
1222 465 111 29 skulle
1358 465 119 29 kunna
1503 465 156 38 vidtagas
1684 471 123 32 genom

322 511 203 37 minskning
556 519 41 21 av
628 509 241 39 rumshöjden.
922 509 275 40 Besparingarna
1230 509 202 38 härigenom
1464 509 121 29 kunna
1618 508 87 29 dock
1738 508 70 30 inte

323 555 121 29 väntas
464 554 46 29 bli
533 554 198 29 avsevärda.

368 597 355 40 Byggnadsstyrelsen
752 597 110 30 slutar
889 597 77 29 med
995 598 48 28 att
1069 596 116 30 såsom
1214 596 181 30 önskemål
1425 595 386 40 sammanfattningsvis

326 641 195 34 framhålla,
541 643 50 28 att
610 641 159 39 åtgärder
786 641 57 29 för
863 640 357 40 byggnadskreditens
1240 640 178 30 ordnande
1439 640 167 39 vidtagas,
1626 641 49 28 att
1693 640 118 39 ingen-

322 685 495 40 jörsvetenskapsakademien
836 684 142 30 beredes
1000 684 135 30 tillfälle
1157 686 49 27 att
1228 684 163 29 fortsätta
1413 684 74 29 sina
1507 683 304 39 undersökningar

325 730 146 28 rörande
489 728 404 40 byggnadsmaterialier,
913 730 49 28 att
983 728 56 29 vid
1060 728 227 30 utarbetande
1309 737 40 20 av
1370 736 45 30 ny
1434 727 302 39 byggnadsstadga
1759 728 53 28 för

324 774 108 28 rikets
453 773 114 29 städer
584 773 42 29 de
647 772 228 30 ekonomiska
896 772 262 39 synpunkterna
1179 772 104 29 vinna
1304 771 170 39 allvarligt
1495 771 204 33 beaktande,
1722 773 90 27 samt

325 819 49 28 att
401 817 121 39 frågan
549 825 56 21 om
631 816 377 40 byggnadsföretagens
1035 816 235 38 organisation
1365 817 22 28 t.
1415 824 50 21 ex.
1492 815 223 39 kooperativa
1745 815 67 29 för-

326 861 143 38 eningar
486 877 44 4 —
547 861 169 39 upptages
735 860 51 29 till
807 859 273 39 undersökning.

370 967 155 29 Svenska
547 965 220 30 Industriens
789 965 566 39 Standardiseringskommission,
1380 974 73 20 som
1476 964 165 40 uppgjort
1666 964 57 30 silt
1746 966 68 37 ylt-

324 1011 106 29 rande
450 1011 10 27 i
482 1010 139 29 samråd
642 1010 77 29 med
740 1008 609 41 ingenjörsvetenskapsakademien,
1371 1009 133 29 erinrar
1527 1018 54 19 om
1605 1010 48 28 att
1675 1009 135 29 kärnan

325 1055 8 28 i
357 1055 55 28 det
433 1063 40 20 av
495 1054 217 29 motionären
731 1054 149 28 berörda
903 1053 205 39 spörsmålet
1131 1054 36 27 är
1190 1053 252 39 nedpressning
1464 1061 41 21 av
1528 1052 110 39 själva
1660 1052 151 39 produk-

325 1098 329 29 tionskostnaderna
682 1097 56 30 vid
767 1096 348 40 bostadsbyggandet.
1166 1096 46 29 Ur
1240 1096 141 30 teknisk
1411 1096 179 40 synpunkt
1619 1096 69 29 kan
1715 1096 96 29 detta

327 1142 59 29 ske
402 1142 86 29 efter
504 1141 55 30 två
575 1141 103 34 olika,
693 1141 168 38 jämsides
876 1141 76 29 med
968 1140 171 30 varandra
1155 1140 147 40 löpande
1320 1140 118 39 linjer:
1457 1140 72 29 dels
1546 1140 68 29 kan
1632 1149 80 20 man
1729 1140 84 29 söka

327 1186 247 29 åstadkomm2
595 1184 201 39 förenkling
824 1194 40 20 av
891 1185 203 38 lägenheten
1123 1184 62 29 och
1212 1184 268 29 koncentration
1507 1193 41 20 av
1577 1184 77 29 dess
1682 1185 132 37 utrym-

327 1238 94 25 men;
448 1229 72 29 dels
545 1229 69 29 kan
639 1238 81 20 man
746 1228 55 29 vid
824 1228 196 39 byggandet
1047 1227 83 30 söka
1155 1228 10 29 i
1189 1227 197 40 möjligaste
1413 1227 80 30 mån
1521 1227 157 40 tillämpa
1706 1227 107 29 sådan

327 1273 249 29 konstruktion
597 1273 63 28 och
681 1272 159 30 använda
863 1272 128 29 sådana
1012 1271 220 34 materialier,
1255 1280 73 21 som
1350 1272 59 29 äro
1430 1271 132 40 ägnade
1584 1273 49 28 att
1655 1271 158 30 förenkla

326 1317 122 38 bygget
474 1317 62 28 och
563 1316 157 30 förkorta
744 1315 317 40 uppföringstiden.

370 1363 63 30 Det
463 1363 108 29 första
602 1362 295 39 förfaringssättet
926 1363 37 28 är
992 1361 213 40 väsentligen
1234 1361 169 30 beroende
1434 1370 40 21 av
1501 1361 123 29 härför
1653 1361 159 39 lämpade

323 1406 262 30 bestämmelser
608 1407 8 28 i
638 1406 329 39 byggnadsstadgan
992 1406 53 28 för
1068 1406 108 29 rikets
1201 1405 125 29 städer.
1372 1405 65 29 Vid
1462 1405 286 39 omarbetningen
1774 1414 40 20 av

327 1451 66 28 den
422 1459 45 20 nu
498 1450 159 39 gällande
689 1450 145 38 stadgan
862 1450 63 28 bör
953 1449 359 40 uppmärksamheten
1343 1449 118 29 därför
1493 1449 142 29 särskilt
1664 1449 150 29 inriktas

325 1494 120 39 härpå.
491 1494 126 30 Vidare
643 1502 101 30 synes
769 1493 92 30 vissa
885 1492 220 40 möjligheter
1131 1494 48 28 att
1204 1492 153 40 påverka
1380 1492 245 39 utvecklingen
1650 1492 44 40 på
1719 1492 94 30 detta

327 1538 140 29 område
487 1537 165 39 föreligga
673 1537 53 29 för
745 1538 130 28 statens
893 1536 264 39 byggnadsbyrå
1176 1536 56 29 vid
1252 1536 239 30 utformandet
1511 1545 41 20 av
1571 1536 169 29 villkoren
1761 1536 53 29 för

328 1581 200 30 erhållande
551 1591 41 19 av
612 1580 145 30 statslån
777 1589 42 20 ur
838 1580 368 29 bostadslånefonden.
1245 1580 69 29 Det
1337 1588 100 30 synes
1458 1581 125 37 ytterst
1605 1580 209 34 osannolikt,

327 1627 49 28 att
399 1625 103 39 något
522 1624 199 39 ytterligare
744 1624 10 28 i
777 1624 64 29 här
864 1623 126 30 avsedd
1013 1624 156 38 riktning
1193 1623 111 30 skulle
1328 1621 120 32 kunna
1472 1623 123 30 vinnas
1619 1631 121 32 genom
1765 1623 49 30 åt-

328 1669 122 39 gärder
475 1668 79 29 från
580 1668 55 30 det
661 1668 195 29 allmännas
883 1667 84 30 sida.
1015 1667 88 30 Intet
1129 1667 123 30 hinder
1278 1668 110 29 möter
1413 1667 88 29 dock
1528 1669 50 28 att
1605 1668 140 29 särskilt
1771 1667 44 40 på

326 1712 238 39 landsbygden
583 1711 150 40 uppföra
750 1711 211 29 bostadshus
979 1711 52 29 till
1051 1710 36 30 så
1106 1711 54 39 låg
1179 1711 160 33 kostnad,
1360 1720 72 20 som
1452 1711 65 29 den
1537 1720 41 21 av
1596 1712 217 28 motionären

328 1756 158 39 angivna,
510 1755 110 30 under
644 1755 252 39 förutsättning
918 1764 40 20 av
981 1755 75 38 låga
1080 1754 91 34 eller,
1196 1764 54 20 om
1274 1755 124 38 bygget
1421 1755 134 29 utföres
1579 1763 41 21 av
1644 1754 171 40 självbyg-

328 1807 90 32 gare,
437 1800 36 29 så
492 1801 71 37 gott
583 1808 73 21 som
675 1799 78 39 inga
772 1798 214 30 arbetslöner
1006 1800 89 28 samt
1113 1798 186 30 avstående
1320 1798 78 29 från
1417 1807 41 21 en
1477 1798 202 40 utrustning
1699 1808 39 20 av
1757 1799 59 28 bo-

330 1844 120 29 staden
474 1843 106 39 enligt
604 1843 85 29 även
713 1842 217 39 blygsamma
954 1842 165 29 moderna
1143 1842 96 29 krav.
1285 1842 81 29 Man
1391 1842 61 29 bör
1478 1842 87 30 dock
1591 1842 121 30 härvid
1738 1844 78 37 taga

326 1888 138 38 hänsyn
484 1886 61 33 till,
567 1888 49 28 att
635 1888 48 28 ett
700 1886 213 29 bostadshus
933 1894 40 21 av
993 1886 117 29 alltför
1130 1886 155 39 primitiv
1305 1888 52 27 art
1377 1886 69 29 kan
1466 1887 122 38 utgöra
1609 1895 41 20 en
1670 1886 144 39 avgjord

327 1931 74 29 risk
419 1939 41 21 ur
479 1929 512 40 kapitalplaceringssynpunkt
1009 1930 63 29 och
1092 1931 48 28 att
1161 1929 93 30 såväl
1274 1929 126 30 sociala
1419 1930 138 38 hänsyn
1578 1939 73 20 som
1671 1930 145 29 allmän-

328 1975 121 29 hetens
477 1974 155 39 stegrade
659 1974 85 29 krav
772 1973 43 40 på
842 1973 184 29 bostadens
1054 1973 143 30 kvalitet
1225 1973 151 34 komma,
1406 1973 36 30 så
1469 1974 100 39 länge
1598 1973 218 39 konjunktu-

328 2027 102 21 rerna
449 2018 56 29 det
523 2017 123 34 tillåta,
666 2018 48 29 att
734 2017 179 30 motverka
933 2018 46 29 ett
1000 2017 214 30 allmännare
1233 2017 179 39 byggande
1433 2026 40 20 av
1489 2017 164 30 bostäder
1673 2027 41 20 av
1733 2018 83 29 enk-

328 2062 86 29 laste
439 2062 82 38 slag.

371 2105 132 30 Försök
528 2106 49 29 att
603 2104 190 40 nedbringa
818 2104 415 39 byggnadskostnaderna
1259 2112 123 32 genom
1408 2104 223 41 tillämpning
1657 2114 39 20 av
1722 2105 94 29 kost-

328 2149 305 39 nadsbesparande
661 2148 288 29 konstruktioner
978 2148 63 29 och
1070 2148 338 39 byggnadsmaterial
1437 2149 44 29 ha
1510 2148 44 41 på
1584 2157 119 21 senare
1733 2148 82 30 åren

327 2193 111 39 gjorts
458 2193 11 29 i
491 2192 194 39 betydande
705 2191 247 40 utsträckning
974 2192 63 29 och
1060 2201 41 21 en
1124 2192 94 38 livlig
1240 2192 137 29 enskild
1399 2192 416 39 uppfinnarverksamhet

328 2237 43 40 på
392 2237 93 29 detta
505 2236 141 30 område
667 2236 62 29 har
750 2236 136 29 kunnat
907 2236 182 39 iakttagas.
1111 2236 202 29 Emellertid
1335 2236 69 29 kan
1425 2245 80 20 man
1528 2236 173 39 knappast
1724 2237 91 38 säga,

329 2283 49 28 att
399 2281 9 29 i
430 2281 89 39 regel
540 2280 107 39 några
668 2280 216 29 nämnvärda
906 2279 143 30 resultat
1071 2280 121 29 enbart
1211 2280 204 38 härigenom
1439 2280 178 39 uppnåtts,
1641 2279 174 30 måhända

327 2325 171 29 beroende
518 2324 44 39 på
583 2325 49 28 att
654 2323 231 30 strävandena
905 2323 278 39 huvudsakligen
1202 2332 107 30 synas
1331 2324 44 29 ha
1396 2323 88 30 varit
1505 2324 174 29 inriktade
1700 2323 44 40 på
1766 2325 50 28 att

329 2369 243 29 åstadkomma
600 2376 66 30 nya
696 2367 157 30 material
882 2384 43 3 —
952 2367 92 29 vilka
1074 2368 237 38 representera
1340 2367 121 29 endast
1491 2376 42 21 en
1563 2367 97 38 ringa
1691 2367 52 29 del
1775 2376 40 20 av

328 2411 417 40 byggnadskostnaderna
767 2427 45 4 —
835 2411 169 38 varjämte
1029 2411 221 29 framkomna
1274 2411 147 39 uppslag
1445 2411 9 28 i
1480 2411 190 29 allmänhet
1694 2411 122 29 enbart

329 2458 110 27 avsett
469 2455 158 30 material
659 2454 53 30 för
740 2455 234 38 ytterväggen.
1026 2454 150 30 Numera
1208 2455 96 28 torde
1336 2454 270 40 uppfattningen
1637 2454 105 30 bland
1775 2455 40 29 de

330 2499 221 39 sakkunniga
570 2499 89 29 hava
683 2498 154 39 stadgats
860 2498 130 34 därom,
1013 2500 49 27 att
1084 2497 189 40 problemet
1296 2498 175 40 ”billigare
1494 2498 321 38 byggnadskostna-

330 2543 81 30 der”
435 2543 74 30 icke
535 2543 36 29 är
595 2551 41 21 en
662 2541 258 40 materialfråga
945 2542 9 28 i
980 2542 147 39 egentlig
1151 2541 140 40 mening
1315 2543 84 28 utan
1426 2542 166 29 fastmera
1616 2559 43 3 —
1684 2543 131 28 oavsett
