2224 2624
174 1613 158 32 Forstöring
341 1621 35 17 av

199 1649 148 32 kuponger.

371 205 40 30 36
751 198 137 38 Bilagor
911 196 48 29 till
983 192 284 31 Bankoutskottets
1292 186 165 32 utlåtande
1479 186 51 30 Nr
1553 186 50 28 45.

735 317 94 87 2

662 416 62 57 Zz

672 488 56 51 N

737 547 150 133 N

481 715 40 45 Ej
550 713 188 36 inlösbara
764 711 194 45 kuponger
984 706 223 36 återlämnas
1235 701 232 37 omedelbart
1492 699 60 35 till
1578 698 191 42 kassören;
1802 693 189 49 specifika-

379 768 80 35 tion
487 765 68 36 och
578 763 152 47 journal
757 760 134 37 ändras
918 759 13 34 i
957 754 365 39 överensstämmelse
1350 750 161 37 därmed.
1554 748 14 36 I
1591 747 199 46 journalen
1809 744 182 48 (kupong-

381 813 197 51 specialen)
607 814 177 36 kvitteras
813 811 62 35 det
901 807 200 48 godkända
1126 799 339 56 kupongbeloppet.

484 867 54 36 De
564 866 59 35 till
648 863 102 45 varje
778 859 254 49 specifikation
1061 855 164 37 hörande
1251 855 246 45 kupongerna
1524 848 312 44 omhändertagas
1864 859 46 23 av
1927 844 66 36 två

382 920 233 45 tjänstemän,
642 927 79 23 som
757 912 151 36 förvara
934 910 85 35 dem
1046 906 117 37 under
1190 908 230 43 gemensamt
1446 901 63 36 lås.
1562 900 55 35 De
1643 898 119 36 under
1789 897 128 45 loppet
1945 908 46 22 av

383 983 46 23 en
456 966 138 38 månad
620 966 137 35 inlösta
783 963 245 45 kupongerna
1055 955 269 39 sammanföras
1352 952 160 37 därefter
1538 951 11 35 i
1577 963 46 23 en
1641 948 251 44 redovisning,
1911 946 81 35 vari

385 1020 45 36 de
469 1017 209 48 preussiska
703 1015 246 45 kupongerna
974 1009 163 37 fördelas
1164 1007 131 36 endast
1322 1004 93 36 efter
1441 1004 60 35 lån
1529 1001 68 36 och
1624 1000 150 43 valörer,
1802 1010 85 23 men
1914 996 79 35 där-

385 1075 101 31 emot
520 1068 322 44 rikskupongerna
869 1061 92 38 efter
986 1062 73 43 lån,
1086 1057 247 48 förfallotider
1360 1055 67 35 och
1454 1073 48 4 —
1527 1053 104 35 inom
1657 1050 101 45 varje
1784 1046 209 38 förfallotid

386 1140 46 4 —
461 1120 150 36 valörer.
652 1116 123 45 Något
805 1111 266 39 förtecknande
1099 1123 46 22 av
1170 1109 262 45 kupongernas
1451 1115 172 25 nummer
1639 1100 249 37 förekommer
1906 1098 89 35 icke.

387 1172 253 45 Kupongerna
677 1167 170 44 inläggas
873 1165 13 35 i
913 1163 112 46 paket
1065 1161 90 36 eller
1192 1156 223 47 linnepåsar,
1442 1168 80 22 som
1548 1152 177 45 förseglas
1757 1149 88 36 med
1872 1148 124 36 veder-

386 1220 167 38 börande
578 1220 242 45 tjänstemans
842 1212 225 49 privatsigill
1094 1211 89 36 eller
1208 1208 142 47 plomb,
1376 1204 160 38 varefter
1563 1203 46 36 de
1627 1202 78 36 åter
1721 1200 139 37 inlåsas
1879 1198 118 36 under

387 1272 63 36 två
476 1270 118 37 andra
619 1269 244 47 tjänstemäns
888 1264 64 36 lås.

490 1321 54 36 De
585 1318 211 48 uppgjorda
835 1316 156 36 listorna
1031 1312 231 36 överlämnas
1289 1309 61 35 till
1378 1320 45 23 en
1449 1306 150 42 revisor,
1627 1316 77 23 som
1732 1302 70 35 har
1829 1305 55 31 att
1910 1300 87 35 kon-

390 1374 164 42 trollera,
582 1376 55 30 att
665 1369 62 36 det
755 1368 162 45 angivna
944 1364 142 36 antalet
1111 1363 195 44 kuponger
1332 1357 191 45 verkligen
1549 1356 130 34 finnes.
1734 1352 113 35 Detta
1872 1350 127 46 tillgår

391 1424 49 45 så,
467 1428 55 31 att
562 1427 53 30 ett
647 1426 117 30 större
792 1418 90 35 eller
908 1414 145 37 mindre
1081 1413 102 36 antal
1208 1411 114 46 paket
1350 1409 89 36 eller
1463 1406 110 47 påsar
1600 1412 142 39 öppnas
1779 1402 68 36 och
1875 1414 46 23 av
1947 1413 52 23 rer

391 1474 126 36 visorn
557 1472 78 36 helt
675 1471 90 35 eller
805 1467 118 37 delvis
963 1464 269 47 genomräknas
1264 1461 68 36 och
1357 1458 188 47 granskas.
1599 1455 55 36 Fn
1680 1452 223 45 fullständig
1926 1464 73 22 om-

394 1523 231 48 granskning
651 1535 45 22 av
725 1519 174 45 samtliga
925 1518 195 44 kuponger
1146 1513 183 44 företages
1350 1510 91 36 icke.

496 1589 169 37 Därefter
690 1587 117 36 förses
835 1585 45 36 de
908 1582 170 48 öppnade
1104 1581 158 46 paketen
1289 1578 87 36 med
1401 1576 185 36 revisorns
1614 1573 97 46 sigill
1735 1571 69 36 och
1823 1571 178 44 inläggas,

392 1643 116 46 jämte
536 1640 129 45 övriga
690 1635 246 49 paket,under
952 1634 197 43 revisorns,
1167 1644 45 22 en
1230 1628 237 38 bokhållares
1486 1626 68 36 och
1582 1637 45 23 en
1648 1620 353 39 kammarskrivares

396 1691 32 47 (»
438 1688 210 47 Sekretär»)
676 1688 143 45 nyckel,
846 1687 12 35 i
882 1684 182 38 särskilda
1085 1680 187 48 järnskåp,
1299 1684 125 31 varest
1450 1677 44 36 de
1520 1675 178 44 förvaras,
1724 1673 78 35 tills
1830 1671 45 36 de
1899 1671 104 34 skola

395 1743 188 37 förstöras.

498 1793 254 42 Förstöringen
780 1802 47 22 av
852 1787 323 44 rikskupongerna
1201 1795 48 22 m.
1278 1794 48 22 m.
1355 1779 95 36 skall
1477 1777 115 45 enligt
1618 1772 189 39 föreskrift
1834 1779 69 38 äga
1920 1784 84 22 rum

399 1844 91 37 efter
528 1842 188 45 förloppet
755 1852 48 23 av
843 1838 63 35 det
935 1835 118 46 fjärde
1093 1831 256 38 kalenderåret
1375 1842 85 23 men
1487 1829 83 34 sker
1597 1839 46 23 av
1668 1824 193 48 praktiska
1888 1822 78 36 skäl
1993 1821 12 34 i

398 1894 255 45 verkligheten
680 1890 116 37 redan
822 1888 93 37 efter
941 1887 62 36 det
1029 1885 110 45 tredje
1166 1883 94 36 årets
1287 1881 150 46 förlopp
1464 1879 90 36 eller
1581 1885 100 27 ännu
1705 1874 170 45 tidigare.

501 1944 54 36 De
573 1942 210 47 preussiska
810 1940 244 45 kupongerna
1082 1935 166 35 däremot
1265 1933 173 41 brännas,
1455 1929 40 36 så
1513 1933 104 32 snart
1633 1926 203 45 lantdagen
1854 1923 153 45 beviljat

401 1996 181 44 decharge
608 1993 58 36 för
694 1992 63 36 det
782 1987 280 47 räkenskapsår,
1089 1984 185 37 varunder
1302 1983 46 35 de
1373 1982 141 35 inlösts.

502 2044 265 44 Förstöringen
806 2048 86 38 äger
931 2051 83 23 rum
1041 2037 14 35 i
1080 2043 159 29 närvaro
1276 2047 47 22 av
1351 2045 45 24 en
1428 2045 45 22 av
1500 2022 508 54 direktionsmedlemmarna,

402 2097 124 36 vilken
555 2095 62 35 det
644 2094 140 44 åligger
812 2096 55 31 att
893 2088 232 38 omedelbart
1149 2085 78 36 före
1245 2083 233 45 bränningen
1497 2093 134 34 genom
1650 2078 188 46 stickprov
1855 2076 68 35 här
1941 2074 67 35 och

404 2148 67 35 där
496 2147 13 35 i
535 2144 315 47 kupongpaketen
877 2139 203 38 verkställa
1106 2150 45 23 en
1178 2137 88 35 sista
1291 2133 177 37 kontroll.

505 2194 282 45 Behandlingen
815 2206 47 22 av
889 2188 219 39 annorledes
1136 2195 46 28 än
1206 2187 14 35 i
1247 2182 396 46 Staatstilgungskasse
1664 2179 137 35 inlösta
1819 2178 195 44 kuponger

405 2256 40 28 är
470 2249 13 35 i
510 2245 198 38 huvudsak
735 2239 389 40 överensstämmande
1150 2237 84 36 med
1262 2234 277 45 behandlingen
1557 2245 48 23 av
1623 2230 44 36 de
1685 2230 13 35 i
1715 2230 136 35 kassan
1866 2227 146 35 inlösta.
