2202 2626
750 200 46 28 Ba
809 199 195 31 rkoutskottets
1028 201 147 29 utlåtande
1197 201 47 29 Nr
1267 202 52 28 45.
1796 202 40 29 13

345 270 104 44 Även
478 280 101 35 dessa
607 281 152 46 tjänster
788 280 109 35 borde
926 281 114 46 enligt
1068 281 247 47 fullmäktiges
1339 283 148 46 mening
1516 283 171 47 uppföras
1706 285 20 33 å
1745 283 92 34 ordi-

237 332 98 34 narie
375 334 81 34 stat.
515 334 113 35 Deras
660 333 373 47 avlöningsförmåner
1061 336 121 45 syntes
1211 334 112 35 under
1352 336 206 35 nuvarande
1587 336 248 35 förhållanden

238 385 56 34 väl
323 385 139 49 knappt
489 387 182 34 tillmätta.

349 457 111 30 Såsom
494 457 103 38 skälig
632 457 150 38 avlöning
814 457 49 30 för
898 458 98 29 förste
1031 457 127 30 eldaren
1183 458 153 38 föresloge
1360 459 203 39 fullmäktige
1591 459 94 37 1,700
1710 460 125 35 kronor,

237 499 95 31 därav
370 500 95 37 1,200
501 501 116 30 kronor
652 501 53 30 lön
740 502 59 29 och
836 501 63 30 500
924 502 116 29 kronor
1063 503 412 38 tjänstgöringspenningar,
1499 504 101 38 jämte
1623 506 63 27 rätt
1709 503 48 30 till
1783 505 54 29 två

236 544 216 39 ålderstillägg
475 547 19 27 å
519 544 62 30 150
606 545 124 29 kronor.
779 545 265 38 Slutavlöningen
1068 545 104 30 skulle
1195 546 41 29 då
1260 546 86 30 bliva
1372 547 95 38 2,000
1492 548 124 29 kronor.
1657 548 179 29 Förmånen

236 599 39 20 av
299 589 41 29 fri
366 589 121 35 bostad,
513 591 108 28 värme
644 589 60 30 och
728 589 66 39 ljus
819 589 96 30 borde
941 589 86 30 bliva
1050 589 199 30 oförändrad.

347 633 381 38 Avlöningsförmånerna
751 634 49 29 för
824 633 38 30 de
887 633 83 30 båda
994 634 224 39 portvakterna
1242 634 96 30 borde
1355 635 99 38 enligt
1469 635 219 39 fullmäktiges
1706 636 130 38 mening

238 678 194 29 bestämmas
457 678 50 30 till
531 678 48 30 för
603 688 39 20 en
666 687 56 21 var
747 677 96 37 1,600
868 678 125 36 kronor,
1019 678 97 30 därav
1131 678 94 37 1,100
1238 679 115 29 kronor
1368 679 52 30 lön
1439 680 59 29 och
1517 679 62 31 500
1598 680 115 30 kronor
1725 681 109 38 tjänst-

236 722 312 38 göringspenningar,
574 723 100 39 jämte
698 725 63 27 rätt
784 722 49 30 till
858 723 55 29 två
936 722 216 40 ålderstillägg
1175 725 18 28 å
1211 722 62 30 150
1290 723 124 31 kronor.
1451 724 261 39 Slutavlöningen
1731 725 104 29 skulle

235 765 136 30 gålunda
403 766 86 31 bliva
524 766 95 37 1,900
650 767 123 30 kronor.
820 767 180 30 Förmånen
1023 778 39 20 av
1085 768 41 29 fri
1153 768 111 30 bostad
1288 779 41 19 m.
1354 779 42 19 m.
1422 769 104 30 skulle
1550 769 155 30 beräknas
1729 770 104 30 såsom

235 810 48 29 för
306 811 204 30 närvarande.

346 855 112 30 Såsom
481 856 155 39 lämpliga
659 856 306 38 pensionsunderlag
988 856 153 38 föresloge
1164 856 204 39 fullmäktige
1391 858 50 29 för
1463 858 97 30 förste
1585 857 127 31 eldaren
1739 857 95 37 1,300

236 899 115 30 kronor
373 900 59 29 och
456 900 49 30 för
529 900 226 39 portvakterna
780 900 95 36 1,200
900 900 125 30 kronor.

345 944 62 30 För
441 944 313 31 Öövervaktmästaren
787 945 60 29 och
871 945 295 36 övermaskinisten,
1192 945 87 30 vilka
1301 946 49 29 för
1373 946 196 30 närvarande
1593 946 83 30 hade
1699 949 63 27 rätt
1784 946 51 30 till

234 991 152 27 semester
420 988 102 31 under
546 989 91 38 högst
663 988 39 30 15
728 988 96 39 dagar
846 990 89 38 varje
959 990 43 35 år,
1026 989 154 38 föresloge
1203 989 203 39 fullmäktige
1430 1000 40 20 en
1494 991 157 29 utsträckt
1674 993 160 28 semester-

234 1035 63 28 rätt
320 1033 50 30 till
394 1036 46 27 tre
464 1033 115 30 veckor
602 1033 129 39 årligen.
779 1033 62 30 För
864 1034 97 29 förste
986 1033 125 30 eldaren
1137 1034 60 29 och
1221 1035 226 37 portvakterna
1471 1035 96 30 borde
1590 1035 133 30 rörande
1740 1035 94 39 ledig-

236 1078 54 29 het
312 1077 84 39 gälla
420 1087 125 21 samma
568 1077 242 31 bestämmelser
833 1087 69 21 som
926 1078 49 30 för
998 1078 240 31 vaktmästarna
1261 1079 55 30 vid
1338 1079 315 39 riksgäldskontoret.

340 1141 21 34 I
389 1141 211 48 anslutning
628 1141 123 35 härtill
779 1141 93 35 hava
900 1141 229 47 fullmäktige
1159 1141 169 48 framlagt
1356 1142 160 48 följande
1545 1143 134 47 förslag
1702 1143 57 35 till
1778 1156 58 22 av-

234 1194 230 48 löningsstat:

235 1281 4 30 I
1679 1284 3 11 |
1832 1283 3 24 |

872 1296 91 49 jänst-
1721 1320 68 26 Pen-
1831 1311 3 32 |

235 1339 4 26 |
717 1344 3 32 |
750 1353 61 25 Lön
833 1343 139 60 [Eee
1005 1353 115 26 Summa
1249 1353 194 34 Alderstillägg
1464 1354 39 25 till
1523 1355 46 26 lön
1712 1356 88 26 sions-

235 1399 4 40 I
864 1406 99 33 ningar
1690 1387 136 42 underlag

716 1471 3 22 |
753 1451 49 26 Kr.
832 1451 4 41 |
885 1451 50 25 Kr.
1039 1447 44 41 Kr.
1136 1483 3 10 i
1384 1448 44 41 Kr.
1678 1475 3 21 |
1733 1450 44 41 Kr.
1830 1483 3 36 |

717 1496 2 7 I
832 1492 26 30 ro
918 1492 70 30 VV
1132 1499 6 23 []
1677 1506 3 9 '

251 1541 14 24 1
287 1540 255 26 övervaktmästare
670 1564 2 2 :
741 1540 77 30 1,600
893 1540 78 31 1,000
1044 1540 79 33 2,600
1135 1531 23 78 h
1178 1540 51 27 300
1242 1541 39 25 kr.
1293 1541 69 26 efter
1381 1542 16 26 5
1417 1541 38 33 år,
1475 1542 52 27 300
1537 1542 38 25 kr.
1588 1542 68 26 efter
1687 1544 9 30 |
1721 1561 79 27 1.800
1830 1567 3 12 |

251 1576 14 25 1
286 1576 217 26 övermaskinist
537 1597 159 5 ..s.ovccnm..
741 1576 75 32 1,500
831 1599 2 35 |
893 1576 79 31 1,000
1044 1576 79 32 2,600
1214 1576 156 34 ytterligare
1390 1577 16 26 5
1426 1577 38 26 år.
1677 1559 23 56 if
1739 1583 6 10 ,

251 1613 14 24 1
285 1611 87 26 förste
392 1611 94 26 eldare
501 1633 207 5 ...................
741 1612 78 30 1,200
919 1612 52 26 500
1044 1612 79 29 1,700
1494 1631 11 6 -
1677 1631 3 12 I
1720 1614 79 32 1,300
1830 1615 3 17 |

251 1648 14 25 1
285 1648 128 32 Portväkt
429 1669 278 6 nns
740 1647 93 32 1100
919 1647 52 27 500]
1017 1611 16 79 —
1044 1615 94 64 1600]
1178 1630 51 60 150
1251 1630 51 61 kraj
1307 1630 69 62 eftor
1389 1631 17 60 5
1426 1631 36 61 av
1475 1632 51 25 150
1536 1631 38 26 kr.
1586 1632 70 25 efter
1677 1656 3 19 hy
1721 1669 78 26 2000
1830 1634 3 61 |

251 1683 14 25 1
286 1683 45 26 d:o
360 1706 27 4 ..
740 1683 73 31 1,100
824 1687 9 29 |
919 1683 52 26 5001]
1044 1683 93 33 1600)
1306 1675 62 24 gare
1390 1684 8 8 9
1426 1682 38 10 ar.
1679 1687 83 28 fbe

579 1736 115 26 Summa

739 1736 80 32 6,600
834 1744 1 11 |
864 1714 13 61 —
892 1726 95 45 3,500]
1026 1718 112 51 10,100]

232 1809 81 25 Anm.
334 1809 23 25 1.
397 1802 280 32 Övervaktmästaren
706 1808 119 33 åtnjuter
853 1807 34 27 fri
915 1807 100 27 bostad
1042 1808 64 25 med
1134 1808 95 33 nödigt
1257 1808 112 26 bränsle
1389 1811 73 24 samt
1482 1809 141 27 elektriskt
1642 1810 54 33 ljus
1716 1811 64 25 med
1799 1819 34 18 en

398 1843 269 35 strömförbrukning
687 1851 34 18 av
740 1844 82 33 högst
841 1843 53 27 200
912 1843 52 26 kw.
985 1851 44 18 om
1051 1843 58 26 året
1127 1846 134 23 ävensom
1281 1844 303 27 uniformsbeklädnad.

231 1880 82 26 Anm.
332 1881 26 24 2.
398 1879 256 27 Övermaskinisten
674 1879 52 26 och
747 1880 86 25 förste
853 1879 113 26 eldaren
986 1879 106 33 åtnjuta
1112 1879 33 26 fri
1164 1879 101 27 bostad
1286 1881 63 25 med
1368 1880 95 35 nödigt
1476 1881 112 26 bränsle
1604 1883 74 24 samt
1692 1881 142 27 elektriskt

398 1915 55 33 ljus
473 1915 63 26 med
556 1923 34 18 en
610 1915 271 33 strömförbrukning
899 1923 35 18 av
954 1916 80 32 högst
1054 1915 51 27 100
1123 1916 52 25 kw.
1194 1924 45 18 om
1259 1915 67 26 året.

231 1952 82 25 Anm.
333 1954 25 24 3.
396 1953 44 24 Av
459 1951 34 26 de
512 1952 9 25 i
541 1953 91 25 staten
651 1951 42 26 för
713 1951 251 26 övermaskinisten
983 1953 141 31 upptagna
1142 1951 391 35 tjänstgöringspenningarna
1552 1954 99 32 utgöra
1670 1953 52 26 300
1731 1953 102 27 kronor

397 1987 153 33 ersättning
569 1987 43 26 för
630 1987 93 31 tillsyn
743 1987 16 26 å
778 1987 34 26 de
832 1987 150 26 elektriska
1001 1986 234 34 anläggningarna
1254 1988 9 25 i
1282 1987 212 34 riksdagshuset
1513 1991 72 24 samt
1597 1990 42 25 för
1649 1990 184 32 upprättande

397 2031 35 17 av
452 2023 120 26 statistik
592 2024 67 25 över
678 2023 216 32 förbrukningen
915 2031 35 17 av
969 2022 170 26 elektricitet.

232 2059 81 25 Anm.
334 2060 24 24 4.
397 2059 199 26 Portvakterna
616 2058 106 33 åtnjuta
742 2059 33 25 fri
794 2059 101 26 bostad
914 2058 64 26 med
998 2058 95 34 nödigt
1112 2058 110 26 bränsle
1242 2061 73 23 samt
1334 2059 142 26 elektriskt
1494 2059 55 34 ljus
1569 2060 63 28 med
1643 2068 34 18 en
1691 2061 142 26 strömför-

397 2094 137 34 brukning
552 2102 37 18 av
607 2094 82 32 högst
709 2095 51 26 150
778 2095 51 25 kw.
850 2103 45 17 om
915 2094 58 26 året
993 2097 133 23 ävensom
1146 2094 304 28 uniformsbeklädnad.

342 2151 53 34 Då
422 2150 230 47 fullmäktige
676 2152 118 33 ansett
822 2150 173 47 förslaget
1021 2150 58 35 till
1098 2150 263 48 lönereglering
1377 2151 85 35 böra
1484 2152 234 36 underställas
1737 2153 96 35 löne-

232 2204 433 47 regleringskommitténs
693 2203 192 48 prövning,
915 2204 92 35 hade
1035 2204 230 47 fullmäktige
1294 2204 65 36 hos
1390 2205 138 47 Kungl.
1550 2205 109 48 Maj:t
1678 2206 155 35 anhållit

232 2270 59 23 om
320 2257 165 49 uppdrag
513 2259 38 34 åt
578 2257 158 36 nämnda
763 2257 192 36 kommitté
984 2259 54 34 att
1066 2258 128 47 avgiva
1222 2258 168 48 yttrande
1420 2262 84 32 över
1532 2259 181 48 förslaget.

1872 1172 107 31 Förslag
1998 1172 39 23 till

1864 1207 183 31 avlöningsstat

1840 1241 50 33 Sör
1912 1243 145 32 tjänstinne-

1847 1280 92 22 havare
1949 1279 100 24 vidriks

1870 1315 94 30 dagens
1982 1315 56 24 hus.

1843 2170 211 31 Lönereglerings-

1869 2206 157 24 kommaittens

1864 2243 118 28 yttrande
1999 2241 37 24 in-

1896 2278 106 24 hämtas.
