1898 2826
577 161 290 32 Stlalsutskottets
892 162 186 30 utlåtande
1104 162 52 31 Nr
1184 163 50 28 90.
1569 164 39 30 17

147 235 61 31 har
244 236 107 30 denne
387 237 147 30 kommit
568 238 50 29 att
648 237 32 30 få
702 237 153 36 uppbära
880 238 40 30 de
944 239 152 34 sportler,
1121 249 71 20 som
1216 242 58 27 äro
1301 240 158 30 förenade
1482 241 77 30 med
1583 241 70 30 hål-

146 279 115 31 landet
295 290 44 20 av
364 281 186 30 exekutiva
574 281 190 30 auktioner.
812 282 212 30 Stalsverket
1048 283 61 29 har
1134 283 218 35 följaktligen
1376 284 181 35 samtidigt
1580 294 72 20 som

146 323 55 30 det
226 324 65 30 fått
315 324 152 30 utbetala
491 325 191 35 ersättning
708 326 51 28 för
783 325 64 30 den
865 326 144 29 mistade
1025 326 322 35 sportelinkomsten
1364 328 55 29 till
1438 329 88 28 förre
1544 328 109 30 lands-

143 367 232 30 sekreteraren
412 368 11 29 i
458 368 215 30 Stockholms
707 368 58 30 län
789 368 147 31 kommit
959 371 50 28 att
1033 370 43 34 gå
1100 370 100 30 miste
1223 380 54 20 om
1302 371 219 30 huvuddelen
1545 382 43 19 av
1613 372 39 30 de

146 410 188 36 inflytande
358 412 371 33 sportelinkomsterna.

188 453 52 30 Då
264 454 56 30 det
343 454 110 35 enligt
479 455 39 29 16
543 456 18 36 $
584 465 44 20 av
652 455 63 29 den
741 455 53 30 för
818 455 201 35 riksdagens
1038 456 166 30 revisorer
1220 457 159 34 gällande
1396 458 256 30 instruktionen

143 497 133 34 åligger
311 498 216 29 revisorerna
560 499 50 28 att
645 498 99 34 tillse,
780 500 51 28 att
865 499 74 29 ieke
973 500 128 28 statens
1136 499 109 30 medel
1269 500 178 30 användas
1471 501 51 29 för
1546 501 107 30 andra

144 540 162 30 ändamål
332 542 44 28 än
401 540 86 35 dem,
513 541 120 29 vartill
657 541 40 30 de
720 551 46 20 av
789 542 184 35 riksdagen
992 542 216 30 föreskrivits
1226 543 94 30 skola
1338 543 206 36 disponeras,
1561 544 91 30 hava

144 584 212 29 revisorerna
380 585 112 29 ansett
515 584 53 35 sig
593 584 81 30 böra
698 584 88 30 fästa
810 585 200 35 riksdagens
1035 586 304 34 uppmärksamhet
1362 588 42 33 på
1429 587 141 30 berörda
1588 587 64 30 för-

144 626 172 36 hållande,
351 627 110 30 vilket
496 627 109 35 enligt
639 628 230 30 revisorernas
904 629 140 35 mening
1072 630 107 29 måste
1204 639 96 21 anses
1325 639 82 20 vara
1430 631 221 35 synnerligen

142 671 333 35 anmärkningsvärt
509 671 62 30 och
607 671 112 30 vittna
754 681 55 20 om
844 681 41 21 en
910 672 177 36 betänklig
1111 672 88 30 brist
1222 674 42 34 på
1288 673 134 36 hänsyn
1447 674 55 30 till
1526 675 126 29 statens

143 713 194 31 intressen.»

187 783 170 31 Yttrande
391 785 12 29 i
428 784 139 30 ärendet
591 784 63 30 har
676 785 152 35 avgivits
852 795 44 20 av
921 785 401 36 riksräkenskapsverket
1346 786 74 37 (Del
1445 786 54 30 III
1523 787 61 30 sid.
1610 787 40 30 86

141 835 64 30 och
230 835 52 37 87)
306 836 168 35 varjämte
492 836 191 35 förklaring
700 837 185 30 inkommit
901 837 78 30 från
996 837 243 36 länsstyrelsen
1257 838 74 36 (Del
1347 838 55 30 III
1419 838 60 31 sid.
1499 839 151 37 56—62),

142 896 74 21 som
241 887 217 31 beträffande
482 888 243 30 ovannämnda
749 888 100 36 fråga
872 889 116 30 anfört
1012 889 163 35 följande:

190 956 282 36 »Länsstyrelsen
496 957 132 30 erinrar
652 957 56 30 till
732 967 41 20 en
797 957 124 36 början
944 957 128 36 därom,
1097 960 52 29 att
1171 959 142 35 jämlikt
1328 960 323 36 utsökningslagens

144 1000 38 30 98
205 999 18 36 $
247 999 169 31 exekutiv
438 1000 159 36 auktion,
620 1009 122 22 varom
765 1001 66 30 här
854 1004 40 28 är
918 1002 114 35 fråga,
1055 1002 71 31 kan
1150 1003 116 30 hållas
1289 1002 173 37 antingen
1484 1004 21 30 å
1527 1003 119 31 veder-

145 1041 156 33 börande
325 1042 224 32 landskansli
574 1043 85 32 eller
685 1045 20 29 å
730 1046 111 29 annat
865 1045 114 35 ställe,
1004 1045 64 30 och
1093 1047 63 34 att,
1182 1048 66 27 när
1273 1046 67 31 den
1367 1045 91 31 skall
1484 1046 116 32 hållas
1626 1047 21 30 å

144 1089 112 29 annat
276 1086 112 36 ställe,
409 1087 155 31 särskild
586 1087 325 36 förrättningsman
932 1088 92 31 skall
1045 1088 198 31 förordnas.
1284 1088 179 32 Gäldenär
1484 1091 21 29 å
1526 1089 120 32 landet

144 1130 86 34 äger
251 1129 172 35 påfordra
443 1130 150 31 auktion
613 1132 21 30 å
655 1130 202 36 tingsställe
878 1131 12 30 i
912 1133 114 34 orten;
1050 1131 119 32 därest
1190 1132 172 35 gäldenär
1383 1133 130 31 önskar
1535 1136 111 28 unnat

143 1172 104 31 ställe
268 1174 12 29 i
304 1175 109 35 orten,
440 1174 75 30 »må
537 1173 195 32 auktionen
754 1173 65 31 där
841 1175 126 35 hållas,
990 1175 80 30 ifall
1093 1175 257 31 överexekutor
1373 1178 130 33 prövar
1527 1177 120 30 stället

143 1215 199 37 lämpligt»;
366 1218 56 30 för
443 1217 119 36 övrigt
582 1217 112 35 gäller
715 1219 117 30 såsom
851 1218 135 31 allmän
1006 1218 106 36 regel,
1133 1221 55 28 att
1207 1219 258 31 överexekutor
1486 1222 85 33 äger
1592 1219 54 31 be-

142 1261 162 34 stämma,
325 1270 65 21 var
413 1260 196 31 auktionen
631 1261 91 30 skall
744 1260 126 32 hållas.

184 1301 66 34 Att
272 1303 256 36 länsstyrelsen
552 1303 79 32 haft
654 1303 82 36 laga
760 1304 116 35 grund
899 1304 56 31 för
978 1304 59 32 det
1058 1304 190 31 anmärkta
1272 1305 236 36 förfarandet,
1530 1308 40 28 är
1593 1307 53 29 så-

143 1345 110 32 lunda
278 1346 202 35 uppenbart
503 1347 64 31 och
591 1357 45 21 av
660 1346 225 32 revisorerna
910 1346 77 32 icke
1013 1346 151 32 bestritt.
1211 1347 296 37 Anmärkningen
1533 1350 113 30 måste

145 1388 230 37 följaktligen
398 1391 46 34 gå
467 1392 40 29 ut
529 1392 46 32 på
598 1392 53 29 att
675 1389 256 36 länsstyrelsen
954 1389 220 33 missbrukat
1197 1390 56 32 sin
1275 1393 74 29 rätt
1373 1393 54 29 att
1450 1391 196 31 bestämma

144 1436 112 29 annat
285 1433 346 36 förrättningsställe
660 1435 46 29 än
735 1433 259 31 landskansliet
1024 1434 64 30 och
1118 1434 170 31 förordna
1316 1434 155 31 särskild
1505 1437 140 29 ftörrätt-

144 1476 201 36 ningsman.
388 1475 240 33 Revisorerna
651 1477 93 31 hava
767 1477 12 30 i
802 1476 97 32 detta
922 1477 200 31 hänseende
1143 1478 154 35 betonat,
1320 1479 53 29 att
1396 1480 65 28 när
1485 1478 60 31 vid
1568 1478 77 31 1925

141 1521 60 31 års
221 1520 263 36 lönereglering
507 1521 55 30 för
584 1521 298 34 länsstyrelserna
902 1521 200 35 sportlerna
1124 1520 56 31 för
1201 1520 193 31 exekutiva
1415 1521 189 31 auktioner
1625 1522 21 30 å

144 1563 259 32 landskansliet
432 1563 168 37 indrogos
629 1564 56 31 till
715 1564 225 36 statsverket,
970 1573 79 22 men
1078 1563 74 32 viss
1182 1564 201 36 ersättning
1412 1564 233 32 tillerkändes

141 1606 266 33 vederbörande
439 1606 370 37 befattningshavare,
843 1607 165 31 »härmed
1041 1606 155 36 givetvis
1227 1607 96 31 varit
1356 1607 200 37 meningen,
1589 1610 54 29 att

143 1650 282 35 ifrågavarande
450 1650 189 31 auktioner
664 1650 64 31 allt
755 1650 226 32 fortfarande
1005 1650 124 36 skulle,
1159 1650 6 31 i
1191 1650 66 31 den
1281 1652 83 29 mån
1389 1652 39 30 så
1452 1651 113 36 enligt
1590 1651 54 31 be-

141 1695 272 30 stämmelserna
434 1694 12 31 i
467 1694 319 35 utsökningslagen
807 1693 118 32 kunde
947 1693 69 37 ske,
1038 1694 115 31 hållas
1175 1695 20 29 å
1216 1694 289 31 landskansliet».

183 1737 239 32 Revisorerna
449 1737 156 32 citerade
631 1737 186 31 uttalande
842 1738 66 30 har
935 1737 71 31 fått
1031 1747 43 21 en
1100 1737 254 35 tillspetsning,
1382 1747 75 21 som
1483 1739 63 34 gör
1572 1737 72 31 det-

142 1790 137 23 samma
300 1781 116 31 starkt
437 1780 246 31 missvisande.
728 1779 47 32 Så
797 1780 70 31 vitt
889 1780 256 36 länsstyrelsen
1167 1780 146 36 känner,
1336 1780 67 31 har
1425 1780 134 31 varken
1583 1780 62 31 vid

143 1824 77 32 1923
240 1826 59 31 års
318 1823 262 37 lönereglering
600 1824 85 31 eller
704 1824 132 31 efteråt
855 1824 97 30 varit
972 1824 50 30 tal
1042 1833 56 21 om
1116 1825 54 29 att
1190 1824 165 35 reglerna
1376 1824 55 30 för
1452 1824 192 31 exekutiva

140 1867 192 32 auktioner
352 1867 114 32 skulle
487 1869 45 33 på
551 1869 108 34 något
678 1869 71 29 sätt
770 1866 191 32 förändras
979 1886 40 3 —
1038 1876 43 21 en
1102 1866 213 36 förändring
1336 1867 91 31 hade
1448 1867 56 30 för
1525 1867 119 35 övrigt

142 1910 78 33 icke
240 1911 138 32 kunnat
398 1911 61 32 ske
480 1913 88 29 utan
589 1910 226 36 lagändring.
856 1910 68 31 Det
944 1911 200 30 motsvarar
1165 1909 137 32 varken
1321 1910 124 36 lagens
1468 1909 69 32 bud
1558 1910 86 31 eller

142 1955 133 36 praxis,
298 1958 66 28 när
387 1953 226 32 revisorerna
636 1954 74 31 tala
733 1963 56 21 om
811 1955 54 30 att
888 1953 188 31 auktioner
1102 1952 263 32 »fortfarande»
1390 1953 114 31 skulle
1527 1954 117 31 hållas

141 2000 22 29 å
180 1999 260 31 landskansliet
456 1998 12 31 i
486 1998 72 31 alla
575 1998 41 31 de
635 1998 65 30 fall
717 1996 45 31 då
777 1998 57 30 »så
847 1997 113 36 enligt
972 1996 314 32 bestämmelserna
1299 1996 11 31 i
1323 1997 321 35 utsökningslagen

143 2042 118 31 kunde
287 2042 89 31 ske».
423 2042 122 35 Lagen
571 2040 142 37 medger
740 2040 246 36 uttryckligen
1012 2041 64 30 och
1103 2040 124 35 praxis
1254 2040 65 31 har
1347 2042 88 29 utan
1461 2040 50 31 all
1538 2040 105 36 fråga

142 2084 106 36 varit,
269 2087 53 30 att
342 2084 136 31 sådana
500 2084 188 31 auktioner
711 2083 122 31 kunna
856 2083 117 31 hållas
995 2085 21 29 å
1038 2085 111 29 annat
1172 2083 103 31 ställe
1296 2086 91 28 även
1408 2083 12 30 i
1441 2083 74 36 fall,
1537 2083 45 31 då
1601 2083 43 31 de

145 2129 136 31 »>kunde
301 2129 79 31 ske»
402 2129 11 30 i
434 2127 268 32 landskansliet.
724 2127 67 31 Det
812 2130 40 28 är
874 2127 74 35 just
970 2126 115 31 denna
1107 2125 351 37 bestämmanderätt,
1480 2137 74 20 som
1575 2126 69 31 till-

142 2172 157 32 kommer
320 2171 268 36 överexekutor,
609 2171 64 31 och
693 2181 75 21 som
788 2170 89 32 både
898 2170 157 31 formellt
1077 2170 64 31 och
1162 2170 102 31 reellt
1284 2170 168 31 kvarstår
1475 2170 167 31 orubbad.

142 2216 80 32 Vad
245 2218 41 29 år
310 2216 77 31 1923
413 2215 210 31 förutsattes
647 2214 64 30 och
735 2214 118 31 kunde
878 2213 214 31 förutsättas
1115 2223 66 21 var
1205 2213 202 36 säkerligen
1432 2213 77 31 icke
1532 2215 112 29 annat

140 2260 88 31 eller
246 2270 97 21 mera
364 2261 46 29 än
429 2261 54 29 att
503 2257 256 32 överexekutor
781 2257 76 31 icke
879 2256 114 32 skulle
1014 2257 165 35 förlägga
1200 2256 192 32 exekutiva
1413 2256 188 32 auktioner
1621 2257 21 30 å

141 2306 112 29 annat
276 2303 103 31 ställe
402 2304 46 29 än
471 2301 259 32 landskansliet
753 2301 12 30 i
788 2300 113 31 andra
925 2300 66 31 fall
1013 2302 46 29 än
1082 2300 45 31 då
1151 2299 129 36 giltiga
1303 2299 78 32 skäl
1404 2299 124 32 därtill
1553 2300 89 31 före-

143 2347 89 36 låge,
260 2347 106 31 alltså
393 2347 78 31 icke
498 2346 12 30 i
537 2345 94 36 syfte
659 2347 53 29 att
738 2344 145 31 därmed
911 2343 155 37 kringgå
1094 2344 219 35 sportlernas
1340 2342 219 37 indragning
1587 2343 56 31 till

140 2390 226 31 statsverket.

181 2433 146 36 Frågan
349 2433 114 36 gäller
486 2431 151 32 sålunda
659 2431 11 31 i
694 2430 237 32 förevarande
955 2430 75 36 fall,
1052 2440 55 20 om
1130 2430 256 36 länsstyrelsen
1409 2429 81 31 haft
1513 2429 129 37 giltiga

141 2476 79 33 skäl
242 2478 55 30 för
319 2479 53 29 att
394 2476 114 31 under
529 2474 67 32 den
618 2475 51 32 tid
692 2473 287 37 anmärkningen
1000 2483 103 21 avser
1126 2472 171 32 förordna
1319 2472 154 32 särskild
1497 2473 142 31 förrätt-

141 2541 109 30 Bihang
273 2542 39 23 till
335 2540 166 30 riksdagens
523 2539 143 30 protokoll
689 2538 75 24 1928.
801 2539 15 23 6
835 2538 82 23 saml.
955 2537 34 23 43
1009 2537 68 30 häft.
1115 2534 53 30 (Nr
1187 2536 53 25 90)
1595 2534 15 23 2
