2228 2642
468 153 245 34 Sammansatta
735 153 105 32 Stats-
865 151 55 34 och
943 150 242 43 Lagutskottets
1213 148 176 34 Utlåtande
1410 148 63 32 N:o
1494 152 30 27 4.
1739 148 16 29 1

647 233 10 7 På

934 694 78 42 N:o
1037 694 40 41 4.

714 850 75 29 Ank.
814 850 42 29 till
880 849 102 30 Riksd.
1007 849 94 30 kansli
1124 849 56 29 den
1204 849 40 29 30
1267 848 74 36 april
1365 847 89 36 1900,
1479 844 39 32 kl.
1545 848 16 28 1
1585 857 26 19 e.
1634 856 37 20 m.

412 995 195 42 Utlåtande,
647 994 13 34 i
699 993 188 44 anledning
927 992 47 43 af
1004 992 98 35 väckt
1140 991 123 35 motion
1302 1002 52 24 om
1384 990 237 44 utsträckning
1648 988 45 44 af
1714 988 96 36 tiden

595 1052 66 44 för
687 1054 42 34 de
755 1052 247 45 värnpligtiges
1029 1051 172 45 öfningar.

338 1205 66 37 Uti
431 1217 43 24 en
500 1206 92 35 inom
619 1204 128 36 Första
774 1203 217 36 Kammaren
1019 1203 40 35 af
1083 1204 81 34 herr
1191 1202 63 35 Fr.
1285 1202 247 42 Ridderbjelke
1558 1201 107 35 väckt
1679 1201 128 34 motion

205 1258 65 34 har
310 1256 211 45 föreslagits,
563 1259 55 32 att
650 1256 206 43 Riksdagen
889 1253 108 36 måtte
1024 1255 13 33 i
1064 1254 185 35 skrifvelse
1276 1253 55 34 till
1358 1252 130 45 Kongl.
1517 1251 109 45 Maj:t
1653 1249 155 44 anhålla,

206 1309 58 33 det
295 1307 131 44 Kongl.
455 1306 109 45 Maj:t
596 1307 138 35 täcktes
760 1304 75 37 låta
857 1306 165 34 utarbeta
1050 1305 64 34 och
1141 1305 54 33 för
1221 1303 203 44 Riksdagen
1453 1303 200 43 framlägga
1676 1302 135 44 förslag

205 1369 53 24 om
287 1358 151 44 ändring
465 1358 39 34 af
528 1368 48 24 nu
603 1358 162 43 gällande
793 1356 259 44 värnpligtslag
1079 1352 44 47 på
1150 1353 38 36 så
1215 1357 84 40 sätt,
1328 1357 54 31 att
1410 1353 209 44 öfningarna
1638 1352 100 45 börja
1758 1355 52 31 ett

205 1407 41 36 år
285 1409 152 44 tidigare
470 1409 65 34 och
566 1408 202 35 utsträckas
791 1407 54 34 till
876 1408 69 34 112
973 1407 123 43 dagar,
1124 1405 178 35 fördelade
1329 1402 45 46 på
1401 1409 54 30 tre
1482 1402 52 45 år,
1560 1404 107 44 jemte
1693 1403 116 34 utred-

205 1460 85 44 ning
318 1459 39 35 af
381 1460 41 34 de
449 1459 113 35 ökade
589 1459 237 35 kostnaderna
852 1458 54 34 för
932 1455 274 46 ifrågavarande
1233 1457 124 42 längre
1385 1455 173 44 öfningar.

340 1509 70 35 Till
436 1511 78 34 stöd
540 1510 54 35 för
622 1510 112 34 denna
761 1508 262 44 framställning
1051 1508 65 34 har
1143 1508 215 33 motionären
1387 1506 118 34 anfört
1532 1504 169 45 följande:

341 1560 80 35 Den
463 1561 95 34 tiden
592 1571 82 25 vore
705 1560 212 44 längesedan
945 1559 102 43 förbi,
1076 1556 44 36 då
1146 1568 80 24 man
1255 1554 130 47 ansåge
1413 1556 304 45 gevärsexercisen
1747 1556 63 34 och

208 1612 41 34 de
289 1611 158 35 formella
490 1615 232 32 manövrerna
762 1608 46 46 på
848 1611 58 33 det
938 1611 91 33 släta
1061 1608 243 44 öfningsfältet
1330 1618 88 24 vara
1445 1608 60 33 det
1533 1607 190 44 vigtigaste
1751 1606 60 34 vid

208 1662 360 44 trupputbildningen.
624 1661 133 35 Genom
799 1661 41 34 de
880 1651 273 53 långskjutande
1193 1659 195 43 eldvapnen
1428 1658 65 34 och
1534 1658 59 34 det
1633 1657 177 43 röksvaga

208 1714 139 33 krutets
386 1713 182 34 införande
608 1712 89 34 hade
728 1712 249 43 krigskonsten
1009 1711 11 33 i
1048 1708 125 45 många
1200 1709 186 34 afseenden
1415 1709 155 33 ändrats.
1626 1706 185 36 Soldatens

208 1763 199 44 utbildning
439 1761 109 36 måste
581 1763 11 34 i
619 1762 86 44 följd
732 1762 107 34 häraf
863 1762 12 33 i
902 1761 176 42 väsentlig
1104 1757 77 36 mån
1210 1769 89 25 vara
1327 1759 93 34 olika
1447 1761 72 31 mot
1545 1758 12 34 i
1584 1758 95 34 äldre
1708 1758 100 34 tider.

342 1812 73 36 Det
454 1824 85 24 vore
579 1813 109 35 under
720 1811 381 44 rekrytutbildningen,
1143 1820 71 24 som
1246 1810 158 43 grunden
1431 1809 98 34 lades
1555 1808 54 34 för
1636 1808 176 34 soldatens

209 1864 193 44 duglighet,
431 1875 77 24 men
536 1865 89 34 dock
651 1864 116 34 kunde
795 1863 121 35 dervid
945 1862 122 34 endast
1094 1861 65 34 den
1187 1860 174 35 enskildes
1388 1860 62 34 och
1475 1856 73 37 små
1573 1859 239 43 afdelningars

208 1912 212 46 åligganden
460 1915 149 35 inöfvas.
663 1913 84 35 Men
788 1913 55 35 för
882 1923 43 25 en
966 1913 81 34 härs
1090 1911 282 44 krigsduglighet
1408 1910 181 34 fordrades
1615 1910 196 33 samarbete

207 1966 128 34 mellan
363 1968 111 32 större
503 1966 93 34 olika
623 1964 266 44 truppförband,
918 1964 103 33 deras
1047 1962 223 43 förflyttning
1297 1962 110 33 under
1433 1961 137 34 marsch
1608 1960 62 34 och
1701 1960 112 34 under

208 2016 89 34 strid
333 2019 90 31 samt
458 2016 122 43 öfning
611 2016 11 34 i
650 2016 64 33 den
743 2015 54 34 för
825 2015 66 33 den
918 2024 110 33 nyare
1057 2013 241 43 krigföringen
1326 2009 38 37 så
1392 2011 264 44 betydelsefulla
1683 2011 129 33 bevak-

208 2066 267 44 ningstjensten.
531 2064 133 36 Likaså
687 2065 153 34 inlärdes
868 2065 56 34 väl
953 2064 200 43 grunderna
1173 2063 54 33 för
1246 2062 313 44 skjutskicklighet
1577 2062 39 32 at
1631 2061 180 42 rekryten,

208 2126 77 24 men
326 2126 116 25 vanan
484 2120 54 30 att
577 2116 119 43 skjuta
736 2115 111 34 under
879 2114 87 34 strid
998 2114 64 33 och
1090 2113 64 33 den
1188 2112 161 43 verkliga
1376 2111 261 43 elddisciplinen
1665 2111 149 33 erhölles

209 2166 88 34 först
341 2176 123 34 genom
509 2167 163 43 öfningar
711 2166 11 33 i
762 2168 112 31 större
914 2163 253 44 truppförband
1208 2163 64 33 och
1312 2159 149 37 sådanas
1500 2161 222 43 upprepande
1763 2160 51 34 tid

209 2217 91 34 efter
328 2217 61 34 tid.

253 2274 72 31 Bih.
352 2273 50 32 till
429 2273 111 32 Riksd.
567 2272 86 32 Prot.
679 2274 91 29 1900.
815 2274 20 28 4
859 2270 98 33 Saml.
1002 2272 23 30 2
1046 2270 78 41 Afd.
1169 2273 21 28 3
1214 2269 96 40 Häft.
1356 2268 77 37 (N:o
1456 2270 44 33 4)
