1908 2848
461 137 422 38 Bevillningsutskottets
908 136 226 33 betänkande
1158 136 54 33 Nr
1238 137 52 31 56.
1559 137 18 30 1

797 427 59 40 Nr
883 426 63 42 56.

641 546 109 24 Ankom
769 546 45 24 till
833 545 163 33 riksdagens
1014 546 93 24 kansli
1127 545 54 25 den
1200 546 33 24 29
1253 547 56 29 maj
1330 546 66 24 1934
1416 546 35 24 kl.
1473 547 15 23 5
1508 554 22 16 e.
1551 553 37 16 m.

217 638 423 38 Bevillningsutskottets
669 638 233 36 betänkande,
929 640 13 30 i
970 639 197 37 anledning
1193 649 45 22 av
1270 639 107 32 väckt
1405 640 135 31 motion
1567 650 57 21 om

418 691 84 31 ökat
528 690 186 37 tullskydd
738 691 59 36 för
822 691 121 36 fickur
964 693 96 29 samt
1083 692 97 30 vissa
1201 691 79 37 slag
1305 701 46 22 av
1374 691 144 33 boetter.

1393 750 71 37 (1:a
1483 751 96 37 avd.)

158 855 18 31 I
194 865 44 22 en
257 855 98 32 inom
373 856 115 31 andra
506 856 209 30 kammaren
734 866 46 20 av
800 855 82 31 herr
902 855 137 37 Leffler
1057 866 45 21 m.
1122 855 38 32 fl.
1179 856 118 36 väckt,
1316 855 57 31 till
1391 855 230 38 bevillnings-

118 906 172 33 utskottet
318 906 178 32 hänvisad
527 907 145 36 motion,
701 917 43 21 nr
772 907 69 36 231,
870 907 66 31 har
964 907 213 37 hemställts,
1205 909 55 30 att
1288 907 193 38 riksdagen
1509 909 112 31 måtte

117 957 148 39 besluta,
286 960 55 30 att
362 958 216 33 rubrikerna
598 960 88 36 1078,
706 960 78 31 1079
806 960 64 31 och
894 960 77 31 1083
990 960 12 30 i
1025 959 181 32 tulltaxan
1228 960 101 31 skola
1353 960 82 31 från
1455 961 66 31 och
1541 960 80 32 med

117 1008 71 38 dag
209 1021 78 21 som
310 1008 134 38 Kungl,
468 1009 112 38 Maj:t
603 1010 214 32 bestämmer
841 1011 94 31 hava
959 1011 161 37 följande
1143 1011 149 38 lydelse:

248 1080 67 32 Ur:

292 1133 127 32 fiekur:

118 1186 84 30 1078
337 1186 77 31 med
438 1187 92 31 boett
553 1197 46 20 av
623 1186 82 37 guld
729 1186 85 31 eller
836 1186 132 37 platina
995 1210 80 5 ........
1159 1211 223 5 oreeseressenssnenrnn.
1409 1188 18 30 1
1452 1188 41 30 St.
1540 1187 30 31 6:
1590 1204 31 4 —

119 1238 84 31 1079
338 1238 75 32 med
435 1238 93 32 boett
551 1249 46 21 av
620 1239 104 31 silver
747 1239 84 31 eller
853 1238 110 32 andra
985 1240 128 29 ämnen
1140 1263 242 4 ...............
1420 1240 8 30 1
1452 1240 40 30 st.
1539 1240 85 31 2:—

249 1344 116 36 Delar,
388 1344 33 36 ej
446 1344 142 31 särskilt
610 1343 161 37 nämnda,
796 1344 56 31 till
874 1354 59 21 ur:

293 1396 144 31 boetter:

119 1449 85 31 1083
339 1459 46 21 av
408 1449 83 36 guld
514 1449 86 31 eller
622 1449 133 36 platina
776 1473 166 5 :..ssmmsmmmmmmmrrr
1015 1473 104 5 reses
1427 1444 38 46 I:
1478 1444 70 46 AG
1584 1468 41 3 Hä

158 1647 68 32 Det
252 1650 13 30 i
291 1648 181 32 motionen
503 1648 229 32 framställda
759 1648 179 36 yrkandet
964 1648 162 36 innebär,
1153 1650 54 30 att
1235 1649 113 31 tullen
1377 1649 114 31 skulle
1519 1650 103 37 höjas

121 1700 56 31 för
198 1700 121 32 fickur
340 1700 80 32 med
439 1699 97 32 boett
555 1711 47 20 av
626 1700 85 37 guld
731 1700 87 32 eller
837 1700 140 37 platina
996 1700 81 31 med
1096 1701 19 30 2
1134 1701 133 31 kronor
1288 1701 57 31 till
1366 1701 19 31 6
1402 1702 144 37 kronor,
1566 1702 58 31 för

120 1752 119 32 fickur
263 1753 82 31 med
366 1753 95 30 boett
486 1763 47 21 av
556 1752 109 32 silver
690 1752 86 31 eller
799 1753 115 31 andra
938 1755 129 28 ämnen
1091 1753 79 32 med
1195 1754 17 29 1
1236 1754 113 31 krona
1372 1753 56 31 till
1449 1754 19 30 2
1490 1754 132 31 kronor

120 1806 92 30 samt
235 1804 57 31 för
313 1804 127 32 enbart
460 1804 138 31 boetter
619 1815 46 21 av
687 1804 87 37 guld
798 1804 87 32 eller
904 1804 141 36 platina
1066 1805 79 31 med
1168 1805 18 30 2
1207 1805 134 31 kronor
1363 1806 56 30 till
1440 1807 19 30 5
1480 1806 143 36 kronor,

119 1854 66 32 allt
208 1867 63 26 per
296 1857 123 36 stycke
444 1856 141 32 räknat.
636 1855 143 33 Härvid
805 1857 94 31 hava
922 1857 268 31 motionärerna
1217 1857 182 37 förutsatt,
1425 1859 55 30 att
1504 1859 119 36 någon

119 1907 156 38 ändring
298 1908 78 31 icke
399 1908 114 31 skulle
537 1907 168 38 vidtagas
727 1909 12 30 i
765 1908 41 31 de
830 1918 46 21 av
897 1908 78 31 19382
1001 1910 60 29 års
1084 1909 147 36 riksdag
1253 1909 183 31 beslutade
1460 1910 163 37 tilläggs-

120 1959 169 36 tullarna,
310 1960 57 30 för
387 1959 119 32 fickur
526 1959 81 31 med
627 1960 96 31 boett
744 1970 47 21 av
810 1959 87 37 guld
917 1959 86 31 eller
1024 1959 140 37 platina
1186 1961 18 29 2
1223 1960 133 31 kronor
1376 1962 92 30 samt
1489 1961 57 31 för
1566 1972 57 20 en-

119 2012 81 31 bart
216 2012 139 31 boetter
374 2022 46 20 av
442 2011 87 37 guld
546 2011 87 31 eller
650 2011 140 36 platina
810 2011 171 31 likaledes
1000 2012 18 29 2
1037 2011 132 31 kronor
1187 2021 63 27 per
1270 2012 131 37 stycke,
1421 2032 39 3 —
1477 2013 146 31 Boetter

118 2073 46 21 av
181 2063 111 31 silver
311 2063 86 31 eller
419 2062 113 32 andra
552 2065 128 29 ämnen
700 2063 214 31 tulltaxeras
931 2063 118 31 såsom
1069 2063 146 31 arbeten
1235 2074 47 20 av
1298 2063 60 32 det
1377 2066 111 34 ämne,
1508 2076 114 20 varav

118 2116 42 31 de
180 2116 111 31 bestå.

159 2218 126 37 Enligt
304 2219 71 30 vad
396 2219 12 30 i
429 2218 181 31 motionen
633 2218 153 35 anföres,
807 2218 66 30 har
895 2217 173 37 förslaget
1091 2218 216 32 framställts
1328 2219 12 30 i
1361 2220 94 36 syfte
1476 2221 55 30 att
1551 2219 71 32 till-

121 2271 79 30 föra
218 2270 224 31 statskassan
462 2269 113 31 ökade
598 2269 205 31 inkomster.
840 2268 208 32 Härutöver
1070 2269 67 31 har
1157 2270 11 30 i
1189 2270 180 31 motionen
1392 2271 230 35 framhållits,

119 2324 54 29 att
197 2321 215 31 hithörande
437 2320 155 31 artiklar
616 2331 46 20 av
686 2320 86 36 guld
796 2320 86 31 eller
905 2320 141 36 platina
1072 2321 90 30 hade
1188 2331 43 21 en
1256 2322 11 30 i
1292 2322 74 30 viss
1393 2323 83 29 mån
1501 2323 121 36 lyxbe-

120 2373 108 31 tonad
248 2373 175 30 karaktär
441 2375 95 28 samt
556 2373 54 30 att
629 2372 43 31 de
694 2372 206 36 föreslagna
921 2371 375 38 tullförhöjningarna
1316 2373 113 31 skulle
1450 2384 90 21 vara
1563 2377 60 33 äg-

119 2424 90 31 nade
232 2426 54 30 att
308 2424 151 31 inverka
483 2425 194 34 gynnsamt
702 2425 20 29 å
745 2422 331 32 handelsbalansen.
1122 2423 187 37 Därjämte
1334 2425 94 30 hava
1450 2426 173 30 motionä-

125 2494 109 31 Bihang
255 2494 42 25 till
318 2493 165 32 riksdagens
504 2492 145 33 protokoll
674 2492 74 26 1934.
790 2496 14 22 7
823 2496 82 22 saml.
942 2495 40 24 Nr
1002 2495 41 24 56.
1578 2495 8 23 |
