<?xml version="1.0" encoding="UTF-8"?>
<alto xmlns="http://www.loc.gov/standards/alto/ns-v3#" xmlns:xlink="http://www.w3.org/1999/xlink" xmlns:xsi="http://www.w3.org/2001/XMLSchema-instance" xsi:schemaLocation="http://www.loc.gov/standards/alto/ns-v3# http://www.loc.gov/alto/v3/alto-3-0.xsd">
	<Description>
		<MeasurementUnit>pixel</MeasurementUnit>
		<sourceImageInformation>
			<fileName>/tmp/tess_p8gva4s7_input.PNG</fileName>
		</sourceImageInformation>
		<OCRProcessing ID="OCR_0">
			<ocrProcessingStep>
				<processingSoftware>
					<softwareName>tesseract 5.3.0</softwareName>
				</processingSoftware>
			</ocrProcessingStep>
		</OCRProcessing>
	</Description>
	<Layout>
		<Page WIDTH="1846" HEIGHT="2772" PHYSICAL_IMG_NR="0" ID="page_0">
			<PrintSpace HPOS="0" VPOS="0" WIDTH="1846" HEIGHT="2772">
				<ComposedBlock ID="cblock_0" HPOS="255" VPOS="143" WIDTH="1107" HEIGHT="31">
					<TextBlock ID="block_0" HPOS="255" VPOS="143" WIDTH="1107" HEIGHT="31">
						<TextLine ID="line_0" HPOS="255" VPOS="143" WIDTH="1107" HEIGHT="31">
							<String ID="string_0" HPOS="255" VPOS="145" WIDTH="39" HEIGHT="29" WC="0.96" CONTENT="10"/><SP WIDTH="328" VPOS="145" HPOS="294"/>
							<String ID="string_1" HPOS="622" VPOS="143" WIDTH="285" HEIGHT="31" WC="0.91" CONTENT="Statsutskottets"/><SP WIDTH="20" VPOS="143" HPOS="907"/>
							<String ID="string_2" HPOS="927" VPOS="143" WIDTH="177" HEIGHT="30" WC="0.96" CONTENT="utlåtande"/><SP WIDTH="18" VPOS="143" HPOS="1104"/>
							<String ID="string_3" HPOS="1122" VPOS="153" WIDTH="42" HEIGHT="20" WC="0.96" CONTENT="nr"/><SP WIDTH="19" VPOS="153" HPOS="1164"/>
							<String ID="string_4" HPOS="1183" VPOS="145" WIDTH="20" HEIGHT="29" WC="0.96" CONTENT="3"/><SP WIDTH="17" VPOS="145" HPOS="1203"/>
							<String ID="string_5" HPOS="1220" VPOS="144" WIDTH="39" HEIGHT="29" WC="0.94" CONTENT="år"/><SP WIDTH="20" VPOS="144" HPOS="1259"/>
							<String ID="string_6" HPOS="1279" VPOS="144" WIDTH="83" HEIGHT="29" WC="0.96" CONTENT="1965"/>
						</TextLine>
					</TextBlock>
				</ComposedBlock>
				<ComposedBlock ID="cblock_1" HPOS="574" VPOS="222" WIDTH="1160" HEIGHT="145">
					<TextBlock ID="block_1" HPOS="574" VPOS="222" WIDTH="1160" HEIGHT="145">
						<TextLine ID="line_1" HPOS="615" VPOS="222" WIDTH="1118" HEIGHT="40">
							<String ID="string_7" HPOS="615" VPOS="222" WIDTH="36" HEIGHT="32" WC="0.92" CONTENT="b)"/><SP WIDTH="30" VPOS="222" HPOS="651"/>
							<String ID="string_8" HPOS="681" VPOS="222" WIDTH="53" HEIGHT="30" WC="0.96" CONTENT="till"/><SP WIDTH="13" VPOS="222" HPOS="734"/>
							<String ID="string_9" HPOS="747" VPOS="222" WIDTH="106" HEIGHT="29" WC="0.96" CONTENT="Extra"/><SP WIDTH="14" VPOS="222" HPOS="853"/>
							<String ID="string_10" HPOS="867" VPOS="223" WIDTH="144" HEIGHT="38" WC="0.96" CONTENT="utgifter"/><SP WIDTH="14" VPOS="223" HPOS="1011"/>
							<String ID="string_11" HPOS="1025" VPOS="224" WIDTH="47" HEIGHT="29" WC="0.93" CONTENT="ett"/><SP WIDTH="15" VPOS="224" HPOS="1072"/>
							<String ID="string_12" HPOS="1087" VPOS="223" WIDTH="356" HEIGHT="39" WC="0.91" CONTENT="reservationsanslag"/><SP WIDTH="13" VPOS="223" HPOS="1443"/>
							<String ID="string_13" HPOS="1456" VPOS="232" WIDTH="42" HEIGHT="21" WC="0.95" CONTENT="av"/><SP WIDTH="16" VPOS="232" HPOS="1498"/>
							<String ID="string_14" HPOS="1514" VPOS="223" WIDTH="61" HEIGHT="29" WC="0.96" CONTENT="125"/><SP WIDTH="14" VPOS="223" HPOS="1575"/>
							<String ID="string_15" HPOS="1589" VPOS="222" WIDTH="62" HEIGHT="29" WC="0.93" CONTENT="000"/><SP WIDTH="14" VPOS="222" HPOS="1651"/>
							<String ID="string_16" HPOS="1665" VPOS="223" WIDTH="68" HEIGHT="33" WC="0.91" CONTENT="kr.;"/>
						</TextLine>
						<TextLine ID="line_2" HPOS="617" VPOS="275" WIDTH="1117" HEIGHT="41">
							<String ID="string_17" HPOS="617" VPOS="275" WIDTH="33" HEIGHT="33" WC="0.47" CONTENT="ec)"/><SP WIDTH="31" VPOS="275" HPOS="650"/>
							<String ID="string_18" HPOS="681" VPOS="275" WIDTH="51" HEIGHT="30" WC="0.96" CONTENT="till"/><SP WIDTH="19" VPOS="275" HPOS="732"/>
							<String ID="string_19" HPOS="751" VPOS="276" WIDTH="187" HEIGHT="40" WC="0.93" CONTENT="Tillfälliga"/><SP WIDTH="17" VPOS="276" HPOS="938"/>
							<String ID="string_20" HPOS="955" VPOS="276" WIDTH="486" HEIGHT="39" WC="0.91" CONTENT="representationskostnader"/><SP WIDTH="18" VPOS="276" HPOS="1441"/>
							<String ID="string_21" HPOS="1459" VPOS="278" WIDTH="48" HEIGHT="27" WC="0.91" CONTENT="ett"/><SP WIDTH="18" VPOS="278" HPOS="1507"/>
							<String ID="string_22" HPOS="1525" VPOS="276" WIDTH="209" HEIGHT="39" WC="0.91" CONTENT="förslagsan-"/>
						</TextLine>
						<TextLine ID="line_3" HPOS="574" VPOS="328" WIDTH="356" HEIGHT="39">
							<String ID="string_23" HPOS="574" VPOS="328" WIDTH="73" HEIGHT="39" WC="0.96" CONTENT="slag"/><SP WIDTH="17" VPOS="328" HPOS="647"/>
							<String ID="string_24" HPOS="664" VPOS="338" WIDTH="42" HEIGHT="20" WC="0.96" CONTENT="av"/><SP WIDTH="16" VPOS="338" HPOS="706"/>
							<String ID="string_25" HPOS="722" VPOS="329" WIDTH="62" HEIGHT="29" WC="0.96" CONTENT="600"/><SP WIDTH="14" VPOS="329" HPOS="784"/>
							<String ID="string_26" HPOS="798" VPOS="329" WIDTH="63" HEIGHT="30" WC="0.95" CONTENT="000"/><SP WIDTH="17" VPOS="329" HPOS="861"/>
							<String ID="string_27" HPOS="878" VPOS="329" WIDTH="52" HEIGHT="30" WC="0.95" CONTENT="kr."/>
						</TextLine>
					</TextBlock>
				</ComposedBlock>
				<ComposedBlock ID="cblock_2" HPOS="540" VPOS="447" WIDTH="906" HEIGHT="44">
					<TextBlock ID="block_2" HPOS="540" VPOS="447" WIDTH="906" HEIGHT="44">
						<TextLine ID="line_4" HPOS="540" VPOS="447" WIDTH="906" HEIGHT="44">
							<String ID="string_28" HPOS="540" VPOS="447" WIDTH="130" HEIGHT="44" WC="0.96" CONTENT="Bidrag"/><SP WIDTH="15" VPOS="447" HPOS="670"/>
							<String ID="string_29" HPOS="685" VPOS="448" WIDTH="54" HEIGHT="33" WC="0.96" CONTENT="till"/><SP WIDTH="14" VPOS="448" HPOS="739"/>
							<String ID="string_30" HPOS="753" VPOS="449" WIDTH="94" HEIGHT="33" WC="0.96" CONTENT="vissa"/><SP WIDTH="14" VPOS="449" HPOS="847"/>
							<String ID="string_31" HPOS="861" VPOS="449" WIDTH="288" HEIGHT="33" WC="0.96" CONTENT="internationella"/><SP WIDTH="16" VPOS="449" HPOS="1149"/>
							<String ID="string_32" HPOS="1165" VPOS="449" WIDTH="281" HEIGHT="42" WC="0.96" CONTENT="organisationer"/>
						</TextLine>
					</TextBlock>
				</ComposedBlock>
				<ComposedBlock ID="cblock_3" HPOS="252" VPOS="531" WIDTH="1482" HEIGHT="306">
					<TextBlock ID="block_3" HPOS="252" VPOS="531" WIDTH="1482" HEIGHT="145">
						<TextLine ID="line_5" HPOS="300" VPOS="531" WIDTH="1433" HEIGHT="39">
							<String ID="string_33" HPOS="300" VPOS="531" WIDTH="94" HEIGHT="32" WC="0.91" CONTENT="11:0)"/><SP WIDTH="30" VPOS="531" HPOS="394"/>
							<String ID="string_34" HPOS="424" VPOS="532" WIDTH="225" HEIGHT="30" WC="0.93" CONTENT="Permanenta"/><SP WIDTH="18" VPOS="532" HPOS="649"/>
							<String ID="string_35" HPOS="667" VPOS="532" WIDTH="317" HEIGHT="36" WC="0.91" CONTENT="skiljedomstolens"/><SP WIDTH="19" VPOS="532" HPOS="984"/>
							<String ID="string_36" HPOS="1003" VPOS="533" WIDTH="277" HEIGHT="30" WC="0.96" CONTENT="internationella"/><SP WIDTH="18" VPOS="533" HPOS="1280"/>
							<String ID="string_37" HPOS="1298" VPOS="534" WIDTH="83" HEIGHT="34" WC="0.96" CONTENT="byrå"/><SP WIDTH="19" VPOS="534" HPOS="1381"/>
							<String ID="string_38" HPOS="1400" VPOS="534" WIDTH="11" HEIGHT="28" WC="0.96" CONTENT="i"/><SP WIDTH="18" VPOS="534" HPOS="1411"/>
							<String ID="string_39" HPOS="1429" VPOS="533" WIDTH="106" HEIGHT="35" WC="0.96" CONTENT="Haag."/><SP WIDTH="20" VPOS="533" HPOS="1535"/>
							<String ID="string_40" HPOS="1555" VPOS="533" WIDTH="12" HEIGHT="29" WC="0.96" CONTENT="I"/><SP WIDTH="20" VPOS="533" HPOS="1567"/>
							<String ID="string_41" HPOS="1587" VPOS="533" WIDTH="146" HEIGHT="37" WC="0.96" CONTENT="enlighet"/>
						</TextLine>
						<TextLine ID="line_6" HPOS="252" VPOS="584" WIDTH="1482" HEIGHT="40">
							<String ID="string_42" HPOS="252" VPOS="584" WIDTH="79" HEIGHT="29" WC="0.96" CONTENT="med"/><SP WIDTH="19" VPOS="584" HPOS="331"/>
							<String ID="string_43" HPOS="350" VPOS="584" WIDTH="125" HEIGHT="39" WC="0.79" CONTENT="Kungl."/><SP WIDTH="21" VPOS="584" HPOS="475"/>
							<String ID="string_44" HPOS="496" VPOS="585" WIDTH="124" HEIGHT="39" WC="0.96" CONTENT="Maj:ts"/><SP WIDTH="18" VPOS="585" HPOS="620"/>
							<String ID="string_45" HPOS="638" VPOS="585" WIDTH="131" HEIGHT="39" WC="0.96" CONTENT="förslag"/><SP WIDTH="23" VPOS="585" HPOS="769"/>
							<String ID="string_46" HPOS="792" VPOS="585" WIDTH="131" HEIGHT="39" WC="0.93" CONTENT="(punkt"/><SP WIDTH="19" VPOS="585" HPOS="923"/>
							<String ID="string_47" HPOS="942" VPOS="586" WIDTH="26" HEIGHT="28" WC="0.93" CONTENT="B"/><SP WIDTH="22" VPOS="586" HPOS="968"/>
							<String ID="string_48" HPOS="990" VPOS="586" WIDTH="26" HEIGHT="33" WC="0.87" CONTENT="1,"/><SP WIDTH="21" VPOS="586" HPOS="1016"/>
							<String ID="string_49" HPOS="1037" VPOS="595" WIDTH="24" HEIGHT="20" WC="0.87" CONTENT="s."/><SP WIDTH="24" VPOS="595" HPOS="1061"/>
							<String ID="string_50" HPOS="1085" VPOS="586" WIDTH="70" HEIGHT="34" WC="0.96" CONTENT="17),"/><SP WIDTH="22" VPOS="586" HPOS="1155"/>
							<String ID="string_51" HPOS="1177" VPOS="586" WIDTH="235" HEIGHT="29" WC="0.96" CONTENT="innebärande"/><SP WIDTH="21" VPOS="586" HPOS="1412"/>
							<String ID="string_52" HPOS="1433" VPOS="586" WIDTH="213" HEIGHT="29" WC="0.92" CONTENT="oförändrad"/><SP WIDTH="20" VPOS="586" HPOS="1646"/>
							<String ID="string_53" HPOS="1666" VPOS="595" WIDTH="68" HEIGHT="20" WC="0.92" CONTENT="me-"/>
						</TextLine>
						<TextLine ID="line_7" HPOS="252" VPOS="637" WIDTH="685" HEIGHT="39">
							<String ID="string_54" HPOS="252" VPOS="637" WIDTH="270" HEIGHT="39" WC="0.90" CONTENT="delsanvisning,"/><SP WIDTH="18" VPOS="637" HPOS="522"/>
							<String ID="string_55" HPOS="540" VPOS="638" WIDTH="201" HEIGHT="29" WC="0.96" CONTENT="hemställer"/><SP WIDTH="16" VPOS="638" HPOS="741"/>
							<String ID="string_56" HPOS="757" VPOS="639" WIDTH="180" HEIGHT="33" WC="0.96" CONTENT="utskottet,"/>
						</TextLine>
					</TextBlock>
					<TextBlock ID="block_4" HPOS="572" VPOS="691" WIDTH="1161" HEIGHT="146">
						<TextLine ID="line_8" HPOS="615" VPOS="691" WIDTH="1118" HEIGHT="41">
							<String ID="string_57" HPOS="615" VPOS="693" WIDTH="50" HEIGHT="28" WC="0.96" CONTENT="att"/><SP WIDTH="19" VPOS="693" HPOS="665"/>
							<String ID="string_58" HPOS="684" VPOS="691" WIDTH="187" HEIGHT="40" WC="0.96" CONTENT="riksdagen"/><SP WIDTH="19" VPOS="691" HPOS="871"/>
							<String ID="string_59" HPOS="890" VPOS="692" WIDTH="58" HEIGHT="29" WC="0.95" CONTENT="må"/><SP WIDTH="20" VPOS="692" HPOS="948"/>
							<String ID="string_60" HPOS="968" VPOS="693" WIDTH="51" HEIGHT="28" WC="0.95" CONTENT="till"/><SP WIDTH="18" VPOS="693" HPOS="1019"/>
							<String ID="string_61" HPOS="1037" VPOS="693" WIDTH="233" HEIGHT="30" WC="0.92" CONTENT="Permanenta"/><SP WIDTH="19" VPOS="693" HPOS="1270"/>
							<String ID="string_62" HPOS="1289" VPOS="692" WIDTH="321" HEIGHT="40" WC="0.90" CONTENT="skiljedomstolens"/><SP WIDTH="21" VPOS="692" HPOS="1610"/>
							<String ID="string_63" HPOS="1631" VPOS="693" WIDTH="102" HEIGHT="29" WC="0.92" CONTENT="inter-"/>
						</TextLine>
						<TextLine ID="line_9" HPOS="572" VPOS="745" WIDTH="1160" HEIGHT="40">
							<String ID="string_64" HPOS="572" VPOS="745" WIDTH="187" HEIGHT="29" WC="0.95" CONTENT="nationella"/><SP WIDTH="17" VPOS="745" HPOS="759"/>
							<String ID="string_65" HPOS="776" VPOS="745" WIDTH="82" HEIGHT="39" WC="0.95" CONTENT="byrå"/><SP WIDTH="19" VPOS="745" HPOS="858"/>
							<String ID="string_66" HPOS="877" VPOS="745" WIDTH="8" HEIGHT="29" WC="0.96" CONTENT="i"/><SP WIDTH="13" VPOS="745" HPOS="885"/>
							<String ID="string_67" HPOS="898" VPOS="746" WIDTH="99" HEIGHT="39" WC="0.96" CONTENT="Haag"/><SP WIDTH="15" VPOS="746" HPOS="997"/>
							<String ID="string_68" HPOS="1012" VPOS="745" WIDTH="53" HEIGHT="29" WC="0.96" CONTENT="för"/><SP WIDTH="15" VPOS="745" HPOS="1065"/>
							<String ID="string_69" HPOS="1080" VPOS="745" WIDTH="204" HEIGHT="38" WC="0.93" CONTENT="budgetåret"/><SP WIDTH="18" VPOS="745" HPOS="1284"/>
							<String ID="string_70" HPOS="1302" VPOS="746" WIDTH="149" HEIGHT="35" WC="0.92" CONTENT="1965/66"/><SP WIDTH="16" VPOS="746" HPOS="1451"/>
							<String ID="string_71" HPOS="1467" VPOS="746" WIDTH="119" HEIGHT="29" WC="0.96" CONTENT="anvisa"/><SP WIDTH="16" VPOS="746" HPOS="1586"/>
							<String ID="string_72" HPOS="1602" VPOS="747" WIDTH="47" HEIGHT="28" WC="0.93" CONTENT="ett"/><SP WIDTH="17" VPOS="747" HPOS="1649"/>
							<String ID="string_73" HPOS="1666" VPOS="746" WIDTH="66" HEIGHT="29" WC="0.92" CONTENT="för-"/>
						</TextLine>
						<TextLine ID="line_10" HPOS="572" VPOS="798" WIDTH="457" HEIGHT="39">
							<String ID="string_74" HPOS="572" VPOS="798" WIDTH="215" HEIGHT="39" WC="0.91" CONTENT="slagsanslag"/><SP WIDTH="17" VPOS="798" HPOS="787"/>
							<String ID="string_75" HPOS="804" VPOS="808" WIDTH="42" HEIGHT="20" WC="0.96" CONTENT="av"/><SP WIDTH="17" VPOS="808" HPOS="846"/>
							<String ID="string_76" HPOS="863" VPOS="798" WIDTH="20" HEIGHT="29" WC="0.96" CONTENT="4"/><SP WIDTH="13" VPOS="798" HPOS="883"/>
							<String ID="string_77" HPOS="896" VPOS="798" WIDTH="66" HEIGHT="29" WC="0.95" CONTENT="000"/><SP WIDTH="15" VPOS="798" HPOS="962"/>
							<String ID="string_78" HPOS="977" VPOS="799" WIDTH="52" HEIGHT="29" WC="0.96" CONTENT="kr."/>
						</TextLine>
					</TextBlock>
				</ComposedBlock>
				<ComposedBlock ID="cblock_4" HPOS="250" VPOS="877" WIDTH="1483" HEIGHT="146">
					<TextBlock ID="block_5" HPOS="250" VPOS="877" WIDTH="1483" HEIGHT="146">
						<TextLine ID="line_11" HPOS="298" VPOS="877" WIDTH="1434" HEIGHT="40">
							<String ID="string_79" HPOS="298" VPOS="877" WIDTH="94" HEIGHT="32" WC="0.91" CONTENT="12:0)"/><SP WIDTH="31" VPOS="877" HPOS="392"/>
							<String ID="string_80" HPOS="423" VPOS="877" WIDTH="147" HEIGHT="30" WC="0.96" CONTENT="Förenta"/><SP WIDTH="20" VPOS="877" HPOS="570"/>
							<String ID="string_81" HPOS="590" VPOS="877" WIDTH="218" HEIGHT="31" WC="0.90" CONTENT="Nationerna."/><SP WIDTH="22" VPOS="877" HPOS="808"/>
							<String ID="string_82" HPOS="830" VPOS="878" WIDTH="126" HEIGHT="39" WC="0.96" CONTENT="Kungl."/><SP WIDTH="23" VPOS="878" HPOS="956"/>
							<String ID="string_83" HPOS="979" VPOS="878" WIDTH="104" HEIGHT="39" WC="0.96" CONTENT="Maj:t"/><SP WIDTH="21" VPOS="878" HPOS="1083"/>
							<String ID="string_84" HPOS="1104" VPOS="878" WIDTH="63" HEIGHT="29" WC="0.96" CONTENT="har"/><SP WIDTH="23" VPOS="878" HPOS="1167"/>
							<String ID="string_85" HPOS="1190" VPOS="878" WIDTH="178" HEIGHT="39" WC="0.96" CONTENT="föreslagit"/><SP WIDTH="21" VPOS="878" HPOS="1368"/>
							<String ID="string_86" HPOS="1389" VPOS="878" WIDTH="187" HEIGHT="39" WC="0.96" CONTENT="riksdagen"/><SP WIDTH="28" VPOS="878" HPOS="1576"/>
							<String ID="string_87" HPOS="1604" VPOS="879" WIDTH="128" HEIGHT="38" WC="0.96" CONTENT="(punkt"/>
						</TextLine>
						<TextLine ID="line_12" HPOS="250" VPOS="930" WIDTH="1483" HEIGHT="40">
							<String ID="string_88" HPOS="250" VPOS="930" WIDTH="27" HEIGHT="28" WC="0.93" CONTENT="B"/><SP WIDTH="17" VPOS="930" HPOS="277"/>
							<String ID="string_89" HPOS="294" VPOS="930" WIDTH="29" HEIGHT="34" WC="0.86" CONTENT="2,"/><SP WIDTH="19" VPOS="930" HPOS="323"/>
							<String ID="string_90" HPOS="342" VPOS="939" WIDTH="26" HEIGHT="21" WC="0.86" CONTENT="s."/><SP WIDTH="20" VPOS="939" HPOS="368"/>
							<String ID="string_91" HPOS="388" VPOS="931" WIDTH="38" HEIGHT="29" WC="0.96" CONTENT="17"/><SP WIDTH="19" VPOS="931" HPOS="426"/>
							<String ID="string_92" HPOS="445" VPOS="931" WIDTH="66" HEIGHT="29" WC="0.96" CONTENT="och"/><SP WIDTH="19" VPOS="931" HPOS="511"/>
							<String ID="string_93" HPOS="530" VPOS="931" WIDTH="55" HEIGHT="35" WC="0.91" CONTENT="18)"/><SP WIDTH="23" VPOS="931" HPOS="585"/>
							<String ID="string_94" HPOS="608" VPOS="932" WIDTH="49" HEIGHT="28" WC="0.96" CONTENT="att"/><SP WIDTH="18" VPOS="932" HPOS="657"/>
							<String ID="string_95" HPOS="675" VPOS="931" WIDTH="52" HEIGHT="29" WC="0.96" CONTENT="till"/><SP WIDTH="17" VPOS="931" HPOS="727"/>
							<String ID="string_96" HPOS="744" VPOS="931" WIDTH="267" HEIGHT="39" WC="0.96" CONTENT="ifrågavarande"/><SP WIDTH="16" VPOS="931" HPOS="1011"/>
							<String ID="string_97" HPOS="1027" VPOS="931" WIDTH="163" HEIGHT="29" WC="0.96" CONTENT="ändamål"/><SP WIDTH="21" VPOS="931" HPOS="1190"/>
							<String ID="string_98" HPOS="1211" VPOS="932" WIDTH="53" HEIGHT="28" WC="0.96" CONTENT="för"/><SP WIDTH="18" VPOS="932" HPOS="1264"/>
							<String ID="string_99" HPOS="1282" VPOS="931" WIDTH="204" HEIGHT="38" WC="0.93" CONTENT="budgetåret"/><SP WIDTH="21" VPOS="931" HPOS="1486"/>
							<String ID="string_100" HPOS="1507" VPOS="932" WIDTH="149" HEIGHT="34" WC="0.92" CONTENT="1965/66"/><SP WIDTH="19" VPOS="932" HPOS="1656"/>
							<String ID="string_101" HPOS="1675" VPOS="941" WIDTH="58" HEIGHT="20" WC="0.91" CONTENT="an-"/>
						</TextLine>
						<TextLine ID="line_13" HPOS="252" VPOS="983" WIDTH="763" HEIGHT="40">
							<String ID="string_102" HPOS="252" VPOS="983" WIDTH="72" HEIGHT="29" WC="0.96" CONTENT="visa"/><SP WIDTH="16" VPOS="983" HPOS="324"/>
							<String ID="string_103" HPOS="340" VPOS="985" WIDTH="47" HEIGHT="28" WC="0.93" CONTENT="ett"/><SP WIDTH="17" VPOS="985" HPOS="387"/>
							<String ID="string_104" HPOS="404" VPOS="983" WIDTH="273" HEIGHT="40" WC="0.90" CONTENT="förslagsanslag"/><SP WIDTH="17" VPOS="983" HPOS="677"/>
							<String ID="string_105" HPOS="694" VPOS="993" WIDTH="41" HEIGHT="20" WC="0.96" CONTENT="av"/><SP WIDTH="18" VPOS="993" HPOS="735"/>
							<String ID="string_106" HPOS="753" VPOS="984" WIDTH="40" HEIGHT="29" WC="0.96" CONTENT="10"/><SP WIDTH="13" VPOS="984" HPOS="793"/>
							<String ID="string_107" HPOS="806" VPOS="984" WIDTH="64" HEIGHT="29" WC="0.96" CONTENT="300"/><SP WIDTH="13" VPOS="984" HPOS="870"/>
							<String ID="string_108" HPOS="883" VPOS="984" WIDTH="63" HEIGHT="30" WC="0.96" CONTENT="000"/><SP WIDTH="17" VPOS="984" HPOS="946"/>
							<String ID="string_109" HPOS="963" VPOS="985" WIDTH="52" HEIGHT="29" WC="0.96" CONTENT="kr."/>
						</TextLine>
					</TextBlock>
				</ComposedBlock>
				<ComposedBlock ID="cblock_5" HPOS="249" VPOS="1063" WIDTH="1484" HEIGHT="506">
					<TextBlock ID="block_6" HPOS="294" VPOS="1063" WIDTH="1253" HEIGHT="40">
						<TextLine ID="line_14" HPOS="294" VPOS="1063" WIDTH="1253" HEIGHT="40">
							<String ID="string_110" HPOS="294" VPOS="1063" WIDTH="164" HEIGHT="39" WC="0.95" CONTENT="Anslaget"/><SP WIDTH="19" VPOS="1063" HPOS="458"/>
							<String ID="string_111" HPOS="477" VPOS="1063" WIDTH="39" HEIGHT="29" WC="0.96" CONTENT="är"/><SP WIDTH="19" VPOS="1063" HPOS="516"/>
							<String ID="string_112" HPOS="535" VPOS="1063" WIDTH="53" HEIGHT="29" WC="0.96" CONTENT="för"/><SP WIDTH="19" VPOS="1063" HPOS="588"/>
							<String ID="string_113" HPOS="607" VPOS="1064" WIDTH="234" HEIGHT="29" WC="0.96" CONTENT="innevarande"/><SP WIDTH="16" VPOS="1064" HPOS="841"/>
							<String ID="string_114" HPOS="857" VPOS="1063" WIDTH="168" HEIGHT="40" WC="0.96" CONTENT="budgetår"/><SP WIDTH="20" VPOS="1063" HPOS="1025"/>
							<String ID="string_115" HPOS="1045" VPOS="1064" WIDTH="142" HEIGHT="39" WC="0.96" CONTENT="uppfört"/><SP WIDTH="19" VPOS="1064" HPOS="1187"/>
							<String ID="string_116" HPOS="1206" VPOS="1065" WIDTH="78" HEIGHT="29" WC="0.96" CONTENT="med"/><SP WIDTH="19" VPOS="1065" HPOS="1284"/>
							<String ID="string_117" HPOS="1303" VPOS="1064" WIDTH="19" HEIGHT="29" WC="0.96" CONTENT="9"/><SP WIDTH="14" VPOS="1064" HPOS="1322"/>
							<String ID="string_118" HPOS="1336" VPOS="1064" WIDTH="62" HEIGHT="29" WC="0.96" CONTENT="000"/><SP WIDTH="15" VPOS="1064" HPOS="1398"/>
							<String ID="string_119" HPOS="1413" VPOS="1064" WIDTH="63" HEIGHT="30" WC="0.96" CONTENT="000"/><SP WIDTH="19" VPOS="1064" HPOS="1476"/>
							<String ID="string_120" HPOS="1495" VPOS="1065" WIDTH="52" HEIGHT="29" WC="0.96" CONTENT="kr."/>
						</TextLine>
					</TextBlock>
					<TextBlock ID="block_7" HPOS="250" VPOS="1116" WIDTH="1483" HEIGHT="251">
						<TextLine ID="line_15" HPOS="295" VPOS="1116" WIDTH="1438" HEIGHT="41">
							<String ID="string_121" HPOS="295" VPOS="1116" WIDTH="65" HEIGHT="29" WC="0.96" CONTENT="Till"/><SP WIDTH="15" VPOS="1116" HPOS="360"/>
							<String ID="string_122" HPOS="375" VPOS="1116" WIDTH="171" HEIGHT="30" WC="0.96" CONTENT="utskottet"/><SP WIDTH="14" VPOS="1116" HPOS="546"/>
							<String ID="string_123" HPOS="560" VPOS="1117" WIDTH="63" HEIGHT="28" WC="0.96" CONTENT="har"/><SP WIDTH="13" VPOS="1117" HPOS="623"/>
							<String ID="string_124" HPOS="636" VPOS="1116" WIDTH="233" HEIGHT="30" WC="0.96" CONTENT="överlämnats"/><SP WIDTH="15" VPOS="1116" HPOS="869"/>
							<String ID="string_125" HPOS="884" VPOS="1126" WIDTH="44" HEIGHT="20" WC="0.96" CONTENT="en"/><SP WIDTH="13" VPOS="1126" HPOS="928"/>
							<String ID="string_126" HPOS="941" VPOS="1117" WIDTH="96" HEIGHT="29" WC="0.93" CONTENT="inom"/><SP WIDTH="15" VPOS="1117" HPOS="1037"/>
							<String ID="string_127" HPOS="1052" VPOS="1117" WIDTH="411" HEIGHT="39" WC="0.91" CONTENT="utrikesdepartementet"/><SP WIDTH="15" VPOS="1117" HPOS="1463"/>
							<String ID="string_128" HPOS="1478" VPOS="1118" WIDTH="198" HEIGHT="39" WC="0.96" CONTENT="upprättad,"/><SP WIDTH="17" VPOS="1118" HPOS="1676"/>
							<String ID="string_129" HPOS="1693" VPOS="1127" WIDTH="40" HEIGHT="20" WC="0.96" CONTENT="av"/>
						</TextLine>
						<TextLine ID="line_16" HPOS="250" VPOS="1169" WIDTH="1482" HEIGHT="41">
							<String ID="string_130" HPOS="250" VPOS="1169" WIDTH="123" HEIGHT="29" WC="0.96" CONTENT="chefen"/><SP WIDTH="18" VPOS="1169" HPOS="373"/>
							<String ID="string_131" HPOS="391" VPOS="1169" WIDTH="54" HEIGHT="29" WC="0.96" CONTENT="för"/><SP WIDTH="18" VPOS="1169" HPOS="445"/>
							<String ID="string_132" HPOS="463" VPOS="1169" WIDTH="292" HEIGHT="39" WC="0.96" CONTENT="departementets"/><SP WIDTH="18" VPOS="1169" HPOS="755"/>
							<String ID="string_133" HPOS="773" VPOS="1170" WIDTH="279" HEIGHT="30" WC="0.96" CONTENT="administrativa"/><SP WIDTH="18" VPOS="1170" HPOS="1052"/>
							<String ID="string_134" HPOS="1070" VPOS="1170" WIDTH="186" HEIGHT="39" WC="0.96" CONTENT="avdelning"/><SP WIDTH="17" VPOS="1170" HPOS="1256"/>
							<String ID="string_135" HPOS="1273" VPOS="1171" WIDTH="66" HEIGHT="29" WC="0.96" CONTENT="den"/><SP WIDTH="19" VPOS="1171" HPOS="1339"/>
							<String ID="string_136" HPOS="1358" VPOS="1171" WIDTH="40" HEIGHT="29" WC="0.95" CONTENT="30"/><SP WIDTH="17" VPOS="1171" HPOS="1398"/>
							<String ID="string_137" HPOS="1415" VPOS="1171" WIDTH="143" HEIGHT="39" WC="0.96" CONTENT="januari"/><SP WIDTH="20" VPOS="1171" HPOS="1558"/>
							<String ID="string_138" HPOS="1578" VPOS="1171" WIDTH="82" HEIGHT="30" WC="0.96" CONTENT="1965"/><SP WIDTH="19" VPOS="1171" HPOS="1660"/>
							<String ID="string_139" HPOS="1679" VPOS="1171" WIDTH="53" HEIGHT="29" WC="0.96" CONTENT="för"/>
						</TextLine>
						<TextLine ID="line_17" HPOS="250" VPOS="1222" WIDTH="1482" HEIGHT="41">
							<String ID="string_140" HPOS="250" VPOS="1222" WIDTH="183" HEIGHT="29" WC="0.96" CONTENT="ministern"/><SP WIDTH="26" VPOS="1222" HPOS="433"/>
							<String ID="string_141" HPOS="459" VPOS="1223" WIDTH="261" HEIGHT="29" WC="0.96" CONTENT="undertecknad"/><SP WIDTH="25" VPOS="1223" HPOS="720"/>
							<String ID="string_142" HPOS="745" VPOS="1223" WIDTH="234" HEIGHT="39" WC="0.96" CONTENT="promemoria"/><SP WIDTH="26" VPOS="1223" HPOS="979"/>
							<String ID="string_143" HPOS="1005" VPOS="1223" WIDTH="177" HEIGHT="40" WC="0.96" CONTENT="angående"/><SP WIDTH="25" VPOS="1223" HPOS="1182"/>
							<String ID="string_144" HPOS="1207" VPOS="1224" WIDTH="156" HEIGHT="39" WC="0.96" CONTENT="Sveriges"/><SP WIDTH="28" VPOS="1224" HPOS="1363"/>
							<String ID="string_145" HPOS="1391" VPOS="1224" WIDTH="196" HEIGHT="30" WC="0.95" CONTENT="beräknade"/><SP WIDTH="27" VPOS="1224" HPOS="1587"/>
							<String ID="string_146" HPOS="1614" VPOS="1224" WIDTH="118" HEIGHT="39" WC="0.95" CONTENT="bidrag"/>
						</TextLine>
						<TextLine ID="line_18" HPOS="252" VPOS="1275" WIDTH="1480" HEIGHT="42">
							<String ID="string_147" HPOS="252" VPOS="1275" WIDTH="52" HEIGHT="30" WC="0.94" CONTENT="lill"/><SP WIDTH="13" VPOS="1275" HPOS="304"/>
							<String ID="string_148" HPOS="317" VPOS="1276" WIDTH="150" HEIGHT="29" WC="0.96" CONTENT="Förenta"/><SP WIDTH="17" VPOS="1276" HPOS="467"/>
							<String ID="string_149" HPOS="484" VPOS="1276" WIDTH="212" HEIGHT="29" WC="0.96" CONTENT="Nationerna"/><SP WIDTH="17" VPOS="1276" HPOS="696"/>
							<String ID="string_150" HPOS="713" VPOS="1276" WIDTH="55" HEIGHT="40" WC="0.96" CONTENT="för"/><SP WIDTH="16" VPOS="1276" HPOS="768"/>
							<String ID="string_151" HPOS="784" VPOS="1276" WIDTH="82" HEIGHT="30" WC="0.96" CONTENT="åren"/><SP WIDTH="21" VPOS="1276" HPOS="866"/>
							<String ID="string_152" HPOS="887" VPOS="1277" WIDTH="84" HEIGHT="29" WC="0.95" CONTENT="1965"/><SP WIDTH="17" VPOS="1277" HPOS="971"/>
							<String ID="string_153" HPOS="988" VPOS="1276" WIDTH="62" HEIGHT="30" WC="0.95" CONTENT="och"/><SP WIDTH="20" VPOS="1276" HPOS="1050"/>
							<String ID="string_154" HPOS="1070" VPOS="1277" WIDTH="94" HEIGHT="29" WC="0.96" CONTENT="1966."/><SP WIDTH="18" VPOS="1277" HPOS="1164"/>
							<String ID="string_155" HPOS="1182" VPOS="1277" WIDTH="262" HEIGHT="29" WC="0.96" CONTENT="Promemorian"/><SP WIDTH="17" VPOS="1277" HPOS="1444"/>
							<String ID="string_156" HPOS="1461" VPOS="1278" WIDTH="40" HEIGHT="28" WC="0.96" CONTENT="är"/><SP WIDTH="17" VPOS="1278" HPOS="1501"/>
							<String ID="string_157" HPOS="1518" VPOS="1286" WIDTH="42" HEIGHT="21" WC="0.96" CONTENT="av"/><SP WIDTH="16" VPOS="1286" HPOS="1560"/>
							<String ID="string_158" HPOS="1576" VPOS="1277" WIDTH="156" HEIGHT="40" WC="0.96" CONTENT="följande"/>
						</TextLine>
						<TextLine ID="line_19" HPOS="252" VPOS="1329" WIDTH="141" HEIGHT="38">
							<String ID="string_159" HPOS="252" VPOS="1329" WIDTH="141" HEIGHT="38" WC="0.88" CONTENT="iydelse:"/>
						</TextLine>
					</TextBlock>
					<TextBlock ID="block_8" HPOS="249" VPOS="1391" WIDTH="1484" HEIGHT="128">
						<TextLine ID="line_20" HPOS="297" VPOS="1391" WIDTH="1434" HEIGHT="40">
							<String ID="string_160" HPOS="297" VPOS="1391" WIDTH="26" HEIGHT="29" WC="0.96" CONTENT="1."/><SP WIDTH="26" VPOS="1391" HPOS="323"/>
							<String ID="string_161" HPOS="349" VPOS="1391" WIDTH="93" HEIGHT="30" WC="0.93" CONTENT="FN:s"/><SP WIDTH="13" VPOS="1391" HPOS="442"/>
							<String ID="string_162" HPOS="455" VPOS="1391" WIDTH="348" HEIGHT="40" WC="0.92" CONTENT="generalförsamling"/><SP WIDTH="14" VPOS="1391" HPOS="803"/>
							<String ID="string_163" HPOS="817" VPOS="1391" WIDTH="64" HEIGHT="30" WC="0.96" CONTENT="har"/><SP WIDTH="14" VPOS="1391" HPOS="881"/>
							<String ID="string_164" HPOS="895" VPOS="1392" WIDTH="97" HEIGHT="29" WC="0.96" CONTENT="ännu"/><SP WIDTH="15" VPOS="1392" HPOS="992"/>
							<String ID="string_165" HPOS="1007" VPOS="1392" WIDTH="69" HEIGHT="30" WC="0.96" CONTENT="inte"/><SP WIDTH="15" VPOS="1392" HPOS="1076"/>
							<String ID="string_166" HPOS="1091" VPOS="1393" WIDTH="133" HEIGHT="38" WC="0.96" CONTENT="antagit"/><SP WIDTH="16" VPOS="1393" HPOS="1224"/>
							<String ID="string_167" HPOS="1240" VPOS="1392" WIDTH="112" HEIGHT="39" WC="0.96" CONTENT="någon"/><SP WIDTH="15" VPOS="1392" HPOS="1352"/>
							<String ID="string_168" HPOS="1367" VPOS="1393" WIDTH="194" HEIGHT="30" WC="0.96" CONTENT="resolution"/><SP WIDTH="15" VPOS="1393" HPOS="1561"/>
							<String ID="string_169" HPOS="1576" VPOS="1402" WIDTH="57" HEIGHT="21" WC="0.96" CONTENT="om"/><SP WIDTH="17" VPOS="1402" HPOS="1633"/>
							<String ID="string_170" HPOS="1650" VPOS="1394" WIDTH="81" HEIGHT="30" WC="0.93" CONTENT="1965"/>
						</TextLine>
						<TextLine ID="line_21" HPOS="249" VPOS="1435" WIDTH="1484" HEIGHT="41">
							<String ID="string_171" HPOS="249" VPOS="1435" WIDTH="57" HEIGHT="29" WC="0.96" CONTENT="års"/><SP WIDTH="18" VPOS="1435" HPOS="306"/>
							<String ID="string_172" HPOS="324" VPOS="1435" WIDTH="139" HEIGHT="40" WC="0.93" CONTENT="budget."/><SP WIDTH="20" VPOS="1435" HPOS="463"/>
							<String ID="string_173" HPOS="483" VPOS="1435" WIDTH="406" HEIGHT="31" WC="0.90" CONTENT="Generalsekreterarens"/><SP WIDTH="19" VPOS="1435" HPOS="889"/>
							<String ID="string_174" HPOS="908" VPOS="1436" WIDTH="193" HEIGHT="39" WC="0.96" CONTENT="respektive"/><SP WIDTH="20" VPOS="1436" HPOS="1101"/>
							<String ID="string_175" HPOS="1121" VPOS="1436" WIDTH="212" HEIGHT="39" WC="0.95" CONTENT="rådgivande"/><SP WIDTH="19" VPOS="1436" HPOS="1333"/>
							<String ID="string_176" HPOS="1352" VPOS="1437" WIDTH="229" HEIGHT="30" WC="0.96" CONTENT="kommitténs"/><SP WIDTH="22" VPOS="1437" HPOS="1581"/>
							<String ID="string_177" HPOS="1603" VPOS="1438" WIDTH="130" HEIGHT="38" WC="0.96" CONTENT="förslag"/>
						</TextLine>
						<TextLine ID="line_22" HPOS="251" VPOS="1479" WIDTH="784" HEIGHT="40">
							<String ID="string_178" HPOS="251" VPOS="1479" WIDTH="54" HEIGHT="30" WC="0.96" CONTENT="för"/><SP WIDTH="17" VPOS="1479" HPOS="305"/>
							<String ID="string_179" HPOS="322" VPOS="1480" WIDTH="82" HEIGHT="30" WC="0.96" CONTENT="1965"/><SP WIDTH="16" VPOS="1480" HPOS="404"/>
							<String ID="string_180" HPOS="420" VPOS="1480" WIDTH="155" HEIGHT="39" WC="0.96" CONTENT="framgår"/><SP WIDTH="15" VPOS="1480" HPOS="575"/>
							<String ID="string_181" HPOS="590" VPOS="1489" WIDTH="42" HEIGHT="21" WC="0.96" CONTENT="av"/><SP WIDTH="15" VPOS="1489" HPOS="632"/>
							<String ID="string_182" HPOS="647" VPOS="1480" WIDTH="258" HEIGHT="30" WC="0.95" CONTENT="nedanstående"/><SP WIDTH="15" VPOS="1480" HPOS="905"/>
							<String ID="string_183" HPOS="920" VPOS="1480" WIDTH="115" HEIGHT="30" WC="0.95" CONTENT="tabell."/>
						</TextLine>
					</TextBlock>
					<TextBlock ID="block_9" HPOS="1142" VPOS="1537" WIDTH="509" HEIGHT="32">
						<TextLine ID="line_23" HPOS="1142" VPOS="1537" WIDTH="509" HEIGHT="32">
							<String ID="string_184" HPOS="1142" VPOS="1537" WIDTH="67" HEIGHT="24" WC="0.95" CONTENT="Gen."/><SP WIDTH="15" VPOS="1537" HPOS="1209"/>
							<String ID="string_185" HPOS="1224" VPOS="1538" WIDTH="69" HEIGHT="23" WC="0.90" CONTENT="sekr."/><SP WIDTH="15" VPOS="1538" HPOS="1293"/>
							<String ID="string_186" HPOS="1308" VPOS="1538" WIDTH="103" HEIGHT="30" WC="0.91" CONTENT="förslag"/><SP WIDTH="34" VPOS="1538" HPOS="1411"/>
							<String ID="string_187" HPOS="1445" VPOS="1533" WIDTH="13" HEIGHT="40" WC="0.0" CONTENT="-"/><SP WIDTH="11" VPOS="1533" HPOS="1458"/>
							<String ID="string_188" HPOS="1469" VPOS="1538" WIDTH="182" HEIGHT="31" WC="0.96" CONTENT="Rådgivande"/>
						</TextLine>
					</TextBlock>
				</ComposedBlock>
				<ComposedBlock ID="cblock_6" HPOS="245" VPOS="1573" WIDTH="1444" HEIGHT="532">
					<TextBlock ID="block_10" HPOS="1146" VPOS="1573" WIDTH="491" HEIGHT="61">
						<TextLine ID="line_24" HPOS="1146" VPOS="1573" WIDTH="491" HEIGHT="25">
							<String ID="string_189" HPOS="1146" VPOS="1573" WIDTH="88" HEIGHT="23" WC="0.96" CONTENT="dollar"/><SP WIDTH="237" VPOS="1573" HPOS="1234"/>
							<String ID="string_190" HPOS="1471" VPOS="1574" WIDTH="166" HEIGHT="24" WC="0.96" CONTENT="kommittén"/>
						</TextLine>
						<TextLine ID="line_25" HPOS="1470" VPOS="1610" WIDTH="87" HEIGHT="24">
							<String ID="string_191" HPOS="1470" VPOS="1610" WIDTH="87" HEIGHT="24" WC="0.95" CONTENT="dollar"/>
						</TextLine>
					</TextBlock>
					<TextBlock ID="block_11" HPOS="248" VPOS="1642" WIDTH="866" HEIGHT="92">
						<TextLine ID="line_26" HPOS="248" VPOS="1642" WIDTH="421" HEIGHT="30">
							<String ID="string_192" HPOS="248" VPOS="1642" WIDTH="39" HEIGHT="29" WC="0.89" CONTENT="A."/><SP WIDTH="27" VPOS="1642" HPOS="287"/>
							<String ID="string_193" HPOS="314" VPOS="1643" WIDTH="135" HEIGHT="29" WC="0.96" CONTENT="Förenta"/><SP WIDTH="24" VPOS="1643" HPOS="449"/>
							<String ID="string_194" HPOS="473" VPOS="1643" WIDTH="196" HEIGHT="29" WC="0.95" CONTENT="Nationerna"/>
						</TextLine>
						<TextLine ID="line_27" HPOS="251" VPOS="1695" WIDTH="863" HEIGHT="39">
							<String ID="string_195" HPOS="251" VPOS="1695" WIDTH="23" HEIGHT="29" WC="0.75" CONTENT="L"/><SP WIDTH="93" VPOS="1695" HPOS="274"/>
							<String ID="string_196" HPOS="367" VPOS="1695" WIDTH="399" HEIGHT="39" WC="0.90" CONTENT="Generalförsamlingens,"/><SP WIDTH="29" VPOS="1695" HPOS="766"/>
							<String ID="string_197" HPOS="795" VPOS="1696" WIDTH="117" HEIGHT="29" WC="0.92" CONTENT="rådens"/><SP WIDTH="29" VPOS="1696" HPOS="912"/>
							<String ID="string_198" HPOS="941" VPOS="1705" WIDTH="42" HEIGHT="20" WC="0.92" CONTENT="m."/><SP WIDTH="23" VPOS="1705" HPOS="983"/>
							<String ID="string_199" HPOS="1006" VPOS="1696" WIDTH="33" HEIGHT="29" WC="0.93" CONTENT="fl."/><SP WIDTH="27" VPOS="1696" HPOS="1039"/>
							<String ID="string_200" HPOS="1066" VPOS="1705" WIDTH="48" HEIGHT="20" WC="0.91" CONTENT="or-"/>
						</TextLine>
					</TextBlock>
					<TextBlock ID="block_12" HPOS="245" VPOS="1748" WIDTH="1444" HEIGHT="357">
						<TextLine ID="line_28" HPOS="369" VPOS="1748" WIDTH="1320" HEIGHT="38">
							<String ID="string_201" HPOS="369" VPOS="1756" WIDTH="81" HEIGHT="30" WC="0.91" CONTENT="gans"/><SP WIDTH="17" VPOS="1756" HPOS="450"/>
							<String ID="string_202" HPOS="467" VPOS="1748" WIDTH="159" HEIGHT="31" WC="0.96" CONTENT="ordinarie"/><SP WIDTH="17" VPOS="1748" HPOS="626"/>
							<String ID="string_203" HPOS="643" VPOS="1751" WIDTH="111" HEIGHT="27" WC="0.92" CONTENT="möten"/><SP WIDTH="16" VPOS="1751" HPOS="754"/>
							<String ID="string_204" HPOS="770" VPOS="1772" WIDTH="336" HEIGHT="6" WC="0.8" CONTENT="................"/><SP WIDTH="79" VPOS="1772" HPOS="1106"/>
							<String ID="string_205" HPOS="1185" VPOS="1749" WIDTH="92" HEIGHT="30" WC="0.88" CONTENT="2911"/><SP WIDTH="18" VPOS="1749" HPOS="1277"/>
							<String ID="string_206" HPOS="1295" VPOS="1750" WIDTH="63" HEIGHT="29" WC="0.94" CONTENT="400"/><SP WIDTH="156" VPOS="1750" HPOS="1358"/>
							<String ID="string_207" HPOS="1514" VPOS="1750" WIDTH="95" HEIGHT="30" WC="0.64" CONTENT="2567"/><SP WIDTH="16" VPOS="1750" HPOS="1609"/>
							<String ID="string_208" HPOS="1625" VPOS="1750" WIDTH="64" HEIGHT="31" WC="0.96" CONTENT="600"/>
						</TextLine>
						<TextLine ID="line_29" HPOS="251" VPOS="1801" WIDTH="1437" HEIGHT="35">
							<String ID="string_209" HPOS="251" VPOS="1801" WIDTH="41" HEIGHT="29" WC="0.95" CONTENT="II."/><SP WIDTH="76" VPOS="1801" HPOS="292"/>
							<String ID="string_210" HPOS="368" VPOS="1801" WIDTH="342" HEIGHT="35" WC="0.92" CONTENT="Personalkostnader,"/><SP WIDTH="17" VPOS="1801" HPOS="710"/>
							<String ID="string_211" HPOS="727" VPOS="1810" WIDTH="88" HEIGHT="21" WC="0.91" CONTENT="resor"/><SP WIDTH="16" VPOS="1810" HPOS="815"/>
							<String ID="string_212" HPOS="831" VPOS="1811" WIDTH="43" HEIGHT="21" WC="0.89" CONTENT="m."/><SP WIDTH="18" VPOS="1811" HPOS="874"/>
							<String ID="string_213" HPOS="892" VPOS="1810" WIDTH="214" HEIGHT="21" WC="0.81" CONTENT="m........."/><SP WIDTH="55" VPOS="1810" HPOS="1106"/>
							<String ID="string_214" HPOS="1161" VPOS="1803" WIDTH="42" HEIGHT="29" WC="0.96" CONTENT="63"/><SP WIDTH="14" VPOS="1803" HPOS="1203"/>
							<String ID="string_215" HPOS="1217" VPOS="1802" WIDTH="64" HEIGHT="31" WC="0.96" CONTENT="038"/><SP WIDTH="14" VPOS="1802" HPOS="1281"/>
							<String ID="string_216" HPOS="1295" VPOS="1802" WIDTH="63" HEIGHT="30" WC="0.96" CONTENT="600"/><SP WIDTH="133" VPOS="1802" HPOS="1358"/>
							<String ID="string_217" HPOS="1491" VPOS="1803" WIDTH="41" HEIGHT="30" WC="0.96" CONTENT="62"/><SP WIDTH="15" VPOS="1803" HPOS="1532"/>
							<String ID="string_218" HPOS="1547" VPOS="1803" WIDTH="62" HEIGHT="31" WC="0.95" CONTENT="207"/><SP WIDTH="16" VPOS="1803" HPOS="1609"/>
							<String ID="string_219" HPOS="1625" VPOS="1804" WIDTH="63" HEIGHT="30" WC="0.96" CONTENT="300"/>
						</TextLine>
						<TextLine ID="line_30" HPOS="250" VPOS="1853" WIDTH="1439" HEIGHT="41">
							<String ID="string_220" HPOS="250" VPOS="1853" WIDTH="60" HEIGHT="30" WC="0.79" CONTENT="III."/><SP WIDTH="57" VPOS="1853" HPOS="310"/>
							<String ID="string_221" HPOS="367" VPOS="1854" WIDTH="210" HEIGHT="40" WC="0.96" CONTENT="Byggnader,"/><SP WIDTH="19" VPOS="1854" HPOS="577"/>
							<String ID="string_222" HPOS="596" VPOS="1855" WIDTH="191" HEIGHT="38" WC="0.95" CONTENT="utrustning"/><SP WIDTH="16" VPOS="1855" HPOS="787"/>
							<String ID="string_223" HPOS="803" VPOS="1863" WIDTH="104" HEIGHT="22" WC="0.5" CONTENT="m.m."/><SP WIDTH="42" VPOS="1863" HPOS="907"/>
							<String ID="string_224" HPOS="949" VPOS="1878" WIDTH="158" HEIGHT="6" WC="0.90" CONTENT="........"/><SP WIDTH="57" VPOS="1878" HPOS="1107"/>
							<String ID="string_225" HPOS="1164" VPOS="1855" WIDTH="38" HEIGHT="30" WC="0.95" CONTENT="15"/><SP WIDTH="16" VPOS="1855" HPOS="1202"/>
							<String ID="string_226" HPOS="1218" VPOS="1855" WIDTH="63" HEIGHT="30" WC="0.95" CONTENT="627"/><SP WIDTH="15" VPOS="1855" HPOS="1281"/>
							<String ID="string_227" HPOS="1296" VPOS="1855" WIDTH="63" HEIGHT="31" WC="0.95" CONTENT="250"/><SP WIDTH="134" VPOS="1855" HPOS="1359"/>
							<String ID="string_228" HPOS="1493" VPOS="1856" WIDTH="39" HEIGHT="30" WC="0.91" CONTENT="15"/><SP WIDTH="17" VPOS="1856" HPOS="1532"/>
							<String ID="string_229" HPOS="1549" VPOS="1856" WIDTH="62" HEIGHT="31" WC="0.92" CONTENT="162"/><SP WIDTH="15" VPOS="1856" HPOS="1611"/>
							<String ID="string_230" HPOS="1626" VPOS="1856" WIDTH="63" HEIGHT="30" WC="0.94" CONTENT="150"/>
						</TextLine>
						<TextLine ID="line_31" HPOS="250" VPOS="1906" WIDTH="1438" HEIGHT="40">
							<String ID="string_231" HPOS="250" VPOS="1906" WIDTH="53" HEIGHT="30" WC="0.90" CONTENT="IV."/><SP WIDTH="28" VPOS="1906" HPOS="303"/>
							<String ID="string_232" HPOS="331" VPOS="1902" WIDTH="20" HEIGHT="49" WC="0.0" CONTENT="—"/><SP WIDTH="18" VPOS="1902" HPOS="351"/>
							<String ID="string_233" HPOS="369" VPOS="1907" WIDTH="164" HEIGHT="31" WC="0.90" CONTENT="Särskilda"/><SP WIDTH="18" VPOS="1907" HPOS="533"/>
							<String ID="string_234" HPOS="551" VPOS="1907" WIDTH="138" HEIGHT="39" WC="0.85" CONTENT="utgifter"/><SP WIDTH="37" VPOS="1907" HPOS="689"/>
							<String ID="string_235" HPOS="726" VPOS="1931" WIDTH="380" HEIGHT="5" WC="0.0" CONTENT="ssssssossossssr"/><SP WIDTH="-70" VPOS="1931" HPOS="1106"/>
							<String ID="string_236" HPOS="1036" VPOS="1902" WIDTH="31" HEIGHT="49" WC="0.32" CONTENT="ss"/><SP WIDTH="12" VPOS="1902" HPOS="1067"/>
							<String ID="string_237" HPOS="1079" VPOS="1902" WIDTH="31" HEIGHT="49" WC="0.20" CONTENT="es"/><SP WIDTH="74" VPOS="1902" HPOS="1110"/>
							<String ID="string_238" HPOS="1184" VPOS="1909" WIDTH="19" HEIGHT="31" WC="0.89" CONTENT="9"/><SP WIDTH="14" VPOS="1909" HPOS="1203"/>
							<String ID="string_239" HPOS="1217" VPOS="1909" WIDTH="64" HEIGHT="30" WC="0.89" CONTENT="285"/><SP WIDTH="14" VPOS="1909" HPOS="1281"/>
							<String ID="string_240" HPOS="1295" VPOS="1909" WIDTH="63" HEIGHT="30" WC="0.94" CONTENT="200"/><SP WIDTH="155" VPOS="1909" HPOS="1358"/>
							<String ID="string_241" HPOS="1513" VPOS="1909" WIDTH="19" HEIGHT="30" WC="0.93" CONTENT="9"/><SP WIDTH="15" VPOS="1909" HPOS="1532"/>
							<String ID="string_242" HPOS="1547" VPOS="1909" WIDTH="62" HEIGHT="31" WC="0.91" CONTENT="285"/><SP WIDTH="15" VPOS="1909" HPOS="1609"/>
							<String ID="string_243" HPOS="1624" VPOS="1910" WIDTH="64" HEIGHT="30" WC="0.95" CONTENT="200"/>
						</TextLine>
						<TextLine ID="line_32" HPOS="247" VPOS="1959" WIDTH="1441" HEIGHT="34">
							<String ID="string_244" HPOS="247" VPOS="1959" WIDTH="38" HEIGHT="29" WC="0.86" CONTENT="V."/><SP WIDTH="81" VPOS="1959" HPOS="285"/>
							<String ID="string_245" HPOS="366" VPOS="1960" WIDTH="162" HEIGHT="30" WC="0.96" CONTENT="Tekniskt"/><SP WIDTH="23" VPOS="1960" HPOS="528"/>
							<String ID="string_246" HPOS="551" VPOS="1961" WIDTH="130" HEIGHT="29" WC="0.87" CONTENT="bistånd"/><SP WIDTH="45" VPOS="1961" HPOS="681"/>
							<String ID="string_247" HPOS="726" VPOS="1984" WIDTH="379" HEIGHT="6" WC="0.42" CONTENT="—.................."/><SP WIDTH="78" VPOS="1984" HPOS="1105"/>
							<String ID="string_248" HPOS="1183" VPOS="1961" WIDTH="19" HEIGHT="29" WC="0.95" CONTENT="6"/><SP WIDTH="14" VPOS="1961" HPOS="1202"/>
							<String ID="string_249" HPOS="1216" VPOS="1962" WIDTH="65" HEIGHT="30" WC="0.95" CONTENT="400"/><SP WIDTH="14" VPOS="1962" HPOS="1281"/>
							<String ID="string_250" HPOS="1295" VPOS="1963" WIDTH="63" HEIGHT="30" WC="0.96" CONTENT="000"/><SP WIDTH="155" VPOS="1963" HPOS="1358"/>
							<String ID="string_251" HPOS="1513" VPOS="1963" WIDTH="18" HEIGHT="29" WC="0.96" CONTENT="6"/><SP WIDTH="15" VPOS="1963" HPOS="1531"/>
							<String ID="string_252" HPOS="1546" VPOS="1963" WIDTH="64" HEIGHT="30" WC="0.96" CONTENT="400"/><SP WIDTH="14" VPOS="1963" HPOS="1610"/>
							<String ID="string_253" HPOS="1624" VPOS="1963" WIDTH="64" HEIGHT="30" WC="0.96" CONTENT="000"/>
						</TextLine>
						<TextLine ID="line_33" HPOS="245" VPOS="2012" WIDTH="1443" HEIGHT="41">
							<String ID="string_254" HPOS="245" VPOS="2012" WIDTH="58" HEIGHT="30" WC="0.91" CONTENT="VI."/><SP WIDTH="65" VPOS="2012" HPOS="303"/>
							<String ID="string_255" HPOS="368" VPOS="2013" WIDTH="165" HEIGHT="31" WC="0.50" CONTENT="Särskilda"/><SP WIDTH="25" VPOS="2013" HPOS="533"/>
							<String ID="string_256" HPOS="558" VPOS="2013" WIDTH="151" HEIGHT="40" WC="0.93" CONTENT="uppdrag"/><SP WIDTH="23" VPOS="2013" HPOS="709"/>
							<String ID="string_257" HPOS="732" VPOS="2023" WIDTH="43" HEIGHT="21" WC="0.87" CONTENT="m."/><SP WIDTH="18" VPOS="2023" HPOS="775"/>
							<String ID="string_258" HPOS="793" VPOS="2023" WIDTH="32" HEIGHT="20" WC="0.71" CONTENT="m."/><SP WIDTH="5" VPOS="2023" HPOS="825"/>
							<String ID="string_259" HPOS="830" VPOS="2037" WIDTH="276" HEIGHT="6" WC="0.0" CONTENT=".....s.ss.o..-."/><SP WIDTH="78" VPOS="2037" HPOS="1106"/>
							<String ID="string_260" HPOS="1184" VPOS="2015" WIDTH="20" HEIGHT="29" WC="0.93" CONTENT="4"/><SP WIDTH="14" VPOS="2015" HPOS="1204"/>
							<String ID="string_261" HPOS="1218" VPOS="2015" WIDTH="63" HEIGHT="30" WC="0.93" CONTENT="036"/><SP WIDTH="14" VPOS="2015" HPOS="1281"/>
							<String ID="string_262" HPOS="1295" VPOS="2015" WIDTH="63" HEIGHT="30" WC="0.96" CONTENT="600"/><SP WIDTH="154" VPOS="2015" HPOS="1358"/>
							<String ID="string_263" HPOS="1512" VPOS="2016" WIDTH="20" HEIGHT="29" WC="0.94" CONTENT="4"/><SP WIDTH="14" VPOS="2016" HPOS="1532"/>
							<String ID="string_264" HPOS="1546" VPOS="2016" WIDTH="60" HEIGHT="30" WC="0.95" CONTENT="011"/><SP WIDTH="18" VPOS="2016" HPOS="1606"/>
							<String ID="string_265" HPOS="1624" VPOS="2016" WIDTH="64" HEIGHT="30" WC="0.96" CONTENT="700"/>
						</TextLine>
						<TextLine ID="line_34" HPOS="245" VPOS="2065" WIDTH="1443" HEIGHT="40">
							<String ID="string_266" HPOS="245" VPOS="2065" WIDTH="75" HEIGHT="30" WC="0.89" CONTENT="VII."/><SP WIDTH="48" VPOS="2065" HPOS="320"/>
							<String ID="string_267" HPOS="368" VPOS="2066" WIDTH="405" HEIGHT="39" WC="0.79" CONTENT="Flyktingkommissarien"/><SP WIDTH="42" VPOS="2066" HPOS="773"/>
							<String ID="string_268" HPOS="815" VPOS="2090" WIDTH="291" HEIGHT="6" WC="0.0" CONTENT="......s.ss...---"/><SP WIDTH="78" VPOS="2090" HPOS="1106"/>
							<String ID="string_269" HPOS="1184" VPOS="2068" WIDTH="19" HEIGHT="29" WC="0.89" CONTENT="2"/><SP WIDTH="15" VPOS="2068" HPOS="1203"/>
							<String ID="string_270" HPOS="1218" VPOS="2068" WIDTH="63" HEIGHT="30" WC="0.89" CONTENT="384"/><SP WIDTH="14" VPOS="2068" HPOS="1281"/>
							<String ID="string_271" HPOS="1295" VPOS="2069" WIDTH="64" HEIGHT="28" WC="0.96" CONTENT="400"/><SP WIDTH="154" VPOS="2069" HPOS="1359"/>
							<String ID="string_272" HPOS="1513" VPOS="2069" WIDTH="95" HEIGHT="31" WC="0.80" CONTENT="2235"/><SP WIDTH="16" VPOS="2069" HPOS="1608"/>
							<String ID="string_273" HPOS="1624" VPOS="2069" WIDTH="64" HEIGHT="29" WC="0.96" CONTENT="000"/>
						</TextLine>
					</TextBlock>
				</ComposedBlock>
				<ComposedBlock ID="cblock_7" HPOS="244" VPOS="2138" WIDTH="1442" HEIGHT="164">
					<TextBlock ID="block_13" HPOS="244" VPOS="2138" WIDTH="1442" HEIGHT="164">
						<TextLine ID="line_35" HPOS="245" VPOS="2138" WIDTH="511" HEIGHT="30">
							<String ID="string_274" HPOS="245" VPOS="2138" WIDTH="38" HEIGHT="28" WC="0.93" CONTENT="B."/><SP WIDTH="28" VPOS="2138" HPOS="283"/>
							<String ID="string_275" HPOS="311" VPOS="2138" WIDTH="255" HEIGHT="30" WC="0.95" CONTENT="Internationella"/><SP WIDTH="25" VPOS="2138" HPOS="566"/>
							<String ID="string_276" HPOS="591" VPOS="2138" WIDTH="165" HEIGHT="30" WC="0.96" CONTENT="domstolen"/>
						</TextLine>
						<TextLine ID="line_36" HPOS="244" VPOS="2198" WIDTH="1442" HEIGHT="34">
							<String ID="string_277" HPOS="244" VPOS="2199" WIDTH="94" HEIGHT="29" WC="0.96" CONTENT="VIII."/><SP WIDTH="29" VPOS="2199" HPOS="338"/>
							<String ID="string_278" HPOS="367" VPOS="2198" WIDTH="266" HEIGHT="32" WC="0.96" CONTENT="Internationella"/><SP WIDTH="25" VPOS="2198" HPOS="633"/>
							<String ID="string_279" HPOS="658" VPOS="2200" WIDTH="181" HEIGHT="30" WC="0.92" CONTENT="domstolen"/><SP WIDTH="17" VPOS="2200" HPOS="839"/>
							<String ID="string_280" HPOS="856" VPOS="2223" WIDTH="249" HEIGHT="6" WC="0.83" CONTENT="............"/><SP WIDTH="79" VPOS="2223" HPOS="1105"/>
							<String ID="string_281" HPOS="1184" VPOS="2202" WIDTH="13" HEIGHT="28" WC="0.69" CONTENT="1"/><SP WIDTH="18" VPOS="2202" HPOS="1197"/>
							<String ID="string_282" HPOS="1215" VPOS="2202" WIDTH="65" HEIGHT="29" WC="0.69" CONTENT="010"/><SP WIDTH="14" VPOS="2202" HPOS="1280"/>
							<String ID="string_283" HPOS="1294" VPOS="2202" WIDTH="63" HEIGHT="30" WC="0.87" CONTENT="300"/><SP WIDTH="186" VPOS="2202" HPOS="1357"/>
							<String ID="string_284" HPOS="1543" VPOS="2201" WIDTH="64" HEIGHT="30" WC="0.94" CONTENT="995"/><SP WIDTH="14" VPOS="2201" HPOS="1607"/>
							<String ID="string_285" HPOS="1621" VPOS="2202" WIDTH="65" HEIGHT="30" WC="0.96" CONTENT="300"/>
						</TextLine>
						<TextLine ID="line_37" HPOS="835" VPOS="2262" WIDTH="850" HEIGHT="40">
							<String ID="string_286" HPOS="835" VPOS="2263" WIDTH="131" HEIGHT="30" WC="0.0" CONTENT="Summa"/><SP WIDTH="26" VPOS="2263" HPOS="966"/>
							<String ID="string_287" HPOS="992" VPOS="2263" WIDTH="121" HEIGHT="39" WC="0.85" CONTENT="utgifter"/><SP WIDTH="26" VPOS="2263" HPOS="1113"/>
							<String ID="string_288" HPOS="1139" VPOS="2262" WIDTH="60" HEIGHT="30" WC="0.95" CONTENT="104"/><SP WIDTH="16" VPOS="2262" HPOS="1199"/>
							<String ID="string_289" HPOS="1215" VPOS="2262" WIDTH="64" HEIGHT="31" WC="0.95" CONTENT="693"/><SP WIDTH="14" VPOS="2262" HPOS="1279"/>
							<String ID="string_290" HPOS="1293" VPOS="2263" WIDTH="63" HEIGHT="31" WC="0.96" CONTENT="750"/><SP WIDTH="112" VPOS="2263" HPOS="1356"/>
							<String ID="string_291" HPOS="1468" VPOS="2264" WIDTH="62" HEIGHT="31" WC="0.96" CONTENT="102"/><SP WIDTH="13" VPOS="2264" HPOS="1530"/>
							<String ID="string_292" HPOS="1543" VPOS="2262" WIDTH="64" HEIGHT="31" WC="0.96" CONTENT="964"/><SP WIDTH="14" VPOS="2262" HPOS="1607"/>
							<String ID="string_293" HPOS="1621" VPOS="2263" WIDTH="64" HEIGHT="31" WC="0.96" CONTENT="250"/>
						</TextLine>
					</TextBlock>
				</ComposedBlock>
				<ComposedBlock ID="cblock_8" HPOS="245" VPOS="2323" WIDTH="868" HEIGHT="41">
					<TextBlock ID="block_14" HPOS="245" VPOS="2323" WIDTH="868" HEIGHT="41">
						<TextLine ID="line_38" HPOS="245" VPOS="2323" WIDTH="868" HEIGHT="41">
							<String ID="string_294" HPOS="245" VPOS="2323" WIDTH="118" HEIGHT="38" WC="0.95" CONTENT="Avgår:"/><SP WIDTH="26" VPOS="2323" HPOS="363"/>
							<String ID="string_295" HPOS="389" VPOS="2323" WIDTH="102" HEIGHT="30" WC="0.96" CONTENT="andra"/><SP WIDTH="39" VPOS="2323" HPOS="491"/>
							<String ID="string_296" HPOS="530" VPOS="2324" WIDTH="178" HEIGHT="30" WC="0.96" CONTENT="inkomster"/><SP WIDTH="37" VPOS="2324" HPOS="708"/>
							<String ID="string_297" HPOS="745" VPOS="2326" WIDTH="40" HEIGHT="28" WC="0.96" CONTENT="än"/><SP WIDTH="37" VPOS="2326" HPOS="785"/>
							<String ID="string_298" HPOS="822" VPOS="2324" WIDTH="190" HEIGHT="40" WC="0.95" CONTENT="återbäring"/><SP WIDTH="30" VPOS="2324" HPOS="1012"/>
							<String ID="string_299" HPOS="1042" VPOS="2325" WIDTH="71" HEIGHT="29" WC="0.95" CONTENT="från"/>
						</TextLine>
					</TextBlock>
				</ComposedBlock>
				<ComposedBlock ID="cblock_9" HPOS="244" VPOS="2376" WIDTH="1488" HEIGHT="104">
					<TextBlock ID="block_15" HPOS="244" VPOS="2376" WIDTH="1488" HEIGHT="104">
						<TextLine ID="line_39" HPOS="387" VPOS="2376" WIDTH="1299" HEIGHT="40">
							<String ID="string_300" HPOS="387" VPOS="2376" WIDTH="439" HEIGHT="40" WC="0.91" CONTENT="skatteutjämningsfonden"/><SP WIDTH="30" VPOS="2376" HPOS="826"/>
							<String ID="string_301" HPOS="856" VPOS="2400" WIDTH="248" HEIGHT="7" WC="0.66" CONTENT="............"/><SP WIDTH="77" VPOS="2400" HPOS="1104"/>
							<String ID="string_302" HPOS="1181" VPOS="2377" WIDTH="19" HEIGHT="30" WC="0.96" CONTENT="6"/><SP WIDTH="18" VPOS="2377" HPOS="1200"/>
							<String ID="string_303" HPOS="1218" VPOS="2378" WIDTH="61" HEIGHT="31" WC="0.96" CONTENT="127"/><SP WIDTH="14" VPOS="2378" HPOS="1279"/>
							<String ID="string_304" HPOS="1293" VPOS="2378" WIDTH="63" HEIGHT="30" WC="0.96" CONTENT="600"/><SP WIDTH="155" VPOS="2378" HPOS="1356"/>
							<String ID="string_305" HPOS="1511" VPOS="2378" WIDTH="20" HEIGHT="30" WC="0.96" CONTENT="6"/><SP WIDTH="14" VPOS="2378" HPOS="1531"/>
							<String ID="string_306" HPOS="1545" VPOS="2378" WIDTH="63" HEIGHT="31" WC="0.96" CONTENT="249"/><SP WIDTH="15" VPOS="2378" HPOS="1608"/>
							<String ID="string_307" HPOS="1623" VPOS="2378" WIDTH="63" HEIGHT="31" WC="0.96" CONTENT="600"/>
						</TextLine>
						<TextLine ID="line_40" HPOS="244" VPOS="2428" WIDTH="1488" HEIGHT="52">
							<String ID="string_308" HPOS="244" VPOS="2429" WIDTH="118" HEIGHT="38" WC="0.95" CONTENT="Avgår:"/><SP WIDTH="26" VPOS="2429" HPOS="362"/>
							<String ID="string_309" HPOS="388" VPOS="2428" WIDTH="189" HEIGHT="41" WC="0.96" CONTENT="återbäring"/><SP WIDTH="13" VPOS="2428" HPOS="577"/>
							<String ID="string_310" HPOS="590" VPOS="2429" WIDTH="71" HEIGHT="30" WC="0.92" CONTENT="från"/><SP WIDTH="14" VPOS="2429" HPOS="661"/>
							<String ID="string_311" HPOS="675" VPOS="2430" WIDTH="438" HEIGHT="39" WC="0.90" CONTENT="skatteutjämningsfonden"/><SP WIDTH="50" VPOS="2430" HPOS="1113"/>
							<String ID="string_312" HPOS="1163" VPOS="2430" WIDTH="118" HEIGHT="32" WC="0.86" CONTENT="10560"/><SP WIDTH="13" VPOS="2430" HPOS="1281"/>
							<String ID="string_313" HPOS="1294" VPOS="2432" WIDTH="64" HEIGHT="30" WC="0.96" CONTENT="000"/><SP WIDTH="134" VPOS="2432" HPOS="1358"/>
							<String ID="string_314" HPOS="1492" VPOS="2432" WIDTH="40" HEIGHT="29" WC="0.94" CONTENT="10"/><SP WIDTH="12" VPOS="2432" HPOS="1532"/>
							<String ID="string_315" HPOS="1544" VPOS="2431" WIDTH="64" HEIGHT="31" WC="0.94" CONTENT="455"/><SP WIDTH="14" VPOS="2431" HPOS="1608"/>
							<String ID="string_316" HPOS="1622" VPOS="2432" WIDTH="65" HEIGHT="30" WC="0.34" CONTENT="000"/>
						</TextLine>
					</TextBlock>
				</ComposedBlock>
				<ComposedBlock ID="cblock_10" HPOS="1158" VPOS="2492" WIDTH="528" HEIGHT="32">
					<TextBlock ID="block_16" HPOS="1158" VPOS="2492" WIDTH="528" HEIGHT="32">
						<TextLine ID="line_41" HPOS="1158" VPOS="2492" WIDTH="528" HEIGHT="32">
							<String ID="string_317" HPOS="1158" VPOS="2492" WIDTH="42" HEIGHT="31" WC="0.94" CONTENT="88"/><SP WIDTH="14" VPOS="2492" HPOS="1200"/>
							<String ID="string_318" HPOS="1214" VPOS="2493" WIDTH="64" HEIGHT="31" WC="0.94" CONTENT="006"/><SP WIDTH="17" VPOS="2493" HPOS="1278"/>
							<String ID="string_319" HPOS="1295" VPOS="2493" WIDTH="61" HEIGHT="30" WC="0.95" CONTENT="150"/><SP WIDTH="132" VPOS="2493" HPOS="1356"/>
							<String ID="string_320" HPOS="1488" VPOS="2492" WIDTH="42" HEIGHT="30" WC="0.96" CONTENT="86"/><SP WIDTH="13" VPOS="2492" HPOS="1530"/>
							<String ID="string_321" HPOS="1543" VPOS="2492" WIDTH="64" HEIGHT="32" WC="0.96" CONTENT="259"/><SP WIDTH="15" VPOS="2492" HPOS="1607"/>
							<String ID="string_322" HPOS="1622" VPOS="2493" WIDTH="64" HEIGHT="30" WC="0.96" CONTENT="650"/>
						</TextLine>
					</TextBlock>
				</ComposedBlock>
			</PrintSpace>
		</Page>
	</Layout>
</alto>
