1896 2790
549 148 103 27 Andra
674 148 217 34 lagutskottets
913 147 159 27 utlatande
1093 155 38 19 nr
1155 147 24 26 7.
1595 147 9 27 1

791 304 67 39 Nr
891 303 39 39 7.

322 418 181 31 Utlåtande
530 419 10 29 i
566 416 185 39 anledning
777 426 42 21 av
846 416 124 37 Kungl.
998 415 118 39 Maj:ts
1141 415 213 39 proposition
1380 414 79 30 med
1482 411 128 39 förslag

519 480 50 31 till
597 480 54 38 lag
680 489 56 20 om
764 478 138 37 fortsatt
932 477 155 39 giltighet
1115 487 41 21 av
1184 477 178 30 allmänna
1391 474 220 39 förfogande-

519 542 100 39 lagen
644 542 66 30 den
735 542 42 30 22
802 542 75 38 juni
905 541 83 30 1939
1015 542 59 34 (nr
1098 539 91 37 293).

167 653 129 29 Genom
326 661 41 20 en
397 651 66 30 den
492 652 39 28 31
562 650 137 39 januari
732 650 79 29 1947
845 649 219 38 dagtecknad
1092 647 225 40 proposition,
1348 656 40 21 nr
1416 646 52 35 42,
1497 645 115 30 vilken

122 705 176 30 hänvisats
327 705 49 29 till
402 704 189 39 lagutskott
615 703 64 30 och
703 702 210 30 behandlats
936 712 41 20 av
1004 701 107 30 andra
1138 700 232 39 lagutskottet,
1396 700 64 29 har
1489 698 122 38 Kungl.

123 758 109 39 Maj:t,
255 758 108 30 under
386 757 218 39 åberopande
627 766 41 20 av
691 755 258 39 propositionen
972 755 138 38 bilagda
1131 754 11 29 i
1166 752 182 32 statsrådet
1371 753 66 30 och
1460 751 154 40 lagrådet

124 812 97 30 förda
245 810 180 41 protokoll,
450 810 174 39 föreslagit
648 809 184 38 riksdagen
855 811 48 27 att
926 812 125 34 antaga
1075 807 154 38 följande
1251 806 131 39 förslag
1403 805 51 31 till

816 938 102 52 Lag

124 1034 58 22 om
198 1027 141 30 fortsatt
354 1026 159 39 giltighet
527 1035 43 20 av
587 1025 180 30 allmänna
783 1023 317 39 förfogandelagen
1115 1023 69 30 den
1200 1023 43 29 22
1256 1021 77 39 juni
1351 1021 85 30 1939
1453 1021 56 37 (nr
1524 1017 90 38 293).

169 1116 210 39 Härigenom
406 1115 194 35 förordnas,
627 1119 48 26 att
700 1114 177 30 allmänna
904 1112 308 39 förfogandelagen
1237 1109 69 32 den
1333 1111 40 29 22
1402 1109 75 39 juni
1506 1103 108 40 1939,!

126 1170 114 30 vilken
259 1168 138 40 jämlikt
415 1170 57 37 lag
492 1169 66 29 den
578 1169 19 29 5
618 1168 86 39 april
727 1168 84 29 1946
836 1166 54 39 (nr
912 1165 72 39 115)
1012 1166 104 38 gäller
1137 1165 50 30 till
1208 1165 65 29 och
1294 1164 79 30 med
1394 1163 65 31 den
1480 1163 41 29 30
1541 1161 73 39 juni

128 1224 93 34 1947,
247 1222 87 30 skall
360 1223 63 38 äga
448 1222 137 30 fortsatt
607 1221 156 39 giltighet
787 1221 50 29 till
860 1220 65 29 och
950 1219 79 30 med
1053 1219 66 29 den
1143 1218 42 30 30
1208 1217 73 39 juni
1310 1217 93 29 1948.

171 1384 135 29 Allmän
333 1383 264 38 förfogandelag
623 1382 200 30 utfärdades
851 1382 65 29 den
942 1382 40 28 22
1009 1380 74 38 juni
1112 1379 83 30 1939
1227 1379 53 38 (nr
1306 1377 76 39 293)
1414 1376 66 31 och
1507 1374 110 41 gällde

127 1436 263 39 ursprungligen
412 1436 50 30 till
485 1436 66 29 och
573 1436 79 29 med
672 1435 67 30 den
762 1435 39 29 31
827 1443 93 20 mars
945 1434 94 29 1940.
1061 1432 133 38 Lagens
1218 1430 224 40 giltighetstid
1463 1430 65 29 har
1547 1428 69 30 för-

128 1490 112 38 längts
262 1497 124 31 genom
406 1489 99 38 lagen
525 1489 68 30 den
614 1489 42 29 30
677 1497 92 20 mars
793 1488 84 29 1940
904 1486 54 39 (nr
980 1485 89 40 168),
1089 1485 68 31 den
1181 1485 39 30 13
1241 1484 75 39 juni
1342 1484 80 29 1941
1452 1482 53 39 (nr
1525 1481 91 39 394),

128 1543 65 29 den
221 1543 37 29 15
281 1542 72 37 maj
381 1542 83 30 1942
495 1541 54 39 (nr
572 1540 91 39 251),
689 1541 66 30 den
783 1542 36 28 17
848 1540 75 39 juni
951 1539 83 30 1943
1064 1538 53 39 (nr
1141 1537 91 40 403),
1258 1537 69 30 den
1353 1536 42 31 28
1421 1535 87 40 april
1535 1535 82 30 1944

133 1595 52 38 (nr
212 1594 89 37 175),
326 1595 68 30 den
421 1596 36 29 11
484 1595 71 38 maj
584 1595 82 29 1945
698 1593 53 39 (nr
779 1592 72 39 171)
884 1593 65 30 och
974 1592 67 30 den
1066 1592 18 29 5
1111 1590 87 40 april
1227 1590 83 30 1946
1341 1588 53 40 (nr
1421 1588 89 39 115),
1536 1587 81 31 sista

129 1648 133 40 gången
286 1649 51 30 till
358 1649 66 29 och
446 1649 77 29 med
544 1648 68 30 den
635 1648 42 30 30
698 1647 74 38 juni
797 1647 94 30 1947.
916 1646 13 29 I
953 1645 171 31 samband
1146 1644 78 30 med
1246 1642 223 39 förlängning
1493 1652 42 20 av
1559 1641 58 39 gil-

128 1702 217 39 tighetstiden
367 1702 46 30 ha
435 1701 90 31 vissa
549 1700 187 39 ändringar
757 1699 161 39 vidtagits
941 1699 10 30 i
973 1699 109 38 lagen.

173 1756 67 30 För
262 1758 49 27 att
335 1756 118 37 lagens
478 1754 189 30 materiella
688 1751 261 32 bestämmelser
971 1752 98 30 skola
1093 1751 98 30 träda
1214 1751 10 29 i
1246 1748 220 40 tillämpning
1490 1747 128 30 erford-

129 1818 54 21 ras
206 1808 136 30 särskilt
364 1808 235 30 förordnande
621 1807 130 30 därom.
775 1805 132 31 Sådant
929 1804 236 31 förordnande
1186 1803 58 30 må
1266 1802 176 31 meddelas
1465 1801 57 30 vid
1544 1800 75 38 krig

127 1862 82 30 eller
230 1862 182 37 krigsfara,
436 1861 71 29 vari
531 1860 88 30 riket
639 1860 158 30 befinner
818 1858 63 39 sig,
902 1858 83 30 eller
1004 1857 98 39 eljest
1123 1857 109 30 under
1253 1854 301 38 utomordentliga,
1577 1862 42 21 av

130 1914 74 39 krig
226 1914 203 30 föranledda
455 1912 252 31 förhållanden.
734 1911 248 31 Förordnande
1004 1909 175 31 meddelas
1204 1918 41 21 av
1270 1908 123 38 Kungl.
1419 1907 100 38 Maj:t
1541 1905 79 31 med

132 1967 199 38 riksdagens
353 1967 187 38 samtycke,
561 1966 89 29 dock
669 1969 58 28 att,
748 1966 63 28 när
830 1964 186 38 riksdagen
1035 1962 30 39 ej
1086 1964 39 28 är
1144 1961 144 35 samlad,
1308 1960 225 40 provisoriskt
1552 1959 67 30 för-

131 2020 177 30 ordnande
326 2019 58 30 må
401 2020 177 29 meddelas
597 2029 41 20 av
659 2018 122 37 Kungl.
802 2017 110 38 Maj:t.
933 2016 131 30 Genom
1083 2014 205 39 kungörelse
1306 2014 66 30 den
1392 2014 20 30 6
1431 2012 189 40 september

135 2074 80 30 1939
242 2073 53 38 (nr
315 2072 76 39 624)
417 2072 201 30 meddelade
638 2071 123 38 Kungl.
782 2070 101 39 Maj:t
904 2068 244 35 förordnande,
1168 2077 121 21 varom
1308 2076 82 30 nyss
1411 2067 37 29 är
1466 2069 86 35 sagt,
1572 2067 48 27 att

134 2127 85 36 sälla
248 2126 67 30 tills
345 2126 126 32 vidare,
500 2126 105 29 vilket
632 2123 235 31 förordnande
895 2122 183 38 riksdagen
1107 2121 8 30 i
1146 2120 161 31 skrivelse
1335 2120 67 30 den
1431 2121 16 27 7
1479 2119 143 30 oktober

136 2181 80 28 1939
247 2179 53 37 (nr
325 2178 32 37 9)
389 2178 198 30 förklarade
613 2177 49 39 sig
689 2176 89 40 gilla.
807 2175 262 31 Förordnandet
1094 2175 39 29 är
1155 2173 150 39 alltjämt
1331 2172 167 38 gällande.

175 2232 223 30 Beträffande
422 2232 174 29 allmänna
624 2228 325 37 förfogandelagens
975 2226 153 31 innehåll
1152 2225 57 31 må
1235 2227 63 29 här
1323 2225 144 30 allenast
1490 2224 131 30 erinras

132 2295 55 19 om
212 2287 48 27 att
283 2284 104 38 enligt
411 2284 98 37 lagen
536 2283 122 36 Kungl.
685 2281 94 37 Maj:l
809 2282 79 35 äger
910 2299 44 2 ---
976 2280 62 29 där
1061 2278 37 31 så
1123 2278 111 30 finnes
1258 2277 218 39 erforderligt
1498 2277 54 30 för
1574 2279 48 26 att

133 2338 92 30 inom
253 2337 85 31 riket
365 2337 81 29 eller
473 2336 77 30 visst
581 2333 142 31 område
749 2344 41 19 av
821 2333 83 30 riket
937 2332 177 38 tillgodose
1141 2331 146 30 behovet
1313 2340 42 20 av
1382 2329 240 31 förnödenhet.

134 2401 72 20 som
236 2391 36 29 är
301 2400 41 19 av
371 2389 68 29 vikt
471 2389 54 29 för
553 2387 244 36 befolkningen
827 2386 80 29 eller
935 2384 263 40 produktionen,
1230 2383 81 30 eller
1340 2383 53 30 för
1422 2385 48 27 att
1498 2382 123 30 bereda

177 2478 7 14 1
206 2477 113 25 Senaste
338 2475 113 31 lydelse,
473 2481 26 16 se
520 2475 61 24 SFS
604 2473 75 24 1940:
696 2472 59 28 168,
781 2472 74 24 1941:
870 2472 50 23 394
942 2471 50 23 och
1016 2471 75 23 1942:
1107 2470 59 24 251.

174 2533 118 33 Bihang
313 2532 46 26 till
381 2530 180 34 riksdagens
582 2528 157 35 protokoll
764 2528 82 26 1947.
878 2528 18 24 9
918 2527 86 26 saml.
1037 2527 16 25 2
1074 2525 68 27 avd.
1177 2525 42 26 Nr
1241 2525 24 26 7.
