1922 2825
480 153 124 28 Första
619 153 244 37 lagutskottets
880 152 179 31 utlåtande
1075 161 42 21 nr
1133 154 39 29 13
1187 154 39 29 år
1241 154 84 29 1968
1602 156 37 30 51

160 232 66 29 stol
249 233 51 29 att
322 233 106 30 utöva
450 232 230 37 jurisdiktion
703 234 92 34 eller,
819 242 57 22 om
900 234 39 30 så
961 234 72 30 kan
1057 234 70 35 ske,
1152 234 55 31 för
1231 235 67 30 den
1322 244 74 21 som
1420 235 64 30 har
1507 235 68 30 fått
1599 245 42 20 en

159 285 79 30 dom
262 288 74 27 mot
359 287 469 39 anläggningsinnehavaren
851 287 45 41 på
920 288 194 40 ersättning
1137 288 55 30 för
1217 289 207 30 atomskada
1448 291 50 28 att
1522 289 38 30 få
1584 289 57 30 do-

158 348 81 21 men
268 340 193 30 verkställd
489 341 12 29 i
531 341 356 40 anläggningsstaten.
918 342 160 30 Problem
1109 352 43 20 av
1182 342 66 30 den
1279 345 99 28 arten
1409 343 231 40 uppkommer

157 394 194 30 emellertid
375 395 87 30 även
486 404 56 21 om
567 396 101 39 lagen
691 396 72 29 inte
789 396 77 39 görs
891 396 185 40 tillämplig
1101 397 65 29 och
1190 397 339 40 ersättningsfrågan
1555 398 85 29 såle-

157 447 61 30 des
243 448 89 30 skall
358 449 144 39 avgöras
527 449 107 40 enligt
659 450 179 29 allmänna
862 450 354 40 skadeståndsregler.
1242 451 116 30 Under
1384 452 101 29 dessa
1510 451 130 30 förhål-

155 501 127 30 landen
301 511 103 21 anser
421 502 60 40 jag
500 504 49 28 att
569 503 347 40 atomanläggningar
937 513 74 20 som
1032 505 173 39 utnyttjas
1226 504 54 30 för
1301 507 107 27 annat
1429 506 44 29 än
1495 506 146 39 fredliga

158 555 164 30 ändamål
338 556 72 30 inte
427 556 62 30 bör
508 557 171 30 uteslutas
696 557 81 30 från
795 558 118 39 lagens
931 557 395 41 tillämpningsområde.
1345 559 121 40 Någon
1483 559 156 40 uttryck-

156 609 48 39 lig
224 609 243 30 bestämmelse
489 619 57 20 om
569 612 51 28 att
641 612 100 38 lagen
764 611 106 39 gäller
891 612 222 30 beträffande
1136 612 133 30 sådana
1291 613 347 39 atomanläggningar

153 663 98 30 torde
270 663 72 30 inte
359 663 163 30 behövas.
542 664 65 30 Det
626 664 52 29 till
698 664 398 40 tilläggskonventionen
1117 665 123 40 fogade
1261 666 164 40 bihanget
1447 676 101 30 synes
1570 667 70 29 inte

154 716 158 31 medföra
339 717 108 40 några
474 718 173 30 särskilda
675 718 236 40 förpliktelser
938 718 54 31 för
1022 719 135 40 Sverige
1186 720 63 29 när
1278 720 57 29 det
1363 720 105 40 gäller
1497 720 67 30 den
1592 729 48 20 nu

153 770 267 40 ifrågavarande
445 771 118 40 lagens
588 772 229 39 utformning.

197 824 360 31 Pariskonventionen
577 825 220 31 överlämnar
817 825 35 32 åt
873 826 344 41 anläggningsstaten
1239 828 50 29 att
1309 828 97 30 inom
1427 828 91 30 vissa
1539 829 100 39 grän-

153 887 56 21 ser
230 878 195 31 bestämma
449 879 174 30 storleken
648 889 42 20 av
713 880 58 29 det
803 880 382 41 ansvarsbelopp
1219 881 80 30 med
1322 882 106 30 vilket
1451 882 188 30 innehava-

150 941 63 21 ren
233 942 43 20 av
295 933 308 40 atomanläggning
622 934 91 29 skall
732 942 111 22 svara.
864 934 103 30 Detta
986 935 124 40 belopp
1132 936 101 39 utgör
1253 936 105 39 enligt
1379 936 259 30 konventionen

154 986 38 30 15
211 986 88 40 milj.
318 986 341 41 betalningsenheter
677 988 56 29 för
749 988 98 39 varje
865 989 230 39 atomolycka.
1114 989 64 30 Det
1198 989 73 30 står
1288 990 192 30 emellertid
1499 991 139 39 anlägg-

150 1040 220 40 ningsstaten
397 1040 78 31 fritt
502 1042 50 29 att
580 1042 80 29 med
687 1041 138 41 hänsyn
853 1042 44 29 bl.
926 1051 30 21 a.
984 1043 52 29 till
1065 1042 490 41 försäkringsmöjligheterna
1581 1044 57 30 be-

151 1094 151 30 stämma
322 1094 105 40 högre
448 1095 83 30 eller
551 1095 93 40 lägre
665 1096 103 39 gräns
790 1095 55 30 för
865 1096 277 40 ansvarigheten,
1164 1097 89 30 dock
1273 1098 88 39 lägst
1383 1097 19 30 5
1422 1098 88 40 milj.
1531 1098 106 30 betal-

149 1148 258 40 ningsenheter.
434 1148 14 30 I
476 1148 82 31 1960
584 1149 57 30 års
667 1150 395 40 atomansvarighetslag
1088 1151 38 29 är
1150 1151 268 40 ansvarigheten
1442 1152 195 39 begränsad

150 1202 53 29 till
228 1202 41 30 25
294 1202 89 40 milj.
408 1202 64 35 kr.,
498 1202 107 31 vilket
631 1203 239 40 ungefärligen
896 1205 195 29 motsvarar
1117 1205 220 30 sistnämnda
1362 1205 274 40 minimibelopp.

150 1255 58 30 Ett
222 1255 106 40 högre
343 1256 272 40 ansvarsbelopp
631 1256 242 31 diskuterades
888 1258 192 30 emellertid
1096 1259 110 29 under
1222 1258 221 31 förarbetena
1457 1260 52 29 till
1525 1260 110 39 lagen.

148 1309 79 30 Med
247 1309 139 40 hänsyn
406 1310 44 29 bl.
472 1319 29 21 a.
523 1310 52 30 till
595 1310 66 30 den
684 1311 149 30 svenska
852 1330 45 3 —
915 1311 65 30 och
1001 1312 167 30 nordiska
1188 1331 43 3 —
1251 1312 384 41 försäkringsmarkna-

149 1363 85 30 dens
252 1363 214 40 begränsade
484 1373 157 21 resurser
658 1364 127 41 ansågs
802 1365 58 30 det
877 1365 45 30 då
938 1366 71 29 inte
1028 1366 157 40 lämpligt
1203 1368 50 28 att
1271 1366 176 31 fastställa
1464 1369 47 28 ett
1529 1367 106 40 högre

148 1417 135 39 belopp.
306 1417 137 40 Frågan
465 1427 57 20 om
544 1427 43 21 en
609 1418 148 40 höjning
779 1428 42 20 av
842 1419 160 39 beloppet
1024 1420 11 29 i
1058 1429 43 20 en
1122 1420 160 29 blivande
1305 1420 160 31 definitiv
1486 1421 148 40 lagstift-

148 1471 85 39 ning
254 1471 181 30 lämnades
459 1472 113 39 öppen
595 1473 11 29 i
629 1472 173 30 avvaktan
824 1472 45 30 bl.
892 1482 30 21 a.
945 1473 45 39 på
1012 1474 182 30 resultatet
1217 1483 42 21 av
1281 1474 164 31 fortsatta
1467 1475 166 31 nordiska

146 1525 289 40 överläggningar
452 1525 66 30 och
535 1526 42 29 de
594 1526 199 40 ytterligare
812 1527 237 30 erfarenheter
1068 1536 76 21 som
1161 1528 117 29 kunde
1295 1528 124 30 vinnas
1438 1529 111 29 under
1567 1529 64 30 der

147 1579 177 29 närmaste
340 1579 200 30 framtiden.

191 1632 93 30 Från
306 1633 114 30 dansk
441 1633 66 30 och
528 1633 108 30 norsk
659 1634 75 29 sida
755 1634 175 30 hävdades
953 1635 112 29 under
1087 1635 57 30 det
1166 1635 193 31 samarbete
1382 1645 74 21 som
1480 1636 152 41 föregick

150 1686 82 29 1962
258 1686 56 30 års
341 1686 140 40 förslag,
507 1689 51 28 att
582 1687 307 40 ansvarsbeloppet
913 1688 106 30 borde
1045 1689 109 30 sättas
1180 1689 105 40 högre
1312 1690 44 29 än
1381 1690 252 31 Pariskonven-

147 1740 137 30 tionens
306 1740 198 30 minimum.
528 1740 81 31 Som
630 1741 77 30 skäl
728 1741 56 30 för
805 1742 115 29 denna
941 1742 218 40 ståndpunkt
1181 1743 175 35 anfördes,
1379 1746 51 27 att
1451 1754 81 20 man
1555 1745 78 29 öns-

146 1793 89 30 kade
258 1801 38 32 ge
319 1794 41 30 de
383 1794 249 31 skadelidande
655 1794 37 30 så
715 1797 71 38 gott
809 1795 111 40 skydd
943 1805 75 20 som
1041 1797 137 39 möjligt
1201 1805 123 31 genom
1347 1797 200 41 försäkring
1568 1799 63 29 och

147 1849 51 28 att
218 1857 82 20 man
319 1847 80 31 ville
420 1848 171 40 begränsa
611 1850 131 29 statens
763 1857 245 32 engagemang.
1030 1850 13 29 I
1067 1850 82 30 1962
1171 1850 56 30 års
1249 1860 47 20 nu
1318 1852 158 39 gällande
1498 1852 135 30 danska

146 1901 55 39 lag
228 1910 58 20 om
312 1902 348 39 atomanläggningar
688 1903 38 28 är
752 1903 308 40 ansvarsbeloppet
1086 1904 106 30 också
1218 1904 149 30 bestämt
1395 1906 53 28 till
1477 1905 39 30 70
1544 1906 88 39 milj.

146 1954 137 30 danska
302 1955 140 35 kronor,
463 1954 107 31 vilket
591 1957 195 29 motsvarar
806 1956 148 40 ungefär
977 1957 38 30 10
1036 1957 87 40 milj.
1144 1957 350 41 betalningsenheter.
1516 1960 118 30 Under

146 2009 42 29 de
210 2008 164 31 fortsatta
396 2009 167 30 nordiska
584 2010 287 40 överläggningar
893 2019 75 21 som
989 2011 64 29 har
1076 2011 149 40 föregått
1248 2012 242 31 utarbetandet
1512 2023 42 20 av
1576 2014 56 29 de-

145 2063 477 39 partementspromemorian
645 2063 65 30 har
733 2063 242 32 framkommit
998 2066 50 28 att
1071 2074 82 20 man
1177 2066 11 29 i
1210 2065 181 30 Danmark
1413 2066 60 30 vill
1495 2067 138 30 behålla

145 2116 116 30 denna
279 2116 104 39 gräns
400 2116 66 30 och
484 2118 51 28 att
552 2126 82 20 man
652 2117 105 30 också
775 2117 44 40 på
837 2118 107 29 norsk
963 2118 75 30 sida
1056 2118 160 31 förordar
1234 2121 48 28 ett
1301 2120 270 40 ansvarsbelopp
1591 2130 42 21 av

145 2169 115 30 denna
275 2170 140 29 storlek.

189 2222 94 31 Både
311 2223 458 40 atomskadeutredningens
798 2224 132 41 förslag
957 2225 39 30 år
1028 2225 81 30 1962
1139 2226 65 30 och
1233 2227 399 41 promemorieförslaget

144 2276 148 30 innebär
316 2278 50 28 att
392 2278 149 39 gränsen
567 2277 55 30 för
647 2278 485 40 anläggningsinnehavarens
1159 2280 221 41 ansvarighet
1406 2281 79 41 höjs
1512 2282 52 30 till
1591 2282 40 30 50

145 2330 88 40 milj.
257 2331 63 35 kr.,
343 2331 108 30 vilket
473 2331 126 40 belopp
622 2332 240 39 ungefärligen
886 2334 194 29 motsvarar
1107 2334 37 29 10
1169 2334 87 40 milj.
1280 2335 350 40 betalningsenheter.

145 2384 179 40 Förslaget
340 2394 56 20 om
412 2394 42 20 en
472 2384 109 31 sådan
597 2385 148 40 höjning
761 2386 64 30 har
841 2387 151 29 lämnats
1008 2389 86 28 utan
1111 2387 140 31 erinran
1268 2398 42 20 av
1325 2388 151 31 flertalet
1493 2390 138 30 remiss-

144 2438 186 29 instanser.
350 2438 13 29 I
382 2438 107 40 några
507 2438 313 41 remissyttranden
838 2440 65 30 har
921 2440 89 30 dock
1029 2441 56 29 det
1105 2441 198 41 föreslagna
1320 2442 160 41 beloppet
1499 2444 131 30 ansetts

145 2492 55 29 för
223 2492 93 40 högt.
341 2493 65 29 Det
429 2492 65 30 har
518 2493 122 29 därvid
664 2493 212 31 framhållits
901 2496 50 28 att
976 2504 42 20 en
1042 2495 148 40 höjning
1214 2496 71 30 inte
1311 2497 38 29 är
1372 2497 192 30 motiverad
1589 2507 42 21 av
