2202 2636
694 213 256 31 Statsutskottets
984 212 170 32 Utlåtande
1178 214 60 29 N:o
1261 213 70 30 104.
1740 210 37 31 17

223 290 163 49 stadgan
421 291 128 36 derom
581 290 106 48 gifna
717 291 292 36 bestämmelser
1038 290 84 37 icke
1152 293 46 46 på
1226 289 125 50 grund
1381 289 41 37 af
1446 303 51 23 nu
1526 289 295 48 ifrågavarande

223 343 238 35 arrenderätt
490 342 124 36 skulle
646 342 213 36 tillkomma
888 343 164 47 bolaget,
1083 345 41 33 så
1149 342 69 36 och
1241 342 47 36 då
1312 342 154 36 förutom
1487 337 332 57 jordegareandel,

225 394 158 36 hvarom
413 394 12 35 i
457 397 19 33 3
508 394 84 49 kap.
624 393 307 50 grufvestadgan
965 394 291 36 bestämmelser
1278 393 254 47 meddelades,
1554 393 32 48 ej
1608 393 121 36 heller
1749 394 72 35 den

225 445 123 48 enligt
377 448 20 33 8
428 445 20 49 &
477 445 11 36 i
518 446 166 36 nämnda
726 445 138 49 stadga
895 446 232 47 jordegaren
1157 444 294 37 tillkommande
1482 449 74 31 rätt
1583 444 11 35 i
1625 445 106 48 fråga
1761 457 60 23 om

223 496 84 37 icke
337 496 335 48 inmutningsbara
703 496 159 36 mineral
891 496 102 36 inom
1014 496 191 36 inmutadt
1226 496 153 36 område
1401 496 93 36 eller
1514 495 130 46 utmål,
1663 495 158 36 hvilken

225 552 75 31 rätt
333 551 21 32 å
382 548 205 47 kronojord
618 548 201 35 utöfvades
848 547 41 36 af
907 548 159 47 jordens
1096 547 261 47 innehafvare,
1388 547 116 36 borde
1528 560 138 35 genom
1683 546 139 49 ifråga-

228 599 168 37 varande
425 599 254 36 arrendeaftal
708 599 208 36 öfverlåtas
944 602 48 46 på
1021 599 165 49 bolaget,
1216 605 136 43 syntes
1382 598 164 36 vilkoret
1571 598 88 36 böra
1680 598 142 36 erhålla

227 651 64 36 det
320 650 227 37 förändrade
576 650 180 47 innehåll,
787 656 55 30 att
871 650 73 36 den
974 650 120 49 enligt
1124 650 181 48 gällande
1324 650 277 49 grufvestadga
1617 651 204 47 jordegare

227 702 229 37 tillhörande
486 707 74 31 rätt
590 702 236 36 beträffande
855 702 268 49 fyndigheters
1152 701 337 49 tillgodogörande
1518 702 84 36 icke
1630 704 48 47 på
1697 702 125 48 grund

228 753 42 37 af
293 768 50 22 nu
371 754 294 48 ifrågavarande
690 754 162 36 arrende
880 754 213 37 tillkomme
1123 754 166 48 bolaget.

357 805 413 49 Kommerskollegium
815 805 96 37 hade
940 806 110 36 alltså
1079 805 199 49 tillstyrkt,
1308 810 55 31 att
1394 805 141 49 Kongl.
1567 806 108 48 Maj:t
1706 808 116 34 måtte

228 857 128 36 bifalla
399 857 176 48 bolagets
617 857 252 36 förevarande
903 859 73 34 den
1012 860 20 34 6
1064 870 100 23 mars
1197 858 96 35 1895
1324 857 134 48 gjorda
1488 857 221 48 ansökning
1737 857 85 37 med

228 909 72 36 den
345 909 275 47 begränsning,
658 909 158 47 bolaget
839 908 114 49 gifvit
982 909 221 36 densamma
1231 908 12 36 1
1273 908 59 36 sin
1361 909 113 36 skrift
1503 909 42 36 af
1567 909 73 36 den
1670 911 46 34 29
1747 909 74 49 maj

231 963 109 45 1897,
370 960 70 37 och
471 963 48 46 på
549 960 46 36 de
623 960 43 36 af
689 959 142 49 Kongl.
861 960 127 48 Maj:ts
1011 959 427 50 befallningshafvande
1459 960 218 49 föreslagna
1699 960 125 37 vilkor

227 1012 87 36 med
356 1011 80 37 deri
470 1011 42 37 af
541 1012 345 48 domänstyrelsen,
917 1012 397 48 kammarkollegium,
1339 1012 383 50 jernvägsstyrelsen
1752 1012 72 37 och

228 1063 405 49 kommerskollegium
664 1063 211 49 tillstyrkta
904 1063 209 49 ändringar
1142 1064 71 36 och
1241 1063 153 50 tillägg.

355 1115 17 37 I
400 1115 202 37 skrifvelse
643 1115 75 37 den
762 1118 46 33 24
849 1116 150 48 januari
1034 1115 262 37 innevarande
1332 1119 40 33 år
1399 1116 98 37 hade
1526 1116 139 50 Kongl.
1695 1117 128 50 Maj:ts

227 1167 428 50 befallningshafvande
699 1167 202 48 meddelat,
932 1173 67 42 att,
1034 1167 117 37 sedan
1182 1167 140 49 Kongl.
1352 1168 126 48 Maj:ts
1508 1168 316 51 befallningshaf-

228 1220 122 35 vande
379 1219 207 49 uppdragit
615 1222 37 33 åt
679 1219 227 49 ingeniören
936 1219 289 37 Wennerström
1256 1225 56 30 att
1339 1225 179 44 upprätta
1547 1220 88 50 plan
1660 1221 59 37 för
1739 1221 85 37 ord-

228 1271 125 36 nande
392 1272 70 35 och
497 1271 257 49 bebyggande
789 1271 40 36 af
854 1271 63 36 det
946 1271 10 36 i
987 1271 176 49 bolagets
1194 1271 112 37 skrift
1336 1272 72 36 den
1435 1274 45 34 29
1512 1273 73 48 maj
1619 1275 95 34 1897
1745 1286 78 24 om-

227 1322 198 49 förmälda,
455 1325 20 34 å
504 1323 74 36 den
607 1322 163 37 skriften
800 1322 177 50 bifogade
1006 1323 109 37 karta
1144 1323 86 36 med
1259 1322 72 38 litt.
1356 1338 25 22 x
1401 1324 238 36 betecknade
1656 1326 165 47 område,

227 1373 289 38 Wennerström
559 1374 96 37 efter
697 1374 199 49 fullgjordt
936 1375 176 49 uppdrag
1152 1375 204 36 inkommit
1384 1375 87 37 med
1500 1377 206 48 upprättad
1735 1390 86 36 reg-

228 1426 239 49 leringsplan
506 1426 118 48 jemte
661 1425 260 50 beskrifning;
952 1427 69 35 och
1051 1426 97 37 hade
1178 1426 140 49 Kongl.
1348 1427 127 49 Maj:ts
1506 1427 316 50 befallningshaf-

227 1478 137 47 vande,
408 1478 85 37 med
524 1477 312 37 öfverlemnande
865 1479 40 35 af
929 1491 144 24 samma
1102 1479 90 49 plan
1222 1478 71 37 och
1322 1478 257 50 beskrifning,
1610 1481 212 36 understält

227 1530 140 48 planen
409 1529 141 49 Kongl.
595 1530 127 49 Maj:ts
766 1529 194 50 pröfning,
1005 1530 209 49 hvarjemte
1244 1530 141 49 Kongl.
1416 1531 127 49 Maj:ts
1574 1532 248 50 befallnings-

228 1581 192 37 hafvande
455 1581 169 48 anhållit,
655 1582 66 36 det
751 1582 148 36 täcktes
929 1582 140 48 Kongl.
1099 1582 110 49 Maj:t
1238 1582 82 37 dels
1352 1583 140 37 bereda
1520 1584 124 37 länets
1679 1584 144 38 ränteri

227 1633 215 49 ersättning
485 1634 58 45 för
585 1639 55 31 ett
682 1633 42 37 af
762 1633 181 37 ränteriet
977 1634 56 36 till
1064 1634 248 37 bestridande
1340 1635 41 36 af
1404 1635 166 38 kostnad
1599 1636 59 37 för
1686 1636 137 38 handt-

225 1685 191 49 langning
458 1685 64 37 vid
558 1686 73 36 den
661 1685 42 37 af
727 1685 288 38 Wennerström
1046 1686 219 37 verkstälda
1291 1686 282 50 förrättningen
1604 1688 85 37 med
1720 1701 103 24 mera

227 1737 205 48 förskjutet
474 1737 137 50 belopp
653 1737 41 37 af
733 1739 72 35 977
850 1737 151 49 kronor,
1045 1738 86 36 dels
1159 1739 70 36 ock
1261 1738 235 50 bemyndiga
1525 1740 140 48 Kongl.
1696 1740 126 49 Maj:ts

228 1788 430 50 befallningshafvande
688 1795 56 31 att
764 1789 55 36 till
845 1789 289 38 Wennerström
1163 1790 170 37 utbetala
1362 1791 41 36 af
1424 1792 139 36 honom
1593 1791 58 37 för
1671 1792 151 37 förrätt-

226 1840 167 50 ningens
414 1840 286 38 verkställande
716 1841 123 48 enligt
855 1841 139 49 Kongl.
1013 1842 125 49 Maj:ts
1156 1842 445 50 befallningshafvandes
1618 1844 204 37 skrifvelse

228 1892 129 49 bilagd
386 1893 167 49 räkning
581 1892 177 38 fordrade
789 1895 108 46 2,031
929 1893 140 37 kronor
1099 1895 48 35 50
1176 1898 75 33 öre.

356 1943 191 51 Slutligen
590 1945 97 37 hade
726 1945 389 50 jernvägsstyrelsen,
1160 1946 97 36 efter
1300 1947 189 37 särskilda
1527 1947 189 48 remisser,
1748 1947 74 37 den

231 1999 43 33 17
319 1995 177 39 sistlidne
535 2010 100 24 mars
678 1996 155 50 afgifvit
873 1997 181 49 förnyadt
1095 1997 197 38 utlåtande
1321 1999 12 35 i
1362 1999 158 37 ärendet
1555 2005 100 31 samt
1689 1999 133 38 dervid

223 2048 142 48 jemväl
407 2055 120 43 yttrat
569 2049 61 48 sig
670 2049 109 37 öfver
820 2049 231 37 sistberörda
1093 2050 41 36 af
1171 2049 288 38 Wennerström
1493 2051 216 50 uppgjorda
1738 2064 84 36 reg-

227 2099 251 51 leringsplan.
548 2101 87 36 Med
687 2100 381 49 tillkännagifvande,
1100 2107 55 31 att
1197 2102 193 49 styrelsen
1432 2103 85 36 låtit
1553 2108 181 45 upprätta
1775 2116 46 24 en

227 2151 147 50 ritning
416 2152 58 37 till
508 2152 349 50 åskådliggörande
891 2152 35 37 af
955 2153 46 37 de
1030 2153 103 37 olika
1162 2154 192 49 områden,
1384 2168 59 23 om
1474 2155 131 37 hvilka
1633 2155 70 37 här
1731 2168 91 24 vore

226 2203 121 49 fråga,
377 2204 127 37 såvidt
532 2205 111 36 dessa
673 2204 181 37 områden
883 2204 160 38 berörde
1066 2206 237 48 jernvägens
1328 2206 204 50 intressen,
1563 2207 97 37 hade
1685 2207 137 49 styrel-

227 2268 82 36 sen,
339 2256 85 37 med
453 2256 316 37 öfverlemnande
797 2257 41 36 af
863 2270 143 24 samma
1031 2257 160 49 ritning,
1208 2257 130 38 vidare
1354 2259 138 49 anfört,
1516 2264 49 32 att
1591 2262 9 34 å
1616 2260 124 36 denna
1760 2259 62 37 rit-

226 2307 95 50 ning
351 2308 85 37 med
464 2308 97 38 brun
590 2309 87 49 färg
705 2308 227 38 betecknats
961 2309 65 37 det
1055 2310 167 48 område,
1252 2323 81 24 som
1362 2311 7 36 i
1394 2311 212 50 styrelsens
1626 2311 196 38 utlåtande

312 2375 77 35 Bih.
415 2376 50 33 till
487 2376 114 33 Riksd.
626 2378 87 32 Prot.
737 2378 92 31 1898.
875 2377 21 30 4
920 2377 98 33 Saml.
1042 2379 18 30 1
1084 2378 79 40 Afd.
1188 2381 47 30 56
1257 2378 94 41 Häft.
1760 2381 19 30 3
