2200 2634
692 202 253 33 Stalsulskoltets
975 201 173 34 Utlåtande
1172 201 64 32 N:o
1261 202 68 30 104.
1736 200 17 29 7

197 295 116 35 egare
340 282 73 36 och
442 281 9 36 i
483 281 159 38 främsta
670 288 164 30 rummet
862 293 143 36 egarne
1034 281 41 36 af
1100 280 47 36 de
1172 280 85 48 hus,
1274 279 132 37 hvilka
1423 277 186 37 hindrade
1626 277 172 50 platsens

197 334 228 48 ifrågasatta
466 333 198 50 reglering
706 334 57 36 för
800 347 47 22 en
876 333 144 36 ordnad
1049 330 467 51 byggnadsverksamhet,
1546 329 252 49 äfventyrade

198 391 56 31 att
300 386 116 36 varda
456 385 82 37 från
581 386 171 36 området
781 385 168 49 afhyste,
979 387 41 34 så
1048 384 75 36 fort
1152 383 211 37 detsamma
1393 382 57 36 för
1478 387 117 31 annat
1623 381 175 37 ändamål

199 437 166 37 behöfde
394 443 111 41 tagas
534 437 12 36 i
576 438 177 48 anspråk.

330 489 141 48 Kongl.
514 489 127 48 Maj:ts
684 487 428 48 befallningshafvande
1154 486 109 47 hade,
1301 485 119 48 jemte
1448 484 260 47 meddelande,
1743 489 56 31 att

199 540 73 37 den
311 540 41 35 af
375 540 228 48 ingeniören
631 540 288 36 Wennerström
949 537 205 50 planlagda
1183 536 114 48 areal,
1328 535 158 37 hvilken
1515 548 91 23 vore
1635 535 164 47 belägen

199 592 112 36 söder
340 604 61 23 om
431 596 74 32 den
537 591 61 36 vid
628 591 254 47 Malmberget
911 589 198 49 befintliga
1133 587 279 50 jernvägslinie
1441 587 70 36 och
1541 587 168 35 sträckte
1740 586 60 48 sig

199 643 39 36 in
267 648 103 31 emot
398 648 169 43 gränsen
596 643 58 36 för
682 643 228 36 hemmanen
933 640 349 48 Kaptensgårdens,
1299 638 214 37 Robsahms
1530 638 71 36 och
1616 637 184 37 Puoitaks

202 695 193 48 områden,
425 694 127 37 blifvit
580 694 131 49 inlagd
742 694 115 36 äfven
888 696 20 33 å
925 693 72 36 den
1014 692 64 36 vid
1094 692 178 48 bolagets
1289 690 220 49 ansökning
1525 690 137 49 fogade
1678 689 120 48 karta,

201 747 130 36 vidare
360 747 138 47 anfört,
528 752 67 43 att,
627 751 91 32 enär
747 746 174 48 bolagets
951 744 220 48 ansökning
1199 743 133 37 visade
1354 742 60 49 sig
1430 743 158 35 omfatta
1603 741 114 37 äfven
1735 741 65 36 det

202 799 41 35 af
266 799 290 36 Wennerström
586 798 207 50 planlagda
822 797 153 36 område
1004 796 70 36 och
1103 795 12 36 i
1145 795 118 48 öfrigt
1292 794 132 48 afsåge
1453 799 54 31 ett
1536 796 42 34 så
1606 798 96 32 stort
1722 806 78 23 om-

203 850 104 47 råde,
336 856 56 31 att
421 851 63 35 det
512 851 57 36 för
595 850 140 48 Kongl.
765 849 127 48 Maj:ts
921 846 424 49 befallningshafvande
1374 851 133 43 syntes
1523 844 277 49 tvifvelaktigt,

204 902 190 36 huruvida
422 901 154 50 bolaget
605 901 203 48 verkligen
837 900 126 36 kunde
992 912 112 23 anses
1133 911 91 23 vara
1251 898 11 36 i
1281 897 228 37 behofafen
1526 899 41 33 så
1584 896 216 48 betydande

205 953 339 50 markupplåtelse,
586 952 140 50 Kongl.
761 952 127 49 Maj:ts
916 949 428 49 befallningshafvande
1373 949 143 36 lemnat
1545 947 153 48 bolaget
1727 947 73 37 till-

205 1005 87 36 fälle
322 1011 56 31 att
407 1005 10 36 i
446 1005 136 37 sådant
610 1004 220 37 hängeende
858 1002 220 49 förebringa
1106 1006 175 32 närmare
1310 1000 219 48 utredning,
1559 999 155 36 hvilken
1743 1004 59 32 ut-

204 1057 167 48 redning
400 1057 169 50 förelåge
597 1056 13 36 i
640 1055 269 38 förutnämnda
939 1054 40 37 af
1004 1054 155 48 bolaget
1178 1053 57 36 till
1252 1053 139 49 Kongl.
1409 1052 128 48 Maj:ts
1554 1051 247 48 befallnings-

205 1108 192 38 hafvande
438 1109 149 49 ingifna
628 1108 191 50 yttrande.
876 1106 141 49 Kongl.
1060 1106 126 48 Maj:ts
1230 1103 427 50 befallningshafvande
1698 1103 104 36 med-

203 1161 115 50 gåfve
361 1161 138 49 villigt,
543 1166 54 33 att
639 1174 47 23 en
728 1160 93 37 affär
862 1160 41 35 af
939 1158 119 37 sådan
1100 1156 233 49 omfattning
1374 1169 81 24 som
1499 1155 174 49 bolagets
1702 1155 99 37 hade

205 1213 121 36 behof
349 1213 41 37 af
414 1219 55 31 ett
496 1220 207 43 utrymme,
732 1211 230 38 sträckande
990 1209 61 50 sig
1079 1209 148 49 ganska
1256 1208 192 53 betydligt
1477 1207 149 37 utöfver
1653 1207 47 37 de
1722 1220 79 23 om-

205 1265 129 48 råden,
365 1279 80 23 som
475 1265 213 37 innehölles
716 1265 12 35 i
757 1264 47 36 de
833 1263 155 48 bolaget
1016 1261 198 49 tillhöriga
1243 1260 130 37 utmål.
1419 1260 126 36 Afven
1563 1259 81 36 från
1659 1259 141 36 allmän

206 1318 199 48 synpunkt
446 1331 91 23 vore
579 1317 64 36 det
684 1316 42 37 af
749 1316 96 48 vigt,
875 1320 55 31 att
960 1314 155 47 bolaget
1142 1312 143 37 erhölle
1313 1325 46 23 en
1388 1311 150 50 ganska
1566 1310 235 37 omfattande

205 1369 239 36 arrenderätt
473 1372 20 33 å
520 1369 154 36 trakten
703 1368 13 36 i
744 1368 120 48 fråga,
893 1372 42 43 ty
963 1366 12 35 i
1003 1365 71 37 och
1099 1364 86 37 med
1201 1364 75 36 den
1293 1363 336 49 dispositionsrätt,
1646 1362 156 48 bolaget

205 1421 196 49 undfinge,
444 1421 127 36 kunde
614 1420 136 36 vinnas
793 1432 47 23 en
881 1417 78 49 god
1000 1416 150 49 garanti
1194 1416 67 47 för,
1305 1421 55 30 att
1402 1414 167 49 behöflig
1597 1413 204 48 ordning
1773 1409 29 65 i

206 1475 41 33 så
288 1473 61 36 väl
392 1473 161 37 sanitärt
596 1486 82 23 som
720 1476 117 32 annat
879 1468 180 38 afseende
1103 1468 122 36 blefve
1259 1466 302 50 vidmagthållen
1591 1469 20 33 å
1639 1466 161 49 platsen.

205 1524 109 38 Efter
355 1525 101 37 hvad
497 1524 269 37 erfarenheten
808 1522 100 37 visat
936 1521 71 37 och
1036 1520 140 37 sakens
1205 1532 99 37 egen
1332 1525 113 31 natur
1472 1518 115 49 gåfve
1615 1518 64 36 vid
1708 1517 94 37 han-

205 1577 88 47 den,
336 1577 127 37 kunde
506 1591 46 22 en
595 1576 118 37 sådan
755 1574 165 49 ordning
962 1576 20 34 å
1023 1572 255 48 Malmberget
1319 1570 86 38 icke
1447 1571 84 36 med
1561 1570 76 36 lika
1665 1569 137 36 lätthet

206 1628 77 38 låta
330 1629 61 49 sig
436 1628 234 50 genomföra,
713 1630 42 34 så
796 1627 115 48 länge
952 1624 182 49 tillsynen
1175 1623 176 37 deröfver
1392 1621 241 49 väsentligen
1677 1621 124 37 skulle

206 1680 213 38 tillkomma
461 1686 150 32 ensamt
652 1678 197 49 offentliga
893 1676 282 50 myndigheter,
1219 1675 67 37 der
1327 1675 113 36 dessa
1481 1674 85 37 icke
1608 1673 97 37 hade
1747 1678 56 31 att

206 1732 65 37 vid
300 1733 84 37 sina
413 1733 245 37 strätvanden
687 1732 13 36 i
728 1729 250 38 förevarande
1006 1728 182 37 afseende
1215 1727 172 50 påräkna
1415 1729 136 46 någon.
1568 1725 234 37 medverkan

207 1785 94 36 eller
343 1798 69 24 ens
452 1785 78 49 god
571 1784 92 49 vilja
706 1783 70 36 hos
817 1782 171 49 platsens
1030 1780 234 49 bebyggare.
1320 1778 113 37 Hvad
1461 1778 208 37 beträffade
1698 1776 104 37 det
1778 1772 26 66 i

206 1837 176 49 bolagets
430 1836 220 48 ansökning
697 1834 155 37 afsedda
900 1832 164 48 område,
1112 1844 90 24 vore
1249 1830 106 37 detta
1401 1829 229 50 visserligen
1676 1828 126 37 alltför

207 1895 107 41 stort,
359 1889 57 37 för
457 1894 55 32 att
555 1888 158 48 bolaget
754 1886 125 37 skulle
912 1884 163 38 behöfva
1105 1883 93 37 eller
1226 1884 131 35 kunna
1384 1882 59 36 för
1470 1882 58 36 sin
1557 1881 142 37 rörelse
1727 1880 76 37 till-

207 1941 200 48 godogöra
453 1941 61 49 sig
560 1940 132 48 hvarje
734 1939 63 36 del
839 1937 116 48 deraf,
999 1949 86 23 men
1127 1938 21 33 å
1189 1935 132 44 andra,
1350 1934 109 37 sidan
1501 1933 118 37 funne
1661 1932 140 50 Kongl.

206 1993 129 49 Maj:ts
377 1991 430 50 befallningshafvande
847 1988 160 51 ytterlig
1049 1987 198 48 svårighet
1289 1992 103 31 möta
1424 1991 56 31 att
1509 1986 138 36 föreslå
1676 1987 127 47 någon

209 2045 79 37 viss
317 2045 115 48 areal,
463 2058 81 24 som
574 2044 117 36 borde
721 2043 83 36 från
834 2042 175 47 bolagets
1030 2040 241 36 arrenderätt
1287 2038 255 48 undantagas,
1559 2036 245 38 alldenstund

207 2097 81 37 dels
319 2097 174 49 bolagets
522 2096 119 37 behof
665 2100 132 44 syntes
826 2094 150 36 sträcka
1005 2091 62 49 sig
1094 2091 13 37 i
1136 2104 79 23 mer
1244 2090 93 37 eller
1365 2089 149 37 mindre
1543 2092 86 33 mån
1657 2088 58 37 till
1731 2088 73 36 alla

207 2149 299 49 hufvudsakliga
535 2148 105 37 delar
668 2147 42 36 af
734 2146 182 47 området,
945 2157 60 24 om
1034 2148 48 32 än
1103 2156 145 24 samma
1264 2142 105 36 delar
1386 2141 85 37 icke
1487 2141 163 37 behöfde
1666 2153 138 24 annor-

208 2201 106 37 ledes
344 2206 47 32 än
420 2200 154 51 partielt
603 2200 41 36 af
668 2198 155 49 bolaget
851 2203 109 44 tagas
981 2196 10 36 i
1012 2195 178 50 anspråk,
1207 2194 82 37 dels
1305 2194 73 36 den
1395 2193 230 49 omfattning
1643 2193 70 36 och
1731 2192 72 36 den

208 2254 188 48 rigtning,
424 2252 109 38 hvari
551 2252 175 49 bolagets
742 2249 248 38 verksamhet
1005 2247 129 37 kunde
1151 2247 153 36 komma
1319 2251 55 32 att
1390 2248 20 33 å
1426 2245 149 50 platsen
1593 2244 211 48 utvecklas,

209 2305 83 38 icke
335 2320 50 22 nu
429 2305 127 37 kunde
600 2303 200 49 beräknas,
843 2302 82 38 dels
953 2300 72 38 ock
1054 2299 200 50 hänsynen
1283 2297 55 38 till
1368 2297 235 50 ordningens
1632 2301 174 46 upprätt-
