1918 2804
275 147 19 29 4
665 151 378 31 Jordbruksutskottets
1068 152 177 31 utlåtande
1269 153 49 30 Nr
1349 154 50 30 38.

955 431 59 40 Nr
1040 431 62 40 38.

841 551 112 23 Ankom
971 551 41 23 till
1031 552 155 29 riksdagens
1204 552 87 23 kansli
1310 552 51 23 den
1381 549 15 26 9
1415 552 54 29 maj
1489 550 62 25 1941
1571 552 35 23 kl.
1627 550 32 25 10
1677 553 17 22 f.
1714 559 34 17 m.

500 653 182 30 Utlåtande
705 655 10 28 i
734 652 186 38 anledning
940 664 42 20 av
1005 654 121 37 Kungl.
1149 655 118 36 Maj:ts
1288 656 218 35 proposition
1523 655 177 37 angående
1721 655 59 31 ka-

718 706 216 37 pitalökning
963 706 55 37 för
1047 707 209 36 lånefonden
1286 707 57 37 för
1372 707 107 37 inköp
1509 716 41 21 av
1580 716 200 28 gasgenera-

718 758 88 27 torer
829 756 56 37 för
907 755 207 38 motordrift.

1548 807 68 39 (1:a
1642 807 88 39 avd.)

318 904 14 30 I
357 914 45 21 en
426 905 50 30 till
499 906 186 36 riksdagen
708 907 67 29 den
799 908 16 28 7
842 915 94 22 mars
964 907 79 30 1941
1070 906 147 38 avlåten,
1242 908 49 30 till
1317 908 356 36 jordbruksutskottet
1696 909 84 29 hän-

276 953 97 32 visad
402 956 222 36 proposition,
655 966 42 20 nr
728 957 69 35 168,
827 957 66 30 har
922 957 122 37 Kungl.
1074 956 110 37 Maj:t,
1215 959 109 29 under
1354 958 220 37 åberopande
1603 968 43 21 av
1675 959 106 36 bilagt

273 1005 125 37 utdrag
422 1016 43 20 av
488 1006 374 37 statsrådsprotokollet
886 1009 81 30 över
989 1008 341 37 jordbruksärenden
1354 1009 56 30 för
1433 1019 133 21 samma
1591 1010 76 35 dag,
1691 1009 88 30 före-

275 1057 100 36 slagit
398 1057 183 37 riksdagen
603 1061 50 27 att
675 1059 51 30 till
748 1058 226 31 Lånefonden
998 1059 54 30 för
1075 1060 106 36 inköp
1206 1069 42 21 av
1272 1063 280 33 gasgeneratorer
1575 1060 56 30 för
1653 1063 126 27 motor-

275 1107 85 30 drift
380 1109 121 29 anvisa

317 1157 74 31 dels
414 1158 20 31 å
458 1159 203 36 tilläggsstat
685 1160 30 29 II
740 1160 50 29 till
813 1159 186 32 riksstaten
1024 1160 54 30 för
1103 1159 200 37 budgetåret
1332 1157 140 34 1940/41
1499 1162 110 29 under
1634 1162 145 36 kapital-

272 1209 184 37 budgeten,
477 1213 126 28 statens
624 1210 310 37 utlåningsfonder,
955 1215 46 27 ett
1018 1212 349 36 reservationsanslag
1386 1222 43 20 av
1447 1212 173 35 3,500,000
1640 1213 139 35 kronor,

316 1257 75 32 dels
416 1260 65 29 ock
505 1259 20 31 å
548 1260 186 30 riksstaten
758 1260 55 30 för
838 1260 201 36 budgetåret
1067 1258 142 33 1941/42
1235 1262 164 29 likaledes
1426 1262 109 30 under
1560 1263 218 36 kapitalbud-

272 1311 109 35 geten,
406 1312 128 28 statens
556 1309 309 39 utlåningsfonder,
890 1313 48 28 ett
959 1311 348 37 reservationsanslag
1331 1322 44 20 av
1401 1312 170 36 1,500,000
1595 1313 139 30 kronor.

318 1402 133 31 Genom
471 1403 110 30 beslut
600 1412 44 21 av
666 1404 82 30 1940
770 1403 54 31 års
846 1404 130 30 urtima
995 1404 141 37 riksdag
1156 1405 46 31 ha
1222 1404 21 31 å
1262 1405 205 36 tilläggsstat
1487 1405 14 30 I
1522 1405 51 31 till
1592 1406 187 30 riksstaten

272 1453 56 30 för
352 1453 203 36 budgetåret
582 1448 137 43 1940/41
746 1454 110 30 under
882 1454 315 37 kapitalbudgeten,
1223 1458 128 28 statens
1377 1456 311 36 utlåningsfonder,
1717 1466 58 21 an-

273 1503 105 31 visats
401 1504 71 30 dels
494 1504 49 30 till
565 1504 211 31 lånefonden
796 1505 56 30 för
870 1505 109 36 inköp
1001 1515 41 21 av
1065 1509 279 33 gasgeneratorer
1365 1507 57 30 för
1440 1507 200 30 motordrift
1662 1509 47 28 ett
1728 1516 49 21 re-

272 1555 313 36 servationsanslag
602 1565 44 20 av
662 1555 174 36 6,500,000
853 1556 132 30 kronor
1008 1555 109 39 (prop.
1135 1566 42 20 nr
1195 1558 54 35 21;
1270 1567 25 20 r.
1314 1558 69 30 skr.
1402 1567 43 20 nr
1463 1556 68 40 34),
1550 1558 72 30 dels
1641 1559 65 29 ock
1725 1558 51 30 till

272 1604 197 37 ytterligare
485 1606 197 36 avsättning
698 1606 50 29 till
764 1606 155 30 nämnda
934 1606 164 31 lånefond
1115 1609 48 29 ett
1179 1607 350 37 reservationsanslag
1545 1617 42 21 av
1604 1608 173 35 8,000,000

272 1655 132 30 kronor
429 1652 109 40 (prop.
561 1665 42 20 nr
625 1656 56 34 81;
704 1666 26 21 r.
752 1656 67 31 skr.
840 1665 44 20 nr
908 1653 88 40 100).
1017 1656 178 31 Villkoren
1217 1657 55 30 för
1291 1657 203 31 erhållande
1514 1668 43 20 av
1580 1658 59 31 lån
1661 1658 117 31 finnas

270 1707 180 34 upptagna
472 1705 10 30 i
505 1705 229 35 kungörelsen
756 1714 40 21 nr
819 1701 179 35 804/1939.

315 1756 13 29 I
360 1756 171 30 samband
561 1756 81 30 med
671 1756 204 30 anvisandet
905 1766 43 20 av
979 1756 215 31 sistnämnda
1224 1758 127 37 belopp
1381 1759 109 30 erhöll
1521 1758 123 37 Kungl.
1676 1759 100 36 Maj:t

270 1805 278 37 bemyndigande
573 1808 59 34 att,
660 1807 114 30 därest
800 1806 38 31 så
863 1807 112 30 skulle
1001 1807 72 31 visa
1099 1808 51 36 sig
1176 1817 43 21 av
1244 1809 341 36 omständigheterna
1612 1810 163 37 påkallat,

269 1855 140 37 vidtaga
433 1856 224 37 erforderliga
680 1856 224 37 jämkningar
929 1859 10 29 i
963 1858 159 36 gällande
1147 1859 259 30 bestämmelser
1429 1860 55 30 för
1509 1860 200 31 erhållande
1734 1870 42 20 av

270 1905 67 32 lån.
377 1908 14 29 I
420 1907 162 30 skrivelse
609 1908 69 30 den
704 1909 41 29 30
773 1908 181 30 december
984 1909 83 29 1940
1093 1910 212 29 anmodades
1334 1911 365 36 kommerskollegium
1727 1914 49 28 att

269 1957 86 29 efter
384 1957 140 31 samråd
552 1959 79 29 med
661 1960 127 29 statens
816 1959 370 31 bränslekommission
1213 1961 156 36 uppgöra
1397 1962 67 29 och
1493 1961 51 30 till
1572 1961 202 42 jordbruks-

269 2008 272 36 departementet
569 2009 180 30 inkomma
776 2009 78 30 med
883 2009 129 37 förslag
1038 2010 49 31 till
1117 2011 43 29 de
1187 2011 187 36 ändringar
1402 2012 11 30 i
1441 2012 158 36 gällande
1627 2013 147 30 bestäm-

268 2058 125 30 melser
416 2059 55 30 för
494 2058 265 37 ifrågavarande
780 2059 95 37 fond,
901 2069 75 21 som
998 2061 116 29 kunde
1137 2061 116 30 finnas
1277 2060 194 39 påkallade.

313 2110 14 29 I
343 2110 164 30 skrivelse
523 2111 65 30 den
603 2111 41 29 24
659 2111 153 30 februari
831 2112 82 29 1941
930 2112 64 29 har
1006 2111 364 38 kommerskollegium
1384 2114 185 36 hemställt,
1585 2118 49 27 att
1650 2115 121 36 Kungl.

269 2161 102 35 Maj:t
391 2161 105 30 måtte
515 2161 127 31 föreslå
660 2162 183 36 riksdagen
861 2165 50 27 att
931 2162 56 30 för
1003 2163 233 30 innevarande
1254 2163 169 37 budgetår
1441 2164 114 31 såsom
1576 2166 196 35 ytterligare

269 2212 134 35 kapital
423 2212 56 30 för
497 2212 210 30 lånefonden
727 2212 55 30 för
802 2212 108 36 inköp
931 2222 43 20 av
993 2216 277 33 gasgeneratorer
1290 2214 56 30 för
1365 2215 199 31 motordrift
1585 2216 120 30 anvisa
1726 2219 46 28 ett

268 2263 351 36 reservationsanslag
640 2272 44 21 av
701 2264 174 34 3,500,000
894 2264 130 29 kronor
1045 2267 89 27 samt
1153 2264 57 30 för
1229 2266 291 30 nästkommande
1538 2266 170 36 budgetår
1726 2270 46 27 ett

268 2314 245 29 motsvarande
532 2314 120 35 anslag
673 2323 43 21 av
737 2314 172 35 1,500,000
930 2315 137 29 kronor.

313 2363 13 29 I
350 2363 189 30 skrivelsen
561 2364 66 30 har
650 2364 118 30 vidare
791 2364 134 30 anförts
950 2364 164 36 följande.

310 2413 67 30 Till
397 2412 210 32 lånefonden
627 2413 57 31 för
703 2414 105 37 inköp
829 2424 43 21 av
893 2418 279 33 gasgeneratorer
1191 2415 55 31 för
1266 2416 200 31 motordrift
1486 2417 63 30 har
1569 2417 122 31 hittills
1713 2427 58 21 an-

267 2455 104 31 visats
397 2457 228 35 sammanlagt
649 2459 47 27 ett
718 2457 124 36 belopp
866 2466 42 21 av
935 2457 193 36 16,700,000
1152 2458 137 30 kronor.
