1924 2804
330 163 39 30 14
701 165 293 32 Statsutskottets
1026 166 189 32 utlåtande
1246 167 52 31 Nr
1324 169 50 30 10.

283 249 156 31 Fortsatt
461 249 185 32 införande
669 260 45 21 av
738 251 256 36 agabelysning
1023 275 14 3 =
1058 275 401 6 ossmmmmrrrsssssrrrssssseeae
1407 245 18 47 es
1430 245 33 47 ia
1502 256 127 30 kronor
1662 257 116 35 25,000

283 300 229 37 Förbättring
535 311 45 20 av
604 301 120 36 Vinga
746 302 414 37 lotsuppassningsstuga
1184 305 111 30 under
1317 305 141 31 Brännö

325 352 162 35 lotsplats
511 352 144 31 utanför
679 352 172 37 Göteborg
880 348 12 45 =
906 377 154 3 ...........
1444 380 15 3 -
1555 370 13 15 »
1662 359 116 35 15,500

280 403 226 37 Förbättring
530 413 45 21 av
600 404 411 33 bostadsförhållandena
1035 378 73 60 vid
1120 378 128 65 Vinga
1258 379 151 66 fyrplats
1555 422 12 16 »
1661 411 117 36 10,500

280 456 231 37 Förbättring
534 467 45 20 av
604 457 292 38 fyrbelysningen
919 459 54 30 för
993 460 177 36 insegling
1187 460 57 31 till
1261 433 200 60 Ozdläsnöd
1554 475 13 16 »
1660 464 117 36 17,500

279 509 241 36 Förflyttning
543 519 45 20 av
609 509 310 32 Timmernabbens
937 511 161 36 lotsplats
1115 514 341 35 uppassningsställe

323 561 82 29 från
428 560 137 31 Matske
589 561 58 30 till
671 561 137 31 Väderö
834 585 28 3 so
918 585 37 4 es
974 554 133 45 oooessss
1143 554 23 45 a
1185 554 68 45 srns
1315 588 144 4 sal
1554 578 12 16 »
1660 568 116 34 16,000

279 611 194 36 Byggande
496 622 45 20 av
565 621 44 21 en
632 612 197 37 båtbrygga
853 613 59 31 vid
936 614 93 30 Furö
1046 582 409 73 lotsuppassningsställe

322 663 112 31 under
457 662 256 33 Oskarshamns
737 664 163 37 lotsplats
931 658 22 47 =
986 690 472 5 ossssessssssnsss
1287 658 51 47 sens
1349 658 112 47 ssisessia
1552 681 13 17 »
1680 671 95 35 9,600

278 715 241 31 Anskaffande
542 726 46 21 av
612 726 44 21 en
678 716 161 36 lyftkran
863 717 54 31 för
938 719 246 36 uppläggning
1200 729 45 21 av
1262 719 192 37 Persgrun-

322 767 84 31 dens
430 767 68 36 lys-
522 768 64 30 och
609 768 136 36 ljudboj
770 770 21 29 å
813 769 280 32 Bohuskusten
1066 763 32 45 ..
1220 795 36 2 a
1453 794 3 3 |
1551 785 13 16 »
1679 775 95 35 2,400

278 818 241 31 Anskaffande
553 829 44 20 av
627 829 43 20 en
694 820 391 37 mikrofonemottagare
1102 793 61 59 för
1172 794 281 60 undervattens-

320 870 219 35 SIgHAlÖfIH
522 866 12 43 SE
549 893 84 4 sosse
662 894 112 3 vass
845 866 28 43 So
896 866 100 43 SPIS
1057 866 39 43 ou
1106 866 76 43 feber
1189 866 71 43 serven
1272 866 55 43 mn
1345 866 17 43 ne
1391 898 63 3 rn
1481 876 129 30 kronor
1678 878 94 34 2,900

276 921 236 32 Anordnande
547 932 45 20 av
626 922 130 36 båtslip
792 923 60 31 vid
887 923 125 31 Bremö
1045 892 409 96 lotsuppassningsställe

319 974 144 30 utanför
486 974 194 31 Sundsvall
689 997 62 4 :;==:
766 970 66 43 ac:
876 999 50 3 on
938 970 31 43 in
981 970 9 43 s
1005 1000 121 3 bss
1169 1000 1 3 =
1217 1001 62 3 osv
1317 1001 67 4 NR
1414 1002 5 3 a
1550 991 12 16 »
1677 982 94 34 4,000

275 1025 89 36 Nytt
387 1026 218 35 boningshus
629 1026 64 30 och
716 996 245 71 erforderliga
972 1029 108 30 uthus
1098 1039 44 20 m.
1160 1039 44 21 m.
1223 1030 60 30 vid
1300 1030 152 31 Kullens

318 1077 151 36 fYrPlats
510 1100 203 4 sosesssrrerrereer
757 1101 97 4 rrrrerrer
875 1073 22 44 oe
910 1073 103 44 serererer
1018 1073 22 44 ie
1051 1073 113 44 essresee
1177 1073 37 44 res
1224 1073 42 44 sie
1310 1105 83 3 ssssesse
1403 1105 50 3 sea
1548 1095 13 15 »
1654 1084 116 35 32,000

275 1128 237 31 Anordnande
536 1139 44 20 av
605 1139 43 20 en
673 1129 172 37 fyrbelyst
869 1102 126 59 farled
1005 1141 81 20 norr
1110 1142 55 20 om
1157 1104 2 2 ;
1198 1104 205 60 Nordkoster
1452 1157 2 2 .
1549 1146 13 15 »
1654 1135 116 35 23,000

1309 1202 146 31 Summa
1478 1203 129 31 kronor
1632 1205 149 35 500,100.

316 1300 17 30 I
356 1301 256 35 sammanhang
636 1302 77 30 med
737 1301 136 37 Kungl.
897 1303 120 35 Maj:ts
1041 1300 231 35 förevarande
1296 1306 133 34 förslag
1450 1306 63 30 har
1535 1306 170 31 utskottet
1723 1308 57 29 till

273 1352 216 36 behandling
513 1353 153 31 förehaft

316 1404 73 31 dels
427 1406 62 29 två
527 1405 229 36 likalydande
791 1407 180 35 motioner,
1011 1408 138 36 väckta,
1185 1408 65 30 den
1283 1418 75 26 ena,
1384 1418 41 21 nr
1450 1410 72 35 125,
1548 1410 95 31 inom
1672 1411 107 30 första

272 1456 206 31 kammaren
510 1466 44 21 av
590 1457 81 31 herr
699 1457 38 31 E.
762 1457 42 32 A.
828 1458 208 38 Enhörning
1060 1460 62 30 och
1146 1460 66 31 den
1236 1460 120 36 andra,
1381 1471 42 20 nr
1447 1462 72 35 148,
1545 1462 96 30 inom
1669 1463 110 30 andra

272 1508 206 31 kammaren
501 1519 45 20 av
571 1509 123 31 herrar
717 1510 39 30 E.
782 1510 180 36 Nylander
986 1512 62 30 och
1073 1512 43 30 N.
1140 1512 230 35 Holmström,
1395 1514 79 29 vari
1495 1513 208 37 hemställts,
1725 1517 52 28 att

272 1560 191 35 riksdagen
497 1561 119 35 måtte,
652 1561 53 30 för
741 1561 193 32 beredande
967 1573 45 20 av
1041 1564 185 35 möjlighet
1249 1565 52 29 att
1325 1564 214 31 omedelbart
1562 1565 147 36 vidtaga
1737 1566 41 31 de

271 1621 44 20 av
355 1612 242 36 lotsstyrelsen
632 1612 200 36 föreslagna
871 1614 289 36 anordningarna
1196 1615 76 30 med
1308 1616 202 36 fyrskeppet
1535 1626 42 21 nr
1602 1618 40 29 25
1671 1617 106 31 Finn-

271 1663 153 35 grundet
462 1664 126 30 anvisa
615 1665 49 29 ett
688 1664 125 36 belopp
836 1675 45 20 av
906 1665 138 37 235,000
1068 1666 140 36 kronor,
1233 1668 206 35 varigenom
1464 1668 57 31 det
1545 1670 101 29 extra
1670 1679 106 20 reser-

270 1715 303 36 vationsanslaget
609 1716 53 29 för
698 1716 206 36 budgetåret
940 1718 213 31 1926—1927
1192 1719 114 30 skulle
1331 1719 140 31 komma
1494 1721 53 29 att
1571 1722 118 34 uppgå
1718 1721 57 30 till

270 1766 138 36 735,100
432 1767 130 30 kronor
586 1767 12 30 i
622 1767 119 31 stället
765 1768 54 30 för
842 1768 57 31 det
926 1779 45 20 av
995 1769 135 36 Kungl.
1155 1770 102 36 Maj:t
1281 1770 162 36 begärda,
1469 1772 138 35 500,100
1631 1772 145 35 kronor;

313 1818 73 30 dels
410 1828 43 20 en
478 1819 96 30 inom
598 1818 112 31 andra
733 1819 205 31 kammaren
962 1831 44 19 av
1031 1821 81 30 herr
1136 1821 38 31 0.
1202 1821 54 31 W.
1281 1822 161 36 Lövgren
1466 1823 12 29 i
1502 1822 143 37 Nyborg
1670 1824 106 30 väckt

270 1870 144 35 motion,
439 1880 42 20 nr
505 1870 52 35 31,
582 1869 77 32 däri
683 1871 210 36 hemställts,
918 1873 52 29 att
986 1872 189 36 riksdagen
1192 1874 109 30 måtte
1319 1874 133 35 bevilja
1467 1876 51 29 ett
1534 1876 99 29 extra
1649 1875 126 36 anslag

270 1922 20 29 å
313 1921 118 36 35,000
455 1922 130 31 kronor
608 1922 56 31 för
688 1921 205 37 budgetåret
918 1924 214 31 1926—1927
1157 1925 57 31 till
1239 1925 218 37 förbättring
1480 1936 46 21 av
1543 1927 153 31 hamnen
1713 1927 60 31 vid

268 1973 178 31 Malörens
481 1974 162 35 lotsplats
679 1975 11 29 i
719 1974 247 38 Bottenviken,
991 1978 91 29 samt
1105 1978 44 35 på
1173 1977 116 36 grund
1313 1987 45 21 av
1383 1978 147 31 behovet
1554 1989 45 20 av
1623 1979 150 31 arbetets

269 2035 104 20 snara
396 2025 187 31 utförande
607 2027 126 30 anvisa
757 2027 156 31 nämnda
936 2028 124 36 belopp
1084 2039 43 20 ur
1151 2029 232 36 tillgängliga
1407 2030 111 31 medel
1544 2031 53 30 för
1621 2031 151 32 arbetets

269 2076 184 32 utförande
477 2077 108 31 redan
609 2077 112 32 under
744 2078 116 31 denna
882 2079 138 35 vinter;

311 2128 73 31 dels
422 2128 65 31 ock
520 2129 172 36 slutligen
726 2139 43 21 en
803 2130 96 31 inom
937 2131 111 31 andra
1085 2132 205 30 kammaren
1326 2142 44 20 av
1400 2133 122 30 herrar
1546 2134 35 30 P.
1611 2134 162 31 Valerius

270 2179 123 32 Olsson
416 2180 63 31 och
502 2180 44 31 K.
571 2180 214 37 Magnusson
811 2182 11 29 i
846 2181 150 32 Kalmar
1020 2183 105 30 väckt
1150 2184 144 35 motion,
1319 2194 42 20 nr
1385 2185 52 35 46,
1463 2185 78 30 vari
1562 2185 209 36 hemställts,

267 2232 53 30 att
344 2231 187 36 riksdagen
555 2232 85 31 ville
665 2232 12 30 i
699 2233 172 31 skrivelse
895 2234 57 30 till
977 2234 136 36 Kungl.
1137 2234 103 36 Maj:t
1263 2235 147 31 anhålla
1431 2246 56 20 om
1504 2236 267 36 framläggande

267 2283 54 30 för
355 2283 188 36 riksdagen
576 2294 45 20 av
651 2284 192 37 utredning
867 2285 216 32 beträffande
1108 2286 63 31 och
1195 2287 133 36 förslag
1352 2288 58 30 till
1435 2287 131 32 sådana
1589 2289 181 36 fyranord-

266 2335 131 35 ningar
429 2335 62 31 och
518 2335 109 31 andra
651 2336 240 36 anordningar
914 2337 61 31 vid
998 2337 261 32 Kalmarsunds
1283 2338 212 37 djupränna,
1519 2341 52 30 att
1595 2340 174 31 desamma

264 2386 122 31 kunna
411 2387 99 36 tjäna
535 2387 108 31 lotsar
667 2387 62 31 och
752 2389 145 30 särskilt
920 2389 141 31 erfarna
1086 2390 225 31 befälhavare
1335 2391 57 31 till
1417 2391 146 37 ledning
1587 2392 59 31 vid
1671 2393 98 30 navi-

266 2439 169 35 geringen
461 2448 125 26 genom
611 2439 226 36 djuprännan
862 2441 111 30 under
997 2442 70 30 alla
1092 2442 258 31 förhållanden.
