1896 2802
259 140 116 32 Första
394 140 205 31 kammarens
619 137 158 39 första
797 132 172 41 tillfälliga
988 132 143 32 utskotts
1152 128 173 34 utlåtande
1345 137 42 21 nr
1408 129 48 28 15.
1580 124 17 30 5

119 240 55 31 det
199 239 65 32 kan
290 250 93 21 anses
408 237 201 34 ekonomiskt
636 234 193 38 försvarligt
855 236 50 28 att
931 232 125 31 inrätta
1082 229 87 32 lokal
1196 228 56 31 och
1282 224 139 34 särskild
1449 222 149 42 personal

121 293 51 31 för
195 293 195 32 ändamålet.
414 289 293 34 Landsförbundet
730 288 98 31 anför
850 286 165 32 härefter:

162 356 15 29 I
203 355 104 32 andra
332 355 60 31 fall
416 354 65 32 blir
505 354 56 31 det
584 372 41 4 —
649 352 35 31 så
709 351 96 38 länge
830 348 255 33 statsmakterna
1110 343 239 33 vidmakthålla
1373 341 52 32 sin
1449 339 151 40 uppfatt-

119 401 89 38 ning,
236 403 49 28 att
310 400 55 31 det
392 410 41 21 ur
458 395 328 42 nykterhetspolitisk
812 393 171 40 synpunkt
1008 393 38 31 är
1072 390 166 37 önskvärt,
1266 391 50 29 att
1343 385 257 37 försändningar

119 447 123 30 ersätta
265 445 142 39 tidigare
432 443 227 33 ombudsresor
683 441 53 32 till
760 438 356 38 utminuteringsorten
1140 455 42 4 —
1205 432 206 39 nödvändigt
1436 434 50 28 att
1510 429 90 39 välja

119 491 107 37 någon
254 501 41 21 av
323 490 39 31 de
390 489 115 38 övriga
533 485 415 39 försändningsformerna.
977 483 62 31 Att
1068 480 119 32 därvid
1215 479 61 31 lita
1303 477 54 32 till
1385 474 215 39 utlämnings-

119 536 118 31 ställen
255 535 57 32 hos
331 533 189 33 handlande
540 533 79 32 eller
639 531 106 33 andra
763 530 133 39 privata
916 529 186 36 företagare
1123 526 102 30 måste
1246 523 103 39 enligt
1369 520 232 32 landsförbun-

120 581 71 31 dets
213 580 132 39 mening
367 579 168 32 betraktas
557 588 68 21 som
648 580 48 28 ett
717 574 185 38 betänkligt
925 572 210 37 tillbakasteg
1158 570 78 31 från
1260 569 64 31 den
1346 565 192 39 avveckling
1561 574 40 21 av

120 625 54 32 det
195 625 147 32 enskilda
360 623 244 32 vinstintresset
624 622 9 30 i
654 618 333 40 rusdryckshandeln,
1008 627 68 21 som
1096 617 38 30 är
1154 617 48 29 ett
1221 624 41 21 av
1282 614 63 30 den
1366 611 137 32 svenska
1521 609 80 38 nyk-

121 669 395 40 terhetslagstiftningens
533 665 237 38 huvudsyften.
789 661 293 34 Landsförbundet
1100 660 114 31 finner
1231 657 124 40 jämväl
1372 667 41 20 av
1431 655 85 31 flera
1532 652 70 33 skäl

121 725 39 22 en
180 714 83 32 ökad
283 717 170 35 transport
474 713 74 31 med
567 710 180 38 busslinjer
768 708 128 31 mindre
917 705 173 33 önskvärd.
1110 704 101 32 Vilka
1231 702 219 38 olägenheter,
1471 709 68 22 som
1560 699 39 30 än

120 760 111 31 kunna
251 769 80 21 vara
352 757 191 32 förbundna
563 756 74 31 med
658 754 421 39 järnvägstransporterna,
1100 750 67 30 kan
1188 745 277 35 landsförbundet
1486 743 116 33 därför

121 805 69 31 icke
211 804 135 32 förorda
366 814 40 21 en
426 801 128 40 åtgärd,
576 811 67 21 som
663 799 105 31 skulle
788 797 151 32 medföra
960 806 39 21 en
1020 794 84 32 ökad
1125 793 197 39 inkoppling
1343 801 40 21 av
1403 789 131 40 privata
1556 788 46 30 fö-

122 852 149 36 retagare
292 849 78 31 eller
389 847 116 32 bussar
525 847 11 30 i
557 843 313 39 försändningarna.

161 910 292 33 Landsförbundet
479 908 147 40 påpekar
651 903 296 40 fortsättningsvis,
974 906 49 28 att
1048 901 241 32 motionärerna
1317 898 69 32 icke
1410 897 102 32 heller
1537 896 65 31 för-

119 966 95 31 ordat
236 975 40 21 en
297 964 92 38 dylik
410 962 135 40 åtgärd:

162 1023 49 31 De
234 1022 173 32 hemställa
431 1021 125 36 endast,
581 1023 49 28 att
655 1019 64 31 den
744 1028 60 21 ena
829 1027 40 21 av
894 1016 40 32 de
958 1016 57 30 två
1040 1011 370 39 försändningsformer,
1437 1009 88 31 vilka
1550 1008 53 31 för

120 1067 208 32 närvarande
352 1066 168 38 tillämpas
546 1065 18 31 å
590 1064 235 38 järnvägarna,
852 1060 179 33 alternativ
1057 1059 38 37 B,
1122 1059 54 30 må
1200 1057 90 38 utgå.
1318 1056 73 30 Den
1416 1052 186 40 avgörande

120 1111 284 39 omständigheten
424 1119 96 29 synes
540 1108 120 32 därvid
679 1117 90 27 vara,
792 1109 49 29 att
861 1104 228 39 mottagandet
1110 1113 41 21 av
1171 1101 132 32 motbok
1323 1100 60 31 och
1404 1108 126 30 pengar
1550 1098 53 31 för

120 1157 39 32 de
180 1155 244 33 absolutistiska
445 1153 303 40 järnvägsmännen
767 1154 51 28 ter
839 1150 50 39 sig
909 1160 69 21 som
998 1153 47 27 ett
1065 1145 292 39 tillhandagående
1378 1144 74 32 med
1473 1142 130 33 anskaf-

122 1202 100 31 fande
246 1211 40 22 av
308 1200 198 38 rusdrycker
529 1198 59 32 och
611 1200 50 29 att
684 1200 47 28 ett
755 1195 107 39 dylikt
884 1192 292 40 tillhandagående
1198 1194 94 36 synts
1314 1190 74 31 dem
1411 1189 51 31 stå
1484 1188 11 31 i
1518 1186 85 33 strid

120 1247 73 31 med
213 1256 41 21 av
273 1246 74 31 dem
366 1244 131 37 avgivet
516 1241 276 40 nykterhetslöfte
813 1240 59 32 och
892 1249 68 22 som
980 1249 40 21 en
1040 1236 189 39 kränkning
1250 1246 40 21 av
1310 1234 96 32 deras
1426 1236 175 29 samveten.

160 1291 293 32 Landsförbundet
482 1289 179 32 antecknar
688 1286 76 32 med
792 1283 299 37 tillfredsställelse,
1121 1284 50 29 att
1200 1278 319 41 järnvägsstyrelsen
1550 1277 53 31 för

120 1337 52 32 sin
197 1336 54 31 del
274 1336 71 31 sökt
369 1334 190 38 undanröja
583 1343 40 21 en
648 1331 104 32 sådan
776 1330 158 31 karaktär
959 1339 41 21 av
1025 1328 92 31 detta
1141 1325 212 39 mottagande
1379 1333 115 30 genom
1520 1322 83 31 före-

119 1381 152 37 skriften,
293 1384 49 28 att
361 1377 245 34 vederbörande
628 1375 362 40 järnvägstjänsteman
1011 1372 69 32 icke
1100 1372 62 31 har
1182 1369 188 39 skyldighet
1390 1372 50 28 att
1459 1366 145 33 kontrol-

120 1427 79 36 lera,
226 1428 49 28 att
301 1423 175 33 avlämnad
501 1422 103 32 likvid
631 1424 184 28 motsvarar
839 1419 105 39 priset
970 1417 103 38 enligt
1098 1416 238 39 priskuranten
1361 1414 43 38 på
1430 1413 40 31 de
1496 1421 107 26 varor,

120 1482 67 21 som
208 1470 208 31 rekvirerats.
438 1469 117 30 Denna
576 1465 175 33 föreskrift
771 1464 60 31 har
853 1462 182 33 emellertid
1056 1461 70 31 icke
1146 1461 129 30 kunnat
1295 1458 130 37 hindra,
1448 1460 49 29 att
1517 1456 86 31 vissa

119 1515 246 38 motboksägare
386 1514 116 37 begärt
523 1511 102 32 sådan
647 1509 199 32 medverkan
867 1507 60 32 och
949 1510 50 28 att
1019 1507 127 37 vägran
1168 1504 160 32 föranlett
1350 1502 154 32 anmälan
1526 1501 75 31 från

120 1559 159 38 missnöjd
301 1558 254 37 motboksägare.
578 1556 49 31 De
646 1554 178 38 helnyktra
844 1551 303 40 järnvägsmännen
1168 1559 128 29 pressas
1317 1547 117 32 därför
1453 1546 64 32 lätt
1536 1546 34 31 in
1592 1546 10 29 i

120 1616 40 20 en
181 1602 351 39 handledningstjänst
553 1610 69 22 som
643 1598 175 40 påminner
839 1607 53 21 om
913 1593 481 40 utminuteringspersonalens.

161 1664 294 33 Landsförbundet
477 1663 112 31 finner
612 1662 55 31 det
690 1661 54 31 för
766 1659 51 32 sin
839 1659 53 32 del
915 1657 200 39 förklarligt,
1139 1667 52 21 om
1213 1656 92 31 detta
1326 1655 82 31 mött
1431 1653 171 38 allvarliga

120 1729 160 30 gensagor
304 1719 77 30 från
406 1718 64 31 den
493 1715 176 39 helnyktra
693 1712 371 41 järnvägspersonalens
1088 1710 81 38 sida,
1195 1709 115 32 varför
1335 1708 178 31 förbundet
1538 1707 66 31 frå-

121 1783 60 29 gar
201 1772 59 39 sig,
282 1782 51 21 om
353 1771 70 31 icke
443 1771 43 38 på
507 1770 75 37 sätt,
603 1779 68 21 som
691 1767 245 32 motionärerna
955 1775 98 29 synas
1074 1774 85 28 avse,
1181 1765 38 30 är
1238 1763 131 38 möjligt
1390 1765 49 28 att
1460 1761 73 31 med
1552 1761 51 31 be-

121 1826 146 32 varande
289 1836 40 20 av
351 1823 262 39 försändningen
633 1823 59 31 hos
713 1822 185 38 järnvägen
920 1821 80 37 göra
1021 1818 178 32 alternativ
1220 1818 31 30 A
1273 1817 53 30 till
1348 1816 64 31 den
1433 1815 82 31 enda
1539 1815 65 30 för-

122 1878 321 39 sändningsformen.

163 1942 62 31 Om
243 1937 278 34 landsförbundet
540 1938 37 30 är
598 1935 117 39 riktigt
733 1934 223 35 underrättat,
976 1932 168 38 tillämpas
1163 1930 88 32 inom
1270 1933 48 28 ett
1338 1929 113 31 flertal
1470 1928 133 32 distrikt

123 1984 209 34 uteslutande
359 1983 109 31 denna
496 1980 334 37 försändningsform.
885 1977 112 32 Skulle
1024 1986 41 21 en
1092 1975 94 38 dylik
1211 1974 222 39 begränsning
1459 1973 71 31 visa
1555 1972 49 38 sig

123 2029 158 37 vansklig,
301 2037 95 29 synes
416 2027 11 30 i
445 2026 94 38 varje
559 2025 60 31 fall
638 2034 39 21 en
697 2024 103 31 sådan
819 2021 212 39 omläggning
1050 2031 41 20 av
1110 2019 178 32 alternativ
1307 2019 28 30 B
1355 2018 79 31 böra
1453 2017 64 38 ske,
1536 2027 67 21 som

124 2073 203 37 undanröjer
350 2072 40 31 de
415 2070 222 37 allvarligaste
662 2079 41 20 av
727 2069 40 30 de
789 2067 220 38 olägenheter,
1033 2075 68 21 som
1124 2064 121 31 hittills
1268 2067 106 35 yppat
1398 2062 58 39 sig.
1482 2062 122 30 Lands-

124 2117 178 34 förbundet
328 2117 112 30 finner
465 2115 116 31 därför
607 2113 55 31 det
688 2123 41 20 av
754 2112 244 31 motionärerna
1024 2110 191 37 förebragta
1240 2107 193 40 spörsmålet
1460 2107 143 38 förtjänt

123 2167 49 28 att
195 2165 84 28 utan
301 2160 136 38 onödigt
460 2158 159 38 dröjsmål
643 2158 96 38 göras
761 2156 53 31 till
838 2155 138 31 föremål
1000 2154 53 31 för
1076 2153 190 39 utredning.

165 2231 297 38 Centralstyrelsen
490 2230 54 37 för
572 2229 124 31 statens
724 2227 198 38 järnvägars
953 2224 252 39 befälsförbund
1234 2223 201 37 framhåller,
1466 2226 49 27 att
1543 2223 61 30 när

122 2284 319 42 järnvägsstyrelsen
477 2282 132 31 införde
645 2281 39 31 de
720 2291 46 20 nu
803 2279 152 39 gällande
981 2278 255 31 föreskrifterna
1261 2278 53 29 för
1340 2276 199 38 förmedling
1564 2286 39 20 av

122 2338 186 41 spritinköp
328 2336 120 31 skedde
469 2336 92 30 detta
580 2334 116 31 endast
716 2334 53 30 för
790 2336 48 27 att
857 2333 113 30 kunna
989 2332 137 37 betjäna
1145 2330 244 31 trafikanterna
1411 2330 42 37 på
1473 2332 47 27 ett
1539 2329 64 30 till-

124 2390 252 34 fredsställande
401 2390 66 30 sätt
492 2388 58 31 och
576 2388 53 30 för
654 2390 50 28 att
728 2386 113 30 kunna
866 2384 142 39 erbjuda
1031 2385 201 38 järnvägens
1256 2382 201 31 trafikanter
1482 2391 121 22 samma

123 2445 166 32 förmåner
310 2452 66 21 som
398 2441 40 31 de
459 2440 210 38 trafikanter,
691 2439 90 31 vilka
802 2438 145 32 anlitade
969 2438 169 37 bussarna,
1160 2436 101 31 vilket
1284 2436 101 31 måste
1406 2435 113 31 kunna
1539 2434 65 35 ske,
