2218 2636
396 207 61 30 456
934 209 235 28 Statsutskottets
1197 208 153 29 Utlåtande
1372 208 60 28 N:o
1457 209 25 27 9.

396 298 124 22 annan
562 284 156 37 särskild
759 286 221 43 institution,
1009 298 78 23 som
1116 286 12 34 i
1155 289 40 40 ty
1221 284 68 36 fall
1316 284 116 36 borde
1458 288 153 43 utgöras
1639 283 41 36 af
1704 296 45 23 en
1776 284 81 35 icke
1884 282 128 37 alltför

397 335 140 46 fåtalig,
566 336 101 35 olika
694 336 340 45 kulturriktningar
1061 335 327 48 representerande
1414 335 255 44 kommission,
1688 346 79 23 som
1786 333 116 36 borde
1920 346 91 23 vara

397 393 221 39 permanent
658 386 67 35 och
765 385 109 37 äfven
914 394 69 39 äga
1018 391 75 30 rätt
1129 391 54 30 att
1217 391 168 39 mottaga
1411 384 319 48 framställningar
1757 397 62 22 om
1846 385 166 35 litterära

395 437 147 45 anslags
569 436 219 48 beviljande.

495 487 17 35 I
548 488 64 34 sitt
646 487 175 48 yttrande
855 487 59 35 till
945 486 408 48 statsrådsprotokollet
1380 485 41 36 af
1444 485 71 36 den
1545 488 44 33 13
1616 485 148 46 januari
1794 486 95 34 1906
1917 484 92 37 fann

396 537 210 37 dåvarande
647 537 400 46 departementschefen
1089 537 70 36 den
1200 536 41 35 af
1275 535 394 48 författarföreningen
1701 534 145 48 ingifna
1874 535 67 35 och
1970 535 40 36 af

396 587 165 37 Svenska
589 587 218 37 akademien
834 589 13 34 i
874 588 61 35 det
962 588 207 47 väsentliga
1195 587 174 35 biträdda
1395 586 324 45 framställningen
1747 599 88 22 vara
1854 585 156 46 förtjänt

395 638 39 36 af
470 639 190 46 allvarligt
698 638 208 36 beaktande
946 637 41 36 af
1023 638 84 42 alla,
1146 638 126 35 hvilka
1299 638 13 34 i
1339 638 132 35 svensk
1503 637 174 44 diktning
1704 635 87 46 sågo
1820 641 51 31 ett
1898 636 41 35 af
1963 636 45 36 de

394 694 191 39 trognaste
625 690 198 43 uttrycken
862 688 58 36 för
960 689 133 35 svensk
1132 688 236 36 nationalitet
1403 688 69 35 och
1510 687 153 36 därmed
1691 693 52 29 ett
1769 686 42 35 af
1835 687 44 35 de
1907 699 101 23 oum-

394 740 200 44 bärligaste
623 739 249 46 hjälpmedlen
899 738 58 36 för
983 739 67 36 vår
1076 738 274 36 fosterländska
1377 738 145 45 odlings
1542 737 225 45 lifskraftiga
1784 738 225 46 utveckling.

494 789 85 36 Med
617 789 170 36 afseende
823 789 20 35 å
877 789 289 36 förberedandet
1192 788 41 36 af
1256 789 244 45 utdelningen
1529 788 165 48 antydde
1722 788 287 45 departements-

395 839 127 37 chefen
551 839 121 37 såsom
700 853 44 23 en
771 840 156 46 lämplig
953 840 159 45 lösning,
1142 845 61 36 att,
1223 839 134 36 medan
1378 839 218 35 akademien
1615 838 230 36 fortfarande
1864 838 144 36 behölle

395 891 62 35 sitt
483 890 173 48 uppdrag
684 896 54 30 att
766 890 140 48 afgifva
932 890 195 36 utlåtande
1155 889 103 36 öfver
1284 889 262 46 fördelningen
1566 888 41 36 af
1622 889 45 36 de
1684 887 190 47 tillfälliga
1893 889 115 35 hono-

394 954 117 29 raren,
553 940 169 37 däremot
760 941 260 46 uppgörandet
1056 939 41 37 af
1123 939 139 46 förslag
1289 940 60 35 till
1375 939 214 46 fördelning
1616 938 41 36 af
1681 939 44 36 de
1752 938 97 36 fasta
1875 939 132 36 under-

393 991 129 36 stöden
549 992 127 35 kunde
704 991 184 36 anförtros
915 991 37 35 åt
979 1004 44 23 en
1053 991 155 35 särskild
1234 990 301 47 förslagsnämnd
1564 989 41 36 af
1631 989 74 36 fem
1732 989 213 43 ledamöter,
1970 989 42 35 af

393 1042 127 36 hvilka
556 1055 46 22 en
638 1042 119 35 skulle
790 1042 115 45 väljas
939 1041 40 36 af
1004 1041 229 41 akademien,
1260 1054 46 22 en
1333 1039 41 36 af
1396 1039 431 46 författareföreningens
1855 1040 154 43 styrelse

395 1092 68 35 och
504 1092 45 36 de
589 1098 56 30 tre
685 1092 230 36 återstående
954 1097 99 30 utses
1090 1091 41 35 af
1162 1091 135 46 Kungl.
1326 1090 111 46 Maj:t,
1463 1091 154 35 hvilken
1644 1090 140 36 nämnd
1812 1089 120 45 äfven,
1959 1090 49 46 på

393 1148 71 29 sätt
500 1141 166 38 Svenska
701 1142 218 36 akademien
949 1141 202 47 föreslagit,
1179 1141 91 46 ägde
1299 1147 54 29 att
1380 1146 187 40 emottaga
1595 1141 251 46 ansökningar
1874 1154 61 22 om
1962 1141 46 35 de

393 1193 166 36 litterära
586 1193 195 46 anslagens
809 1192 218 46 beviljande.

492 1242 417 47 Departementschefen
937 1242 91 36 fann
1052 1241 109 36 alltså
1181 1242 136 46 skäligt
1335 1241 240 46 understödja
1594 1240 415 46 författarföreningens

393 1294 152 45 önskan,
573 1306 85 23 men
685 1293 115 46 ansåg
826 1294 13 34 i
865 1293 246 36 betraktande
1139 1292 40 35 af
1203 1293 131 34 sakens
1353 1292 125 47 nyhet,
1498 1297 55 30 att
1573 1292 129 46 anslag
1720 1291 59 36 för
1798 1291 211 37 ändamålet

394 1344 131 36 endast
552 1344 116 35 borde
697 1345 152 44 begäras
875 1343 58 36 för
960 1351 51 28 tre
1039 1343 43 35 är
1110 1343 70 36 och
1204 1345 52 45 på
1283 1350 98 28 extra
1409 1349 82 29 stat.

493 1395 17 35 I
537 1395 217 45 anslutning
780 1394 128 36 härtill
933 1394 141 35 täcktes
1101 1392 135 46 Kungl.
1263 1392 104 48 Maj:t
1393 1391 135 37 föreslå
1558 1393 95 35 1906
1683 1392 56 36 års
1767 1392 166 47 Riksdag
1952 1398 55 30 att

390 1446 59 34 till
484 1444 96 36 fasta
612 1445 116 46 årliga
755 1444 202 36 understöd
983 1444 39 36 åt
1048 1444 192 35 inhemska
1268 1444 259 35 skönlitterära
1555 1442 193 37 författare
1776 1443 38 35 af
1840 1443 166 35 utmärkt

391 1495 173 48 förtjänst
599 1495 59 36 för
693 1495 88 36 åren
819 1496 247 35 1907-1909
1095 1494 136 46 bevilja
1259 1500 52 29 ett
1339 1495 127 44 anslag
1493 1493 42 36 af
1560 1495 133 41 30,000
1720 1494 141 34 kronor
1887 1498 55 30 att
1969 1492 41 36 af

392 1546 137 44 Kungl.
566 1545 102 47 Maj:t
695 1545 91 37 efter
813 1546 249 45 sakkunniges
1089 1544 166 36 hörande
1283 1543 159 37 fördelas
1470 1550 96 29 samt
1594 1543 109 35 däraf
1725 1543 48 46 på
1801 1549 106 30 extra
1933 1549 74 30 stat

391 1595 58 37 för
477 1597 40 35 år
546 1598 96 34 1907
672 1597 128 35 anvisa
828 1601 52 31 ett
906 1597 134 46 belopp
1069 1595 41 35 af
1136 1596 131 44 10,000
1296 1596 146 34 kronor.

495 1646 281 37 Statsutskottet
815 1647 63 35 vid
918 1646 221 45 föregående
1176 1645 57 36 års
1260 1645 152 45 riksdag
1439 1644 182 44 afstyrkte
1649 1644 207 36 emellertid
1884 1644 122 36 denna

391 1697 278 46 framställning
696 1697 176 36 särskildt
903 1696 104 36 >med
1034 1696 175 36 afseende
1236 1695 20 36 å
1285 1696 62 35 det
1373 1695 164 35 formellt
1566 1696 210 44 oegentliga
1800 1695 131 42 däruti,
1952 1701 54 29 att

392 1747 95 36 fasta
527 1748 204 35 understöd
772 1748 115 45 enligt
921 1746 137 46 Kungl.
1086 1746 118 46 Maj:ts
1230 1745 140 48 förslag
1397 1746 120 35 skulle
1545 1745 91 46 utgå
1661 1745 83 36 från
1773 1752 51 29 ett
1852 1745 20 36 å
1900 1752 106 29 extra

392 1804 72 30 stat
490 1798 180 47 uppfördt
697 1799 165 44 anslag»>.

492 1848 112 36 Emot
640 1849 101 35 detta
767 1849 197 35 utskottets
993 1846 240 45 afstyrkande
1260 1846 97 36 hade
1385 1846 208 36 emellertid
1620 1859 66 23 sex
1712 1846 205 36 ledamöter
1945 1858 59 23 an-

392 1900 91 34 mält
509 1900 238 44 reservation,
775 1899 162 44 hvilken,
964 1899 117 44 enligt
1106 1898 99 35 hvad
1231 1897 117 35 andra
1366 1896 393 48 utgiftsafdelningens
1779 1895 226 37 ordförande

392 1949 218 36 meddelade
650 1950 119 36 under
809 1949 172 35 debatten
1021 1949 13 35 i
1074 1948 129 35 Första
1243 1947 235 44 Kammaren,
1512 1960 68 23 var
1607 1946 41 36 af
1672 1960 140 23 samma
1839 1946 166 36 innehåll

393 2012 79 23 som
500 2000 123 36 denna
650 1999 209 46 afdelnings
887 2000 264 45 ursprungliga
1176 1998 147 45 förslag.
1361 1997 132 36 Denna
1520 1999 236 42 reservation,
1776 1998 109 35 hvars
1905 1998 99 34 kläm

393 2050 237 36 sammanföll
663 2051 86 35 med
775 2050 136 46 Kungl.
938 2049 120 46 Maj:ts
1085 2049 243 46 proposition,
1357 2048 177 36 framhöll
1563 2049 11 34 i
1601 2049 271 44 motiveringen
1900 2048 105 35 önsk-

393 2101 203 36 värdheten
637 2100 41 36 af
713 2106 55 30 att
807 2100 260 42 understöden,
1099 2100 63 35 vid
1191 2099 144 36 hvilkas
1363 2099 197 45 utdelning
1587 2098 64 37 det
1678 2098 241 36 ekonomiska
1945 2098 61 35 be-

392 2149 128 37 hofvet
554 2152 83 35 icke
668 2151 116 37 borde
810 2164 90 23 vara
925 2150 261 36 företrädesvis
1212 2149 289 44 bestämmande,
1529 2149 117 36 borde
1673 2149 186 36 meddelas
1887 2148 118 35 under

392 2199 115 36 sådan
548 2200 110 46 form,
695 2207 55 30 att
785 2201 106 36 deras
918 2201 185 46 egenskap
1132 2200 41 36 af
1195 2199 97 37 fasta
1318 2199 203 37 understöd
1549 2199 216 46 visserligen
1793 2199 214 44 bibehölles,

393 2263 83 24 men
517 2250 108 45 dock,
662 2251 122 37 därest
819 2251 123 47 någon
969 2250 242 37 innehafvare
1238 2252 11 34 i
1276 2249 201 37 framtiden
1505 2250 121 36 skulle
1653 2250 150 35 komma
1829 2250 13 34 i
1869 2248 139 36 sådana
