2216 2642
735 192 231 31 Statsutskottets
992 192 155 30 Utlåtande
1169 191 61 30 N:o
1253 191 27 29 9.

196 270 358 38 skoleseminarierna
594 271 14 37 i
647 270 178 37 Karlstad
861 271 61 36 och
958 270 124 37 Falun
1119 268 78 38 dels
1229 268 69 38 ock
1323 268 59 37 till

197 321 245 49 domkapitlet
466 322 6 36 i
490 321 166 48 Uppsala
680 320 58 38 för
755 322 148 49 höjning
913 321 69 49 för
1001 321 43 36 år
1064 320 100 37 1905
1184 319 45 50 af
1243 332 140 24 samma

199 373 129 48 anslag
355 373 62 36 vid
435 373 390 49 folkskoleseminariet
858 373 6 36 i
899 373 174 47 Uppsala,
1092 371 292 47 tillhopa............

303 447 95 48 15:0)
437 449 48 48 på
520 450 125 46 grund
682 448 40 38 af
746 449 127 47 kungl.
900 448 87 37 bref
1010 449 72 36 den
1110 449 46 35 25
1184 447 73 46 maj
1289 448 94 35 1906

198 500 59 36 till
298 500 218 47 disposition
552 500 42 37 af
624 500 229 37 kanslirådet
879 499 26 38 I.
933 499 44 37 A.
1004 500 181 48 Lyttkens
1211 498 60 37 för
1297 498 88 36 redi-

195 551 127 49 gering
362 552 61 36 och
462 552 335 47 korrekturläsning
837 564 45 22 m.
921 564 46 23 m.
1006 552 47 46 af
1068 549 317 50 folkskoleinspek-

197 607 162 31 törernas
394 602 182 37 berättelse
611 616 45 23 m.
690 616 46 23 m.
757 602 66 49 för
849 602 87 36 åren
964 600 312 38 1899—1904......
1295 631 81 6 ........

196 676 91 50 27
297 676 100 48 16:0)
433 679 152 47 jämlikt
623 679 128 47 kungl.
789 677 82 38 bref
906 678 73 37 den
1008 680 20 34 3
1056 678 203 37 november
1289 678 94 36 1899

196 731 59 36 till
304 730 218 49 disposition
573 729 41 37 af
658 729 127 38 chefen
828 729 59 37 för
930 729 454 49 utrikesdepartementets

198 781 358 47 kameralafdelning
596 781 59 37 för
690 781 184 49 gäldande
911 781 47 49 af
982 780 162 48 Sveriges
1172 781 128 47 bidrag
1319 780 67 48 för

198 832 86 37 ären
325 832 251 37 1900—1906
617 832 55 37 till
711 832 228 36 bestridande
977 832 48 43 af
1056 831 241 37 kostnaderna
1316 831 68 48 för

198 884 68 36 den
293 883 292 37 internationella
604 883 311 49 jordmätningen,
941 882 160 47 tillhopa
1114 913 195 6 .................
1318 912 58 6 an

303 957 95 49 17:0)
426 959 48 48 på
500 960 124 48 grund
651 959 41 36 af
715 957 190 38 föreskrift
932 959 11 35 i
972 959 128 45 kungl.
1127 957 85 37 bref
1238 958 70 36 den
1339 959 43 34 17

197 1011 203 37 november
437 1012 96 35 1905
571 1011 59 36 till
656 1010 71 37 den
755 1009 41 36 af
818 1010 137 46 Kungl.
983 1009 101 47 Maj:t
1112 1009 72 37 den
1214 1011 43 34 11
1286 1020 98 25 mars

200 1064 95 35 1898
324 1063 158 35 tillsatta
508 1061 205 37 kommittén
733 1061 66 50 för
823 1061 219 47 vidtagande
1065 1060 47 49 af
1120 1060 265 48 förberedande

198 1114 172 47 åtgärder
402 1114 67 48 för
507 1112 196 47 utförande
730 1112 47 48 af
800 1125 42 23 en
870 1112 230 47 svensk-rysk
1124 1110 261 50 gradmätning

195 1164 53 48 på
282 1163 230 50 Spetsbergen
549 1177 46 22 m.
635 1177 44 23 m.
708 1163 12 35 i
747 1162 197 47 afräkning
971 1162 21 36 å
1019 1162 269 36 sekreterarens
1316 1160 69 38 arf-

197 1215 106 46 vode,
329 1215 60 36 till
415 1214 238 37 bestridande
680 1213 40 37 af
735 1213 160 47 löpande
914 1212 154 47 utgifter
1086 1212 58 37 för
1162 1213 223 36 kommittén

197 1271 96 31 samt
320 1267 59 35 till
405 1264 271 38 resekostnads-
704 1265 69 36 och
800 1264 497 45 traktamentsersättningar
1319 1295 59 5 ......

303 1340 97 48 18:0)
423 1341 152 48 jämlikt
600 1341 128 46 kungl.
755 1339 86 38 bref
865 1340 72 36 den
968 1342 45 34 14
1034 1340 156 37 oktober
1211 1341 97 35 1904
1326 1340 59 36 till

200 1393 218 37 akademien
455 1392 59 37 för
547 1393 46 36 de
625 1391 72 37 fria
723 1393 201 36 konsterna
951 1391 122 36 såsom
1100 1391 126 48 bidrag
1253 1391 56 35 till
1336 1391 49 35 be-

197 1445 190 36 stridande
427 1443 46 50 af
507 1444 201 36 kostnaden
740 1443 67 48 för
847 1443 163 45 Sveriges
1049 1442 215 48 deltagande
1295 1441 14 36 i
1343 1454 42 23 en

197 1495 320 49 konstutställning
557 1495 14 35 i
608 1494 179 36 Minchen
828 1493 42 36 år
910 1494 110 45 1905,
1060 1491 92 39 efter
1187 1491 133 48 afdrag
1347 1490 41 38 af

196 1545 219 49 förskjutna,
442 1558 86 24 men
556 1545 290 37 återlevererade
874 1545 71 36 203
973 1545 140 35 kronor
1143 1546 44 33 17
1216 1551 161 29 öre........

304 1620 95 48 19:0)
423 1622 151 48 jämlikt
599 1621 189 37 föreskrift
813 1622 14 35 i
853 1621 130 47 kungl.
1010 1620 85 36 bref
1119 1620 72 37 den
1225 1622 47 34 20
1291 1621 94 46 april

199 1674 69 35 och
296 1673 71 37 den
395 1675 48 34 20
466 1673 72 46 juli
567 1674 95 34 1906
690 1672 59 36 till
777 1672 383 36 bibelkommissionen:

199 1723 179 38 arfvoden
392 1724 59 35 till
465 1723 306 36 kommissionens
786 1722 206 36 ledamöter
1017 1722 140 36 kronor
1186 1723 121 39 4,750:
1338 1740 45 6 —

199 1774 234 49 godtgörelse
478 1774 60 35 till
583 1774 239 46 domprosten
860 1772 35 37 J.
935 1772 56 36 W.

249 1826 189 36 Personne
477 1823 60 37 för
575 1824 170 37 utbetald
785 1824 206 45 ersättning

248 1877 59 35 till
332 1876 142 37 Vikarie
493 1906 488 6 mossssssssrssesissersrerserersrne
956 1872 28 54 san
1076 1888 12 16 >
1228 1876 79 35 187:
1339 1875 46 35 50

197 1933 97 31 samt
319 1928 60 35 till
405 1927 148 36 lektorn
581 1924 43 39 O.
652 1926 44 37 V.
723 1925 115 37 Knös:

250 1978 78 36 dels
356 1976 152 38 arfvode
526 1976 59 37 för
602 1977 143 37 biträde
765 1977 37 36 åt
819 1977 172 36 kommis-

300 2024 23 53 [3
329 2024 30 53 16)
355 2029 73 36 412)
415 2024 4 53 6
450 2058 531 6 VR
1077 2041 11 15 >
1226 2028 81 35 750:
1337 2047 48 6 —

251 2079 77 37 dels
356 2079 205 44 ersättning
582 2077 59 37 för
664 2077 189 37 bestridda
875 2078 116 35 sekre-

301 2135 51 31 ÖT
365 2142 32 23 ar
400 2128 169 47 RÖTOMAAL
586 2159 82 5 ses
675 2159 307 5 sosse
1077 2142 12 15 >
1224 2129 84 34 450:
1338 2146 47 5 —

255 2182 78 36 dels
374 2180 69 36 ock
483 2179 233 46 godtgörelse
746 2177 58 37 för
834 2177 159 37 mistade

300 2230 472 48 tjänstgöringspenningar
795 2260 184 5 ..........
1075 2243 12 15 >
1182 2230 120 40 1,406:
1333 2229 45 35 59

1413 371 140 36 kronor

1746 184 62 31 467

1606 370 119 43 2,200:
1755 385 60 17 —.

1640 599 83 35 800:
1752 614 60 17 —.

1601 880 122 42 4,983:
1755 878 56 35 60.

1605 1263 120 39 3,000:
1754 1280 59 17 AR

1602 1543 120 43 4,796:
1754 1542 58 35 83.

1606 2237 120 42 7,544:
1757 2238 58 34 09.
