<?xml version="1.0" encoding="UTF-8"?>
<alto xmlns="http://www.loc.gov/standards/alto/ns-v3#" xmlns:xlink="http://www.w3.org/1999/xlink" xmlns:xsi="http://www.w3.org/2001/XMLSchema-instance" xsi:schemaLocation="http://www.loc.gov/standards/alto/ns-v3# http://www.loc.gov/alto/v3/alto-3-0.xsd">
	<Description>
		<MeasurementUnit>pixel</MeasurementUnit>
		<sourceImageInformation>
			<fileName>/tmp/tess_tcc5v3lm_input.PNG</fileName>
		</sourceImageInformation>
		<OCRProcessing ID="OCR_0">
			<ocrProcessingStep>
				<processingSoftware>
					<softwareName>tesseract 5.3.0</softwareName>
				</processingSoftware>
			</ocrProcessingStep>
		</OCRProcessing>
	</Description>
	<Layout>
		<Page WIDTH="2230" HEIGHT="2628" PHYSICAL_IMG_NR="0" ID="page_0">
			<PrintSpace HPOS="0" VPOS="0" WIDTH="2230" HEIGHT="2628">
				<ComposedBlock ID="cblock_0" HPOS="749" VPOS="170" WIDTH="1037" HEIGHT="60">
					<TextBlock ID="block_0" HPOS="749" VPOS="170" WIDTH="1037" HEIGHT="60">
						<TextLine ID="line_0" HPOS="749" VPOS="170" WIDTH="1037" HEIGHT="60">
							<String ID="string_0" HPOS="749" VPOS="195" WIDTH="253" HEIGHT="35" WC="0.90" CONTENT="Statsutskottets"/><SP WIDTH="23" VPOS="195" HPOS="1002"/>
							<String ID="string_1" HPOS="1025" VPOS="186" WIDTH="171" HEIGHT="36" WC="0.96" CONTENT="Memorial"/><SP WIDTH="22" VPOS="186" HPOS="1196"/>
							<String ID="string_2" HPOS="1218" VPOS="184" WIDTH="63" HEIGHT="33" WC="0.88" CONTENT="N:o"/><SP WIDTH="23" VPOS="184" HPOS="1281"/>
							<String ID="string_3" HPOS="1304" VPOS="185" WIDTH="26" HEIGHT="29" WC="0.94" CONTENT="1."/><SP WIDTH="440" VPOS="185" HPOS="1330"/>
							<String ID="string_4" HPOS="1770" VPOS="170" WIDTH="16" HEIGHT="30" WC="0.96" CONTENT="1"/>
						</TextLine>
					</TextBlock>
				</ComposedBlock>
				<ComposedBlock ID="cblock_1" HPOS="796" VPOS="442" WIDTH="1042" HEIGHT="191">
					<TextBlock ID="block_1" HPOS="796" VPOS="442" WIDTH="1042" HEIGHT="191">
						<TextLine ID="line_1" HPOS="973" VPOS="442" WIDTH="136" HEIGHT="37">
							<String ID="string_5" HPOS="973" VPOS="442" WIDTH="73" HEIGHT="37" WC="0.95" CONTENT="N:o"/><SP WIDTH="32" VPOS="442" HPOS="1046"/>
							<String ID="string_6" HPOS="1078" VPOS="443" WIDTH="31" HEIGHT="33" WC="0.96" CONTENT="1."/>
						</TextLine>
						<TextLine ID="line_2" HPOS="796" VPOS="577" WIDTH="1042" HEIGHT="56">
							<String ID="string_7" HPOS="796" VPOS="602" WIDTH="81" HEIGHT="31" WC="0.90" CONTENT="Ank."/><SP WIDTH="24" VPOS="602" HPOS="877"/>
							<String ID="string_8" HPOS="901" VPOS="600" WIDTH="45" HEIGHT="31" WC="0.93" CONTENT="till"/><SP WIDTH="24" VPOS="600" HPOS="946"/>
							<String ID="string_9" HPOS="970" VPOS="597" WIDTH="105" HEIGHT="32" WC="0.92" CONTENT="Riksd."/><SP WIDTH="23" VPOS="597" HPOS="1075"/>
							<String ID="string_10" HPOS="1098" VPOS="593" WIDTH="97" HEIGHT="32" WC="0.96" CONTENT="kansli"/><SP WIDTH="23" VPOS="593" HPOS="1195"/>
							<String ID="string_11" HPOS="1218" VPOS="592" WIDTH="57" HEIGHT="30" WC="0.96" CONTENT="den"/><SP WIDTH="25" VPOS="592" HPOS="1275"/>
							<String ID="string_12" HPOS="1300" VPOS="592" WIDTH="39" HEIGHT="29" WC="0.96" CONTENT="23"/><SP WIDTH="23" VPOS="592" HPOS="1339"/>
							<String ID="string_13" HPOS="1362" VPOS="587" WIDTH="114" HEIGHT="42" WC="0.95" CONTENT="januari"/><SP WIDTH="25" VPOS="587" HPOS="1476"/>
							<String ID="string_14" HPOS="1501" VPOS="585" WIDTH="90" HEIGHT="34" WC="0.96" CONTENT="1901,"/><SP WIDTH="25" VPOS="585" HPOS="1591"/>
							<String ID="string_15" HPOS="1616" VPOS="582" WIDTH="40" HEIGHT="30" WC="0.95" CONTENT="kl."/><SP WIDTH="27" VPOS="582" HPOS="1656"/>
							<String ID="string_16" HPOS="1683" VPOS="581" WIDTH="38" HEIGHT="30" WC="0.92" CONTENT="12"/><SP WIDTH="27" VPOS="581" HPOS="1721"/>
							<String ID="string_17" HPOS="1748" VPOS="577" WIDTH="90" HEIGHT="32" WC="0.91" CONTENT="midd."/>
						</TextLine>
					</TextBlock>
				</ComposedBlock>
				<ComposedBlock ID="cblock_2" HPOS="447" VPOS="725" WIDTH="1403" HEIGHT="474">
					<TextBlock ID="block_2" HPOS="447" VPOS="725" WIDTH="1403" HEIGHT="474">
						<TextLine ID="line_3" HPOS="447" VPOS="725" WIDTH="1399" HEIGHT="73">
							<String ID="string_18" HPOS="447" VPOS="754" WIDTH="200" HEIGHT="44" WC="0.95" CONTENT="Memorial,"/><SP WIDTH="41" VPOS="754" HPOS="647"/>
							<String ID="string_19" HPOS="688" VPOS="751" WIDTH="78" HEIGHT="36" WC="0.95" CONTENT="med"/><SP WIDTH="41" VPOS="751" HPOS="766"/>
							<String ID="string_20" HPOS="807" VPOS="750" WIDTH="41" HEIGHT="34" WC="0.93" CONTENT="de"/><SP WIDTH="41" VPOS="750" HPOS="848"/>
							<String ID="string_21" HPOS="889" VPOS="746" WIDTH="54" HEIGHT="36" WC="0.93" CONTENT="till"/><SP WIDTH="39" VPOS="746" HPOS="943"/>
							<String ID="string_22" HPOS="982" VPOS="740" WIDTH="239" HEIGHT="40" WC="0.96" CONTENT="innevarande"/><SP WIDTH="40" VPOS="740" HPOS="1221"/>
							<String ID="string_23" HPOS="1261" VPOS="736" WIDTH="156" HEIGHT="43" WC="0.93" CONTENT="Riksdag"/><SP WIDTH="43" VPOS="736" HPOS="1417"/>
							<String ID="string_24" HPOS="1460" VPOS="730" WIDTH="144" HEIGHT="46" WC="0.89" CONTENT="afgifna"/><SP WIDTH="38" VPOS="730" HPOS="1604"/>
							<String ID="string_25" HPOS="1642" VPOS="725" WIDTH="204" HEIGHT="38" WC="0.95" CONTENT="berättelser"/>
						</TextLine>
						<TextLine ID="line_4" HPOS="645" VPOS="793" WIDTH="1197" HEIGHT="69">
							<String ID="string_26" HPOS="645" VPOS="821" WIDTH="72" HEIGHT="36" WC="0.95" CONTENT="dels"/><SP WIDTH="42" VPOS="821" HPOS="717"/>
							<String ID="string_27" HPOS="759" VPOS="818" WIDTH="47" HEIGHT="44" WC="0.93" CONTENT="af"/><SP WIDTH="28" VPOS="818" HPOS="806"/>
							<String ID="string_28" HPOS="834" VPOS="815" WIDTH="227" HEIGHT="46" WC="0.91" CONTENT="fullmägtige"/><SP WIDTH="39" VPOS="815" HPOS="1061"/>
							<String ID="string_29" HPOS="1100" VPOS="813" WIDTH="14" HEIGHT="33" WC="0.76" CONTENT="i"/><SP WIDTH="39" VPOS="813" HPOS="1114"/>
							<String ID="string_30" HPOS="1153" VPOS="804" WIDTH="330" HEIGHT="48" WC="0.92" CONTENT="riksgäldskontoret"/><SP WIDTH="48" VPOS="804" HPOS="1483"/>
							<String ID="string_31" HPOS="1531" VPOS="796" WIDTH="179" HEIGHT="47" WC="0.74" CONTENT="angående"/><SP WIDTH="20" VPOS="796" HPOS="1710"/>
							<String ID="string_32" HPOS="1730" VPOS="793" WIDTH="112" HEIGHT="36" WC="0.0" CONTENT="Friks-"/>
						</TextLine>
						<TextLine ID="line_5" HPOS="644" VPOS="860" WIDTH="1205" HEIGHT="76">
							<String ID="string_33" HPOS="644" VPOS="887" WIDTH="279" HEIGHT="49" WC="0.92" CONTENT="gäldskontorets"/><SP WIDTH="47" VPOS="887" HPOS="923"/>
							<String ID="string_34" HPOS="970" VPOS="881" WIDTH="169" HEIGHT="42" WC="0.66" CONTENT="ställning"/><SP WIDTH="46" VPOS="881" HPOS="1139"/>
							<String ID="string_35" HPOS="1185" VPOS="876" WIDTH="62" HEIGHT="35" WC="0.93" CONTENT="och"/><SP WIDTH="35" VPOS="876" HPOS="1247"/>
							<String ID="string_36" HPOS="1282" VPOS="866" WIDTH="243" HEIGHT="51" WC="0.33" CONTENT="förvaltning|"/><SP WIDTH="26" VPOS="866" HPOS="1525"/>
							<String ID="string_37" HPOS="1551" VPOS="865" WIDTH="95" HEIGHT="48" WC="0.22" CONTENT="samt"/><SP WIDTH="28" VPOS="865" HPOS="1646"/>
							<String ID="string_38" HPOS="1674" VPOS="863" WIDTH="86" HEIGHT="36" WC="0.74" CONTENT="&quot;dels"/><SP WIDTH="42" VPOS="863" HPOS="1760"/>
							<String ID="string_39" HPOS="1802" VPOS="860" WIDTH="47" HEIGHT="44" WC="0.96" CONTENT="af"/>
						</TextLine>
						<TextLine ID="line_6" HPOS="643" VPOS="928" WIDTH="1202" HEIGHT="75">
							<String ID="string_40" HPOS="643" VPOS="957" WIDTH="227" HEIGHT="46" WC="0.91" CONTENT="fullmägtige"/><SP WIDTH="39" VPOS="957" HPOS="870"/>
							<String ID="string_41" HPOS="909" VPOS="954" WIDTH="14" HEIGHT="34" WC="0.95" CONTENT="i"/><SP WIDTH="38" VPOS="954" HPOS="923"/>
							<String ID="string_42" HPOS="961" VPOS="948" WIDTH="212" HEIGHT="38" WC="0.89" CONTENT="riksbanken"/><SP WIDTH="40" VPOS="948" HPOS="1173"/>
							<String ID="string_43" HPOS="1213" VPOS="941" WIDTH="69" HEIGHT="50" WC="0.68" CONTENT="ochi"/><SP WIDTH="27" VPOS="941" HPOS="1282"/>
							<String ID="string_44" HPOS="1309" VPOS="928" WIDTH="327" HEIGHT="57" WC="0.91" CONTENT="riksgäldskontoret"/><SP WIDTH="29" VPOS="928" HPOS="1636"/>
							<String ID="string_45" HPOS="1665" VPOS="930" WIDTH="180" HEIGHT="47" WC="0.96" CONTENT="angående"/>
						</TextLine>
						<TextLine ID="line_7" HPOS="651" VPOS="999" WIDTH="1197" HEIGHT="64">
							<String ID="string_46" HPOS="651" VPOS="1028" WIDTH="56" HEIGHT="35" WC="0.96" CONTENT="det"/><SP WIDTH="41" VPOS="1028" HPOS="707"/>
							<String ID="string_47" HPOS="748" VPOS="1026" WIDTH="77" HEIGHT="34" WC="0.93" CONTENT="dem"/><SP WIDTH="42" VPOS="1026" HPOS="825"/>
							<String ID="string_48" HPOS="867" VPOS="1020" WIDTH="159" HEIGHT="37" WC="0.91" CONTENT="lemnade"/><SP WIDTH="39" VPOS="1020" HPOS="1026"/>
							<String ID="string_49" HPOS="1065" VPOS="1016" WIDTH="163" HEIGHT="46" WC="0.92" CONTENT="uppdrag"/><SP WIDTH="42" VPOS="1016" HPOS="1228"/>
							<String ID="string_50" HPOS="1270" VPOS="1013" WIDTH="13" HEIGHT="33" WC="0.38" CONTENT="t"/><SP WIDTH="35" VPOS="1013" HPOS="1283"/>
							<String ID="string_51" HPOS="1318" VPOS="1005" WIDTH="126" HEIGHT="52" WC="0.90" CONTENT="fråga:"/><SP WIDTH="24" VPOS="1005" HPOS="1444"/>
							<String ID="string_52" HPOS="1468" VPOS="1018" WIDTH="58" HEIGHT="24" WC="0.93" CONTENT="om."/><SP WIDTH="21" VPOS="1018" HPOS="1526"/>
							<String ID="string_53" HPOS="1547" VPOS="1000" WIDTH="243" HEIGHT="49" WC="0.84" CONTENT="uppförande"/><SP WIDTH="36" VPOS="1000" HPOS="1790"/>
							<String ID="string_54" HPOS="1826" VPOS="999" WIDTH="22" HEIGHT="33" WC="0.88" CONTENT="å"/>
						</TextLine>
						<TextLine ID="line_8" HPOS="652" VPOS="1067" WIDTH="1198" HEIGHT="73">
							<String ID="string_55" HPOS="652" VPOS="1091" WIDTH="343" HEIGHT="49" WC="0.96" CONTENT="Helgeandsholmen"/><SP WIDTH="41" VPOS="1091" HPOS="995"/>
							<String ID="string_56" HPOS="1036" VPOS="1085" WIDTH="47" HEIGHT="45" WC="0.95" CONTENT="af"/><SP WIDTH="33" VPOS="1085" HPOS="1083"/>
							<String ID="string_57" HPOS="1116" VPOS="1095" WIDTH="70" HEIGHT="34" WC="0.90" CONTENT="nya"/><SP WIDTH="43" VPOS="1095" HPOS="1186"/>
							<String ID="string_58" HPOS="1229" VPOS="1078" WIDTH="199" HEIGHT="48" WC="0.96" CONTENT="byggnader"/><SP WIDTH="25" VPOS="1078" HPOS="1428"/>
							<String ID="string_59" HPOS="1453" VPOS="1074" WIDTH="65" HEIGHT="45" WC="0.96" CONTENT="för"/><SP WIDTH="32" VPOS="1074" HPOS="1518"/>
							<String ID="string_60" HPOS="1550" VPOS="1071" WIDTH="204" HEIGHT="43" WC="0.96" CONTENT="Riksdagen"/><SP WIDTH="33" VPOS="1071" HPOS="1754"/>
							<String ID="string_61" HPOS="1787" VPOS="1067" WIDTH="63" HEIGHT="35" WC="0.96" CONTENT="och"/>
						</TextLine>
						<TextLine ID="line_9" HPOS="652" VPOS="1163" WIDTH="220" HEIGHT="36">
							<String ID="string_62" HPOS="652" VPOS="1163" WIDTH="220" HEIGHT="36" WC="0.95" CONTENT="riksbanken."/>
						</TextLine>
					</TextBlock>
				</ComposedBlock>
				<ComposedBlock ID="cblock_3" HPOS="256" VPOS="1237" WIDTH="1600" HEIGHT="641">
					<TextBlock ID="block_3" HPOS="256" VPOS="1237" WIDTH="1600" HEIGHT="599">
						<TextLine ID="line_10" HPOS="387" VPOS="1237" WIDTH="1458" HEIGHT="75">
							<String ID="string_63" HPOS="387" VPOS="1268" WIDTH="301" HEIGHT="44" WC="0.18" CONTENT="Statsutskottet,"/><SP WIDTH="30" VPOS="1268" HPOS="688"/>
							<String ID="string_64" HPOS="718" VPOS="1277" WIDTH="82" HEIGHT="24" WC="0.96" CONTENT="som"/><SP WIDTH="29" VPOS="1277" HPOS="800"/>
							<String ID="string_65" HPOS="829" VPOS="1263" WIDTH="71" HEIGHT="36" WC="0.93" CONTENT="fått"/><SP WIDTH="28" VPOS="1263" HPOS="900"/>
							<String ID="string_66" HPOS="928" VPOS="1263" WIDTH="195" HEIGHT="41" WC="0.91" CONTENT="emottaga"/><SP WIDTH="28" VPOS="1263" HPOS="1123"/>
							<String ID="string_67" HPOS="1151" VPOS="1252" WIDTH="104" HEIGHT="38" WC="0.96" CONTENT="såväl"/><SP WIDTH="28" VPOS="1252" HPOS="1255"/>
							<String ID="string_68" HPOS="1283" VPOS="1249" WIDTH="72" HEIGHT="37" WC="0.96" CONTENT="den"/><SP WIDTH="28" VPOS="1249" HPOS="1355"/>
							<String ID="string_69" HPOS="1383" VPOS="1247" WIDTH="40" HEIGHT="37" WC="0.93" CONTENT="af"/><SP WIDTH="24" VPOS="1247" HPOS="1423"/>
							<String ID="string_70" HPOS="1447" VPOS="1241" WIDTH="242" HEIGHT="50" WC="0.91" CONTENT="fullmägtige"/><SP WIDTH="28" VPOS="1241" HPOS="1689"/>
							<String ID="string_71" HPOS="1717" VPOS="1239" WIDTH="13" HEIGHT="36" WC="0.81" CONTENT="1"/><SP WIDTH="18" VPOS="1239" HPOS="1730"/>
							<String ID="string_72" HPOS="1748" VPOS="1237" WIDTH="97" HEIGHT="37" WC="0.91" CONTENT="riks-"/>
						</TextLine>
						<TextLine ID="line_11" HPOS="256" VPOS="1288" WIDTH="1588" HEIGHT="87">
							<String ID="string_73" HPOS="256" VPOS="1324" WIDTH="299" HEIGHT="51" WC="0.89" CONTENT="gäldskontoret,"/><SP WIDTH="30" VPOS="1324" HPOS="555"/>
							<String ID="string_74" HPOS="585" VPOS="1318" WIDTH="119" HEIGHT="48" WC="0.93" CONTENT="enligt"/><SP WIDTH="27" VPOS="1318" HPOS="704"/>
							<String ID="string_75" HPOS="731" VPOS="1315" WIDTH="20" HEIGHT="49" WC="0.80" CONTENT="$"/><SP WIDTH="31" VPOS="1315" HPOS="751"/>
							<String ID="string_76" HPOS="782" VPOS="1316" WIDTH="46" HEIGHT="34" WC="0.94" CONTENT="73"/><SP WIDTH="30" VPOS="1316" HPOS="828"/>
							<String ID="string_77" HPOS="858" VPOS="1312" WIDTH="40" HEIGHT="37" WC="0.95" CONTENT="af"/><SP WIDTH="24" VPOS="1312" HPOS="898"/>
							<String ID="string_78" HPOS="922" VPOS="1311" WIDTH="63" HEIGHT="36" WC="0.96" CONTENT="det"/><SP WIDTH="27" VPOS="1311" HPOS="985"/>
							<String ID="string_79" HPOS="1012" VPOS="1309" WIDTH="60" HEIGHT="36" WC="0.96" CONTENT="för"/><SP WIDTH="27" VPOS="1309" HPOS="1072"/>
							<String ID="string_80" HPOS="1099" VPOS="1306" WIDTH="104" HEIGHT="36" WC="0.96" CONTENT="detta"/><SP WIDTH="27" VPOS="1306" HPOS="1203"/>
							<String ID="string_81" HPOS="1230" VPOS="1301" WIDTH="93" HEIGHT="38" WC="0.96" CONTENT="verk"/><SP WIDTH="28" VPOS="1301" HPOS="1323"/>
							<String ID="string_82" HPOS="1351" VPOS="1304" WIDTH="126" HEIGHT="32" WC="0.96" CONTENT="senast"/><SP WIDTH="26" VPOS="1304" HPOS="1477"/>
							<String ID="string_83" HPOS="1503" VPOS="1291" WIDTH="197" HEIGHT="41" WC="0.96" CONTENT="utfärdade"/><SP WIDTH="19" VPOS="1291" HPOS="1700"/>
							<String ID="string_84" HPOS="1719" VPOS="1288" WIDTH="125" HEIGHT="49" WC="0.91" CONTENT="regle-"/>
						</TextLine>
						<TextLine ID="line_12" HPOS="259" VPOS="1344" WIDTH="1587" HEIGHT="73">
							<String ID="string_85" HPOS="259" VPOS="1381" WIDTH="128" HEIGHT="33" WC="0.94" CONTENT="mente"/><SP WIDTH="37" VPOS="1381" HPOS="387"/>
							<String ID="string_86" HPOS="424" VPOS="1372" WIDTH="58" HEIGHT="38" WC="0.96" CONTENT="till"/><SP WIDTH="39" VPOS="1372" HPOS="482"/>
							<String ID="string_87" HPOS="521" VPOS="1369" WIDTH="221" HEIGHT="48" WC="0.93" CONTENT="Riksdagen"/><SP WIDTH="42" VPOS="1369" HPOS="742"/>
							<String ID="string_88" HPOS="784" VPOS="1364" WIDTH="147" HEIGHT="49" WC="0.91" CONTENT="afgifna"/><SP WIDTH="40" VPOS="1364" HPOS="931"/>
							<String ID="string_89" HPOS="971" VPOS="1357" WIDTH="204" HEIGHT="40" WC="0.96" CONTENT="berättelse"/><SP WIDTH="42" VPOS="1357" HPOS="1175"/>
							<String ID="string_90" HPOS="1217" VPOS="1350" WIDTH="197" HEIGHT="52" WC="0.80" CONTENT="angående"/><SP WIDTH="40" VPOS="1350" HPOS="1414"/>
							<String ID="string_91" HPOS="1454" VPOS="1344" WIDTH="392" HEIGHT="51" WC="0.80" CONTENT="riksgäldskontorets"/>
						</TextLine>
						<TextLine ID="line_13" HPOS="261" VPOS="1388" WIDTH="1587" HEIGHT="85">
							<String ID="string_92" HPOS="261" VPOS="1427" WIDTH="183" HEIGHT="46" WC="0.96" CONTENT="ställning"/><SP WIDTH="34" VPOS="1427" HPOS="444"/>
							<String ID="string_93" HPOS="478" VPOS="1424" WIDTH="72" HEIGHT="37" WC="0.96" CONTENT="och"/><SP WIDTH="36" VPOS="1424" HPOS="550"/>
							<String ID="string_94" HPOS="586" VPOS="1418" WIDTH="236" HEIGHT="46" WC="0.96" CONTENT="förvaltning"/><SP WIDTH="26" VPOS="1418" HPOS="822"/>
							<String ID="string_95" HPOS="848" VPOS="1416" WIDTH="58" HEIGHT="38" WC="0.96" CONTENT="för"/><SP WIDTH="28" VPOS="1416" HPOS="906"/>
							<String ID="string_96" HPOS="934" VPOS="1414" WIDTH="74" HEIGHT="36" WC="0.96" CONTENT="den"/><SP WIDTH="27" VPOS="1414" HPOS="1008"/>
							<String ID="string_97" HPOS="1035" VPOS="1410" WIDTH="68" HEIGHT="47" WC="0.95" CONTENT="tid,"/><SP WIDTH="29" VPOS="1410" HPOS="1103"/>
							<String ID="string_98" HPOS="1132" VPOS="1421" WIDTH="80" HEIGHT="24" WC="0.96" CONTENT="som"/><SP WIDTH="28" VPOS="1421" HPOS="1212"/>
							<String ID="string_99" HPOS="1240" VPOS="1402" WIDTH="174" HEIGHT="47" WC="0.96" CONTENT="förflutit,"/><SP WIDTH="30" VPOS="1402" HPOS="1414"/>
							<String ID="string_100" HPOS="1444" VPOS="1399" WIDTH="116" HEIGHT="37" WC="0.96" CONTENT="sedan"/><SP WIDTH="27" VPOS="1399" HPOS="1560"/>
							<String ID="string_101" HPOS="1587" VPOS="1388" WIDTH="261" HEIGHT="57" WC="0.91" CONTENT="fullmägtiges"/>
						</TextLine>
						<TextLine ID="line_14" HPOS="261" VPOS="1443" WIDTH="1589" HEIGHT="75">
							<String ID="string_102" HPOS="261" VPOS="1478" WIDTH="204" HEIGHT="40" WC="0.96" CONTENT="berättelse"/><SP WIDTH="42" VPOS="1478" HPOS="465"/>
							<String ID="string_103" HPOS="507" VPOS="1474" WIDTH="57" HEIGHT="38" WC="0.96" CONTENT="till"/><SP WIDTH="42" VPOS="1474" HPOS="564"/>
							<String ID="string_104" HPOS="606" VPOS="1477" WIDTH="149" HEIGHT="33" WC="0.96" CONTENT="senaste"/><SP WIDTH="41" VPOS="1477" HPOS="755"/>
							<String ID="string_105" HPOS="796" VPOS="1467" WIDTH="174" HEIGHT="46" WC="0.23" CONTENT="Riksdag"/><SP WIDTH="41" VPOS="1467" HPOS="970"/>
							<String ID="string_106" HPOS="1011" VPOS="1461" WIDTH="134" HEIGHT="50" WC="0.91" CONTENT="afgafs,"/><SP WIDTH="35" VPOS="1461" HPOS="1145"/>
							<String ID="string_107" HPOS="1180" VPOS="1471" WIDTH="83" HEIGHT="24" WC="0.95" CONTENT="som"/><SP WIDTH="29" VPOS="1471" HPOS="1263"/>
							<String ID="string_108" HPOS="1292" VPOS="1455" WIDTH="112" HEIGHT="37" WC="0.95" CONTENT="äfven"/><SP WIDTH="27" VPOS="1455" HPOS="1404"/>
							<String ID="string_109" HPOS="1431" VPOS="1465" WIDTH="47" HEIGHT="23" WC="0.96" CONTENT="en"/><SP WIDTH="28" VPOS="1465" HPOS="1478"/>
							<String ID="string_110" HPOS="1506" VPOS="1450" WIDTH="40" HEIGHT="37" WC="0.92" CONTENT="af"/><SP WIDTH="23" VPOS="1450" HPOS="1546"/>
							<String ID="string_111" HPOS="1569" VPOS="1445" WIDTH="240" HEIGHT="48" WC="0.91" CONTENT="fullmägtige"/><SP WIDTH="28" VPOS="1445" HPOS="1809"/>
							<String ID="string_112" HPOS="1837" VPOS="1443" WIDTH="13" HEIGHT="36" WC="0.96" CONTENT="i"/>
						</TextLine>
						<TextLine ID="line_15" HPOS="260" VPOS="1496" WIDTH="1587" HEIGHT="76">
							<String ID="string_113" HPOS="260" VPOS="1530" WIDTH="231" HEIGHT="39" WC="0.96" CONTENT="riksbanken"/><SP WIDTH="33" VPOS="1530" HPOS="491"/>
							<String ID="string_114" HPOS="524" VPOS="1526" WIDTH="71" HEIGHT="37" WC="0.92" CONTENT="och"/><SP WIDTH="26" VPOS="1526" HPOS="595"/>
							<String ID="string_115" HPOS="621" VPOS="1521" WIDTH="366" HEIGHT="51" WC="0.91" CONTENT="riksgäldskontoret"/><SP WIDTH="27" VPOS="1521" HPOS="987"/>
							<String ID="string_116" HPOS="1014" VPOS="1516" WIDTH="239" HEIGHT="48" WC="0.95" CONTENT="gemensamt"/><SP WIDTH="27" VPOS="1516" HPOS="1253"/>
							<String ID="string_117" HPOS="1280" VPOS="1507" WIDTH="59" HEIGHT="37" WC="0.96" CONTENT="till"/><SP WIDTH="28" VPOS="1507" HPOS="1339"/>
							<String ID="string_118" HPOS="1367" VPOS="1502" WIDTH="284" HEIGHT="40" WC="0.93" CONTENT="statsutskottet"/><SP WIDTH="28" VPOS="1502" HPOS="1651"/>
							<String ID="string_119" HPOS="1679" VPOS="1496" WIDTH="168" HEIGHT="49" WC="0.92" CONTENT="afgifven"/>
						</TextLine>
						<TextLine ID="line_16" HPOS="262" VPOS="1547" WIDTH="1590" HEIGHT="80">
							<String ID="string_120" HPOS="262" VPOS="1582" WIDTH="202" HEIGHT="39" WC="0.96" CONTENT="berättelse"/><SP WIDTH="42" VPOS="1582" HPOS="464"/>
							<String ID="string_121" HPOS="506" VPOS="1575" WIDTH="197" HEIGHT="52" WC="0.96" CONTENT="angående"/><SP WIDTH="41" VPOS="1575" HPOS="703"/>
							<String ID="string_122" HPOS="744" VPOS="1570" WIDTH="216" HEIGHT="40" WC="0.95" CONTENT="utförandet"/><SP WIDTH="33" VPOS="1570" HPOS="960"/>
							<String ID="string_123" HPOS="993" VPOS="1567" WIDTH="38" HEIGHT="37" WC="0.95" CONTENT="af"/><SP WIDTH="31" VPOS="1567" HPOS="1031"/>
							<String ID="string_124" HPOS="1062" VPOS="1566" WIDTH="64" HEIGHT="36" WC="0.95" CONTENT="det"/><SP WIDTH="35" VPOS="1566" HPOS="1126"/>
							<String ID="string_125" HPOS="1161" VPOS="1558" WIDTH="239" HEIGHT="49" WC="0.92" CONTENT="fullmägtige"/><SP WIDTH="29" VPOS="1558" HPOS="1400"/>
							<String ID="string_126" HPOS="1429" VPOS="1550" WIDTH="219" HEIGHT="42" WC="0.96" CONTENT="meddelade"/><SP WIDTH="28" VPOS="1550" HPOS="1648"/>
							<String ID="string_127" HPOS="1676" VPOS="1547" WIDTH="176" HEIGHT="50" WC="0.96" CONTENT="uppdrag"/>
						</TextLine>
						<TextLine ID="line_17" HPOS="265" VPOS="1598" WIDTH="1586" HEIGHT="85">
							<String ID="string_128" HPOS="265" VPOS="1636" WIDTH="13" HEIGHT="35" WC="0.96" CONTENT="i"/><SP WIDTH="27" VPOS="1636" HPOS="278"/>
							<String ID="string_129" HPOS="305" VPOS="1636" WIDTH="108" HEIGHT="47" WC="0.96" CONTENT="fråga"/><SP WIDTH="27" VPOS="1636" HPOS="413"/>
							<String ID="string_130" HPOS="440" VPOS="1646" WIDTH="62" HEIGHT="22" WC="0.96" CONTENT="om"/><SP WIDTH="27" VPOS="1646" HPOS="502"/>
							<String ID="string_131" HPOS="529" VPOS="1626" WIDTH="237" HEIGHT="52" WC="0.93" CONTENT="uppförande"/><SP WIDTH="30" VPOS="1626" HPOS="766"/>
							<String ID="string_132" HPOS="796" VPOS="1627" WIDTH="21" HEIGHT="33" WC="0.92" CONTENT="å"/><SP WIDTH="29" VPOS="1627" HPOS="817"/>
							<String ID="string_133" HPOS="846" VPOS="1616" WIDTH="374" HEIGHT="53" WC="0.96" CONTENT="Helgeandsholmen"/><SP WIDTH="28" VPOS="1616" HPOS="1220"/>
							<String ID="string_134" HPOS="1248" VPOS="1612" WIDTH="41" HEIGHT="37" WC="0.96" CONTENT="af"/><SP WIDTH="22" VPOS="1612" HPOS="1289"/>
							<String ID="string_135" HPOS="1311" VPOS="1622" WIDTH="78" HEIGHT="36" WC="0.96" CONTENT="nya"/><SP WIDTH="27" VPOS="1622" HPOS="1389"/>
							<String ID="string_136" HPOS="1416" VPOS="1603" WIDTH="229" HEIGHT="53" WC="0.95" CONTENT="byggnader"/><SP WIDTH="15" VPOS="1603" HPOS="1645"/>
							<String ID="string_137" HPOS="1660" VPOS="1601" WIDTH="61" HEIGHT="36" WC="0.93" CONTENT="för"/><SP WIDTH="19" VPOS="1601" HPOS="1721"/>
							<String ID="string_138" HPOS="1740" VPOS="1598" WIDTH="111" HEIGHT="37" WC="0.91" CONTENT="Riks-"/>
						</TextLine>
						<TextLine ID="line_18" HPOS="266" VPOS="1652" WIDTH="1587" HEIGHT="82">
							<String ID="string_139" HPOS="266" VPOS="1686" WIDTH="125" HEIGHT="48" WC="0.96" CONTENT="dagen"/><SP WIDTH="40" VPOS="1686" HPOS="391"/>
							<String ID="string_140" HPOS="431" VPOS="1683" WIDTH="71" HEIGHT="37" WC="0.96" CONTENT="och"/><SP WIDTH="40" VPOS="1683" HPOS="502"/>
							<String ID="string_141" HPOS="542" VPOS="1678" WIDTH="242" HEIGHT="45" WC="0.94" CONTENT="riksbanken,"/><SP WIDTH="42" VPOS="1678" HPOS="784"/>
							<String ID="string_142" HPOS="826" VPOS="1675" WIDTH="58" HEIGHT="36" WC="0.96" CONTENT="får"/><SP WIDTH="26" VPOS="1675" HPOS="884"/>
							<String ID="string_143" HPOS="910" VPOS="1669" WIDTH="157" HEIGHT="39" WC="0.95" CONTENT="härmed"/><SP WIDTH="27" VPOS="1669" HPOS="1067"/>
							<String ID="string_144" HPOS="1094" VPOS="1667" WIDTH="57" HEIGHT="36" WC="0.95" CONTENT="till"/><SP WIDTH="26" VPOS="1667" HPOS="1151"/>
							<String ID="string_145" HPOS="1177" VPOS="1663" WIDTH="239" HEIGHT="47" WC="0.96" CONTENT="Riksdagens"/><SP WIDTH="28" VPOS="1663" HPOS="1416"/>
							<String ID="string_146" HPOS="1444" VPOS="1655" WIDTH="216" HEIGHT="39" WC="0.93" CONTENT="kännedom"/><SP WIDTH="29" VPOS="1655" HPOS="1660"/>
							<String ID="string_147" HPOS="1689" VPOS="1652" WIDTH="164" HEIGHT="36" WC="0.91" CONTENT="aflemna"/>
						</TextLine>
						<TextLine ID="line_19" HPOS="268" VPOS="1701" WIDTH="1588" HEIGHT="74">
							<String ID="string_148" HPOS="268" VPOS="1750" WIDTH="144" HEIGHT="23" WC="0.95" CONTENT="samma"/><SP WIDTH="28" VPOS="1750" HPOS="412"/>
							<String ID="string_149" HPOS="440" VPOS="1732" WIDTH="219" HEIGHT="43" WC="0.95" CONTENT="berättelse;"/><SP WIDTH="37" VPOS="1732" HPOS="659"/>
							<String ID="string_150" HPOS="696" VPOS="1729" WIDTH="70" HEIGHT="36" WC="0.96" CONTENT="och"/><SP WIDTH="27" VPOS="1729" HPOS="766"/>
							<String ID="string_151" HPOS="793" VPOS="1727" WIDTH="154" HEIGHT="35" WC="0.96" CONTENT="komma"/><SP WIDTH="26" VPOS="1727" HPOS="947"/>
							<String ID="string_152" HPOS="973" VPOS="1719" WIDTH="221" HEIGHT="39" WC="0.96" CONTENT="utlåtanden"/><SP WIDTH="28" VPOS="1719" HPOS="1194"/>
							<String ID="string_153" HPOS="1222" VPOS="1714" WIDTH="174" HEIGHT="37" WC="0.91" CONTENT="häröfver"/><SP WIDTH="29" VPOS="1714" HPOS="1396"/>
							<String ID="string_154" HPOS="1425" VPOS="1717" WIDTH="54" HEIGHT="29" WC="0.93" CONTENT="att"/><SP WIDTH="27" VPOS="1717" HPOS="1479"/>
							<String ID="string_155" HPOS="1506" VPOS="1704" WIDTH="202" HEIGHT="40" WC="0.90" CONTENT="framdeles"/><SP WIDTH="28" VPOS="1704" HPOS="1708"/>
							<String ID="string_156" HPOS="1736" VPOS="1701" WIDTH="120" HEIGHT="37" WC="0.96" CONTENT="under"/>
						</TextLine>
						<TextLine ID="line_20" HPOS="268" VPOS="1769" WIDTH="962" HEIGHT="67">
							<String ID="string_157" HPOS="268" VPOS="1788" WIDTH="224" HEIGHT="48" WC="0.96" CONTENT="riksdagens"/><SP WIDTH="28" VPOS="1788" HPOS="492"/>
							<String ID="string_158" HPOS="520" VPOS="1785" WIDTH="91" HEIGHT="46" WC="0.96" CONTENT="lopp"/><SP WIDTH="27" VPOS="1785" HPOS="611"/>
							<String ID="string_159" HPOS="638" VPOS="1782" WIDTH="14" HEIGHT="35" WC="0.96" CONTENT="i"/><SP WIDTH="26" VPOS="1782" HPOS="652"/>
							<String ID="string_160" HPOS="678" VPOS="1778" WIDTH="159" HEIGHT="47" WC="0.96" CONTENT="behörig"/><SP WIDTH="29" VPOS="1778" HPOS="837"/>
							<String ID="string_161" HPOS="866" VPOS="1774" WIDTH="163" HEIGHT="47" WC="0.93" CONTENT="ordning"/><SP WIDTH="29" VPOS="1774" HPOS="1029"/>
							<String ID="string_162" HPOS="1058" VPOS="1769" WIDTH="172" HEIGHT="50" WC="0.92" CONTENT="afgifvas."/>
						</TextLine>
					</TextBlock>
					<TextBlock ID="block_4" HPOS="399" VPOS="1797" WIDTH="717" HEIGHT="81">
						<TextLine ID="line_21" HPOS="399" VPOS="1797" WIDTH="717" HEIGHT="81">
							<String ID="string_163" HPOS="399" VPOS="1797" WIDTH="222" HEIGHT="79" WC="0.95" CONTENT="Stockholm"/><SP WIDTH="28" VPOS="1797" HPOS="621"/>
							<String ID="string_164" HPOS="649" VPOS="1832" WIDTH="72" HEIGHT="37" WC="0.96" CONTENT="den"/><SP WIDTH="30" VPOS="1832" HPOS="721"/>
							<String ID="string_165" HPOS="751" VPOS="1832" WIDTH="46" HEIGHT="35" WC="0.95" CONTENT="23"/><SP WIDTH="28" VPOS="1832" HPOS="797"/>
							<String ID="string_166" HPOS="825" VPOS="1826" WIDTH="152" HEIGHT="52" WC="0.96" CONTENT="januari"/><SP WIDTH="31" VPOS="1826" HPOS="977"/>
							<String ID="string_167" HPOS="1008" VPOS="1824" WIDTH="108" HEIGHT="36" WC="0.96" CONTENT="1901."/>
						</TextLine>
					</TextBlock>
				</ComposedBlock>
				<ComposedBlock ID="cblock_4" HPOS="781" VPOS="1944" WIDTH="571" HEIGHT="43">
					<TextBlock ID="block_5" HPOS="781" VPOS="1944" WIDTH="571" HEIGHT="43">
						<TextLine ID="line_22" HPOS="781" VPOS="1944" WIDTH="571" HEIGHT="43">
							<String ID="string_168" HPOS="781" VPOS="1950" WIDTH="53" HEIGHT="36" WC="0.93" CONTENT="På"/><SP WIDTH="29" VPOS="1950" HPOS="834"/>
							<String ID="string_169" HPOS="863" VPOS="1944" WIDTH="300" HEIGHT="40" WC="0.91" CONTENT="statsutskottets"/><SP WIDTH="27" VPOS="1944" HPOS="1163"/>
							<String ID="string_170" HPOS="1190" VPOS="1944" WIDTH="162" HEIGHT="43" WC="0.95" CONTENT="vägnar:"/>
						</TextLine>
					</TextBlock>
				</ComposedBlock>
				<ComposedBlock ID="cblock_5" HPOS="836" VPOS="2032" WIDTH="464" HEIGHT="47">
					<TextBlock ID="block_6" HPOS="836" VPOS="2032" WIDTH="464" HEIGHT="47">
						<TextLine ID="line_23" HPOS="836" VPOS="2032" WIDTH="464" HEIGHT="47">
							<String ID="string_171" HPOS="836" VPOS="2042" WIDTH="113" HEIGHT="37" WC="0.95" CONTENT="CHR."/><SP WIDTH="31" VPOS="2042" HPOS="949"/>
							<String ID="string_172" HPOS="980" VPOS="2032" WIDTH="320" HEIGHT="44" WC="0.96" CONTENT="LUNDEBERG."/>
						</TextLine>
					</TextBlock>
				</ComposedBlock>
				<ComposedBlock ID="cblock_6" HPOS="368" VPOS="2256" WIDTH="1455" HEIGHT="66">
					<TextBlock ID="block_7" HPOS="368" VPOS="2256" WIDTH="1455" HEIGHT="66">
						<TextLine ID="line_24" HPOS="368" VPOS="2256" WIDTH="1455" HEIGHT="66">
							<String ID="string_173" HPOS="368" VPOS="2292" WIDTH="73" HEIGHT="30" WC="0.90" CONTENT="Bih."/><SP WIDTH="25" VPOS="2292" HPOS="441"/>
							<String ID="string_174" HPOS="466" VPOS="2290" WIDTH="48" HEIGHT="32" WC="0.93" CONTENT="till"/><SP WIDTH="23" VPOS="2290" HPOS="514"/>
							<String ID="string_175" HPOS="537" VPOS="2288" WIDTH="108" HEIGHT="31" WC="0.86" CONTENT="Rikds."/><SP WIDTH="28" VPOS="2288" HPOS="645"/>
							<String ID="string_176" HPOS="673" VPOS="2286" WIDTH="86" HEIGHT="30" WC="0.95" CONTENT="Prot."/><SP WIDTH="24" VPOS="2286" HPOS="759"/>
							<String ID="string_177" HPOS="783" VPOS="2285" WIDTH="91" HEIGHT="29" WC="0.91" CONTENT="1901."/><SP WIDTH="49" VPOS="2285" HPOS="874"/>
							<String ID="string_178" HPOS="923" VPOS="2280" WIDTH="20" HEIGHT="31" WC="0.94" CONTENT="4"/><SP WIDTH="25" VPOS="2280" HPOS="943"/>
							<String ID="string_179" HPOS="968" VPOS="2276" WIDTH="97" HEIGHT="33" WC="0.4" CONTENT="Samt."/><SP WIDTH="26" VPOS="2276" HPOS="1065"/>
							<String ID="string_180" HPOS="1091" VPOS="2278" WIDTH="17" HEIGHT="27" WC="0.89" CONTENT="1"/><SP WIDTH="26" VPOS="2278" HPOS="1108"/>
							<String ID="string_181" HPOS="1134" VPOS="2274" WIDTH="76" HEIGHT="39" WC="0.54" CONTENT="Afd."/><SP WIDTH="25" VPOS="2274" HPOS="1210"/>
							<String ID="string_182" HPOS="1235" VPOS="2275" WIDTH="17" HEIGHT="26" WC="0.96" CONTENT="I"/><SP WIDTH="27" VPOS="2275" HPOS="1252"/>
							<String ID="string_183" HPOS="1279" VPOS="2270" WIDTH="92" HEIGHT="39" WC="0.86" CONTENT="Häft."/><SP WIDTH="47" VPOS="2270" HPOS="1371"/>
							<String ID="string_184" HPOS="1418" VPOS="2268" WIDTH="74" HEIGHT="40" WC="0.69" CONTENT="(N:o"/><SP WIDTH="26" VPOS="2268" HPOS="1492"/>
							<String ID="string_185" HPOS="1518" VPOS="2269" WIDTH="43" HEIGHT="37" WC="0.93" CONTENT="1.)"/><SP WIDTH="247" VPOS="2269" HPOS="1561"/>
							<String ID="string_186" HPOS="1808" VPOS="2256" WIDTH="15" HEIGHT="29" WC="0.89" CONTENT="1"/>
						</TextLine>
					</TextBlock>
				</ComposedBlock>
			</PrintSpace>
		</Page>
	</Layout>
</alto>
