2198 2622
717 159 252 34 Statsutskottets
991 162 166 33 utlåtande
1181 165 53 30 Nr
1256 166 50 31 96.
1732 171 38 30 15

345 238 55 31 att
441 233 232 49 tjänsteman
714 238 119 36 under
874 252 78 24 mer
992 246 48 31 än
1069 242 84 49 fyra
1182 243 219 38 femtedelar
1429 259 47 22 av
1504 246 71 37 den
1603 248 207 48 tjänstetid,

214 297 81 23 som
324 285 190 37 erfordras
542 287 60 36 för
635 294 54 31 att
729 290 116 37 vinna
886 292 438 52 avlöningsförhöjning,
1354 297 85 36 med
1468 303 84 43 gott
1580 300 141 36 vitsord
1750 301 62 36 be-

213 336 103 36 stritt
362 336 58 37 sin
466 350 97 36 egen
604 340 101 48 eller,
747 344 48 46 på
835 344 126 47 grund
1003 358 46 22 av
1077 346 263 48 förordnande,
1370 361 124 24 annan
1523 356 142 31 statens
1693 348 119 57 tjänst

212 388 90 36 eller
343 388 175 49 fullgjort
559 398 116 29 annat
716 393 188 49 offentligt
931 396 185 48 uppdrag,
1146 397 97 37 dock
1271 403 56 32 att
1354 399 132 37 härvid
1513 401 82 37 icke
1623 406 59 32 må
1710 404 100 36 föras

211 438 140 37 honom
380 439 56 37 till
463 441 74 36 last
564 442 73 36 den
665 443 66 48 tid,
761 444 75 37 han
864 447 155 48 åtnjutit
1048 454 179 31 semester
1255 449 90 38 eller
1373 464 122 24 annan
1524 453 285 50 tjänstledighet

211 490 85 36 med
325 491 207 37 oavkortad
561 493 183 51 avlöning
771 496 90 37 eller
888 497 172 50 fullgjort
1088 501 201 48 värnplikt,
1319 508 98 30 samt

341 548 55 31 att
437 543 233 48 tjänsteman
711 547 85 36 icke
835 549 117 36 redan
993 554 162 45 uppnått
1191 552 73 36 den
1292 554 271 48 levnadsålder,
1591 556 63 37 vid
1682 558 126 36 vilken

210 592 76 36 han
315 598 41 31 är
384 594 155 49 skyldig
567 601 55 31 att
651 601 97 45 avgå
776 599 83 36 från
888 600 177 47 tjänsten.

338 644 443 53 Avlöningsförhöjning
825 651 182 38 tillträdes
1055 653 61 36 vid
1162 654 134 49 början
1342 669 47 23 av
1434 657 257 38 kalenderåret
1723 666 85 30 näst

210 695 98 37 efter
349 696 75 47 det,
462 698 189 38 varunder
679 700 74 37 den
776 702 184 49 stadgade
989 704 249 48 tjänståldern
1266 706 107 38 blivit
1400 710 190 48 uppnådd,
1620 711 125 37 därest
1772 713 31 48 ej

209 748 235 37 annorlunda
472 749 210 39 föranledes
711 766 47 22 av
786 767 154 24 vunnen
968 755 203 38 befordran
1205 759 120 49 enligt
1353 760 264 49 efterföljande
1645 763 160 37 bestäm-

208 799 146 37 melser.

337 851 73 37 Vid
439 852 202 38 befordran
670 855 186 38 tillträder
897 857 228 48 tjänsteman
1157 861 125 48 lägsta
1313 862 94 37 fasta
1436 865 227 49 avlöningen
1692 868 12 35 i
1732 868 73 37 den

206 914 138 38 grupp,
373 903 58 37 till
457 904 128 37 vilken
628 906 200 38 befordran
867 914 92 43 äger
999 924 96 35 rum,
1139 912 124 37 därest
1303 914 75 36 han
1411 917 183 48 antingen
1622 918 81 36 från
1731 919 72 36 till-

207 953 200 38 trädandet
434 969 48 23 av
510 956 72 37 den
611 971 76 36 nya
715 959 165 48 tjänsten
909 961 120 37 skulle
1058 967 66 44 ägt
1152 964 170 50 uppbära
1348 966 105 49 lägre
1482 968 73 36 fast
1584 970 181 49 avlöning
1792 973 9 35 i

207 1004 72 37 den
320 1006 131 49 tjänst,
492 1008 167 37 varifrån
699 1010 203 38 befordran
944 1013 111 47 skett,
1098 1015 90 36 eller
1229 1017 69 36 ock
1325 1017 82 37 icke
1436 1019 157 38 innehar
1621 1021 182 38 ordinarie

205 1056 130 49 tjänst.
391 1058 122 49 Eljest
554 1065 91 44 äger
686 1061 75 37 han
802 1063 165 38 tillträda
1010 1065 73 37 den
1127 1067 96 36 fasta
1252 1069 191 49 avlöning,
1473 1084 82 23 som
1584 1073 120 48 enligt
1731 1073 20 50 $
1782 1077 17 33 1

203 1113 168 32 närmast
412 1111 208 49 överstiger
662 1113 61 37 det
765 1114 148 51 belopp,
956 1116 76 37 han
1073 1118 82 36 från
1197 1119 102 37 tiden
1328 1121 57 36 för
1413 1122 73 36 den
1514 1137 75 35 nya
1617 1124 184 47 tjänstens

204 1159 239 39 tillträdande
470 1163 99 37 varit
596 1164 214 50 berättigad
839 1172 54 31 att
934 1168 12 36 i
980 1169 72 36 den
1081 1170 131 49 tjänst,
1243 1172 81 36 från
1352 1173 127 37 vilken
1507 1174 200 39 befordran
1735 1183 66 43 ägt

202 1224 95 36 rum,
327 1213 171 49 uppbära
525 1215 12 36 i
566 1215 77 37 fast
671 1217 192 50 avlöning.

332 1264 194 50 Därjämte
567 1272 92 44 äger
700 1269 242 50 tjänsteman,
976 1273 130 36 såvida
1134 1274 76 36 han
1237 1275 82 37 icke
1345 1277 114 36 redan
1491 1279 196 50 samtidigt
1714 1282 84 36 med

204 1314 258 39 tillträdandet
503 1331 47 23 av
588 1319 73 36 den
701 1333 76 36 nya
818 1322 166 48 tjänsten
1017 1325 163 47 intjänat
1209 1327 424 52 avlöningsförhöjning
1660 1345 137 35 genom

203 1366 262 51 ålderstillägg
492 1370 12 35 i
532 1370 63 36 vid
615 1370 271 50 befordringen
906 1375 190 37 innehavd
1117 1377 132 48 tjänst,
1270 1383 55 31 att
1343 1379 12 35 i
1376 1380 108 48 fråga
1503 1394 61 23 om
1581 1383 216 49 avlönings-

201 1417 223 50 förhöjning
468 1420 12 35 i
527 1421 73 36 den
641 1435 76 36 nya
762 1424 166 48 tjänsten
964 1426 119 37 räkna
1125 1429 60 47 sig
1221 1429 55 36 till
1303 1431 100 47 godo
1433 1432 73 36 den
1534 1433 55 36 tid
1617 1434 96 36 intill
1741 1441 56 30 tre

201 1468 236 50 kalenderår,
466 1472 191 37 varunder
685 1474 75 36 han
787 1475 173 38 innehaft
988 1478 64 37 det
1080 1479 97 37 fasta
1205 1481 349 52 avlöningsbelopp,
1580 1498 80 23 som
1680 1487 118 47 enligt

200 1518 21 50 $
265 1522 18 34 1
327 1526 41 31 är
408 1528 169 32 närmast
617 1524 106 50 lägre
764 1531 48 31 än
841 1528 62 36 det
932 1528 97 37 fasta
1058 1531 354 52 avlöningsbelopp,
1441 1535 270 50 befordringen
1741 1538 57 36 för

198 1571 140 37 honom
367 1574 173 37 medfört.

330 1626 32 35 6.
419 1625 135 38 Därest
600 1629 229 49 tjänsteman
875 1631 94 37 efter
1010 1646 99 36 egen
1150 1636 216 49 ansökning
1407 1638 187 50 förflyttas
1639 1640 81 36 från
1750 1654 45 23 en

198 1673 218 52 befattning
460 1678 58 36 till
564 1692 47 23 en
654 1694 136 36 annan,
832 1697 87 23 vars
961 1685 97 36 fasta
1099 1687 258 50 slutavlöning
1390 1694 41 31 är
1458 1690 117 49 lägre,
1605 1697 89 43 äger
1720 1693 75 36 han

198 1725 200 40 bekomma
445 1743 144 25 samma
635 1733 99 37 fasta
765 1734 193 51 avlöning,
1000 1750 81 24 som
1123 1738 75 37 han
1235 1740 118 36 skulle
1390 1741 98 37 hava
1515 1743 189 49 uppburit,
1734 1758 60 23 om

199 1777 76 37 han
302 1779 185 39 kvarstått
515 1783 16 36 i
555 1783 72 38 den
656 1785 102 37 förra
784 1786 277 50 befattningen,
1092 1791 84 35 med
1205 1791 244 50 iakttagande
1477 1794 96 36 dock
1601 1801 56 30 att
1675 1796 118 49 högre

197 1829 76 37 fast
318 1832 184 50 avlöning
546 1839 49 32 än
641 1836 73 37 den
755 1838 59 36 för
855 1838 71 37 den
962 1853 76 36 nya
1067 1841 263 49 befattningen
1357 1844 194 37 bestämda
1580 1847 97 36 fasta
1705 1849 90 35 slut-

196 1881 183 50 avlöning
406 1884 82 37 icke
515 1890 122 45 utgår.

327 1934 198 40 Ordinarie
566 1939 240 49 tjänsteman,
849 1955 80 23 som
962 1943 12 35 i
1012 1943 160 50 behörig
1212 1945 166 50 ordning
1405 1948 189 50 förflyttas
1624 1950 79 36 från
1731 1951 63 36 be-

195 1984 168 51 fattning
408 1988 12 36 i
465 1990 223 48 postverket
729 1992 56 36 till
825 1993 218 50 befattning
1075 1995 65 37 vid
1168 1998 337 49 postsparbanken,
1535 2006 92 43 äger
1654 2007 55 30 att
1736 2002 57 36 för

194 2037 223 48 åtnjutande
459 2054 48 22 av
548 2041 225 52 förhöjning
812 2045 12 36 i
867 2046 229 49 avlöningen
1140 2055 98 30 samt
1274 2050 58 35 för
1359 2050 273 39 bekommande
1662 2067 46 22 av
1735 2067 57 23 se-

194 2094 138 31 mester
372 2091 281 49 tillgodoräkna
694 2094 62 49 sig
796 2096 73 36 den
910 2098 66 47 tid,
1019 2098 75 36 han
1136 2100 80 36 före
1245 2101 290 50 förflyttningen
1565 2105 96 35 varit
1689 2106 11 34 i
1729 2105 61 36 det

194 2138 99 38 förra
320 2142 132 37 verket
480 2145 163 36 anställd
672 2149 124 34 såsom
826 2147 185 39 ordinarie
1039 2150 228 38 innehavare
1295 2166 46 23 av
1369 2154 128 48 tjänst,
1528 2157 262 36 motsvarande

194 2190 84 48 den,
309 2193 55 37 till
393 2194 128 38 vilken
550 2196 294 52 förflyttningen
873 2205 91 44 äger
991 2215 94 23 rum.
