1900 2794
115 1838 149 25 Utskottet.

304 149 19 29 2
464 149 119 31 Första
604 150 203 30 kammarens
828 151 147 30 andra
996 151 168 38 tillfälliga
1183 151 139 31 utskotts
1341 152 172 30 utlåtande
1534 163 41 19 nr
1594 155 28 28 8.

305 248 93 21 anses
417 239 10 29 i
446 239 185 37 allmänhet,
651 242 47 27 att
716 240 39 30 de
774 240 10 29 i
803 239 204 31 motionerna
1026 240 210 31 framställda
1254 241 205 31 önskemålen
1477 241 97 32 blivit
1592 242 11 31 i
1623 246 84 28 stort
1725 248 61 26 sett

304 293 239 38 tillgodosedda
564 294 79 31 eller
665 297 46 27 att
732 294 197 32 åtminstone
951 295 172 30 resultatet
1145 306 41 20 av
1208 296 108 30 denna
1336 296 180 39 utredning
1538 298 59 30 bör
1619 298 166 37 avvaktas,

305 347 103 31 innan
430 348 107 37 någon
558 359 46 26 ny
625 348 103 31 sådan
749 348 207 38 igångsättes.
979 349 347 38 Egnahemsstyrelsen
1348 360 95 21 anser
1464 351 166 39 åtskilliga
1652 362 40 20 av
1714 353 39 30 de
1775 353 10 30 i

306 402 204 31 motionerna
534 403 186 38 framlagda
746 403 165 39 förslagen
936 414 80 21 vara
1040 404 166 38 förtjänta
1231 408 45 27 att
1300 406 152 30 närmare
1475 407 135 30 utredas
1635 407 58 30 och
1719 407 66 30 för-

304 456 108 37 ordar,
441 459 45 28 att
513 457 205 31 motionerna
745 457 202 31 överlämnas
974 458 52 31 till
1051 458 224 38 utredningen
1302 469 51 20 om
1378 458 234 39 näringslivets
1639 460 147 30 lokalise-

304 509 77 38 ring
403 510 53 30 för
477 513 45 27 att
544 513 94 35 tagas
659 511 106 30 under
787 512 226 37 övervägande
1036 512 56 30 vid
1115 512 210 38 fullgörande
1348 523 40 20 av
1410 512 72 32 dess
1504 513 164 38 uppdrag.
1693 512 92 32 Även

304 563 260 38 socialstyrelsen
588 574 97 21 anser
709 565 163 37 önskvärt,
898 568 46 28 att
968 566 38 30 de
1031 566 10 30 i
1064 566 204 31 motionerna
1293 566 141 31 anförda
1458 567 252 37 synpunkterna
1733 568 52 30 be-

304 616 93 31 aktas
420 617 11 29 i
453 617 157 31 samband
633 618 73 30 med
729 618 106 30 denna
859 619 189 38 utredning.
1074 619 133 31 Statens
1230 620 329 38 byggnadslånebyrå
1583 621 201 37 framhåller,

304 671 102 30 bland
428 674 109 34 annat,
560 675 47 27 att
628 671 40 31 de
690 682 41 20 av
751 672 243 31 motionärerna
1015 672 211 32 diskuterade
1248 674 187 37 problemen
1458 675 55 29 äro
1535 684 41 20 av
1597 675 64 30 den
1682 675 104 31 bestå-

304 724 82 30 ende
404 734 72 20 men
493 725 81 30 dock
590 725 74 31 med
683 726 39 30 de
740 726 165 31 allmänna
923 726 427 38 konjunkturväxlingarna
1367 727 58 31 och
1444 728 124 37 jämväl
1586 728 73 31 med
1677 729 108 31 struk-

305 778 372 38 turförskjutningarna
699 779 11 30 i
732 779 170 31 samhället
925 780 166 31 skiftande
1112 780 167 38 karaktär,
1302 784 45 27 att
1368 781 180 38 uppgiften
1571 782 53 30 för
1646 792 40 21 en
1707 782 79 31 tids-

303 832 183 38 begränsad
505 833 347 39 kommittéutredning
871 834 262 39 huvudsakligen
1152 836 95 30 torde
1266 845 80 21 vara
1364 839 47 27 att
1430 835 96 31 finna
1546 835 64 31 den
1628 835 158 39 lämpliga

305 886 128 31 formen
453 887 53 30 för
523 891 216 34 permanenta
755 897 113 28 organ,
889 888 143 31 framför
1049 889 59 31 allt
1125 889 52 31 till
1196 889 98 30 länen
1311 889 128 31 knutna
1457 889 133 37 sådana,
1610 890 73 31 med
1704 890 81 30 fort-

303 939 143 38 löpande
470 940 184 31 utredande
681 941 59 31 och
765 941 204 38 planerande
994 942 175 38 uppgifter
1194 947 84 27 samt
1302 944 98 29 sättet
1427 943 54 30 för
1505 943 214 38 samordning
1746 953 40 21 av

303 996 93 30 dessa
422 1006 101 28 organ
548 1015 40 3 —
614 995 103 31 redan
742 996 176 38 befintliga
944 996 78 30 eller
1046 997 12 29 i
1083 996 181 31 framtiden
1290 996 178 38 nybildade
1492 1016 42 3 —
1559 997 88 30 inom
1673 1007 112 20 ramen

303 1059 40 20 av
374 1059 39 20 en
445 1059 182 28 gemensam
659 1049 198 38 grundplan,
889 1050 147 31 bestämd
1068 1061 40 20 av
1139 1050 167 31 allmänna
1336 1050 302 38 näringspolitiska,
1672 1051 113 37 syssel-

303 1103 318 38 sättningspolitiska
649 1103 59 31 och
735 1103 365 38 befolkningspolitiska
1128 1104 74 31 mål.
1232 1104 319 38 Markutredningen
1578 1104 132 38 uttalar,
1740 1108 46 27 att

304 1156 166 39 åtskilliga
493 1167 40 20 av
555 1156 40 31 de
618 1156 12 31 i
653 1157 204 31 motionerna
879 1157 138 31 berörda
1042 1157 253 32 förhållandena
1316 1158 51 31 stå
1391 1158 10 30 i
1424 1159 83 29 nära
1529 1159 160 31 samband
1712 1158 73 31 med

303 1209 40 32 de
365 1210 167 38 spörsmål,
554 1220 68 21 som
643 1210 89 38 ligga
754 1210 88 31 inom
863 1221 114 20 ramen
998 1211 53 31 för
1071 1211 334 38 markutredningens
1425 1211 185 38 uppgifter.
1635 1211 151 39 Sveriges

302 1263 191 31 hantverks-
508 1264 59 31 och
585 1263 440 39 småindustriorganisation
1044 1265 129 31 erinrar
1190 1275 51 20 om
1258 1265 40 31 de
1316 1265 133 38 förslag,
1467 1275 68 21 som
1553 1265 175 38 framlagts
1746 1276 39 20 av

300 1317 451 39 småföretagsutredningen,
766 1322 83 27 samt
865 1318 108 37 anför,
989 1322 46 27 att
1048 1338 41 3 —
1104 1319 98 30 såvitt
1217 1319 103 38 gäller
1333 1319 195 31 hantverket
1544 1320 59 30 och
1618 1319 167 31 småindu-

303 1370 104 31 strien
427 1390 42 3 —
490 1371 218 31 förevarande
729 1372 145 38 problem
897 1372 35 31 få
954 1382 91 21 anses
1066 1372 309 31 tillfredsställande
1396 1372 151 31 utredda.
1582 1374 16 29 I
1619 1373 105 38 några
1746 1384 39 20 av

303 1424 314 38 remissyttrandena
638 1425 153 32 hänvisas
813 1426 116 32 vidare
950 1426 51 31 till
1023 1426 40 31 de
1086 1426 127 38 förslag
1234 1428 74 30 med
1329 1426 170 39 riktlinjer
1523 1427 53 31 för
1598 1427 63 31 den
1685 1428 100 29 fram-

301 1476 73 32 tida
389 1477 340 39 jordbrukspolitiken
745 1489 39 21 m.
801 1489 50 27 m.,
869 1489 69 21 som
953 1479 223 32 innevarande
1193 1481 38 30 år
1245 1480 214 31 underställts
1476 1481 175 37 riksdagen
1675 1482 109 37 (prop.

302 1543 42 20 nr
368 1533 70 37 75).
466 1533 148 39 Sveriges
639 1532 322 32 lantbruksförbund
986 1543 95 21 anser
1106 1533 165 38 önskvärt,
1297 1537 47 27 att
1368 1534 223 38 utredningen
1616 1535 169 37 angående

302 1587 234 38 näringslivets
561 1587 211 38 lokalisering
798 1586 92 39 finge
915 1587 71 30 sina
1012 1586 144 32 direktiv
1180 1588 100 37 något
1304 1587 151 38 vidgade,
1480 1588 36 31 så
1541 1591 47 27 att
1612 1587 65 32 den
1703 1588 82 30 även

301 1640 160 31 beaktade
482 1639 39 32 de
541 1640 218 38 möjligheter,
781 1650 67 21 som
869 1640 110 31 kunde
1001 1640 110 31 finnas
1133 1641 54 30 för
1208 1651 40 20 en
1268 1640 212 39 samordning
1501 1652 41 20 av
1562 1641 221 38 jordbrukets,

303 1693 202 31 industriens
524 1693 58 31 och
601 1693 107 31 andra
725 1693 175 38 näringars
920 1693 322 32 arbetskraftsbehov
1261 1694 10 30 i
1291 1695 38 30 de
1348 1694 155 31 områden
1522 1705 41 20 av
1581 1694 122 39 landet,
1724 1696 61 30 där

302 1746 35 31 så
359 1746 111 31 kunde
491 1746 88 32 bliva
601 1747 141 38 möjligt.

345 1838 109 31 Sedan
475 1837 256 39 ifrågavarande
753 1837 84 31 båda
858 1836 160 31 motioner
1039 1837 122 37 väckts,
1184 1837 60 30 har
1266 1837 176 31 statsrådet
1465 1838 163 36 Ericsson,
1652 1838 132 37 jämlikt

301 1893 125 38 Kungl.
449 1893 119 38 Maj:ts
589 1892 273 39 bemyndigande,
886 1893 64 30 den
973 1894 38 29 17
1034 1893 150 30 februari
1208 1893 79 30 1947
1310 1893 155 31 tillkallat
1487 1893 162 31 särskilda
1671 1893 112 31 utred-

301 1948 175 38 ningsmän
498 1948 52 31 för
571 1951 47 28 att
639 1948 118 31 utreda
778 1948 59 30 och
859 1948 118 38 avgiva
999 1948 124 38 förslag
1145 1948 141 31 rörande
1307 1948 233 38 näringslivets
1562 1948 220 39 lokalisering.

303 2002 105 32 Såvitt
429 2003 148 39 framgår
597 2013 41 21 av
659 2004 40 31 de
722 2003 52 31 för
795 2003 108 31 denna
925 2003 179 39 utredning
1126 2003 190 32 meddelade
1338 2004 194 38 direktiven,
1555 2005 157 31 omfattar
1732 2008 51 27 ut-

300 2058 349 39 redningsuppdraget
663 2059 11 30 i
690 2059 58 31 allt
763 2059 177 38 väsentligt
955 2069 122 21 samma
1092 2059 156 38 problem,
1265 2070 67 20 som
1347 2059 178 32 behandlas
1541 2060 11 30 i
1568 2061 214 30 motionerna.

300 2114 98 30 Vissa
419 2124 40 20 av
481 2114 93 31 dessa
594 2124 100 28 synas
715 2115 83 30 även
819 2115 82 30 falla
923 2115 88 30 inom
1032 2124 112 21 ramen
1168 2115 53 30 för
1244 2115 54 31 det
1320 2115 155 39 uppdrag
1497 2119 68 27 som
1588 2116 196 31 anförtrotts

300 2169 65 31 den
382 2170 37 31 år
437 2170 79 30 1946
533 2170 139 31 tillsatta
688 2180 23 21 s.
730 2170 30 30 k.
778 2170 325 38 markutredningen,
1121 2170 111 31 vilken
1249 2171 61 31 har
1327 2175 46 26 att
1390 2171 185 32 undersöka
1593 2172 120 38 frågan
1731 2182 52 20 om

299 2223 250 38 utformningen
568 2234 42 21 av
630 2233 41 21 en
690 2223 150 32 rationell
861 2224 220 38 markpolitik,
1102 2224 97 31 såvitt
1219 2225 103 37 angår
1341 2225 134 38 jordens
1494 2225 216 39 användning
1730 2226 53 30 för

299 2283 103 27 annat
421 2279 152 30 ändamål
591 2280 42 29 än
652 2279 162 38 jordbruk
833 2279 78 31 eller
930 2279 188 39 skogsbruk.
1140 2279 52 31 En
1212 2280 52 31 del
1283 2281 10 30 i
1312 2280 204 31 motionerna
1534 2280 140 31 berörda
1693 2281 89 38 jord-

300 2334 257 38 brukspolitiska
574 2335 115 38 frågor
705 2335 127 31 komma
849 2338 46 28 att
912 2336 119 37 prövas
1047 2345 40 21 av
1104 2335 176 38 riksdagen
1298 2336 10 30 i
1326 2336 157 31 samband
1501 2337 73 30 med
1591 2335 192 31 behandlin-

300 2399 62 28 gen
381 2400 40 20 av
438 2390 121 38 Kungl.
578 2390 122 38 Maj:ts
717 2390 205 38 proposition
938 2401 41 20 nr
996 2391 39 30 75
1053 2391 169 38 angående
1240 2391 213 39 riktlinjerna
1470 2392 53 32 för
1541 2391 64 31 den
1624 2391 157 31 framtida

300 2444 341 40 jordbrukspolitiken
665 2456 41 20 m.
730 2456 40 20 m.
