1820 2790
240 200 19 30 6
627 195 388 32 Jordbruksutskottets
1040 194 179 30 utlåtande
1245 203 42 19 nr
1311 193 52 30 42.

949 278 39 31 14
1015 278 28 38 8.

288 350 77 30 Den
390 358 74 21 som
486 349 119 39 bryter
629 349 72 29 mot
724 348 126 30 villkor
875 347 55 30 för
955 344 317 41 tillgodonjutande
1299 353 41 21 av
1364 341 277 32 tillståndsbevis
1666 340 81 31 eller

247 400 10 30 i
279 400 89 30 strid
392 401 72 28 mot
486 398 207 40 stadgandet
716 398 11 29 i
749 398 19 29 4
794 398 15 36 8
836 397 112 30 första
974 396 135 39 stycket
1134 395 203 40 disponerar
1361 393 20 30 å
1403 390 343 43 provianteringsfri-

246 450 94 40 lager
360 450 152 40 upplagd
531 459 85 20 vara
637 448 204 30 annorledes
863 449 45 28 än
927 447 52 29 till
1002 446 135 39 fartygs
1159 446 81 28 eller
1261 444 204 38 luftfartygs
1485 441 262 42 proviantering

246 501 82 30 eller
350 500 201 39 utrustning
572 499 11 29 i
605 498 215 30 föreskriven
842 497 149 39 ordning
1011 496 144 30 straffes
1177 495 78 30 med
1275 494 194 40 dagsböter.

952 581 37 30 15
1017 580 28 37 8.

292 652 106 29 Böter
424 651 164 30 ävensom
616 648 370 40 försäljningssumma
1012 647 56 30 för
1093 647 178 29 förverkat
1297 645 84 40 gods
1408 646 90 28 samt
1522 643 125 40 belopp
1676 651 73 21 som

249 701 144 39 utgivits
413 701 12 29 i
444 701 114 30 stället
579 700 56 30 för
656 700 123 30 sådant
803 699 85 39 gods
909 698 140 30 tillfalla
1070 698 147 30 kronan.

955 781 38 30 16
1019 781 28 37 8.

290 837 170 44 Närmare
487 849 222 32 föreskrifter
738 849 150 30 rörande
915 847 269 41 tillämpningen
1210 856 43 20 av
1279 846 116 30 denna
1423 843 207 39 förordning
1656 842 94 30 med-

248 901 96 31 delas
364 911 44 21 av
427 901 124 39 Kungl.
572 900 108 40 Maj:t
700 900 91 33 eller,
812 899 90 29 efter
922 898 125 39 Kungl.
1069 897 126 39 Maj:ts
1214 895 288 40 bemyndigande,
1524 903 44 21 av
1588 892 162 31 vederbö-

248 952 108 30 rande
384 950 393 40 tillståndsmyndighet.

293 1069 126 30 Denna
440 1067 208 40 förordning
667 1067 115 30 träder
801 1066 12 29 i
833 1065 98 31 kraft
950 1065 67 30 den
1039 1065 15 29 1
1075 1064 70 41 juli
1169 1063 92 31 1951.

293 1119 134 30 Genom
445 1117 253 40 förordningen
716 1117 182 40 upphävas

294 1169 234 39 kungörelsen
552 1168 69 30 den
648 1168 39 29 14
709 1166 78 41 juni
813 1166 84 30 1933
928 1166 57 34 (nr
1009 1164 81 37 343)
1120 1164 177 39 angående
1321 1161 171 41 reglering
1515 1171 44 20 av
1581 1159 171 31 införseln

250 1229 43 21 av
316 1219 196 39 havregryn
533 1218 67 30 och
621 1217 210 39 havremjöl;

294 1269 234 40 kungörelsen
553 1269 70 29 den
648 1268 40 30 23
712 1266 156 31 februari
894 1265 84 31 1934
1008 1265 58 35 (nr
1092 1264 59 37 24)
1181 1264 178 39 angående
1384 1261 171 41 reglering
1579 1271 43 20 av
1645 1260 109 30 inför-

253 1319 74 31 seln
346 1329 44 21 av
410 1320 78 39 ägg;

295 1369 255 40 förordningen
574 1369 70 30 den
671 1368 39 30 18
733 1367 70 40 maj
834 1366 85 31 1934
951 1367 59 34 (nr
1037 1366 79 36 153)
1147 1374 57 21 om
1228 1363 258 40 införselavgift
1511 1363 21 30 å
1556 1362 108 31 havre
1688 1361 66 31 och

252 1420 100 40 majs.
364 1420 110 40 jämte
494 1419 94 32 vissa
608 1419 112 30 andra
739 1417 230 35 fodermedel;

296 1470 235 40 kungörelsen
558 1469 70 30 den
656 1469 18 29 5
702 1468 144 30 oktober
877 1466 83 31 1934
993 1467 59 34 (nr
1080 1465 82 36 490)
1196 1465 178 39 angående
1402 1463 174 31 utsträckt
1603 1462 152 40 tillämp-

252 1520 85 40 ning
360 1530 44 20 av
427 1520 235 39 kungörelsen
688 1519 66 29 den
777 1518 42 30 23
843 1517 156 30 februari
1026 1516 84 30 1934
1141 1517 58 34 (nr
1224 1515 57 36 24)
1311 1514 179 40 angående
1514 1512 173 41 reglering
1711 1521 44 21 av

252 1570 173 31 införseln
447 1579 42 21 av
511 1571 80 38 ägg;

296 1620 235 40 kungörelsen
554 1620 69 30 den
648 1619 39 30 21
712 1617 139 41 augusti
878 1617 83 31 1935
991 1617 58 34 (nr
1075 1616 82 37 493)
1185 1615 178 40 angående
1387 1613 171 41 reglering
1581 1623 44 22 av
1647 1612 109 31 inför-

255 1671 74 30 seln
348 1680 44 21 av
410 1672 74 28 vete
503 1670 65 30 och
590 1669 63 40 råg
672 1670 88 29 samt
780 1669 110 29 därav
909 1667 150 31 beredda
1078 1666 207 41 produkter;

296 1721 231 38 kungörelsen
552 1721 69 30 den
644 1720 37 30 21
707 1719 137 38 augusti
871 1718 83 30 1935
985 1718 58 34 (nr
1068 1717 82 37 496)
1181 1716 178 39 angående
1384 1714 172 40 reglering
1582 1723 42 21 av
1648 1713 109 30 inför-

255 1772 73 30 seln
349 1781 44 20 av
412 1771 105 30 havre
536 1770 67 30 och
622 1769 93 40 majs
735 1771 90 28 samt
844 1768 94 31 vissa
957 1768 110 30 andra
1087 1766 229 35 fodermedel;

297 1821 235 40 kungörelsen
551 1820 70 31 den
641 1820 41 30 30
704 1818 181 32 december
907 1818 83 30 1936
1015 1818 59 34 (nr
1094 1817 81 36 647)
1201 1816 78 30 med
1300 1815 95 32 vissa
1414 1814 263 31 bestämmelser
1696 1822 61 21 an-

255 1871 132 41 gående
413 1870 145 31 införsel
583 1879 46 22 av
653 1870 135 35 hästar;

298 1921 236 40 kungörelsen
556 1921 70 30 den
649 1920 41 30 30
712 1919 78 40 juni
816 1919 83 30 1937
930 1918 58 34 (nr
1012 1917 81 37 648)
1123 1916 178 40 angående
1324 1915 172 41 reglering
1520 1925 43 20 av
1586 1914 172 30 införseln

255 1981 43 22 av
317 1971 178 40 slaktdjur
515 1972 93 30 samt
627 1970 77 30 kött
725 1970 64 30 och
808 1969 112 35 fläsk;

298 2021 235 40 kungörelsen
556 2021 69 30 den
649 2020 41 30 30
712 2019 79 40 juni
817 2019 83 30 1937
931 2018 58 35 (nr
1014 2017 81 38 660)
1124 2016 178 40 angående
1326 2015 171 41 reglering
1521 2024 43 22 av
1586 2014 172 31 införseln

255 2081 43 22 av
319 2071 116 40 mjölk
456 2071 65 31 och
542 2069 336 41 mejeriprodukter;

299 2121 235 41 kungörelsen
559 2121 70 30 den
657 2120 15 30 1
701 2119 140 40 augusti
869 2118 84 31 1940
984 2118 58 35 (nr
1069 2117 81 37 755)
1181 2117 178 40 angående
1386 2115 170 41 reglering
1582 2125 43 20 av
1650 2115 109 30 inför-

257 2172 74 30 seln
355 2181 45 21 av
421 2172 169 30 matärter
612 2180 48 21 m.
682 2179 61 25 m.;
769 2170 92 29 samt

300 2222 235 39 kungörelsen
562 2222 70 29 den
661 2220 40 30 14
727 2229 95 21 mars
852 2218 83 31 1941
970 2219 58 34 (nr
1058 2217 81 37 217)
1173 2217 179 40 angående
1380 2215 171 41 reglering
1579 2225 44 21 av
1650 2215 109 30 inför-

257 2273 73 30 seln
348 2282 45 21 av
411 2272 118 30 bönor.

300 2323 73 30 Där
394 2322 12 29 i
427 2321 212 39 författning
660 2320 237 30 förekommer
917 2317 213 40 hänvisning
1153 2317 52 30 till
1228 2317 190 39 stadgande
1440 2316 11 29 i
1473 2316 116 39 någon
1612 2315 148 31 sålunda

256 2373 167 40 upphävd
451 2370 222 40 författning,
702 2370 88 30 skall
817 2368 258 39 hänvisningen
1103 2367 12 30 i
1143 2367 114 31 stället
1283 2376 82 21 avse
1393 2365 246 31 motsvarande
1667 2365 93 30 stad-

258 2423 111 39 gande
388 2422 12 30 i
420 2423 113 30 denna
553 2420 218 39 förordning.
