2190 2636
722 208 252 29 Bankoutskottets
997 209 149 29 memorial
1170 209 47 29 Nr
1242 210 51 28 47.
1791 209 18 29 7

953 341 23 46 8
1009 342 60 34 14.

315 430 100 35 1909
445 429 56 33 års
528 428 162 46 Riksdag
719 429 63 34 har

311 483 71 34 dels
402 480 233 48 bemyndigat
655 481 345 47 riksgäldskontoret
1010 484 53 33 att
1076 481 113 36 under
1202 483 83 34 åren
1306 483 98 34 1910
1418 485 65 33 och
1500 485 97 33 1911
1615 485 196 36 tillhanda-

205 534 139 35 dahålla
383 533 266 44 statskontoret,
691 535 57 34 för
777 534 233 35 utlämnande
1039 535 37 34 af
1103 535 59 34 lån
1192 533 78 36 från
1290 537 453 45 jordförmedlingsfonden,
1774 540 37 33 så

205 589 94 34 stort
328 587 142 47 belopp,
501 589 54 33 att
582 587 99 35 detta
710 587 240 35 tillsammans
970 587 82 35 med
1068 587 96 35 hvad
1184 599 77 23 som
1278 588 112 35 under
1404 588 83 35 åren
1508 591 99 35 1908
1623 591 66 35 och
1710 592 98 36 1909

205 641 39 34 af
271 641 58 35 för
357 640 99 34 dessa
484 638 39 36 år
550 640 169 35 anvisade
747 640 115 35 medel
891 640 124 35 blifvit
1043 641 57 34 för
1123 640 203 36 ändamålet
1344 642 57 34 till
1421 643 259 35 statskontoret
1699 645 112 35 öfver-

206 694 171 42 lämnadt,
394 691 140 49 uppgår
561 693 56 35 till
646 694 107 47 högst
782 694 209 43 2,000,000
1021 693 148 45 kronor;

312 746 71 35 dels
411 746 165 45 beslutat,
606 750 55 32 att
688 746 345 48 riksgäldskontoret
1060 746 91 36 skall
1179 747 37 34 af
1243 747 152 36 fondens
1423 749 115 35 medel
1558 749 134 36 erhålla
1710 751 103 47 godt-

206 799 134 48 görelse
373 799 56 35 för
458 799 67 35 den
554 800 227 46 ränteutgift,
812 812 76 23 som
917 812 129 35 genom
1076 800 258 35 ofvanberörda
1363 802 131 35 medels
1522 803 288 37 öfverlämnande

205 852 57 35 till
290 850 135 38 fonden
453 853 58 36 för
534 853 344 48 riksgäldskontoret
905 853 216 46 förorsakas;

312 907 71 34 dels
425 907 61 35 ock
522 906 203 48 medgifvit,
765 908 53 33 att
853 906 57 35 till
950 904 133 37 fonden
1122 907 197 47 inflytande
1356 908 361 50 kapitalbetalningar
1744 911 67 35 och

205 960 134 43 räntor,
368 960 13 34 i
409 960 68 35 den
506 961 83 33 mån
618 959 43 35 de
689 959 78 36 icke
796 961 83 46 åtgå
907 959 57 35 till
992 960 202 35 ersättande
1219 961 38 35 af
1279 960 360 49 riksgäldskontorets
1655 965 156 34 ränteut-

206 1012 78 48 gift,
311 1014 59 34 må
397 1012 97 36 intill
522 1013 184 48 utgången
735 1013 37 34 af
799 1014 39 34 år
870 1013 97 36 1911
998 1012 168 49 tilläggas
1198 1013 153 36 fondens
1379 1014 144 49 kapital.

954 1155 24 46 8
1011 1155 57 36 15.

313 1244 21 35 I
361 1243 196 48 anledning
585 1242 39 37 af
650 1244 144 47 Kungl.
825 1244 123 46 Maj:ts
976 1245 227 47 proposition
1231 1257 43 23 nr
1304 1246 47 36 96
1368 1245 67 37 har
1455 1247 99 36 1908
1571 1248 55 34 års
1645 1247 167 49 Riksdag

313 1298 72 35 dels
414 1297 202 47 medgifvil,
655 1299 54 33 att
736 1297 60 35 till
823 1297 379 46 egnahemslånefonden
1231 1299 60 34 må
1319 1299 113 36 under
1460 1299 105 37 hvart
1593 1301 68 35 och
1692 1303 53 33 ett
1774 1300 39 37 af

206 1352 87 34 åren
333 1351 259 35 1910—1913
636 1351 86 47 ingå
749 1350 46 36 de
822 1350 58 36 till
907 1351 258 36 statskontoret
1192 1351 200 50 inflytande
1420 1355 113 34 ränte-
1561 1354 69 35 och
1659 1353 152 49 kapital-

207 1403 271 48 inbetalningar
505 1402 21 37 å
553 1402 79 37 från
653 1402 135 37 fonden
817 1403 209 36 utlämnade
1053 1404 75 45 lån;

315 1457 75 37 dels
428 1457 231 48 bemyndigat
687 1457 347 48 riksgäldskontoret
1061 1460 64 40 att,
1155 1456 46 50 på
1228 1457 211 37 rekvisition
1469 1459 12 35 i
1509 1461 83 34 mån
1622 1461 37 35 af
1686 1460 122 44 behof,

207 1510 56 35 till
304 1510 414 48 egnahemslånefonden
761 1510 220 36 öfverlämna
1009 1511 32 47 ej
1072 1511 141 36 mindre
1242 1510 56 37 för
1324 1513 39 34 år
1393 1513 114 45 1908,
1538 1514 147 35 utöfver
1713 1515 98 36 hvad

208 1564 223 48 Riksdagens
459 1565 39 34 år
528 1565 101 36 1904
658 1564 138 36 fattade
824 1564 120 36 beslut
971 1563 183 49 angående
1169 1564 410 49 egnahemslånefonden
1598 1567 211 46 föranleder,

208 1619 54 34 ett
301 1617 131 49 belopp
473 1617 38 35 af
551 1618 106 47 högst
686 1619 171 43 800,000
886 1617 144 45 kronor,
1060 1621 44 33 än
1132 1619 108 36 äfven
1267 1619 59 35 för
1352 1620 107 35 hvart
1486 1620 67 36 och
1581 1623 54 34 ett
1661 1622 38 35 af
1725 1623 86 35 åren

213 1672 258 36 1909—1913
501 1671 115 36 medel
643 1671 56 35 till
727 1670 39 37 så
793 1672 93 35 stort
913 1671 141 48 belopp,
1085 1684 79 24 som
1192 1672 115 36 finnes
1334 1673 225 49 erforderligt
1586 1675 58 35 för
1667 1677 56 34 att
1741 1675 70 36 till-

207 1736 181 24 sammans
414 1724 83 35 med
523 1724 58 36 till
609 1722 137 38 fonden
773 1724 196 48 inflytande
997 1729 117 31 ränte-
1138 1725 69 35 och
1226 1726 399 49 kapitalinbetalningar
1644 1729 21 34 å
1683 1729 128 36 utläm-

206 1778 92 35 nade
325 1777 60 36 lån
418 1782 93 31 samt
538 1778 113 35 andra
680 1776 134 37 fonden
841 1777 185 49 tillhöriga
1054 1779 116 35 medel
1197 1780 100 35 såväl
1325 1779 162 37 bestrida
1515 1780 69 36 den
1615 1782 63 35 här
1692 1782 118 36 nedan

207 1830 237 37 omförmälda
472 1832 214 47 ränteutgift
714 1832 79 44 och,
823 1831 115 36 under
966 1833 38 33 år
1037 1833 113 43 1909,
1180 1833 90 36 visst
1297 1836 164 33 närmare
1478 1833 162 49 angifvet
1660 1836 150 36 förvalt-

207 1885 249 48 ningsbidrag,
485 1897 77 24 som
590 1885 67 36 ock
686 1885 194 48 tillgodose
908 1887 52 34 ett
988 1885 106 48 årligt
1121 1884 194 38 lånebehof
1342 1887 37 35 af
1409 1889 20 33 5
1459 1888 183 36 millioner
1662 1889 146 47 kronor;

312 1938 72 36 dels
426 1940 60 35 ock
526 1938 170 44 beslutat,
737 1941 53 33 att
821 1938 346 49 riksgäldskontoret
1194 1940 91 35 skall
1313 1938 41 37 af
1377 1941 134 36 fonden
1539 1941 136 37 erhålla
1702 1943 107 47 godt-

204 1992 138 49 görelse
382 1992 59 35 för
483 1992 68 36 den
578 1992 230 48 ränteutgift,
838 2004 76 24 som
941 2004 134 36 genom
1101 1992 136 37 medels
1264 1992 295 39 öfverlämnande
1586 1995 60 37 till
1673 1996 135 36 fonden

205 2044 57 38 för
288 2046 346 47 riksgäldskontoret
661 2044 211 38 förorsakas.

314 2098 143 38 Genom
504 2101 97 35 1911
647 2101 57 34 års
737 2099 178 46 Riksdags
942 2099 124 37 beslut
1093 2112 61 23 om
1184 2100 198 36 anvisande
1409 2102 61 35 för
1492 2100 41 37 år
1564 2104 101 34 1912
1695 2104 38 35 af
1756 2108 52 32 ett

206 2152 173 36 särskildt
420 2153 127 48 anslag
577 2152 57 36 till
668 2153 276 48 kapitalökning
971 2151 58 37 för
1057 2153 415 48 egnahemslånefonden
1501 2156 110 35 hafva
1640 2157 43 35 de
1711 2157 101 36 förut

205 2206 210 36 meddelade
456 2206 318 37 bestämmelserna
806 2219 60 23 om
899 2206 300 48 fyllnadsmedels
1231 2208 348 37 tillhandahållande
1607 2209 83 37 från
1719 2211 91 36 riks-

205 2260 279 48 gäldskontoret
513 2259 152 37 förfallit
692 2261 13 34 i
733 2260 95 36 hvad
856 2260 102 36 dessa
985 2261 268 37 bestämmelser
1277 2262 76 36 afse
1380 2262 99 37 tiden
1504 2264 92 35 efter
1624 2265 39 34 år
1694 2265 115 36 1911.
