2213 2670
409 199 38 29 26
929 196 229 30 Statsutskottets
1187 195 153 30 Utlåtande
1363 195 55 29 N:o
1440 195 48 29 53.

407 278 132 36 melser
566 275 58 38 för
642 275 219 49 försäljning
879 274 41 37 af
935 274 286 38 utarrenderade
1239 273 346 47 kronoegendomar
1603 271 84 37 med
1707 271 182 37 arrenden
1910 270 103 38 öfver

409 331 72 35 700
509 330 139 35 kronor
674 329 80 35 icke
781 328 202 46 lämpligen
1012 327 115 37 borde
1153 325 198 47 meddelas,
1379 325 46 36 då
1453 325 62 36 det
1541 325 80 36 icke
1647 328 124 44 syntes
1800 323 214 45 önskvärdt,

407 387 54 30 att
497 381 138 36 sådana
666 379 263 49 jemförelsevis
957 380 106 45 ringa
1088 377 447 47 förvaltningskostnader
1553 375 264 37 föranledande
1837 376 65 36 och
1908 371 20 61 i
1923 376 89 35 all-

407 433 152 36 mänhet
585 432 84 37 med
696 432 97 46 goda
820 431 239 49 åbyggnader
1085 430 173 37 försedda
1285 429 223 46 egendomar
1525 430 13 34 i
1557 427 123 49 någon
1700 433 115 31 större
1834 427 180 36 utsträck-

406 486 92 45 ning
532 485 144 36 kronan
707 483 223 37 frånhändes
958 488 95 31 samt
1080 482 62 37 det
1164 483 42 46 ju
1234 481 107 37 alltid
1367 480 104 37 stode
1499 480 316 48 domänstyrelsen
1842 478 81 37 fritt
1950 484 63 40 att,

408 537 120 36 såsom
556 537 113 36 redan
697 536 133 36 hittills
856 536 12 35 i
897 539 51 33 ett
974 535 121 36 flertal
1121 533 67 37 fall
1216 534 105 44 skett,
1356 534 4 35 i
1387 532 173 37 händelse
1579 531 113 37 sådan
1713 531 180 47 egendom
1913 529 40 37 af
1969 543 44 23 en

409 589 89 36 eller
525 602 123 23 annan
675 588 156 36 särskild
860 586 203 47 anledning
1088 585 133 37 funnes
1249 586 202 46 lämpligen
1479 585 89 36 böra
1596 583 164 46 afyttras,
1781 583 126 36 derom
1923 589 91 40 göra

406 640 278 46 framställning
712 640 64 36 hos
804 639 132 48 Kongl.
964 638 110 47 Maj:t,
1101 651 85 23 men
1214 637 165 37 deremot
1402 636 114 37 funne
1536 633 403 50 departementschefen
1959 635 55 45 sig

408 692 216 45 obetingadt
651 693 91 33 böra
770 690 161 45 förorda,
959 695 54 30 att
1041 690 71 35 den
1139 689 133 46 Kongl.
1300 689 103 47 Maj:t
1420 702 52 22 nu
1499 687 189 47 medgifna
1705 692 74 30 rätt
1798 692 54 30 att
1869 687 146 35 besluta

409 756 61 23 om
510 741 219 48 försäljning
768 741 41 36 af
845 740 288 37 utarrenderade
1159 740 345 46 kronoegendomar
1531 738 218 35 utsträcktes
1778 742 52 30 att
1858 736 155 36 omfatta

405 796 139 45 jemväl
571 794 136 36 sådana
734 794 84 36 med
846 793 155 37 arrende
1029 791 273 47 öfverstigande
1322 793 71 35 500
1413 792 138 35 kronor
1570 803 83 23 men
1673 790 79 35 icke
1774 791 70 35 700
1863 789 148 35 kronor.

509 846 54 36 De
590 846 195 46 vigtigaste
811 844 115 37 bland
954 844 44 36 de
1026 845 88 44 skäl,
1142 856 77 23 som
1248 844 167 35 häremot
1441 841 125 38 blifvit
1594 840 165 46 anförda,
1786 840 95 36 hade
1906 841 106 44 varit,

408 903 55 31 att
491 897 102 37 dessa
620 897 242 47 egendomars
889 895 261 38 bibehållande
1176 896 12 35 i
1215 896 162 35 kronans
1398 907 65 34 ego
1483 894 120 36 skulle
1622 906 88 24 vara
1726 891 59 37 för
1799 891 214 48 jordbruks-

408 951 179 45 näringen
623 950 13 35 i
670 949 127 36 landet
832 949 68 35 och
936 948 79 36 dess
1043 948 126 35 idkare
1197 946 40 36 af
1260 947 189 48 betydelse
1475 945 118 37 såsom
1620 944 209 37 beredande
1856 943 157 48 tillgång

408 1001 58 36 för
491 1000 275 49 kapitalfattiga
791 1013 175 34 personer
992 1000 55 35 till
1076 998 181 37 arrenden
1284 998 47 47 på
1349 998 177 48 lämpliga
1541 997 131 44 vilkor,
1691 1001 95 31 samt
1805 1000 55 31 att
1878 994 136 47 svårig-

409 1054 102 35 heter
538 1053 211 46 antagligen
778 1053 118 35 skulle
922 1064 117 36 yppas
1067 1050 59 37 för
1153 1055 119 32 staten
1300 1055 53 31 att
1380 1050 63 36 vid
1471 1048 212 50 afyttrande
1710 1047 41 36 af
1776 1052 52 32 ett
1855 1046 38 37 så
1921 1052 93 31 stort

410 1105 103 35 antal
540 1104 232 47 egendomar,
800 1104 156 36 hvarom
983 1103 67 35 här
1076 1103 120 35 skulle
1222 1100 118 38 blifva
1358 1100 114 48 fråga,
1491 1100 127 49 uppnå
1636 1112 220 34 gynsamma
1874 1098 141 46 försälj-

409 1157 273 45 ningsresultat.

511 1207 174 36 Hvarken
714 1205 61 37 det
802 1218 69 24 ena
898 1206 90 35 eller
1015 1204 114 36 andra
1157 1202 40 37 af
1222 1203 103 37 dessa
1353 1204 78 35 skäl
1459 1202 134 48 ansåge
1612 1200 401 49 departementschefen

409 1259 55 45 sig
491 1259 128 35 kunna
645 1258 222 36 tillerkänna
894 1256 180 48 giltighet.

510 1309 110 37 Hvad
658 1308 96 37 först
787 1308 385 47 jordbruksnäringen
1212 1307 168 45 anginge,
1419 1318 88 25 vore
1544 1305 60 36 det
1630 1304 295 47 uppenbarligen
1957 1303 58 35 till

409 1360 120 36 fördel
555 1360 58 36 för
641 1360 121 37 denna
788 1360 132 46 näring
947 1365 54 30 att
1027 1358 38 36 så
1091 1363 93 31 stort
1211 1359 104 34 antal
1342 1370 78 23 som
1447 1357 146 47 möjligt
1620 1356 40 35 at
1682 1356 79 35 dess
1779 1355 129 36 idkare
1926 1367 88 24 vore

410 1411 235 49 sjelfegande.
697 1410 265 37 Erfarenheten
989 1409 82 37 från
1098 1408 220 47 föregående
1344 1407 260 48 försäljningar
1624 1407 92 36 hade
1735 1406 207 48 ådagalagt,
1961 1410 54 31 att

410 1476 138 35 genom
576 1463 184 37 desamma
787 1461 146 37 tillfälle
959 1461 145 37 beredts
1132 1474 44 23 en
1203 1460 136 46 mängd
1359 1458 377 38 kronoarrendatorer
1755 1463 54 30 att
1825 1456 191 38 förvärfva

411 1515 45 36 de
483 1514 41 36 af
548 1514 82 37 dem
659 1514 243 36 arrenderade
920 1513 265 46 fastigheterna
1204 1512 68 36 och
1288 1511 55 46 då,
1363 1512 115 45 enligt
1498 1511 97 36 hvad
1612 1507 403 51 departementschefen

411 1566 191 45 inhemtat,
638 1565 123 46 någon
789 1565 186 46 svårighet
1001 1564 59 35 för
1086 1564 144 35 kronan
1259 1568 55 30 att
1341 1562 80 36 utfå
1448 1562 340 46 köpeskillingarna
1815 1561 79 35 icke
1921 1561 95 34 visat

411 1618 64 45 sig,
512 1623 123 39 syntes
672 1617 99 36 detta
809 1616 166 45 häntyda
1006 1614 48 48 på
1080 1619 55 32 att
1162 1615 104 36 dessa
1291 1613 264 49 försäljningar
1581 1613 97 36 varit
1705 1612 101 37 såväl
1832 1612 58 35 till
1917 1624 98 34 gagn

411 1667 59 37 för
492 1669 385 47 jordbruksnäringen
904 1680 77 23 som
1010 1667 59 35 till
1096 1666 120 36 fördel
1243 1665 57 37 för
1327 1666 173 47 köparne.
1541 1664 133 46 Någon
1698 1662 171 48 grundad
1893 1662 122 36 anled-

410 1721 91 45 ning
526 1720 60 35 till
613 1719 210 46 antagande
850 1724 54 30 att
930 1718 284 36 förhållandena
1241 1730 134 33 genom
1403 1730 44 22 en
1475 1716 112 36 sådan
1615 1715 257 45 utsträckning
1896 1713 39 37 af
1945 1713 71 37 för-

411 1772 260 47 säljningarna,
690 1784 79 23 som
786 1768 401 50 departementschefen
1206 1781 87 36 nyss
1311 1767 176 46 förordat,
1506 1767 120 36 skulle
1641 1766 117 38 blifva
1773 1765 242 45 annorlunda,

412 1823 93 36 hade
532 1823 80 35 icke
639 1823 115 35 heller
780 1821 123 37 blifvit
932 1820 163 49 påvisad.

516 1873 102 36 Huru
652 1887 44 23 en
723 1874 214 48 ytterligare
964 1872 211 36 realisation
1203 1871 41 36 af
1266 1870 343 47 kronoegendomar
1635 1869 124 36 kunde
1786 1869 151 35 komma
1964 1873 53 30 att

412 1926 108 46 ställa
555 1926 54 45 sig
647 1924 57 36 för
739 1925 143 35 kronan
926 1937 88 22 vore
1049 1923 236 46 naturligtvis
1322 1922 170 47 omöjligt
1526 1926 54 31 att
1607 1920 184 37 bestämdt
1816 1919 199 48 förutsäga.

411 1975 127 37 Äfven
573 1977 225 34 härutinnan
836 1980 124 43 syntes
988 1974 212 45 emellertid,
1230 1973 118 37 såsom
1377 1973 40 36 af
1441 1972 98 37 hvad
1566 1972 166 36 komitén
1759 1973 11 34 i
1800 1971 101 36 detta
1927 1969 88 37 afse-

413 2027 93 36 ende
533 2026 185 49 uppgifvit
741 2027 140 46 jemväl
907 2025 217 46 framginge,
1144 2025 255 36 erfarenheten
1418 2023 83 36 från
1517 2023 219 46 föregåegde
1755 2022 261 46 försäljningar

412 2078 142 48 egnade
591 2084 53 30 att
678 2077 143 46 ingifva
856 2077 97 46 goda
988 2076 305 48 förhoppningar.
1354 2075 94 36 Hela
1484 2075 139 36 antalet
1658 2073 357 46 kronoegendomar,

411 2129 198 37 lemnande
637 2130 136 35 mellan
794 2131 70 35 300
885 2130 67 35 och
974 2131 70 34 700
1063 2128 139 35 kronor
1220 2129 12 34 i
1252 2127 110 46 årligt
1381 2126 162 45 arrende,
1562 2126 189 48 uppginge
1767 2125 59 35 till
1845 2125 171 45 omkring

413 2182 82 36 500.
549 2180 52 37 Af
625 2180 104 37 dessa
755 2182 148 34 komme
931 2179 204 37 emellertid
1163 2192 44 23 en
1235 2184 77 30 stor
1339 2178 60 36 del
1427 2182 54 31 att
1508 2176 39 37 af
1573 2190 44 23 en
1646 2177 89 35 eller
1754 2189 123 22 annan
1894 2175 122 36 anled-

411 2233 90 45 ning
528 2233 91 35 böra
645 2233 13 34 i
684 2233 162 34 kronans
875 2244 66 33 ego
970 2230 202 37 bibehållas
1201 2230 68 36 och
1289 2230 43 36 de
1352 2229 228 36 återstående
1599 2229 119 35 skulle
1736 2227 168 48 försäljas
1923 2227 95 36 först

410 2285 13 34 i
459 2284 71 36 den
566 2283 86 36 mån
689 2283 43 36 de
769 2282 120 38 blefve
917 2281 287 46 arrendelediga,
1231 2282 242 47 hvarigenom
1500 2278 341 49 försäljningstiden
1868 2279 148 35 komme
