<?xml version="1.0" encoding="UTF-8"?>
<alto xmlns="http://www.loc.gov/standards/alto/ns-v3#" xmlns:xlink="http://www.w3.org/1999/xlink" xmlns:xsi="http://www.w3.org/2001/XMLSchema-instance" xsi:schemaLocation="http://www.loc.gov/standards/alto/ns-v3# http://www.loc.gov/alto/v3/alto-3-0.xsd">
	<Description>
		<MeasurementUnit>pixel</MeasurementUnit>
		<sourceImageInformation>
			<fileName>/tmp/tess_rhuxm1x2_input.PNG</fileName>
		</sourceImageInformation>
		<OCRProcessing ID="OCR_0">
			<ocrProcessingStep>
				<processingSoftware>
					<softwareName>tesseract 5.3.0</softwareName>
				</processingSoftware>
			</ocrProcessingStep>
		</OCRProcessing>
	</Description>
	<Layout>
		<Page WIDTH="2218" HEIGHT="2640" PHYSICAL_IMG_NR="0" ID="page_0">
			<PrintSpace HPOS="0" VPOS="0" WIDTH="2218" HEIGHT="2640">
				<ComposedBlock ID="cblock_0" HPOS="722" VPOS="159" WIDTH="1061" HEIGHT="33">
					<TextBlock ID="block_0" HPOS="722" VPOS="159" WIDTH="1061" HEIGHT="33">
						<TextLine ID="line_0" HPOS="722" VPOS="159" WIDTH="1061" HEIGHT="33">
							<String ID="string_0" HPOS="722" VPOS="160" WIDTH="249" HEIGHT="31" WC="0.91" CONTENT="Statsutskottets"/><SP WIDTH="23" VPOS="160" HPOS="971"/>
							<String ID="string_1" HPOS="994" VPOS="159" WIDTH="164" HEIGHT="33" WC="0.96" CONTENT="utlåtande"/><SP WIDTH="24" VPOS="159" HPOS="1158"/>
							<String ID="string_2" HPOS="1182" VPOS="160" WIDTH="51" HEIGHT="31" WC="0.95" CONTENT="Nr"/><SP WIDTH="27" VPOS="160" HPOS="1233"/>
							<String ID="string_3" HPOS="1260" VPOS="163" WIDTH="69" HEIGHT="29" WC="0.96" CONTENT="110."/><SP WIDTH="436" VPOS="163" HPOS="1329"/>
							<String ID="string_4" HPOS="1765" VPOS="164" WIDTH="18" HEIGHT="26" WC="0.96" CONTENT="3"/>
						</TextLine>
					</TextBlock>
				</ComposedBlock>
				<ComposedBlock ID="cblock_1" HPOS="940" VPOS="525" WIDTH="174" HEIGHT="40">
					<TextBlock ID="block_1" HPOS="940" VPOS="525" WIDTH="174" HEIGHT="40">
						<TextLine ID="line_1" HPOS="940" VPOS="525" WIDTH="174" HEIGHT="40">
							<String ID="string_5" HPOS="940" VPOS="525" WIDTH="57" HEIGHT="39" WC="0.96" CONTENT="Nr"/><SP WIDTH="30" VPOS="525" HPOS="997"/>
							<String ID="string_6" HPOS="1027" VPOS="525" WIDTH="87" HEIGHT="40" WC="0.96" CONTENT="110."/>
						</TextLine>
					</TextBlock>
				</ComposedBlock>
				<ComposedBlock ID="cblock_2" HPOS="844" VPOS="680" WIDTH="947" HEIGHT="36">
					<TextBlock ID="block_2" HPOS="844" VPOS="680" WIDTH="947" HEIGHT="36">
						<TextLine ID="line_2" HPOS="844" VPOS="680" WIDTH="947" HEIGHT="36">
							<String ID="string_7" HPOS="844" VPOS="680" WIDTH="109" HEIGHT="26" WC="0.96" CONTENT="Ankom"/><SP WIDTH="23" VPOS="680" HPOS="953"/>
							<String ID="string_8" HPOS="976" VPOS="680" WIDTH="39" HEIGHT="27" WC="0.80" CONTENT="lill"/><SP WIDTH="22" VPOS="680" HPOS="1015"/>
							<String ID="string_9" HPOS="1037" VPOS="680" WIDTH="165" HEIGHT="36" WC="0.96" CONTENT="riksdagens"/><SP WIDTH="20" VPOS="680" HPOS="1202"/>
							<String ID="string_10" HPOS="1222" VPOS="680" WIDTH="90" HEIGHT="27" WC="0.95" CONTENT="kansli"/><SP WIDTH="22" VPOS="680" HPOS="1312"/>
							<String ID="string_11" HPOS="1334" VPOS="680" WIDTH="50" HEIGHT="27" WC="0.96" CONTENT="den"/><SP WIDTH="24" VPOS="680" HPOS="1384"/>
							<String ID="string_12" HPOS="1408" VPOS="682" WIDTH="31" HEIGHT="26" WC="0.96" CONTENT="17"/><SP WIDTH="20" VPOS="682" HPOS="1439"/>
							<String ID="string_13" HPOS="1459" VPOS="681" WIDTH="55" HEIGHT="34" WC="0.96" CONTENT="maj"/><SP WIDTH="23" VPOS="681" HPOS="1514"/>
							<String ID="string_14" HPOS="1537" VPOS="681" WIDTH="67" HEIGHT="26" WC="0.94" CONTENT="1915"/><SP WIDTH="20" VPOS="681" HPOS="1604"/>
							<String ID="string_15" HPOS="1624" VPOS="681" WIDTH="34" HEIGHT="26" WC="0.95" CONTENT="kl."/><SP WIDTH="20" VPOS="681" HPOS="1658"/>
							<String ID="string_16" HPOS="1678" VPOS="682" WIDTH="17" HEIGHT="25" WC="0.93" CONTENT="3"/><SP WIDTH="20" VPOS="682" HPOS="1695"/>
							<String ID="string_17" HPOS="1715" VPOS="693" WIDTH="21" HEIGHT="15" WC="0.79" CONTENT="e."/><SP WIDTH="21" VPOS="693" HPOS="1736"/>
							<String ID="string_18" HPOS="1757" VPOS="692" WIDTH="34" HEIGHT="16" WC="0.90" CONTENT="m."/>
						</TextLine>
					</TextBlock>
				</ComposedBlock>
				<ComposedBlock ID="cblock_3" HPOS="433" VPOS="820" WIDTH="1393" HEIGHT="114">
					<TextBlock ID="block_3" HPOS="433" VPOS="820" WIDTH="1393" HEIGHT="114">
						<TextLine ID="line_3" HPOS="433" VPOS="820" WIDTH="1393" HEIGHT="47">
							<String ID="string_19" HPOS="433" VPOS="820" WIDTH="203" HEIGHT="42" WC="0.95" CONTENT="Utlåtande,"/><SP WIDTH="31" VPOS="820" HPOS="636"/>
							<String ID="string_20" HPOS="667" VPOS="821" WIDTH="11" HEIGHT="33" WC="0.95" CONTENT="i"/><SP WIDTH="29" VPOS="821" HPOS="678"/>
							<String ID="string_21" HPOS="707" VPOS="820" WIDTH="196" HEIGHT="44" WC="0.45" CONTENT="anledning"/><SP WIDTH="42" VPOS="820" HPOS="903"/>
							<String ID="string_22" HPOS="945" VPOS="833" WIDTH="42" HEIGHT="22" WC="0.92" CONTENT="uv"/><SP WIDTH="41" VPOS="833" HPOS="987"/>
							<String ID="string_23" HPOS="1028" VPOS="821" WIDTH="141" HEIGHT="45" WC="0.94" CONTENT="Kungl."/><SP WIDTH="43" VPOS="821" HPOS="1169"/>
							<String ID="string_24" HPOS="1212" VPOS="822" WIDTH="131" HEIGHT="42" WC="0.95" CONTENT="Maj:ts"/><SP WIDTH="37" VPOS="822" HPOS="1343"/>
							<String ID="string_25" HPOS="1380" VPOS="823" WIDTH="230" HEIGHT="44" WC="0.95" CONTENT="proposition"/><SP WIDTH="33" VPOS="823" HPOS="1610"/>
							<String ID="string_26" HPOS="1643" VPOS="824" WIDTH="183" HEIGHT="43" WC="0.96" CONTENT="angående"/>
						</TextLine>
						<TextLine ID="line_4" HPOS="625" VPOS="890" WIDTH="1199" HEIGHT="44">
							<String ID="string_27" HPOS="625" VPOS="890" WIDTH="175" HEIGHT="33" WC="0.95" CONTENT="täckande"/><SP WIDTH="28" VPOS="890" HPOS="800"/>
							<String ID="string_28" HPOS="828" VPOS="901" WIDTH="43" HEIGHT="22" WC="0.96" CONTENT="av"/><SP WIDTH="28" VPOS="901" HPOS="871"/>
							<String ID="string_29" HPOS="899" VPOS="890" WIDTH="190" HEIGHT="34" WC="0.96" CONTENT="kostnader"/><SP WIDTH="27" VPOS="890" HPOS="1089"/>
							<String ID="string_30" HPOS="1116" VPOS="901" WIDTH="73" HEIGHT="23" WC="0.96" CONTENT="som"/><SP WIDTH="29" VPOS="901" HPOS="1189"/>
							<String ID="string_31" HPOS="1218" VPOS="900" WIDTH="98" HEIGHT="24" WC="0.96" CONTENT="avses"/><SP WIDTH="30" VPOS="900" HPOS="1316"/>
							<String ID="string_32" HPOS="1346" VPOS="890" WIDTH="81" HEIGHT="34" WC="0.67" CONTENT="163"/><SP WIDTH="19" VPOS="890" HPOS="1427"/>
							<String ID="string_33" HPOS="1446" VPOS="890" WIDTH="22" HEIGHT="42" WC="0.88" CONTENT="$"/><SP WIDTH="18" VPOS="890" HPOS="1468"/>
							<String ID="string_34" HPOS="1486" VPOS="890" WIDTH="338" HEIGHT="44" WC="0.95" CONTENT="regeringsformen."/>
						</TextLine>
					</TextBlock>
				</ComposedBlock>
				<ComposedBlock ID="cblock_4" HPOS="1577" VPOS="991" WIDTH="197" HEIGHT="50">
					<TextBlock ID="block_4" HPOS="1577" VPOS="991" WIDTH="197" HEIGHT="50">
						<TextLine ID="line_5" HPOS="1577" VPOS="991" WIDTH="197" HEIGHT="50">
							<String ID="string_35" HPOS="1577" VPOS="991" WIDTH="70" HEIGHT="48" WC="0.91" CONTENT="(4:e"/><SP WIDTH="30" VPOS="991" HPOS="1647"/>
							<String ID="string_36" HPOS="1677" VPOS="992" WIDTH="97" HEIGHT="49" WC="0.94" CONTENT="avd.)"/>
						</TextLine>
					</TextBlock>
				</ComposedBlock>
				<ComposedBlock ID="cblock_5" HPOS="222" VPOS="1093" WIDTH="1605" HEIGHT="945">
					<TextBlock ID="block_5" HPOS="225" VPOS="1093" WIDTH="1602" HEIGHT="256">
						<TextLine ID="line_6" HPOS="354" VPOS="1093" WIDTH="1472" HEIGHT="51">
							<String ID="string_37" HPOS="354" VPOS="1093" WIDTH="15" HEIGHT="35" WC="0.95" CONTENT="I"/><SP WIDTH="30" VPOS="1093" HPOS="369"/>
							<String ID="string_38" HPOS="399" VPOS="1093" WIDTH="71" HEIGHT="36" WC="0.95" CONTENT="den"/><SP WIDTH="42" VPOS="1093" HPOS="470"/>
							<String ID="string_39" HPOS="512" VPOS="1093" WIDTH="55" HEIGHT="36" WC="0.95" CONTENT="till"/><SP WIDTH="42" VPOS="1093" HPOS="567"/>
							<String ID="string_40" HPOS="609" VPOS="1093" WIDTH="202" HEIGHT="48" WC="0.95" CONTENT="riksdagen"/><SP WIDTH="43" VPOS="1093" HPOS="811"/>
							<String ID="string_41" HPOS="854" VPOS="1093" WIDTH="70" HEIGHT="36" WC="0.96" CONTENT="den"/><SP WIDTH="46" VPOS="1093" HPOS="924"/>
							<String ID="string_42" HPOS="970" VPOS="1095" WIDTH="45" HEIGHT="34" WC="0.96" CONTENT="14"/><SP WIDTH="33" VPOS="1095" HPOS="1015"/>
							<String ID="string_43" HPOS="1048" VPOS="1094" WIDTH="153" HEIGHT="48" WC="0.94" CONTENT="januari"/><SP WIDTH="40" VPOS="1094" HPOS="1201"/>
							<String ID="string_44" HPOS="1241" VPOS="1096" WIDTH="95" HEIGHT="35" WC="0.93" CONTENT="1915"/><SP WIDTH="31" VPOS="1096" HPOS="1336"/>
							<String ID="string_45" HPOS="1367" VPOS="1095" WIDTH="150" HEIGHT="36" WC="0.92" CONTENT="avlåtna"/><SP WIDTH="28" VPOS="1095" HPOS="1517"/>
							<String ID="string_46" HPOS="1545" VPOS="1095" WIDTH="281" HEIGHT="49" WC="0.96" CONTENT="propositionen"/>
						</TextLine>
						<TextLine ID="line_7" HPOS="226" VPOS="1144" WIDTH="1601" HEIGHT="52">
							<String ID="string_47" HPOS="226" VPOS="1144" WIDTH="193" HEIGHT="50" WC="0.92" CONTENT="angående"/><SP WIDTH="41" VPOS="1144" HPOS="419"/>
							<String ID="string_48" HPOS="460" VPOS="1144" WIDTH="244" HEIGHT="37" WC="0.91" CONTENT="statsverkets"/><SP WIDTH="42" VPOS="1144" HPOS="704"/>
							<String ID="string_49" HPOS="746" VPOS="1145" WIDTH="166" HEIGHT="36" WC="0.95" CONTENT="tillstånd"/><SP WIDTH="43" VPOS="1145" HPOS="912"/>
							<String ID="string_50" HPOS="955" VPOS="1145" WIDTH="68" HEIGHT="36" WC="0.96" CONTENT="och"/><SP WIDTH="46" VPOS="1145" HPOS="1023"/>
							<String ID="string_51" HPOS="1069" VPOS="1145" WIDTH="120" HEIGHT="37" WC="0.96" CONTENT="behov"/><SP WIDTH="41" VPOS="1145" HPOS="1189"/>
							<String ID="string_52" HPOS="1230" VPOS="1146" WIDTH="67" HEIGHT="36" WC="0.96" CONTENT="har"/><SP WIDTH="27" VPOS="1146" HPOS="1297"/>
							<String ID="string_53" HPOS="1324" VPOS="1146" WIDTH="143" HEIGHT="49" WC="0.95" CONTENT="Kungl."/><SP WIDTH="31" VPOS="1146" HPOS="1467"/>
							<String ID="string_54" HPOS="1498" VPOS="1146" WIDTH="108" HEIGHT="49" WC="0.96" CONTENT="Maj:t"/><SP WIDTH="27" VPOS="1146" HPOS="1606"/>
							<String ID="string_55" HPOS="1633" VPOS="1147" WIDTH="194" HEIGHT="49" WC="0.96" CONTENT="föreslagit"/>
						</TextLine>
						<TextLine ID="line_8" HPOS="225" VPOS="1196" WIDTH="1600" HEIGHT="52">
							<String ID="string_56" HPOS="225" VPOS="1196" WIDTH="202" HEIGHT="49" WC="0.90" CONTENT="riksdagen"/><SP WIDTH="31" VPOS="1196" HPOS="427"/>
							<String ID="string_57" HPOS="458" VPOS="1202" WIDTH="56" HEIGHT="30" WC="0.95" CONTENT="att"/><SP WIDTH="28" VPOS="1202" HPOS="514"/>
							<String ID="string_58" HPOS="542" VPOS="1196" WIDTH="55" HEIGHT="36" WC="0.95" CONTENT="till"/><SP WIDTH="28" VPOS="1196" HPOS="597"/>
							<String ID="string_59" HPOS="625" VPOS="1196" WIDTH="188" HEIGHT="36" WC="0.96" CONTENT="täckande"/><SP WIDTH="28" VPOS="1196" HPOS="813"/>
							<String ID="string_60" HPOS="841" VPOS="1210" WIDTH="46" HEIGHT="22" WC="0.96" CONTENT="av"/><SP WIDTH="29" VPOS="1210" HPOS="887"/>
							<String ID="string_61" HPOS="916" VPOS="1197" WIDTH="120" HEIGHT="37" WC="0.96" CONTENT="under"/><SP WIDTH="27" VPOS="1197" HPOS="1036"/>
							<String ID="string_62" HPOS="1063" VPOS="1201" WIDTH="41" HEIGHT="32" WC="0.94" CONTENT="år"/><SP WIDTH="31" VPOS="1201" HPOS="1104"/>
							<String ID="string_63" HPOS="1135" VPOS="1199" WIDTH="98" HEIGHT="34" WC="0.96" CONTENT="1914"/><SP WIDTH="19" VPOS="1199" HPOS="1233"/>
							<String ID="string_64" HPOS="1252" VPOS="1211" WIDTH="47" HEIGHT="22" WC="0.96" CONTENT="av"/><SP WIDTH="21" VPOS="1211" HPOS="1299"/>
							<String ID="string_65" HPOS="1320" VPOS="1198" WIDTH="212" HEIGHT="49" WC="0.96" CONTENT="förskjutna"/><SP WIDTH="19" VPOS="1198" HPOS="1532"/>
							<String ID="string_66" HPOS="1551" VPOS="1198" WIDTH="121" HEIGHT="37" WC="0.96" CONTENT="medel"/><SP WIDTH="19" VPOS="1198" HPOS="1672"/>
							<String ID="string_67" HPOS="1691" VPOS="1199" WIDTH="134" HEIGHT="49" WC="0.96" CONTENT="gjorda"/>
						</TextLine>
						<TextLine ID="line_9" HPOS="225" VPOS="1247" WIDTH="1599" HEIGHT="50">
							<String ID="string_68" HPOS="225" VPOS="1248" WIDTH="213" HEIGHT="47" WC="0.96" CONTENT="kostnader,"/><SP WIDTH="39" VPOS="1248" HPOS="438"/>
							<String ID="string_69" HPOS="477" VPOS="1261" WIDTH="80" HEIGHT="23" WC="0.96" CONTENT="som"/><SP WIDTH="41" VPOS="1261" HPOS="557"/>
							<String ID="string_70" HPOS="598" VPOS="1260" WIDTH="111" HEIGHT="24" WC="0.95" CONTENT="avses"/><SP WIDTH="28" VPOS="1260" HPOS="709"/>
							<String ID="string_71" HPOS="737" VPOS="1248" WIDTH="12" HEIGHT="35" WC="0.91" CONTENT="i"/><SP WIDTH="28" VPOS="1248" HPOS="749"/>
							<String ID="string_72" HPOS="777" VPOS="1247" WIDTH="21" HEIGHT="49" WC="0.91" CONTENT="$"/><SP WIDTH="29" VPOS="1247" HPOS="798"/>
							<String ID="string_73" HPOS="827" VPOS="1251" WIDTH="47" HEIGHT="33" WC="0.96" CONTENT="63"/><SP WIDTH="28" VPOS="1251" HPOS="874"/>
							<String ID="string_74" HPOS="902" VPOS="1249" WIDTH="362" HEIGHT="48" WC="0.95" CONTENT="regeringsformen,"/><SP WIDTH="29" VPOS="1249" HPOS="1264"/>
							<String ID="string_75" HPOS="1293" VPOS="1250" WIDTH="11" HEIGHT="35" WC="0.93" CONTENT="i"/><SP WIDTH="29" VPOS="1250" HPOS="1304"/>
							<String ID="string_76" HPOS="1333" VPOS="1249" WIDTH="204" HEIGHT="37" WC="0.91" CONTENT="riksstaten"/><SP WIDTH="36" VPOS="1249" HPOS="1537"/>
							<String ID="string_77" HPOS="1573" VPOS="1250" WIDTH="58" HEIGHT="36" WC="0.96" CONTENT="för"/><SP WIDTH="27" VPOS="1250" HPOS="1631"/>
							<String ID="string_78" HPOS="1658" VPOS="1253" WIDTH="40" HEIGHT="33" WC="0.96" CONTENT="år"/><SP WIDTH="30" VPOS="1253" HPOS="1698"/>
							<String ID="string_79" HPOS="1728" VPOS="1252" WIDTH="96" HEIGHT="34" WC="0.96" CONTENT="1916"/>
						</TextLine>
						<TextLine ID="line_10" HPOS="226" VPOS="1299" WIDTH="886" HEIGHT="50">
							<String ID="string_80" HPOS="226" VPOS="1300" WIDTH="129" HEIGHT="36" WC="0.95" CONTENT="anvisa"/><SP WIDTH="28" VPOS="1300" HPOS="355"/>
							<String ID="string_81" HPOS="383" VPOS="1305" WIDTH="54" HEIGHT="31" WC="0.95" CONTENT="ett"/><SP WIDTH="27" VPOS="1305" HPOS="437"/>
							<String ID="string_82" HPOS="464" VPOS="1299" WIDTH="137" HEIGHT="50" WC="0.96" CONTENT="belopp"/><SP WIDTH="29" VPOS="1299" HPOS="601"/>
							<String ID="string_83" HPOS="630" VPOS="1313" WIDTH="47" HEIGHT="22" WC="0.93" CONTENT="av"/><SP WIDTH="32" VPOS="1313" HPOS="677"/>
							<String ID="string_84" HPOS="709" VPOS="1301" WIDTH="225" HEIGHT="46" WC="0.90" CONTENT="18,300,000"/><SP WIDTH="30" VPOS="1301" HPOS="934"/>
							<String ID="string_85" HPOS="964" VPOS="1300" WIDTH="148" HEIGHT="36" WC="0.96" CONTENT="kronor."/>
						</TextLine>
					</TextBlock>
					<TextBlock ID="block_6" HPOS="223" VPOS="1350" WIDTH="1603" HEIGHT="565">
						<TextLine ID="line_11" HPOS="354" VPOS="1350" WIDTH="1470" HEIGHT="51">
							<String ID="string_86" HPOS="354" VPOS="1350" WIDTH="222" HEIGHT="37" WC="0.95" CONTENT="Sedermera"/><SP WIDTH="28" VPOS="1350" HPOS="576"/>
							<String ID="string_87" HPOS="604" VPOS="1351" WIDTH="69" HEIGHT="36" WC="0.96" CONTENT="har"/><SP WIDTH="28" VPOS="1351" HPOS="673"/>
							<String ID="string_88" HPOS="701" VPOS="1351" WIDTH="142" HEIGHT="48" WC="0.94" CONTENT="Kungl."/><SP WIDTH="30" VPOS="1351" HPOS="843"/>
							<String ID="string_89" HPOS="873" VPOS="1351" WIDTH="107" HEIGHT="48" WC="0.96" CONTENT="Maj:t"/><SP WIDTH="27" VPOS="1351" HPOS="980"/>
							<String ID="string_90" HPOS="1007" VPOS="1351" WIDTH="12" HEIGHT="36" WC="0.96" CONTENT="i"/><SP WIDTH="29" VPOS="1351" HPOS="1019"/>
							<String ID="string_91" HPOS="1048" VPOS="1365" WIDTH="46" HEIGHT="23" WC="0.96" CONTENT="en"/><SP WIDTH="29" VPOS="1365" HPOS="1094"/>
							<String ID="string_92" HPOS="1123" VPOS="1352" WIDTH="57" HEIGHT="36" WC="0.95" CONTENT="till"/><SP WIDTH="26" VPOS="1352" HPOS="1180"/>
							<String ID="string_93" HPOS="1206" VPOS="1352" WIDTH="205" HEIGHT="49" WC="0.96" CONTENT="riksdagen"/><SP WIDTH="29" VPOS="1352" HPOS="1411"/>
							<String ID="string_94" HPOS="1440" VPOS="1353" WIDTH="72" HEIGHT="36" WC="0.96" CONTENT="den"/><SP WIDTH="29" VPOS="1353" HPOS="1512"/>
							<String ID="string_95" HPOS="1541" VPOS="1354" WIDTH="48" HEIGHT="35" WC="0.95" CONTENT="30"/><SP WIDTH="21" VPOS="1354" HPOS="1589"/>
							<String ID="string_96" HPOS="1610" VPOS="1353" WIDTH="94" HEIGHT="48" WC="0.96" CONTENT="april"/><SP WIDTH="23" VPOS="1353" HPOS="1704"/>
							<String ID="string_97" HPOS="1727" VPOS="1355" WIDTH="97" HEIGHT="35" WC="0.96" CONTENT="1915"/>
						</TextLine>
						<TextLine ID="line_12" HPOS="225" VPOS="1402" WIDTH="1601" HEIGHT="52">
							<String ID="string_98" HPOS="225" VPOS="1403" WIDTH="159" HEIGHT="46" WC="0.90" CONTENT="avlåten,"/><SP WIDTH="32" VPOS="1403" HPOS="384"/>
							<String ID="string_99" HPOS="416" VPOS="1402" WIDTH="55" HEIGHT="37" WC="0.96" CONTENT="till"/><SP WIDTH="28" VPOS="1402" HPOS="471"/>
							<String ID="string_100" HPOS="499" VPOS="1403" WIDTH="279" HEIGHT="36" WC="0.96" CONTENT="statsutskottet"/><SP WIDTH="28" VPOS="1403" HPOS="778"/>
							<String ID="string_101" HPOS="806" VPOS="1402" WIDTH="184" HEIGHT="37" WC="0.96" CONTENT="hänvisad"/><SP WIDTH="20" VPOS="1402" HPOS="990"/>
							<String ID="string_102" HPOS="1010" VPOS="1404" WIDTH="247" HEIGHT="48" WC="0.96" CONTENT="proposition,"/><SP WIDTH="20" VPOS="1404" HPOS="1257"/>
							<String ID="string_103" HPOS="1277" VPOS="1417" WIDTH="46" HEIGHT="23" WC="0.95" CONTENT="nr"/><SP WIDTH="21" VPOS="1417" HPOS="1323"/>
							<String ID="string_104" HPOS="1344" VPOS="1405" WIDTH="85" HEIGHT="45" WC="0.95" CONTENT="199,"/><SP WIDTH="19" VPOS="1405" HPOS="1429"/>
							<String ID="string_105" HPOS="1448" VPOS="1404" WIDTH="120" HEIGHT="37" WC="0.95" CONTENT="under"/><SP WIDTH="20" VPOS="1404" HPOS="1568"/>
							<String ID="string_106" HPOS="1588" VPOS="1404" WIDTH="238" HEIGHT="50" WC="0.96" CONTENT="åberopande"/>
						</TextLine>
						<TextLine ID="line_13" HPOS="225" VPOS="1454" WIDTH="1600" HEIGHT="50">
							<String ID="string_107" HPOS="225" VPOS="1468" WIDTH="47" HEIGHT="23" WC="0.96" CONTENT="av"/><SP WIDTH="40" VPOS="1468" HPOS="272"/>
							<String ID="string_108" HPOS="312" VPOS="1454" WIDTH="62" HEIGHT="36" WC="0.95" CONTENT="vid"/><SP WIDTH="42" VPOS="1454" HPOS="374"/>
							<String ID="string_109" HPOS="416" VPOS="1454" WIDTH="283" HEIGHT="49" WC="0.92" CONTENT="propositionen"/><SP WIDTH="42" VPOS="1454" HPOS="699"/>
							<String ID="string_110" HPOS="741" VPOS="1454" WIDTH="107" HEIGHT="49" WC="0.91" CONTENT="fogat"/><SP WIDTH="36" VPOS="1454" HPOS="848"/>
							<String ID="string_111" HPOS="884" VPOS="1454" WIDTH="140" HEIGHT="50" WC="0.95" CONTENT="utdrag"/><SP WIDTH="28" VPOS="1454" HPOS="1024"/>
							<String ID="string_112" HPOS="1052" VPOS="1469" WIDTH="48" HEIGHT="22" WC="0.92" CONTENT="av"/><SP WIDTH="28" VPOS="1469" HPOS="1100"/>
							<String ID="string_113" HPOS="1128" VPOS="1455" WIDTH="413" HEIGHT="49" WC="0.90" CONTENT="statsrådsprotokollet"/><SP WIDTH="29" VPOS="1455" HPOS="1541"/>
							<String ID="string_114" HPOS="1570" VPOS="1461" WIDTH="90" HEIGHT="32" WC="0.93" CONTENT="över"/><SP WIDTH="27" VPOS="1461" HPOS="1660"/>
							<String ID="string_115" HPOS="1687" VPOS="1456" WIDTH="138" HEIGHT="37" WC="0.93" CONTENT="finans-"/>
						</TextLine>
						<TextLine ID="line_14" HPOS="225" VPOS="1506" WIDTH="1600" HEIGHT="50">
							<String ID="string_116" HPOS="225" VPOS="1506" WIDTH="164" HEIGHT="36" WC="0.96" CONTENT="ärenden"/><SP WIDTH="41" VPOS="1506" HPOS="389"/>
							<String ID="string_117" HPOS="430" VPOS="1506" WIDTH="59" HEIGHT="36" WC="0.96" CONTENT="för"/><SP WIDTH="40" VPOS="1506" HPOS="489"/>
							<String ID="string_118" HPOS="529" VPOS="1519" WIDTH="144" HEIGHT="24" WC="0.96" CONTENT="samma"/><SP WIDTH="42" VPOS="1519" HPOS="673"/>
							<String ID="string_119" HPOS="715" VPOS="1506" WIDTH="76" HEIGHT="48" WC="0.95" CONTENT="dag"/><SP WIDTH="40" VPOS="1506" HPOS="791"/>
							<String ID="string_120" HPOS="831" VPOS="1506" WIDTH="85" HEIGHT="37" WC="0.95" CONTENT="med"/><SP WIDTH="41" VPOS="1506" HPOS="916"/>
							<String ID="string_121" HPOS="957" VPOS="1506" WIDTH="245" HEIGHT="50" WC="0.95" CONTENT="återtagande"/><SP WIDTH="38" VPOS="1506" HPOS="1202"/>
							<String ID="string_122" HPOS="1240" VPOS="1520" WIDTH="45" HEIGHT="24" WC="0.93" CONTENT="av"/><SP WIDTH="28" VPOS="1520" HPOS="1285"/>
							<String ID="string_123" HPOS="1313" VPOS="1507" WIDTH="221" HEIGHT="38" WC="0.91" CONTENT="förberörda"/><SP WIDTH="27" VPOS="1507" HPOS="1534"/>
							<String ID="string_124" HPOS="1561" VPOS="1508" WIDTH="12" HEIGHT="36" WC="0.93" CONTENT="i"/><SP WIDTH="29" VPOS="1508" HPOS="1573"/>
							<String ID="string_125" HPOS="1602" VPOS="1507" WIDTH="223" HEIGHT="38" WC="0.91" CONTENT="statsverks-"/>
						</TextLine>
						<TextLine ID="line_15" HPOS="226" VPOS="1557" WIDTH="1600" HEIGHT="51">
							<String ID="string_126" HPOS="226" VPOS="1558" WIDTH="283" HEIGHT="50" WC="0.96" CONTENT="propositionen"/><SP WIDTH="48" VPOS="1558" HPOS="509"/>
							<String ID="string_127" HPOS="557" VPOS="1557" WIDTH="137" HEIGHT="50" WC="0.94" CONTENT="gjorda"/><SP WIDTH="41" VPOS="1557" HPOS="694"/>
							<String ID="string_128" HPOS="735" VPOS="1558" WIDTH="283" HEIGHT="48" WC="0.96" CONTENT="framställning"/><SP WIDTH="39" VPOS="1558" HPOS="1018"/>
							<String ID="string_129" HPOS="1057" VPOS="1558" WIDTH="199" HEIGHT="49" WC="0.96" CONTENT="föreslagit"/><SP WIDTH="40" VPOS="1558" HPOS="1256"/>
							<String ID="string_130" HPOS="1296" VPOS="1559" WIDTH="217" HEIGHT="49" WC="0.96" CONTENT="riksdagen,"/><SP WIDTH="43" VPOS="1559" HPOS="1513"/>
							<String ID="string_131" HPOS="1556" VPOS="1561" WIDTH="76" HEIGHT="36" WC="0.95" CONTENT="dels"/><SP WIDTH="41" VPOS="1561" HPOS="1632"/>
							<String ID="string_132" HPOS="1673" VPOS="1565" WIDTH="54" HEIGHT="31" WC="0.95" CONTENT="att"/><SP WIDTH="40" VPOS="1565" HPOS="1727"/>
							<String ID="string_133" HPOS="1767" VPOS="1560" WIDTH="59" HEIGHT="36" WC="0.95" CONTENT="för"/>
						</TextLine>
						<TextLine ID="line_16" HPOS="225" VPOS="1609" WIDTH="1598" HEIGHT="51">
							<String ID="string_134" HPOS="225" VPOS="1609" WIDTH="184" HEIGHT="37" WC="0.96" CONTENT="täckande"/><SP WIDTH="42" VPOS="1609" HPOS="409"/>
							<String ID="string_135" HPOS="451" VPOS="1623" WIDTH="45" HEIGHT="22" WC="0.96" CONTENT="av"/><SP WIDTH="43" VPOS="1623" HPOS="496"/>
							<String ID="string_136" HPOS="539" VPOS="1609" WIDTH="117" HEIGHT="37" WC="0.95" CONTENT="under"/><SP WIDTH="42" VPOS="1609" HPOS="656"/>
							<String ID="string_137" HPOS="698" VPOS="1612" WIDTH="41" HEIGHT="34" WC="0.95" CONTENT="år"/><SP WIDTH="43" VPOS="1612" HPOS="739"/>
							<String ID="string_138" HPOS="782" VPOS="1611" WIDTH="98" HEIGHT="35" WC="0.95" CONTENT="1914"/><SP WIDTH="41" VPOS="1611" HPOS="880"/>
							<String ID="string_139" HPOS="921" VPOS="1610" WIDTH="214" HEIGHT="50" WC="0.96" CONTENT="förskjutna"/><SP WIDTH="41" VPOS="1610" HPOS="1135"/>
							<String ID="string_140" HPOS="1176" VPOS="1610" WIDTH="216" HEIGHT="48" WC="0.96" CONTENT="kostnader,"/><SP WIDTH="43" VPOS="1610" HPOS="1392"/>
							<String ID="string_141" HPOS="1435" VPOS="1624" WIDTH="80" HEIGHT="24" WC="0.96" CONTENT="som"/><SP WIDTH="31" VPOS="1624" HPOS="1515"/>
							<String ID="string_142" HPOS="1546" VPOS="1624" WIDTH="108" HEIGHT="24" WC="0.96" CONTENT="avses"/><SP WIDTH="30" VPOS="1624" HPOS="1654"/>
							<String ID="string_143" HPOS="1684" VPOS="1612" WIDTH="11" HEIGHT="35" WC="0.93" CONTENT="i"/><SP WIDTH="30" VPOS="1612" HPOS="1695"/>
							<String ID="string_144" HPOS="1725" VPOS="1610" WIDTH="21" HEIGHT="50" WC="0.25" CONTENT="$"/><SP WIDTH="31" VPOS="1610" HPOS="1746"/>
							<String ID="string_145" HPOS="1777" VPOS="1613" WIDTH="46" HEIGHT="35" WC="0.95" CONTENT="63"/>
						</TextLine>
						<TextLine ID="line_17" HPOS="225" VPOS="1661" WIDTH="1598" HEIGHT="50">
							<String ID="string_146" HPOS="225" VPOS="1661" WIDTH="359" HEIGHT="49" WC="0.91" CONTENT="regeringsformen,"/><SP WIDTH="42" VPOS="1661" HPOS="584"/>
							<String ID="string_147" HPOS="626" VPOS="1665" WIDTH="17" HEIGHT="32" WC="0.91" CONTENT="å"/><SP WIDTH="36" VPOS="1665" HPOS="643"/>
							<String ID="string_148" HPOS="679" VPOS="1667" WIDTH="105" HEIGHT="30" WC="0.96" CONTENT="extra"/><SP WIDTH="41" VPOS="1667" HPOS="784"/>
							<String ID="string_149" HPOS="825" VPOS="1668" WIDTH="75" HEIGHT="30" WC="0.96" CONTENT="stat"/><SP WIDTH="41" VPOS="1668" HPOS="900"/>
							<String ID="string_150" HPOS="941" VPOS="1662" WIDTH="119" HEIGHT="37" WC="0.96" CONTENT="under"/><SP WIDTH="40" VPOS="1662" HPOS="1060"/>
							<String ID="string_151" HPOS="1100" VPOS="1662" WIDTH="121" HEIGHT="49" WC="0.93" CONTENT="fjärde"/><SP WIDTH="40" VPOS="1662" HPOS="1221"/>
							<String ID="string_152" HPOS="1261" VPOS="1663" WIDTH="240" HEIGHT="36" WC="0.92" CONTENT="huvudtiteln"/><SP WIDTH="42" VPOS="1663" HPOS="1501"/>
							<String ID="string_153" HPOS="1543" VPOS="1663" WIDTH="60" HEIGHT="36" WC="0.96" CONTENT="för"/><SP WIDTH="41" VPOS="1663" HPOS="1603"/>
							<String ID="string_154" HPOS="1644" VPOS="1667" WIDTH="40" HEIGHT="32" WC="0.96" CONTENT="år"/><SP WIDTH="44" VPOS="1667" HPOS="1684"/>
							<String ID="string_155" HPOS="1728" VPOS="1665" WIDTH="95" HEIGHT="35" WC="0.96" CONTENT="1916"/>
						</TextLine>
						<TextLine ID="line_18" HPOS="225" VPOS="1713" WIDTH="1599" HEIGHT="49">
							<String ID="string_156" HPOS="225" VPOS="1713" WIDTH="136" HEIGHT="48" WC="0.96" CONTENT="bevilja"/><SP WIDTH="42" VPOS="1713" HPOS="361"/>
							<String ID="string_157" HPOS="403" VPOS="1717" WIDTH="53" HEIGHT="32" WC="0.95" CONTENT="ett"/><SP WIDTH="41" VPOS="1717" HPOS="456"/>
							<String ID="string_158" HPOS="497" VPOS="1713" WIDTH="135" HEIGHT="49" WC="0.95" CONTENT="anslag"/><SP WIDTH="42" VPOS="1713" HPOS="632"/>
							<String ID="string_159" HPOS="674" VPOS="1727" WIDTH="46" HEIGHT="22" WC="0.87" CONTENT="av"/><SP WIDTH="43" VPOS="1727" HPOS="720"/>
							<String ID="string_160" HPOS="763" VPOS="1714" WIDTH="227" HEIGHT="46" WC="0.87" CONTENT="39,914,886"/><SP WIDTH="29" VPOS="1714" HPOS="990"/>
							<String ID="string_161" HPOS="1019" VPOS="1714" WIDTH="157" HEIGHT="45" WC="0.96" CONTENT="kronor;"/><SP WIDTH="30" VPOS="1714" HPOS="1176"/>
							<String ID="string_162" HPOS="1206" VPOS="1716" WIDTH="74" HEIGHT="35" WC="0.96" CONTENT="dels"/><SP WIDTH="29" VPOS="1716" HPOS="1280"/>
							<String ID="string_163" HPOS="1309" VPOS="1717" WIDTH="62" HEIGHT="34" WC="0.96" CONTENT="ock"/><SP WIDTH="27" VPOS="1717" HPOS="1371"/>
							<String ID="string_164" HPOS="1398" VPOS="1720" WIDTH="56" HEIGHT="31" WC="0.96" CONTENT="att"/><SP WIDTH="28" VPOS="1720" HPOS="1454"/>
							<String ID="string_165" HPOS="1482" VPOS="1715" WIDTH="58" HEIGHT="36" WC="0.97" CONTENT="för"/><SP WIDTH="27" VPOS="1715" HPOS="1540"/>
							<String ID="string_166" HPOS="1567" VPOS="1715" WIDTH="183" HEIGHT="36" WC="0.96" CONTENT="täckande"/><SP WIDTH="28" VPOS="1715" HPOS="1750"/>
							<String ID="string_167" HPOS="1778" VPOS="1729" WIDTH="46" HEIGHT="22" WC="0.95" CONTENT="av"/>
						</TextLine>
						<TextLine ID="line_19" HPOS="223" VPOS="1764" WIDTH="1600" HEIGHT="52">
							<String ID="string_168" HPOS="223" VPOS="1764" WIDTH="119" HEIGHT="37" WC="0.96" CONTENT="under"/><SP WIDTH="27" VPOS="1764" HPOS="342"/>
							<String ID="string_169" HPOS="369" VPOS="1767" WIDTH="41" HEIGHT="33" WC="0.95" CONTENT="år"/><SP WIDTH="30" VPOS="1767" HPOS="410"/>
							<String ID="string_170" HPOS="440" VPOS="1766" WIDTH="97" HEIGHT="35" WC="0.96" CONTENT="1914"/><SP WIDTH="29" VPOS="1766" HPOS="537"/>
							<String ID="string_171" HPOS="566" VPOS="1764" WIDTH="213" HEIGHT="50" WC="0.96" CONTENT="förskjutna"/><SP WIDTH="28" VPOS="1764" HPOS="779"/>
							<String ID="string_172" HPOS="807" VPOS="1765" WIDTH="214" HEIGHT="46" WC="0.96" CONTENT="kostnader,"/><SP WIDTH="28" VPOS="1765" HPOS="1021"/>
							<String ID="string_173" HPOS="1049" VPOS="1777" WIDTH="82" HEIGHT="25" WC="0.96" CONTENT="som"/><SP WIDTH="30" VPOS="1777" HPOS="1131"/>
							<String ID="string_174" HPOS="1161" VPOS="1778" WIDTH="106" HEIGHT="24" WC="0.96" CONTENT="avses"/><SP WIDTH="29" VPOS="1778" HPOS="1267"/>
							<String ID="string_175" HPOS="1296" VPOS="1767" WIDTH="11" HEIGHT="35" WC="0.93" CONTENT="i"/><SP WIDTH="28" VPOS="1767" HPOS="1307"/>
							<String ID="string_176" HPOS="1335" VPOS="1766" WIDTH="21" HEIGHT="50" WC="0.89" CONTENT="$"/><SP WIDTH="29" VPOS="1766" HPOS="1356"/>
							<String ID="string_177" HPOS="1385" VPOS="1768" WIDTH="47" HEIGHT="34" WC="0.95" CONTENT="63"/><SP WIDTH="29" VPOS="1768" HPOS="1432"/>
							<String ID="string_178" HPOS="1461" VPOS="1766" WIDTH="362" HEIGHT="49" WC="0.96" CONTENT="regeringsformen,"/>
						</TextLine>
						<TextLine ID="line_20" HPOS="224" VPOS="1817" WIDTH="1599" HEIGHT="50">
							<String ID="string_179" HPOS="224" VPOS="1819" WIDTH="20" HEIGHT="33" WC="0.92" CONTENT="å"/><SP WIDTH="28" VPOS="1819" HPOS="244"/>
							<String ID="string_180" HPOS="272" VPOS="1822" WIDTH="104" HEIGHT="31" WC="0.96" CONTENT="extra"/><SP WIDTH="37" VPOS="1822" HPOS="376"/>
							<String ID="string_181" HPOS="413" VPOS="1822" WIDTH="74" HEIGHT="30" WC="0.96" CONTENT="stat"/><SP WIDTH="39" VPOS="1822" HPOS="487"/>
							<String ID="string_182" HPOS="526" VPOS="1817" WIDTH="117" HEIGHT="36" WC="0.96" CONTENT="under"/><SP WIDTH="33" VPOS="1817" HPOS="643"/>
							<String ID="string_183" HPOS="676" VPOS="1817" WIDTH="114" HEIGHT="36" WC="0.93" CONTENT="femte"/><SP WIDTH="29" VPOS="1817" HPOS="790"/>
							<String ID="string_184" HPOS="819" VPOS="1817" WIDTH="235" HEIGHT="37" WC="0.91" CONTENT="huvudtiteln"/><SP WIDTH="30" VPOS="1817" HPOS="1054"/>
							<String ID="string_185" HPOS="1084" VPOS="1818" WIDTH="58" HEIGHT="35" WC="0.96" CONTENT="för"/><SP WIDTH="28" VPOS="1818" HPOS="1142"/>
							<String ID="string_186" HPOS="1170" VPOS="1820" WIDTH="40" HEIGHT="33" WC="0.96" CONTENT="år"/><SP WIDTH="32" VPOS="1820" HPOS="1210"/>
							<String ID="string_187" HPOS="1242" VPOS="1820" WIDTH="95" HEIGHT="34" WC="0.96" CONTENT="1916"/><SP WIDTH="30" VPOS="1820" HPOS="1337"/>
							<String ID="string_188" HPOS="1367" VPOS="1817" WIDTH="139" HEIGHT="50" WC="0.96" CONTENT="bevilja"/><SP WIDTH="28" VPOS="1817" HPOS="1506"/>
							<String ID="string_189" HPOS="1534" VPOS="1824" WIDTH="53" HEIGHT="31" WC="0.96" CONTENT="ett"/><SP WIDTH="28" VPOS="1824" HPOS="1587"/>
							<String ID="string_190" HPOS="1615" VPOS="1819" WIDTH="134" HEIGHT="47" WC="0.95" CONTENT="anslag"/><SP WIDTH="28" VPOS="1819" HPOS="1749"/>
							<String ID="string_191" HPOS="1777" VPOS="1832" WIDTH="46" HEIGHT="22" WC="0.96" CONTENT="av"/>
						</TextLine>
						<TextLine ID="line_21" HPOS="225" VPOS="1868" WIDTH="379" HEIGHT="47">
							<String ID="string_192" HPOS="225" VPOS="1869" WIDTH="200" HEIGHT="46" WC="0.90" CONTENT="6,106,277"/><SP WIDTH="31" VPOS="1869" HPOS="425"/>
							<String ID="string_193" HPOS="456" VPOS="1868" WIDTH="148" HEIGHT="36" WC="0.96" CONTENT="kronor."/>
						</TextLine>
					</TextBlock>
					<TextBlock ID="block_7" HPOS="222" VPOS="1936" WIDTH="1600" HEIGHT="102">
						<TextLine ID="line_22" HPOS="351" VPOS="1936" WIDTH="1471" HEIGHT="48">
							<String ID="string_194" HPOS="351" VPOS="1936" WIDTH="238" HEIGHT="38" WC="0.95" CONTENT="Beträffande"/><SP WIDTH="41" VPOS="1936" HPOS="589"/>
							<String ID="string_195" HPOS="630" VPOS="1937" WIDTH="256" HEIGHT="47" WC="0.96" CONTENT="utredningen"/><SP WIDTH="29" VPOS="1937" HPOS="886"/>
							<String ID="string_196" HPOS="915" VPOS="1938" WIDTH="10" HEIGHT="35" WC="0.89" CONTENT="i"/><SP WIDTH="29" VPOS="1938" HPOS="925"/>
							<String ID="string_197" HPOS="954" VPOS="1938" WIDTH="155" HEIGHT="36" WC="0.96" CONTENT="ärendet"/><SP WIDTH="44" VPOS="1938" HPOS="1109"/>
							<String ID="string_198" HPOS="1153" VPOS="1939" WIDTH="54" HEIGHT="35" WC="0.96" CONTENT="får"/><SP WIDTH="41" VPOS="1939" HPOS="1207"/>
							<String ID="string_199" HPOS="1248" VPOS="1939" WIDTH="182" HEIGHT="37" WC="0.93" CONTENT="utskottet"/><SP WIDTH="37" VPOS="1939" HPOS="1430"/>
							<String ID="string_200" HPOS="1467" VPOS="1939" WIDTH="158" HEIGHT="36" WC="0.95" CONTENT="hänvisa"/><SP WIDTH="28" VPOS="1939" HPOS="1625"/>
							<String ID="string_201" HPOS="1653" VPOS="1940" WIDTH="55" HEIGHT="35" WC="0.93" CONTENT="till"/><SP WIDTH="29" VPOS="1940" HPOS="1708"/>
							<String ID="string_202" HPOS="1737" VPOS="1939" WIDTH="85" HEIGHT="37" WC="0.93" CONTENT="åbe-"/>
						</TextLine>
						<TextLine ID="line_23" HPOS="222" VPOS="1989" WIDTH="590" HEIGHT="49">
							<String ID="string_203" HPOS="222" VPOS="1989" WIDTH="138" HEIGHT="49" WC="0.91" CONTENT="ropade"/><SP WIDTH="28" VPOS="1989" HPOS="360"/>
							<String ID="string_204" HPOS="388" VPOS="1989" WIDTH="424" HEIGHT="48" WC="0.91" CONTENT="statsrådsprotokollet."/>
						</TextLine>
					</TextBlock>
				</ComposedBlock>
				<ComposedBlock ID="cblock_6" HPOS="221" VPOS="2091" WIDTH="1602" HEIGHT="204">
					<TextBlock ID="block_8" HPOS="221" VPOS="2091" WIDTH="1602" HEIGHT="204">
						<TextLine ID="line_24" HPOS="352" VPOS="2091" WIDTH="1471" HEIGHT="52">
							<String ID="string_205" HPOS="352" VPOS="2091" WIDTH="205" HEIGHT="49" WC="0.95" CONTENT="Utskottet,"/><SP WIDTH="43" VPOS="2091" HPOS="557"/>
							<String ID="string_206" HPOS="600" VPOS="2106" WIDTH="80" HEIGHT="24" WC="0.95" CONTENT="som"/><SP WIDTH="41" VPOS="2106" HPOS="680"/>
							<String ID="string_207" HPOS="721" VPOS="2093" WIDTH="120" HEIGHT="36" WC="0.95" CONTENT="finner"/><SP WIDTH="41" VPOS="2093" HPOS="841"/>
							<String ID="string_208" HPOS="882" VPOS="2094" WIDTH="60" HEIGHT="48" WC="0.96" CONTENT="sig"/><SP WIDTH="28" VPOS="2094" HPOS="942"/>
							<String ID="string_209" HPOS="970" VPOS="2094" WIDTH="92" HEIGHT="36" WC="0.96" CONTENT="böra"/><SP WIDTH="30" VPOS="2094" HPOS="1062"/>
							<String ID="string_210" HPOS="1092" VPOS="2094" WIDTH="144" HEIGHT="36" WC="0.96" CONTENT="biträda"/><SP WIDTH="28" VPOS="2094" HPOS="1236"/>
							<String ID="string_211" HPOS="1264" VPOS="2093" WIDTH="144" HEIGHT="49" WC="0.54" CONTENT="Kungl."/><SP WIDTH="30" VPOS="2093" HPOS="1408"/>
							<String ID="string_212" HPOS="1438" VPOS="2094" WIDTH="127" HEIGHT="48" WC="0.96" CONTENT="Maj:ts"/><SP WIDTH="29" VPOS="2094" HPOS="1565"/>
							<String ID="string_213" HPOS="1594" VPOS="2093" WIDTH="145" HEIGHT="50" WC="0.96" CONTENT="förslag"/><SP WIDTH="29" VPOS="2093" HPOS="1739"/>
							<String ID="string_214" HPOS="1768" VPOS="2100" WIDTH="55" HEIGHT="31" WC="0.96" CONTENT="att"/>
						</TextLine>
						<TextLine ID="line_25" HPOS="222" VPOS="2143" WIDTH="1600" HEIGHT="51">
							<String ID="string_215" HPOS="222" VPOS="2144" WIDTH="134" HEIGHT="48" WC="0.94" CONTENT="anslag"/><SP WIDTH="40" VPOS="2144" HPOS="356"/>
							<String ID="string_216" HPOS="396" VPOS="2143" WIDTH="59" HEIGHT="37" WC="0.93" CONTENT="för"/><SP WIDTH="40" VPOS="2143" HPOS="455"/>
							<String ID="string_217" HPOS="495" VPOS="2144" WIDTH="214" HEIGHT="37" WC="0.91" CONTENT="ersättande"/><SP WIDTH="41" VPOS="2144" HPOS="709"/>
							<String ID="string_218" HPOS="750" VPOS="2158" WIDTH="47" HEIGHT="22" WC="0.96" CONTENT="av"/><SP WIDTH="41" VPOS="2158" HPOS="797"/>
							<String ID="string_219" HPOS="838" VPOS="2144" WIDTH="177" HEIGHT="50" WC="0.95" CONTENT="samtliga"/><SP WIDTH="42" VPOS="2144" HPOS="1015"/>
							<String ID="string_220" HPOS="1057" VPOS="2146" WIDTH="45" HEIGHT="35" WC="0.96" CONTENT="de"/><SP WIDTH="42" VPOS="2146" HPOS="1102"/>
							<String ID="string_221" HPOS="1144" VPOS="2145" WIDTH="214" HEIGHT="46" WC="0.96" CONTENT="kostnader,"/><SP WIDTH="38" VPOS="2145" HPOS="1358"/>
							<String ID="string_222" HPOS="1396" VPOS="2159" WIDTH="80" HEIGHT="23" WC="0.96" CONTENT="som"/><SP WIDTH="30" VPOS="2159" HPOS="1476"/>
							<String ID="string_223" HPOS="1506" VPOS="2146" WIDTH="120" HEIGHT="36" WC="0.96" CONTENT="under"/><SP WIDTH="27" VPOS="2146" HPOS="1626"/>
							<String ID="string_224" HPOS="1653" VPOS="2149" WIDTH="41" HEIGHT="34" WC="0.96" CONTENT="år"/><SP WIDTH="30" VPOS="2149" HPOS="1694"/>
							<String ID="string_225" HPOS="1724" VPOS="2148" WIDTH="98" HEIGHT="35" WC="0.96" CONTENT="1914"/>
						</TextLine>
						<TextLine ID="line_26" HPOS="221" VPOS="2196" WIDTH="1600" HEIGHT="51">
							<String ID="string_226" HPOS="221" VPOS="2197" WIDTH="172" HEIGHT="47" WC="0.96" CONTENT="uppstått"/><SP WIDTH="28" VPOS="2197" HPOS="393"/>
							<String ID="string_227" HPOS="421" VPOS="2196" WIDTH="59" HEIGHT="36" WC="0.96" CONTENT="för"/><SP WIDTH="27" VPOS="2196" HPOS="480"/>
							<String ID="string_228" HPOS="507" VPOS="2196" WIDTH="330" HEIGHT="50" WC="0.96" CONTENT="upprätthållande"/><SP WIDTH="28" VPOS="2196" HPOS="837"/>
							<String ID="string_229" HPOS="865" VPOS="2210" WIDTH="46" HEIGHT="23" WC="0.95" CONTENT="av"/><SP WIDTH="32" VPOS="2210" HPOS="911"/>
							<String ID="string_230" HPOS="943" VPOS="2197" WIDTH="117" HEIGHT="37" WC="0.95" CONTENT="rikets"/><SP WIDTH="28" VPOS="2197" HPOS="1060"/>
							<String ID="string_231" HPOS="1088" VPOS="2196" WIDTH="226" HEIGHT="48" WC="0.96" CONTENT="neutralitet,"/><SP WIDTH="29" VPOS="2196" HPOS="1314"/>
							<String ID="string_232" HPOS="1343" VPOS="2197" WIDTH="92" HEIGHT="37" WC="0.96" CONTENT="böra"/><SP WIDTH="26" VPOS="2197" HPOS="1435"/>
							<String ID="string_233" HPOS="1461" VPOS="2198" WIDTH="184" HEIGHT="49" WC="0.93" CONTENT="uppföras"/><SP WIDTH="29" VPOS="2198" HPOS="1645"/>
							<String ID="string_234" HPOS="1674" VPOS="2201" WIDTH="20" HEIGHT="33" WC="0.92" CONTENT="å"/><SP WIDTH="31" VPOS="2201" HPOS="1694"/>
							<String ID="string_235" HPOS="1725" VPOS="2199" WIDTH="96" HEIGHT="35" WC="0.96" CONTENT="1916"/>
						</TextLine>
						<TextLine ID="line_27" HPOS="223" VPOS="2247" WIDTH="511" HEIGHT="48">
							<String ID="string_236" HPOS="223" VPOS="2250" WIDTH="58" HEIGHT="33" WC="0.93" CONTENT="års"/><SP WIDTH="28" VPOS="2250" HPOS="281"/>
							<String ID="string_237" HPOS="309" VPOS="2247" WIDTH="169" HEIGHT="48" WC="0.92" CONTENT="riksstat,"/><SP WIDTH="31" VPOS="2247" HPOS="478"/>
							<String ID="string_238" HPOS="509" VPOS="2247" WIDTH="225" HEIGHT="47" WC="0.95" CONTENT="hemställer,"/>
						</TextLine>
					</TextBlock>
				</ComposedBlock>
			</PrintSpace>
		</Page>
	</Layout>
</alto>
