1886 2782
270 171 20 31 8
683 171 119 29 Andra
821 171 249 38 lagutskottets
1090 171 181 29 utlåtande
1290 180 45 20 nr
1353 172 30 28 4.

276 257 135 28 männa
430 256 224 39 flaggdagar>
679 256 66 29 den
766 255 18 30 6
804 255 80 39 juni
903 255 12 29 i
935 255 176 40 egenskap
1131 265 44 20 av
1194 255 156 30 Svenska
1371 255 161 39 flaggans
1554 256 67 38 dag
1643 255 65 30 och
1728 255 67 30 Ko-

275 313 163 32 nungens
456 306 207 38 namnsdag.
682 306 282 38 Förteckningen
982 306 81 29 över
1080 306 181 29 allmänna
1280 305 205 39 flaggdagar
1503 306 137 38 intages
1660 306 45 39 på
1723 306 71 29 för-

279 357 75 38 slag
380 366 43 21 av
447 356 214 40 bestyrelsen
686 357 56 29 för
768 357 158 30 Svenska
950 356 161 39 flaggans
1137 357 67 38 dag
1229 357 89 29 efter
1344 357 451 39 Vetenskapsakademiens

277 406 266 29 bestämmande
567 406 11 29 i
605 406 247 30 almanackan.

322 489 14 29 I
369 489 170 30 samband
571 490 80 29 med
684 491 51 28 att
766 490 41 29 de
838 489 396 40 helgdagssakkunniga
1267 489 100 30 sökte
1400 490 102 29 finna
1534 489 169 40 lämpliga
1733 499 61 20 an-

279 540 350 40 knytningspunkter
657 541 55 29 för
738 541 41 30 de
807 550 70 30 nya
904 540 260 40 högtidsdagar,
1193 550 74 21 som
1296 541 194 39 föreslogos
1519 541 100 30 skola
1645 541 150 30 inrättas

274 590 115 29 under
411 590 135 34 hösten,
568 590 148 30 anförde
739 590 42 29 de
802 590 241 39 sakkunniga:

322 648 15 29 I
360 649 68 28 den
450 649 148 38 tidigare
620 648 165 30 debatten
809 648 152 30 rörande
984 657 68 30 nya
1075 649 189 38 helgdagar
1287 649 65 28 har
1377 649 188 29 emellanåt
1589 649 205 38 ifrågasatts

274 690 355 39 högtidlighållandet
651 699 44 20 av
717 690 106 39 något
845 690 186 32 historiskt
1054 690 131 31 minne.
1210 691 49 28 De
1284 691 226 38 sakkunniga
1532 691 87 38 vilja
1642 691 153 29 bestämt

276 732 133 30 avråda
435 732 172 30 härifrån.
636 732 42 29 Vi
704 732 47 29 ha
778 732 77 30 icke
882 732 136 39 lyckats
1047 732 111 39 skapa
1186 732 115 39 någon
1330 733 228 39 nationaldag
1586 743 44 20 av
1658 742 138 21 samma

276 774 77 39 slag
375 783 76 20 som
471 775 259 28 norrmännens
755 774 37 29 17
816 774 71 39 maj
914 774 83 29 eller
1018 774 185 30 Amerikas
1225 774 19 29 4
1265 774 78 39 juli.
1367 775 93 29 Våra
1483 776 95 29 stora
1601 775 195 29 historiska

275 816 149 29 minnen
443 816 92 38 ligga
555 816 55 29 för
632 816 96 38 långt
747 816 150 29 tillbaka
914 816 12 28 i
946 816 97 29 tiden
1063 816 65 29 och
1150 817 64 38 äga
1232 817 78 28 icke
1332 817 69 30 den
1421 817 115 29 direkt
1557 817 158 30 aktuella
1735 826 60 21 an-

274 858 179 38 knytning
472 858 53 28 till
545 858 62 29 vår
628 858 62 34 tid,
713 866 75 22 som
809 858 72 29 kan
902 858 232 38 levandegöra
1155 859 89 29 dem.
1266 859 59 31 Ett
1347 858 116 30 beslut
1485 868 43 21 av
1550 860 245 29 statsmakter-

275 909 48 20 na
344 908 57 21 om
425 900 154 29 firandet
601 909 44 20 av
666 901 48 27 ett
733 899 88 30 visst
843 899 186 30 historiskt
1051 900 121 30 minne
1194 900 46 39 på
1261 910 44 20 en
1326 900 162 30 bestämd
1510 901 68 39 dag
1600 902 47 38 på
1668 902 127 29 hösten

277 941 115 30 skulle
413 942 78 28 med
513 942 46 28 all
582 942 164 28 säkerhet
768 941 37 31 få
827 941 107 39 något
955 942 157 29 konstlat
1133 942 65 30 och
1221 945 205 36 arrangerat
1449 943 81 30 över
1555 943 61 39 sig,
1639 944 66 29 och
1727 944 69 29 den

275 983 154 31 avsedda
454 983 145 29 solenna
623 983 224 39 stämningen
874 983 112 29 skulle
1012 983 179 31 sannolikt
1216 984 113 39 aldrig
1353 985 149 39 uppnås.

320 1050 207 30 Införandet
556 1059 44 20 av
627 1059 44 20 en
702 1051 129 28 svensk
860 1050 227 40 nationaldag
1117 1050 145 40 började
1292 1053 52 28 att
1374 1052 46 39 på
1451 1052 110 30 allvar
1591 1052 204 30 diskuteras

275 1100 115 29 under
410 1109 121 20 senare
550 1100 102 29 delen
672 1109 43 22 av
735 1100 197 30 1800-talet.
955 1101 48 29 På
1023 1101 129 29 enskilt
1174 1101 153 31 initiativ
1347 1102 158 30 bildades
1527 1103 39 29 år
1590 1103 84 29 1916
1698 1104 97 38 »Sty-

274 1150 117 29 relsen
415 1150 54 29 för
492 1151 157 29 Svenska
672 1151 172 38 Flaggans
869 1151 99 39 dag»,
992 1160 150 21 numera
1166 1152 242 39 »Bestyrelsen
1433 1152 55 30 för
1514 1153 157 30 Svenska
1695 1153 100 39 Flag-

274 1208 89 31 gans
378 1201 99 38 dag>,
494 1200 119 30 vilken
629 1201 65 29 har
711 1201 53 29 till
779 1201 141 39 uppgift
940 1203 70 28 »att
1035 1202 4 28 i
1057 1202 240 31 samförstånd
1316 1203 80 29 med
1414 1203 262 30 vederbörande
1695 1213 99 30 myn-

273 1251 161 38 digheter
451 1251 65 29 och
534 1251 114 29 under
664 1251 258 30 allmänhetens
940 1252 215 30 medverkan
1173 1253 110 29 väcka
1301 1254 62 29 allt
1383 1254 111 30 större
1513 1254 125 29 kärlek
1656 1254 53 29 till
1728 1254 66 30 och

276 1302 151 39 aktning
448 1302 56 30 för
526 1303 150 29 svenska
699 1302 142 40 flaggan
865 1306 91 27 samt
979 1304 120 39 sprida
1120 1304 215 40 upplysning
1358 1314 58 20 om
1439 1306 79 29 dess
1540 1305 178 40 betydelse
1743 1307 52 29 så-

274 1360 79 20 som
378 1351 250 31 fosterlandets
651 1352 169 38 symbol».
846 1352 94 29 Från
967 1352 83 30 1916
1075 1353 66 29 har
1165 1353 111 39 dagen
1301 1354 104 29 firats
1430 1353 11 29 i
1466 1354 89 30 efter
1579 1355 97 29 hand
1701 1356 92 29 ökad

273 1400 217 40 omfattning
509 1402 80 29 med
607 1402 219 39 festligheter
844 1402 20 30 å
882 1402 153 31 flertalet
1055 1404 112 29 större
1187 1405 93 29 orter
1297 1404 12 29 i
1327 1404 130 30 landet.
1478 1405 121 38 Dagen
1617 1405 177 39 anknyter

273 1450 130 30 främst
426 1452 54 28 till
502 1452 59 30 två
583 1452 194 30 historiska
799 1453 234 39 tilldragelser
1056 1463 44 20 av
1123 1455 73 28 stor
1220 1454 187 39 betydelse,
1432 1455 179 39 nämligen
1634 1456 93 29 valet
1749 1466 45 21 av

274 1501 135 30 Gustav
431 1502 92 29 Vasa
545 1502 54 29 till
621 1502 157 39 Sveriges
801 1503 147 39 konung
970 1504 67 29 den
1061 1504 19 29 6
1102 1504 80 39 juni
1209 1504 82 30 1523
1316 1505 66 30 och
1406 1505 230 30 utfärdandet
1658 1516 44 20 av
1724 1507 70 39 gäl-

273 1551 106 30 lande
399 1552 275 39 regeringsform
694 1553 68 29 den
781 1553 19 29 6
818 1553 82 39 juni
921 1553 94 30 1809.

316 1635 140 40 Frågan
477 1645 56 20 om
556 1646 44 20 en
620 1638 130 29 svensk
772 1638 228 40 nationaldag
1020 1638 238 31 behandlades
1281 1649 45 21 av
1348 1640 85 30 1948
1454 1640 57 30 års
1533 1640 155 40 riksdag.
1711 1641 14 30 I
1748 1650 44 21 en

270 1685 100 30 inom
398 1687 111 29 andra
537 1687 209 30 kammaren
773 1688 105 30 väckt
903 1689 146 34 motion,
1077 1698 43 21 nr
1147 1689 74 35 208,
1248 1690 134 39 yrkade
1409 1690 58 30 fru
1496 1691 193 39 Nordgren,
1720 1693 73 28 >»att

272 1735 192 40 riksdagen
489 1736 110 30 måtte
625 1737 12 28 i
665 1737 167 31 skrivelse
859 1738 54 29 till
939 1739 126 39 Kungl.
1092 1739 108 39 Maj:t
1227 1740 197 35 hemställa,
1452 1743 51 28 att
1530 1742 128 39 Kungl.
1685 1743 107 39 Maj:t

272 1786 112 30 måtte
405 1786 72 30 låta
496 1788 125 29 utreda
645 1788 125 39 frågan
792 1797 58 21 om
871 1788 205 31 införandet
1097 1798 44 22 av
1163 1799 43 20 en
1228 1791 151 30 svenska
1400 1791 130 30 folkets
1554 1793 238 39 nationaldag,

271 1837 82 29 med
368 1836 197 31 beaktande
579 1847 45 20 av
637 1838 42 29 de
692 1838 12 29 i
717 1839 182 29 motionen
913 1839 199 31 framförda
1129 1841 278 38 synpunkterna,
1426 1844 92 28 samt
1532 1842 56 31 för
1602 1843 191 40 riksdagen

268 1886 200 40 framlägga
487 1888 41 29 de
546 1887 143 40 förslag,
707 1889 119 29 vartill
846 1889 236 40 utredningen
1100 1890 72 30 kan
1191 1891 216 30 föranleda».
1428 1892 13 29 I
1461 1893 181 30 motionen
1661 1894 131 39 ifråga-

270 1938 121 33 sattes,
412 1937 177 31 huruvida
607 1938 78 30 icke
707 1939 97 29 tiden
824 1949 82 20 vore
927 1940 83 29 inne
1029 1941 53 29 att
1104 1941 84 38 göra
1208 1941 67 30 den
1296 1942 19 30 6
1335 1942 91 39 juni,
1448 1943 157 31 Svenska
1628 1944 161 40 flaggans

269 1987 79 39 dag,
367 1988 54 29 till
437 1988 62 30 vår
514 1988 238 40 nationaldag.

313 2037 180 31 Motionen
513 2038 238 31 behandlades
771 2049 43 21 av
832 2040 114 30 första
964 2041 241 39 lagutskottet,
1226 2051 75 21 som
1322 2043 10 30 i
1353 2043 61 30 sitt
1434 2053 44 21 av
1496 2045 190 39 riksdagen
1708 2046 82 39 god-

271 2087 122 30 kända
412 2088 183 31 utlåtande
615 2099 43 20 nr
679 2089 39 30 31
741 2090 150 30 anförde
911 2090 107 31 bland
1038 2094 125 28 annat:

316 2146 15 28 I
359 2146 153 31 flertalet
537 2148 124 29 länder
688 2148 87 30 firas
802 2158 44 20 en
872 2149 160 31 bestämd
1060 2151 68 38 dag
1154 2151 117 30 såsom
1297 2152 138 30 landets
1461 2153 230 41 nationaldag
1716 2155 76 31 ofta

269 2188 55 29 till
345 2189 194 30 åminnelse
558 2200 44 20 av
619 2191 116 39 någon
752 2191 11 29 i
782 2191 139 30 landets
942 2192 148 31 historia
1109 2193 246 39 betydelsefull
1375 2195 180 31 händelse.
1577 2198 12 28 I
1609 2198 78 29 vårt
1706 2197 85 30 land

269 2230 67 30 har
363 2231 39 29 så
428 2232 223 39 småningom
677 2234 67 29 den
771 2233 19 30 6
816 2233 81 39 juni
924 2235 112 29 under
1061 2235 260 40 benämningen
1349 2237 156 31 Svenska
1533 2238 162 39 flaggans
1723 2240 68 39 dag

268 2272 154 30 kommit
447 2275 51 28 att
520 2274 122 39 intaga
666 2284 42 20 en
732 2274 169 31 liknande
928 2277 177 38 ställning.
1131 2278 260 40 Anslutningen
1416 2280 53 29 till
1493 2280 132 39 dagens
1649 2282 141 30 firande

268 2314 84 30 från
376 2315 258 31 allmänhetens
660 2318 77 29 sida
762 2318 65 29 har
853 2319 113 29 under
994 2328 123 21 senare
1144 2320 38 30 år
1208 2320 99 31 blivit
1333 2321 63 30 allt
1425 2322 122 31 större.
1576 2322 121 41 Dagen
1723 2324 67 29 har

268 2357 93 29 dock
385 2358 96 29 ännu
502 2358 77 29 icke
603 2359 102 38 givits
729 2359 141 30 formell
893 2361 168 39 ställning
1085 2371 44 21 av
1151 2363 237 39 nationaldag.
1415 2365 221 31 Motionären
1660 2366 129 39 ifråga-

269 2399 121 34 sätter,
410 2409 57 20 om
486 2400 214 39 tidpunkten
718 2402 78 29 icke
815 2411 49 20 nu
885 2403 39 29 är
942 2403 82 29 inne
1043 2405 51 28 att
1114 2404 83 38 göra
1216 2406 112 38 dagen
1349 2406 53 29 till
1423 2407 134 30 allmän
1577 2408 126 39 fridag.

315 2441 123 30 Såsom
464 2442 157 39 framgår
649 2453 43 20 av
717 2444 181 30 motionen
924 2445 65 29 har
1015 2446 291 38 genomförandet
1332 2457 43 21 av
1401 2457 44 21 en
1473 2449 315 35 kalenderreform,

269 2492 58 20 om
354 2484 44 29 än
425 2493 42 21 av
489 2484 196 39 begränsad
711 2486 225 40 omfattning,
961 2488 45 39 på
1029 2488 207 39 riksdagens
1263 2489 154 39 begäran
1441 2491 91 30 varit
1556 2492 150 31 föremål
1733 2493 56 30 för
