1880 2810
75 680 128 23 Utskottet.

263 133 39 31 22
724 139 264 30 Statsutskottets
1011 141 165 28 utlåtande
1199 151 38 18 nr
1270 143 27 27 4.

262 215 228 32 innevarande
518 217 166 41 budgetår
711 229 40 19 av
779 218 41 31 de
848 219 391 43 dagskostnadsbelopp,
1270 232 72 20 som
1371 221 91 41 ligga
1489 222 52 31 till
1568 223 111 40 grund
1706 224 52 31 för

263 268 289 42 uppskattningen
580 280 40 20 av
647 269 279 33 medelsbehovet
954 271 109 31 under
1089 272 219 31 förevarande
1337 273 128 41 anslag.

314 319 51 31 Då
393 320 58 31 det
479 320 72 31 icke
580 323 97 39 synts
706 321 141 41 möjligt,
877 325 51 28 att
956 323 71 31 helt
1049 323 153 31 bestrida
1220 324 230 31 kostnaderna
1477 325 52 31 för
1546 326 216 42 anskaffning

263 371 63 30 och
353 371 180 32 underhåll
561 383 39 20 av
628 373 267 32 musikmateriel
923 374 74 31 från
1025 378 133 28 arméns
1183 376 207 39 musikfond,
1412 377 62 30 har
1493 377 266 41 departements-

263 422 117 31 chefen
408 423 153 32 förordat
588 426 49 29 att
664 424 123 42 bidrag
813 425 115 31 därtill
957 429 97 39 utgår
1080 427 72 31 från
1182 428 220 31 förevarande
1430 429 128 41 anslag.
1597 430 163 42 Bidraget

262 474 11 30 i
300 474 91 41 fråga
418 475 63 31 har
507 475 181 32 beräknats
720 477 53 30 till
803 477 44 31 25
866 478 73 31 000
968 478 134 31 kronor.
1159 479 49 30 På
1227 480 110 40 grund
1355 480 104 31 härav
1478 481 142 31 föreslås
1635 484 50 28 att
1704 493 54 20 an-

263 525 123 42 slagets
423 527 204 41 beteckning
658 528 125 32 ändras
819 529 52 31 till
908 529 140 32 Armén:
1087 531 146 31 Kasern-
1263 531 62 31 och
1353 532 406 42 förplägnadsutredning

260 588 42 20 m.
333 589 41 20 m.

313 680 180 32 Utskottet
520 681 107 31 finner
655 681 54 42 sig
735 682 114 31 kunna
877 683 182 42 tillstyrka,
1088 686 49 28 att
1166 686 49 29 ett
1243 684 119 42 bidrag
1390 697 40 19 av
1460 686 45 30 25
1524 686 71 31 000
1629 687 127 31 kronor

260 731 52 30 för
337 731 221 32 bestridande
585 744 40 20 av
653 733 185 32 kostnader
865 735 53 31 för
945 735 214 41 anskaffning
1187 736 64 31 och
1279 737 179 31 underhåll
1483 748 39 20 av
1541 738 215 32 musikmate-

259 783 61 31 riel
356 784 137 31 anvisas
529 785 72 30 från
638 785 219 31 förevarande
895 787 129 41 anslag,
1053 787 104 31 vilket
1185 788 192 31 föranleder
1405 789 129 31 ändrad
1562 790 193 41 anslagsbe-

260 835 168 41 teckning.
486 836 53 31 Då
575 837 294 41 uppskattningen
907 849 41 20 av
984 839 278 31 medelsbehovet
1289 840 11 31 i
1328 840 111 42 övrigt
1466 841 109 31 under
1602 842 154 41 anslaget

259 886 72 32 icke
358 887 84 41 givit
472 888 167 31 utskottet
667 889 186 42 anledning
881 890 52 31 till
963 890 142 38 erinran,
1136 891 198 32 hemställer
1362 892 179 38 utskottet,

575 970 49 29 att
651 969 183 41 riksdagen
868 972 55 29 må
950 970 53 31 till
1026 971 137 31 Armén:
1189 971 141 32 Kasern-
1353 972 54 31 och
1432 972 324 41 förplägnadsutred-

523 1019 77 40 ning
624 1030 39 20 m.
688 1030 38 20 m.
751 1020 52 31 för
825 1020 204 42 budgetåret
1055 1022 135 39 1944/45
1206 1022 118 31 anvisa
1340 1024 49 29 ett
1404 1023 352 42 reservationsanslag

525 1080 39 20 av
587 1070 93 31 2225
692 1070 63 31 000
778 1070 134 32 kronor.

308 1178 82 41 30:0)
413 1178 126 32 Armén:
562 1180 194 39 Anskaffning
781 1189 35 22 av
839 1182 347 31 intendenturmateriel.
1232 1182 125 41 Kungl.
1375 1183 99 41 Maj:t
1496 1183 61 31 har
1579 1184 176 42 föreslagit

255 1228 183 41 riksdagen
462 1229 120 41 (punkt
604 1230 50 38 32,
679 1230 64 31 sid.
769 1231 134 41 78—981)
926 1234 51 28 att
999 1231 53 32 till
1068 1232 140 31 Armén:
1226 1233 229 41 Anskaffning
1470 1245 40 20 av
1522 1234 234 32 intendentur-

256 1279 152 31 materiel
442 1280 54 30 för
528 1280 203 41 budgetåret
766 1281 136 40 1944/45
936 1282 117 31 anvisa
1080 1285 48 28 ett
1151 1283 352 42 reservationsanslag
1525 1296 40 19 av
1587 1285 94 31 3000
1693 1286 62 31 000

255 1329 133 32 kronor.

306 1423 167 41 Anslaget
496 1425 36 30 är
554 1424 51 31 för
627 1424 231 32 innevarande
880 1425 169 41 budgetår
1072 1426 141 41 uppfört
1235 1427 77 31 med
1335 1427 19 31 3
1366 1427 64 32 000
1441 1428 62 31 000
1518 1428 135 32 kronor.

307 1473 110 32 Såvitt
440 1474 145 42 anginge
607 1494 41 2 —
670 1475 149 31 förutom
836 1487 47 19 nu
898 1476 255 41 ifrågavarande
1169 1477 120 41 anslag
1308 1495 39 4 —
1364 1478 163 41 anslagen
1544 1479 52 31 till
1612 1479 142 32 anskaff-

255 1524 80 40 ning
364 1535 41 20 av
435 1525 213 40 tygmateriel
675 1525 54 32 för
757 1528 124 30 armén,
906 1526 55 31 till
994 1527 328 41 fartygsbyggnader
1354 1528 54 31 för
1439 1529 130 38 flottan,
1604 1529 54 31 till
1691 1530 62 31 för-

255 1574 175 42 stärkning
464 1586 41 20 av
533 1575 400 38 kustartilleriförsvaret,
958 1577 53 31 till
1041 1577 216 42 anskaffning
1279 1589 39 20 av
1340 1578 224 41 flygmateriel
1588 1582 89 29 samt
1700 1580 54 31 till

254 1625 370 41 engångsanskaffning
657 1637 40 20 av
731 1627 227 32 ammunition
992 1627 52 31 för
1066 1630 115 29 armén
1205 1628 63 31 och
1291 1628 196 42 flygvapnet
1509 1629 61 31 har
1595 1631 80 30 1942
1698 1632 55 30 års

253 1675 138 42 riksdag
405 1676 152 41 godkänt
569 1676 64 31 den
647 1677 298 41 anslagstekniska
962 1678 245 41 anordningen,
1224 1680 49 30 att
1286 1679 468 42 anskaffningskostnaderna

253 1725 96 32 skola
377 1726 173 32 bestridas
573 1727 73 31 från
669 1728 353 42 reservationsanslag
1043 1747 40 3 —
1106 1740 25 20 s.
1155 1729 30 31 k.
1211 1729 202 41 kvotanslag
1435 1748 41 4 —
1499 1732 37 30 så
1558 1730 194 33 beräknade

253 1778 49 29 att
334 1776 42 31 de
399 1777 54 31 för
475 1777 76 31 hela
573 1778 167 41 perioden
763 1781 114 39 uppgå
899 1779 55 31 till
977 1781 49 29 ett
1049 1781 71 29 mot
1143 1779 106 42 sagda
1271 1780 187 31 kostnader
1481 1781 164 32 svarande
1669 1793 83 20 sam-

254 1827 149 41 manlagt
425 1827 129 41 belopp
577 1839 77 20 men
677 1828 54 32 för
752 1831 73 29 vart
847 1829 65 31 och
936 1831 50 30 ett
1009 1841 38 19 av
1070 1829 41 32 de
1135 1830 11 30 i
1162 1830 166 41 perioden
1344 1830 169 42 ingående
1529 1832 66 30 fem
1612 1831 140 42 budget-

252 1878 79 30 åren
364 1877 208 32 bestämmes
606 1878 53 32 till
693 1890 43 20 en
768 1879 163 32 femtedel
964 1891 40 20 av
1038 1880 103 41 sagda
1168 1881 128 41 belopp
1319 1899 40 4 —
1383 1881 85 31 eller
1490 1881 53 31 till
1566 1882 58 31 det
1646 1882 105 41 högre

252 1927 82 31 eller
355 1928 93 41 lägre
471 1928 136 42 belopp,
632 1940 74 20 som
732 1930 168 31 erfordras
924 1930 53 31 för
999 1933 49 28 att
1070 1933 80 29 ernå
1174 1942 42 20 en
1239 1931 91 40 jämn
1353 1931 195 41 fördelning
1571 1934 80 29 över
1673 1933 78 31 fem-

251 1978 222 40 årsperioden
506 1990 40 20 av
578 1979 384 33 försvarskostnaderna
984 1999 40 4 —
1046 1981 77 31 med
1153 1983 69 29 rätt
1245 1983 51 30 för
1318 1982 126 41 Kungl.
1469 1982 98 41 Maj:t
1589 1985 50 29 att
1662 1983 89 31 med-

249 2028 77 40 giva
357 2029 183 41 anslagens
574 2030 264 32 överskridande
871 2031 95 31 inom
1000 2042 114 20 ramen
1147 2031 54 32 för
1223 2032 43 31 de
1289 2043 40 20 av
1350 2032 183 42 riksdagen
1556 2033 194 32 fastställda

251 2078 104 32 totala
387 2078 351 43 kostnadsbeloppen.
783 2081 52 31 De
869 2081 290 32 överskridanden
1194 2082 84 31 eller
1309 2082 233 42 besparingar,
1570 2094 73 21 som
1667 2095 82 30 upp-

249 2128 135 32 komma
406 2131 44 39 på
474 2130 170 41 anslagen,
668 2131 136 31 komma
826 2131 101 31 alltså
949 2131 58 31 vid
1029 2131 184 41 periodens
1237 2133 70 30 slut
1329 2135 50 29 att
1402 2135 156 40 motväga
1573 2134 174 31 varandra.

301 2179 19 31 I
352 2179 42 32 de
428 2180 405 43 kostnadsberäkningar,
868 2193 75 20 som
977 2182 76 41 lågo
1087 2182 53 31 till
1175 2183 111 40 grund
1318 2183 53 31 för
1406 2184 81 31 1942
1510 2185 54 30 års
1585 2184 162 32 försvars-

250 2229 122 38 beslut,
396 2230 213 32 beräknades
636 2231 231 32 kostnaderna
889 2232 54 32 för
965 2233 91 31 vissa
1079 2233 410 41 engångsanskaffningar
1510 2245 40 20 av
1572 2234 176 32 intenden-

248 2281 211 31 turmateriel
496 2282 108 31 under
626 2282 293 41 femårsperioden
945 2284 133 38 1942/47
1103 2283 53 32 till
1179 2285 41 30 48
1233 2284 136 32 500000
1400 2284 136 33 kronor.
1580 2285 52 31 Av
1655 2285 94 31 detta

247 2330 127 42 belopp
407 2331 141 42 belöpte
580 2332 189 33 33480000
800 2333 127 32 kronor
961 2335 19 30 å
1014 2334 104 31 sådan
1153 2334 164 38 materiel,
1349 2346 73 21 som
1459 2335 214 32 erfordrades
1696 2336 53 31 för

246 2381 166 41 fyllandet
435 2394 40 20 av
501 2383 145 31 behovet
673 2394 42 21 av
740 2384 456 42 mobiliseringsutrustning
1229 2385 64 31 och
1316 2396 73 21 som
1413 2385 158 32 bestritts
1593 2386 79 31 med
1695 2397 53 20 an-

246 2431 128 32 litande
407 2443 42 21 av
482 2433 111 31 medel
621 2433 74 32 från
730 2436 49 29 ett
811 2435 52 31 för
891 2434 204 42 budgetåret
1131 2434 137 33 1941/42
1290 2436 134 32 anvisat
1449 2436 296 41 förskottsanslag.
