1884 2810
72 638 131 23 Utskottet.

73 2245 132 22 Utskottet.

260 159 41 30 64
728 162 262 28 Statsutskottets
1013 162 168 27 utlåtande
1204 170 37 19 nr
1264 163 28 27 4.

259 234 59 31 247
332 234 64 32 000
411 234 125 32 kronor
551 235 53 31 för
619 234 223 32 bestridande
859 246 40 20 av
915 235 232 31 kostnaderna
1162 235 53 31 för
1231 234 66 32 den
1314 246 143 20 numera
1472 235 171 31 beställda
1658 235 107 32 radio-

259 284 165 39 materiel,
448 285 52 31 för
521 285 114 31 vilken
659 285 362 41 marinförvaltningen
1044 285 76 31 icke
1143 285 65 31 kan
1240 285 188 41 disponera
1453 285 107 31 andra
1585 286 54 30 för
1665 288 101 29 mate-

259 335 281 41 rielanskaffning
562 335 53 31 till
639 335 199 42 förfogande
862 335 141 32 stående
1026 335 123 32 medel.

310 385 392 42 Departementsehefen
729 386 61 31 har
812 386 54 31 för
889 397 84 30 egen
996 386 56 31 del
1074 386 116 31 funnit
1213 386 52 41 sig
1288 386 85 31 böra
1395 386 134 37 föreslå,
1555 388 50 29 att
1627 388 50 29 ett
1699 388 66 30 sär-

259 435 81 32 skilt
374 436 352 41 reservationsanslag
758 436 137 32 anvisas
917 437 53 31 för
1000 436 204 39 ändamålet,
1228 436 65 32 och
1316 436 63 31 har
1400 436 12 31 i
1436 436 167 32 samband
1625 437 141 31 härmed

257 486 197 39 framhållit,
487 488 50 30 att
566 486 43 31 då
632 486 283 32 medelsbehovet
936 487 122 31 hänför
1080 486 54 41 sig
1156 486 53 31 till
1232 497 42 21 en
1297 486 73 32 före
1393 486 302 32 försvarsbeslutet
1717 489 48 29 ut-

258 537 79 42 lagd
360 537 218 41 beställning,
603 537 154 41 anslaget
778 537 75 32 icke
876 537 64 32 bör
961 537 161 31 inräknas
1145 537 12 31 1
1177 537 322 32 försvarsbeslutets
1515 536 249 33 kostnadsram.

311 631 50 30 På
383 641 41 21 av
446 630 378 41 departementschefen
847 630 142 31 anförda
1012 629 74 32 skäl
1101 630 111 31 finner
1232 629 53 41 sig
1300 630 170 31 utskottet
1484 630 85 32 böra
1584 630 181 41 tillstyrka,

258 683 49 29 att
341 681 54 31 för
427 680 60 32 här
518 680 255 41 ifrågavarande
796 680 159 31 ändamål
978 680 165 41 uppföres
1168 682 48 29 ett
1239 680 141 31 särskilt
1403 680 360 42 reservationsanslag.

258 731 77 31 Mot
368 731 67 31 den
467 730 192 41 föreslagna
691 730 358 41 medelsanvisningen
1082 730 62 31 har
1178 730 170 31 utskottet
1382 730 72 31 icke
1488 730 75 31 haft
1590 732 103 39 något
1715 733 50 29 att

259 781 121 31 erinra.

311 831 181 32 Utskottet
514 831 207 37 hemställer,

579 909 50 29 att
662 907 182 42 riksdagen
868 909 54 29 må
945 907 52 31 till
1019 906 177 32 Marinen:
1220 907 221 41 Anskaffning
1465 919 39 20 av
1525 908 240 31 radiomateriel

526 959 53 30 för
601 958 204 41 budgetåret
830 958 136 38 1944/45
993 957 118 32 anvisa
1134 959 49 30 ett
1205 957 353 41 reservationsanslag
1574 969 40 20 av
1634 959 56 30 247
1709 953 60 50 000

527 1009 136 31 kronor.

310 1119 88 41 91:0)
437 1120 149 31 Marinen:
632 1120 87 30 Vissa
747 1119 255 31 materielförsök.
1026 1118 128 41 Kungl.
1178 1118 98 41 Maj:t
1298 1118 63 32 har
1383 1118 177 41 föreslagit
1582 1118 181 42 riksdagen

258 1169 123 42 (punkt
403 1170 49 37 95,
477 1180 24 20 s.
528 1169 59 32 199
618 1169 65 31 och
707 1168 70 41 200)
800 1171 51 29 att
873 1168 54 32 till
948 1168 169 32 Marinen:
1141 1168 103 32 Vissa
1265 1169 276 31 materielförsök
1557 1169 53 31 för
1625 1168 140 42 budget-

258 1222 72 29 året
356 1219 136 40 1944/45
514 1219 119 32 anvisa
656 1221 48 30 ett
726 1219 353 40 reservationsanslag
1101 1229 41 20 av
1164 1218 62 32 345
1237 1219 63 31 000
1322 1219 136 31 kronor.

311 1322 107 31 Detta
439 1322 118 40 anslag
579 1323 37 29 är
639 1322 52 30 för
713 1321 229 32 innevarande
965 1320 169 42 budgetår
1156 1320 142 42 uppfört
1313 1320 79 32 med
1408 1321 59 31 420
1485 1316 57 50 000
1558 1321 126 32 kronor
1701 1321 64 32 och

258 1373 207 41 disponeras
487 1372 108 41 enligt
618 1383 39 20 av
680 1372 125 41 Kungl.
829 1372 99 41 Maj:t
951 1371 65 32 den
1040 1372 41 31 30
1101 1371 76 41 juni
1195 1371 79 31 1943
1290 1371 174 32 meddelat
1478 1371 126 32 beslut.
1649 1372 19 31 TI
1685 1373 80 31 1942

259 1425 55 30 års
348 1422 268 32 försvarsbeslut
647 1422 60 31 har
729 1422 52 31 för
803 1421 195 32 ändamålet
1020 1421 184 32 beräknats
1228 1423 50 30 ett
1300 1421 103 41 årligt
1425 1422 120 41 anslag
1567 1433 41 20 av
1630 1423 62 32 433
1703 1423 63 32 000

257 1474 129 31 kronor
419 1473 107 31 under
559 1471 414 43 uppsättningsperioden
1007 1472 64 31 och
1105 1483 41 20 av
1176 1472 136 31 400000
1335 1472 127 31 kronor
1483 1472 58 32 vid
1564 1473 201 41 genomförd

259 1523 243 42 organisation.

310 1574 71 32 För
402 1575 98 30 nästa
522 1573 169 41 budgetår
713 1573 61 31 har
795 1573 289 41 anslagsbehovet
1106 1572 185 32 beräknats
1315 1572 158 32 sålunda:

259 1634 26 30 1.
311 1632 113 42 Skjut-
447 1632 62 31 och
532 1632 275 32 materielförsök
830 1633 89 30 samt
941 1631 217 42 inskjutning
1180 1642 40 20 av
1242 1631 153 31 kanoner
1411 1658 20 4 ..
1460 1631 126 32 kronor
1651 1632 36 31 60
1705 1627 65 51 000

259 1684 27 30 2.
311 1683 135 31 Försök
468 1683 77 31 med
567 1682 138 32 teknisk
727 1682 706 31 materiel....sssssssssrsrsrsesrsere
1342 1678 26 50 es
1376 1678 61 50 enes
1528 1694 12 15 »
1633 1682 56 31 150
1707 1678 63 50 000

258 1727 28 30 3.
310 1725 136 32 Försök
468 1725 78 31 med
568 1725 136 41 torped-
726 1725 62 31 och
812 1724 255 32 radiomateriel
1100 1751 332 4 s.ssssssssssssssss
1407 1720 29 50 sa
1528 1737 11 14 »
1632 1724 133 32 100-000

256 1777 30 30 4.
310 1775 135 32 Försök
468 1775 76 31 med
567 1774 276 42 dykerimateriel
861 1801 572 5 s.ssssssssrsrsrereerrererer
1323 1770 45 50 ere
1377 1770 10 50 r
1392 1770 45 50 rea
1528 1787 11 14 >
1653 1775 112 31 15-000

257 1826 29 31 5.
309 1825 136 32 Försök
468 1825 76 31 med
568 1825 411 41 säkerhetsanordningar
1000 1825 53 31 för
1076 1824 122 32 ubåtar
1239 1851 194 4 —............
1528 1837 12 15 >
1651 1825 40 31 20
1706 1820 63 50 000

1294 1891 143 32 Summa
1459 1891 127 32 kronor
1629 1892 136 32 345-000

299 1976 69 33 Vid
401 1977 96 31 bifall
520 1976 52 32 till
595 1976 96 32 detta
713 1977 128 41 förslag
864 1977 44 31 ha
930 1977 52 31 för
1004 1976 42 32 de
1070 1978 51 29 tre
1144 1977 108 31 första
1274 1976 11 31 1
1309 1976 294 42 femårsperioden
1628 1976 135 41 1942/47

256 2027 170 42 ingående
449 2026 212 42 budgetåren
684 2027 151 31 anvisats
859 2027 147 41 tillhopa
1052 2027 165 31 1330000
1238 2026 137 39 kronor,
1400 2026 63 32 och
1483 2027 53 31 för
1552 2026 42 32 de
1611 2028 55 30 två
1682 2028 83 30 åter-

257 2077 143 32 stående
433 2077 211 42 budgetåren
680 2077 108 32 skulle
821 2077 197 42 ytterligare
1042 2077 138 31 anvisas
1213 2076 229 32 tillsammans
1471 2077 136 32 835000
1629 2077 134 38 kronor,

257 2128 117 32 därest
397 2127 65 32 den
488 2128 79 31 1942
590 2127 193 32 beräknade
806 2127 191 32 kostnaden
1022 2127 52 31 för
1097 2127 294 41 femårsperioden
1415 2127 85 31 skall
1524 2127 119 32 hållas.

310 2229 189 39 Utskottet,
517 2240 74 21 som
616 2230 86 41 tagit
724 2230 54 31 del
801 2241 41 19 av
866 2229 42 32 de
931 2229 53 31 till
1007 2229 142 31 ärendet
1168 2229 152 31 hörande
1337 2229 258 41 handlingarna,
1612 2229 62 31 har
1688 2228 74 31 icke

256 2280 116 32 funnit
395 2280 184 41 anledning
603 2280 53 31 till
679 2280 133 31 erinran
837 2282 72 29 mot
932 2280 57 31 det
1011 2280 53 31 för
1087 2279 193 32 ändamålet
1303 2279 127 32 äskade
1450 2279 311 41 anslagsbeloppet.

310 2331 182 32 Utskottet
513 2331 50 30 får
586 2331 101 31 alltså
709 2330 191 37 hemställa,

579 2408 50 29 att
651 2405 183 42 riksdagen
858 2407 55 29 må
935 2405 53 31 till
1009 2405 173 32 Marinen:
1213 2405 94 31 Vissa
1329 2405 256 41 materielförsök
1606 2405 53 31 för
1681 2404 82 32 bud-

526 2458 132 39 getåret
676 2455 135 33 1944/45
834 2456 120 31 anvisa
973 2457 49 30 ett
1037 2455 353 42 reservationsanslag
1405 2466 40 20 av
1460 2455 62 32 345
1533 2455 64 32 000
1612 2455 135 31 kronor.
