1892 2814
615 167 263 30 Statsutskottets
900 167 167 29 utlåtande
1089 175 39 20 nr
1152 168 27 28 4.
1605 163 37 31 91

147 240 167 43 budgetår
347 241 162 32 anvisade
543 241 153 41 anslaget
729 241 144 31 innebär
906 252 41 20 en
981 241 53 31 för
1063 240 214 32 anställande
1301 251 40 20 av
1364 242 94 29 extra
1480 239 165 41 visnings-

147 293 116 30 vakter
285 291 181 32 föranledd
489 292 144 41 höjning
655 291 77 31 med
755 291 95 32 4900
871 291 135 38 kronor,
1031 291 198 31 hemställer
1251 290 177 37 utskottet,

468 369 50 30 att
540 367 182 41 riksdagen
745 368 55 30 må

465 417 29 42 a)
516 418 171 31 fastställa
708 417 151 41 följande
882 417 252 41 avlöningsstat
1156 417 52 31 för
1231 419 259 35 armémuseum,
1515 418 50 29 att
1585 416 61 31 till-

415 469 131 41 lämpas
570 468 73 32 tills
665 467 115 32 vidare
803 468 74 31 från
900 468 64 31 och
987 467 79 32 med
1088 467 203 42 budgetåret
1316 466 148 33 1944/45:

915 563 234 37 Avlöningsstat.

417 623 25 30 1.
466 621 211 41 Avlöningar
703 621 52 31 till
779 620 171 32 ordinarie
973 621 215 40 tjänstemän,
1205 620 157 40 förslags-

466 672 891 32 CCS
1382 671 127 30 kronor
1524 671 40 31 36
1575 670 63 32 000

415 723 28 31 2.
466 722 212 41 Avlöningar
699 722 53 31 till
774 721 259 32 icke-ordinarie
1055 721 301 42 personal........
1444 733 11 14 >
1545 721 19 30 6
1579 720 59 31 100

414 773 27 31 3.
466 773 136 41 Rörligt
627 772 127 42 tillägg,
770 772 198 40 förslaägsvis
988 798 367 5 s.ssssessrsrsrsrer
1297 768 60 50 enas
1443 784 11 14 »
1544 771 93 31 5400

1227 830 142 32 Summa
1392 831 126 31 kronor
1537 831 38 30 47
1589 830 62 32 500

469 908 32 42 b)
525 908 53 32 till
614 909 255 31 Armémuseum:
896 908 203 40 Avlöningar
1127 908 52 31 för
1201 907 203 41 budgetåret
1435 906 137 33 1944/45
1594 918 54 20 an-

415 959 73 32 visa
511 961 49 30 ett
583 959 268 41 förslagsanslag
873 970 40 20 av
934 959 116 31 47500
1072 958 134 32 kronor.

202 1061 103 42 138:0)
329 1061 244 32 Armémuseum:
598 1062 231 33 Omkostnader,
853 1061 241 32 Armémuseum:
1118 1061 189 38 Samlingars
1324 1061 214 37 konservering
1556 1069 37 22 m.
1611 1069 36 22 m.

156 1112 189 38 Utskottet,
381 1123 73 21 som
488 1112 74 32 icke
596 1112 113 31 funnit
735 1111 187 42 anledning
943 1112 54 31 till
1031 1111 135 32 erinran
1199 1113 72 29 mot
1293 1111 126 42 Kungl.
1444 1111 118 41 Maj:ts
1587 1111 63 31 för-

152 1163 73 41 slag
257 1162 205 42 (punkterna
496 1163 60 31 143
590 1163 63 31 och
689 1164 67 37 144,
785 1174 26 20 s.
836 1163 61 31 273
919 1162 64 32 och
1007 1161 72 42 274)
1101 1162 49 31 får
1172 1181 40 3 —
1235 1162 110 31 under
1368 1161 134 32 erinran
1526 1163 51 29 att
1598 1161 52 31 för

155 1214 231 32 innevarande
408 1214 170 41 budgetår
600 1214 151 31 anvisats
771 1214 53 31 för
838 1213 62 31 här
914 1213 256 42 ifrågavarande
1186 1212 158 32 ändamål
1359 1223 129 21 samma
1503 1212 149 41 anslags-

146 1265 127 41 belopp
297 1275 75 21 som
395 1276 47 20 nu
464 1265 117 31 äskats
603 1283 41 4 —
665 1264 190 38 hemställa,

470 1343 50 29 att
547 1341 182 41 riksdagen
753 1342 55 29 må
830 1340 52 31 för
911 1340 203 41 budgetåret
1138 1338 137 33 1944/45
1298 1339 118 32 anvisa

473 1391 29 42 a)
524 1391 55 31 till
603 1392 255 30 Armémuseum:
886 1390 230 32 Omkostnader
1136 1392 48 29 ett
1207 1389 267 41 förslagsanslag
1496 1400 40 20 av
1559 1389 19 30 3
1593 1388 59 31 100

416 1442 140 37 kronor;

470 1491 34 42 b)
527 1492 54 31 till
605 1492 257 31 Armémuseum:
887 1491 205 40 Samlingars
1114 1491 224 39 konservering
1360 1501 92 20 m.m.
1476 1491 50 30 ett
1548 1500 103 20 reser-

418 1542 257 41 vationsanslag
698 1553 39 20 av
762 1542 113 31 13000
896 1541 135 32 kronor.

704 1715 164 35 Kemiska
898 1714 186 36 anstalten.

205 1790 105 42 139:0)
335 1792 140 30 Kemiska
510 1792 169 30 anstalten:
714 1791 192 40 Avlöningar.
953 1791 140 30 Kemiska
1127 1790 168 30 anstalten:
1321 1789 231 31 Omkostnader.
1598 1788 53 30 Ke-

150 1842 96 31 miska
280 1842 172 31 anstalten:
488 1842 389 37 Forskningsverksamhet.
921 1839 219 32 Beträffande
1174 1839 127 41 Kungl.
1325 1838 116 42 Maj:ts
1474 1837 177 32 framställ-

150 1891 120 41 ningar
305 1902 55 20 om
395 1891 118 41 anslag
536 1891 54 31 till
613 1890 255 41 ifrågavarande
891 1890 157 31 ändamål
1071 1889 119 42 (punkt
1214 1889 71 41 145)
1307 1889 153 30 kommer
1483 1888 168 31 utskottet

149 1944 47 28 att
221 1941 184 31 framdeles
429 1941 109 31 under
560 1940 182 42 riksdagen
766 1940 118 41 avgiva
906 1940 186 36 utlåtande,
1116 1939 105 31 vilket
1244 1939 141 31 härmed

746 2016 161 31 anmäles.

591 2163 161 35 Centrala
783 2162 436 46 civilanställningsbyrån.

206 2239 103 39 140:0)
349 2240 145 30 Centrala
532 2236 382 40 civilanställningsbyrån:
952 2238 190 37 Avlöningar.
1188 2237 145 30 Centrala
1370 2236 282 38 civilanställnings-

151 2287 106 39 byrån;
284 2289 231 30 Omkostnader.
561 2287 220 32 Beträffande
815 2287 126 40 Kungl.
976 2287 117 40 Maj:ts
1127 2286 290 40 framställningar
1451 2296 54 20 om
1534 2285 118 40 anslag

150 2339 50 29 till
236 2339 257 39 ifrågavarande
528 2338 156 31 ändamål
718 2337 205 41 (punkterna
957 2338 59 29 146
1051 2337 63 30 och
1142 2336 68 40 147)
1233 2336 154 30 kommer
1410 2335 169 31 utskottet
1603 2337 48 28 att

151 2388 181 31 framdeles
357 2388 107 31 under
486 2388 183 40 riksdagen
693 2388 118 39 avgiva
833 2386 187 33 utlåtande,
1045 2387 103 30 vilket
1171 2386 139 31 härmed

749 2463 161 31 anmäles.
