1884 2810
76 1539 130 23 Utskottet.

254 187 41 30 20
734 188 261 28 Statsutskottets
1019 186 166 28 utlåtande
1207 195 38 19 nr
1268 186 29 28 4.

254 263 64 31 bör
351 262 33 31 få
407 262 179 31 ankomma
609 264 44 38 på
676 261 124 41 Kungl.
825 261 99 40 Maj:t
947 262 49 29 att
1018 260 58 31 vid
1099 259 239 32 fastställande
1358 271 40 19 av
1412 261 67 29 stat
1495 261 156 29 närmare
1668 260 89 30 över-

255 315 84 39 väga
362 313 172 40 anslagets
557 312 196 40 fördelning
775 312 127 30 mellan
926 311 90 31 olika
1039 311 166 31 ändamål.
1244 310 182 31 Utskottet
1448 309 210 38 hemställer,

577 381 50 30 att
650 379 182 41 riksdagen
856 381 55 28 må
933 378 52 31 till
1008 378 138 31 Armén:
1174 370 120 48 Övriga
1317 388 151 30 expenser
1489 388 40 20 m.
1551 388 40 20 m.
1608 377 52 30 för
1675 376 81 32 bud-

523 432 131 39 getåret
672 430 134 32 1944/45
822 429 117 31 anvisa
955 431 48 29 ett
1018 428 353 41 reservationsanslag
1387 439 39 20 av
1443 428 91 30 1435
1546 428 64 31 000
1621 427 134 31 kronor.

308 524 84 41 25:0o)
426 524 121 31 Armén:
584 524 305 38 Publikationstryck.
926 522 126 41 Kungl.
1077 522 113 41 Maj:ts
1224 521 129 40 förslag
1385 520 121 41 (punkt
1528 521 50 37 27,
1596 533 23 18 s.
1637 521 39 30 69
1693 520 63 31 och

257 574 50 42 70)
340 575 142 31 innebär
515 574 198 31 oförändrat
745 573 276 41 anslagsbelopp.
1059 572 19 31 I
1102 572 150 41 enlighet
1274 572 80 30 med
1377 571 162 41 förslaget
1562 571 65 30 och
1649 570 109 31 under

256 625 146 38 erinran,
437 627 49 29 att
519 624 156 41 anslaget
708 624 109 30 under
851 622 412 42 uppsättningsperioden
1300 621 134 32 1942/47
1463 621 184 31 beräknats
1671 620 86 31 till
1739 616 21 53 i

256 675 211 42 genomsnitt
499 675 137 31 220000
669 674 125 31 kronor
827 674 53 30 för
903 675 35 29 år
961 675 89 29 samt
1073 675 49 28 att
1144 672 341 41 kostnadsökningen
1508 671 12 31 i
1543 671 214 31 förhållande

256 726 117 31 härtill
397 728 35 29 är
454 724 180 33 föranledd
656 736 40 20 av
718 723 180 32 inträffade
921 723 274 42 prisstegringar,
1219 723 50 30 får
1292 722 169 31 utskottet
1484 721 191 38 hemställa,

581 795 50 29 att
653 792 182 41 riksdagen
860 793 53 30 må
936 791 52 31 till
1004 791 137 31 Armén:
1158 790 316 40 Publikationstryck
1488 790 53 31 för
1556 789 202 41 budgetåret

527 844 137 31 1944/45
688 843 116 31 anvisa
828 844 49 30 ett
899 841 268 41 förslagsanslag
1190 852 39 20 av
1252 841 63 31 250
1326 841 63 31 000
1411 841 134 30 kronor.

845 940 206 44 Mathållning
1076 952 39 24 m.
1140 952 39 24 m.

312 1014 84 42 26:0)
420 1014 120 32 Armén:
567 1011 207 40 Mathållning.
813 1012 126 41 Kungl.
964 1011 98 41 Maj:t
1084 1011 62 31 har
1167 1010 177 40 föreslagit
1366 1009 182 41 riksdagen
1572 1008 121 41 (punkt
1708 1009 50 37 28,

259 1077 25 20 s.
321 1066 41 30 70
395 1065 63 31 och
492 1064 50 41 71)
575 1066 51 29 att
655 1064 53 30 till
740 1063 140 31 Armén:
915 1061 229 41 Mathållning
1176 1061 52 31 för
1254 1060 203 41 budgetåret
1482 1060 137 38 1944/45
1642 1059 117 31 anvisa

260 1118 50 29 ett
333 1115 268 42 förslagsanslag
624 1125 40 20 av
687 1113 113 32 28900
811 1113 64 31 000
897 1113 134 31 kronor.

310 1191 237 32 Förevarande
581 1191 119 40 anslag
734 1192 36 29 är
791 1190 54 31 för
867 1188 229 32 innevarande
1118 1187 167 41 budgetår
1307 1187 141 41 uppfört
1471 1185 78 32 med
1572 1186 41 31 33
1624 1186 62 31 000
1697 1185 63 32 000

257 1243 138 31 kronor.
439 1241 284 32 Medelsbehovet
744 1239 213 32 beräknades
980 1239 87 31 efter
1090 1249 40 20 en
1155 1236 308 43 portionskostnad
1485 1248 41 19 av
1551 1237 61 30 150
1627 1238 58 29 öre
1708 1236 52 31 för

258 1304 79 20 man
362 1293 63 31 och
448 1291 324 42 tjänstgöringsdag.

311 1343 70 31 För
413 1344 98 30 nästa
543 1342 169 41 budgetår
743 1341 61 31 har
837 1340 138 31 räknats
1008 1339 79 31 med
1121 1350 128 20 samma
1280 1337 308 43 portionskostnad
1612 1347 73 21 som
1708 1336 53 32 för

258 1392 231 33 innevarande
512 1390 177 43 budgetår.
727 1391 82 31 Med
832 1389 259 42 utgångspunkt
1113 1389 73 31 från
1205 1389 37 31 19
1255 1389 63 31 250
1330 1388 62 32 000
1408 1387 353 42 tjänstgöringsdagar

258 1445 170 31 beräknas
451 1443 281 32 medelsbehovet
754 1441 111 33 under
888 1441 152 41 anslaget
1063 1440 54 31 till
1139 1440 12 31 i
1173 1441 80 30 runt
1276 1439 48 31 tal
1348 1439 113 31 28900
1472 1438 63 32 000
1557 1438 135 31 kronor.

313 1529 83 31 Med
429 1528 166 32 förmälan
629 1530 50 29 att
712 1526 240 42 minskningen
979 1537 40 19 av
1043 1525 155 41 anslaget
1219 1524 12 31 i
1253 1524 196 41 jämförelse
1473 1523 77 31 med
1573 1522 188 32 medelsan-

260 1579 181 41 visningen
463 1579 53 31 för
537 1577 230 32 innevarande
787 1577 169 40 budgetår
978 1578 37 29 är
1037 1575 178 32 föranledd
1238 1574 75 32 dels
1337 1586 40 20 av
1400 1576 50 29 att
1464 1573 232 32 kostnaderna
1711 1573 50 31 för

260 1630 163 39 avlöning
455 1640 39 20 av
527 1629 97 31 köks-
657 1628 64 31 och
754 1626 267 32 servisbiträden
1056 1626 57 31 vid
1136 1626 183 31 försvarets
1343 1623 299 39 matinrättningar
1664 1634 97 20 avses

260 1681 76 31 från
370 1680 64 31 och
467 1679 77 32 med
578 1680 100 30 nästa
710 1677 169 42 budgetår
912 1677 172 31 överföras
1118 1675 52 32 till
1204 1674 309 41 avlöningsanslag,
1538 1673 75 31 dels
1637 1672 62 32 ock
1722 1684 40 20 av

261 1731 151 31 minskat
434 1731 92 30 antal
549 1728 356 42 tjänstgöringsdagar
930 1728 52 30 för
1004 1727 42 31 de
1069 1725 238 42 värnpliktiga,
1331 1725 51 31 får
1404 1723 179 39 utskottet,
1608 1734 73 21 som
1699 1723 63 32 till-

261 1782 135 41 styrker
418 1781 58 31 det
498 1780 126 32 äskade
647 1779 162 41 anslaget,
833 1778 189 38 hemställa,

582 1849 52 30 att
663 1846 183 41 riksdagen
877 1847 54 29 må
963 1844 53 32 till
1050 1844 136 32 Armén:
1219 1843 225 40 Mathållning
1477 1842 53 31 för
1559 1842 204 41 budgetåret

532 1897 138 39 1944/45
692 1896 118 32 anvisa
833 1898 50 29 ett
905 1894 269 42 förslagsanslag
1196 1905 40 20 av
1259 1894 40 31 28
1312 1893 63 32 900
1386 1893 62 31 000
1470 1892 135 32 kronor.

316 1982 85 42 27:0)
424 1982 125 32 Armén:
575 1982 195 38 Furagering.
815 1979 127 42 Kungl.
965 1979 99 41 Maj:t
1087 1979 61 31 har
1169 1977 179 41 föreslagit
1369 1977 184 40 riksdagen
1576 1975 120 42 (punkt
1711 1976 50 38 29,

263 2051 27 20 s.
324 2040 46 30 72
400 2039 63 31 och
493 2037 58 41 73)
582 2040 50 29 att
660 2037 52 32 till
740 2037 142 31 Armén:
912 2035 210 42 Furagering
1148 2035 52 31 för
1226 2034 206 41 budgetåret
1459 2027 165 41 1944/45
1645 2032 117 32 anvisa

263 2093 49 30 ett
339 2090 267 42 förslagsanslag
634 2101 39 19 av
702 2090 20 30 4
741 2089 72 31 600
831 2088 73 32 000
932 2088 136 31 kronor.

314 2176 236 33 Förevarande
579 2175 119 42 anslag
725 2176 35 30 är
787 2175 54 31 för
867 2173 229 32 innevarande
1114 2172 169 41 budgetår
1302 2172 140 41 uppfört
1460 2171 78 31 med
1559 2172 22 29 4
1599 2171 72 31 700
1688 2170 73 32 000

262 2230 137 31 kronor.

314 2280 218 33 Beträffande
569 2278 281 33 medelsbehovet
885 2278 52 31 för
972 2278 99 30 nästa
1103 2275 167 42 budgetår
1297 2275 63 31 har
1386 2273 376 43 departementschefen

263 2335 113 40 utgått
411 2333 72 30 från
520 2331 42 32 de
591 2331 120 42 priser,
740 2330 91 31 vilka
859 2330 186 40 tillämpats
1074 2327 57 32 vid
1157 2327 272 41 beräkningarna
1454 2326 53 31 för
1533 2325 229 32 innevarande

262 2385 179 41 budgetår,
480 2383 87 32 dock
604 2385 50 29 att
681 2382 202 41 halmpriset
910 2383 130 29 ansetts
1069 2380 114 31 kunna
1210 2379 182 31 reduceras
1419 2378 73 31 från
1522 2378 20 31 5
1573 2377 52 31 till
1654 2378 21 30 4
1705 2379 57 29 öre

263 2448 62 31 per
352 2436 54 42 kg.
444 2436 19 31 I
490 2434 152 42 enlighet
669 2433 139 32 härmed
826 2433 168 32 beräknas
1013 2430 446 43 furageringskostnaderna
1485 2429 53 32 till
1558 2430 22 30 4
1598 2429 72 31 576
1691 2429 69 31 100

263 2485 137 50 kronor.
1168 2512 2 2 ;
