1925 2831
305 179 20 31 2
658 180 114 38 Tredje
786 180 219 38 lagutskottets
1021 180 161 32 utlåtande
1196 191 36 20 nr
1246 181 45 30 37
1306 180 35 31 år
1356 181 88 31 1970

351 261 24 40 )
400 261 51 31 för
468 261 187 40 budgetåret
675 262 149 36 1970/71
845 261 91 41 utgår
952 262 112 40 bidrag
1080 262 73 31 med
1170 261 44 33 50
1227 262 66 31 000
1310 262 46 31 kr.
1375 262 46 32 till
1436 261 244 32 resekostnader
1695 272 42 21 m.
1752 272 42 20 m.

305 316 50 31 för
375 315 136 32 svenska
530 316 159 40 deltagare
708 317 10 31 i
737 316 179 32 Lutherska
935 316 292 32 världsförbundets
1246 317 98 31 femte
1363 316 321 41 generalförsarmling.

712 461 258 39 Propositionens
990 461 234 40 huvudsakliga
1245 460 139 32 innehåll

348 535 15 30 I
385 534 257 41 propositionens
662 534 101 32 första
785 534 115 31 avsnitt
920 534 133 32 föreslås
1077 534 100 32 sådan
1200 534 132 40 ändring
1353 534 10 31 i
1385 534 408 41 prästlönekostnadslagen

304 593 44 26 att
371 589 61 30 den
455 589 161 31 allmänna
638 588 332 40 arbetsgivaravgiften
991 588 131 32 beaktas
1144 588 53 31 vid
1220 589 40 31 de
1283 588 98 41 årliga
1403 588 251 41 avräkningarna
1675 589 117 30 mellan

304 647 182 36 pastoraten
504 643 61 31 och
582 643 231 39 kyrkofonden.

349 697 260 40 Propositionens
636 697 99 31 andra
762 697 113 30 avsnitt
902 698 52 30 rör
979 697 108 40 frågor
1113 707 54 21 om
1194 698 108 39 anslag
1328 707 37 21 ur
1391 697 232 39 kyrkofonden.
1652 697 139 32 Sålunda

303 751 133 32 föreslås
461 752 109 39 anslag
592 751 46 31 till
661 751 53 32 två
737 761 63 30 nya
823 751 362 39 stiftsadjunktstjänster
1207 751 52 31 för
1282 751 201 31 verksamhet
1506 752 97 31 bland
1627 751 165 40 inflyttade

303 805 234 41 finskspråkiga
556 815 160 31 personer.
738 805 120 31 Vidare
878 805 132 32 föreslås
1030 806 109 39 anslag
1158 805 42 40 på
1224 805 60 31 115
1300 805 66 31 000
1386 805 46 31 kr.
1454 805 53 32 för
1526 805 206 32 anordnande
1753 815 38 22 av

304 869 63 29 nya
389 860 121 29 lokaler
532 859 52 30 för
607 859 244 30 stiftsnämnden
874 859 10 30 i
907 859 105 38 Växjö
1037 859 61 30 och
1121 859 43 39 på
1187 859 210 38 sammanlagt
1421 859 63 30 463
1501 859 65 30 000
1590 860 45 30 kr.
1661 860 52 29 för
1737 869 54 19 an-

303 912 165 31 ordnande
490 912 60 30 och
571 911 179 40 utrustning
770 921 39 21 av
829 911 123 31 lokaler
971 911 51 31 för
1044 911 248 40 ärkebiskopens
1314 911 111 32 kansli.
1448 911 132 41 Förslag
1600 912 88 40 läggs
1709 911 82 32 fram

303 976 54 21 om
381 966 276 40 avlöningsbidrag
680 966 46 31 till
751 967 83 30 ännu
858 976 40 21 en
923 965 228 41 sjömanspräst
1175 966 62 30 och
1260 975 54 21 om
1339 966 202 40 uppräkning
1564 976 40 21 av
1628 966 160 40 bidragen.

303 1020 153 40 Anslaget
474 1020 52 31 för
546 1020 205 31 anordnande
772 1029 39 21 av
830 1019 176 40 teologiska
1024 1019 335 40 fortbildningskurser
1377 1020 51 30 för
1448 1021 121 39 präster
1588 1029 42 22 m.
1644 1029 42 23 m.
1707 1020 84 31 före-

304 1073 61 32 slås
385 1074 68 40 höjt
472 1074 73 31 med
569 1074 39 30 10
622 1074 66 31 000
707 1074 46 31 kr.
775 1074 64 31 För
858 1073 158 31 anlitande
1038 1083 39 21 av
1096 1073 122 31 biträde
1239 1073 88 31 inom
1347 1073 444 41 utbildningsdepartementet

303 1128 53 31 vid
372 1128 277 40 handläggningen
666 1138 39 20 av
722 1128 144 39 kyrkliga
883 1127 138 31 ärenden
1038 1127 111 40 begärs
1167 1127 187 31 oförändrat
1369 1128 127 40 belopp.
1516 1128 62 31 Till
1595 1129 62 30 den
1675 1128 116 40 kyrko-

302 1181 207 31 musikaliska
530 1181 220 40 utbildningen
771 1181 53 31 vid
847 1181 311 31 Sköndalsinstitutet
1178 1181 134 31 föreslås
1335 1185 44 27 ett
1401 1181 112 40 bidrag
1535 1191 40 22 av
1599 1182 43 31 80
1655 1182 65 31 000
1743 1182 46 31 kr.

302 1235 63 31 Det
389 1235 98 40 årliga
508 1235 144 40 bidraget
673 1235 47 30 till
743 1235 178 30 Lutherska
942 1235 294 31 världsförbundets
1261 1235 135 31 svenska
1420 1235 124 31 sektion
1567 1236 133 31 föreslås
1723 1236 68 40 höjt

301 1289 74 31 med
396 1289 39 31 10
449 1289 66 31 000
531 1289 46 31 kr.
596 1289 62 31 och
674 1288 341 41 kyrkofondsanslaget
1032 1288 45 31 till
1095 1293 87 27 extra
1198 1288 128 41 utgifter
1342 1289 75 31 med
1438 1289 37 31 15
1491 1289 66 31 000
1575 1289 46 32 kr.
1641 1289 151 40 Slutligen

302 1343 132 31 föreslås
455 1347 44 27 ett
519 1343 124 31 särskilt
664 1343 109 39 anslag
791 1342 43 41 på
854 1343 43 30 50
911 1343 65 30 000
996 1343 46 30 kr.
1064 1343 52 30 för
1136 1343 114 30 svensk
1270 1343 250 40 representation
1540 1343 53 31 vid
1613 1344 177 30 Lutherska

302 1396 295 32 världsförbundets
612 1396 97 31 femte
727 1396 321 40 generalförsamling.

936 1522 219 39 Lagförslaget

348 1604 62 30 Det
423 1604 53 30 vid
488 1603 242 40 propositionen
742 1603 115 39 fogade
870 1603 202 40 lagförslaget
1084 1603 57 31 har
1155 1603 142 40 följande
1310 1603 126 40 lydelse.

979 1720 131 38 Förslag

1022 1801 45 31 till

1010 1882 67 39 Lag

604 1945 55 21 om
674 1935 135 40 ändring
824 1935 12 31 i
850 1935 409 40 prästlönekostnadslagen
1276 1935 114 38 (1951:
1404 1935 80 37 570)

344 2044 197 40 Härigenom
558 2044 179 37 förordnas,
758 2049 44 26 att
830 2044 8 31 3
862 2044 15 37 $
899 2045 20 30 2
937 2053 97 22 mom.
1055 2044 407 41 prästlönekostnadslagen
1482 2045 112 37 (1951:
1610 2045 79 38 570)
1710 2045 79 31 skall

300 2098 41 31 ha
357 2099 105 30 nedan
480 2098 136 40 angivna
632 2098 127 40 lydelse.

464 2209 207 38 (Nuvarande
693 2208 131 38 lydelse)
1266 2206 205 38 (Föreslagen
1493 2205 131 39 lydelse)

1005 2279 17 30 3
1052 2279 27 37 8.

298 2354 20 30 2
353 2352 136 32 mom.
525 2353 191 31 Pastoratets
740 2351 127 40 utgifter
890 2350 101 31 under
1099 2350 20 30 2
1158 2359 120 21 mom.
1317 2350 192 30 Pastoratets
1536 2349 128 40 utgifter
1690 2348 100 32 under

299 2407 76 31 visst
391 2407 35 31 år
440 2406 52 32 för
508 2405 328 41 avlöningsförmåner
852 2415 70 21 som
938 2413 53 22 av-
1097 2404 77 31 visst
1209 2404 34 32 år
1276 2404 53 31 för
1362 2404 68 31 dels
1465 2403 324 40 avlöningsförmåner

299 2471 48 21 ses
365 2461 11 30 i
406 2461 5 30 I
432 2470 97 21 mom.
549 2459 100 37 skola,
669 2459 74 31 med
760 2459 163 39 undantag
940 2458 50 31 för
1098 2468 70 21 som
1194 2468 90 21 avses
1310 2458 11 30 i
1351 2458 13 30 I
1393 2467 109 27 mom.,
1530 2458 74 30 med
1629 2457 160 39 undantag

298 2540 9 13 >
321 2541 112 26 Senaste
448 2540 103 32 lydelse
569 2540 78 26 1968:
663 2540 58 26 113.
