2216 2634
185 785 130 23 Utskottet.

416 162 19 29 2
838 161 344 32 Jordbruksuiskottets
1205 161 164 33 utlåtande
1392 163 53 31 Nr
1468 164 50 31 28.

372 239 332 49 ningssällskapen
748 240 89 35 eller
878 242 48 46 på
968 247 116 29 annat
1126 245 74 32 sätt
1242 241 11 35 i
1295 240 106 48 varje
1442 241 63 36 län
1539 241 222 49 igångsätta
1789 241 199 49 praktiska

367 290 340 48 jordbruksförsök
736 291 85 36 med
852 292 102 48 syfte
983 297 55 31 att
1065 293 38 34 få
1128 292 189 48 klargjort
1337 293 65 35 det
1421 292 146 37 mindre
1581 292 247 48 jordbrukets
1847 293 138 36 ekono-

374 342 123 37 miska
539 342 170 36 bärkraft
748 343 123 36 under
899 356 46 23 en
973 344 131 48 period
1134 357 45 22 av
1208 344 51 36 tio
1288 346 40 34 år
1357 350 98 30 samt
1484 350 54 30 att
1564 344 208 49 riksdagen
1800 344 99 45 ville,
1929 347 57 34 så-

373 407 83 23 som
490 394 313 49 förslagsanslag,
833 399 56 31 att
918 397 94 46 utgå
1041 408 45 23 av
1115 395 246 49 tillgängliga
1390 396 134 46 medel,
1554 396 108 36 anslå
1691 402 55 31 ett
1774 396 138 50 belopp
1941 410 47 22 av

376 447 163 44 100,000
567 446 140 36 kronor
736 446 59 35 för
823 447 175 35 vartdera
1026 460 47 22 av
1090 449 87 34 åren
1198 449 97 34 1920
1316 447 70 36 och
1411 449 95 34 1921
1531 447 57 36 för
1607 447 125 37 denna
1750 447 236 49 anordnings

372 497 314 48 genomförande.

504 601 239 37 Beträffande
771 602 46 36 de
846 602 95 46 skäl,
971 615 80 23 som
1081 603 146 35 anförts
1256 603 55 35 till
1336 602 84 36 stöd
1441 603 57 34 för
1518 603 109 35 dessa
1648 603 338 48 framställningar,

373 653 142 36 tillåter
543 653 62 47 sig
632 653 184 37 utskottet
844 654 159 36 hänvisa
1030 654 58 35 till
1117 654 249 36 motionerna.

505 757 16 35 I
549 756 99 50 syfte
676 762 56 31 att
760 758 116 35 vinna
897 757 68 36 full
985 757 69 36 och
1076 757 225 49 obestridlig
1324 758 215 36 erfarenhet
1557 770 60 23 om
1633 758 249 48 jordbrukets
1903 771 84 35 pro-

374 808 388 36 duktionskostnader
790 809 69 35 har
886 810 12 34 i
927 809 46 36 de
1003 822 46 23 av
1077 809 129 36 herrar
1233 809 235 47 Pettersson,
1497 809 100 48 Ivar,
1627 809 71 36 och
1717 809 152 49 Kjellén
1889 817 100 28 samt

374 860 178 36 Månsson
582 860 11 35 i
622 860 126 36 Backa
789 861 71 35 och
904 860 155 49 Edberg
1095 861 136 35 väckta
1259 861 238 36 motionerna
1525 861 200 48 framlagts
1754 861 148 48 förslag
1929 860 59 36 till

375 911 244 37 anordnande
662 925 138 35 genom
845 918 145 30 statens
1033 914 152 47 försorg
1213 913 11 35 i
1251 913 107 47 varje
1399 913 61 35 län
1503 926 48 22 av
1592 918 54 31 ett
1682 917 120 32 större
1834 914 70 35 och
1935 918 54 30 ett

376 964 147 35 mindre
562 963 338 49 försöksjordbruk
937 964 121 36 under
1099 965 220 47 sakkunnig
1346 964 170 48 ledning.
1572 965 62 35 Av
1662 964 88 37 herr
1779 964 208 37 Carlström

374 1015 70 36 har
474 1015 216 48 föreslagits
724 1015 300 49 igångsättande
1056 1029 47 22 av
1127 1015 197 49 praktiska
1343 1015 343 48 jordbruksförsök
1715 1029 140 35 genom
1884 1016 105 36 indu-

375 1066 242 37 striarbetare
662 1067 91 36 eller
793 1067 119 35 andra
957 1066 350 48 icke-jordbrukare
1344 1067 12 35 i
1394 1067 176 36 ändamål
1610 1072 58 31 att
1696 1067 225 48 härigenom
1951 1067 37 36 få

374 1119 189 49 klargjort
591 1118 63 36 det
683 1118 146 36 mindre
852 1118 250 49 jordbrukets
1132 1118 247 37 ekonomiska
1402 1118 181 37 bärkraft.

505 1170 194 37 Utskottet
739 1170 66 36 vill
840 1170 85 36 med
955 1170 208 47 anledning
1190 1184 47 22 av
1265 1170 111 36 dessa
1404 1170 327 48 framställningar
1759 1171 125 36 erinra
1913 1184 74 34 om,

374 1229 56 29 att
458 1222 220 36 statsmedel
706 1223 118 35 redan
853 1222 184 48 anslagits
1066 1222 69 35 och
1166 1222 178 48 åtgärder
1372 1221 87 36 med
1488 1221 192 36 anlitande
1710 1235 46 23 av
1776 1222 113 37 dessa
1908 1222 81 36 vid-

374 1274 117 48 tagits
528 1274 59 36 för
616 1274 338 36 åstadkommande
982 1287 47 22 av
1057 1286 46 23 en
1132 1274 115 35 såvitt
1275 1274 154 47 möjligt
1457 1273 198 48 ojävaktig
1681 1273 215 37 kännedom
1925 1287 60 22 om

370 1325 252 49 jordbrukets
650 1325 248 36 räntabilitet.

506 1376 133 37 Såsom
668 1377 137 49 bidrag
832 1377 60 36 till
917 1377 176 49 åtgärder
1121 1377 58 37 för
1207 1377 213 48 främjande
1450 1390 46 23 av
1525 1377 144 36 ordnad
1697 1377 209 48 bokföring
1925 1377 60 35 vid

375 1429 147 36 mindre
558 1428 187 50 jordbruk
787 1429 70 35 har
897 1429 205 49 riksdagen
1145 1429 58 36 för
1240 1434 84 30 vart
1353 1428 71 37 och
1453 1432 54 33 ett
1535 1442 48 22 av
1611 1431 89 33 åren
1731 1430 253 34 1912—1921

374 1481 149 36 anvisat
564 1486 55 31 ett
647 1481 308 48 förslagsanslag
983 1494 46 22 av
1062 1482 136 45 15,000
1227 1480 152 36 kronor.
1436 1480 221 48 Riksdagen
1685 1480 70 36 har
1783 1480 71 36 ock
1882 1480 104 36 med-

373 1533 109 48 givit,
522 1538 55 30 att
618 1546 47 22 av
704 1532 159 37 sålunda
903 1532 188 49 beviljade
1133 1532 121 36 medel
1300 1532 103 48 finge
1446 1532 55 35 till
1546 1531 178 49 åtgärder
1766 1531 61 36 för
1863 1531 124 36 åstad-

374 1584 228 36 kommande
643 1598 47 22 av
726 1584 514 48 räntabilitetsberäkningar
1268 1584 200 48 angående
1491 1583 188 49 jordbruk
1708 1583 194 36 användas
1932 1583 58 36 för

375 1641 84 31 vart
500 1636 71 36 och
612 1641 55 31 ett
707 1649 47 22 av
796 1639 89 33 åren
934 1637 251 35 1916—1919
1229 1635 116 48 högst
1383 1636 113 46 35,000
1533 1635 141 36 kronor
1701 1635 70 37 och
1803 1635 58 36 för
1888 1641 100 30 vart-

374 1687 91 37 dera
506 1701 46 22 av
593 1690 90 34 åren
728 1689 252 35 1920—1921
1025 1687 116 49 högst
1182 1688 113 45 9,000
1336 1687 152 36 kronor.
1546 1686 227 38 Utförandet
1802 1700 45 22 av
1879 1687 109 36 dessa

375 1739 514 49 räntabilitetsberäkningar
933 1739 68 36 har
1041 1753 48 22 av
1135 1739 387 49 lantbruksstyrelsen
1554 1738 228 50 uppdragits
1810 1741 40 33 åt
1878 1751 109 35 agro-

376 1804 138 24 nomen
555 1791 153 49 Ludvig
744 1791 218 37 Nanneson.
1018 1791 134 36 Denne
1180 1791 69 36 har
1281 1791 87 36 med
1396 1790 211 49 anledning
1639 1790 117 36 härav
1789 1789 200 37 verkställt

375 1856 48 23 en
465 1843 108 47 serie,
620 1843 216 37 sedermera
864 1843 12 35 i
904 1842 109 50 tryck
1059 1842 241 49 publicerade
1343 1841 295 49 bearbetningar
1665 1855 46 22 av
1738 1841 249 49 räkenskaps-

376 1894 158 37 resultat
577 1895 82 36 från
694 1895 165 36 svenska
887 1894 188 48 jordbruk
1106 1894 57 36 för
1186 1893 318 49 bokföringsåren
1536 1895 268 44 1914--1915,
1836 1895 149 35 1915—

378 1947 99 35 1916
507 1952 99 30 samt
637 1948 266 35 1916—1917.

507 1998 16 35 I
569 1998 184 37 skrivelse
799 1998 73 36 den
916 2000 47 34 25
1006 1998 94 49 april
1140 2000 109 37 1917,
1278 2011 47 22 nr
1356 1999 85 39 103,
1471 1997 66 36 har
1563 1997 209 48 riksdagen
1801 1997 187 48 därjämte

376 2050 71 36 hos
476 2050 142 49 Kungl.
648 2050 109 47 Maj:t
776 2050 171 46 anhållit,
981 2056 54 30 att
1066 2049 143 49 Kungl.
1239 2049 109 48 Maj:t
1376 2052 115 34 måtte
1520 2048 224 37 föranstalta
1771 2061 62 24 om
1862 2047 125 37 utred-

377 2101 96 49 ning
499 2102 160 36 rörande
700 2101 259 37 kostnaderna
983 2102 59 36 för
1067 2101 485 49 brödsädesproduktionen
1582 2100 12 36 i
1622 2101 128 36 landet
1778 2106 100 30 samt
1906 2099 82 36 där-

377 2153 97 37 efter
500 2153 156 49 vidtaga
682 2153 46 37 de
747 2153 188 49 åtgärder,
955 2153 127 36 vartill
1101 2153 124 36 denna
1243 2153 209 48 utredning
1475 2152 127 36 kunde
1631 2152 205 36 föranleda.
1878 2149 109 38 Riks-

377 2204 127 50 dagen
533 2204 215 37 förklarade
776 2205 62 49 sig
866 2205 13 36 i
908 2205 209 36 skrivelsen
1145 2204 100 37 hålla
1282 2205 93 47 före,
1410 2209 55 31 att
1484 2217 46 23 en
1550 2203 106 50 dylik
1683 2203 218 49 utredning,
1931 2202 59 36 för

378 2262 56 31 att
471 2256 99 37 bliva
599 2270 46 23 av
674 2256 126 47 värde,
841 2256 118 37 borde
986 2256 171 49 allsidigt
1198 2256 161 37 omfatta
1388 2255 253 37 kostnaderna
1670 2255 58 36 för
1768 2255 105 35 såväl
1901 2266 87 36 pro-
