1870 2788
416 181 122 29 Första
560 177 245 41 lagutskottets
827 174 179 31 utlåtande
1026 182 44 21 nr
1089 173 20 30 8
1129 172 40 30 år
1192 171 83 30 1963
1570 166 20 30 5

106 264 55 29 för
186 262 128 30 månad
338 261 83 29 eller
448 268 117 22 annan
590 258 52 30 tid
667 266 76 20 som
768 254 197 31 domstolen
990 251 189 31 bestämde.
1205 250 131 29 Genom
1363 247 227 40 möjligheten

108 308 50 29 till
176 306 145 30 införsel
338 305 107 39 enligt
460 304 12 29 i
488 302 187 31 huvudsak
692 302 101 29 dessa
810 299 110 39 regler
937 297 112 30 skulle
1067 295 156 30 förrådet
1240 303 42 21 av
1298 289 292 33 reaktionsmedel

108 354 73 28 mot
197 350 266 39 brottsligheten
479 349 46 29 ha
542 347 154 29 berikats
714 344 79 31 med
811 345 96 28 ännu
924 344 58 32 ett,
1000 341 108 30 vilket
1126 339 112 30 skulle
1256 339 45 28 ha
1321 336 211 30 karaktären
1550 342 42 21 av

108 397 117 30 arbete
244 396 12 28 i
276 395 106 29 frihet
401 393 52 30 till
474 391 206 41 gottgörelse
700 399 42 21 av
762 388 136 30 skadan
918 387 82 29 eller
1021 386 53 29 del
1096 385 117 29 därav.
1235 383 121 29 Ehuru
1378 381 50 29 till
1450 378 142 30 motive-

109 441 78 39 ring
204 440 55 29 för
273 438 185 31 införande
473 446 42 21 av
530 437 114 29 denna
660 433 183 40 möjlighet
858 432 53 29 till
927 430 145 30 införsel
1089 429 127 29 främst
1233 435 101 31 synes
1351 425 82 29 böra
1449 423 144 30 anföras

109 486 80 29 dess
212 486 99 37 nytta
334 483 80 29 från
437 479 244 39 straffrättslig
704 477 190 41 synpunkt,
918 476 38 29 är
979 475 57 29 det
1060 474 99 39 givet,
1183 474 51 28 att
1257 469 227 41 möjligheten
1506 468 88 28 även

111 529 113 30 skulle
244 538 83 20 vara
348 536 42 21 av
409 526 105 29 värde
537 525 55 29 för
613 524 41 29 de
677 518 460 39 skadeståndsberättigade.

156 575 50 28 En
231 572 199 40 ytterligare
453 570 122 39 åtgärd
599 569 55 29 för
680 569 50 28 att
753 565 183 39 tillgodose
960 564 41 29 de
1026 557 447 39 skadeståndsberättigade
1497 554 98 30 torde

112 618 157 39 förtjäna
291 616 196 38 övervägas.
510 615 65 28 Det
597 613 64 29 har
683 612 11 29 i
717 611 57 30 det
797 608 208 40 föregående
1028 607 153 32 nämnts,
1205 607 51 27 att
1279 603 106 38 enligt
1407 601 95 29 äldre
1526 600 70 28 rätt

111 661 251 40 målsäganden
378 658 166 32 bereddes
562 656 206 41 gottgörelse
785 663 125 31 genom
927 655 50 28 att
993 653 71 29 han
1081 650 110 31 erhöll
1210 649 142 29 böterna
1369 647 82 29 eller
1469 644 100 31 andel
1588 643 11 29 i

113 709 91 28 dem.
230 706 152 29 Numera
407 705 65 28 har
496 701 267 40 lagstiftningen
789 698 156 39 övergått
970 696 53 30 till
1049 705 43 20 en
1119 694 45 39 på
1190 693 68 29 sätt
1285 692 64 29 och
1375 690 51 29 vis
1453 689 145 29 motsatt

115 750 229 40 ståndpunkt.
362 749 103 29 Böter
482 747 163 29 utdömas
662 745 58 29 vid
741 743 101 30 sidan
860 751 42 21 av
920 738 224 34 skadestånd,
1163 738 41 29 de
1222 736 140 31 tillfalla
1379 735 136 28 kronan
1533 731 66 30 och

116 797 121 28 kunna
250 794 155 30 indrivas
420 801 124 31 genom
558 789 144 31 införsel
719 790 90 28 samt
824 788 61 28 hot
900 795 57 20 om
972 780 359 41 förvandlingsstraff.
1348 776 252 33 Skadestånds-

116 840 199 38 fordringar
339 839 60 28 äro
423 836 120 30 därför
567 835 75 29 ofta
666 834 132 29 utsatta
823 832 54 29 för
900 840 43 19 en
967 827 217 39 övermäktig
1208 825 221 29 konkurrens
1454 821 80 29 från
1558 820 43 29 de

116 884 140 39 statliga
277 881 317 39 bötesanspråkens
615 879 85 29 sida.
720 878 103 29 Detta
843 884 103 31 synes
965 874 76 29 icke
1062 871 194 30 motiverat.
1279 868 91 30 Från
1391 865 211 31 straffrätts-

116 930 47 39 lig
184 928 180 40 synpunkt
385 927 38 29 är
444 926 56 29 det
520 923 203 39 visserligen
744 920 190 40 angeläget,
956 920 51 28 att
1028 917 67 29 den
1116 915 125 30 dömde
1263 912 131 31 förmås
1416 913 50 28 att
1488 908 114 31 betala

117 973 260 39 bötesbeloppet
393 979 80 21 men
490 970 158 29 däremot
665 967 75 29 icke
758 967 51 28 att
826 965 95 29 detta
937 963 124 38 belopp
1079 960 157 30 tillfaller
1253 959 146 28 kronan.
1416 956 65 28 Det
1499 962 102 31 synes

118 1019 75 29 icke
220 1018 117 28 finnas
362 1015 104 39 något
489 1013 125 30 hinder
638 1013 71 28 mot
733 1012 50 28 att
806 1009 72 30 låta
902 1005 250 40 målsäganden
1177 1001 246 41 tillgodonjuta
1446 999 155 31 böterna,

118 1072 59 20 om
197 1062 58 30 det
275 1061 87 30 blott
384 1059 181 30 fasthålles
587 1059 51 28 att
660 1056 143 29 böterna
824 1054 61 29 äro
907 1061 43 21 en
971 1048 301 40 offentligrättslig
1294 1044 135 41 påföljd
1453 1052 75 20 som
1549 1041 53 30 till

120 1105 294 39 förutsättningar
430 1104 64 29 och
509 1102 125 39 belopp
649 1100 71 30 helt
736 1099 105 39 följer
857 1094 267 39 straffrättsliga
1139 1092 110 39 regler
1265 1090 65 30 och
1345 1088 101 31 alltså
1462 1087 142 30 ådömes

120 1150 192 31 oberoende
336 1158 42 21 av
404 1146 268 40 målsägandens
696 1143 157 40 yrkande
878 1141 65 29 och
968 1139 79 30 med
1071 1138 124 38 belopp
1220 1144 76 21 som
1319 1134 75 29 icke
1419 1132 109 29 rättar
1553 1129 52 38 sig

120 1196 89 30 efter
230 1195 122 29 måttet
373 1202 42 21 av
435 1193 67 29 den
522 1190 110 30 skada
652 1190 71 28 han
743 1187 87 30 lidit.
851 1187 66 28 Det
937 1185 71 29 kan
1029 1182 120 30 därför
1170 1180 155 39 förtjäna
1347 1177 185 37 övervägas
1554 1176 51 28 att

121 1241 117 29 införa
253 1237 262 31 bestämmelser
530 1245 43 20 av
588 1233 165 33 innehåll,
770 1233 51 28 att
837 1240 58 20 om
912 1229 115 39 någon
1042 1236 43 21 av
1100 1225 150 30 domstol
1269 1222 197 31 tillerkänts
1484 1219 122 29 skade-

124 1284 103 31 stånd
247 1284 44 39 på
312 1282 113 40 grund
445 1290 42 21 av
507 1280 103 33 brott,
631 1279 70 29 han
724 1276 87 30 skall
833 1276 65 38 äga
919 1273 77 30 utfå
1017 1270 249 31 skadeståndet
1287 1276 42 21 av
1350 1267 135 28 kronan
1506 1264 11 28 i
1539 1263 68 29 den

123 1329 83 30 mån
233 1328 96 29 böter
355 1335 75 21 som
455 1324 128 41 guldits
609 1323 44 39 på
678 1320 113 41 grund
815 1329 43 21 av
881 1319 128 28 brottet
1034 1315 110 30 förslå
1168 1312 128 31 därtill.
1322 1311 142 29 Kronan
1489 1307 118 30 kunde

123 1372 188 39 berättigas
334 1373 51 28 att
408 1370 84 29 söka
515 1369 60 29 sitt
597 1367 74 30 åter
693 1375 43 20 av
757 1365 67 29 den
848 1358 402 40 skadeståndsskyldige.
1274 1354 193 31 Enahanda
1489 1351 119 29 kunde

124 1418 140 38 stadgas
286 1415 178 39 angående
486 1411 187 31 förverkad
694 1408 179 40 egendom.

170 1462 131 29 Genom
326 1459 131 30 sådana
483 1455 263 31 bestämmelser
772 1452 113 30 skulle
913 1452 113 27 staten
1054 1448 12 29 i
1090 1447 71 30 viss
1188 1443 212 38 omfattning
1426 1441 184 39 garantera

128 1505 165 31 utfående
311 1513 41 21 av
370 1501 213 31 skadestånd
600 1500 44 39 på
663 1497 112 41 grund
792 1506 43 21 av
852 1496 103 29 brott.
973 1494 72 29 Mot
1063 1501 43 20 en
1124 1489 135 41 garanti
1278 1497 41 21 av
1337 1488 114 28 denna
1469 1484 142 30 omfatt-

128 1551 84 38 ning
235 1550 122 28 kunna
380 1547 76 30 icke
480 1545 111 30 riktas
616 1544 41 29 de
682 1541 205 38 erinringar,
915 1547 75 21 som
1013 1555 45 3 —
1080 1553 44 4 —
1147 1552 44 4 —
1215 1531 208 32 framställts
1448 1530 72 28 mot
1544 1528 68 28 den

129 1593 250 40 vidaregående
408 1591 130 30 tanken
569 1591 51 28 att
649 1589 113 28 staten
791 1584 113 30 skulle
933 1583 45 39 på
1005 1583 49 28 ett
1082 1580 83 29 eller
1193 1579 108 29 annat
1331 1576 69 29 sätt
1429 1574 184 39 garantera

130 1635 388 40 skadeståndsanspråk
548 1633 43 40 på
621 1631 111 40 grund
761 1639 43 21 av
832 1629 93 29 brott
954 1628 80 28 över
1063 1623 132 31 huvud.
1227 1622 75 29 Den
1330 1628 48 21 nu
1407 1617 207 39 ifrågasatta

130 1682 241 38 anordningen
390 1679 146 30 innebär
555 1676 176 39 nämligen
750 1674 98 33 blott,
868 1674 51 29 att
938 1672 132 28 statens
1090 1667 155 39 anspråk
1264 1665 43 39 på
1327 1664 96 29 böter
1443 1661 82 30 eller
1545 1660 70 29 för-

129 1727 132 30 verkad
283 1725 168 40 egendom
473 1723 107 29 sättes
603 1721 11 29 i
637 1719 185 31 efterhand
844 1718 12 28 i
881 1714 220 31 förhållande
1125 1712 52 29 till
1201 1707 267 40 målsägandens
1492 1703 123 31 skade-

131 1769 289 41 ståndsanspråk.

620 1871 150 40 Tidigare
785 1864 351 43 riksdagsbehandling

180 1939 13 29 I
213 1948 43 20 en
275 1938 57 29 vid
355 1936 82 30 1947
457 1935 57 30 års
535 1933 143 39 riksdag
698 1932 95 28 inom
814 1929 111 30 andra
945 1927 207 29 kammaren
1173 1922 105 30 väckt
1297 1919 132 30 motion
1455 1918 58 32 (nr
1534 1915 81 32 279)

136 2002 43 21 av
197 1992 81 29 herr
298 1989 136 31 Ekdahl
454 1986 226 31 hemställdes
701 1994 57 19 om
778 1981 188 38 utredning
986 1979 66 29 och
1073 1977 131 38 förslag
1224 1973 148 31 rörande
1394 1966 226 48 möjligheten

138 2048 60 32 att,
228 2045 62 29 där
317 2041 276 31 vederbörandes
623 2036 228 32 ekonomiska
881 2031 247 32 förhållanden
1159 2030 57 28 det
1246 2024 221 33 motiverade,
1498 2030 124 31 genom

139 2097 239 38 samhälleliga
404 2094 160 40 åtgärder
588 2092 123 38 bringa
736 2088 194 38 ersättning
955 2086 54 29 för
1034 2085 83 29 eller
1142 2082 115 29 lindra
1281 2077 205 33 ekonomisk
1513 2074 110 30 skada

141 2161 75 20 som
240 2150 146 30 drabbat
410 2157 41 21 av
475 2147 93 29 brott
592 2144 152 30 träffade
769 2149 176 32 personer,
969 2138 94 30 vilka
1087 2136 76 30 icke
1189 2143 123 31 genom
1337 2133 10 28 i
1374 2133 75 37 laga
1475 2130 149 37 ordning

141 2205 138 29 utdömt
294 2200 211 32 skadestånd
519 2199 83 29 eller
616 2205 123 31 genom
753 2193 195 38 ersättning
961 2192 11 28 i
986 2199 118 22 annan
1119 2189 91 29 form
1225 2187 117 29 kunde
1357 2185 111 29 hållas
1483 2183 141 29 skades-

141 2258 73 28 lösa
238 2257 54 28 för
313 2255 79 29 dem
416 2252 179 38 tillfogade
618 2249 176 30 förluster.
817 2244 226 32 Beträffande
1066 2243 57 28 det
1146 2241 78 33 sätt,
1247 2239 107 38 varpå
1376 2235 249 31 skadelidande

142 2309 113 30 skulle
273 2309 120 28 kunna
411 2305 126 30 tänkas
555 2303 132 29 erhålla
705 2299 205 37 ersättning,
929 2295 146 32 anförde
1094 2293 234 30 motionären:

186 2381 49 28 De
255 2379 10 29 i
285 2377 187 37 anledning
491 2385 42 20 av
552 2374 179 38 begångna
750 2371 93 28 brott
864 2369 50 29 till
936 2367 218 30 statskassan
1176 2362 195 39 inflytande
1390 2357 237 32 bötesmedlen

143 2425 239 39 representera
404 2419 194 40 betydande
621 2417 109 38 årliga
754 2415 140 37 belopp;
919 2410 204 39 budgetåret
1150 2407 139 33 1944/45
1314 2404 173 40 uppgingo
1511 2403 40 28 de
1575 2400 52 30 till

145 2470 86 28 nära
247 2468 17 29 5
282 2467 174 38 miljoner.
472 2465 89 28 Vore
578 2462 57 29 det
651 2461 75 29 icke
742 2458 166 31 tänkbart
924 2458 51 28 att
991 2455 70 29 låta
1077 2463 41 20 en
1137 2452 53 29 del
1208 2460 42 21 av
1266 2451 101 29 dessa
1384 2447 245 30 statsinkoms-

145 2516 52 27 ter
217 2513 35 29 få
271 2521 41 20 en
333 2510 131 39 ganska
485 2506 167 31 moralisk
673 2502 225 38 användning
918 2508 122 31 genom
1063 2500 50 28 att
1134 2496 131 38 årligen
1286 2494 135 29 avsätta
1441 2492 113 37 någon
1574 2488 54 30 del
