2172 2644
413 186 17 31 4
861 188 98 33 Stats-
968 188 161 34 Utskottets
1157 189 164 35 Utlåtande
1344 190 63 33 N:o
1429 194 47 30 16.

1080 718 77 42 N:o
1190 717 59 41 I6.

979 879 68 25 Ank,
1067 879 43 25 till
1130 879 93 26 Biksd.
1244 881 96 25 Kansli
1360 882 52 25 den
1433 884 30 23 24
1484 883 80 26 Febr,
1585 885 71 31 1881,
1676 885 35 25 kl.
1732 888 13 22 3
1766 894 21 17 e,
1807 895 33 17 m,

570 1013 190 46 Utlåtande,
795 1016 11 33 i
841 1016 183 47 anledning
1057 1019 45 45 af
1138 1019 119 47 Kongl.
1286 1021 124 45 Maj:ts
1428 1024 210 45 proposition
1666 1037 52 24 om
1743 1027 156 45 rättighet
1919 1027 56 46 för

763 1075 262 38 Karlskrona—
1038 1077 101 37 Vexiö
1166 1080 346 49 jernvägsaktiebolag
1547 1087 48 33 att
1626 1085 51 46 på
1711 1098 40 23 en
1774 1086 91 47 gång
1887 1088 86 36 åter-

762 1136 107 36 betula
906 1137 74 36 hela
1007 1138 189 38 återstoden
1223 1142 44 43 af
1286 1142 54 35 det
1366 1142 52 36 till
1445 1143 141 46 bolagets
1602 1142 372 56 Jernvägsanläggning

761 1196 152 36 erhållna
939 1197 151 37 statslån.

1759 1255 52 44 (R.
1835 1256 52 45 A).

485 1390 125 44 Enligt
643 1396 115 41 nådigt
785 1396 75 35 bref
886 1398 61 33 den
979 1401 41 32 15
1048 1400 197 43 September
1270 1405 89 33 1871
1389 1404 165 44 beviljade
1584 1407 117 41 Kongl.
1727 1408 92 43 Maj:t
1843 1410 57 33 det
1923 1411 49 32 för

364 1444 173 34 utförande
571 1446 34 32 af
628 1457 40 22 en
688 1447 141 42 jernväg
852 1450 122 33 mellan
1001 1451 104 34 Vexiö
1131 1453 62 32 och
1221 1454 207 35 Karlskrona
1456 1457 137 34 bildade
1617 1459 354 36 Karlskrona—Vexiö

358 1496 352 44 Jernvägsaktiebolag
747 1503 48 29 ett
821 1500 262 36 låneunderstöd
1111 1504 35 33 af
1168 1507 194 40 2,600,000
1389 1507 131 42 kronor,
1548 1513 50 29 att
1626 1511 104 33 under
1758 1514 81 32 åren
1865 1510 106 51 1872,

366 1548 92 33 1873
495 1548 60 33 och
599 1551 93 32 1874
728 1551 75 33 med
843 1551 176 36 bestämda
1058 1554 120 44 belopp
1208 1556 111 43 hvarje
1344 1559 87 41 gåvg
1459 1561 80 41 utgå
1562 1561 36 33 af
1623 1562 58 33 det
1703 1563 72 33 utaf
1799 1566 89 32 1871
1917 1567 53 31 års

363 1598 145 43 Riksdag
537 1599 162 44 beviljade
728 1605 94 30 extra
846 1604 113 42 anslag
983 1606 19 32 å
1028 1607 218 42 10,000,000
1273 1609 133 42 krouor,
1432 1611 105 34 under
1561 1612 115 42 vilkor,
1705 1614 102 34 bland
1831 1618 139 39 anunat,
1951 1605 22 56 i

363 1651 147 40 enlighet
532 1652 75 32 med
635 1652 207 43 Riksdagens
866 1655 125 33 beslut:

463 1705 49 30 alt
535 1704 194 33 annuiteten
758 1705 50 33 för
831 1706 250 42 lånebidragets
1107 1710 235 41 återgäldande
1366 1713 107 33 skulle
1502 1714 163 35 beräknas
1689 1717 49 32 till
1760 1729 57 22 sex
1829 1724 141 37 procent

361 1755 20 30 å
405 1754 232 42 ursprungliga
660 1756 237 43 lånebeloppet
922 1759 61 32 och
1010 1760 94 33 deraf
1126 1760 84 34 först
1237 1763 186 42 godtgöras
1449 1769 96 30 ränta
1567 1767 85 33 efter
1679 1767 62 34 fem
1766 1769 51 33 för
1840 1770 129 34 hundra

361 1806 19 30 å
405 1805 134 40 oguldet
566 1806 248 44 kapitalbelopp
843 1809 63 32 och
931 1811 194 33 återstoden
1149 1816 118 37 utgöra
1294 1814 207 44 afbetalning
1525 1818 96 41 derå
1607 1813 16 51 ;

461 1859 49 29 att
544 1858 200 33 räntefrihet
785 1861 19 31 å
837 1860 113 43 hvarje
989 1862 158 33 särskildt
1180 1864 121 43 belopp
1325 1866 34 32 af
1380 1867 302 37 låneunderstödet
1704 1873 87 41 tinge
1820 1874 146 41 åtnjutas

360 1907 108 32 under
492 1910 48 30 tre
565 1910 37 31 år
628 1909 72 33 från
726 1910 63 33 den
813 1910 177 35 bestämda
1012 1913 284 44 lyftningsdagen;
1321 1917 86 33 dock
1430 1919 72 33 icke
1531 1920 129 34 utöfver
1683 1926 49 29 ett
1755 1925 36 32 år
1814 1924 71 34 från
1902 1926 64 33 den

362 1959 14 31 1
410 1958 150 33 Oktober
585 1961 104 39 1875,
719 1961 43 33 då
784 1961 109 34 banan
918 1963 104 34 borde
1053 1975 79 23 vara
1154 1966 107 43 färdig
1287 1968 62 33 och
1373 1969 54 33 för
1453 1971 97 33 trafik
1575 1974 150 41 öppnad;
1749 1978 83 30 samt

460 2012 49 30 att
535 2010 336 45 kapitalafbetalning
899 2014 105 34 skulle
1032 2016 57 33 ske
1112 2017 107 34 första
1242 2020 132 40 gången
1399 2021 62 32 den
1488 2023 15 31 1
1532 2022 152 35 Oktober
1710 2027 105 33 1878.

492 2061 72 33 Den
604 2064 18 31 5
649 2063 139 41 Augusti
814 2066 93 32 1874
937 2065 137 44 började
1098 2069 139 33 trafiken
1262 2071 20 32 å
1309 2070 122 42 banan,
1455 2073 62 33 och
1540 2074 72 40 har,
1639 2078 44 40 på
1710 2080 67 30 sätt
1800 2079 163 41 styrelsen

359 2111 52 31 för
434 2112 363 36 Karlskrona—Vexiö
831 2116 352 45 jernvägsaktiebolag
1223 2121 10 31 i
1275 2132 41 22 en
1351 2123 48 32 till
1430 2124 119 42 Kongl.
1575 2126 92 43 Maj:t
1694 2128 145 41 ingifven
1867 2130 97 34 skrift

359 2161 119 41 anfört,
514 2164 150 33 rörelsen
704 2165 81 34 derå
812 2167 11 31 i
858 2169 162 42 väsentlig
1060 2171 75 31 mån
1163 2175 183 31 motsvarat
1369 2174 58 34 det
1449 2176 150 41 resultat,
1623 2189 70 22 som
1718 2179 97 34 deraf
1836 2180 127 35 kunnat

357 2212 177 40 förväntas,
569 2217 37 30 så
630 2219 48 29 att
706 2217 64 32 den
798 2219 151 33 annuitet
977 2220 34 33 af
1038 2222 156 40 156,000
1223 2223 135 41 kronor,
1388 2237 71 21 som
1483 2227 109 33 skolat
1616 2229 47 32 till
1687 2231 201 33 statsverket
1911 2244 51 21 er-

357 2263 129 44 läggas,
529 2264 125 37 kunnat
693 2268 105 34 under
831 2269 41 35 de
905 2271 85 34 efter
1017 2271 127 35 banans
1168 2275 174 42 öppnande
1370 2276 161 37 förflutna
1554 2281 37 32 år
1616 2280 10 33 i
1651 2280 139 45 behörig
1820 2283 140 44 ordning
