1906 2832
543 180 295 35 Statsutskottets
856 181 185 36 utlåtande
1061 182 55 35 Nr
1139 185 74 31 203.
1582 188 42 30 13

130 260 104 37 rörts,
253 258 115 34 såsom
387 257 164 43 frågorna
570 271 57 22 om
648 259 198 35 beredande
866 273 46 21 av
932 266 98 29 extra
1048 262 174 35 ordinarie
1242 263 214 43 anställning
1474 265 38 33 åt
1531 264 94 33 vissa

131 302 151 33 vikarier
301 303 65 33 och
386 315 58 21 om
465 303 198 35 beredande
684 316 45 21 av
749 304 406 45 tillsvidareanställning
1175 307 39 34 åt
1233 307 164 43 samtliga
1417 313 96 29 extra
1533 309 91 33 ordi-

131 347 97 33 narie
245 347 121 40 lärare,
383 347 47 34 ha
447 347 120 34 vidare
584 349 182 42 upptagits
783 349 51 34 till
852 350 202 42 ytterligare
1072 351 188 43 utredning
1277 364 45 21 av
1341 355 84 31 1941
1446 355 55 32 års
1518 353 106 34 lärar-

135 391 314 43 lönesakkunniga,
470 392 112 34 vilkas
601 393 131 43 förslag
749 394 11 33 i
781 397 119 31 ämnet
921 394 95 35 förut
1037 395 114 34 denna
1172 396 68 43 dag
1261 397 152 34 anmälts
1435 410 44 21 av
1501 397 123 34 chefen

134 435 56 33 för
211 435 411 43 finansdepartementet.
644 438 68 42 Jag
733 441 123 31 ämnar
877 439 174 42 härjämte
1074 440 96 34 inom
1191 440 81 35 kort
1293 440 176 44 förelägga
1491 442 132 43 Kungl.

134 480 112 42 Maj:t
272 480 129 43 förslag
426 493 57 22 om
511 482 127 34 ändrat
664 482 261 44 förfaringssätt
952 484 59 34 vid
1038 484 220 35 tillsättande
1286 498 45 21 av
1358 486 266 35 icke-ordinarie

134 524 244 43 lärartjänster
396 526 10 33 i
426 525 93 43 syfte
538 531 53 29 att
610 527 248 35 åstadkomma
877 528 150 43 vidgade
1046 530 176 42 garantier
1240 529 53 35 för
1313 535 55 30 att
1387 534 129 31 största
1535 531 88 43 möj-

134 569 66 42 liga
220 570 86 33 hänsyn
375 570 123 34 därvid
519 571 84 34 skall
624 577 99 37 tagas
743 573 50 33 till
813 573 40 33 de
874 573 168 35 sökandes
1060 574 142 34 meriter
1220 575 53 34 för
1292 575 64 34 den
1377 576 102 34 sökta
1498 576 125 34 befatt-

134 613 141 43 ningen.
332 614 149 44 Ätskilligt
504 615 64 34 har
592 616 147 34 sålunda
764 617 107 34 redan
897 617 109 43 gjorts
1032 618 80 34 eller
1136 619 101 34 torde
1261 619 145 34 komma
1432 624 54 30 att
1511 624 112 38 göras,

134 661 109 39 ägnat
263 663 54 30 att
337 659 126 34 mildra
483 660 258 43 verkningarna
762 674 44 21 av
826 661 360 36 folkskoleväsendets
1207 663 279 45 rationalisering
1505 665 54 34 för
1580 666 43 33 de

132 702 233 35 obefordrade
395 704 150 34 lärarna.
574 705 122 43 Några
725 706 213 43 ytterligare,
967 718 95 23 mera
1092 708 296 42 genomgripande
1419 710 163 42 åtgärder
1611 710 11 34 i

134 747 112 34 sådan
267 747 156 44 riktning
444 752 39 30 är
502 749 60 43 jag
580 749 76 34 icke
678 749 54 35 för
753 751 221 34 närvarande
995 751 129 35 beredd
1147 757 56 29 att
1223 752 152 35 förorda.

174 828 400 42 Departementschefen
594 830 65 34 har
678 830 173 36 beräknat
871 831 291 43 anslagsbehovet
1180 832 56 34 för
1255 836 104 31 nästa
1378 833 174 43 budgetår
1571 834 53 34 till

130 884 226 37 134,000,000
377 882 66 34 och
463 882 11 34 i
495 883 174 34 samband
690 883 144 35 därmed
855 884 129 35 anfört:

175 952 232 35 Beträffande
445 954 419 43 anslagsberäkningarna
902 955 55 35 får
992 956 60 43 jag
1089 956 125 41 erinra,
1253 962 56 29 att
1346 958 108 43 enligt
1493 958 58 35 det
1578 971 45 21 av

128 996 125 35 chefen
283 997 54 36 för
366 997 401 44 finansdepartementet
798 1000 115 34 denna
944 1001 68 42 dag
1040 1001 187 35 förordade
1257 1002 167 43 förslaget
1454 1003 51 33 till
1535 1003 88 33 folk-

128 1041 143 34 skolans
311 1042 395 43 avlöningsreglemente
746 1044 88 34 skall
873 1045 52 35 till
953 1045 109 34 lärare
1100 1046 61 34 vid
1191 1046 115 34 skolor
1333 1047 94 34 inom
1457 1048 91 33 vissa
1577 1060 47 21 av

129 1086 109 34 rikets
276 1086 213 43 nordligaste
527 1091 197 39 gränsorter
762 1090 85 41 utgå
887 1090 228 42 språktillägg
1142 1091 81 34 med
1255 1095 63 30 150
1347 1092 130 33 kronor
1503 1092 54 34 för
1584 1093 40 33 år

127 1130 131 34 räknat
286 1131 108 43 enligt
423 1131 43 35 de
493 1132 161 42 grunder,
682 1145 76 22 som
785 1133 193 35 fastställas
1006 1146 45 22 av
1078 1135 133 42 Kungl.
1239 1135 123 43 Maj:t.
1390 1136 128 43 Någon
1545 1137 78 33 sak-

127 1175 47 43 lig
204 1175 147 43 ändring
380 1188 46 21 av
454 1177 160 42 gällande
642 1178 263 34 bestämmelser
933 1179 145 34 innebär
1107 1180 100 34 detta
1235 1180 129 43 förslag
1391 1181 86 34 icke.
1506 1181 116 34 Emel-

126 1219 105 35 lertid
256 1220 131 34 erinrar
411 1220 60 44 jag
496 1221 10 34 i
532 1221 99 35 detta
657 1223 267 43 sammanhang,
950 1228 55 31 att
1029 1224 239 34 kostnaderna
1294 1224 55 35 för
1374 1238 48 21 nu
1447 1226 175 42 utgående

131 1265 225 42 språktillägg
379 1265 168 35 bestridas
570 1266 78 34 från
673 1266 299 45 förslagsanslaget
996 1269 51 33 till
1073 1268 376 45 folkundervisningens
1474 1271 148 34 befräm-

132 1308 107 42 jande
258 1309 10 33 i
288 1309 107 34 rikets
415 1310 214 43 nordligaste
647 1314 199 39 gränsorter
865 1324 47 22 m.
932 1325 46 21 m.
998 1313 67 34 Vid
1085 1313 99 34 bifall
1204 1314 52 33 till
1276 1314 63 34 det
1359 1327 45 21 av
1425 1314 122 35 chefen
1568 1315 55 34 för

131 1352 402 44 finansdepartementet
563 1354 187 36 förordade
780 1356 166 43 förslaget
976 1358 100 34 torde
1107 1358 187 43 tillräcklig
1326 1359 188 43 anledning
1545 1360 76 34 icke

131 1398 120 42 längre
272 1397 165 44 föreligga
459 1403 54 30 att
534 1399 73 34 låta
629 1400 115 34 denna
766 1401 217 34 löneförmån
1005 1402 85 42 utgå
1112 1402 10 34 i
1145 1415 118 21 annan
1286 1403 149 43 ordning
1456 1404 64 34 och
1541 1404 79 34 från

133 1447 111 29 annat
265 1443 121 42 anslag
404 1446 45 30 än
469 1443 120 43 övriga
609 1444 109 43 enligt
738 1445 60 34 det
818 1458 71 30 nya
910 1446 226 42 reglementet
1157 1448 176 41 utgående
1354 1447 266 35 löneförmåner.

131 1486 69 42 Jag
221 1486 159 34 förordar
402 1487 130 40 därför,
555 1493 55 29 att
632 1489 149 43 ändring
802 1489 215 35 härutinnan
1041 1490 160 43 vidtages
1225 1491 76 34 från
1324 1492 67 33 och
1415 1494 78 33 med
1518 1496 103 31 nästa

132 1530 183 43 budgetår.
333 1531 130 43 Någon
483 1532 208 43 omräkning
710 1546 45 21 av
775 1534 58 34 det
853 1546 45 21 av
918 1534 184 44 riksdagen
1122 1535 55 34 för
1196 1539 103 30 nästa
1319 1536 174 43 budgetår
1512 1537 109 34 redan

130 1575 173 41 beviljade
322 1575 300 44 förslagsanslaget
641 1578 52 34 till
712 1578 379 43 folkundervisningens
1111 1579 239 43 befrämjande
1368 1582 10 33 i
1397 1581 106 34 rikets
1520 1582 101 33 nord-

131 1618 125 43 ligaste
277 1623 200 39 gränsorter
499 1633 102 31 synes
622 1621 77 34 icke
721 1622 111 35 härav
854 1622 177 44 påkallad.

171 1699 400 42 Departementschefen
592 1701 64 34 har
677 1702 119 34 vidare
817 1702 172 43 tillstyrkt
1010 1703 85 34 ökat
1115 1703 125 44 bidrag
1260 1704 53 34 till
1335 1705 165 43 avlöning
1520 1706 38 34 åt
1579 1705 42 34 de

126 1753 153 33 svenska
301 1752 395 36 folkskollärarinnorna
718 1755 10 34 i
752 1755 118 34 Berlin
892 1756 66 34 och
981 1757 187 43 Hamburg
1191 1758 81 34 med
1296 1761 98 37 1,100
1418 1758 126 34 kronor
1567 1759 54 34 för

126 1817 110 22 envar
259 1818 45 21 av
327 1806 92 34 dem.
442 1804 31 36 Å
497 1807 109 34 andra
629 1808 100 35 sidan
752 1809 65 33 har
839 1809 264 43 statsbidraget,
1126 1823 49 21 nu
1199 1814 99 36 2,800
1322 1811 140 41 kronor,
1485 1812 52 34 till
1560 1824 60 22 av-

124 1859 121 42 löning
269 1860 37 33 åt
332 1872 40 21 en
400 1860 330 35 småskollärarinna
755 1862 59 33 vid
840 1863 151 33 svenska
1016 1863 121 34 skolan
1161 1864 11 33 i
1197 1864 119 34 Berlin
1342 1870 133 30 ansetts
1498 1865 122 34 kunna

125 1912 128 42 slopas.
277 1911 170 43 Slutligen
471 1913 64 33 har
559 1913 386 43 departementschefen
968 1915 171 35 förutsatt
1164 1921 66 35 att,
1255 1917 117 36 därest
1397 1918 60 34 det
1480 1918 140 34 komme

125 1969 56 29 att
201 1965 75 33 visa
297 1965 50 42 sig
367 1965 162 43 lämpligt
549 1971 55 30 att
624 1967 158 34 anordna
802 1968 147 34 särskild
969 1969 250 43 undervisning
1237 1969 54 34 för
1310 1970 11 33 i
1343 1970 197 35 skolåldern
1559 1984 60 21 va-

125 2018 110 34 rande
253 2017 115 35 finska
388 2018 100 43 barn,
507 2019 94 34 vilka
620 2021 47 42 på
686 2021 114 41 grund
819 2034 44 21 av
883 2021 155 36 rådande
1056 2022 244 35 förhållanden
1320 2024 299 43 omhändertagits

124 2071 10 33 i
157 2070 153 44 Sverige,
332 2072 113 34 medel
468 2072 55 34 för
545 2073 203 35 ändamålet
770 2074 110 34 skulle
901 2074 36 34 få
962 2076 84 41 utgå
1067 2075 80 34 från
1169 2075 269 44 ifrågavarande
1459 2077 160 44 förslags-

125 2124 133 43 anslag.

170 2239 19 34 I
211 2240 42 33 de
272 2240 227 42 likalydande
518 2242 218 34 motionerna
756 2243 31 33 I:
799 2246 45 30 35
863 2243 66 33 och
948 2244 51 33 II:
1012 2247 44 30 65
1075 2244 131 34 erinras
1227 2257 58 21 om
1306 2246 202 42 riksdagens
1512 2235 19 57 i
1556 2245 62 43 fjol

125 2292 124 42 gjorda
268 2294 186 33 uttalande
473 2306 57 21 om
548 2295 121 33 vikten
689 2307 45 22 av
752 2300 56 29 att
825 2296 203 35 varsamhet
1047 2297 175 42 iakttages
1242 2298 58 33 vid
1320 2298 116 34 beslut
1454 2311 44 21 av
1517 2300 102 33 ratio-

124 2345 186 42 nalisering
328 2358 46 21 av
391 2345 352 36 folkskoleväsendet.
762 2349 73 34 Det
853 2348 199 35 framhålles
1069 2349 132 42 vidare,
1221 2355 54 29 att
1294 2350 42 34 de
1354 2351 169 34 särskilda
1541 2353 78 32 svå-

126 2398 161 42 righeter,
305 2411 74 21 som
395 2399 167 43 krisläget
580 2400 154 35 medfört
750 2401 11 33 i
778 2400 99 43 fråga
893 2414 57 21 om
968 2402 228 35 anordnande
1214 2403 10 33 i
1242 2403 172 34 samband
1433 2404 78 34 med
1528 2404 91 33 skol-

124 2451 248 43 indragningar
397 2464 45 21 av
468 2452 232 43 skolskjutsar
724 2454 65 33 och
813 2454 265 43 inackordering
1103 2467 45 22 av
1173 2456 176 40 skolbarn,
1374 2462 119 37 syntes
1517 2458 102 33 moti-
