1866 2844
456 160 394 35 Jordbruksutskottets
872 156 189 35 utlåtande
1083 156 52 32 Nr
1161 157 52 30 59.
1526 154 18 30 1

761 363 58 41 Nr
848 363 63 41 59.

593 482 112 24 Ankom
725 482 44 23 till
788 480 164 32 riksdagens
971 480 92 24 kansli
1083 479 54 24 den
1158 480 14 23 5
1192 478 72 31 april
1286 478 66 24 1935
1371 477 38 24 kl.
1429 478 12 23 1
1464 484 22 17 e.
1506 482 37 17 m.

190 577 191 33 Utlåtande
415 578 14 30 i
463 576 191 36 anledning
681 584 45 22 av
750 574 130 36 Kungl.
905 572 123 38 Maj:ts
1051 571 223 37 proposition
1297 569 180 38 angående
1500 578 88 27 upp-

387 629 125 32 låtelse
546 638 43 22 av
623 628 96 31 wvissa
748 626 167 33 områden
940 625 57 32 till
1019 627 135 29 statens
1177 623 158 32 centrala
1357 622 229 37 frökontroll-

389 681 143 32 anstalt.

1360 728 67 37 (2:a
1450 726 92 38 avd.)

119 839 18 31 I
159 849 42 21 en
225 839 56 31 till
305 838 183 36 riksdagen
512 837 65 31 den
600 838 19 30 1
644 845 95 22 mars
763 835 84 32 1935
871 835 151 36 avlåten,
1047 834 56 31 till
1127 832 353 38 jordbruksutskottet
1503 831 82 31 hän-

74 892 101 33 visad
210 891 218 37 proposition,
464 900 43 21 nr
539 889 73 37 136,
647 890 65 30 har
745 888 133 37 Kungl.
903 887 111 37 Maj:t,
1039 886 108 32 under
1170 884 214 38 åberopande
1408 895 44 20 av
1476 884 109 37 bilagt

74 944 126 37 utdrag
236 954 45 21 av
307 941 372 38 statsrådsprotokollet
702 943 82 29 över
806 939 336 38 jordbruksärenden
1166 939 55 30 för
1244 947 131 22 samma
1398 937 78 37 dag,
1500 937 84 31 före-

71 997 109 37 slagit
214 996 185 37 riksdagen
433 996 52 31 att
518 995 78 31 från
630 993 318 36 kronoegendomen
971 992 231 37 Bergshamra
1226 1001 42 20 nr
1292 992 17 30 1
1334 991 12 30 i
1370 990 214 31 Stockholms

71 1049 79 32 stad
182 1050 64 30 och
280 1049 59 31 län
373 1049 57 30 må
459 1066 40 3 —
523 1048 43 36 på
589 1048 12 30 i
624 1046 185 32 huvudsak
833 1045 38 31 de
895 1045 139 36 villkor,
1057 1054 73 21 som
1154 1043 196 36 föreslagits
1373 1043 13 30 i
1409 1042 175 32 statsråds-

72 1102 206 37 protokollet
301 1119 40 4 —
365 1101 57 31 till
445 1102 126 30 statens
593 1099 156 32 centrala
771 1097 338 33 frökontrollanstalt
1132 1097 53 31 för
1208 1095 95 32 tiden
1326 1096 42 30 14
1388 1105 94 21 mars
1498 1093 84 33 1935

76 1155 84 31 —14
195 1164 93 21 mars
322 1154 84 31 1944
442 1153 157 37 upplåtas
632 1152 41 32 de
708 1151 163 32 områden
905 1161 46 21 av
984 1149 218 37 egendomen,
1238 1158 72 21 som
1332 1148 176 31 institutet
1529 1147 54 31 för

72 1206 343 37 husdjursförädling
439 1205 169 32 förklarat
630 1205 54 35 sig
707 1204 106 32 önska
836 1202 237 33 förstnämnda
1096 1201 66 37 dag
1187 1199 189 33 frånträda.

115 1259 223 31 Beträffande
371 1258 231 36 utredningen
636 1257 13 30 i
684 1256 139 31 ärendet
850 1256 131 31 tillåter
1009 1255 53 36 sig
1086 1254 168 31 utskottet
1276 1252 147 31 hänvisa
1447 1252 54 31 till
1526 1251 56 33 det

72 1312 61 32 vid
156 1312 256 36 propositionen
435 1310 120 37 fogade
577 1308 379 37 statsrådsprotokollet.

115 1416 186 36 Utskottet,
325 1425 73 22 som
421 1415 153 32 biträder
598 1414 55 32 det
677 1414 196 36 framlagda
896 1414 173 36 förslaget,
1094 1412 209 36 hemställer,

517 1511 51 30 att
592 1510 182 36 riksdagen
797 1510 57 30 må
877 1509 123 31 bifalla
1022 1507 226 32 förevarande
1271 1507 220 37 proposition.

114 1615 203 31 Stockholm
339 1615 66 32 den
430 1615 17 31 5
472 1615 90 36 april
585 1614 96 32 1935.

502 1718 51 31 På
576 1717 388 37 jordbruksutskottets
990 1718 153 34 vägnar:

626 1819 35 33 C.
683 1819 34 33 J.
766 1818 262 32 JOHANSSON.

115 2072 54 24 Vid
189 2072 78 24 detta
285 2073 116 24 ärendes
421 2072 228 31 slutbehandling
669 2072 71 24 hava
759 2072 134 24 närvarit:

114 2122 62 27 från
203 2126 106 24 första
332 2126 213 24 kammaren:
566 2125 98 24 herrar
688 2126 169 29 Sederholm,
875 2127 106 28 August
1002 2126 119 27 Nilsson,
1143 2125 66 24 Carl
1228 2125 142 29 Eriksson,
1392 2125 183 30 Gabrielsson,

69 2177 52 17 von
142 2170 210 29 Stockenström,
374 2171 135 27 Granath,
528 2170 104 30 Fritiof
647 2170 151 30 Gustafson
818 2170 51 23 och
889 2170 188 24 Henriksson:
1096 2171 72 22 samt

113 2219 62 27 från
200 2222 106 24 andra
325 2222 207 24 kammaren:
559 2222 97 24 herrar
675 2223 161 23 Johansson
856 2223 7 23 i
889 2222 167 31 Uppmälby,
1080 2222 168 30 Uddenberg,
1271 2222 97 24 Olsson
1388 2223 8 22 i
1418 2221 157 32 Rödnings-

67 2265 73 32 berg,
163 2266 152 30 Gustafson
340 2267 8 23 i
369 2266 165 30 Kasenberg,
553 2266 157 24 Andersson
731 2266 7 23 i
760 2266 105 28 Löbbo,
887 2266 159 26 Carlström,
1067 2265 131 30 Liedberg
1219 2265 54 24 och
1293 2266 152 23 Pettersson
1460 2266 7 22 i
1484 2266 89 24 Rosta.

70 2513 111 31 Bihang
199 2514 41 24 till
258 2514 164 31 riksdagens
443 2514 143 32 protokoll
608 2516 75 23 1935.
726 2516 31 23 10
776 2517 79 23 saml.
896 2516 38 23 Nr
953 2516 111 24 59—062.
1527 2512 9 24 1

1639 1410 138 24 Utskottet.
