1902 2832
257 152 39 29 14
697 155 231 29 Statsutskottets
950 157 148 27 utlåtande
1120 157 48 26 Nr
1191 158 47 28 91.

254 226 56 40 (IT:
337 227 72 40 280)
442 239 38 19 av
513 228 80 31 herr
619 229 34 30 T.
686 229 33 31 V.
744 229 141 32 Lundell
908 241 36 20 m.
961 231 46 39 fl.,
1032 230 72 31 vari
1137 230 203 33 hemställts,
1376 232 49 29 att
1458 231 182 41 riksdagen
1665 232 10 30 i
1700 243 57 19 nu-

253 277 149 31 varande
425 278 72 41 läge
525 280 106 29 måtte
654 280 92 30 avslå
768 280 222 31 förevarande
1013 280 232 42 proposition;

307 328 67 31 dels
408 329 52 29 två
493 328 217 41 likalydande
744 330 179 38 motioner,
956 330 120 31 väckta
1110 330 64 31 den
1209 342 63 19 ena
1304 331 93 31 inom
1431 332 107 30 första
1561 332 194 31 kammaren

253 377 37 41 (I:
316 378 72 40 216)
412 389 38 20 av
473 378 77 31 herr
578 379 127 40 Gustaf
722 380 161 31 Karlsson
905 392 37 19 m.
952 382 38 39 fl.
1016 381 64 31 och
1105 381 65 31 den
1193 381 107 31 andra
1322 381 93 31 inom
1439 382 107 31 andra
1560 382 195 31 kammaren

252 427 58 41 (IT:
336 428 71 42 290)
441 440 38 19 av
513 429 80 31 herr
630 430 36 31 G.
691 430 39 30 E.
755 431 186 31 Andersson
974 431 11 31 i
1021 430 194 42 Södergård
1239 443 38 19 m.
1296 433 49 39 f.,
1370 433 70 30 vari
1473 432 205 38 hemställts,
1707 436 50 28 att

251 478 184 42 riksdagen
458 479 57 31 vid
537 479 99 32 bifall
659 480 52 31 till
734 481 261 41 propositionen
1020 493 40 19 nr
1085 483 59 30 118
1164 484 105 29 måtte
1285 483 109 30 uttala
1409 483 52 40 sig
1476 483 52 31 för
1544 485 51 29 att
1611 483 42 31 de
1669 483 90 32 olika

251 529 283 31 folkrörelsernas
568 530 291 43 lokalföreningar
892 532 100 31 såvitt
1019 532 134 42 möjligt
1176 533 77 31 med
1278 533 78 31 stöd
1380 544 40 20 av
1442 533 163 31 kommun
1629 534 12 31 i
1663 535 91 40 regel

252 579 87 31 böra
372 581 75 39 taga
479 580 151 32 initiativ
662 581 53 31 till
745 582 229 41 lokalfrågans
997 582 140 42 lösning
1160 585 87 29 samt
1270 584 102 30 ställa
1395 584 51 41 sig
1470 594 74 21 som
1568 584 188 41 företagare

253 632 90 29 samt
377 632 49 29 att
452 631 41 31 de
516 632 214 41 synpunkter
753 643 75 20 som
851 632 12 31 i
887 633 108 41 övrigt
1018 633 131 31 anförts
1171 633 12 31 i
1206 633 176 32 motionen
1406 636 104 29 måtte
1533 634 142 32 beaktas
1698 635 57 31 vid

251 680 203 32 utfärdande
477 693 40 19 av
539 682 262 32 bestämmelser
823 683 53 31 för
897 683 12 31 i
931 683 263 42 propositionen
1217 684 194 41 föreslagen
1433 685 232 38 verksamhet;

305 731 67 31 dels
395 731 53 32 ock
469 743 41 20 en
533 732 95 32 inom
652 733 106 31 andra
779 734 195 31 kammaren
998 745 40 20 av
1061 734 79 31 herr
1166 734 37 32 G.
1223 735 164 39 Skoglund
1402 734 11 31 i
1428 735 111 32 Umeå
1554 747 39 20 m.
1604 737 38 39 fl.
1659 736 98 31 väckt

250 781 134 32 motion
406 781 55 41 (IT:
485 782 83 41 281),
602 783 71 31 vari
701 783 205 39 hemställts,
930 786 49 29 att
1001 784 183 42 riksdagen
1207 785 79 31 ville
1310 785 53 31 för
1385 785 203 41 budgetåret
1613 786 136 39 1942/43

251 831 122 32 anvisa

303 881 31 42 a)
367 882 108 32 under
496 883 105 31 femte
625 884 217 32 huvudtiteln
866 885 53 31 till
940 885 129 41 Bidrag
1092 885 53 32 till
1167 885 223 32 anordnande
1412 897 39 20 av
1475 886 172 32 allmänna
1671 898 82 20 sam-

248 932 222 41 lingslokaler
492 935 50 29 ett
565 934 351 42 reservationsanslag
937 947 39 19 av
1002 936 169 38 2,500,000
1192 936 141 38 kronor;

301 982 35 42 b)
356 985 19 29 å
394 983 302 42 kapitalbudgeten
711 985 111 31 under
837 985 398 42 Kapitalinvesteringar,
1253 986 144 32 Fonden
1413 987 52 31 för
1480 987 271 32 låneunderstöd

248 1033 54 31 till
336 1033 75 31 Lån
433 1034 51 31 för
506 1035 223 31 anordnande
751 1030 41 36 av
816 1036 170 31 allmänna
1009 1036 296 41 samlingslokaler
1328 1039 50 29 ett
1399 1037 353 41 reservationsanslag

249 1085 19 29 å
291 1083 166 32 likaledes
480 1085 169 38 2,500,000
671 1085 136 32 kronor.

301 1134 20 31 I
353 1135 93 40 fråga
479 1145 54 21 om
558 1135 43 32 de
625 1135 81 39 skäl,
730 1136 253 32 motionärerna
1006 1137 114 31 anfört
1142 1137 52 31 till
1217 1138 80 31 stöd
1319 1138 53 31 för
1394 1138 75 31 sina
1490 1138 186 41 yrkanden,
1701 1139 50 30 får

248 1185 171 31 utskottet
441 1185 144 32 hänvisa
607 1186 53 31 till
683 1186 216 32 motionerna
920 1187 45 31 II:
989 1188 50 37 97,
1063 1188 28 30 I:
1116 1188 69 38 208,
1208 1188 27 31 I:
1260 1189 62 31 216
1346 1191 88 29 samt
1456 1188 47 31 II:
1528 1189 71 31 281.

301 1287 19 31 I
355 1287 162 32 skrivelse
551 1299 42 20 nr
619 1289 59 30 271
703 1289 117 31 anhöll
846 1289 77 31 1937
947 1291 55 29 års
1024 1289 140 41 riksdag
1186 1300 54 21 om
1264 1290 186 41 utredning
1475 1291 187 31 »huruvida
1685 1291 63 31 och

248 1339 44 39 på
315 1337 106 32 vilket
443 1339 68 30 sätt
534 1340 70 29 stat
627 1339 63 30 och
712 1339 165 31 kommun
899 1341 54 29 må
974 1339 118 31 kunna
1114 1340 195 31 medverka:

304 1387 29 42 1)
356 1388 74 32 dels
452 1388 52 31 till
527 1389 206 41 förbättring
755 1400 42 20 av
819 1390 104 31 redan
946 1401 47 19 nu
1015 1389 178 42 befintliga
1216 1391 305 41 samlingslokaler,
1545 1392 92 31 vilka
1660 1394 57 29 äro
1743 1392 10 31 i

248 1438 115 32 behov
386 1438 111 39 därav,

302 1488 31 41 2)
357 1488 73 32 dels
452 1500 123 30 genom
598 1490 56 30 lån
677 1490 63 31 och
757 1490 207 32 subvention
981 1490 178 32 stimulera
1174 1491 53 31 till
1243 1492 214 41 uppförande
1475 1504 40 20 av
1531 1504 67 30 nya
1612 1493 139 38 lokaler,

302 1538 31 42 3)
356 1539 74 32 dels
459 1540 63 31 ock
555 1540 260 42 undersökning
848 1552 55 20 om
933 1541 29 41 ej
993 1541 112 31 under
1132 1543 130 30 statens
1286 1542 65 31 och
1373 1543 266 32 kommunernas
1662 1544 92 30 med-

248 1590 127 31 verkan
409 1590 170 42 uppförda
612 1591 296 41 samlingslokaler
940 1593 54 30 må
1023 1592 117 31 kunna
1165 1592 11 31 i
1200 1592 89 32 ökad
1312 1593 206 42 omfattning
1540 1596 97 39 tagas
1660 1594 11 31 i
1694 1605 55 20 an-

249 1640 105 41 språk
386 1641 51 31 för
470 1641 42 31 de
546 1641 274 41 mångskiftande
849 1642 119 38 behot,
993 1653 75 21 som
1092 1644 43 40 på
1157 1642 94 32 detta
1274 1643 139 32 område
1437 1644 153 41 ständigt
1613 1645 133 31 anmäla

250 1701 83 31 sig.»

308 1742 84 31 Med
425 1742 186 41 anledning
640 1743 101 31 härav
763 1743 250 41 bemyndigade
1035 1743 127 42 Kungl.
1186 1744 99 41 Maj:t
1308 1745 67 31 den
1400 1746 37 30 19
1460 1746 186 32 november
1671 1747 78 30 1937

248 1792 122 31 chefen
394 1793 51 31 för
467 1793 383 41 socialdepartementet
871 1795 49 30 att
942 1793 145 32 tillkalla
1110 1794 212 42 sakkunniga
1345 1795 52 32 för
1419 1798 49 29 att
1484 1796 94 32 inom
1596 1796 157 42 departe-

249 1844 131 30 mentet
402 1843 134 31 biträda
559 1844 79 31 med
660 1843 185 42 utredning
867 1844 144 31 rörande
1033 1844 148 32 behovet
1204 1856 40 20 av
1266 1845 172 32 allmänna
1454 1847 297 41 samlingslokaler

249 1895 91 30 samt
363 1894 80 31 dess
466 1894 273 41 tillgodoseende
761 1905 126 31 genom
907 1895 204 31 medverkan
1128 1906 39 20 av
1183 1897 69 30 stat
1266 1896 66 31 och
1347 1896 162 32 kommun
1524 1897 105 41 jämte
1645 1898 106 31 andra

249 1944 143 31 därmed
425 1944 333 41 sammanhängande
781 1945 121 41 frågor.
946 1945 162 31 Rörande
1131 1946 41 31 de
1195 1945 120 32 därvid
1338 1947 201 31 meddelade
1562 1948 190 31 direktiven

248 1994 54 31 för
336 1994 44 31 de
411 1994 231 42 sakkunnigas
665 1995 116 31 arbete
804 1995 160 32 hänvisas
987 1995 54 31 till
1063 1996 263 41 propositionen
1349 2008 41 20 nr
1414 1998 68 37 118,
1507 1998 62 31 sid.
1595 1999 19 30 2
1637 1999 64 31 och
1723 1999 28 31 3.

302 2044 84 31 Med
420 2045 77 31 stöd
530 2056 42 20 av
606 2045 147 32 nämnda
787 2045 274 42 bemyndigande
1096 2046 206 32 tillkallades
1331 2047 65 31 den
1424 2048 19 31 3
1466 2048 181 32 december
1671 2049 79 31 1937

250 2096 116 30 såsom
401 2095 212 41 sakkunniga
645 2096 196 31 ledamoten
874 2107 40 20 av
945 2096 202 42 riksdagens
1175 2097 106 31 andra
1307 2097 180 39 kammare,
1511 2098 238 42 kyrkoherden

249 2145 46 31 H.
320 2145 137 39 Hallén,
480 2146 195 31 ledamoten
698 2157 40 21 av
760 2146 202 42 riksdagens
988 2147 109 31 första
1122 2147 179 36 kammare,
1323 2149 204 31 redaktören
1547 2149 39 31 E.
1604 2149 151 33 Anders-

250 2207 64 20 son
330 2195 12 32 i
358 2196 151 38 Bollnäs,
526 2196 195 32 ledamoten
738 2208 41 20 av
794 2197 201 41 riksdagens
1012 2197 107 32 andra
1134 2198 180 39 kammare,
1331 2199 304 42 hemmansägaren
1652 2200 40 32 G.
1710 2201 41 32 E.

249 2246 202 31 Andersson
474 2246 11 31 i
510 2247 204 41 Södergård,
737 2247 255 32 hovrättsrådet
1014 2248 39 31 E.
1078 2248 195 42 Eckerberg
1300 2249 64 31 och
1391 2249 192 32 dåvarande
1607 2251 145 31 sekrete-

248 2308 100 20 raren
371 2296 12 31 i
409 2296 157 42 Sveriges
591 2297 359 32 socialdemokratiska
974 2298 320 41 ungdomsförbund
1316 2300 107 31 Folke
1439 2300 197 42 Thunborg.
1669 2301 84 31 Där-

248 2347 107 41 jämte
378 2347 176 41 uppdrogs
579 2349 34 30 åt
636 2347 125 32 Hallén
785 2350 51 29 att
859 2360 77 19 vara
959 2348 214 32 ordförande.
1203 2349 115 32 Sedan
1341 2350 125 41 Kungl.
1494 2351 100 41 Maj:t
1621 2352 66 31 den
1712 2352 38 31 13

249 2397 90 42 april
374 2397 80 32 1939
480 2397 223 42 bemyndigat
725 2398 120 32 chefen
869 2398 52 32 för
943 2398 382 42 socialdepartementet
1347 2402 58 37 att,
1429 2402 121 30 utöver
1573 2401 144 42 tidigare
1741 2403 10 29 i

250 2447 229 42 utredningen
514 2448 204 41 deltagande
752 2449 66 31 fem
852 2449 220 41 sakkunniga,
1100 2450 142 31 tillkalla
1262 2451 198 41 ytterligare
1484 2463 41 20 en
1550 2452 201 41 sakkunnig,
