1912 2772
306 137 39 30 18
646 139 298 37 Statsutskottets
961 144 185 35 utlåtande
1163 158 43 21 nr
1224 149 66 31 118
1307 148 40 33 år
1363 151 91 32 1960

307 214 71 35 ske.
395 215 123 43 Enligt
535 218 250 43 utredningens
804 220 128 44 förslag
949 223 110 35 skulle
1077 225 133 35 således
1229 226 59 35 vid
1306 232 136 31 ettvart
1460 242 46 22 av
1524 230 242 45 domkapitlen
1784 235 10 33 i

305 267 160 43 Uppsala
486 270 66 34 och
573 270 104 35 Lund
700 272 122 35 kunna
843 273 162 44 indragas
1027 288 43 23 en
1092 277 111 36 förste
1225 279 349 46 stiftsnotarietjänst
1595 284 11 34 i
1627 286 167 43 lönegrad

304 320 53 34 Ao
371 324 55 37 21,
453 321 60 35 vid
541 328 136 31 ettvart
704 337 46 22 av
776 326 241 45 domkapitlen
1043 330 11 33 i
1080 330 211 45 Linköping,
1317 334 126 43 Växjö,
1469 336 115 41 Lund,
1611 338 183 42 Karlstad,

304 373 214 36 Härnösand
535 377 65 33 och
615 377 112 35 Luleå
742 391 43 22 en
803 383 307 42 amanuenstjänst
1125 385 81 34 med
1224 386 377 47 heltidstjänstgöring,
1618 392 60 33 vid
1695 392 98 35 dom-

304 426 151 43 kapitlet
471 428 11 33 i
499 428 110 35 Skara
625 443 43 21 en
686 432 301 36 arvodesanställd
1004 441 98 29 extra
1119 450 193 23 amanuens
1329 440 80 34 med
1426 441 369 47 heltidstjänstgöring

303 485 94 29 samt
420 480 60 35 vid
505 482 236 44 domkapitlet
764 485 11 34 i
800 486 179 45 Göteborg
1001 501 43 21 en
1068 492 310 43 amanuenstjänst
1400 495 82 34 med
1506 496 286 44 halvtidstjänst-

302 533 132 43 göring.
451 534 69 35 Vid
538 535 236 45 domkapitlet
791 539 10 33 i
819 539 165 37 Västerås
1001 542 143 36 föreslås
1160 544 313 44 juristpersonalen
1491 548 121 36 vidare
1627 550 165 36 minskad

302 585 52 35 till
377 588 65 33 två
465 588 362 45 befattningshavare,
849 594 111 34 vilket
982 596 109 34 skulle
1114 597 170 35 innebära
1306 605 53 29 ett
1382 601 143 35 bortfall
1549 615 45 21 av
1617 616 43 22 en
1683 604 109 35 förste

302 639 349 45 stiftsnotarietjänst
671 644 11 33 i
702 645 165 43 lönegrad
888 648 53 33 Ao
955 652 40 30 21
1018 669 45 5 —
1083 650 107 35 redan
1212 664 47 22 nu
1281 653 153 43 uppförd
1455 656 47 41 på
1521 657 270 43 övergångsstat

300 712 45 5 —
362 698 94 29 samt
473 707 43 22 en
534 695 54 34 för
604 698 222 35 närvarande
844 701 151 34 anställd
1014 707 98 30 extra
1130 716 205 24 amanuens.

344 745 68 44 Jag
427 748 156 34 ansluter
597 749 72 43 mig
684 750 52 35 till
752 752 249 44 utredningens
1016 756 234 44 uppfattning
1264 763 55 30 att
1334 759 274 38 minimiantalet
1622 763 167 42 juridiskt

300 798 183 36 utbildade
512 801 349 45 befattningshavare
889 807 63 34 hos
981 809 97 42 varje
1106 810 218 44 domkapitel
1353 813 64 34 bör
1445 826 86 23 vara
1558 817 75 34 två.
1660 817 130 35 Utred-

299 851 145 44 ningens
469 854 193 45 beräkning
685 869 47 22 av
755 858 152 36 behovet
931 873 46 21 av
998 861 268 45 Juristpersonal
1289 865 11 34 i
1324 866 116 44 övrigt
1463 868 64 34 hos
1551 869 43 34 de
1618 871 171 34 särskilda

299 905 242 44 domkapitlen
565 909 70 33 kan
659 910 62 43 jag
743 912 106 34 också
872 913 10 33 i
906 914 189 36 huvudsak
1118 917 166 43 godtaga.
1308 919 104 35 Dock
1436 933 102 22 anser
1559 922 61 43 jag
1642 923 11 34 i
1677 924 111 34 likhet

298 959 80 33 med
395 959 236 45 domkapitlet
647 963 10 33 i
674 964 209 44 Linköping,
900 971 56 30 att
972 967 63 35 där
1051 969 193 44 föreslagen
1262 974 309 42 amanuenstjänst
1587 976 54 34 för
1657 977 131 35 befatt-

297 1012 234 43 ningshavare
555 1016 80 33 med
661 1016 394 48 halvtidstjänstgöring
1079 1023 63 33 bör
1167 1023 105 44 bytas
1298 1031 40 28 ut
1362 1032 78 28 mot
1464 1039 43 22 en
1532 1024 255 53 heltidstjänst.

297 1065 56 33 Av
369 1066 243 44 domkapitlen
630 1069 10 34 i
658 1070 116 43 övrigt
791 1071 193 36 framförda
1001 1074 129 44 förslag
1146 1089 58 21 om
1222 1078 174 44 utökning
1413 1092 45 21 av
1474 1080 311 44 juristpersonalen

296 1118 70 34 kan
383 1119 62 42 jag
461 1119 74 35 inte
553 1121 152 35 biträda.

341 1172 81 34 Den
443 1173 64 34 här
527 1173 197 45 föreslagna
744 1177 247 45 reduceringen
1012 1193 46 21 av
1078 1184 137 33 antalet
1235 1184 92 42 lägre
1349 1185 151 43 tjänster
1521 1193 87 29 utan
1629 1194 156 30 motsva-

296 1225 107 34 rande
417 1226 203 44 minskning
634 1241 45 21 av
694 1230 43 33 de
752 1231 104 42 högre
871 1232 197 42 tjänsterna
1083 1248 102 30 synes
1200 1236 169 36 innebära
1383 1243 167 32 avsevärt
1564 1241 220 37 förbättrade

295 1277 442 47 befordringsmöjligheter
762 1284 54 34 för
840 1284 312 45 juristpersonalen
1179 1290 60 33 vid
1266 1291 255 44 domkapitlen,
1547 1295 111 35 vilket
1683 1297 102 34 torde

294 1331 144 35 komma
461 1338 56 29 att
538 1334 205 36 underlätta
764 1338 260 45 rekryteringen
1047 1354 45 21 av
1114 1343 228 36 kvalificerad
1364 1348 174 41 personal.
1560 1348 67 35 Om
1649 1349 61 43 jag
1731 1352 53 33 så-

293 1384 110 34 lunda
419 1385 73 34 inte
510 1390 38 30 är
565 1388 130 34 beredd
712 1395 55 29 att
784 1391 177 43 tillstyrka
977 1395 114 42 någon
1109 1397 175 43 utökning
1300 1410 45 21 av
1361 1399 116 34 denna
1493 1403 173 40 personal,
1683 1415 101 24 anser

292 1437 60 43 jag
368 1438 73 43 mig
457 1439 160 35 däremot
635 1441 86 35 böra
738 1443 214 45 tillmötesgå
967 1447 88 34 krav
1072 1449 47 42 på
1135 1449 201 36 förbättrad
1354 1452 249 45 löneställning
1618 1455 54 34 för
1690 1457 92 34 vissa

292 1502 45 21 av
357 1491 300 42 tjänstemännen.
678 1495 69 44 Jag
767 1497 143 35 föreslår
930 1500 118 34 därför
1068 1502 248 44 uppflyttning
1336 1517 45 21 av
1402 1506 108 35 förste
1532 1508 248 36 stiftsnotarie-

292 1543 199 43 tjänsterna
509 1547 59 34 vid
586 1548 243 44 domkapitlen
847 1551 10 34 i
875 1551 121 42 Skara,
1014 1554 170 36 Karlstad
1203 1557 65 33 och
1286 1558 213 36 Härnösand
1518 1560 77 34 från
1614 1562 164 44 lönegrad

291 1597 52 34 Ao
357 1601 40 30 21
422 1599 53 33 till
496 1600 53 33 Ao
563 1604 53 31 23.
649 1602 129 35 Vidare
799 1603 157 36 förordar
975 1606 70 43 jag,
1067 1612 54 29 att
1143 1609 392 45 stiftsnotarietjänsten
1557 1615 9 33 i
1587 1616 53 33 Ao
1656 1620 42 30 19
1720 1618 58 33 vid

292 1650 236 44 domkapitlet
554 1654 9 32 i
590 1654 206 36 Stockholm
823 1659 126 33 ändras
976 1660 51 33 till
1054 1673 42 21 en
1123 1661 109 36 förste
1257 1664 348 44 stiftsnotarietjänst
1632 1669 9 33 i
1668 1670 53 34 Ao
1736 1674 39 29 21

291 1708 92 29 samt
402 1707 354 42 amanuenstjänsten
775 1710 9 33 i
803 1712 154 41 reglerad
976 1713 312 47 befordringsgång
1307 1718 58 34 vid
1385 1719 235 44 domkapitlet
1639 1723 9 32 i
1668 1723 110 43 Visby

292 1754 51 35 till
360 1769 42 21 en
419 1763 99 29 extra
534 1760 173 35 ordinarie
724 1762 107 35 förste
848 1764 347 46 stiftsnotarietjänst
1211 1770 10 33 i
1237 1770 50 34 Ae
1302 1775 74 30 21.»

335 1809 78 35 Vad
439 1811 153 35 härefter
618 1814 109 42 angår
752 1815 360 45 biträdespersonalen
1138 1822 102 34 anför
1266 1824 386 42 departementschefen
1679 1830 10 33 i
1715 1830 62 34 hu-

291 1862 137 35 vudsak
445 1863 167 43 följande.

336 1913 492 49 »Stiftskansliutredningens
848 1921 128 45 förslag
996 1937 57 21 om
1074 1926 127 43 utbyte
1223 1940 44 21 av
1288 1930 41 33 de
1350 1933 205 33 nuvarande
1576 1934 201 36 kansliskri-

289 1969 262 41 vartjänsterna
570 1972 62 33 hos
651 1973 242 43 domkapitlen
911 1983 76 28 mot
1004 1978 329 44 kontoristtjänster
1351 1986 38 31 är
1405 1983 61 43 jag
1483 1985 72 34 inte
1574 1987 130 35 beredd
1722 1995 55 28 att

291 2021 69 34 helt
376 2022 151 35 biträda.
542 2025 67 42 Jag
622 2025 115 34 finner
752 2028 147 34 sålunda
914 2031 120 33 starka
1049 2032 74 33 skäl
1139 2034 74 33 tala
1227 2034 54 33 för
1296 2041 55 28 att
1365 2033 411 53 kansliskrivartjänsten

288 2074 190 36 bibehålles
498 2077 59 33 vid
576 2078 236 44 domkapitlet
830 2081 10 33 i
858 2081 204 45 Strängnäs,
1081 2086 63 33 där
1161 2088 116 41 någon
1296 2089 264 44 kanslisttjänst
1579 2094 108 43 enligt
1706 2096 70 34 vad

285 2127 60 43 jag
369 2128 180 44 föreslagit
574 2131 73 34 inte
674 2133 87 34 skall
788 2134 126 36 finnas.
939 2137 232 36 Beträffande
1197 2141 120 43 övriga
1344 2143 217 45 domkapitel
1588 2148 101 34 torde
1716 2149 59 34 vid

286 2182 288 41 uppkommande
594 2186 135 33 vakans
749 2188 20 32 å
788 2188 364 45 kansliskrivartjänst
1172 2193 84 35 böra
1274 2199 128 38 prövas
1421 2197 176 36 huruvida
1616 2200 158 42 tjänsten

285 2234 88 33 efter
392 2235 67 33 den
479 2248 46 21 av
543 2237 71 42 mig
632 2238 186 36 förordade
837 2242 321 46 rationaliseringen
1178 2259 45 21 av
1243 2249 136 34 arbetet
1400 2251 58 34 vid
1478 2251 296 38 stiftskanslierna

283 2284 63 35 bör
367 2286 192 37 bibehållas
580 2290 82 34 eller
682 2291 127 36 ändras
832 2294 51 34 till
906 2307 116 23 annan
1044 2297 124 42 tjänst.

327 2342 73 35 Det
417 2346 266 43 sammanlagda
704 2348 149 36 behovet
872 2364 46 21 av
936 2352 423 47 kanslibiträdestjänster
1377 2360 64 34 har
1461 2362 231 43 utredningen
1713 2365 56 34 be-

281 2396 128 34 räknat
434 2398 52 33 till
515 2402 40 30 13
582 2400 161 41 tjänster,
770 2415 109 23 varav
903 2407 63 33 två
992 2407 59 34 vid
1075 2413 135 31 ettvart
1236 2423 46 21 av
1307 2412 241 44 domkapitlen
1575 2415 10 33 i
1610 2416 159 43 Uppsala

280 2450 64 32 och
364 2450 104 34 Lund
490 2458 92 28 samt
602 2467 41 21 en
666 2455 112 42 tjänst
801 2457 57 34 vid
880 2463 132 31 ettvart
1035 2474 45 21 av
1101 2463 120 43 övriga
1244 2465 215 44 domkapitel
1482 2469 80 33 med
1584 2470 185 44 undantag
