1910 2772
291 143 21 29 2
634 140 298 36 Statsutskottets
947 143 187 35 utlåtande
1152 156 42 21 nr
1211 146 66 32 118
1295 145 39 33 år
1352 147 89 32 1960

342 218 74 34 dels
438 219 175 42 medgiva,
641 225 56 29 att
723 220 55 35 för
805 221 255 45 biträdeshjälp
1089 223 38 34 åt
1155 224 214 43 biskoparna
1395 226 60 33 må
1482 226 11 33 i
1520 226 155 43 enlighet
1702 227 79 33 med

293 269 134 44 Kungl.
451 272 127 42 Maj:ts
604 273 224 42 beprövande
853 287 42 21 ur
918 275 247 43 kyrkofonden
1190 277 86 42 utgå
1300 278 203 43 ytterligare
1528 279 105 42 högst
1659 283 42 31 30
1716 284 66 30 000

292 323 142 42 kronor,

340 376 75 34 dels
439 377 213 44 bemyndiga
677 378 132 44 Kungl.
835 380 112 43 Maj:t
972 386 56 29 att
1055 381 147 43 vidtaga
1228 383 42 34 de
1298 383 188 43 ändringar
1513 385 10 33 i
1550 385 231 42 personalför-

295 429 210 44 teckningen
531 430 55 35 för
613 432 254 43 domkapitlen,
894 446 76 21 som
997 433 197 36 föranledes
1222 448 45 21 av
1295 437 71 33 vad
1393 437 388 43 departementschefen

294 481 130 42 anfört,

340 535 74 34 dels
437 536 189 42 godkänna
652 549 46 23 av
724 538 387 42 departementschefen
1139 540 149 43 angiven
1317 543 258 42 avlöningsstat
1601 543 55 35 för
1684 545 96 34 dom-

292 587 171 43 kapitlen,
487 588 316 37 stiftsnämnderna
826 592 66 33 och
916 591 290 43 kyrkoherdarna
1229 594 55 34 för
1308 595 94 34 döva
1426 601 57 29 att
1507 596 178 44 tillämpas
1711 598 69 34 tills

293 641 121 35 vidare
431 642 78 34 från
526 643 66 34 och
609 644 82 34 med
709 644 210 42 budgetåret
938 646 168 43 1960/61,

338 694 74 33 dels
436 695 214 43 bemyndiga
668 695 131 44 Kungl.
818 697 112 43 Maj:t
950 703 55 29 att
1025 699 147 43 vidtaga
1192 700 42 34 de
1254 700 431 46 författningsändringar,
1705 716 74 22 som

291 746 196 36 föranledes
509 760 45 22 av
574 749 69 34 den
664 748 195 44 föreslagna
880 751 314 43 avlöningsstaten,

338 800 75 34 dels
436 801 52 33 till
513 801 257 43 Domkapitlen
794 803 66 34 och
885 803 316 36 stiftsnämnderna
1225 819 47 21 m.
1285 819 59 22 m.:
1371 808 217 43 Avlöningar
1612 809 54 34 för
1692 810 87 34 bud-

291 853 138 41 getåret
457 854 154 44 1960/61
641 855 110 34 under
778 856 147 34 åttonde
951 857 229 35 huvudtiteln
1208 859 122 34 anvisa
1357 866 54 29 ett
1437 861 271 45 förslagsanslag
1735 876 44 21 av

294 909 98 30 11153
407 910 66 32 300
487 907 141 41 kronor,

336 959 75 34 dels
430 961 65 33 ock
533 960 53 34 till
606 960 256 44 Domkapitlen
882 963 65 33 och
968 962 315 36 stiftsnämnderna
1304 978 47 21 m.
1364 978 59 22 m.:
1445 967 261 36 Omkostnader
1726 969 54 34 för

291 1010 211 43 budgetåret
520 1013 154 44 1960/61
693 1013 121 35 anvisa
830 1019 53 30 ett
897 1014 271 46 förslagsanslag
1183 1030 45 21 av
1246 1021 64 31 188
1325 1022 65 31 300
1406 1019 140 36 kronor.

432 1154 120 42 Avd.
581 1154 37 41 I.
648 1154 459 45 Stiftskansliernas
1136 1159 345 51 organisation
1508 1172 124 32 m.m.

334 1250 57 35 De
412 1263 125 30 genom
559 1252 263 43 propositionen
843 1253 197 44 framlagda
1061 1255 174 44 förslagen
1256 1258 53 33 till
1331 1259 57 42 lag
1409 1272 59 21 om
1490 1261 136 34 ändrad
1647 1262 130 42 lydelse

289 1315 46 22 av
355 1304 454 44 prästlönekostnadslagen
829 1308 66 33 och
915 1308 57 42 lag
992 1321 59 21 om
1072 1310 136 34 ändrad
1228 1311 131 42 lydelse
1381 1324 46 22 av
1447 1313 100 42 lagen
1569 1326 59 21 om
1649 1315 128 43 kyrko-

288 1357 155 34 musiker
462 1361 38 31 är
519 1370 46 22 av
584 1358 156 43 följande
758 1360 142 42 lydelse.

959 1466 145 41 Förslag

1006 1529 51 31 till

995 1591 71 40 Lag

402 1661 59 19 om
479 1650 137 31 ändrad
634 1651 130 40 lydelse
781 1663 42 19 av
844 1652 18 30 1
885 1652 18 40 8
923 1653 22 30 2
964 1664 109 20 mom.
1094 1655 67 30 och
1179 1655 22 30 3
1222 1655 18 40 8
1263 1656 18 30 1
1303 1657 67 30 och
1388 1657 21 30 2
1429 1669 109 20 mom.
1558 1659 102 39 lagen

442 1705 69 31 den
529 1706 49 31 29
595 1707 81 39 juni
697 1706 92 32 1951
815 1708 64 38 (nr
898 1708 90 40 570)
1013 1711 183 38 angående
1214 1718 175 33 pastorats
1408 1713 209 41 deltagande

531 1762 12 28 i
564 1760 241 33 kostnaderna
825 1763 60 30 för
904 1763 434 42 församlingsprästernas
1359 1768 167 41 avlöning

805 1818 447 43 (prästlönekostnadslag)

330 1895 216 43 Härigenom
567 1896 195 41 förordnas,
784 1903 56 29 att
863 1902 15 30 1
905 1899 15 39 $
944 1903 20 30 2
985 1912 108 22 mom.
1114 1902 66 33 och
1202 1905 19 31 3
1246 1902 15 39 $
1288 1906 16 30 1
1327 1903 66 34 och
1415 1908 20 30 2
1455 1917 108 23 mom.
1584 1906 102 43 lagen
1707 1907 66 34 den

283 1951 43 30 29
354 1947 77 42 juni
463 1951 83 31 1951
579 1950 180 42 angående
785 1955 179 39 pastorats
993 1953 210 43 deltagande
1232 1955 12 34 i
1272 1956 240 36 kostnaderna
1541 1958 55 35 för
1625 1960 145 35 försam-

281 2000 290 43 lingsprästernas
589 2003 166 44 avlöning
773 2004 436 47 (prästlönekostnadslag)
1228 2009 99 34 skola
1341 2010 131 35 erhålla
1489 2012 136 34 ändrad
1641 2013 130 43 lydelse

281 2054 47 41 på
348 2056 74 31 sätt
442 2054 114 34 nedan
578 2055 155 43 angives.

450 2145 219 34 Nuvarande
687 2146 142 43 lydelse:

606 2202 16 30 1
647 2199 30 39 $.

1227 2151 209 43 Föreslagen
1455 2153 143 43 lydelse:

1379 2206 70 39 18.

323 2252 22 31 2
361 2263 107 22 mom.
494 2251 88 34 Med
598 2252 322 45 församlingspräst
936 2267 59 22 av-

278 2315 52 21 ses
365 2303 11 34 i
410 2304 101 43 lagen
545 2305 108 34 dels
688 2306 193 44 domprost,
914 2308 81 43 kyr-

278 2357 165 40 koherde,
466 2358 245 35 komminister
733 2360 66 34 och
821 2361 175 42 kyrkoad-

277 2409 119 42 Junkt,
441 2410 106 35 dels
592 2412 82 34 med
708 2412 110 35 sådan
851 2413 145 35 försam-

277 2462 190 43 lingspräst
504 2464 157 34 likställd
698 2465 195 43 garnisons-
930 2467 66 34 och

1097 2259 22 31 2
1135 2269 106 22 mom.
1268 2258 88 34 Med
1372 2259 323 45 församlingspräst
1711 2275 59 21 av-

1051 2320 53 22 ses
1139 2310 10 33 i
1184 2310 101 43 lagen
1319 2312 106 34 dels
1460 2313 195 44 domprost,
1689 2315 81 43 kyr-

1051 2362 166 42 koherde,
1240 2364 244 36 komminister
1507 2367 65 34 och
1595 2368 176 42 kyrkoad-

1050 2415 119 42 junkt,
1214 2417 107 35 dels
1365 2419 81 33 med
1480 2419 110 34 sådan
1625 2420 145 35 försam-

1050 2468 190 44 lingspräst
1276 2470 157 35 likställd
1470 2472 196 42 garnisons-
1705 2474 65 34 och
