1892 2784
592 157 265 29 Statsutskottets
880 155 169 29 utlåtande
1072 163 39 20 nr
1126 155 29 28 4.
1592 149 39 31 91

114 231 284 40 prisstegringar.
425 230 189 34 Utskottet,
642 238 76 21 som
744 228 104 31 alltså
872 228 77 30 icke
976 228 72 29 kan
1074 227 74 30 helt
1173 227 140 29 biträda
1339 226 59 30 det
1423 224 210 30 motionsvis

114 283 125 39 gjorda
264 282 185 40 yrkandet,
475 281 134 30 räknar
635 281 56 30 för
717 281 156 29 nämnda
899 279 168 31 ändamål
1092 279 81 29 med
1199 287 44 21 en
1269 277 295 40 anslagshöjning
1590 285 43 20 av

115 335 19 29 3
149 334 64 30 000
233 335 142 29 kronor.
398 334 168 39 Anslaget
586 332 63 30 bör
670 332 104 30 alltså
794 332 216 29 bestämmas
1032 331 53 29 till
1109 329 40 31 14
1163 329 64 30 000
1249 329 163 30 kronor.»

171 386 74 30 dels
267 385 66 30 ock
354 385 192 30 utskottets
568 384 214 30 hemställan
802 384 79 29 bort
902 384 92 29 hava
1015 382 161 40 följande
1198 381 147 40 lydelse:

430 438 72 28 »att
530 436 191 39 riksdagen
751 435 68 34 må,
848 435 12 29 i
890 434 193 39 anledning
1112 443 44 20 av
1185 433 128 39 Kungl.
1344 432 125 40 Maj:ts
1500 431 134 39 förslag

384 490 93 29 samt
500 488 224 30 motionerna
749 487 29 29 1:
795 487 63 29 332
884 487 65 29 och
974 486 46 29 II:
1037 485 75 35 435,
1139 485 106 30 såvitt
1270 493 48 21 nu
1344 485 39 29 är
1406 484 12 30 i
1442 483 112 40 fråga,
1580 483 54 30 till

383 540 150 30 Armén:
555 539 180 39 Frivilliga
759 538 306 40 djursjukvården
1089 537 12 29 i
1123 536 79 40 krig
1224 537 56 30 för
1302 536 208 39 budgetåret
1535 534 100 31 1952/

384 592 41 30 53
449 592 124 30 anvisa
596 593 50 28 ett
669 590 362 38 reservationsanslag
1055 598 43 21 av
1125 588 39 30 14
1179 588 63 30 000
1267 588 163 30 kronor.»

173 679 57 34 10)
255 679 58 30 vid
332 678 161 41 punkten
515 678 42 29 60
582 677 164 34 (Armén:
770 676 180 39 Frivilliga
971 675 307 40 skytteväsendets
1299 672 266 41 befrämjande)
1591 681 44 21 av

115 732 83 30 herr
227 731 126 37 Ohlon,
382 730 128 30 fröken
538 729 217 35 Andersson,
784 728 123 30 herrar
934 727 89 30 Axel
1050 726 217 36 Andersson,
1296 725 202 39 Lundgren,
1526 724 110 39 Skog-

116 783 88 30 lund
219 784 10 29 i
246 784 225 38 Doverstorp,
488 781 197 39 Malmborg
700 781 11 30 i
729 780 147 34 Skövde,
893 780 177 29 Svensson
1087 779 12 29 i
1116 778 220 40 Ljungskile,
1353 777 128 30 fröken
1497 776 138 35 Elmén,

115 836 124 30 herrar
262 834 159 40 Nihlfors
446 834 66 30 och
536 832 242 41 Hjalmarson,
802 831 96 30 vilka
924 832 127 33 ansett,
1078 831 52 29 att
1156 830 173 30 utskottet
1352 829 79 30 bort
1456 828 179 39 tillstyrka

116 888 223 30 motionerna
363 887 29 29 I:
409 886 63 30 332
497 886 66 30 och
588 885 46 30 II:
650 884 75 35 435,
751 884 106 30 såvitt
881 893 47 20 nu
954 884 39 29 är
1017 883 12 29 i
1054 882 111 40 fråga,
1190 882 65 29 och
1280 883 52 28 att
1357 880 121 31 därför

172 939 74 30 dels
266 939 113 30 andra
399 938 138 40 stycket
554 937 12 30 i
587 937 191 30 utskottets
797 936 165 39 yttrande
982 935 81 29 bort
1083 934 92 30 hava
1196 933 159 40 följande
1376 933 147 39 lydelse:

173 991 201 30 >Utskottet
397 998 115 25 anser,
537 990 52 29 att
614 989 69 29 den
707 997 42 21 av
773 985 394 42 departementschefen
1192 985 202 39 föreslagna
1419 983 217 40 anslagsför-

116 1043 233 39 stärkningen
376 1042 78 29 icke
482 1042 39 29 är
550 1041 53 29 till
632 1040 120 39 fyllest
779 1039 56 30 för
863 1040 51 28 att
943 1039 59 29 det
1030 1037 170 39 frivilliga
1227 1036 288 39 skytteväsendet
1543 1035 91 30 skall

115 1095 125 30 kunna
263 1094 121 30 utföra
407 1093 66 30 och
496 1092 243 30 modernisera
763 1091 62 30 sitt
848 1098 166 32 program
1038 1089 11 30 i
1076 1088 209 40 erforderlig
1310 1087 226 39 omfattning.
1562 1086 74 30 Här

116 1146 59 30 må
192 1145 221 34 framhållas,
433 1145 51 30 att
502 1144 56 30 för
577 1143 212 41 exempelvis
808 1141 189 31 underhåll
1016 1150 43 21 av
1078 1140 224 40 skjutbanor,
1323 1148 76 22 som
1418 1138 114 31 måste
1549 1147 87 21 vara

115 1199 10 29 i
146 1198 143 40 fullgott
308 1197 66 30 och
394 1196 152 30 framför
566 1196 63 29 allt
649 1194 156 31 riskfritt
825 1194 111 34 skick,
957 1193 66 29 har
1044 1191 392 41 departementschefen
1455 1191 79 29 icke
1554 1189 82 31 räk-

116 1251 63 29 nat
200 1250 81 29 med
303 1249 93 30 ökad
418 1246 345 40 medelstilldelning.
788 1245 123 31 Såsom
934 1254 44 21 av
1000 1244 147 31 ärendet
1171 1243 157 40 framgår
1351 1243 66 30 har
1441 1242 194 31 försvarets

116 1301 300 38 civilförvaltning
436 1299 210 40 uppskattat
666 1297 341 40 anslagshöjningen
1026 1296 56 30 för
1103 1296 103 29 nästa
1225 1294 172 41 budgetår
1418 1294 53 30 till
1492 1293 64 31 310
1571 1293 64 30 000

116 1354 143 29 kronor.
282 1352 53 30 Då
356 1352 109 39 enligt
487 1350 192 30 utskottets
701 1350 143 38 mening
866 1347 347 40 civilförvaltningen
1235 1346 120 30 anfört
1377 1346 157 30 bärande
1558 1345 78 30 skäl

116 1405 58 30 för
192 1405 78 29 sina
288 1403 249 39 beräkningar,
557 1410 105 21 anscr
681 1401 183 33 utskottet,
884 1401 52 28 att
956 1409 44 20 en
1019 1399 204 40 ytterligare
1243 1398 150 39 höjning
1414 1398 80 29 med
1515 1397 41 30 85
1571 1397 64 29 000

118 1457 131 29 kronor
275 1457 39 28 är
339 1454 211 39 nödvändig.
578 1453 179 30 Utskottet
781 1452 61 29 vill
868 1451 122 30 därför
1017 1451 10 29 i
1054 1450 156 39 enlighet
1235 1450 81 29 med
1342 1450 58 29 det
1426 1449 210 29 motionsvis

117 1508 126 39 gjorda
271 1507 177 39 yrkandet
477 1504 141 35 föreslå,
648 1505 52 29 att
729 1503 159 39 anslaget
918 1502 55 30 för
1004 1503 102 28 nästa
1136 1500 172 40 budgetår
1338 1501 214 29 bestämmes
1584 1500 52 29 till

120 1561 14 28 1
152 1558 63 31 810
230 1558 64 30 000
316 1558 163 29 kronor.»

175 1610 74 30 dels
275 1609 66 30 ock
368 1608 192 31 utskottets
586 1607 214 30 hemställan
825 1606 80 30 bort
930 1606 92 29 hava
1048 1605 160 40 följande
1236 1605 147 39 lydelse:

434 1670 72 28 »att
535 1668 190 39 riksdagen
754 1666 68 35 må,
852 1666 12 30 i
894 1666 193 39 anledning
1118 1674 42 21 av
1190 1665 128 39 Kungl.
1349 1665 125 39 Maj:ts
1504 1664 134 40 förslag

388 1721 92 29 samt
504 1720 82 29 med
611 1719 100 30 bifall
736 1719 53 29 till
814 1718 224 29 motionerna
1063 1717 30 29 I:
1110 1717 63 30 332
1200 1717 66 29 och
1292 1717 46 29 II:
1354 1716 74 34 435,
1456 1716 106 30 såvitt
1588 1726 48 20 nu

387 1774 39 28 är
446 1772 11 29 i
480 1771 111 40 fråga,
614 1771 52 29 till
687 1770 149 29 Armén:
858 1769 180 38 Frivilliga
1061 1768 307 39 skytteväsendets
1391 1768 246 39 befrämjande

388 1824 55 29 för
486 1822 209 40 budgetåret
741 1821 142 31 1952/53
928 1820 124 30 anvisa
1096 1821 50 28 ett
1189 1820 362 39 reservationsanslag
1596 1828 43 21 av

391 1876 14 28 1
423 1874 63 30 810
501 1874 64 29 000
588 1874 162 28 kronor.»

178 1986 57 34 11)
264 1986 59 30 vid
349 1985 161 39 punkten
538 1985 42 28 64
613 1983 192 32 (Marinen:
836 1981 464 40 Rekryteringskostnader)
1334 1990 42 20 av
1402 1981 81 28 herr
1512 1980 127 36 Ohlon,

121 2039 127 29 fröken
272 2037 216 35 Andersson,
516 2036 122 29 herrar
664 2035 87 29 Axel
777 2033 215 36 Andersson,
1018 2032 202 38 Lundgren,
1247 2031 182 40 Skoglund
1455 2033 10 28 i
1493 2033 147 28 Dovers-

121 2093 90 37 torp,
240 2089 198 38 Malmborg
467 2089 10 28 i
511 2088 147 32 Skövde,
689 2087 176 29 Svensson
896 2086 10 29 i
938 2085 221 39 Ljungskile,
1192 2084 127 30 fröken
1350 2083 135 36 Elmén,
1518 2084 122 29 herrar

120 2141 158 39 Nihlfors
304 2141 66 29 och
395 2139 241 39 Hjalmarson,
662 2138 95 29 vilka
782 2139 126 31 ansett,
934 2139 51 27 alt
1011 2137 173 28 utskottet
1210 2136 78 29 bort
1313 2136 178 38 tillstyrka
1516 2136 125 28 motio-

123 2202 110 20 nerna
255 2192 28 29 I:
300 2192 63 29 333
386 2192 65 28 och
473 2191 45 28 II:
535 2190 75 34 434,
633 2189 105 30 såvitt
759 2198 47 20 nu
830 2190 38 28 är
890 2189 10 29 i
924 2187 110 38 fråga,
1057 2188 65 29 och
1145 2189 51 27 att
1217 2187 122 29 därför
1362 2187 189 29 utskottets
1573 2188 68 37 ytt-

122 2245 109 28 rande
257 2244 65 29 och
348 2243 214 29 hemställan
587 2242 79 28 bort
692 2241 90 28 hava
809 2240 158 38 följande
994 2239 147 38 lydelse:

180 2302 460 38 >Personalrekryteringen
679 2301 96 28 inom
815 2299 162 29 marinen
1017 2300 39 28 är
1095 2298 78 29 icke
1202 2297 339 30 tillfredsställande.
1583 2296 59 30 Så-

125 2356 107 29 lunda
253 2354 58 30 må
333 2353 219 33 framhållas,
576 2354 50 27 att
649 2351 221 30 vakanserna
893 2351 94 28 inom
1013 2348 308 40 manskapskåren
1345 2348 53 29 för
1421 2348 221 29 närvarande

123 2406 118 40 uppgå
264 2406 52 29 till
338 2406 11 29 i
372 2406 84 28 runt
479 2405 47 28 tal
549 2404 42 28 50
609 2406 38 28 Z.
683 2403 77 29 Med
783 2402 140 38 hänsyn
946 2402 52 28 till
1022 2401 159 29 skötseln
1204 2409 42 20 av
1269 2400 68 29 den
1360 2400 162 29 alltmera
1544 2399 99 29 kom-

124 2458 174 40 plicerade
317 2456 204 31 materielen
540 2457 92 28 samt
651 2454 245 38 utbildningen
915 2462 41 20 av
975 2453 41 29 de
1034 2452 239 39 värnpliktiga
1291 2452 98 38 inger
1407 2451 94 29 detta
1522 2451 121 29 starka
