1868 2784
427 162 298 35 Statsutskottets
745 162 186 34 utlåtande
953 174 40 21 nr
1012 164 44 31 82
1077 161 38 33 år
1136 163 87 31 1959
1531 162 41 30 21

86 244 151 34 derande
256 257 75 21 som
350 244 78 34 från
448 244 65 33 och
531 245 81 33 med
631 243 129 34 läsåret
780 242 154 44 1960/61
955 242 11 33 i
986 242 118 42 vanlig
1122 241 149 42 ordning
1289 240 128 34 vunnit
1436 240 138 34 inträde

84 297 55 34 för
161 297 201 43 utbildning
384 297 61 35 vid
468 297 86 34 våra
575 296 217 34 medicinska
814 296 198 42 högskolor.
1034 295 189 34 Utskottet
1246 294 187 42 avstyrker
1457 293 117 34 därför

85 350 99 35 bifall
204 351 52 34 till
278 351 270 43 ifrågavarande
568 351 136 33 motion
725 350 11 33 i
757 362 48 22 nu
828 349 154 43 angivna
1003 349 66 34 del.

129 407 401 43 Departementschefen
554 408 64 34 har
641 407 131 34 erinrat
795 408 134 39 därom,
954 412 55 29 att
1031 404 544 36 universitetskanslersämbetet

85 461 64 35 har
169 467 56 29 att
245 461 146 35 utfärda
411 461 263 35 bestämmelser
696 462 148 33 rörande
866 461 155 34 tillträde
1043 460 52 33 till
1117 460 94 33 olika
1230 459 123 33 kurser
1374 458 111 34 under
1507 457 68 34 den

84 515 216 35 medicinska
321 515 246 43 utbildningen
589 520 94 29 samt
703 513 56 36 att
778 514 133 43 Kungl.
932 513 111 42 Maj:t
1064 525 125 31 genom
1211 512 116 34 beslut
1349 512 67 34 den
1440 515 18 29 6
1481 523 93 21 mars

88 572 86 31 1959
201 569 99 34 ställt
324 569 114 34 medel
464 569 53 34 till
544 569 176 34 ämbetets
745 568 207 42 förfogande
978 567 55 34 för
1058 567 179 34 anlitande
1265 578 47 21 av
1337 570 158 38 experter
1521 564 54 33 för

88 635 43 21 en
164 625 150 40 översyn
346 635 47 21 av
424 622 270 43 ifrågavarande
726 622 275 34 bestämmelser.
1032 620 123 42 Enligt
1186 618 388 44 departementschefen

86 676 126 34 funnes
228 677 60 34 det
303 676 190 42 anledning
507 681 57 29 att
578 676 61 34 vid
655 676 116 34 denna
786 678 151 38 översyn
953 674 131 34 beakta
1099 674 67 34 den
1182 686 45 21 av
1242 673 132 33 honom
1389 672 185 34 förordade

85 729 217 43 utökningen
324 729 79 34 från
425 730 66 33 och
511 730 82 33 med
613 729 129 34 läsåret
766 728 157 44 1959/60
945 740 45 21 av
1012 728 136 33 antalet
1168 726 152 34 kliniska
1341 725 233 42 utbildnings-

85 783 142 42 platser.
245 783 18 34 I
281 783 233 34 förevarande
532 783 256 42 sammanhang
806 782 65 34 har
889 780 387 44 departementschefen
1295 778 205 40 framhållit,
1520 783 55 29 att

86 836 311 34 bestämmelserna
416 837 11 33 i
447 836 101 34 detta
567 835 198 34 hänseende
786 834 192 43 självfallet
998 834 106 34 borde
1125 833 174 34 utformas
1319 833 50 40 så,
1390 837 55 28 att
1466 832 110 33 under

85 890 82 43 inga
186 890 244 34 förhållanden
452 891 67 33 den
540 889 215 35 situationen
776 888 193 35 inträffade
989 893 55 29 att
1065 887 163 42 samtliga
1247 887 82 33 eller
1349 886 225 34 huvuddelen

87 957 45 21 av
150 945 42 34 de
208 944 77 34 från
303 945 164 33 utlandet
484 943 213 35 kommande
714 943 262 34 studerandena
991 941 200 43 placerades
1209 940 60 34 vid
1286 945 55 29 ett
1357 940 65 34 och
1440 952 136 22 samma

85 998 162 34 lärosäte.

130 1051 190 34 Utskottet
340 1050 61 35 vill
421 1050 54 34 för
497 1050 52 34 sin
571 1051 54 34 del
646 1050 237 43 understryka
903 1050 100 33 detta
1024 1048 185 34 uttalande
1230 1060 46 21 av
1297 1048 278 42 departements-

84 1104 135 35 chefen.
239 1105 74 33 Det
332 1105 102 34 torde
453 1105 86 33 böra
559 1106 194 40 övervägas
772 1102 178 35 huruvida
969 1103 76 33 icke
1065 1102 43 34 de
1128 1101 224 39 studerande,
1373 1113 75 21 som
1468 1100 109 42 enligt

86 1158 406 43 departementschefens
511 1157 130 43 förslag
660 1169 99 22 avses
779 1162 56 29 att
854 1157 11 33 i
884 1155 148 35 särskild
1051 1154 148 43 ordning
1217 1155 138 42 intagas
1375 1154 55 33 för
1447 1153 129 34 klinisk

85 1212 201 43 utbildning
302 1212 61 34 vid
380 1212 87 34 våra
482 1211 218 35 medicinska
715 1211 188 38 lärosäten,
920 1210 118 33 kunde
1056 1209 150 34 fördelas
1223 1208 10 34 i
1251 1207 89 35 visst
1357 1207 218 34 förhållande

87 1265 53 34 till
158 1265 135 35 antalet
310 1265 174 34 ordinarie
503 1264 213 34 studerande
735 1264 60 33 vid
814 1263 98 42 varje
929 1263 163 33 lärosäte.

131 1318 189 35 Utskottet
340 1331 102 21 anser
462 1318 51 43 sig
532 1319 11 33 i
562 1317 231 34 förevarande
815 1316 256 42 sammanhang
1090 1316 85 33 böra
1196 1314 141 34 särskilt
1358 1314 141 40 betona,
1520 1318 56 29 att

87 1373 111 33 ehuru
224 1372 269 43 förflyttningar
521 1372 111 33 under
661 1371 215 34 studietiden
905 1369 150 43 givetvis
1083 1368 55 34 för
1166 1368 263 34 vederbörande
1457 1368 119 33 kunde

86 1425 159 34 medföra
263 1426 94 33 vissa
375 1425 235 42 olägenheter,
629 1425 68 33 den
715 1423 217 34 medicinska
950 1422 210 42 högskolans
1185 1422 5 33 i
1208 1421 116 34 Umeå
1343 1421 232 41 utbildnings-

87 1479 180 43 kapacitet
285 1479 109 42 enligt
412 1478 196 34 utskottets
628 1477 142 42 mening
787 1477 64 34 bör
869 1477 11 33 i
899 1479 131 31 största
1048 1475 143 42 möjliga
1210 1474 247 42 utsträckning
1475 1479 101 37 tagas

87 1534 11 33 i
114 1533 164 43 anspråk.
294 1533 53 33 På
362 1532 115 43 grund
494 1544 45 21 av
556 1532 68 33 den
642 1530 224 43 ståndpunkt
883 1530 178 33 utskottet
1078 1528 148 34 sålunda
1243 1527 129 43 intagit
1390 1527 186 42 avstyrker

86 1586 179 34 utskottet
286 1585 99 35 bifall
406 1585 54 34 till
481 1585 181 33 motionen
683 1584 49 33 II:
748 1587 77 37 528,
847 1584 11 33 i
880 1584 70 33 vad
972 1583 67 33 den
1061 1593 100 22 avser
1182 1581 165 34 skrivelse
1369 1581 53 33 till
1443 1580 133 43 Kungl.

86 1639 111 43 Maj:t
218 1639 148 34 rörande
388 1638 252 34 förhindrande
662 1638 10 34 i
694 1637 198 43 möjligaste
915 1636 83 33 mån
1021 1648 45 21 av
1088 1634 228 44 förflyttning
1338 1646 45 22 av
1405 1634 171 34 medicine

86 1694 224 34 studerande.

132 1751 190 34 Utskottet
340 1750 64 34 har
421 1749 76 34 icke
517 1749 119 34 funnit
654 1749 109 42 något
782 1753 55 29 att
856 1747 115 35 erinra
988 1752 75 29 mot
1083 1747 67 34 den
1170 1746 52 34 till
1243 1745 88 43 följd
1351 1757 45 22 av
1416 1745 160 42 departe-

86 1803 260 35 mentschefens
369 1803 252 34 ovannämnda
645 1802 129 42 förslag
797 1801 225 42 erforderliga
1045 1800 283 41 förstärkningen
1354 1811 45 21 av
1424 1798 152 42 anslags-

86 1858 139 34 medlen
246 1857 54 34 för
322 1860 105 30 nästa
449 1856 185 42 budgetår.
656 1855 188 34 Utskottet
867 1855 64 33 har
952 1855 75 32 icke
1049 1854 107 33 heller
1178 1857 118 29 ansett
1319 1852 51 42 sig
1392 1852 86 33 böra
1500 1863 76 21 resa

87 1912 109 42 några
212 1910 260 42 invändningar
488 1915 76 28 mot
583 1910 42 33 de
645 1921 44 21 av
708 1906 387 44 departementschefen
1114 1906 197 41 framlagda
1329 1904 247 42 beräkningar-

87 1977 47 21 na
153 1977 45 21 av
217 1962 461 42 medelsförstärkningarna
697 1962 54 33 för
771 1961 217 42 budgetåren
1012 1959 166 43 1960/61,
1201 1958 155 43 1961/62
1378 1958 65 33 och
1467 1957 108 43 1962/

89 2022 54 36 63,
161 2018 95 33 vilka
272 2017 159 43 påkallas
450 2028 45 22 av
512 2021 54 29 ett
583 2015 274 43 genomförande
876 2027 45 21 av
938 2013 267 43 ifrågavarande
1224 2012 139 41 förslag.

132 2071 284 34 Vidkommande
435 2069 162 43 slutligen
617 2069 62 33 det
697 2069 10 33 i
726 2069 181 32 motionen
926 2067 49 33 II:
991 2070 65 30 528
1075 2066 123 42 gjorda
1217 2066 177 42 yrkandet
1413 2077 58 21 om
1492 2064 84 34 skri-

87 2125 94 33 velse
204 2124 52 34 till
281 2123 133 42 Kungl.
439 2122 122 42 Maj:t,
587 2122 187 42 åsyftande
800 2126 53 29 ett
879 2120 184 34 uttalande
1088 2120 78 32 från
1192 2119 203 41 riksdagens
1421 2118 75 34 sida
1521 2123 55 28 att

88 2176 443 44 rekryteringsunderlaget
557 2175 52 34 till
635 2175 42 33 de
704 2174 217 34 medicinska
946 2173 180 34 studierna
1152 2174 112 31 måtte
1292 2172 150 33 breddas
1469 2171 107 33 bland

87 2235 110 29 annat
217 2241 126 31 genom
366 2234 56 28 att
442 2227 314 42 kompletteringar
778 2228 9 32 i
809 2227 200 33 realämnen
1033 2225 263 34 underlättades
1319 2225 54 32 för
1395 2224 184 33 studenter

86 2283 78 33 från
190 2283 67 33 den
282 2282 180 33 allmänna
485 2281 108 41 linjen
618 2280 66 33 och
709 2279 209 42 latinlinjen,
944 2278 54 33 får
1023 2278 175 32 utskottet
1225 2277 113 32 erinra
1364 2277 133 39 därom,
1523 2281 55 28 att

87 2334 388 43 departementschefen
495 2334 59 33 vid
574 2333 257 41 behandlingen
853 2344 45 21 av
919 2331 121 41 frågan
1062 2343 57 20 om
1139 2329 438 42 kompletteringsgymna-

88 2389 66 34 siet
173 2391 11 32 i
204 2388 205 34 Stockholm
433 2387 103 43 (1959
557 2388 54 32 års
633 2386 146 33 åttonde
801 2385 214 38 huvudtitel,
1035 2384 160 42 punkten
1219 2384 78 41 194)
1322 2383 159 33 förordat
1503 2382 74 33 vid-

89 2443 170 42 tagandet
284 2455 44 20 av
355 2441 93 34 vissa
473 2440 164 41 åtgärder
661 2440 10 33 i
697 2439 93 42 syfte
815 2444 56 28 att
896 2438 180 34 stimulera
1101 2436 262 42 rekryteringen
1390 2448 45 21 av
1460 2436 117 33 stude-

90 2498 107 33 rande
216 2497 50 33 till
286 2496 106 42 högre
411 2493 133 36 studier
562 2494 8 33 i
590 2491 374 43 naturvetenskapliga
982 2491 64 34 och
1066 2490 162 35 tekniska
1247 2492 139 31 ämnen.
1405 2489 173 42 Departe-
