1874 2780
502 181 251 29 Statsutskottets
777 177 162 29 utlåtande
963 185 38 18 nr
1024 175 16 27 4
1063 175 34 27 år
1121 174 73 27 1961
1556 170 39 28 27

114 267 14 29 1
153 266 66 40 juli
243 265 10 29 i
275 265 38 29 år
336 263 167 30 inordnas
527 262 10 29 i
559 261 139 30 arméns
721 258 154 31 centrala
897 252 360 35 intendenturförråd.
1282 250 116 39 Enligt
1422 258 42 20 av
1488 247 109 30 armé-

112 316 488 39 intendenturförvaltningen
630 314 9 30 i
669 312 139 32 samråd
838 311 78 30 med
946 307 333 41 flygförvaltningen
1310 303 129 40 ingivet
1467 301 131 39 förslag

114 382 98 21 avses
231 372 55 30 för
305 371 202 39 flygvapnet
526 368 138 40 speciell
684 365 155 32 materiel
859 364 98 31 skola
977 360 253 33 förrådshållas
1250 358 57 30 vid
1328 356 139 31 arméns
1487 355 112 29 inten-

114 425 249 32 denturförråd
393 424 12 29 i
436 422 199 39 Karlsborg.
667 416 393 44 Departementschefen
1092 414 130 30 räknar
1255 411 78 30 med
1365 407 235 43 personalför-

116 479 184 39 stärkning
318 478 58 29 vid
396 476 157 31 nämnda
571 475 118 30 förråd
711 483 41 20 av
773 482 42 21 en
835 470 282 31 förrådsförman
1138 468 8 28 i
1170 467 50 29 Ao
1234 465 19 30 9
1273 483 43 3 —
1336 462 163 32 överförd
1520 460 80 31 från

116 533 220 40 flygvapnets
359 530 121 31 förråd
505 530 9 29 i
538 527 163 32 Västerås
791 527 48 29 ett
861 521 253 33 kanslibiträde
1140 521 9 29 i
1174 520 47 29 Ae
1237 519 16 29 7
1278 518 65 30 och
1366 516 58 31 två
1448 514 154 32 förråds-

117 587 168 29 arbetare.
315 581 393 43 Departementschefen
737 579 172 31 beräknar
940 576 111 30 medel
1081 574 122 30 härför
1232 572 110 30 under
1373 568 229 32 förevarande

118 640 131 39 anslag.
280 638 143 39 Förslag
453 635 178 40 angående
664 633 208 39 indragning
903 640 42 20 av
976 629 94 30 vissa
1101 628 55 29 för
1187 625 220 40 flygvapnets
1440 621 119 32 förråd
1591 621 11 29 i

118 692 164 32 Västerås
302 691 151 30 avsedda
471 690 149 39 tjänster
641 689 168 38 upptages
829 685 10 29 i
858 685 57 29 det
934 682 168 40 följande.
1122 679 174 41 Åtgärden
1316 677 137 30 medför
1471 693 45 3 —
1535 675 69 29 för-

119 749 98 28 utom
233 744 207 39 minskning
459 753 42 20 av
520 739 420 42 avlöningskostnaderna
959 754 44 3 —
1023 737 50 28 att
1092 734 101 39 eljest
1213 730 228 40 erforderliga
1460 728 144 40 utgifter

120 801 55 30 för
194 808 70 31 nya
283 798 131 30 lokaler
433 797 71 29 kan
525 795 183 30 undvikas.

176 853 93 30 Från
294 852 64 29 och
385 851 79 29 med
491 851 99 28 nästa
617 847 169 40 budgetår
812 846 61 29 bör
901 839 422 43 avlöningskostnaderna
1351 838 55 29 för
1433 836 71 29 viss
1531 844 75 31 per-

122 907 97 30 sonal
240 905 57 30 vid
319 904 139 30 arméns
479 902 154 31 centrala
655 897 397 33 intendenturanstalter
1074 895 64 29 och
1161 891 312 32 arméförbandens
1495 890 112 29 inten-

122 957 355 39 denturavdelningar
495 955 178 31 överföras
692 954 79 29 från
790 951 188 39 sakanslag
996 949 53 30 till
1068 945 315 41 avlöningsanslag.
1403 942 204 39 Avlönings-

122 1013 238 31 kostnaderna
385 1011 55 30 för
467 1009 94 31 såväl
587 1008 215 39 tjänstemän
828 1014 75 21 som
929 998 460 35 koHektivavtalsanställda
1413 996 58 30 vid
1497 996 111 29 inten-

123 1065 346 32 denturanstalterna
491 1063 63 29 bör
578 1061 187 30 framdeles
790 1059 10 29 i
824 1058 54 30 sin
902 1057 118 30 helhet
1044 1054 177 30 redovisas
1245 1052 110 29 under
1380 1048 229 32 förevarande

124 1120 132 39 anslag.
278 1119 14 29 I
315 1118 66 30 vad
405 1126 99 20 avser
528 1110 473 44 tjänstemannapersonalen
1026 1109 139 38 utgöres
1189 1106 67 30 den
1281 1114 41 20 av
1346 1113 42 21 en
1411 1102 199 31 verkstads-

125 1174 141 30 förman
285 1172 11 29 i
316 1171 48 30 Ae
379 1171 50 33 12,
450 1172 52 28 tre
523 1169 139 30 förmän
682 1168 10 29 i
714 1167 47 29 Ae
777 1166 49 33 10,
846 1174 44 21 en
910 1164 141 29 förman
1071 1162 10 29 i
1103 1161 49 39 Ag
1166 1160 30 34 9,
1218 1168 43 21 en
1282 1158 115 30 eldare
1419 1157 10 28 i
1450 1156 48 30 Ae
1514 1155 27 34 7,
1562 1156 48 28 ett

125 1225 253 32 kanslibiträde
404 1224 11 29 i
443 1223 82 39 Ag
513 1210 21 56 7
554 1221 63 31 och
645 1222 48 29 ett
719 1219 134 30 biträde
880 1218 56 29 för
964 1215 109 31 skriv-
1101 1214 64 29 och
1194 1209 313 41 kontorsgöromål.
1537 1209 74 29 Den

125 1276 459 34 kollektivavtalsanställda
604 1274 161 40 personal
785 1272 57 29 vid
862 1267 446 33 intendenturanstalterna
1328 1273 75 21 som
1423 1265 38 28 är
1481 1261 130 31 aktuell

127 1334 55 30 för
214 1331 199 39 överföring
448 1330 139 39 utgöres
621 1337 41 20 av
696 1327 41 29 28
771 1324 287 31 helårsarbetare.
1094 1317 431 41 Avlöningskostnaderna
1558 1315 54 30 för

127 1382 474 45 tjänstemannapersonalen
629 1380 65 30 och
723 1380 66 29 den
818 1372 460 35 kollektivavtalsanställda
1307 1370 207 41 personalen
1543 1369 70 29 kan

128 1440 173 30 beräknas
326 1436 116 41 uppgå
466 1436 53 29 till
544 1435 7 29 i
579 1435 81 29 runt
685 1433 46 29 tal
757 1432 62 30 370
834 1431 62 29 000
922 1430 141 32 kronor,
1089 1427 79 29 med
1192 1425 108 29 vilket
1324 1424 125 39 belopp
1475 1422 139 30 arméns

129 1493 121 39 anslag
269 1491 52 30 till
341 1488 198 32 beklädnad
561 1497 43 20 m.
620 1496 55 24 m.,
694 1483 235 39 mathållning
952 1491 44 20 m.
1012 1491 44 19 m.
1079 1480 64 30 och
1162 1477 213 32 inventarier
1398 1486 45 19 m.
1458 1485 45 20 m.
1526 1474 88 30 skall

130 1546 169 30 minskas.

185 1599 67 30 Vid
271 1596 240 39 beräkningen
530 1604 40 20 av
591 1592 276 31 medelsbehovet
891 1589 110 30 under
1021 1585 229 32 förevarande
1272 1584 121 39 anslag
1414 1583 64 29 har
1499 1581 117 30 vidare

131 1653 160 30 beaktats
313 1650 82 30 1960
415 1649 57 30 års
493 1645 260 41 lönereglering,
776 1639 461 42 löneklassuppflyttningar
1258 1647 102 20 m.m.
1381 1637 92 29 samt
1492 1635 124 30 belast-

132 1707 128 38 ningen
279 1704 44 40 på
343 1703 93 30 olika
457 1701 268 38 anslagsposter.

190 1811 175 31 Utskottet
386 1818 102 21 anser
510 1807 75 30 skäl
608 1807 69 29 tala
699 1806 53 29 för
774 1806 50 28 att
846 1799 422 41 avlöningskostnaderna
1290 1798 53 29 för
1366 1797 70 29 viss
1457 1794 160 41 personal

133 1866 58 29 vid
211 1864 139 30 arméns
369 1861 155 31 centrala
544 1856 396 33 intendenturanstalter
960 1854 65 29 och
1047 1850 311 32 arméförbandens
1378 1848 242 31 intendentur-

135 1917 226 39 avdelningar
378 1914 178 30 redovisas
574 1912 110 29 under
704 1909 228 31 förevarande
951 1907 131 38 anslag,
1102 1905 118 29 varför
1241 1904 168 29 utskottet
1429 1900 191 39 tillstyrker

135 1971 167 39 förslaget
328 1967 227 31 härutinnan.
582 1961 412 43 Departementschefens
1021 1958 130 39 förslag
1178 1958 9 28 i
1214 1956 111 39 övrigt
1352 1955 111 30 under
1489 1954 132 30 föreva-

137 2025 107 29 rande
264 2022 113 40 punkt
398 2019 199 32 föranleder
617 2018 31 39 ej
672 2017 107 29 heller
802 2016 113 38 någon
938 2013 188 30 utskottets
1148 2011 152 29 erinran.

192 2076 176 31 Utskottet
392 2072 213 33 hemställer,

459 2127 51 28 att
536 2125 183 38 riksdagen
747 2122 56 30 må

460 2185 36 26 a)
526 2176 206 40 bemyndiga
754 2174 124 38 Kungl.
899 2173 105 38 Maj:l
1024 2173 47 27 att
1092 2170 140 38 vidtaga
1251 2169 40 29 de
1311 2168 189 38 ändringar
1520 2167 10 28 i
1550 2175 74 30 per-

405 2229 366 38 sonalförteckningen
794 2228 54 28 för
869 2221 606 38 arméintendenturförvaltningens
1497 2219 128 30 anstal-

409 2287 59 31 ter,
498 2291 73 21 som
603 2280 197 30 föranledas
830 2288 41 20 av
898 2278 66 29 vad
994 2273 385 42 departementschefen
1409 2271 178 38 föreslagit
1617 2271 7 27 i

407 2334 383 40 statsrådsprotokollet
817 2333 80 28 över
926 2328 308 32 försvarsärenden
1265 2327 53 29 för
1346 2326 66 29 den
1440 2325 18 30 3
1486 2325 139 38 januari

410 2389 99 34 1961;

462 2442 38 30 b)
533 2440 172 30 fastställa
736 2438 155 39 följande
922 2435 254 38 avlöningsstat
1207 2434 53 28 för
1291 2430 337 32 arméintendentur-

409 2494 276 38 förvaltningens
714 2491 178 33 anstalter,
922 2491 50 28 att
1003 2489 175 38 tillämpas
1209 2486 70 30 tills
1308 2485 117 30 vidare
1455 2484 79 30 från
1564 2483 63 30 och

411 2549 76 30 med
509 2547 201 39 budgetåret
737 2545 157 32 1961/62:
