1872 2776
274 182 42 32 32
667 186 252 29 Statsutskottets
943 189 163 29 utlåtande
1128 199 39 18 nr
1189 190 16 28 4
1228 191 36 27 år
1286 192 74 27 1961

331 262 175 31 Utskottet
532 274 102 21 anser
661 266 50 39 sig
737 267 85 30 böra
849 269 147 39 godtaga
1023 270 404 39 departementschefens
1453 273 236 41 beräkningar
1717 284 42 21 av

275 316 279 31 medelsbehovet
575 319 110 29 under
706 319 228 32 förevarande
957 323 132 39 anslag.

330 369 175 31 Utskottet
530 370 211 37 hemställer,

594 426 49 29 att
676 425 187 41 riksdagen
896 428 57 30 må
986 429 53 29 till
1072 430 391 41 Marinförvaltningen:
1499 433 258 32 Omkostnader

538 477 55 30 för
615 478 203 40 budgetåret
843 480 140 36 1961/62
1007 483 121 29 anvisa
1150 486 48 27 ett
1220 484 274 42 förslagsanslag
1517 496 42 20 av
1584 488 14 29 1
1617 488 60 30 125
1693 488 62 30 000

539 531 139 30 kronor.

759 675 505 31 FLYGFÖRVALTNINGEN

322 750 98 34 21:0)
449 752 364 43 Flygförvaltningen:
839 757 226 41 Avlöningar.
1093 758 124 40 Kungl.
1244 759 106 40 Maj:t
1375 760 63 29 har
1463 761 180 40 föreslagit
1667 762 88 30 riks-

270 802 112 40 dagen
405 804 130 39 (punkt
554 805 51 35 24,
625 816 25 21 s.
672 807 189 35 113--137)
885 811 50 28 att
954 810 73 30 dels
1047 811 209 41 bemyndiga
1275 813 125 40 Kungl.
1420 814 106 40 Maj:t
1546 817 50 28 att
1614 816 140 40 vidtaga

270 864 42 21 av
342 857 385 39 departementschefen
758 861 184 31 förordade
974 864 190 40 ändringar
1194 866 11 28 i
1235 867 433 41 personalförteckningen
1699 869 55 31 för

269 909 344 42 flygförvaltningen,
642 913 72 30 dels
743 914 208 41 bemyndiga
981 917 126 39 Kungl.
1137 918 104 39 Maj:t
1271 921 50 29 att
1350 920 10 29 i
1388 921 205 41 anslutning
1621 923 52 29 till
1702 924 51 28 in-

268 963 176 30 rättandet
470 974 42 20 av
539 965 194 40 föreslagen
760 968 304 31 ekonomisektion
1090 971 139 40 vidtaga
1255 973 228 40 erforderliga
1509 976 243 39 övergångsåt-

268 1016 133 38 gärder,
430 1018 72 29 dels
532 1018 174 31 fastställa
735 1030 41 20 av
805 1021 384 39 departementschefen
1219 1025 166 31 förordad
1414 1028 256 40 avlöningsstat
1698 1029 54 31 för

268 1068 344 43 flygförvaltningen,
649 1075 49 27 att
734 1074 176 40 tillämpas
947 1076 72 30 tills
1055 1077 117 30 vidare
1211 1078 80 30 från
1329 1080 64 29 och
1430 1081 79 30 med
1546 1077 205 49 budgetåret

269 1121 152 36 1961/62,
444 1124 72 30 dels
540 1125 65 30 ock
628 1126 51 29 till
701 1127 362 41 Flygförvaltningen:
1090 1131 212 40 Avlöningar
1325 1133 55 30 för
1404 1135 154 29 nämnda
1582 1135 169 40 budgetår

267 1176 121 29 anvisa
408 1178 48 29 ett
477 1177 274 42 förslagsanslag
772 1190 42 19 av
835 1181 118 30 31576
967 1182 63 30 000
1053 1183 139 31 kronor.

321 1282 164 41 Anslaget
506 1286 39 28 är
565 1285 55 30 för
640 1285 235 32 innevarande
894 1288 170 40 budgetår
1086 1291 142 39 uppfört
1250 1293 78 29 med
1350 1293 39 29 25
1405 1293 62 30 000
1482 1293 63 31 000
1567 1295 140 30 kronor.

320 1335 66 30 Vid
411 1337 53 29 sin
488 1337 212 41 bedömning
725 1349 42 20 av
791 1342 311 37 personalbehovet
1129 1344 53 30 för
1207 1345 334 42 flygförvaltningen
1567 1348 56 31 för
1648 1350 101 29 nästa

263 1388 170 40 budgetår
448 1390 64 30 har
530 1391 384 40 departementschefen
932 1395 71 30 fäst
1022 1397 141 30 särskilt
1180 1399 169 30 avseende
1366 1400 57 30 vid
1440 1401 147 30 behovet
1605 1411 42 20 av
1664 1402 85 30 fort-

264 1443 69 28 satt
357 1443 182 30 kvalitativ
565 1444 240 42 förstärkning
831 1456 41 20 av
897 1448 66 30 den
988 1450 164 30 tekniska
1177 1453 218 37 personalen.
1422 1454 239 31 Strävandena
1686 1456 62 30 bör

263 1496 192 30 emellertid
484 1497 150 31 inriktas
664 1499 44 39 på
737 1509 44 20 en
810 1500 183 31 kvalitativ
1023 1502 241 42 förstärkning
1294 1505 97 30 inom
1420 1507 215 31 oförändrad
1666 1510 82 29 eller

263 1549 104 29 sänkt
394 1549 258 32 kostnadsram.
681 1552 196 40 Utrymmet
904 1554 54 30 för
986 1564 44 21 en
1059 1557 247 41 antalsmässig
1333 1560 173 41 utökning
1534 1570 42 21 av
1605 1563 142 30 särskilt

262 1602 67 29 den
349 1603 163 30 tekniska
533 1606 208 37 personalen
764 1608 38 28 är
824 1607 157 31 däremot
1003 1611 136 38 strängt
1160 1611 197 39 begränsat.

317 1655 75 30 Vad
410 1656 89 30 först
517 1658 110 39 angår
650 1658 496 44 flygplanavdelningen
1171 1664 64 29 har
1253 1665 388 40 departementschefen
1659 1669 87 31 intet

261 1710 51 28 att
336 1709 151 30 invända
513 1713 74 27 mot
610 1714 50 27 att
684 1721 42 21 en
751 1713 137 30 kemisk
914 1715 138 30 sektion
1077 1716 147 31 inrättas
1250 1718 95 31 inom
1371 1721 225 39 vapenbyrån
1622 1730 124 32 genom

261 1761 319 42 ianspråktagande
606 1774 41 20 av
672 1765 182 41 befintliga
880 1767 160 39 tjänster.
1066 1770 41 39 Ej
1136 1770 108 31 heller
1270 1772 64 29 har
1360 1773 385 40 departementschefen

260 1814 105 40 något
392 1818 49 28 att
466 1817 155 30 invända
647 1821 71 27 mot
746 1821 50 28 att
824 1822 201 29 nuvarande
1051 1822 118 31 bomb-
1197 1824 65 29 och
1289 1826 239 31 raketsektion
1556 1828 188 32 framdeles

259 1868 189 31 benämnes
479 1871 404 32 ammunitionssektion.
915 1874 13 29 I
960 1875 100 39 fråga
1091 1885 57 20 om
1179 1877 41 30 de
1252 1887 43 20 av
1324 1879 334 42 flygförvaltningen
1690 1883 55 30 för

259 1921 390 42 flygplanavdelningen
681 1925 198 40 föreslagna
912 1937 69 29 nya
1013 1929 197 38 tjänsterna
1245 1931 193 40 tillstyrker
1470 1934 275 40 departements-

258 1974 125 30 chefen
405 1975 200 32 inrättande
628 1987 41 20 av
692 1978 150 39 tjänster
865 1980 55 30 för
942 1990 43 20 en
1010 1982 109 30 förste
1142 1983 248 41 byråingenjör
1414 1986 11 29 i
1448 1987 48 30 Ae
1511 1987 40 31 23
1575 1988 58 30 vid
1657 1989 87 40 flyg-

257 2027 196 40 planbyrån
471 2030 65 29 och
556 2030 55 30 för
629 2040 41 21 en
688 2031 249 41 byråingenjör
954 2035 10 29 i
985 2035 48 29 Ae
1050 2035 39 29 19
1108 2036 56 30 vid
1185 2038 235 40 motorbyrån.
1441 2040 301 41 Flygplanbyråns

257 2081 175 30 ritkontor
452 2082 63 30 bör
537 2083 195 31 förstärkas
755 2086 78 29 med
855 2086 152 39 tjänster
1027 2088 56 30 för
1105 2098 42 21 en
1168 2090 249 41 byråingenjör
1439 2093 11 29 i
1472 2094 49 29 Ae
1536 2094 40 30 19
1598 2095 65 30 och
1684 2096 58 30 två

257 2133 200 41 ingenjörer
480 2136 10 29 i
515 2136 48 30 Ae
580 2137 49 34 15,
653 2138 120 30 varvid
799 2141 51 28 tre
874 2140 323 40 ingenjörbiträden
1222 2144 9 29 i
1258 2144 48 30 Ae
1322 2145 39 30 12
1386 2146 65 29 och
1475 2156 45 21 en
1544 2149 161 30 tekniker
1730 2149 11 29 i

256 2187 49 29 Ae
321 2187 39 30 10
386 2188 70 30 kan
483 2190 93 39 utgå.
604 2191 393 39 Departementschefen
1023 2194 206 32 förutsätter
1255 2198 129 35 vidare,
1413 2201 50 28 att
1489 2202 50 28 ett
1566 2202 175 39 ingenjör-

255 2240 135 31 biträde
418 2242 10 29 i
457 2242 49 30 Ae
522 2243 39 29 12
591 2244 101 39 utgår
720 2245 58 29 vid
809 2246 234 40 vapenbyrån.
1074 2249 226 32 Beträffande
1331 2251 409 44 flygplanavdelningens

255 2293 274 31 försökscentral
555 2296 146 30 föreslår
726 2298 387 39 departementschefen
1137 2304 200 30 inrättande
1362 2315 42 20 av
1428 2306 151 39 tjänster
1604 2308 54 31 för
1683 2309 58 30 två

255 2346 109 31 förste
383 2347 288 41 byråingenjörer
690 2351 10 28 i
721 2351 48 29 Ae
783 2351 41 30 23
846 2353 63 29 och
930 2353 58 30 två
1009 2354 322 40 ingenjörbiträden
1353 2358 10 29 i
1384 2358 48 30 Ae
1447 2360 49 34 12,
1519 2360 42 30 de
1582 2361 58 30 två
1662 2362 78 30 sist-

254 2401 155 29 nämnda
431 2401 196 39 tjänsterna
650 2403 10 29 i
683 2404 120 39 utbyte
826 2407 71 27 mot
919 2406 469 34 kollektivavtalsanställda.

309 2453 68 30 För
404 2454 464 43 elektroavdelningen
896 2459 195 40 tillstyrker
1114 2462 385 39 departementschefen
1523 2467 216 32 inrättandet

253 2515 41 20 av
322 2515 43 21 en
391 2507 110 39 tjänst
528 2508 56 30 för
610 2509 108 31 förste
744 2510 249 41 byråingenjör
1021 2514 11 29 i
1060 2514 47 30 Ae
1121 2515 40 30 23
1189 2515 55 30 för
1272 2517 285 41 kontrollfrågor.
1585 2521 13 29 I
1626 2522 112 39 övrigt
