<?xml version="1.0" encoding="UTF-8"?>
<alto xmlns="http://www.loc.gov/standards/alto/ns-v3#" xmlns:xlink="http://www.w3.org/1999/xlink" xmlns:xsi="http://www.w3.org/2001/XMLSchema-instance" xsi:schemaLocation="http://www.loc.gov/standards/alto/ns-v3# http://www.loc.gov/alto/v3/alto-3-0.xsd">
	<Description>
		<MeasurementUnit>pixel</MeasurementUnit>
		<sourceImageInformation>
			<fileName>/tmp/tess_bfg7hmqb_input.PNG</fileName>
		</sourceImageInformation>
		<OCRProcessing ID="OCR_0">
			<ocrProcessingStep>
				<processingSoftware>
					<softwareName>tesseract 5.3.0</softwareName>
				</processingSoftware>
			</ocrProcessingStep>
		</OCRProcessing>
	</Description>
	<Layout>
		<Page WIDTH="2154" HEIGHT="2626" PHYSICAL_IMG_NR="0" ID="page_0">
			<PrintSpace HPOS="0" VPOS="0" WIDTH="2154" HEIGHT="2626">
				<ComposedBlock ID="cblock_0" HPOS="676" VPOS="191" WIDTH="1108" HEIGHT="55">
					<TextBlock ID="block_0" HPOS="676" VPOS="191" WIDTH="1108" HEIGHT="55">
						<TextLine ID="line_0" HPOS="676" VPOS="191" WIDTH="1108" HEIGHT="55">
							<String ID="string_0" HPOS="676" VPOS="191" WIDTH="367" HEIGHT="55" WC="0.89" CONTENT="Bevillningsutskottets"/><SP WIDTH="23" VPOS="191" HPOS="1043"/>
							<String ID="string_1" HPOS="1066" VPOS="209" WIDTH="163" HEIGHT="31" WC="0.93" CONTENT="memorial"/><SP WIDTH="24" VPOS="209" HPOS="1229"/>
							<String ID="string_2" HPOS="1253" VPOS="210" WIDTH="53" HEIGHT="31" WC="0.52" CONTENT="N»"/><SP WIDTH="22" VPOS="210" HPOS="1306"/>
							<String ID="string_3" HPOS="1328" VPOS="211" WIDTH="51" HEIGHT="31" WC="0.96" CONTENT="41."/><SP WIDTH="391" VPOS="211" HPOS="1379"/>
							<String ID="string_4" HPOS="1770" VPOS="215" WIDTH="14" HEIGHT="31" WC="0.96" CONTENT="1"/>
						</TextLine>
					</TextBlock>
				</ComposedBlock>
				<ComposedBlock ID="cblock_1" HPOS="759" VPOS="558" WIDTH="994" HEIGHT="199">
					<TextBlock ID="block_1" HPOS="759" VPOS="558" WIDTH="994" HEIGHT="199">
						<TextLine ID="line_1" HPOS="951" VPOS="558" WIDTH="146" HEIGHT="42">
							<String ID="string_5" HPOS="951" VPOS="558" WIDTH="59" HEIGHT="40" WC="0.96" CONTENT="Nr"/><SP WIDTH="27" VPOS="558" HPOS="1010"/>
							<String ID="string_6" HPOS="1037" VPOS="559" WIDTH="60" HEIGHT="41" WC="0.85" CONTENT="41."/>
						</TextLine>
						<TextLine ID="line_2" HPOS="759" VPOS="713" WIDTH="994" HEIGHT="44">
							<String ID="string_7" HPOS="759" VPOS="713" WIDTH="112" HEIGHT="28" WC="0.95" CONTENT="Ankom"/><SP WIDTH="20" VPOS="713" HPOS="871"/>
							<String ID="string_8" HPOS="891" VPOS="715" WIDTH="42" HEIGHT="26" WC="0.95" CONTENT="till"/><SP WIDTH="19" VPOS="715" HPOS="933"/>
							<String ID="string_9" HPOS="952" VPOS="715" WIDTH="168" HEIGHT="37" WC="0.95" CONTENT="riksdagens"/><SP WIDTH="19" VPOS="715" HPOS="1120"/>
							<String ID="string_10" HPOS="1139" VPOS="717" WIDTH="94" HEIGHT="29" WC="0.96" CONTENT="kansli"/><SP WIDTH="19" VPOS="717" HPOS="1233"/>
							<String ID="string_11" HPOS="1252" VPOS="719" WIDTH="54" HEIGHT="27" WC="0.96" CONTENT="den"/><SP WIDTH="19" VPOS="719" HPOS="1306"/>
							<String ID="string_12" HPOS="1325" VPOS="720" WIDTH="34" HEIGHT="27" WC="0.96" CONTENT="25"/><SP WIDTH="19" VPOS="720" HPOS="1359"/>
							<String ID="string_13" HPOS="1378" VPOS="722" WIDTH="55" HEIGHT="35" WC="0.95" CONTENT="maj"/><SP WIDTH="23" VPOS="722" HPOS="1433"/>
							<String ID="string_14" HPOS="1456" VPOS="722" WIDTH="66" HEIGHT="28" WC="0.95" CONTENT="1920"/><SP WIDTH="18" VPOS="722" HPOS="1522"/>
							<String ID="string_15" HPOS="1540" VPOS="722" WIDTH="37" HEIGHT="27" WC="0.93" CONTENT="kl."/><SP WIDTH="21" VPOS="722" HPOS="1577"/>
							<String ID="string_16" HPOS="1598" VPOS="724" WIDTH="60" HEIGHT="31" WC="0.84" CONTENT="!/s2"/><SP WIDTH="18" VPOS="724" HPOS="1658"/>
							<String ID="string_17" HPOS="1676" VPOS="734" WIDTH="23" HEIGHT="18" WC="0.89" CONTENT="e."/><SP WIDTH="20" VPOS="734" HPOS="1699"/>
							<String ID="string_18" HPOS="1719" VPOS="735" WIDTH="34" HEIGHT="17" WC="0.93" CONTENT="m."/>
						</TextLine>
					</TextBlock>
				</ComposedBlock>
				<ComposedBlock ID="cblock_2" HPOS="418" VPOS="850" WIDTH="1405" HEIGHT="324">
					<TextBlock ID="block_2" HPOS="418" VPOS="850" WIDTH="1405" HEIGHT="324">
						<TextLine ID="line_3" HPOS="418" VPOS="850" WIDTH="1405" HEIGHT="67">
							<String ID="string_19" HPOS="418" VPOS="850" WIDTH="413" HEIGHT="47" WC="0.88" CONTENT="Bevillningsutskottets"/><SP WIDTH="40" VPOS="850" HPOS="831"/>
							<String ID="string_20" HPOS="871" VPOS="858" WIDTH="195" HEIGHT="43" WC="0.95" CONTENT="memorial,"/><SP WIDTH="40" VPOS="858" HPOS="1066"/>
							<String ID="string_21" HPOS="1106" VPOS="860" WIDTH="12" HEIGHT="33" WC="0.96" CONTENT="i"/><SP WIDTH="37" VPOS="860" HPOS="1118"/>
							<String ID="string_22" HPOS="1155" VPOS="860" WIDTH="198" HEIGHT="46" WC="0.96" CONTENT="anledning"/><SP WIDTH="41" VPOS="860" HPOS="1353"/>
							<String ID="string_23" HPOS="1394" VPOS="874" WIDTH="43" HEIGHT="24" WC="0.93" CONTENT="av"/><SP WIDTH="41" VPOS="874" HPOS="1437"/>
							<String ID="string_24" HPOS="1478" VPOS="865" WIDTH="213" HEIGHT="36" WC="0.88" CONTENT="kamrarnas"/><SP WIDTH="30" VPOS="865" HPOS="1691"/>
							<String ID="string_25" HPOS="1721" VPOS="864" WIDTH="102" HEIGHT="53" WC="0.86" CONTENT="skilj-"/>
						</TextLine>
						<TextLine ID="line_4" HPOS="624" VPOS="923" WIDTH="1199" HEIGHT="49">
							<String ID="string_26" HPOS="624" VPOS="923" WIDTH="123" HEIGHT="45" WC="0.91" CONTENT="aktiga"/><SP WIDTH="37" VPOS="923" HPOS="747"/>
							<String ID="string_27" HPOS="784" VPOS="924" WIDTH="113" HEIGHT="36" WC="0.96" CONTENT="beslut"/><SP WIDTH="28" VPOS="924" HPOS="897"/>
							<String ID="string_28" HPOS="925" VPOS="927" WIDTH="13" HEIGHT="34" WC="0.96" CONTENT="i"/><SP WIDTH="23" VPOS="927" HPOS="938"/>
							<String ID="string_29" HPOS="961" VPOS="927" WIDTH="113" HEIGHT="45" WC="0.96" CONTENT="fråga"/><SP WIDTH="36" VPOS="927" HPOS="1074"/>
							<String ID="string_30" HPOS="1110" VPOS="939" WIDTH="54" HEIGHT="24" WC="0.95" CONTENT="om"/><SP WIDTH="30" VPOS="939" HPOS="1164"/>
							<String ID="string_31" HPOS="1194" VPOS="930" WIDTH="187" HEIGHT="36" WC="0.96" CONTENT="utskottets"/><SP WIDTH="30" VPOS="930" HPOS="1381"/>
							<String ID="string_32" HPOS="1411" VPOS="932" WIDTH="221" HEIGHT="38" WC="0.95" CONTENT="betänkande"/><SP WIDTH="27" VPOS="932" HPOS="1632"/>
							<String ID="string_33" HPOS="1659" VPOS="947" WIDTH="47" HEIGHT="23" WC="0.96" CONTENT="nr"/><SP WIDTH="26" VPOS="947" HPOS="1706"/>
							<String ID="string_34" HPOS="1732" VPOS="938" WIDTH="51" HEIGHT="34" WC="0.95" CONTENT="33"/><SP WIDTH="26" VPOS="938" HPOS="1783"/>
							<String ID="string_35" HPOS="1809" VPOS="938" WIDTH="14" HEIGHT="34" WC="0.95" CONTENT="i"/>
						</TextLine>
						<TextLine ID="line_5" HPOS="613" VPOS="992" WIDTH="1208" HEIGHT="58">
							<String ID="string_36" HPOS="613" VPOS="992" WIDTH="198" HEIGHT="47" WC="0.96" CONTENT="anledning"/><SP WIDTH="42" VPOS="992" HPOS="811"/>
							<String ID="string_37" HPOS="853" VPOS="1007" WIDTH="43" HEIGHT="23" WC="0.96" CONTENT="av"/><SP WIDTH="40" VPOS="1007" HPOS="896"/>
							<String ID="string_38" HPOS="936" VPOS="997" WIDTH="128" HEIGHT="34" WC="0.94" CONTENT="väckta"/><SP WIDTH="42" VPOS="997" HPOS="1064"/>
							<String ID="string_39" HPOS="1106" VPOS="999" WIDTH="173" HEIGHT="35" WC="0.95" CONTENT="motioner"/><SP WIDTH="37" VPOS="999" HPOS="1279"/>
							<String ID="string_40" HPOS="1316" VPOS="1001" WIDTH="186" HEIGHT="44" WC="0.95" CONTENT="angående"/><SP WIDTH="35" VPOS="1001" HPOS="1502"/>
							<String ID="string_41" HPOS="1537" VPOS="1004" WIDTH="211" HEIGHT="46" WC="0.96" CONTENT="minskning"/><SP WIDTH="29" VPOS="1004" HPOS="1748"/>
							<String ID="string_42" HPOS="1777" VPOS="1017" WIDTH="44" HEIGHT="24" WC="0.95" CONTENT="av"/>
						</TextLine>
						<TextLine ID="line_6" HPOS="613" VPOS="1063" WIDTH="1207" HEIGHT="52">
							<String ID="string_43" HPOS="613" VPOS="1063" WIDTH="69" HEIGHT="34" WC="0.92" CONTENT="den"/><SP WIDTH="41" VPOS="1063" HPOS="682"/>
							<String ID="string_44" HPOS="723" VPOS="1064" WIDTH="324" HEIGHT="37" WC="0.78" CONTENT="maximikvantitet"/><SP WIDTH="40" VPOS="1064" HPOS="1047"/>
							<String ID="string_45" HPOS="1087" VPOS="1068" WIDTH="258" HEIGHT="45" WC="0.95" CONTENT="spritdrycker,"/><SP WIDTH="42" VPOS="1068" HPOS="1345"/>
							<String ID="string_46" HPOS="1387" VPOS="1081" WIDTH="74" HEIGHT="24" WC="0.96" CONTENT="som"/><SP WIDTH="22" VPOS="1081" HPOS="1461"/>
							<String ID="string_47" HPOS="1483" VPOS="1071" WIDTH="70" HEIGHT="44" WC="0.93" CONTENT="får"/><SP WIDTH="26" VPOS="1071" HPOS="1553"/>
							<String ID="string_48" HPOS="1579" VPOS="1074" WIDTH="241" HEIGHT="37" WC="0.91" CONTENT="utminuteras"/>
						</TextLine>
						<TextLine ID="line_7" HPOS="606" VPOS="1130" WIDTH="413" HEIGHT="44">
							<String ID="string_49" HPOS="606" VPOS="1130" WIDTH="67" HEIGHT="44" WC="0.95" CONTENT="för"/><SP WIDTH="29" VPOS="1130" HPOS="673"/>
							<String ID="string_50" HPOS="702" VPOS="1132" WIDTH="317" HEIGHT="37" WC="0.95" CONTENT="kalendermånad."/>
						</TextLine>
					</TextBlock>
				</ComposedBlock>
				<ComposedBlock ID="cblock_3" HPOS="413" VPOS="1247" WIDTH="1407" HEIGHT="133">
					<TextBlock ID="block_3" HPOS="413" VPOS="1247" WIDTH="1407" HEIGHT="133">
						<TextLine ID="line_8" HPOS="413" VPOS="1247" WIDTH="1407" HEIGHT="46">
							<String ID="string_51" HPOS="413" VPOS="1247" WIDTH="216" HEIGHT="27" WC="0.96" CONTENT="Närvarande:"/><SP WIDTH="19" VPOS="1247" HPOS="629"/>
							<String ID="string_52" HPOS="648" VPOS="1247" WIDTH="96" HEIGHT="27" WC="0.93" CONTENT="herrar"/><SP WIDTH="26" VPOS="1247" HPOS="744"/>
							<String ID="string_53" HPOS="770" VPOS="1249" WIDTH="101" HEIGHT="36" WC="0.91" CONTENT="Röing,"/><SP WIDTH="30" VPOS="1249" HPOS="871"/>
							<String ID="string_54" HPOS="901" VPOS="1251" WIDTH="173" HEIGHT="33" WC="0.96" CONTENT="Antonsson,"/><SP WIDTH="23" VPOS="1251" HPOS="1074"/>
							<String ID="string_55" HPOS="1097" VPOS="1253" WIDTH="86" HEIGHT="35" WC="0.96" CONTENT="Wijk,"/><SP WIDTH="20" VPOS="1253" HPOS="1183"/>
							<String ID="string_56" HPOS="1203" VPOS="1254" WIDTH="116" HEIGHT="32" WC="0.96" CONTENT="Boman,"/><SP WIDTH="20" VPOS="1254" HPOS="1319"/>
							<String ID="string_57" HPOS="1339" VPOS="1256" WIDTH="136" HEIGHT="28" WC="0.95" CONTENT="Månsson"/><SP WIDTH="19" VPOS="1256" HPOS="1475"/>
							<String ID="string_58" HPOS="1494" VPOS="1259" WIDTH="10" HEIGHT="25" WC="0.96" CONTENT="i"/><SP WIDTH="18" VPOS="1259" HPOS="1504"/>
							<String ID="string_59" HPOS="1522" VPOS="1258" WIDTH="179" HEIGHT="35" WC="0.90" CONTENT="Hagaström,"/><SP WIDTH="20" VPOS="1258" HPOS="1701"/>
							<String ID="string_60" HPOS="1721" VPOS="1260" WIDTH="99" HEIGHT="28" WC="0.91" CONTENT="Holm-"/>
						</TextLine>
						<TextLine ID="line_9" HPOS="643" VPOS="1293" WIDTH="1175" HEIGHT="44">
							<String ID="string_61" HPOS="643" VPOS="1293" WIDTH="96" HEIGHT="29" WC="0.96" CONTENT="ström,"/><SP WIDTH="13" VPOS="1293" HPOS="739"/>
							<String ID="string_62" HPOS="752" VPOS="1293" WIDTH="123" HEIGHT="27" WC="0.95" CONTENT="Jonsson"/><SP WIDTH="13" VPOS="1293" HPOS="875"/>
							<String ID="string_63" HPOS="888" VPOS="1294" WIDTH="8" HEIGHT="26" WC="0.93" CONTENT="i"/><SP WIDTH="14" VPOS="1294" HPOS="896"/>
							<String ID="string_64" HPOS="910" VPOS="1295" WIDTH="137" HEIGHT="29" WC="0.92" CONTENT="Hökhult,"/><SP WIDTH="15" VPOS="1295" HPOS="1047"/>
							<String ID="string_65" HPOS="1062" VPOS="1296" WIDTH="162" HEIGHT="35" WC="0.92" CONTENT="Björnsson,"/><SP WIDTH="14" VPOS="1296" HPOS="1224"/>
							<String ID="string_66" HPOS="1238" VPOS="1298" WIDTH="89" HEIGHT="32" WC="0.92" CONTENT="Kobb,"/><SP WIDTH="13" VPOS="1298" HPOS="1327"/>
							<String ID="string_67" HPOS="1340" VPOS="1300" WIDTH="162" HEIGHT="36" WC="0.96" CONTENT="Björkman,"/><SP WIDTH="11" VPOS="1300" HPOS="1502"/>
							<String ID="string_68" HPOS="1513" VPOS="1301" WIDTH="114" HEIGHT="28" WC="0.96" CONTENT="friherre"/><SP WIDTH="10" VPOS="1301" HPOS="1627"/>
							<String ID="string_69" HPOS="1637" VPOS="1303" WIDTH="181" HEIGHT="34" WC="0.16" CONTENT="Barnekow&quot;,"/>
						</TextLine>
						<TextLine ID="line_10" HPOS="644" VPOS="1335" WIDTH="954" HEIGHT="45">
							<String ID="string_70" HPOS="644" VPOS="1335" WIDTH="157" HEIGHT="31" WC="0.91" CONTENT="Bökelund,"/><SP WIDTH="20" VPOS="1335" HPOS="801"/>
							<String ID="string_71" HPOS="821" VPOS="1337" WIDTH="160" HEIGHT="33" WC="0.92" CONTENT="Lithander,"/><SP WIDTH="21" VPOS="1337" HPOS="981"/>
							<String ID="string_72" HPOS="1002" VPOS="1338" WIDTH="103" HEIGHT="28" WC="0.95" CONTENT="Olsson"/><SP WIDTH="19" VPOS="1338" HPOS="1105"/>
							<String ID="string_73" HPOS="1124" VPOS="1341" WIDTH="9" HEIGHT="25" WC="0.93" CONTENT="i"/><SP WIDTH="19" VPOS="1341" HPOS="1133"/>
							<String ID="string_74" HPOS="1152" VPOS="1341" WIDTH="188" HEIGHT="36" WC="0.92" CONTENT="Kollungeröd"/><SP WIDTH="21" VPOS="1341" HPOS="1340"/>
							<String ID="string_75" HPOS="1361" VPOS="1344" WIDTH="51" HEIGHT="27" WC="0.96" CONTENT="och"/><SP WIDTH="21" VPOS="1344" HPOS="1412"/>
							<String ID="string_76" HPOS="1433" VPOS="1344" WIDTH="165" HEIGHT="36" WC="0.96" CONTENT="Björklund."/>
						</TextLine>
					</TextBlock>
				</ComposedBlock>
				<ComposedBlock ID="cblock_4" HPOS="410" VPOS="1404" WIDTH="752" HEIGHT="36">
					<TextBlock ID="block_4" HPOS="410" VPOS="1404" WIDTH="752" HEIGHT="36">
						<TextLine ID="line_11" HPOS="410" VPOS="1404" WIDTH="752" HEIGHT="36">
							<String ID="string_77" HPOS="410" VPOS="1404" WIDTH="12" HEIGHT="13" WC="0.95" CONTENT="&gt;"/><SP WIDTH="18" VPOS="1404" HPOS="422"/>
							<String ID="string_78" HPOS="440" VPOS="1404" WIDTH="65" HEIGHT="25" WC="0.93" CONTENT="Icke"/><SP WIDTH="19" VPOS="1404" HPOS="505"/>
							<String ID="string_79" HPOS="524" VPOS="1406" WIDTH="125" HEIGHT="24" WC="0.92" CONTENT="närvarit"/><SP WIDTH="17" VPOS="1406" HPOS="649"/>
							<String ID="string_80" HPOS="666" VPOS="1406" WIDTH="49" HEIGHT="24" WC="0.96" CONTENT="vid"/><SP WIDTH="16" VPOS="1406" HPOS="715"/>
							<String ID="string_81" HPOS="731" VPOS="1406" WIDTH="177" HEIGHT="34" WC="0.95" CONTENT="justeringen"/><SP WIDTH="20" VPOS="1406" HPOS="908"/>
							<String ID="string_82" HPOS="928" VPOS="1417" WIDTH="35" HEIGHT="16" WC="0.93" CONTENT="av"/><SP WIDTH="18" VPOS="1417" HPOS="963"/>
							<String ID="string_83" HPOS="981" VPOS="1411" WIDTH="181" HEIGHT="24" WC="0.90" CONTENT="memorialet."/>
						</TextLine>
					</TextBlock>
				</ComposedBlock>
				<ComposedBlock ID="cblock_5" HPOS="205" VPOS="1516" WIDTH="1609" HEIGHT="318">
					<TextBlock ID="block_5" HPOS="205" VPOS="1516" WIDTH="1609" HEIGHT="318">
						<TextLine ID="line_12" HPOS="337" VPOS="1516" WIDTH="1477" HEIGHT="55">
							<String ID="string_84" HPOS="337" VPOS="1516" WIDTH="18" HEIGHT="36" WC="0.96" CONTENT="I"/><SP WIDTH="41" VPOS="1516" HPOS="355"/>
							<String ID="string_85" HPOS="396" VPOS="1518" WIDTH="207" HEIGHT="49" WC="0.95" CONTENT="anledning"/><SP WIDTH="39" VPOS="1518" HPOS="603"/>
							<String ID="string_86" HPOS="642" VPOS="1533" WIDTH="47" HEIGHT="22" WC="0.96" CONTENT="av"/><SP WIDTH="41" VPOS="1533" HPOS="689"/>
							<String ID="string_87" HPOS="730" VPOS="1520" WIDTH="45" HEIGHT="37" WC="0.96" CONTENT="de"/><SP WIDTH="36" VPOS="1520" HPOS="775"/>
							<String ID="string_88" HPOS="811" VPOS="1522" WIDTH="243" HEIGHT="49" WC="0.96" CONTENT="likalydande"/><SP WIDTH="29" VPOS="1522" HPOS="1054"/>
							<String ID="string_89" HPOS="1083" VPOS="1524" WIDTH="237" HEIGHT="38" WC="0.96" CONTENT="motionerna"/><SP WIDTH="27" VPOS="1524" HPOS="1320"/>
							<String ID="string_90" HPOS="1347" VPOS="1541" WIDTH="45" HEIGHT="22" WC="0.96" CONTENT="nr"/><SP WIDTH="30" VPOS="1541" HPOS="1392"/>
							<String ID="string_91" HPOS="1422" VPOS="1530" WIDTH="71" HEIGHT="35" WC="0.96" CONTENT="119"/><SP WIDTH="30" VPOS="1530" HPOS="1493"/>
							<String ID="string_92" HPOS="1523" VPOS="1529" WIDTH="12" HEIGHT="36" WC="0.96" CONTENT="i"/><SP WIDTH="28" VPOS="1529" HPOS="1535"/>
							<String ID="string_93" HPOS="1563" VPOS="1530" WIDTH="118" HEIGHT="37" WC="0.93" CONTENT="första"/><SP WIDTH="28" VPOS="1530" HPOS="1681"/>
							<String ID="string_94" HPOS="1709" VPOS="1531" WIDTH="105" HEIGHT="37" WC="0.92" CONTENT="kam-"/>
						</TextLine>
						<TextLine ID="line_13" HPOS="208" VPOS="1570" WIDTH="1604" HEIGHT="61">
							<String ID="string_95" HPOS="208" VPOS="1579" WIDTH="139" HEIGHT="36" WC="0.96" CONTENT="maren,"/><SP WIDTH="30" VPOS="1579" HPOS="347"/>
							<String ID="string_96" HPOS="377" VPOS="1582" WIDTH="46" HEIGHT="23" WC="0.96" CONTENT="av"/><SP WIDTH="28" VPOS="1582" HPOS="423"/>
							<String ID="string_97" HPOS="451" VPOS="1570" WIDTH="129" HEIGHT="36" WC="0.96" CONTENT="herrar"/><SP WIDTH="27" VPOS="1570" HPOS="580"/>
							<String ID="string_98" HPOS="607" VPOS="1571" WIDTH="207" HEIGHT="48" WC="0.96" CONTENT="Björkman"/><SP WIDTH="29" VPOS="1571" HPOS="814"/>
							<String ID="string_99" HPOS="843" VPOS="1574" WIDTH="70" HEIGHT="36" WC="0.96" CONTENT="och"/><SP WIDTH="25" VPOS="1574" HPOS="913"/>
							<String ID="string_100" HPOS="938" VPOS="1575" WIDTH="174" HEIGHT="50" WC="0.96" CONTENT="Norling,"/><SP WIDTH="23" VPOS="1575" HPOS="1112"/>
							<String ID="string_101" HPOS="1135" VPOS="1583" WIDTH="98" HEIGHT="31" WC="0.95" CONTENT="samt"/><SP WIDTH="19" VPOS="1583" HPOS="1233"/>
							<String ID="string_102" HPOS="1252" VPOS="1592" WIDTH="45" HEIGHT="22" WC="0.96" CONTENT="nr"/><SP WIDTH="21" VPOS="1592" HPOS="1297"/>
							<String ID="string_103" HPOS="1318" VPOS="1580" WIDTH="73" HEIGHT="35" WC="0.96" CONTENT="240"/><SP WIDTH="20" VPOS="1580" HPOS="1391"/>
							<String ID="string_104" HPOS="1411" VPOS="1579" WIDTH="12" HEIGHT="36" WC="0.96" CONTENT="i"/><SP WIDTH="20" VPOS="1579" HPOS="1423"/>
							<String ID="string_105" HPOS="1443" VPOS="1580" WIDTH="118" HEIGHT="37" WC="0.96" CONTENT="andra"/><SP WIDTH="19" VPOS="1580" HPOS="1561"/>
							<String ID="string_106" HPOS="1580" VPOS="1581" WIDTH="232" HEIGHT="50" WC="0.96" CONTENT="kammaren,"/>
						</TextLine>
						<TextLine ID="line_14" HPOS="207" VPOS="1619" WIDTH="1607" HEIGHT="60">
							<String ID="string_107" HPOS="207" VPOS="1631" WIDTH="45" HEIGHT="24" WC="0.96" CONTENT="av"/><SP WIDTH="41" VPOS="1631" HPOS="252"/>
							<String ID="string_108" HPOS="293" VPOS="1619" WIDTH="87" HEIGHT="37" WC="0.95" CONTENT="herr"/><SP WIDTH="41" VPOS="1619" HPOS="380"/>
							<String ID="string_109" HPOS="421" VPOS="1621" WIDTH="79" HEIGHT="49" WC="0.92" CONTENT="Igel"/><SP WIDTH="43" VPOS="1621" HPOS="500"/>
							<String ID="string_110" HPOS="543" VPOS="1636" WIDTH="47" HEIGHT="22" WC="0.87" CONTENT="m."/><SP WIDTH="42" VPOS="1636" HPOS="590"/>
							<String ID="string_111" HPOS="632" VPOS="1623" WIDTH="50" HEIGHT="47" WC="0.23" CONTENT="f.,"/><SP WIDTH="30" VPOS="1623" HPOS="682"/>
							<String ID="string_112" HPOS="712" VPOS="1624" WIDTH="96" HEIGHT="36" WC="0.93" CONTENT="hade"/><SP WIDTH="31" VPOS="1624" HPOS="808"/>
							<String ID="string_113" HPOS="839" VPOS="1625" WIDTH="413" HEIGHT="50" WC="0.91" CONTENT="bevillningsutskottet"/><SP WIDTH="27" VPOS="1625" HPOS="1252"/>
							<String ID="string_114" HPOS="1279" VPOS="1630" WIDTH="11" HEIGHT="35" WC="0.96" CONTENT="i"/><SP WIDTH="30" VPOS="1630" HPOS="1290"/>
							<String ID="string_115" HPOS="1320" VPOS="1631" WIDTH="154" HEIGHT="48" WC="0.96" CONTENT="avgivet"/><SP WIDTH="28" VPOS="1631" HPOS="1474"/>
							<String ID="string_116" HPOS="1502" VPOS="1632" WIDTH="239" HEIGHT="39" WC="0.96" CONTENT="betänkande"/><SP WIDTH="28" VPOS="1632" HPOS="1741"/>
							<String ID="string_117" HPOS="1769" VPOS="1649" WIDTH="45" HEIGHT="22" WC="0.96" CONTENT="nr"/>
						</TextLine>
						<TextLine ID="line_15" HPOS="206" VPOS="1671" WIDTH="1604" HEIGHT="63">
							<String ID="string_118" HPOS="206" VPOS="1672" WIDTH="48" HEIGHT="34" WC="0.92" CONTENT="33"/><SP WIDTH="55" VPOS="1672" HPOS="254"/>
							<String ID="string_119" HPOS="309" VPOS="1671" WIDTH="204" HEIGHT="49" WC="0.92" CONTENT="hemställt,"/><SP WIDTH="43" VPOS="1671" HPOS="513"/>
							<String ID="string_120" HPOS="556" VPOS="1679" WIDTH="55" HEIGHT="30" WC="0.96" CONTENT="att"/><SP WIDTH="36" VPOS="1679" HPOS="611"/>
							<String ID="string_121" HPOS="647" VPOS="1675" WIDTH="206" HEIGHT="50" WC="0.96" CONTENT="riksdagen"/><SP WIDTH="29" VPOS="1675" HPOS="853"/>
							<String ID="string_122" HPOS="882" VPOS="1681" WIDTH="127" HEIGHT="43" WC="0.96" CONTENT="måtte,"/><SP WIDTH="31" VPOS="1681" HPOS="1009"/>
							<String ID="string_123" HPOS="1040" VPOS="1680" WIDTH="85" HEIGHT="36" WC="0.96" CONTENT="med"/><SP WIDTH="28" VPOS="1680" HPOS="1125"/>
							<String ID="string_124" HPOS="1153" VPOS="1680" WIDTH="106" HEIGHT="36" WC="0.96" CONTENT="bifall"/><SP WIDTH="29" VPOS="1680" HPOS="1259"/>
							<String ID="string_125" HPOS="1288" VPOS="1681" WIDTH="58" HEIGHT="37" WC="0.96" CONTENT="till"/><SP WIDTH="28" VPOS="1681" HPOS="1346"/>
							<String ID="string_126" HPOS="1374" VPOS="1684" WIDTH="247" HEIGHT="46" WC="0.96" CONTENT="motionerna,"/><SP WIDTH="29" VPOS="1684" HPOS="1621"/>
							<String ID="string_127" HPOS="1650" VPOS="1685" WIDTH="160" HEIGHT="49" WC="0.96" CONTENT="besluta,"/>
						</TextLine>
						<TextLine ID="line_16" HPOS="205" VPOS="1723" WIDTH="1608" HEIGHT="64">
							<String ID="string_128" HPOS="205" VPOS="1727" WIDTH="55" HEIGHT="31" WC="0.95" CONTENT="att"/><SP WIDTH="36" VPOS="1727" HPOS="260"/>
							<String ID="string_129" HPOS="296" VPOS="1725" WIDTH="49" HEIGHT="34" WC="0.92" CONTENT="48"/><SP WIDTH="38" VPOS="1725" HPOS="345"/>
							<String ID="string_130" HPOS="383" VPOS="1723" WIDTH="21" HEIGHT="49" WC="0.89" CONTENT="$"/><SP WIDTH="32" VPOS="1723" HPOS="404"/>
							<String ID="string_131" HPOS="436" VPOS="1725" WIDTH="12" HEIGHT="35" WC="0.95" CONTENT="i"/><SP WIDTH="28" VPOS="1725" HPOS="448"/>
							<String ID="string_132" HPOS="476" VPOS="1725" WIDTH="131" HEIGHT="49" WC="0.89" CONTENT="kungl."/><SP WIDTH="32" VPOS="1725" HPOS="607"/>
							<String ID="string_133" HPOS="639" VPOS="1726" WIDTH="273" HEIGHT="50" WC="0.96" CONTENT="förordningen"/><SP WIDTH="30" VPOS="1726" HPOS="912"/>
							<String ID="string_134" HPOS="942" VPOS="1730" WIDTH="72" HEIGHT="35" WC="0.96" CONTENT="den"/><SP WIDTH="31" VPOS="1730" HPOS="1014"/>
							<String ID="string_135" HPOS="1045" VPOS="1733" WIDTH="47" HEIGHT="33" WC="0.96" CONTENT="14"/><SP WIDTH="23" VPOS="1733" HPOS="1092"/>
							<String ID="string_136" HPOS="1115" VPOS="1731" WIDTH="85" HEIGHT="47" WC="0.96" CONTENT="juni"/><SP WIDTH="33" VPOS="1731" HPOS="1200"/>
							<String ID="string_137" HPOS="1233" VPOS="1734" WIDTH="94" HEIGHT="35" WC="0.96" CONTENT="1917"/><SP WIDTH="33" VPOS="1734" HPOS="1327"/>
							<String ID="string_138" HPOS="1360" VPOS="1736" WIDTH="197" HEIGHT="47" WC="0.95" CONTENT="angående"/><SP WIDTH="29" VPOS="1736" HPOS="1557"/>
							<String ID="string_139" HPOS="1586" VPOS="1736" WIDTH="227" HEIGHT="51" WC="0.96" CONTENT="försäljning"/>
						</TextLine>
						<TextLine ID="line_17" HPOS="206" VPOS="1774" WIDTH="1261" HEIGHT="60">
							<String ID="string_140" HPOS="206" VPOS="1787" WIDTH="45" HEIGHT="22" WC="0.93" CONTENT="av"/><SP WIDTH="27" VPOS="1787" HPOS="251"/>
							<String ID="string_141" HPOS="278" VPOS="1774" WIDTH="230" HEIGHT="50" WC="0.91" CONTENT="rusdrycker"/><SP WIDTH="28" VPOS="1774" HPOS="508"/>
							<String ID="string_142" HPOS="536" VPOS="1777" WIDTH="122" HEIGHT="37" WC="0.96" CONTENT="skulle"/><SP WIDTH="29" VPOS="1777" HPOS="658"/>
							<String ID="string_143" HPOS="687" VPOS="1778" WIDTH="140" HEIGHT="37" WC="0.96" CONTENT="erhålla"/><SP WIDTH="30" VPOS="1778" HPOS="827"/>
							<String ID="string_144" HPOS="857" VPOS="1780" WIDTH="167" HEIGHT="48" WC="0.95" CONTENT="följande"/><SP WIDTH="30" VPOS="1780" HPOS="1024"/>
							<String ID="string_145" HPOS="1054" VPOS="1782" WIDTH="225" HEIGHT="38" WC="0.96" CONTENT="förändrade"/><SP WIDTH="30" VPOS="1782" HPOS="1279"/>
							<String ID="string_146" HPOS="1309" VPOS="1785" WIDTH="158" HEIGHT="49" WC="0.96" CONTENT="lydelse:"/>
						</TextLine>
					</TextBlock>
				</ComposedBlock>
				<ComposedBlock ID="cblock_6" HPOS="199" VPOS="1877" WIDTH="1609" HEIGHT="262">
					<TextBlock ID="block_6" HPOS="203" VPOS="1877" WIDTH="1605" HEIGHT="93">
						<TextLine ID="line_18" HPOS="335" VPOS="1877" WIDTH="1473" HEIGHT="62">
							<String ID="string_147" HPOS="335" VPOS="1877" WIDTH="291" HEIGHT="52" WC="0.91" CONTENT="»Spritdrycker"/><SP WIDTH="28" VPOS="1877" HPOS="626"/>
							<String ID="string_148" HPOS="654" VPOS="1884" WIDTH="61" HEIGHT="33" WC="0.96" CONTENT="må"/><SP WIDTH="28" VPOS="1884" HPOS="715"/>
							<String ID="string_149" HPOS="743" VPOS="1882" WIDTH="32" HEIGHT="48" WC="0.96" CONTENT="ej"/><SP WIDTH="33" VPOS="1882" HPOS="775"/>
							<String ID="string_150" HPOS="808" VPOS="1883" WIDTH="54" HEIGHT="36" WC="0.96" CONTENT="till"/><SP WIDTH="27" VPOS="1883" HPOS="862"/>
							<String ID="string_151" HPOS="889" VPOS="1886" WIDTH="129" HEIGHT="47" WC="0.93" CONTENT="någon"/><SP WIDTH="28" VPOS="1886" HPOS="1018"/>
							<String ID="string_152" HPOS="1046" VPOS="1886" WIDTH="250" HEIGHT="38" WC="0.91" CONTENT="utminuteras"/><SP WIDTH="28" VPOS="1886" HPOS="1296"/>
							<String ID="string_153" HPOS="1324" VPOS="1889" WIDTH="11" HEIGHT="35" WC="0.96" CONTENT="i"/><SP WIDTH="30" VPOS="1889" HPOS="1335"/>
							<String ID="string_154" HPOS="1365" VPOS="1894" WIDTH="120" HEIGHT="32" WC="0.96" CONTENT="större"/><SP WIDTH="28" VPOS="1894" HPOS="1485"/>
							<String ID="string_155" HPOS="1513" VPOS="1891" WIDTH="229" HEIGHT="48" WC="0.96" CONTENT="myckenhet"/><SP WIDTH="19" VPOS="1891" HPOS="1742"/>
							<String ID="string_156" HPOS="1761" VPOS="1897" WIDTH="47" HEIGHT="32" WC="0.96" CONTENT="än"/>
						</TextLine>
						<TextLine ID="line_19" HPOS="203" VPOS="1929" WIDTH="614" HEIGHT="41">
							<String ID="string_157" HPOS="203" VPOS="1932" WIDTH="58" HEIGHT="33" WC="0.96" CONTENT="två"/><SP WIDTH="29" VPOS="1932" HPOS="261"/>
							<String ID="string_158" HPOS="290" VPOS="1929" WIDTH="84" HEIGHT="37" WC="0.96" CONTENT="liter"/><SP WIDTH="27" VPOS="1929" HPOS="374"/>
							<String ID="string_159" HPOS="401" VPOS="1931" WIDTH="12" HEIGHT="35" WC="0.93" CONTENT="i"/><SP WIDTH="27" VPOS="1931" HPOS="413"/>
							<String ID="string_160" HPOS="440" VPOS="1931" WIDTH="377" HEIGHT="39" WC="0.90" CONTENT="kalendermånaden."/>
						</TextLine>
					</TextBlock>
					<TextBlock ID="block_7" HPOS="199" VPOS="1981" WIDTH="1607" HEIGHT="158">
						<TextLine ID="line_20" HPOS="332" VPOS="1981" WIDTH="1474" HEIGHT="61">
							<String ID="string_161" HPOS="332" VPOS="1981" WIDTH="107" HEIGHT="37" WC="0.93" CONTENT="Efter"/><SP WIDTH="41" VPOS="1981" HPOS="439"/>
							<String ID="string_162" HPOS="480" VPOS="1984" WIDTH="127" HEIGHT="36" WC="0.93" CONTENT="därom"/><SP WIDTH="38" VPOS="1984" HPOS="607"/>
							<String ID="string_163" HPOS="645" VPOS="1985" WIDTH="217" HEIGHT="50" WC="0.93" CONTENT="skriftligen"/><SP WIDTH="29" VPOS="1985" HPOS="862"/>
							<String ID="string_164" HPOS="891" VPOS="1987" WIDTH="111" HEIGHT="48" WC="0.96" CONTENT="gjord"/><SP WIDTH="31" VPOS="1987" HPOS="1002"/>
							<String ID="string_165" HPOS="1033" VPOS="1989" WIDTH="285" HEIGHT="50" WC="0.96" CONTENT="framställning"/><SP WIDTH="28" VPOS="1989" HPOS="1318"/>
							<String ID="string_166" HPOS="1346" VPOS="1996" WIDTH="91" HEIGHT="44" WC="0.96" CONTENT="äger"/><SP WIDTH="28" VPOS="1996" HPOS="1437"/>
							<String ID="string_167" HPOS="1465" VPOS="1993" WIDTH="96" HEIGHT="37" WC="0.96" CONTENT="dock"/><SP WIDTH="29" VPOS="1993" HPOS="1561"/>
							<String ID="string_168" HPOS="1590" VPOS="1994" WIDTH="126" HEIGHT="48" WC="0.95" CONTENT="bolag,"/><SP WIDTH="30" VPOS="1994" HPOS="1716"/>
							<String ID="string_169" HPOS="1746" VPOS="2008" WIDTH="60" HEIGHT="23" WC="0.96" CONTENT="om"/>
						</TextLine>
						<TextLine ID="line_21" HPOS="201" VPOS="2032" WIDTH="1605" HEIGHT="57">
							<String ID="string_170" HPOS="201" VPOS="2032" WIDTH="186" HEIGHT="37" WC="0.96" CONTENT="särskilda"/><SP WIDTH="41" VPOS="2032" HPOS="387"/>
							<String ID="string_171" HPOS="428" VPOS="2034" WIDTH="79" HEIGHT="36" WC="0.95" CONTENT="skäl"/><SP WIDTH="42" VPOS="2034" HPOS="507"/>
							<String ID="string_172" HPOS="549" VPOS="2035" WIDTH="200" HEIGHT="49" WC="0.93" CONTENT="föreligga,"/><SP WIDTH="43" VPOS="2035" HPOS="749"/>
							<String ID="string_173" HPOS="792" VPOS="2038" WIDTH="178" HEIGHT="48" WC="0.92" CONTENT="medgiva"/><SP WIDTH="43" VPOS="2038" HPOS="970"/>
							<String ID="string_174" HPOS="1013" VPOS="2040" WIDTH="138" HEIGHT="49" WC="0.96" CONTENT="köpare"/><SP WIDTH="32" VPOS="2040" HPOS="1151"/>
							<String ID="string_175" HPOS="1183" VPOS="2046" WIDTH="75" HEIGHT="32" WC="0.96" CONTENT="rätt"/><SP WIDTH="27" VPOS="2046" HPOS="1258"/>
							<String ID="string_176" HPOS="1285" VPOS="2049" WIDTH="55" HEIGHT="30" WC="0.96" CONTENT="att"/><SP WIDTH="28" VPOS="2049" HPOS="1340"/>
							<String ID="string_177" HPOS="1368" VPOS="2044" WIDTH="59" HEIGHT="36" WC="0.96" CONTENT="för"/><SP WIDTH="28" VPOS="2044" HPOS="1427"/>
							<String ID="string_178" HPOS="1455" VPOS="2045" WIDTH="96" HEIGHT="36" WC="0.96" CONTENT="visst"/><SP WIDTH="28" VPOS="2045" HPOS="1551"/>
							<String ID="string_179" HPOS="1579" VPOS="2045" WIDTH="147" HEIGHT="37" WC="0.93" CONTENT="tillfälle"/><SP WIDTH="24" VPOS="2045" HPOS="1726"/>
							<String ID="string_180" HPOS="1750" VPOS="2047" WIDTH="56" HEIGHT="35" WC="0.91" CONTENT="in-"/>
						</TextLine>
						<TextLine ID="line_22" HPOS="199" VPOS="2082" WIDTH="1000" HEIGHT="57">
							<String ID="string_181" HPOS="199" VPOS="2082" WIDTH="100" HEIGHT="49" WC="0.96" CONTENT="köpa"/><SP WIDTH="30" VPOS="2082" HPOS="299"/>
							<String ID="string_182" HPOS="329" VPOS="2089" WIDTH="118" HEIGHT="32" WC="0.96" CONTENT="större"/><SP WIDTH="29" VPOS="2089" HPOS="447"/>
							<String ID="string_183" HPOS="476" VPOS="2087" WIDTH="227" HEIGHT="48" WC="0.96" CONTENT="myckenhet"/><SP WIDTH="29" VPOS="2087" HPOS="703"/>
							<String ID="string_184" HPOS="732" VPOS="2093" WIDTH="47" HEIGHT="30" WC="0.96" CONTENT="än"/><SP WIDTH="29" VPOS="2093" HPOS="779"/>
							<String ID="string_185" HPOS="808" VPOS="2090" WIDTH="158" HEIGHT="36" WC="0.93" CONTENT="sålunda"/><SP WIDTH="28" VPOS="2090" HPOS="966"/>
							<String ID="string_186" HPOS="994" VPOS="2092" WIDTH="205" HEIGHT="47" WC="0.92" CONTENT="stadgats.»"/>
						</TextLine>
					</TextBlock>
				</ComposedBlock>
				<ComposedBlock ID="cblock_7" HPOS="196" VPOS="2186" WIDTH="1609" HEIGHT="213">
					<TextBlock ID="block_8" HPOS="197" VPOS="2186" WIDTH="1608" HEIGHT="152">
						<TextLine ID="line_23" HPOS="330" VPOS="2186" WIDTH="1475" HEIGHT="60">
							<String ID="string_187" HPOS="330" VPOS="2186" WIDTH="133" HEIGHT="49" WC="0.96" CONTENT="Enligt"/><SP WIDTH="40" VPOS="2186" HPOS="463"/>
							<String ID="string_188" HPOS="503" VPOS="2189" WIDTH="186" HEIGHT="37" WC="0.93" CONTENT="utskottet"/><SP WIDTH="35" VPOS="2189" HPOS="689"/>
							<String ID="string_189" HPOS="724" VPOS="2190" WIDTH="326" HEIGHT="39" WC="0.88" CONTENT="tillhandakomna"/><SP WIDTH="28" VPOS="2190" HPOS="1050"/>
							<String ID="string_190" HPOS="1078" VPOS="2195" WIDTH="351" HEIGHT="51" WC="0.91" CONTENT="protokollsutdrag"/><SP WIDTH="28" VPOS="2195" HPOS="1429"/>
							<String ID="string_191" HPOS="1457" VPOS="2198" WIDTH="67" HEIGHT="36" WC="0.96" CONTENT="har"/><SP WIDTH="28" VPOS="2198" HPOS="1524"/>
							<String ID="string_192" HPOS="1552" VPOS="2199" WIDTH="120" HEIGHT="36" WC="0.93" CONTENT="första"/><SP WIDTH="28" VPOS="2199" HPOS="1672"/>
							<String ID="string_193" HPOS="1700" VPOS="2199" WIDTH="105" HEIGHT="37" WC="0.91" CONTENT="kam-"/>
						</TextLine>
						<TextLine ID="line_24" HPOS="199" VPOS="2239" WIDTH="1605" HEIGHT="49">
							<String ID="string_194" HPOS="199" VPOS="2250" WIDTH="128" HEIGHT="23" WC="0.90" CONTENT="maren"/><SP WIDTH="29" VPOS="2250" HPOS="327"/>
							<String ID="string_195" HPOS="356" VPOS="2239" WIDTH="164" HEIGHT="48" WC="0.90" CONTENT="avslagit"/><SP WIDTH="28" VPOS="2239" HPOS="520"/>
							<String ID="string_196" HPOS="548" VPOS="2241" WIDTH="102" HEIGHT="35" WC="0.96" CONTENT="såväl"/><SP WIDTH="28" VPOS="2241" HPOS="650"/>
							<String ID="string_197" HPOS="678" VPOS="2241" WIDTH="205" HEIGHT="38" WC="0.96" CONTENT="utskottets"/><SP WIDTH="31" VPOS="2241" HPOS="883"/>
							<String ID="string_198" HPOS="914" VPOS="2244" WIDTH="225" HEIGHT="37" WC="0.96" CONTENT="hemställan"/><SP WIDTH="29" VPOS="2244" HPOS="1139"/>
							<String ID="string_199" HPOS="1168" VPOS="2259" WIDTH="80" HEIGHT="23" WC="0.96" CONTENT="som"/><SP WIDTH="26" VPOS="2259" HPOS="1248"/>
							<String ID="string_200" HPOS="1274" VPOS="2248" WIDTH="46" HEIGHT="36" WC="0.96" CONTENT="de"/><SP WIDTH="19" VPOS="2248" HPOS="1320"/>
							<String ID="string_201" HPOS="1339" VPOS="2248" WIDTH="11" HEIGHT="36" WC="0.96" CONTENT="i"/><SP WIDTH="21" VPOS="2248" HPOS="1350"/>
							<String ID="string_202" HPOS="1371" VPOS="2254" WIDTH="128" HEIGHT="32" WC="0.96" CONTENT="ämnet"/><SP WIDTH="18" VPOS="2254" HPOS="1499"/>
							<String ID="string_203" HPOS="1517" VPOS="2250" WIDTH="134" HEIGHT="37" WC="0.93" CONTENT="väckta"/><SP WIDTH="19" VPOS="2250" HPOS="1651"/>
							<String ID="string_204" HPOS="1670" VPOS="2252" WIDTH="134" HEIGHT="36" WC="0.92" CONTENT="motio-"/>
						</TextLine>
						<TextLine ID="line_25" HPOS="197" VPOS="2292" WIDTH="1385" HEIGHT="46">
							<String ID="string_205" HPOS="197" VPOS="2301" WIDTH="130" HEIGHT="34" WC="0.93" CONTENT="nerna,"/><SP WIDTH="30" VPOS="2301" HPOS="327"/>
							<String ID="string_206" HPOS="357" VPOS="2297" WIDTH="168" HEIGHT="30" WC="0.91" CONTENT="varemot"/><SP WIDTH="27" VPOS="2297" HPOS="525"/>
							<String ID="string_207" HPOS="552" VPOS="2292" WIDTH="117" HEIGHT="36" WC="0.96" CONTENT="andra"/><SP WIDTH="29" VPOS="2292" HPOS="669"/>
							<String ID="string_208" HPOS="698" VPOS="2293" WIDTH="219" HEIGHT="38" WC="0.93" CONTENT="kammaren"/><SP WIDTH="30" VPOS="2293" HPOS="917"/>
							<String ID="string_209" HPOS="947" VPOS="2295" WIDTH="137" HEIGHT="38" WC="0.92" CONTENT="bifallit"/><SP WIDTH="28" VPOS="2295" HPOS="1084"/>
							<String ID="string_210" HPOS="1112" VPOS="2298" WIDTH="203" HEIGHT="37" WC="0.96" CONTENT="utskottets"/><SP WIDTH="29" VPOS="2298" HPOS="1315"/>
							<String ID="string_211" HPOS="1344" VPOS="2300" WIDTH="238" HEIGHT="38" WC="0.96" CONTENT="hemställan."/>
						</TextLine>
					</TextBlock>
					<TextBlock ID="block_9" HPOS="196" VPOS="2348" WIDTH="1558" HEIGHT="51">
						<TextLine ID="line_26" HPOS="196" VPOS="2348" WIDTH="1558" HEIGHT="51">
							<String ID="string_212" HPOS="196" VPOS="2348" WIDTH="127" HEIGHT="42" WC="0.91" CONTENT="Bihang"/><SP WIDTH="24" VPOS="2348" HPOS="323"/>
							<String ID="string_213" HPOS="347" VPOS="2350" WIDTH="49" HEIGHT="31" WC="0.96" CONTENT="till"/><SP WIDTH="23" VPOS="2350" HPOS="396"/>
							<String ID="string_214" HPOS="419" VPOS="2351" WIDTH="185" HEIGHT="42" WC="0.96" CONTENT="riksdagens"/><SP WIDTH="19" VPOS="2351" HPOS="604"/>
							<String ID="string_215" HPOS="623" VPOS="2354" WIDTH="156" HEIGHT="40" WC="0.96" CONTENT="protokoll"/><SP WIDTH="26" VPOS="2354" HPOS="779"/>
							<String ID="string_216" HPOS="805" VPOS="2356" WIDTH="94" HEIGHT="30" WC="0.96" CONTENT="1920."/><SP WIDTH="48" VPOS="2356" HPOS="899"/>
							<String ID="string_217" HPOS="947" VPOS="2358" WIDTH="20" HEIGHT="29" WC="0.95" CONTENT="7"/><SP WIDTH="23" VPOS="2358" HPOS="967"/>
							<String ID="string_218" HPOS="990" VPOS="2357" WIDTH="89" HEIGHT="31" WC="0.95" CONTENT="saml."/><SP WIDTH="48" VPOS="2357" HPOS="1079"/>
							<String ID="string_219" HPOS="1127" VPOS="2358" WIDTH="42" HEIGHT="31" WC="0.93" CONTENT="33"/><SP WIDTH="22" VPOS="2358" HPOS="1169"/>
							<String ID="string_220" HPOS="1191" VPOS="2358" WIDTH="81" HEIGHT="41" WC="0.87" CONTENT="häft."/><SP WIDTH="46" VPOS="2358" HPOS="1272"/>
							<String ID="string_221" HPOS="1318" VPOS="2360" WIDTH="68" HEIGHT="39" WC="0.96" CONTENT="(Nr"/><SP WIDTH="24" VPOS="2360" HPOS="1386"/>
							<String ID="string_222" HPOS="1410" VPOS="2361" WIDTH="66" HEIGHT="37" WC="0.93" CONTENT="41)"/><SP WIDTH="265" VPOS="2361" HPOS="1476"/>
							<String ID="string_223" HPOS="1741" VPOS="2364" WIDTH="13" HEIGHT="30" WC="0.96" CONTENT="1"/>
						</TextLine>
					</TextBlock>
				</ComposedBlock>
			</PrintSpace>
		</Page>
	</Layout>
</alto>
