2249 2725
690 212 96 30 Stats-
803 206 171 46 Utskottets
990 211 168 32 Utlåtande
1183 213 58 31 N:o
1264 217 44 27 10.
1723 218 37 28 39

604 303 54 31 att
698 298 213 49 Riksdagen
946 302 60 33 må
1033 300 56 36 till
1116 300 129 49 bidrag
1273 301 64 36 vid
1365 302 208 36 ordnandet
1601 302 41 37 af
1664 303 139 38 Veten-

603 349 365 49 skaps-akademiens
1028 352 267 37 astronomiska
1341 352 291 38 observatorium
1673 355 130 37 anvisa

603 399 57 38 för
687 404 40 32 år
757 403 94 35 1876
880 407 54 31 ett
962 409 105 29 extra
1095 404 127 47 anslag
1249 403 40 36 af
1313 406 134 43 33,000
1475 405 150 37 kronor.

339 504 94 33 61:o.
486 501 85 36 Som
601 502 45 36 de
674 508 107 30 extra
808 505 136 45 anslag,
973 505 124 36 hvilka
1130 506 63 36 vid
1220 507 183 35 nästlidna
1430 507 150 48 riksdag
1608 508 120 37 blifvit
1746 508 57 37 för

202 551 186 44 ändamål,
428 552 225 36 tillhörande
695 552 235 45 Vitterhets-,
971 555 181 37 Historie-
1194 557 68 36 och
1311 557 491 48 Antiqvitets-akademiens

203 603 246 43 verksamhet,
490 603 186 45 anvisade,
717 604 228 37 fortfarande
986 619 88 24 voro
1116 607 56 36 till
1212 607 74 36 lika
1327 609 131 48 belopp
1499 609 195 48 behöfliga,
1736 610 67 36 har

202 653 130 49 Kongl.
361 653 104 48 Maj:t
493 653 190 49 föreslagit
710 655 211 48 Riksdagen
948 662 55 31 att
1031 657 106 37 äfven
1168 658 56 36 för
1252 662 40 32 år
1322 661 93 34 1876
1446 661 136 46 bevilja
1607 661 196 36 enahanda

202 705 136 48 anslag,
372 705 204 46 nemligen:;
604 706 58 35 till
691 706 161 36 arvoden
881 710 37 32 åt
946 709 273 48 vetenskapligt
1248 709 147 37 bildade
1425 711 171 36 biträden
1625 711 61 36 vid
1716 711 87 36 ord-

202 755 137 37 nandet
366 756 67 35 och
463 755 138 37 vården
630 756 39 37 af
692 763 140 30 statens
860 758 118 37 under
1007 759 238 44 Vitterhets-,
1273 760 179 38 Historie-
1474 762 68 35 och
1557 762 246 49 Antiqvitets-

200 805 242 38 akademiens
485 807 177 36 inseende
691 808 123 36 stälda
841 810 199 48 samlingar
1067 816 96 30 samt
1190 812 57 35 till
1276 812 159 48 aflöning
1463 812 37 36 åt
1528 814 275 47 vaktbetjening

202 857 60 36 vid
300 858 271 46 samlingarnes
612 858 193 49 offentliga
845 858 226 50 förevisning
1112 863 107 41 4,000
1248 863 152 44 kronor;
1433 864 55 35 till
1524 864 280 47 undersökning

202 908 66 36 och
307 908 229 48 beskrifning
573 908 40 36 af
649 908 312 39 fäderneslandets
1005 911 291 50 fornlemningar
1336 927 45 23 m.
1425 927 46 22 m.
1513 916 108 41 5,000
1650 915 153 45 kronor;

202 964 97 31 samt
338 960 57 35 till
431 958 217 49 utgifvande
683 960 39 36 af
747 961 243 48 planschverk
1019 963 105 36 öfver
1151 962 192 39 fornsaker
1371 965 68 36 och
1468 965 115 35 andra
1612 966 192 35 märkvär-

203 1009 88 49 diga
330 1009 155 37 föremål
526 1011 10 35 1
578 1017 141 31 statens
753 1012 199 37 historiska
985 1027 168 23 museum
1187 1015 67 35 och
1283 1016 105 36 öfver
1415 1016 156 36 svenska
1599 1017 95 47 sigill
1722 1015 82 37 från

203 1060 223 37 medeltiden
458 1063 109 43 2,000
595 1062 149 37 kronor.

337 1111 191 37 Utskottet
556 1112 216 48 tillstyrker,

602 1169 54 31 att
696 1164 109 36 ofvan
848 1165 240 48 uppräknade
1127 1172 107 31 extra
1274 1167 139 47 anslag,
1467 1168 156 48 tillhopa
1672 1169 131 43 11,000

604 1216 149 44 kronor,
795 1219 59 32 må
894 1220 46 43 på
981 1223 107 30 extra
1128 1223 74 30 stat
1241 1216 57 37 för
1325 1221 41 33 år
1395 1220 94 34 1876
1526 1218 39 36 af
1590 1218 213 50 Riksdagen

602 1266 164 47 beviljas.

338 1369 91 35 62:0.
485 1367 55 36 Då
568 1367 45 36 de
643 1368 294 49 dyrtidstillägg,
967 1369 131 47 Kongl.
1128 1370 102 47 Maj:t
1251 1370 56 36 för
1327 1371 121 36 nedan
1468 1373 160 35 nämnde
1645 1373 160 37 embets-

204 1418 67 35 och
312 1418 221 47 tjenstemän
574 1419 117 43 äskat,
731 1423 124 44 uppgå
888 1420 57 35 till
986 1420 190 36 enahanda
1212 1421 142 49 belopp,
1391 1436 80 22 som
1502 1424 57 35 vid
1589 1424 99 36 förra
1715 1425 91 36 riks-

203 1468 118 47 dagen
353 1468 121 37 blifvit
506 1482 139 24 samme
679 1470 159 36 embets-
867 1471 66 35 och
963 1471 223 46 tjenstemän
1214 1471 57 37 för
1298 1473 253 37 innevarande
1580 1479 40 31 år
1636 1475 169 49 tillagda,

204 1519 65 45 får,
312 1520 10 35 i
362 1519 162 48 enlighet
567 1520 81 36 med
684 1520 94 36 hvad
814 1520 131 48 Kongl.
979 1521 105 48 Maj:t
1112 1521 191 50 föreslagit
1331 1524 65 35 och
1427 1525 118 36 under
1574 1525 230 37 hänvisande

204 1570 55 36 till
287 1570 150 48 bilagde
466 1571 115 36 tabell
610 1571 88 36 Litt.
728 1571 46 44 A,
802 1570 194 38 Utskottet
1023 1573 198 48 tillstyrka,

606 1629 54 29 att
692 1622 211 48 Riksdagen
937 1626 58 32 må
1027 1626 119 33 såsom
1175 1624 279 49 dyrtidstillägg
1481 1626 57 36 för
1567 1630 39 32 år
1637 1629 93 34 1876
1760 1632 47 45 på

607 1679 107 30 extra
742 1679 73 29 stat
843 1674 140 35 anvisa:

543 1721 36 48 a)
608 1727 37 32 åt
672 1724 300 48 riksantiqvarien
1001 1725 61 35 och
1098 1738 283 24 amanuenserne
1409 1727 60 35 vid
1503 1727 213 46 Vitterhets-,
1738 1729 68 37 Hi-

602 1774 118 37 storie-
747 1775 61 35 och
836 1774 447 49 Antiqvitets-akademien
1315 1780 106 39 1,500
1449 1779 153 43 kronor;

543 1823 38 47 b)
610 1828 38 32 åt
686 1825 119 35 lärare
846 1826 59 35 och
944 1826 205 43 tjenstemän
1189 1827 62 35 vid
1292 1826 225 38 Akademien
1557 1830 60 45 för
1653 1831 43 35 de
1728 1832 78 46 fria

602 1875 189 36 konsterna
819 1877 109 42 4,500
958 1875 152 46 kronor;
1141 1877 69 35 och

543 1923 33 47 c)
605 1929 37 32 åt
687 1926 119 36 lärare
852 1927 61 35 och
953 1927 206 43 tjenstemän
1200 1927 62 36 vid
1305 1928 235 38 Musikaliska
1594 1931 212 37 akademien

605 1978 109 42 3,940
743 1977 144 35 kronor.

332 2080 93 34 63:o.
479 2077 69 35 Till
591 2076 157 47 höjande
781 2076 38 37 af
850 2076 63 37 det
946 2077 239 37 Musikaliska
1225 2079 219 37 akademien
1472 2080 182 48 beviljade
1683 2082 122 47 hyres-

206 2129 130 46 anslag
368 2129 67 35 har
469 2128 131 48 Kongl.
631 2127 102 48 Maj:t
760 2127 192 45 föreslagit
982 2129 198 35 anvisande
1210 2129 37 35 af
1274 2132 68 33 675
1374 2131 152 43 kronor;
1561 2132 68 35 och
1657 2132 57 44 då,
1744 2145 62 23 en-

205 2180 67 46 ligt
313 2179 96 36 hvad
450 2178 416 48 statsrådsprotokollet
900 2177 82 47 (Bil.
1011 2179 64 36 N:o
1105 2182 18 33 7
1142 2180 32 43 b,
1204 2193 82 35 pag.
1317 2179 62 46 85)
1407 2181 118 46 gifver
1554 2182 62 35 vid
1646 2182 159 45 handen,

207 2229 116 50 hyran
351 2229 55 36 för
434 2229 71 36 den
534 2228 41 37 af
599 2229 217 36 akademien
846 2230 215 47 begagnade
1091 2230 97 36 lokal
1218 2230 121 36 blifvit
1368 2232 84 35 med
1480 2232 157 36 berörda
1670 2234 135 47 belopp

205 2280 149 49 förhöjd
382 2287 107 38 samt,
519 2281 9 34 i
557 2280 181 36 anseende
759 2280 53 36 till
833 2281 306 36 mellankommen
1154 2281 105 48 fråga
1275 2295 60 23 om
1355 2284 292 48 gatureglering,
1669 2284 136 36 akade-

1854 527 137 31 Angående

1843 561 93 32 anslag
1955 561 46 25 till

1840 595 161 29 Vitterhets-,

1821 629 131 24 Historie-
1975 630 47 24 och

1837 664 168 31 Antiqvitets-

1842 697 160 24 akadenvien.

1858 1398 142 32 Angående

1824 1433 200 31 dyrtidstillägg

1825 1466 27 24 åt
1862 1466 161 30 Vitterhets-,

1825 1501 131 23 Historie-
1978 1501 47 24 och

1836 1535 174 31 Antiqvitets-

1851 1568 161 28 akademien,

1845 1602 164 24 Akademien

1835 1636 50 30 för
1903 1636 31 24 de
1951 1637 59 28 fria

1826 1669 141 25 konsterna
1977 1671 47 23 och

1839 1704 177 24 Musikaliska

1845 1737 162 25 akademien.

1859 2091 141 32 Angående

1860 2125 126 33 förhöjdt

1841 2159 170 32 hyresanslag

1826 2193 50 29 för
1899 2194 117 24 Musika-

1829 2226 70 25 liska
1931 2227 93 25 akade-

1888 2262 77 23 mien.
