1918 2848
613 169 229 28 Statsutskottets
864 169 150 27 utlåtande
1036 169 47 27 Nr
1107 170 28 27 7z
1631 163 20 31 9

829 449 64 46 Nr
924 453 61 41 12.

525 567 126 28 Ankom
675 567 49 27 till
748 566 189 37 riksdagens
960 565 105 28 kansli
1089 565 59 28 den
1176 566 35 26 21
1238 574 83 18 mars
1348 565 80 28 1930
1453 565 40 28 kl.
1518 565 17 27 3
1560 573 24 19 e.
1610 574 40 18 m.

464 659 194 36 Utlåtande
686 659 13 35 1
727 659 194 48 anledning
951 671 46 22 av
1024 658 132 43 Kungl.
1187 658 128 47 AMMaj:ts
1338 658 230 47 proposition
1588 670 64 22 an-

557 711 137 49 gdende
720 711 272 47 kaptitalökning
1013 712 66 47 för
1106 710 389 48 industrildnefonden.

1431 785 61 41 (4:e
1515 785 85 41 avd.)

198 884 19 31 I
240 895 41 20 en
305 883 53 31 till
380 882 183 42 viksdagen
587 882 67 31 den
678 882 40 31 28
741 881 149 32 februari
909 881 82 31 1930
1007 881 133 31 avlåten
1156 880 228 42 proposition,
1398 891 41 20 nr
1453 880 69 38 164,
1541 880 111 31 vilken

145 934 176 32 hänvisats
345 933 53 32 till
414 933 278 31 statsutskottets
708 931 249 33 förberedande
973 931 219 41 behandling,
1206 931 61 31 har
1282 931 126 41 Kungl.
1423 930 106 41 Maj:t,
1543 930 111 32 under

146 984 217 42 åberopande
387 995 39 20 av
450 983 263 42 propositionen
736 982 108 42 bilagt
866 982 125 41 utdrag
1013 993 40 20 av
1076 981 380 42 statsrådsprotokollet
1479 983 80 29 över
1574 981 79 31 han-

146 1035 227 32 delsärenden
406 1035 53 30 för
493 1045 129 20 samma
655 1033 74 42 dag,
753 1033 176 41 föreslagit
951 1032 181 41 riksdagen
1156 1034 50 29 att
1229 1032 65 31 dels
1316 1032 54 31 till
1392 1031 262 42 kapitalökning

145 1086 54 32 för
231 1084 358 33 industrilånefonden
623 1086 20 29 å
668 1084 187 31 riksstaten
879 1084 53 30 för
954 1082 203 42 budgetåret
1182 1082 177 39 1930/1931
1384 1082 105 31 bland
1512 1082 141 41 utgifter

144 1137 54 31 för
219 1135 260 42 kapitalökning
502 1135 109 31 under
632 1134 120 32 rubrik
777 1134 159 32 »Statens
960 1133 314 42 utlåningsfonder»
1301 1132 118 32 anvisa
1442 1134 49 30 ett
1506 1143 146 21 reserva-

146 1186 214 41 tionsanslag
392 1197 41 20 av
466 1185 136 39 900,000
634 1185 136 37 kronor,
805 1186 49 29 att
886 1186 84 39 utgå
1003 1195 40 20 av
1075 1183 200 38 lånemedel,
1310 1183 66 32 dels
1399 1184 54 31 ock
1475 1183 58 31 vid
1555 1183 97 31 bifall

146 1237 115 32 härtill
294 1237 80 41 höja
408 1236 66 32 den
502 1236 11 31 1
536 1236 164 41 förslaget
723 1235 53 31 till
798 1235 143 31 riksstat
963 1235 54 31 för
1038 1234 204 41 budgetåret
1266 1234 177 33 1930/1931
1469 1234 109 31 under
1600 1244 52 20 ru-

145 1288 121 32 briken
303 1287 246 32 »Lånemedel»
586 1288 177 40 upptagna
784 1285 255 32 inkomsttiteln
1066 1279 145 47 >»Övriga
1233 1284 209 32 lånemedel>
1469 1285 78 31 med
1570 1286 82 29 mot-

146 1338 165 32 svarande
334 1338 138 41 belopp.

198 1389 219 31 Beträffande
451 1388 230 41 utredningen
715 1388 12 30 i
761 1387 141 32 ärendet
935 1387 52 30 får
1021 1386 168 32 utskottet
1216 1386 142 31 hänvisa
1381 1386 54 31 till
1458 1385 194 42 åberopade

146 1439 389 41 statsrådsprotokollet.

200 1533 126 41 Kungl.
359 1532 118 41 Maj:ts
511 1532 128 41 förslag
672 1533 37 29 är
736 1532 161 31 föranlett
920 1531 112 37 därav,
1057 1532 49 29 att
1129 1532 50 29 ett
1202 1530 65 31 sist
1289 1532 20 28 å
1330 1530 187 31 riksstaten
1541 1530 52 31 för
1616 1531 38 29 år

146 1584 81 32 1919
250 1583 133 32 anvisat
406 1582 353 39 reservationsanslag
781 1582 53 31 till
857 1581 435 32 torvindustrilånefonden
1315 1580 154 42 (numera
1491 1580 162 31 industri-

143 1633 218 39 lånefonden)
394 1633 134 41 jämlikt
561 1633 159 41 gällande
747 1632 261 32 bestämmelser
1030 1631 174 42 angående
1228 1631 255 41 dispositionen
1507 1642 40 20 av
1570 1642 25 20 s.
1620 1631 31 31 k.

143 1685 95 31 äldre
271 1684 352 41 reservationsanslag
657 1683 29 41 ej
722 1683 65 31 kan
821 1682 296 41 fortsättningsvis
1151 1681 124 32 anlitas
1309 1681 86 32 efter
1422 1681 232 32 innevarande

143 1735 188 41 budgetårs
354 1736 137 40 utgång.

196 1786 97 31 Efter
327 1785 134 31 erinran
497 1796 54 20 om
580 1785 95 31 detta
702 1784 213 32 förhållande
939 1784 62 31 har
1024 1786 21 29 t.
1069 1784 20 29 f.
1115 1783 341 41 departementschefen
1480 1783 51 31 till
1555 1785 97 29 stats-

143 1835 292 42 rådsprotokollet
457 1835 113 32 anfört
592 1835 163 41 följande:

200 1887 70 30 »Av
303 1886 42 31 de
378 1885 158 32 lämnade
560 1885 219 42 uppgifterna
801 1886 155 40 framgår,
981 1886 50 29 att
1053 1884 378 31 industrilånefondens
1454 1883 199 41 disponibla

143 1928 315 41 kapitaltillgångar
481 1928 56 30 vid
560 1927 149 41 löpande
733 1927 186 40 budgetårs
943 1928 128 39 utgång
1093 1926 136 31 komma
1251 1928 58 35 att,
1334 1926 54 30 till
1411 1926 87 40 följd
1521 1937 41 19 av
1585 1936 67 20 om-

145 1970 236 40 standigheter
414 1970 53 30 för
489 1969 91 31 vilka
602 1980 88 20 ovan
714 1969 202 41 redogjorts,
941 1979 80 20 vara
1043 1968 142 31 alldeles
1209 1967 165 32 uttömda.
1398 1967 68 31 Vid
1492 1968 78 31 1931
1596 1969 55 29 års

143 2012 127 41 ingång
304 2011 110 31 skulle
448 2012 53 31 för
534 2011 178 31 mötandet
746 2022 39 19 av
819 2011 43 31 då
895 2010 232 41 föreliggande
1150 2021 67 30 nya
1239 2009 192 32 lånebehov
1453 2010 111 31 finnas
1587 2009 65 31 till-

145 2054 153 41 gängligt
320 2054 123 31 endast
466 2055 50 30 ett
538 2053 128 42 belopp
690 2064 40 20 av
753 2053 157 40 omkring
935 2053 114 37 75,000
1071 2052 135 38 kronor,
1230 2051 241 32 motsvarande
1488 2051 42 32 de
1546 2062 106 20 amor-

145 2097 160 41 teringar,
330 2107 73 20 som
427 2096 168 31 beräknas
618 2096 138 31 komma
779 2097 49 29 att
850 2095 122 41 intflyta
995 2094 109 32 under
1127 2105 119 21 senare
1269 2094 153 31 halvåret
1447 2094 90 31 1930.
1582 2093 70 32 För

143 2138 196 41 jämförelse
373 2138 78 31 med
486 2138 112 31 denna
632 2137 94 32 siffra
759 2137 63 31 bör
855 2137 207 38 framhållas,
1097 2139 49 29 att
1174 2137 52 30 till
1248 2136 213 41 behandling
1483 2135 109 32 under
1615 2138 38 29 år

150 2181 78 31 1929
259 2180 150 41 förelågo
443 2180 233 41 ansökningar
709 2190 55 20 om
797 2180 55 30 lån
876 2180 75 30 från
975 2179 127 31 fonden
1126 2179 52 31 till
1202 2181 49 28 ett
1274 2178 225 41 sammanlagt
1523 2178 128 41 belopp

145 2233 40 20 av
221 2222 165 38 1,707,500
419 2222 136 38 kronor,
589 2233 100 20 varav
716 2222 56 30 lån
796 2223 19 29 å
837 2222 122 30 inalles
983 2221 136 38 810.000
1141 2221 126 31 kronor
1289 2220 199 41 beviljades.
1533 2220 51 30 Av
1608 2220 43 31 de

144 2264 58 31 vid
238 2264 81 31 1930
351 2265 55 29 års
440 2264 127 40 ingång
599 2264 233 40 föreliggande
859 2263 365 40 låneansökningarna,
1250 2273 71 20 som
1346 2264 125 39 avsågo
1495 2264 49 29 ett
1567 2273 84 20 sam-

145 2306 150 40 manlagt
327 2305 209 41 lånebelopp
569 2317 40 19 av
643 2306 138 36 930,000
807 2305 136 38 kronor,
978 2305 94 36 hava,
1103 2306 123 30 såsom"
1235 2304 103 31 redan
1363 2305 206 36 omnämnts,
1594 2304 56 30 lån

145 2348 53 31 till
233 2350 49 28 ett
314 2347 128 41 belopp
477 2358 40 20 av
550 2347 138 35 405,000
714 2347 126 30 kronor
862 2347 106 30 redan
991 2346 168 40 beviljats,
1195 2346 121 30 medan
1340 2345 231 41 ansökningar
1594 2357 55 20 om

144 2390 57 30 lån
236 2400 54 20 om
325 2389 146 41 tillhopa
494 2389 136 37 265,000
652 2389 126 30 kronor
801 2390 90 29 ännu
915 2388 74 31 icke
1014 2388 132 41 slutligt
1169 2389 147 39 prövats.
1362 2388 53 30 De
1439 2399 46 19 nu
1509 2387 142 31 anförda

146 2431 159 31 siffrorna
328 2431 215 40 ådagalägga,
568 2432 49 29 att
640 2430 319 41 kapitaltillgången
983 2432 19 29 å
1024 2430 126 31 fonden
1167 2430 152 30 kommer
1335 2432 51 28 att
1400 2429 92 31 bliva
1508 2429 142 31 alldeles

146 2473 206 40 otillräcklig
374 2474 52 30 för
450 2472 164 32 tickande
638 2484 40 19 av
701 2472 226 31 lånebehovet
951 2472 86 30 efter
1059 2471 65 31 den
1148 2471 229 32 automatiska
1400 2471 248 41 indragningen
