2116 2597
628 157 215 43 Bevillnings-
854 158 174 34 Utskottets
1052 161 212 34 Betänkande
1288 164 61 31 N:o
1373 166 28 29 5.
1762 170 9 27 1

931 708 75 41 N:o
1039 708 38 42 5.

750 870 80 30 Ank.
854 872 46 28 till
925 873 102 29 Riksd.
1053 874 108 30 Kansli
1184 876 53 28 den
1260 877 19 27 8
1301 877 82 29 Mars
1410 879 88 39 1882,
1523 881 39 29 kl.
1590 883 33 27 11
1650 882 20 30 f.
1694 892 35 19 m.

439 1013 237 44 Betänkande,
705 1017 176 42 angående
907 1017 654 50 hvitbetssockertillverkningsafyiften.

333 1161 56 36 De
417 1164 270 46 bestämmelser,
718 1178 70 24 som
808 1172 77 31 röra
907 1171 271 46 beskattningen
1198 1173 39 34 af
1251 1174 557 50 hvitbetssockertillverkningen

199 1213 91 33 inom
317 1214 105 43 riket,
451 1212 190 39 återfinnas

333 1265 72 33 dels
445 1265 11 33 i
495 1266 130 45 Kongl.
660 1269 234 44 kungörelsen
934 1272 64 34 den
1044 1274 43 34 15
1116 1272 158 37 Oktober
1305 1277 105 43 1869,
1440 1277 74 34 deri
1540 1277 130 46 Kongl.
1700 1280 106 45 Maj:t

198 1314 53 34 till
285 1315 128 35 allmän
442 1317 236 36 efterrättelse
706 1321 138 44 kungör
871 1321 221 46 Riksdagens
1119 1335 131 24 samma
1277 1323 40 37 år
1344 1327 136 35 fattade
1507 1330 124 43 beslut,
1660 1333 54 32 att
1741 1333 66 33 till-

197 1366 219 44 verkningen
457 1368 39 34 af
519 1369 282 37 hvitbetssocker
828 1372 90 35 inom
945 1375 120 33 landet
1092 1376 111 34 skulle
1231 1376 145 45 åläggas
1403 1380 150 33 särskild
1580 1381 228 46 beskattning

197 1416 10 33 i
236 1415 218 38 förhållande
495 1420 54 33 till
589 1420 256 37 införseltullen
873 1425 20 33 å
920 1425 183 35 utländskt
1130 1424 174 48 råsocker,
1333 1439 78 24 men
1439 1432 53 32 att
1520 1431 181 46 undantag
1727 1433 79 35 från

197 1467 113 35 denna
350 1469 241 36 bestämmelse
631 1472 112 35 skulle
783 1475 195 44 medgifvas
1012 1474 156 47 sålunda,
1198 1481 54 31 att
1278 1481 151 33 nämnda
1456 1481 231 47 tillverkning
1713 1485 92 44 finge

197 1519 200 35 skattefritt
424 1521 178 35 bedrifvas
630 1523 54 34 till
712 1525 65 33 den
809 1527 15 32 1
855 1525 76 35 Juli
963 1529 106 42 1873,
1099 1531 54 31 att
1180 1527 78 36 från
1286 1530 64 34 och
1376 1532 77 33 med
1481 1533 65 33 den
1577 1535 16 32 1
1615 1533 76 35 Juli
1710 1537 93 33 1873

196 1569 54 34 till
291 1570 65 34 den
400 1572 16 33 1
452 1570 77 36 Juli
561 1574 93 34 1876
684 1574 275 47 tillverkningen
987 1579 122 34 endast
1136 1577 118 37 ålades
1282 1591 41 24 en
1351 1582 108 43 skatt,
1488 1586 246 34 motsvarande
1762 1597 42 24 en

197 1620 173 44 femtedel,
411 1620 80 36 från
532 1624 64 34 och
635 1626 78 33 med
753 1627 64 33 den
862 1630 13 32 1
913 1627 77 36 Juli
1021 1631 93 33 1876
1143 1631 54 34 till
1225 1631 65 34 den
1321 1634 16 32 1
1367 1631 76 36 Juli
1475 1635 92 33 1879
1597 1634 61 37 två
1685 1636 118 36 femte-

196 1671 108 43 delar,
333 1669 79 37 från
441 1674 63 33 och
530 1675 77 33 med
635 1676 65 34 den
732 1678 15 32 1
778 1676 76 35 Juli
885 1681 92 32 1879
1006 1680 55 34 till
1088 1681 65 34 den
1185 1683 15 32 1
1223 1681 77 35 Juli
1318 1685 93 33 1882
1427 1686 54 32 tre
1496 1684 204 37 femtedelar
1715 1691 89 31 samt

194 1719 80 36 från
314 1722 64 34 och
418 1725 76 33 med
535 1725 65 34 den
644 1728 16 32 1
703 1726 76 35 Juli
811 1730 93 34 1882
933 1730 54 34 till
1015 1731 65 34 den
1111 1734 16 32 1
1157 1731 77 35 Juli
1265 1735 93 33 1885
1387 1734 80 44 fyra
1494 1735 215 47 femtedelar,
1739 1740 64 34 allt

194 1772 39 34 af
257 1773 66 34 den
351 1774 59 34 vid
438 1775 99 34 dessa
565 1776 90 35 tider
682 1779 162 42 gällande
872 1781 139 34 tullsats
1038 1779 20 37 å
1085 1783 182 34 utländskt
1294 1782 163 37 råsocker
1485 1786 39 34 af
1547 1789 161 34 mörkare
1723 1789 80 45 färg

192 1826 45 30 än
264 1822 69 36 N:o
366 1826 42 33 18
438 1826 39 33 af
502 1827 65 33 den
594 1827 11 33 i
632 1829 269 35 verldshandeln
928 1832 162 43 gällande
1118 1832 219 37 Holländska
1366 1837 183 44 standard;

344 1875 72 34 dels
443 1876 11 33 i
481 1876 129 45 Kongl.
640 1878 249 46 förordningen
917 1883 65 33 den
1011 1885 45 32 30
1084 1883 76 45 Maj
1194 1886 106 42 1873,
1321 1896 71 24 som
1408 1886 107 45 jemte
1530 1887 129 46 Kongl.
1676 1889 125 46 Maj:ts

193 1935 131 24 samma
352 1926 68 44 dag
447 1926 188 36 faststälda
663 1930 292 46 ordningsstadga
984 1933 53 34 för
1064 1935 487 37 hvitbetssockerfabrikerna
1579 1939 119 36 iriket
1712 1942 89 34 med-

193 1975 97 34 delar
329 1980 161 32 närmare
526 1979 259 36 bestämmelser
814 1980 179 47 angående
1020 1983 273 46 ifrågavarande
1320 1988 246 45 beskattnings
1593 1993 205 43 uttagande,

192 2026 192 35 kontroller
411 2028 83 34 derå
521 2040 43 24 m.
593 2041 61 34 m.;

328 2078 72 34 dels
426 2079 12 33 i
464 2078 129 46 Kongl.
623 2082 234 44 kungörelsen
885 2085 65 34 den
979 2088 20 32 2
1028 2085 87 36 Juni
1147 2089 105 42 1876,
1280 2089 228 44 hvarigenom
1536 2089 180 48 påabjudes,
1746 2096 53 32 att

191 2128 144 34 skatten
375 2127 79 36 från
494 2132 63 33 och
597 2133 77 33 med
715 2134 65 34 den
825 2137 16 31 1
883 2134 76 35 Juli
992 2147 130 25 samma
1149 2136 40 36 år
1216 2139 54 34 till
1297 2140 66 33 den
1394 2142 15 32 1
1440 2140 77 35 Juli
1548 2143 93 34 1879
1671 2144 89 34 skall
1787 2145 9 33 i

190 2177 361 39 öfverensstämmelse
578 2184 77 33 med
681 2183 130 46 Kongl.
841 2186 233 44 kungörelsen
1101 2189 65 34 den
1198 2191 43 33 15
1270 2188 158 37 Oktober
1459 2194 93 33 1869
1581 2196 127 42 utgöra
1737 2198 61 33 två

189 2229 221 47 femtedelar;

274 2287 76 32 Bih.
376 2288 52 31 till
450 2289 115 32 Biksd.
589 2290 89 32 Prot.
701 2294 92 30 1882.
839 2295 21 28 5
882 2293 98 32 Saml.
1025 2298 19 28 1
1068 2296 79 36 Afd.
1193 2299 20 28 5
1235 2297 96 40 Häft.
1697 2304 14 27 1
