1924 2810
87 719 162 24 Prisutveck-

118 754 95 30 lingen.

98 1335 141 23 Utskottets

103 1370 130 31 yttrande.

326 164 18 30 2
638 154 420 39 Bevillningsutskottets
1077 150 224 34 betänkande
1320 149 51 32 Nr
1396 148 28 31 6.

282 249 232 31 motionerna.
560 246 17 30 I
599 246 65 30 sitt
687 245 13 29 i
723 242 195 35 anledning
941 251 45 20 av
1011 237 239 39 nyssnämnda
1275 236 134 31 motion
1433 245 42 20 nr
1499 235 39 29 11
1562 233 157 36 avgivna
1735 232 55 30 be-

283 299 177 33 tänkande
477 308 43 21 nr
537 299 19 29 4
572 295 201 32 meddelade
791 291 403 37 bevillningsutskottet,
1212 290 51 29 att
1280 287 92 32 den
1362 282 18 54 i
1389 287 82 30 1917
1489 286 56 30 års
1562 283 228 32 förenämnda

283 349 335 39 riksdagsskrivelse
652 346 146 33 berörda
832 345 127 35 frågan
982 343 239 31 tillsammans
1245 339 78 31 med
1346 339 96 30 vissa
1465 336 111 31 andra
1599 335 192 35 tullfrågor

283 414 81 22 vore
388 402 112 33 under
524 400 191 36 utredning
740 399 13 31 i
776 407 93 22 ovan
902 397 65 31 sist
991 394 153 32 nämnda
1168 392 240 36 departement
1432 390 90 30 samt
1545 389 53 30 att
1621 387 132 35 förslag
1777 387 13 30 i

284 458 118 30 ämnet
436 465 81 20 vore
551 454 53 30 att
636 453 108 30 vänta
767 450 58 31 till
849 459 44 21 en
916 446 208 33 kommande
1149 444 154 36 riksdag.
1353 443 96 30 HEnär
1473 441 61 31 vid
1558 439 151 32 sålunda
1732 448 60 21 an-

283 509 109 35 givna
416 504 222 34 förbållande
662 502 150 36 förnyad
835 500 172 32 skrivelse
1031 499 57 30 till
1113 497 135 35 Kungl.
1273 495 103 36 Maj:t
1403 495 9 29 i
1428 494 127 35 frågan
1579 492 76 31 icke
1671 492 119 35 syntes

283 558 179 38 påkallad,
496 555 208 33 hemställde
738 553 181 34 utskottet,
955 552 52 30 att
1035 549 181 31 motionen
1240 547 75 31 icke
1339 546 109 30 måtte
1472 543 180 32 föranleda
1677 543 115 35 någon

285 611 207 35 riksdagens
515 607 135 37 åtgärd.
696 606 124 30 Denna
843 602 212 33 hemställan
1078 600 121 32 bifölls
1223 609 45 21 av
1292 597 89 32 båda
1404 597 200 30 kamrarna.

327 714 115 31 Sedan
477 713 82 30 1926
594 712 58 29 års
687 708 143 36 riksdag
866 706 187 33 behandlat
1085 702 221 33 sistnämnda
1329 701 147 42 motion,
1500 700 63 30 har
1588 699 125 34 frågan
1737 706 56 20 om

286 767 113 30 tullen
422 766 21 30 å
466 760 352 35 kautsehuksskodon
853 758 148 31 kommit
1025 757 12 30 i
1061 757 48 30 ett
1135 756 12 30 i
1172 755 72 30 viss
1274 754 82 30 mån
1380 751 183 32 förändrat
1586 750 90 35 läge,
1700 749 13 29 i
1737 747 56 31 det

286 820 52 30 att
361 814 386 38 utförsäljningspriset
770 813 21 29 å
816 810 179 37 galoscher
1018 808 114 36 enligt
1156 817 43 21 en
1223 806 66 31 den
1313 806 18 29 1
1356 803 145 37 augusti
1525 802 83 31 1926
1626 799 169 36 vidtagen

287 869 235 39 prissättning
555 866 109 32 blivit
698 865 165 31 avsevärt
899 862 148 31 nedsatt.
1093 856 447 39 Utförsäljningspriserna
1571 855 20 30 å
1615 851 179 38 galoscher

288 922 111 32 under
423 922 39 31 de
485 920 137 32 senaste
646 919 85 30 åren
754 916 138 31 utvisas
916 925 43 20 av
984 912 155 37 följande
1163 909 352 35 sammanställning:

1272 969 193 30 DPamgaloscher
1560 965 201 30 Mansgaloscher

1289 1006 38 22 kr.
1347 1012 44 21 per
1410 1011 45 21 par
1580 1002 38 23 kr.
1637 1008 45 21 per
1700 1007 44 21 par

290 1072 172 33 säsongen
496 1065 169 32 1923—24.
741 1086 51 4 ...
883 1084 49 4 sets
1024 1084 3 3 KRENa
1082 1053 47 50 RT
1162 1081 52 4 BÖRA
1339 1057 30 30 6:
1384 1075 38 3 —
1626 1053 30 30 7:
1673 1061 35 21 50

380 1133 13 16 »
494 1118 170 31 1924—925
704 1140 3 3 .
775 1138 3 3 .
847 1137 15 3 na
916 1137 39 3 re
1126 1133 99 5 ina
1338 1109 30 30 6:
1383 1127 38 3 —
1625 1105 31 30 7:
1672 1113 37 21 50

380 1185 13 16 »
494 1169 170 32 1925—26
682 1191 62 4 ......
765 1190 3 3 EL
846 1189 38 3 TTIIOSET
928 1189 3 3 TSE
951 1188 39 4 OOSSLA
1022 1187 73 4 ärm
1163 1185 39 4 oa
1338 1161 30 30 Ti
1383 1179 38 3 —
1626 1158 30 29 8:
1672 1165 37 21 50

380 1236 14 16 »
494 1222 83 30 1926
592 1221 72 30 —27
775 1241 39 4 SEVälda
951 1240 4 3 ara
970 1214 42 47 åIS
1093 1238 28 3 Rn
1162 1237 4 3 fn
1339 1213 29 29 3:
1385 1221 36 20 50
1626 1209 30 29 6:
1672 1217 49 20 50.

335 1326 126 35 Enligt
484 1324 68 30 vad
577 1320 394 37 bevillningsutskottet
996 1328 47 20 nu
1069 1316 188 34 inhämtat,
1281 1317 39 28 är
1337 1314 67 31 den
1420 1314 12 29 i
1449 1313 83 30 1917
1550 1313 55 29 års
1623 1309 176 35 riksdags-

293 1377 169 34 skrivelse
485 1375 147 36 berörda
647 1374 131 36 frågan
792 1371 158 37 alltjämt
966 1369 149 32 föremål
1131 1368 54 31 för
1201 1364 312 40 uppmärksamhet
1530 1364 96 31 inom
1639 1360 161 33 handels-

293 1429 286 38 departementet,
615 1427 63 31 där
712 1435 84 21 man
829 1424 87 31 dock
950 1432 113 26 anser,
1098 1421 53 31 att
1179 1420 65 31 den
1269 1417 163 33 inträdda
1456 1415 299 38 prissänkningen
1779 1413 21 29 å

293 1482 179 37 galoseher
506 1481 100 35 giver
633 1477 193 34 anledning
850 1476 52 30 att
939 1474 110 31 under
1084 1473 66 31 den
1185 1471 175 31 närmaste
1395 1469 98 31 tiden
1516 1467 166 34 avvakta,
1706 1466 93 30 huru

293 1532 285 39 prisbildningen
600 1531 46 35 på
669 1527 322 33 kautsechuksvaror
1015 1525 157 31 kommer
1195 1524 54 29 att
1272 1521 166 32 utveckla
1461 1520 65 35 sig.

337 1585 192 34 Utskottet,
558 1591 74 22 som
655 1580 219 34 förutsätter,
898 1579 52 29 att
972 1576 136 36 Kungl.
1132 1575 103 35 Maj:t
1259 1573 78 31 med
1361 1569 312 40 uppmärksamhet
1696 1567 105 36 följer

295 1635 330 39 prisutvecklingen
659 1633 44 36 på
737 1630 157 33 området
924 1629 63 31 och
1020 1628 62 31 vid
1110 1626 151 36 lämplig
1290 1624 169 36 tidpunkt
1488 1622 199 35 förelägger
1714 1619 88 31 riks-

296 1689 113 36 dagen
443 1687 41 31 de
518 1685 144 36 förslag,
695 1684 58 30 till
778 1682 99 31 vilka
900 1679 270 33 förhållandena
1193 1679 123 29 kunna
1340 1676 83 36 giva
1447 1674 206 35 anledning,
1677 1672 126 33 finner,

296 1742 53 30 att
371 1741 113 35 några
506 1736 177 33 särskilda
704 1735 79 31 skäl
806 1735 53 30 att
875 1733 13 30 i
904 1731 151 37 förnyad
1079 1729 171 32 skrivelse
1270 1728 143 36 påkalla
1428 1726 136 35 Kungl.
1581 1724 121 35 Maj:ts
1719 1731 84 27 upp”

297 1790 237 33 märksamhet
557 1789 54 31 för
634 1787 67 32 den
724 1787 112 35 fråga,
861 1794 73 22 som
958 1783 180 31 motionen
1161 1781 121 36 angår,
1307 1779 76 31 icke
1406 1779 55 30 för
1479 1774 222 34 närvarande
1716 1774 87 30 före-

298 1845 108 36 ligga.

341 1895 120 32 Under
485 1892 217 37 åberopande
726 1901 45 21 av
795 1889 68 32 vad
887 1888 150 32 sålunda
1060 1887 147 34 anförts,
1232 1883 203 33 hemställer
1458 1881 181 34 utskottet,

743 1979 51 29 att
829 1977 41 31 de
905 1973 229 38 likalydande
1169 1972 218 30 motionerna
1415 1969 28 30 TI:
1457 1969 62 29 145
1543 1977 44 20 av
1612 1967 80 30 herr
1715 1964 90 31 Karl

701 2029 199 31 Andersson
935 2037 46 20 m.
1017 2026 34 30 fl.
1087 2024 63 31 och
1181 2023 122 30 II:224
1336 2031 45 21 av
1405 2020 80 31 herr
1508 2018 158 35 Heiding
1689 2026 45 21 m.
1759 2016 47 34 £.,

700 2079 178 38 angående
912 2077 229 35 nedsättning
1175 2085 45 21 av
1256 2073 114 32 tullen
1402 2073 21 30 å
1446 2063 360 46 kautsehuksskodon,

701 2133 75 31 icke
800 2132 108 30 måtte
931 2129 184 32 föranleda
1138 2128 116 35 någon
1278 2124 208 36 riksdagens
1509 2121 136 37 åtgärd.

345 2222 202 32 Stockholm
571 2220 66 32 den
662 2220 39 30 17
726 2218 158 31 februari
908 2216 95 31 1927.

727 2322 50 31 På
800 2317 409 38 bevillningsutskottets
1235 2318 151 33 vägnar:

904 2423 99 33 JOH.
1028 2420 203 33 NILSSON.
