1882 2806
502 158 392 39 Bevillningsutskottets
914 159 218 33 betänkande
1152 170 41 21 nr
1221 163 46 29 422.
1617 158 14 29 1

805 440 60 40 Nr
890 440 64 41 42.

676 561 110 24 Ankom
805 560 41 24 till
866 561 154 30 riksdagens
1039 561 86 23 kansli
1144 562 51 23 den
1215 559 32 26 10
1264 560 59 30 juni
1342 558 65 26 1943
1427 560 35 25 kl.
1481 558 15 26 5
1515 566 21 17 e.
1556 567 35 16 m.

345 648 394 37 Bevillningsutskottets
764 648 218 30 betänkande
1006 649 10 30 i
1040 648 187 37 anledning
1249 657 41 21 av
1316 648 124 30 väckta
1463 648 171 29 motioner

567 708 56 21 om
642 699 91 30 vissa
749 699 160 36 åtgärder
926 699 57 37 för
999 698 310 31 åstadkommande
1327 708 42 21 av
1387 698 153 31 kontroll
1553 699 81 29 över

566 749 477 37 självdeklarationspliktens
1065 749 125 38 riktiga
1211 749 228 38 fullgörande.

1399 807 70 39 (2:a
1493 806 89 40 avd.)

170 901 65 32 Till
254 901 373 36 bevillningsutskottet
645 901 47 30 ha
709 900 178 32 hänvisats
907 900 158 37 följande
1083 901 179 36 motioner,
1283 901 170 30 avseende
1473 900 90 31 vissa
1584 899 48 32 åt-

123 951 124 37 gärder
273 951 56 31 för
356 951 315 31 åstadkommande
698 961 43 22 av
770 951 151 31 kontroll
949 953 82 29 över
1060 951 475 37 självdeklarationspliktens
1564 951 68 29 rik-

125 1002 69 37 tiga
214 1003 228 36 fullgörande,
465 1002 188 36 nämligen:

172 1052 29 40 1)
231 1054 43 30 de
295 1053 223 37 likalydande
541 1053 218 30 motionerna
782 1062 42 21 nr
846 1053 19 30 5
888 1052 12 30 i
923 1052 110 32 första
1055 1053 203 30 kammaren
1281 1062 43 21 av
1347 1053 81 30 herr
1450 1052 183 31 Bondeson

126 1105 66 28 och
208 1113 41 20 nr
269 1104 39 30 13
325 1104 11 29 i
352 1103 110 31 andra
479 1104 204 29 kammaren
701 1113 43 20 av
761 1104 79 29 herr
855 1103 141 30 Nilsson
1013 1103 10 30 i
1041 1102 258 37 Göingegården
1316 1112 45 20 m.
1380 1103 49 36 fl.,
1448 1103 73 30 vari
1537 1103 94 30 hem-

125 1155 120 38 ställts,
276 1158 67 28 »att
367 1155 188 36 riksdagen
580 1154 79 31 ville
684 1154 57 31 för
765 1155 53 30 sin
845 1154 54 30 del
925 1154 144 37 besluta,
1096 1157 50 29 att
1171 1155 11 30 i
1210 1153 424 37 taxeringsförordningen

126 1205 194 37 skyldighet
342 1206 137 35 stadgas
502 1205 55 31 för
579 1205 205 36 sjukkassor
805 1205 66 30 och
895 1205 144 30 därmed
1062 1204 200 37 jämställda
1284 1208 49 27 att
1355 1205 118 31 lämna
1496 1204 138 37 uppgift

125 1266 58 20 om
207 1257 43 30 de
273 1257 136 36 belopp,
436 1265 76 21 som
537 1254 115 32 såsom
675 1256 192 37 ersättning
892 1255 56 31 för
973 1255 189 37 fullgjorda
1187 1255 154 37 tjänster,
1367 1255 160 37 uppdrag
1552 1255 82 30 eller

127 1310 107 27 annat
256 1307 111 36 dylikt
390 1307 185 30 utbetalats
599 1307 51 29 till
673 1306 131 37 jämväl
829 1306 111 31 andra
963 1307 44 29 än
1033 1307 41 30 de
1099 1307 63 29 hos
1186 1306 238 30 institutionen
1449 1305 181 36 anställda,

126 1360 89 28 samt
233 1360 49 28 att
298 1357 186 36 riksdagen
501 1358 11 29 i
530 1357 164 30 skrivelse
710 1357 53 30 till
780 1357 193 36 Konungen
991 1356 79 31 ville
1087 1357 136 37 begära,
1243 1359 49 28 att
1310 1357 228 35 ämbetsverk,
1559 1366 75 21 som

125 1408 218 36 inregistrera
366 1407 281 37 samfälligheter,
671 1408 99 30 skola
792 1408 124 29 härom
938 1408 126 29 liksom
1088 1408 65 30 ock
1176 1417 57 21 om
1256 1407 223 37 förflyttning
1501 1417 43 21 av
1566 1410 67 33 sty-

126 1459 127 30 relsens
276 1457 56 32 för
353 1457 279 37 samfälligheten
654 1458 73 30 säte
747 1458 67 30 och
835 1467 58 21 om
915 1457 211 37 upplösning
1149 1467 42 21 av
1216 1457 277 36 samfälligheten
1516 1458 118 30 lämna

126 1508 209 37 upplysning
360 1509 50 30 till
436 1508 369 36 taxeringsnämndens
829 1507 213 33 ordförande
1065 1507 11 30 i
1101 1509 56 30 det
1182 1508 147 36 distrikt,
1356 1508 64 30 där
1445 1507 188 37 samfällig-

125 1561 101 29 heten
244 1560 88 30 skall
348 1563 137 27 taxeras
504 1559 51 30 till
572 1559 167 31 inkomst-
758 1560 66 30 och
842 1559 387 36 förmögenhetsskatt»;
1252 1562 90 28 samt

170 1608 31 40 2)
232 1610 176 30 motionen
434 1619 43 21 nr
503 1610 61 30 179
588 1610 11 29 i
623 1609 110 31 andra
758 1609 205 30 kammaren
988 1618 42 21 av
1055 1609 80 31 herr
1164 1608 141 38 Witzell,
1332 1609 72 30 vari
1430 1609 202 35 hemställts,

126 1663 49 27 att
191 1660 186 36 riksdagen
394 1660 80 30 ville
491 1660 11 30 i
521 1659 164 31 skrivelse
703 1660 50 30 till
774 1660 123 35 Kungl.
918 1659 102 36 Maj:t
1039 1659 127 31 föreslå
1184 1659 160 37 åtgärder
1362 1659 56 31 för
1436 1659 197 31 åstadkom-

126 1711 127 30 mande
276 1720 42 21 av
343 1710 206 31 effektivare
573 1711 149 30 kontroll
748 1710 11 30 i
784 1710 409 37 beskattningsavseende
1218 1712 81 30 över
1324 1710 90 31 vissa
1440 1710 193 36 näringsut-

126 1763 112 29 övare.

170 1811 224 31 Beträffande
418 1811 248 36 motiveringen
691 1811 56 31 för
770 1813 41 30 de
835 1811 11 30 i
869 1812 219 30 motionerna
1111 1811 217 31 framställda
1353 1812 202 36 yrkandena
1579 1811 56 31 får

127 1862 174 36 utskottet,
328 1863 10 29 i
365 1863 67 29 den
458 1861 83 31 mån
567 1862 215 36 redogörelse
807 1862 123 30 härför
955 1861 30 37 ej
1014 1863 135 30 lämnas
1175 1863 11 29 i
1212 1862 56 30 det
1295 1861 166 38 följande,
1487 1861 146 32 hänvisa

127 1913 50 30 till
201 1912 227 31 motionerna.

172 2004 115 37 Enligt
309 2005 40 30 33
373 2003 20 40 &
417 2004 424 36 taxeringsförordningen
865 2004 182 37 föreligger
1070 2004 194 36 skyldighet
1288 2007 49 27 att
1362 2004 159 31 meddela
1546 2014 85 26 upp-

127 2055 64 36 gift
215 2055 51 30 till
292 2055 139 36 ledning
458 2054 55 31 för
538 2064 134 21 annans
699 2055 154 36 taxering
879 2055 46 31 bl.
953 2064 30 22 a.
1009 2055 56 31 för
1090 2054 231 37 arbetsgivare
1345 2055 222 31 beträffande
1592 2056 43 30 de

127 2105 178 31 förmåner
328 2106 10 29 i
362 2106 172 35 avlöning,
560 2106 126 31 arvode
711 2106 82 29 eller
815 2114 118 22 annan
956 2106 189 37 ersättning
1169 2105 56 31 för
1248 2105 109 31 utfört
1380 2106 116 30 arbete
1520 2107 81 29 eller
1624 2106 10 29 i

126 2156 155 36 pension,
302 2165 74 21 som
397 2165 42 21 av
460 2156 130 30 honom
610 2155 149 37 utgivits.
781 2155 145 31 Jämlikt
946 2156 41 30 35
1009 2156 18 37 8
1050 2157 18 28 2
1090 2165 103 21 mom.
1216 2157 38 29 är
1276 2156 87 30 efter
1382 2156 188 37 anmaning
1592 2165 41 21 av

129 2207 299 30 landskamrerare
453 2206 121 30 idkare
596 2215 43 21 av
664 2206 179 36 jordbruk,
869 2207 195 35 skogsbruk
1087 2206 81 30 eller
1192 2206 127 30 rörelse
1343 2206 137 36 skyldig
1504 2207 127 30 avläm-

130 2266 43 21 na
203 2256 138 36 uppgift
369 2266 57 20 om
457 2255 136 37 belopp,
625 2265 75 21 som
732 2256 71 30 han
834 2256 145 30 utbetalt
1011 2256 51 29 till
1092 2256 208 35 namngiven
1329 2265 117 21 annan
1478 2256 153 36 närings-

127 2306 129 36 idkare,
278 2307 114 30 därest
410 2306 160 36 beloppet
590 2307 39 29 är
648 2315 42 21 av
710 2305 244 31 beskaffenhet
975 2308 48 28 att
1048 2306 5 30 i
1074 2309 230 33 mottagarens
1326 2307 94 30 hand
1443 2308 121 35 utgöra
1584 2307 49 30 in-

129 2357 73 30 täkt
223 2366 43 20 av
288 2355 353 37 jordbruksfastighet
662 2356 81 30 eller
764 2365 43 20 av
828 2356 136 30 rörelse.

172 2406 12 30 I
210 2406 731 36 beskattningsorganisationssakkunnigas
968 2406 220 30 betänkande
1213 2407 79 30 med
1318 2406 130 38 förslag
1475 2407 50 30 till
1551 2408 83 30 änd-

127 2458 61 29 rad
211 2456 233 37 organisation
465 2466 42 21 av
528 2456 456 36 beskattningsnämnderna
1005 2457 65 30 och
1091 2456 235 37 förstärkning
1348 2467 42 21 av
1411 2458 223 31 landskonto-

172 2522 110 32 Bihang
293 2521 42 26 till
342 2521 173 32 riksdagens
527 2520 145 33 protokoll
685 2521 74 25 1943.
780 2522 14 24 7
807 2521 79 25 saml.
914 2521 39 23 Nr
971 2521 39 24 42.
1591 2522 10 23 1
