2216 2612
456 172 37 30 16
836 169 127 33 Andra
981 168 253 38 lagutskottets
1252 167 190 33 utlåtande
1459 167 52 32 Nr
1534 168 49 30 19.

536 251 106 31 Efter
668 248 233 33 inhämtande
926 259 47 21 av
999 251 167 29 närmare
1191 247 264 37 upplysningar
1480 246 172 35 utröntes,
1680 246 51 30 att
1758 245 40 30 så
1826 246 89 28 även
1941 253 65 21 var

415 294 157 37 bolagets
596 294 151 35 mening.
770 293 288 31 Kommissionen
1083 293 110 35 ansåg
1214 291 59 31 det
1295 289 200 33 emellertid
1516 299 91 21 vara
1629 288 110 31 tvivel
1762 286 245 35 underkastat,

417 338 180 32 huruvida
614 339 50 30 ett
677 337 129 31 sådant
824 336 273 36 förfaringssätt
1114 335 75 31 icke
1205 334 119 32 kunde
1341 343 102 22 anses
1453 333 56 31 stå
1521 333 13 30 i
1543 329 94 35 strid
1647 330 80 32 med
1738 331 269 31 bestämmelsen

420 383 11 30 i
450 381 278 38 uppsiktslagen.
766 380 80 31 Här
864 390 67 21 var
951 380 102 35 fråga
1071 389 59 21 om
1149 380 52 30 att
1218 378 54 31 slå
1287 378 243 31 tillsammans
1549 386 61 22 sex
1629 376 98 30 förut
1745 373 264 38 självständiga

419 426 173 37 jordbruk
616 424 80 32 med
718 434 44 22 en
783 423 253 37 angränsande
1059 422 92 36 gård
1176 422 63 31 och
1265 431 57 21 om
1345 420 209 36 därigenom
1579 418 211 38 jordbruket
1813 418 119 30 såsom
1954 417 55 31 så-

416 468 86 33 dant
523 468 79 33 icke
623 466 256 40 vanvårdades,
901 466 100 32 torde
1020 464 91 32 dock
1132 476 88 20 vara
1242 464 212 36 uppenbart,
1476 464 55 30 att
1550 463 62 32 det
1633 461 132 31 sociala
1787 461 97 36 syfte
1905 460 105 36 lagen

417 515 111 35 avsåg
550 513 74 32 helt
648 512 63 31 och
733 512 112 31 hållet
866 509 301 37 omintetgjordes.
1188 527 41 4 —
1248 508 84 31 Med
1351 507 193 36 anledning
1567 507 115 30 härav
1704 503 187 33 tillställde
1912 504 96 30 kom-

414 556 210 32 missionens
643 553 216 33 ordförande
880 552 141 37 bolaget
1038 563 46 21 en
1102 552 181 38 skrivelse,
1303 552 83 31 vari
1407 550 195 36 framhölls,
1624 550 55 31 att
1698 548 158 36 bolagets
1876 547 134 35 ifråga-

420 599 158 33 varande
603 599 167 37 åtgärder
794 597 174 37 möjligen
991 597 79 31 icke
1093 595 100 33 stode
1218 596 12 31 i
1255 593 351 33 överensstämmelse
1630 592 80 31 med
1733 590 169 38 gällande
1925 600 86 26 upp-

418 644 151 37 siktslag
595 644 67 31 och
687 641 180 33 uttalades
895 641 135 37 jämväl
1053 639 71 32 den
1148 639 282 37 uppfattningen
1455 639 55 29 att
1535 647 46 21 en
1604 635 333 36 sammanslagning
1964 644 47 20 av

416 689 117 31 såsom
551 686 264 38 självständiga
834 684 173 38 jordbruk
1026 683 158 32 brukade
1203 681 286 33 hemmansdelar
1507 681 78 30 icke
1602 679 106 32 borde
1728 680 38 30 få
1785 679 61 30 ske
1867 678 77 31 förr
1963 679 46 29 än

417 732 92 31 efter
528 730 157 33 särskild
704 729 190 38 prövning.

541 774 150 37 Bolaget
713 774 110 35 ansåg
846 773 54 36 sig
920 770 199 33 emellertid
1137 769 133 32 handla
1290 770 13 30 i
1323 769 58 31 sin
1402 767 91 32 fulla
1512 768 83 30 rätt.

541 818 106 31 Efter
672 817 211 37 ytterligare
910 814 311 36 framställningar
1247 812 84 31 från
1355 810 299 33 arrendatorerna
1683 809 136 36 företog
1846 807 166 32 kommis-

423 863 123 31 sionen
568 863 13 30 i
602 862 58 31 sin
681 861 119 31 helhet
823 859 203 36 besiktning
1051 858 46 36 på
1120 857 138 36 platsen
1278 855 72 32 den
1372 855 39 30 28
1433 853 77 37 juli.

541 904 290 32 Kommissionen
862 902 143 32 besökte
1034 900 171 36 samtliga
1236 900 18 30 6
1284 897 295 33 hemmansdelar.
1632 896 77 31 Den
1739 895 64 31 vid
1832 894 182 37 gårdarna

420 950 150 35 belägna
590 947 124 37 jorden
732 966 40 4 —
790 946 124 31 vilken
931 944 167 38 utgjorde
1116 944 69 31 den
1204 942 265 36 huvudsakliga
1489 940 231 31 åkerarealen
1736 957 41 4 —
1794 938 92 31 hade
1904 936 111 32 redan

422 993 57 32 till
502 993 95 31 allra
622 992 132 32 största
776 991 104 31 delen
907 989 195 36 fråntagits
1127 986 307 34 arrendatorerna,
1459 985 100 31 vilka
1585 985 56 30 för
1667 980 244 34 innevarande
1935 981 41 31 år
2001 981 13 30 i

421 1038 92 30 stort
537 1037 72 31 sett
635 1036 76 30 icke
736 1034 92 32 hade
854 1043 98 22 mera
977 1033 52 30 att
1056 1032 116 31 bruka
1196 1033 47 28 än
1266 1030 106 35 långt
1395 1028 162 36 avlägset
1582 1025 169 38 liggande
1776 1024 165 36 utjordar
1967 1034 47 21 av

424 1081 83 36 föga
527 1079 223 37 betydenhet.
771 1076 52 32 Är
843 1077 78 30 1920
939 1076 116 31 skulle
1076 1075 41 30 de
1139 1074 166 36 avflytta.
1325 1071 179 36 Samtliga
1525 1069 250 32 arrendatorer
1794 1067 92 32 hade
1906 1067 108 32 sedan

422 1124 83 36 lång
527 1123 54 31 tid
603 1122 150 31 tillbaka
774 1120 167 31 innehaft
959 1119 80 31 sina
1057 1117 139 38 ställen,
1216 1116 43 32 de
1280 1116 107 31 flesta
1410 1114 89 31 hade
1520 1113 179 36 övertagit
1720 1111 183 38 gårdarna
1924 1111 90 31 efter

424 1167 189 33 föräldrar.
660 1166 18 30 I
701 1164 167 32 medeltal
893 1161 197 33 omfattade
1114 1161 102 36 varje
1242 1156 92 40 gård
1357 1160 19 29 6
1399 1159 67 30 har
1490 1157 101 35 åker;
1620 1157 18 30 1
1662 1156 90 38 häst,
1779 1155 102 31 cirka
1905 1154 19 31 4
1948 1154 65 31 kor

422 1213 94 30 samt
536 1209 161 37 ungdjur
718 1206 167 37 utgjorde
905 1203 427 36 kreatursbesättningen.
1375 1199 264 39 Byggnaderna
1662 1209 86 21 voro
1767 1198 115 31 delvis
1904 1198 13 30 i
1939 1197 76 37 gott

424 1255 109 38 skick,
553 1253 116 32 delvis
690 1251 182 33 förfallna.

543 1297 86 31 Alla
649 1295 181 37 gårdarna
848 1303 87 22 voro
952 1291 231 38 synnerligen
1200 1290 60 31 väl
1279 1288 166 37 lämpade
1461 1289 57 30 att
1537 1287 133 31 brukas
1688 1287 117 30 såsom
1823 1284 192 37 självstän-

427 1341 83 38 diga
534 1339 183 39 jordbruk.
742 1357 40 5 —
804 1337 130 37 Någon
958 1335 205 33 ekonomisk
1184 1334 97 31 vinst
1306 1331 101 33 torde
1433 1331 140 36 bolaget
1598 1330 77 31 icke
1700 1331 86 34 göra
1809 1328 56 36 sig
1891 1336 125 28 genom

425 1382 242 38 övertagande
689 1393 47 21 av
759 1380 192 39 gårdarna,
974 1388 148 23 snarare
1147 1376 137 33 förlust.

544 1428 56 31 Då
618 1427 60 32 det
695 1427 113 30 måste
828 1434 102 21 anses
951 1424 12 30 i
980 1423 70 36 hög
1071 1421 89 37 grad
1179 1420 181 35 önskvärt,
1379 1420 55 29 att
1453 1418 105 35 lagen
1579 1415 216 38 förtydligas
1814 1415 13 30 i
1847 1414 98 37 syfte
1962 1414 54 30 att

428 1471 188 33 förhindra
632 1471 53 30 ett
702 1469 129 32 sådant
850 1465 351 37 tillvägagångssätt,
1219 1473 78 22 som
1315 1462 70 31 den
1404 1462 67 30 här
1490 1470 93 22 ovan
1602 1458 209 36 relaterade,
1829 1458 72 31 har
1920 1457 96 32 kom-

426 1515 193 32 missionen
641 1513 97 31 velat
759 1512 130 36 bringa
911 1510 116 31 denna
1050 1508 107 36 fråga
1179 1507 56 31 till
1256 1503 284 34 vederbörandes
1561 1501 208 33 kännedom.

418 1628 136 40 Utdrag
578 1636 45 23 ur
643 1621 500 46 jordbrukskommissionens
1167 1620 13 31 i
1203 1617 212 33 Värmlands
1439 1616 59 31 län
1522 1614 168 41 yttrande
1714 1614 62 31 till
1800 1614 223 38 Konungens

419 1677 382 42 befallningshavande
825 1676 14 31 i
862 1673 211 34 Värmlands
1095 1673 61 31 län
1180 1671 81 32 över
1284 1667 248 34 betänkandet
1555 1664 180 43 angående
1760 1665 265 39 verkningarna

776 1737 41 23 av
842 1727 69 32 den
935 1724 236 34 norrländska
1194 1718 472 42 vanhävdslagstiftningen.

549 1808 124 32 Under
692 1808 56 33 sin
769 1804 228 34 verksamhet
1018 1805 68 30 har
1109 1799 468 40 jordbrukskommissionen
1599 1799 12 30 i
1635 1797 90 31 flera
1749 1795 66 32 fall
1838 1794 181 36 iakttagit,

431 1855 54 31 att
501 1853 221 37 fastigheter,
740 1860 76 23 som
835 1850 100 31 förut
952 1848 150 32 brukats
1117 1857 67 21 var
1204 1846 56 31 för
1276 1845 67 38 sig,
1360 1841 293 37 sammanslagits
1671 1840 57 31 till
1747 1849 43 22 en
1808 1838 212 36 bruknings-

427 1897 69 40 del,
517 1895 132 34 varvid
670 1892 207 40 byggnader
899 1891 176 33 nedrivits
1097 1891 64 30 och
1183 1889 181 32 bortförts.

548 1939 56 32 Då
629 1949 43 22 en
694 1938 113 32 sådan
829 1934 332 36 sammanslagning
1187 1933 116 31 avsett
1326 1932 138 30 smärre
1488 1926 308 38 brukningsdelar,
1820 1935 78 22 som
1923 1924 98 31 förut

431 1995 66 21 var
525 1985 57 31 för
608 1984 56 36 sig
691 1982 179 36 knappast
898 1980 139 31 kunnat
1064 1977 181 32 betraktas
1271 1985 77 22 som
1375 1972 265 39 självständiga
1667 1969 183 38 jordbruk,
1878 1968 73 32 kan
1978 1977 43 21 en

427 2029 114 32 sådan
561 2024 334 37 sammanslagning
917 2032 103 23 anses
1041 2018 210 34 motiverad.

547 2070 57 32 Då
626 2069 158 32 däremot
804 2064 384 38 sammanläggningen
1210 2062 90 37 gällt
1321 2060 214 37 fastigheter
1555 2057 81 32 med
1656 2056 112 33 sådan
1789 2049 230 46 omfattning,

430 2117 55 30 att
499 2115 45 32 de
562 2115 99 31 förut
677 2123 66 21 var
761 2113 56 31 för
834 2111 57 37 sig
908 2110 77 37 gott
1003 2109 140 31 kunnat
1160 2106 184 33 betraktas
1358 2114 76 22 som
1452 2102 86 32 fullt
1554 2099 264 39 självständiga
1836 2096 183 38 jordbruk,

429 2158 108 33 borde
556 2155 392 37 sammanläggningar,
970 2162 76 22 som
1068 2148 226 35 uteslutande
1315 2149 97 30 hava
1433 2146 56 32 till
1510 2145 97 38 syfte
1628 2145 56 31 att
1703 2142 202 35 nedbringa
1926 2140 94 37 jord-

431 2204 152 35 ägarens
604 2195 388 43 byggnadskostnader,
1015 2195 78 32 icke
1115 2195 37 31 få
1173 2196 68 34 äga
1260 2201 82 23 rum
1362 2191 113 31 annat
1497 2191 46 29 än
1561 2188 94 32 efter
1673 2183 225 37 vederbörlig
1918 2186 97 35 pröv-

427 2254 97 29 NIng.
