2228 2626
707 163 242 31 Statsutskottets
974 162 159 30 utlåtande
1155 160 54 32 Nr
1230 162 51 29 30.
1698 159 58 30 105

324 248 98 32 Mom.
449 249 27 30 6.
523 247 347 41 Förbundsstyrelsen
894 251 80 36 äger
997 247 79 36 rätt,
1101 244 77 32 ifall
1202 243 205 48 tidpunkten
1424 253 98 21 anses
1538 241 165 43 olämplig
1718 241 81 31 eller

191 292 109 31 andra
333 291 75 32 skäl
442 290 115 31 därför
591 289 176 40 föreligga,
792 291 52 29 att
869 288 183 31 bestämma
1076 287 57 31 det
1155 286 259 31 fordringarnas
1437 283 256 33 framställande
1718 294 79 31 upp-

193 334 142 42 skjutes,
368 333 124 30 liksom
521 332 60 31 den
607 332 61 30 ock
692 331 68 30 kan
783 329 132 33 besluta
939 332 53 28 att
1016 329 331 41 arbetsnedläggelse
1371 327 52 31 för
1445 326 192 32 framställd
1663 325 135 32 fordran

193 376 29 41 ej
247 376 54 30 må
324 380 64 36 äga
411 385 85 20 rum.
542 373 94 32 Dock
671 373 60 31 bör
764 372 101 40 nödig
900 372 130 41 hänsyn
1059 375 99 36 tagas
1182 370 57 31 till
1263 369 40 32 de
1325 368 114 33 lokala
1462 368 258 31 förhållandena
1742 367 57 31 vid

193 428 40 20 en
258 416 218 32 lönerörelses
499 414 286 43 genomförande.»

620 519 53 26 Sv.
697 515 674 35 Bryggeriindustriarbetareförbundet.

329 581 214 32 Förbundets
567 580 139 41 stadgar
729 581 18 37 $
772 581 17 28 7
813 589 95 21 mom.
933 580 17 29 6
974 578 58 31 och
1058 580 16 28 7
1100 577 110 41 lyder:

327 624 114 30 »Mom.
466 625 28 29 6.
538 622 102 31 Först
674 621 103 31 sedan
809 620 68 31 alla
911 630 42 20 av
987 618 333 42 förbundsstyrelsen
1351 617 173 42 påbjudna
1547 616 124 37 försök,
1695 618 51 29 att
1768 616 35 31 få

191 667 125 38 frågan
375 666 19 30 på
424 664 127 42 fredlig
574 668 69 36 väg
665 663 77 36 löst,
766 662 89 31 visat
878 664 52 39 sig
953 661 73 31 icke
1050 660 149 32 medföra
1223 660 123 31 önskat
1369 658 83 32 eller
1475 658 149 42 godkänt
1646 657 156 37 resultat,

191 714 83 35 äger
308 677 225 69 avdelningen
561 706 103 41 vädja
686 704 57 32 till
767 703 334 42 förbundsstyrelsen
1125 713 53 20 om
1201 701 200 33 förbundets
1424 701 75 31 stöd
1521 701 52 30 för
1595 699 209 41 vidtagande

192 761 44 20 av
265 748 267 42 kraftåtgärder,
556 748 107 31 såsom
687 745 187 33 eventuellt
897 756 40 20 en
961 744 332 41 arbetsnedläggelse
1316 744 51 31 för
1390 742 257 41 fordringarnas
1671 752 131 29 genom-

194 791 147 38 förande,
376 792 147 30 varefter
556 788 334 42 förbundsstyrelsen
917 787 154 32 beslutar
1094 797 52 21 om
1170 797 36 20 och
1255 791 61 25 när
1339 796 40 20 en
1404 785 104 31 sådan
1532 784 124 41 åtgärd
1680 783 67 31 kan
1770 783 34 31 få

194 832 169 42 vidtagas,
396 831 122 32 varvid
552 831 131 31 hänsyn
717 830 60 31 bör
804 833 98 37 tagas
926 828 71 32 dels
1020 829 57 31 till
1100 828 210 40 ställningen
1333 828 90 30 inom
1447 826 179 31 förbundet
1649 825 60 31 och
1733 824 71 31 dels

193 875 60 31 till
276 874 258 32 förhållandena
557 874 42 40 på
623 838 62 80 den
711 872 89 41 plats
823 871 61 31 där
906 871 148 31 rörelsen
1077 871 115 41 pågår.
1230 869 91 31 Dock
1339 868 54 31 får
1409 868 28 32 ej
1456 867 105 42 strejk
1578 868 225 40 igångsättas,

194 920 83 28 utan
312 918 51 29 att
397 916 102 30 minst
521 915 59 31 två
602 913 207 43 tredjedelar
832 924 41 20 av
897 912 245 41 avdelningens
1164 912 43 41 på
1231 910 130 42 platsen
1385 879 179 62 arbetande
1587 878 218 62 medlemmar

196 958 151 42 godkänt
370 957 201 31 densamma.

331 999 100 32 Mom.
456 1001 27 29 7.
528 996 349 43 Förbundsstyrelsen
900 1001 79 36 äger
1001 997 80 36 rätt,
1105 994 79 31 ifall
1206 992 206 44 tidpunkten
1433 1003 95 21 anses
1544 992 164 42 olämplig
1723 991 83 31 eller

198 1042 106 31 andra
340 1041 76 31 skäl
451 1040 114 32 därför
597 1039 179 42 föreligga,
811 1041 53 29 att
898 1038 185 31 bestämma
1117 1039 53 28 att
1193 1036 96 32 såväl
1311 1035 210 41 fordringars
1544 1033 261 33 framställande

197 1082 201 44 uppskjutes
432 1093 70 21 som
534 1081 59 32 ock
626 1084 52 28 att
701 1091 39 21 en
765 1091 42 21 av
830 1080 183 39 avdelning
1036 1078 126 42 begärd
1186 1077 330 41 arbetsnedläggelse
1539 1076 51 31 för
1612 1074 194 33 framställd

199 1125 153 32 fordrans
376 1123 260 44 genomförande
659 1123 28 43 ej
713 1123 55 31 må
791 1127 64 37 äga
877 1132 99 21 rum.>

621 1230 52 26 Sv.
699 1228 101 27 Grov-
824 1235 30 19 o.
878 1226 510 28 Fabriksarbetareförbundet.

331 1292 213 32 Förbundets
567 1289 346 43 avdelningsstadgar
935 1292 19 38 8
977 1291 17 30 5
1019 1300 96 20 mom.
1139 1290 18 30 3
1180 1288 111 43 lyder:

332 1335 113 31 Mom.
474 1335 28 31 3.
546 1333 18 32 I
597 1333 124 40 frågor,
756 1343 69 21 som
852 1331 108 42 gäller
983 1330 303 32 mellanhavanden
1310 1329 74 32 med
1407 1328 268 35 arbetsgivaren,
1699 1328 109 30 såsom

201 1375 250 42 avtalsförslag.
476 1375 217 32 förkastande
716 1385 43 20 av
782 1372 443 37 underhandlingsresultat,
1248 1372 111 31 beslut
1375 1382 52 20 om
1444 1371 79 41 strej
1554 1394 6 12 ,
1576 1369 145 32 blockad
1738 1372 70 34 etc.,

200 1419 131 32 fordras
354 1419 52 31 för
428 1417 120 42 giltigt
571 1417 113 31 beslut
706 1418 52 29 att
780 1416 104 30 minst
903 1415 40 37 ?/s
960 1425 42 21 av
1049 1425 17 21 de
1088 1413 218 32 medlemmar
1328 1413 105 31 saken
1448 1412 97 32 berör
1559 1422 118 30 genom
1695 1410 113 32 sluten

200 1461 209 41 omröstning
436 1460 118 31 biträtt
573 1458 211 32 detsamma.»

333 1500 386 42 Förbundsstadgarnas
743 1502 19 38 8
786 1501 17 30 7
827 1510 96 20 mom.
947 1501 19 29 4
989 1497 192 33 innehåller
1203 1496 151 42 följande
1377 1495 266 33 bestämmelser:

334 1544 112 32 »Mom.
470 1546 28 29 4.
545 1543 99 31 Först
678 1542 103 32 sedan
815 1541 69 32 alla
917 1552 43 21 av
993 1508 335 74 förbundsstyrelsen
1361 1537 174 44 påbjudna
1561 1537 114 32 försök
1699 1539 55 29 att
1777 1536 34 31 få

202 1588 121 41 frågan
345 1588 44 41 på
413 1586 126 41 fredlig
560 1590 69 36 väg
651 1585 68 32 löst
743 1585 91 30 visat
856 1583 54 42 sig
932 1582 74 32 icke
1028 1582 150 32 medföra
1201 1581 122 32 önskat
1344 1580 155 38 resultat,
1523 1585 81 36 äger
1628 1579 184 40 avdelning

201 1635 83 36 göra
317 1627 258 42 framställning
607 1627 57 31 till
698 1625 329 42 förbundsstyrelsen
1061 1635 52 21 om
1146 1623 199 32 förbundets
1369 1622 74 32 stöd
1467 1623 51 31 för
1540 1621 207 41 vidtagande
1769 1631 43 21 av

202 1670 339 42 arbetsnedläggelse.
586 1668 67 33 För
676 1668 113 32 beslut
812 1667 114 32 härom
949 1667 109 41 gäller
1080 1666 68 32 vad
1171 1666 11 31 i
1205 1665 275 40 »Grundstadgar
1502 1664 51 31 för
1575 1663 233 41 avdelningar;

202 1717 19 37 3
244 1715 18 30 5
286 1724 96 20 mom.
406 1715 19 30 3
449 1717 37 26 är
509 1711 146 41 stadgat.
701 1710 82 32 Ilfall
808 1710 203 41 tidpunkten
1036 1709 52 31 för
1110 1719 41 21 en
1174 1707 331 41 arbetsnedläggelse
1528 1716 96 21 anses
1647 1704 165 43 olämplig

202 1756 83 31 eller
318 1755 104 31 andra
456 1754 76 31 skäl
558 1753 178 41 föreligga,
760 1753 53 31 må
838 1751 330 42 förbundsstyrelsen
1192 1751 12 30 i
1227 1750 134 31 samråd
1385 1749 73 31 med
1483 1746 249 33 vederbörande
1756 1758 55 20 av-

201 1797 140 41 delning
374 1795 254 42 (avdelningar)
662 1796 195 35 bestämma,
892 1805 51 20 om
977 1793 155 42 uppskov
1167 1792 74 31 med
1275 1792 184 41 ifrågasatt
1482 1788 330 42 arbetsnedläggelse

201 1840 61 31 bör
284 1844 65 36 äga
371 1850 86 20 rum.
499 1837 136 33 Samma
657 1836 108 42 gäller
788 1841 84 26 även
895 1846 52 21 om
971 1804 92 63 tiden
1086 1835 51 31 för
1159 1834 219 32 inlämnande
1400 1843 42 21 av
1465 1831 244 41 avtalsförslag
1732 1831 81 31 eller

203 1892 111 21 annan
337 1879 256 42 framställning
616 1889 97 22 anses
737 1878 185 42 olämplig.»

336 1922 133 32 Härtill
493 1923 97 40 fogar
612 1920 337 42 förbundsstyrelsen
971 1918 150 43 följande
1143 1917 265 44 upplysningar:

338 1964 108 32 Dessa
480 1962 373 43 stadgebestämmelser
887 1962 42 31 ha
967 1961 103 31 alltid
1104 1960 129 32 tolkats
1267 1960 59 32 och
1360 1959 195 42 tillämpats
1589 1959 38 31 så
1658 1958 53 30 att
1734 1957 80 40 inga

204 2007 107 32 andra
341 2012 43 26 än
419 2017 43 21 av
496 2005 231 38 lönerörelser,
762 2004 147 42 strejker
943 2003 81 32 eller
1059 2003 177 32 blockader
1268 2002 112 32 direkt
1414 2001 139 32 berörda
1590 2000 224 34 medlemmar,

206 2050 30 32 d.
260 2060 31 20 v.
316 2060 25 20 s.
376 2049 39 31 de
448 2048 59 32 vid
531 2047 263 42 ifrågavarande
817 2046 248 41 arbetsföretag
1088 2045 182 37 anställda,
1294 2044 137 41 deltaga
1454 2044 12 30 i
1489 2042 120 43 dylika
1632 2042 121 31 beslut.
1798 2040 18 31 I

204 2092 40 32 de
261 2090 62 33 fall
347 2102 37 21 en
410 2089 186 42 avdelning
619 2090 113 31 består
753 2100 42 21 av
817 2089 81 31 flera
921 2089 272 40 arbetsgrupper,
1217 2086 175 32 anställda
1407 2085 89 32 inom
1512 2084 92 32 olika
1619 2083 196 33 industrier,

206 2139 38 26 är
267 2134 56 31 det
345 2133 130 31 således
499 2132 119 32 endast
641 2132 61 31 den
728 2131 233 41 arbetsgrupp,
985 2140 70 21 som
1079 2128 91 32 skall
1193 2129 155 41 företaga
1369 2127 210 37 lönerörelse,
1604 2125 107 42 strejk
1735 2125 82 32 eller

204 2170 153 82 blockad,
381 2186 70 20 som
476 2179 80 37 äger
577 2176 73 29 rätt
672 2173 94 32 fatta
788 2173 111 32 beslut
922 2172 111 41 ifråga
1056 2183 52 20 om
1132 2170 38 33 de
1194 2172 169 40 åtgärder,
1385 2180 70 21 som
1470 2169 12 32 i
1498 2168 119 43 dylika
1639 2168 65 31 fall
1719 2166 97 33 skola

207 2222 168 37 vidtagas.

247 2276 127 42 Bihang
398 2276 48 32 till
468 2276 181 42 riksdagens
670 2274 155 44 protokoll
847 2275 96 31 1923.
989 2274 20 30 6
1032 2273 89 32 saml.
1166 2274 47 30 23
1238 2272 80 42 häft.
1364 2271 67 41 (Nr
1452 2271 45 31 30
1517 2270 149 42 Bilaga.)
1737 2270 39 30 14
