2240 2614
255 234 168 26 Kommissio-

251 269 71 29 "nens
342 269 70 24 utlå-

245 301 77 25 tande
342 302 47 24 den

253 342 70 18 mars
344 335 71 26 1922.

489 144 19 29 4
966 146 246 32 Statsutskottets
1235 148 160 31 utlåtande
1419 149 51 30 Nr
1491 151 50 29 30.

579 226 290 32 Kommissionens
903 228 110 31 beslut
1046 229 141 31 rörande
1211 230 91 31 vissa
1326 236 125 26 smärre
1474 232 160 40 partiella
1657 232 182 33 konflikter
1863 235 200 34 föranledde

446 267 189 32 emellertid
659 268 270 41 överklaganden
954 269 59 32 hos
1038 270 126 42 Kungl.
1189 270 107 43 Maj:t,
1321 282 69 21 som
1415 272 209 33 härutinnan
1641 274 194 33 inhämtade
1852 276 209 35 kommissio-

447 319 80 21 nens
551 310 228 31 ovanberörda
802 311 160 41 yttrande
985 322 41 21 av
1051 312 64 32 den
1139 314 17 30 9
1181 324 87 21 mars
1294 315 90 30 1922.

581 350 17 32 I
633 351 96 32 detta
763 353 180 31 utlåtande
983 354 80 31 fann
1101 354 261 33 kommissionen
1401 356 180 42 angeläget
1619 360 52 29 att
1708 364 151 28 närmare
1896 360 160 42 klargöra

445 392 63 32 den
542 393 171 42 pågående
748 393 369 43 hjälpverksamhetens
1155 397 322 33 socialekonomiska
1504 399 174 39 innebörd,
1701 401 141 32 särskilt
1866 413 40 20 ur
1928 404 126 31 arbets-

446 434 225 33 marknadens
705 436 177 42 synpunkt
906 437 59 32 och
989 440 68 29 mot
1081 438 222 42 bakgrunden
1326 451 42 21 av
1392 440 62 32 den
1478 442 200 32 svårartade
1701 443 242 48 depressionen,
1968 450 88 28 samt

444 476 150 32 försökte
629 477 119 32 därvid
784 479 125 41 angiva
943 480 40 30 de
1016 480 77 31 från
1117 480 109 32 denna
1249 481 122 43 analys
1395 481 164 33 härledda
1583 484 269 42 socialpolitiska
1874 487 181 42 principer,

444 517 95 33 vilka
573 519 92 32 varit
698 519 211 42 vägledande
943 522 52 31 för
1029 523 283 32 statsmakternas
1338 524 149 32 direktiv
1510 525 212 33 beträffande
1745 527 11 31 i
1780 529 184 41 synnerhet
1987 531 66 31 för-

444 560 176 32 hållandet
653 561 124 32 mellan
812 563 428 33 arbetslöshetsunderstöd
1274 566 56 31 och
1358 566 190 40 konflikter,
1573 572 155 28 ävensom
1752 570 39 30 de
1815 572 243 40 organiserade

444 602 279 42 arbetsgivarnas
748 604 60 31 och
832 605 195 32 arbetarnas
1052 606 248 43 ståndpunkter
1324 608 56 31 till
1404 620 126 21 samma
1553 611 176 40 spörsmål.

579 645 95 32 Båda
698 646 96 32 dessa
816 650 115 39 parter
954 648 125 41 angiva
1104 649 52 41 sig
1179 650 212 42 principiellt
1415 650 96 43 hylla
1534 655 114 28 satsen
1673 663 51 21 om
1747 654 52 30 att
1823 656 114 30 staten
1960 656 91 31 skall

443 686 146 33 förhålla
622 688 55 41 sig
712 689 137 31 neutral
871 692 80 39 gent
974 694 88 28 emot
1086 690 125 33 strider
1257 693 18 30 på
1298 693 334 38 arbetsmarknaden,
1657 695 29 30 d.
1712 706 29 19 v.
1766 706 24 20 s.
1815 695 73 33 icke
1911 697 141 42 vidtaga

442 728 159 41 åtgärder
637 740 42 21 av
717 730 232 34 beskaffenhet
983 734 54 30 att
1072 733 114 42 stödja
1209 703 81 62 eler
1314 736 176 30 motverka
1513 736 62 31 den
1600 747 62 20 ena
1685 736 83 33 eller
1791 738 107 32 andra
1921 742 131 39 parten.

442 770 77 31 Men
554 771 41 31 då
629 771 57 32 det
719 772 108 42 gäller
860 776 53 29 att
935 773 11 32 i
970 774 181 42 praktiken
1174 776 157 42 tillämpa
1355 777 107 32 denna
1484 777 197 42 grundsats,
1705 780 42 40 gå
1771 780 283 42 arbetsgivarnas

441 812 59 31 och
525 814 197 31 arbetarnas
746 815 129 32 åsikter
896 816 97 41 långt
1016 817 11 30 i
1051 821 64 27 sär.

575 855 74 32 Den
680 856 139 42 vanliga
852 858 266 42 uppfattningen
1152 860 19 30 å
1206 860 229 31 arbetarsidan
1456 880 41 4 —
1520 862 110 32 såsom
1654 862 61 32 den
1739 864 163 40 framgått
1924 864 12 32 i
1959 865 90 32 fack-

440 898 334 40 organisationernas
796 900 293 41 framställningar
1111 901 61 32 och
1196 901 11 31 i
1230 902 282 43 arbetarpressen,
1536 923 40 4 —
1601 915 101 31 synes
1726 906 82 40 utgå
1834 906 90 31 ifrån
1947 910 50 28 att
2010 908 40 31 de

441 939 187 32 arbetslösa
652 941 11 30 i
686 941 93 41 regel
813 941 87 32 hava
933 944 72 30 rätt
1027 943 58 30 till
1109 943 181 32 understöd
1314 945 61 31 och
1399 948 54 28 att
1477 945 123 33 sådant
1623 947 54 31 må
1700 947 178 42 förvägras
1903 948 148 33 allenast

441 980 83 38 dem,
548 982 112 31 vilkas
684 984 222 31 arbetslöshet
930 984 66 31 kan
1020 995 99 22 anses
1143 985 111 32 direkt
1279 986 269 42 självförvållad.
1594 987 318 35 Arbetskonfikter
1934 991 35 31 få
1991 991 57 32 till

439 1023 84 41 följd
557 1024 107 32 härav
697 1025 74 31 icke
800 1026 149 32 medföra
973 1027 230 42 avstängning
1225 1028 74 31 från
1324 1029 344 43 arbetslöshetshjälp
1692 1030 52 33 för
1767 1031 106 32 andra
1896 1037 43 27 än
1964 1034 87 37 dem,

439 1075 69 21 som
532 1066 58 31 vid
613 1066 208 33 konfliktens
844 1069 131 31 utbrott
997 1080 80 21 voro
1101 1070 11 31 i
1136 1070 112 32 arbete
1276 1070 58 32 vid
1357 1071 313 42 ifrågakommande
1694 1073 249 33 arbetsställen.
1990 1075 57 32 Så-

437 1106 58 32 väl
529 1108 58 31 vid
621 1109 127 31 allmän
782 1109 144 32 konflikt
953 1111 67 38 (för
1041 1112 71 31 viss
1136 1115 53 28 ort
1211 1112 82 32 eller
1317 1112 75 32 hela
1414 1114 129 41 landet)
1568 1125 70 21 som
1663 1115 54 31 vid
1741 1116 137 42 partiell
1902 1116 146 33 konflikt

438 1149 70 33 (vid
544 1153 48 29 ett
627 1161 42 20 av
702 1151 82 32 flera
817 1152 241 32 arbetsställen
1086 1154 43 42 på
1152 1165 126 20 samma
1302 1155 105 41 plats)
1430 1156 60 31 bör
1512 1157 144 31 sålunda
1681 1158 181 32 understöd
1886 1160 83 40 utgå
1992 1160 55 31 till

438 1191 82 38 dem,
556 1203 70 20 som
658 1193 73 31 före
760 1193 188 33 konflikten
972 1206 79 21 voro
1075 1196 194 35 arbetslösa,
1294 1202 84 26 även
1401 1208 52 21 om
1477 1198 40 31 de
1540 1201 115 29 senast
1678 1199 92 32 varit
1794 1201 171 31 anställda
1989 1202 57 31 vid

436 1234 254 41 (permitterade
713 1235 91 41 från)
828 1237 223 39 arbetsställe,
1086 1238 62 31 där
1171 1238 146 32 konflikt
1340 1239 104 32 råder.
1489 1240 80 32 Man
1594 1241 136 41 medger
1752 1242 153 39 sålunda,
1930 1246 53 28 att
2006 1244 43 31 de

437 1275 163 40 arbetare,
635 1288 69 20 som
739 1277 112 32 direkt
888 1279 171 32 invecklas
1086 1280 12 31 i
1122 1280 147 32 konflikt
1292 1281 34 31 få
1350 1292 95 21 anses
1470 1282 87 32 hava
1580 1283 100 31 ställt
1703 1284 53 41 sig
1778 1285 137 31 utanför
1938 1285 108 43 hjälp-

436 1317 283 34 verksamhetens
742 1320 174 38 räckvidd,
941 1332 74 21 men
1038 1322 83 41 inga
1145 1322 115 32 andra.

569 1361 262 40 Arbetsgivarna
864 1363 72 31 åter
969 1363 156 32 betrakta
1160 1364 93 42 varje
1291 1365 199 33 understöds
1519 1367 180 32 lämnande
1722 1367 56 32 till
1801 1379 167 31 personer,
1992 1369 55 32 för

435 1400 96 33 vilka
564 1404 105 40 något
703 1403 143 32 lönande
870 1405 114 32 arbete
1012 1407 72 31 står
1106 1406 58 31 till
1187 1406 95 38 buds,
1307 1408 110 32 såsom
1441 1419 40 20 en
1505 1409 131 41 åtgärd,
1660 1410 111 41 ägnad
1795 1413 51 28 att
1869 1412 178 31 motverka

435 1443 97 32 deras
556 1445 176 32 intressen.
779 1446 66 31 Det
868 1447 171 32 allmänna
1063 1448 63 31 har
1149 1449 72 31 icke
1244 1450 72 30 rätt
1338 1453 52 28 att
1407 1450 119 31 därvid
1543 1451 157 32 använda
1716 1452 108 41 någon
1841 1452 203 43 skälighets-

434 1487 170 41 prövning
627 1498 42 20 av
693 1487 62 32 den
779 1488 162 42 erbjudna
964 1489 108 32 lönen.
1119 1490 119 32 Denna
1262 1492 107 31 måste
1392 1494 89 29 rätta
1504 1493 54 41 sig
1581 1494 85 31 efter
1681 1493 249 33 vederbörande
1946 1495 96 32 indu-

434 1528 80 31 stris
539 1528 83 32 eller
644 1529 150 41 företags
817 1531 153 40 förmåga
993 1533 53 29 att
1069 1532 81 31 bära
1173 1532 269 33 lönekostnaden.
1490 1534 119 32 Häålles
1634 1535 108 31 denna
1765 1535 210 33 sistnämnda
1991 1538 53 31 för

433 1569 90 41 högt,
559 1570 116 31 kunna
709 1571 206 32 näringarna
948 1573 72 31 icke
1048 1573 116 32 drivas
1187 1574 60 31 och
1271 1575 262 32 arbetslösheten
1558 1577 171 32 förvärras
1753 1578 55 31 till
1832 1589 73 21 men
1928 1579 51 32 för
2003 1580 43 31 de

433 1611 187 32 arbetslösa
644 1612 119 42 själva.
819 1624 21 20 Ju
863 1614 70 31 förr
955 1615 139 31 lönerna
1117 1616 130 31 komma
1271 1616 63 32 ned
1358 1617 56 31 till
1438 1617 62 31 den
1524 1617 87 32 efter
1634 1618 304 43 konjunkturläget
1953 1622 89 31 inom

433 1653 91 31 olika
546 1654 111 42 yrken
680 1655 186 42 avpassade
890 1657 113 38 nivån,
1027 1656 94 33 desto
1146 1658 123 31 fortare
1293 1659 195 32 återvinner
1504 1660 191 32 industrien
1712 1662 52 30 sin
1780 1662 165 32 förlorade
1962 1663 80 32 kon-

433 1695 250 38 kurrenskraft,
708 1696 92 32 desto
824 1698 164 32 snabbare
1011 1698 134 43 upphör
1168 1700 266 32 arbetslösheten
1458 1701 58 32 och
1540 1702 93 32 desto
1650 1703 69 31 förr
1734 1704 219 42 uppkommer
1969 1706 77 31 åter

433 1737 62 31 den
519 1738 107 32 ökade
649 1738 211 42 efterfrågan
883 1740 43 42 på
950 1706 216 80 arbetskraft,
1191 1752 69 21 som
1282 1742 68 32 kan
1374 1742 203 43 möjliggöra
1593 1755 41 21 en
1650 1745 221 42 begynnande
1887 1747 159 42 stegring

432 1789 43 21 av
508 1779 149 32 lönerna.
704 1780 63 32 Om
802 1781 101 32 också
937 1793 173 31 omsorgen
1133 1794 51 21 om
1213 1784 38 31 de
1274 1785 202 32 arbetslösas
1500 1785 60 32 och
1584 1787 97 31 deras
1706 1787 163 43 familjers
1893 1790 148 31 existens

431 1820 60 32 och
515 1822 189 32 bevarande
738 1824 108 30 såsom
880 1824 367 43 produktionsdugliga
1270 1827 219 42 medborgare
1513 1839 95 21 anses
1633 1829 170 42 berättiga
1827 1830 55 31 till
1906 1841 40 21 en
1970 1836 71 27 sär-

431 1863 90 32 skild
546 1863 326 42 hjälpverksamhet,
898 1867 35 30 så
957 1867 52 31 får
1033 1867 109 32 denna
1165 1868 72 32 icke
1264 1868 180 33 medverka
1467 1872 53 29 att
1543 1870 155 32 försvåra
1721 1872 61 31 och
1805 1872 155 42 förlänga
1982 1873 58 32 det

430 1906 195 31 nuvarande
660 1906 267 33 kristillståndet
961 1909 58 32 och
1049 1909 195 42 därigenom
1268 1911 106 31 skada
1396 1911 266 33 folkhushållets
1687 1913 59 32 och
1770 1914 39 31 de
1832 1915 211 31 arbetslösas

430 1958 85 30 egna
548 1948 246 32 rättförstådda
818 1950 178 32 intressen.
1040 1950 94 33 Från
1158 1963 126 21 samma
1305 1953 74 31 sida
1406 1954 175 32 framhölls
1609 1955 109 39 också,
1735 1959 51 28 att
1802 1955 39 32 de
1856 1959 182 40 penninge-

430 1988 116 40 medel,
571 2001 70 20 som
675 1991 173 32 användas
880 1992 51 31 för
964 1992 367 43 hjälpverksamheten,
1356 1996 105 31 måste
1495 1999 138 39 uttagas
1660 1998 42 41 på
1726 1998 227 42 skattevägen
1977 2000 61 31 och

429 2042 118 30 genom
571 2031 128 43 ökning
722 2043 43 21 av
788 2034 242 42 näringslivets
1054 2035 217 33 skattebörda
1295 2038 206 41 ytterligare
1513 2038 154 32 försvåra
1683 2039 72 32 dess
1772 2040 266 43 återhämtning,

429 2078 88 27 samt
550 2077 52 28 att
636 2074 108 32 denna
782 2076 371 43 penninganvändning
1191 2097 35 4 —
1259 2089 70 21 som
1363 2079 57 32 till
1444 2082 70 30 stor
1538 2080 52 32 del
1615 2085 38 27 är
1676 2081 233 42 improduktiv
1932 2102 40 4 —
1995 2084 43 41 på

428 2118 51 28 ett
502 2116 51 31 för
576 2116 228 42 näringslivet
828 2118 151 42 skadligt
1004 2122 70 29 sätt
1096 2120 173 32 försvårar
1292 2121 110 32 dettas
1425 2121 230 43 finansiering.

563 2158 18 31 I
605 2160 332 32 överensstämmelse
961 2161 72 32 med
1058 2162 96 32 dessa
1170 2162 231 43 åskådningar
1417 2163 61 32 har
1505 2165 74 31 från
1608 2165 285 42 arbetsgivarhåll
1910 2167 11 31 i
1938 2167 102 31 fram-
