1912 2852
499 164 415 39 Bevillningsutskotltets
936 158 223 35 betänkande
1180 156 52 32 Nr
1264 154 52 30 36.
1575 148 19 30 9

137 252 115 32 dande
278 249 99 33 antal
404 248 65 32 fall
495 248 55 30 för
575 245 114 32 andra
713 239 266 38 skattskyldiga
1004 240 47 28 än
1075 237 114 30 större
1214 231 237 38 jordbrukare
1476 227 167 32 medföra

136 306 44 21 en
203 293 162 36 ansenlig
389 291 134 35 ökning
546 300 44 20 av
613 285 265 34 skattebördan,
900 282 124 32 vilken
1045 279 177 36 därjämte
1245 273 187 36 samtidigt
1455 282 45 21 av
1524 270 114 32 andra

137 338 238 35 anledningar
400 337 138 34 stegras
563 333 55 30 för
641 331 143 34 många,
807 329 89 30 utan
919 325 103 32 också
1048 323 12 30 i
1085 319 232 40 synnerligen
1340 317 97 31 olika
1461 314 99 37 grad,
1583 314 56 30 be-

137 383 131 32 roende
289 383 46 35 på
357 380 41 32 de
420 378 118 33 skilda
558 377 277 30 kommunernas
856 370 154 35 tillgång
1033 367 46 37 på
1101 365 114 32 andra
1236 351 403 49 beskattningsföremål

138 430 46 28 än
208 421 377 42 jordbruksfastighet,
608 418 163 32 medföra
794 414 142 32 lättnad
960 412 55 31 för
1041 411 42 31 de
1108 407 312 36 fastighetsägare,
1444 412 75 21 som
1542 402 98 29 Över-

138 470 225 35 huvudtaget
385 468 38 30 få
445 465 57 32 del
523 475 44 21 av
590 461 214 33 lättnaden.»

177 543 402 41 Departementschefen
598 540 151 33 anförde
768 537 134 35 vidare,
922 535 54 32 att
996 534 41 31 de
1056 530 239 37 olägenheter,
1314 536 76 22 som
1408 523 114 33 skulle
1541 521 100 33 bliva

137 611 44 21 en
207 599 93 37 följd
324 609 45 20 av
393 599 51 30 ett
469 592 260 40 godkännande
755 601 45 21 av
824 584 342 41 repartitionstalets
1189 580 179 35 sänkning
1396 578 83 30 från
1503 576 54 31 0.06
1582 573 59 32 till

136 653 56 31 0.05
214 652 178 35 knappast
413 648 120 31 kunde
555 645 149 36 bringas
725 653 44 21 ur
790 641 152 31 världen
964 640 46 35 på
1032 632 389 38 skatteutjämningens
1444 631 81 33 väg.
1568 622 72 45 An-

134 706 99 34 toges
281 703 99 31 detta
416 700 147 35 förslag,
589 698 140 30 komme
756 687 574 38 medelutdebiteringsprocenten
1358 683 56 30 för
1441 680 205 32 landskom-

135 764 175 22 munerna
336 754 11 31 i
372 752 92 31 riket
489 752 52 30 att
567 750 85 31 ökas
676 749 39 30 så
741 747 177 33 avsevärt,
943 745 53 29 att
1021 751 43 22 en
1087 739 151 36 höjning
1265 747 46 21 av
1333 735 70 31 den
1426 733 112 35 enligt
1560 731 82 31 där-

135 807 161 31 varande
336 797 556 42 skatteutjämningsförordning
934 793 166 38 gällande
1136 790 306 35 bidragsgränsen
1481 785 82 30 från
1603 782 39 30 10

134 860 60 31 till
242 858 216 32 åtminstone
498 856 38 29 11
565 853 147 37 procent
741 850 100 31 torde
868 848 100 31 bliva
996 843 217 36 nödvändig,
1242 840 120 32 därest
1391 835 251 36 skatteutjäm-

136 911 237 38 ningsbidrag
402 908 116 31 skulle
548 906 140 31 lämnas
716 904 12 30 i
757 911 137 22 samma
922 897 221 36 omfattning
1172 904 76 21 som
1277 892 171 36 tidigare;
1479 889 98 31 detta
1606 886 40 37 ej

138 965 111 31 minst
274 962 123 33 därför
422 963 54 29 att
502 960 41 31 de
568 959 220 31 kommuner,
813 964 74 21 som
912 951 92 31 hade
1029 959 44 22 en
1098 946 147 34 särskilt
1271 945 69 35 hög
1365 940 277 35 utdebiterings-

135 1017 157 37 procent,
313 1015 12 30 i
344 1013 98 36 regel
462 1010 114 33 skulle
596 1010 38 30 få
654 1009 117 31 denna
791 1005 141 37 mycket
952 1002 168 33 avsevärt
1140 999 102 35 ökad,
1262 997 77 31 ofta
1358 995 80 31 med
1458 994 18 29 2
1496 992 147 37 procent

139 1068 87 32 eller
246 1077 85 25 mer,
351 1065 114 31 vilket
485 1062 114 33 skulle
618 1059 198 35 väsentligt
835 1057 68 32 öka
922 1055 175 34 bidragen
1116 1051 57 33 till
1194 1051 102 31 dessa
1316 1049 219 32 kommuner,
1556 1046 86 29 enär

139 1118 56 33 för
219 1119 43 31 de
285 1115 209 37 procenttal,
518 1123 74 21 som
616 1112 81 35 låge
720 1110 85 35 högt
830 1110 82 29 över
937 1107 68 31 den
1027 1107 118 33 gräns,
1169 1111 75 23 som
1266 1098 224 36 berättigade
1514 1097 56 31 till
1593 1095 51 31 bi-

142 1173 100 35 drag,
270 1171 12 30 i
310 1168 98 37 regel
434 1167 109 31 minst
572 1165 140 31 hälften
740 1173 45 20 av
814 1162 67 31 den
908 1160 107 34 skatt,
1042 1167 75 22 som
1145 1154 153 33 svarade
1325 1154 73 29 mot
1427 1151 220 32 densamma,

136 1223 116 32 skulle
285 1223 163 30 ersättas.
504 1219 125 30 »Detta
662 1216 154 34 oaktat»,
849 1212 143 37 yttrade
1027 1204 402 41 departementschefen,
1465 1201 132 32 »skulle
1630 1200 13 30 i

140 1276 209 30 kommuner
367 1272 80 31 med
464 1271 70 35 hög
552 1267 243 36 utdebitering
815 1266 41 31 de
873 1262 247 39 jordbrukare,
1139 1270 74 22 som
1232 1259 38 30 få
1289 1257 55 32 sin
1363 1256 96 32 skatt
1477 1252 167 33 minskad

142 1336 126 27 genom
290 1326 42 31 de
352 1324 130 31 sänkta
504 1318 340 40 repartitionstalen,
866 1317 38 31 få
925 1326 43 21 en
988 1313 213 39 ytterligare
1223 1310 65 32 och
1307 1309 141 36 mycket
1470 1316 97 22 mera
1587 1306 57 30 be-

141 1378 158 37 tydande
321 1376 143 32 lättnad
486 1383 125 27 genom
634 1372 86 31 ökat
741 1367 364 39 utjämningsbidrag,
1128 1364 129 32 medan
1280 1363 158 31 däremot
1461 1359 113 32 andra
1597 1360 47 28 än

138 1429 237 37 jordbrukare
401 1426 118 36 aldrig
545 1424 114 32 skulle
686 1424 38 30 få
750 1422 56 31 sin
831 1418 253 36 skatteökning
1109 1427 74 21 mer
1210 1418 47 28 än
1283 1413 113 33 delvis
1422 1413 120 31 ersatt.
1588 1410 57 31 En

139 1481 152 37 höjning
312 1490 45 21 av
377 1478 303 35 bidragsgränsen
702 1475 82 31 från
803 1474 37 30 10
861 1472 57 31 till
938 1472 38 29 11
996 1471 144 35 procent
1161 1467 115 32 skulle
1296 1465 157 37 givetvis
1473 1464 172 30 innebära

142 1545 45 21 en
204 1532 167 33 minskad
388 1531 222 35 bidragsrätt
630 1528 56 30 för
705 1526 135 31 sådana
858 1525 218 33 kommuner,
1095 1530 75 23 som
1189 1519 33 37 ej
1241 1519 95 31 hava
1355 1516 178 32 avsevärd
1551 1514 94 37 jord-

142 1583 297 36 bruksfastighet,
460 1584 87 29 enär
567 1581 102 31 dessa
689 1579 11 30 i
721 1577 96 36 regel
837 1577 33 36 ej
893 1576 39 31 få
952 1575 55 31 sin
1027 1571 244 36 utdebitering
1293 1569 95 37 höjd.
1429 1569 102 30 Inom
1551 1566 93 37 jord-

142 1636 389 32 brukskommunernas
551 1630 163 37 kategori
734 1631 76 30 åter
831 1627 115 33 skulle
966 1627 42 31 de
1026 1626 219 33 kommuner,
1266 1632 75 21 som
1359 1621 100 36 ligga
1478 1623 168 28 närmare

142 1688 315 36 bidragsgränsen,
478 1685 38 31 få
536 1684 78 32 sina
634 1683 128 35 bidrag
783 1679 195 33 minskade.
1019 1678 124 31 Redan
1164 1677 68 30 den
1252 1674 133 36 ökning
1406 1683 45 22 av
1472 1671 174 32 utdebite-

142 1740 186 36 ringarna,
349 1748 75 22 som
443 1737 73 31 kan
536 1735 98 32 bliva
654 1744 43 22 en
719 1733 91 36 följd
831 1743 45 20 av
897 1732 69 31 den
986 1741 45 20 av
1052 1725 501 35 kommunalskatteutskottet
1575 1724 70 31 för-

143 1791 133 32 ordade
298 1789 186 32 lättnaden
506 1788 12 30 i
541 1785 393 38 skogsbeskattningen,
957 1784 91 30 samt
1071 1782 67 31 den
1161 1791 49 20 nu
1233 1779 183 32 beslutade
1438 1776 207 36 utvidgnin-

144 1852 68 27 gen
237 1853 45 22 av
306 1842 268 35 bidragsrätten
597 1838 58 32 till
680 1837 178 34 städerna,
883 1835 109 36 torde,
1017 1844 57 21 om
1098 1833 356 36 10-procentgränsen
1480 1829 91 31 skall
1596 1828 51 31 bi-

139 1894 171 36 behållas,
335 1894 55 30 för
415 1892 55 32 sin
497 1890 239 35 finansiering
760 1888 59 31 väl
843 1889 113 30 kräva
981 1887 67 30 den
1073 1885 134 35 ökning
1231 1894 46 20 av
1301 1877 348 45 medelstillgången,

144 1956 75 20 som
241 1946 12 29 i
276 1945 76 30 1927
376 1946 59 29 års
460 1942 134 36 förslag
619 1942 212 30 förutsattes
853 1948 125 27 genom
1001 1938 141 31 skatten
1167 1936 55 30 för
1247 1936 219 35 gemensamt
1489 1934 155 29 kommu-

144 1996 79 32 nalt
246 1995 177 36 ändamål,
446 1994 65 31 och
535 1994 67 31 den
625 1992 212 37 ytterligare
860 1989 229 35 beskattning
1115 1989 55 30 för
1194 1987 117 36 dylikt
1335 1986 178 35 ändamål,
1537 1995 73 21 som
1634 1984 12 30 i

145 2049 58 30 det
226 2047 159 36 följande
407 2045 160 36 föreslås,
589 2044 153 31 framför
764 2043 65 31 allt
856 2043 5 29 i
883 2041 172 32 samband
1075 2040 80 31 med
1176 2038 156 33 särskild
1352 2038 96 31 skatt
1470 2039 20 29 å
1512 2036 135 32 lotteri-

141 2098 159 32 vinster.»
356 2096 400 38 Departementschefen
792 2105 83 21 vore
912 2092 229 37 följaktligen
1176 2102 46 20 av
1258 2091 66 31 den
1357 2090 294 36 uppfattningen,

141 2153 54 30 att
217 2148 552 38 skatteutjimningsgrunderna
789 2145 207 32 erfordrade
1016 2147 163 34 översyn,
1199 2153 56 21 om
1277 2143 170 34 förslaget
1468 2151 52 20 om
1545 2141 102 31 sänk-

142 2202 89 36 ning
254 2212 45 20 av
322 2199 320 38 repartitionstalet
667 2198 256 36 genomfördes.

187 2251 407 37 Sammanfattningsvis
621 2250 151 32 anförde
799 2247 403 38 departementschefen:

194 2314 80 31 »Det
297 2323 48 20 nu
368 2312 113 36 sagda
505 2311 96 31 torde
625 2310 236 35 ådagalägga,
884 2310 54 29 att
962 2309 128 33 frågan
1115 2317 54 20 om
1194 2316 42 21 en
1260 2305 179 35 sänkning
1462 2315 45 20 av
1529 2314 120 25 repar-

145 2356 216 32 titionstalet
383 2357 56 29 för
462 2353 368 38 jordbruksfastighet
852 2355 40 28 är
914 2353 74 29 rätt
1010 2349 253 36 komplicerad.
1307 2348 106 31 Vissa
1436 2347 212 36 jämställig-

146 2400 171 31 hetskrav
347 2399 74 31 tala
452 2399 54 29 för
536 2395 322 38 repartitionstalet
888 2396 54 31 0,5
973 2395 55 29 för
1058 2392 315 36 jordbruksvärde,
1403 2401 79 20 men
1513 2400 136 21 samma

116 2459 7 8 «
147 2442 373 37 jämställighetskrav
540 2441 74 30 tala
633 2440 81 30 med
735 2441 127 28 nästan
883 2441 97 27 ännu
1000 2439 112 29 större
1132 2436 126 36 styrka
1279 2436 55 29 för
1355 2436 52 30 att
1428 2434 67 31 den
1515 2436 134 28 växan-

147 2487 42 30 de
212 2486 133 35 skogen
366 2486 32 36 ej
421 2485 70 31 blir
512 2487 115 28 sämre
650 2483 107 31 ställd
781 2485 46 27 än
849 2479 368 38 jordbruksfastighet
1240 2479 12 30 i
1275 2478 128 35 övrigt,
1426 2480 36 33 ty
1487 2477 161 36 jordbru-

147 2531 59 30 ket
228 2530 170 30 avkastar
419 2526 285 39 genomsnittligt
726 2526 84 30 vida
832 2535 72 21 mer
926 2527 44 28 än
993 2523 236 36 skogsbruket
1249 2522 64 30 och
1335 2522 62 30 bör
1420 2520 228 36 följaktligen
