1917 2831
254 141 23 30 2
621 138 287 31 Statsutskottets
925 138 179 31 utlåtande
1120 147 44 21 nr
1179 138 42 30 45
1236 137 40 32 år
1293 137 84 31 1970

942 523 51 36 Nr
1012 522 50 36 45

482 628 184 31 Utlåtande
685 628 12 30 i
713 628 189 39 anledning
919 637 42 21 av
978 628 174 30 motioner
1170 637 55 21 om
1244 627 204 40 avveckling
1465 636 42 21 av
1526 628 220 38 ortsgruppe-

702 682 122 40 ringen
838 691 42 21 av
894 682 41 30 de
949 681 282 31 statsanställdas
1246 682 106 30 löner.

1560 734 74 36 (5:e
1649 735 97 34 avd).

301 881 13 28 I
335 881 43 29 de
397 881 225 39 likalydande
641 881 222 29 motionerna
883 880 86 30 1:88
991 889 43 21 av
1053 880 82 29 herr
1154 880 176 39 Bengtson
1351 889 45 20 m.
1411 879 37 29 fl.
1470 879 66 30 och
1556 879 48 28 II:
1620 879 63 29 104
1703 888 42 20 av

258 934 82 30 herr
363 934 162 31 Hedlund
549 943 46 21 m.
620 933 36 31 fl.
681 933 64 30 har
768 933 197 31 hemställts
991 934 48 29 att
1063 933 188 40 riksdagen
1274 932 108 31 måtte
1407 933 111 30 uttala
1543 933 50 40 sig
1617 932 55 30 för
1697 933 49 28 att

260 988 396 40 dyrortsgrupperingen
683 997 41 21 av
750 988 42 29 de
817 987 281 30 statsanställdas
1123 988 98 29 löner
1247 988 181 29 avvecklas
1453 988 11 29 i
1492 987 150 40 enlighet
1667 987 80 29 med

258 1043 67 29 vad
349 1043 12 29 i
386 1042 220 30 motionerna
632 1041 135 30 anförts
794 1043 89 28 samt
910 1042 48 29 att
986 1041 121 30 därvid
1133 1041 41 30 de
1201 1041 173 30 särskilda
1400 1040 267 31 förhållandena
1692 1040 55 30 be-

259 1096 179 31 träffande
451 1096 80 31 övre
544 1096 174 30 Norrland
731 1095 155 31 beaktas.

301 1150 14 30 I
335 1150 180 30 motionen
535 1150 46 30 II:
597 1149 63 31 412
682 1159 42 21 av
743 1149 123 30 herrar
885 1149 184 40 Westberg
1087 1149 11 29 i
1119 1149 148 40 Ljusdal
1287 1149 66 30 och
1372 1149 173 30 Nelander
1565 1148 65 30 har
1649 1149 97 29 hem-

260 1204 113 31 ställts
397 1205 48 29 att
467 1204 187 39 riksdagen
675 1203 11 30 i
710 1203 166 30 skrivelse
896 1202 54 30 till
973 1203 124 39 Kungl.
1120 1202 105 40 Maj:t
1248 1202 109 30 måtte
1378 1210 40 32 ge
1439 1203 142 39 uttryck
1604 1202 54 30 för
1681 1202 66 30 den

259 1258 186 39 meningen
471 1259 49 28 att
546 1257 398 40 dyrortsgrupperingen
971 1258 137 28 snarast
1133 1256 137 40 möjligt
1294 1257 64 29 bör
1384 1257 181 29 avvecklas
1590 1266 81 20 men
1698 1258 49 27 att

260 1312 122 30 därvid
409 1312 138 39 hänsyn
573 1311 64 30 bör
662 1312 55 28 tas
745 1311 52 29 till
827 1310 160 40 speciella
1015 1310 296 39 omständigheter
1341 1319 74 21 som
1443 1311 70 29 kan
1542 1310 167 40 föreligga
1735 1310 12 30 i

260 1365 175 30 särskilda
448 1365 71 34 fall,
535 1366 22 28 t.
574 1374 49 19 ex.
638 1365 10 28 i
664 1365 80 29 övre
757 1364 184 30 Norrland.

306 1516 184 30 Utskottet.
512 1517 78 29 Med
612 1516 188 39 anledning
821 1525 41 21 av
882 1515 268 40 ifrågavarande
1169 1515 337 40 motionsyrkanden
1526 1516 221 30 beträffande

261 1570 331 41 ortsgrupperingen
609 1579 41 21 av
667 1570 42 30 de
725 1569 281 31 statsanställdas
1023 1569 97 30 löner
1136 1568 55 31 får
1207 1570 170 29 utskottet
1392 1587 45 3 —
1452 1569 129 31 liksom
1595 1570 12 30 i
1624 1569 65 41 fjol
1704 1587 44 4 —

261 1625 115 29 erinra
405 1633 56 21 om
492 1626 48 27 att
570 1624 145 29 lönerna
744 1623 55 30 för
827 1623 150 29 flertalet
1009 1623 304 40 statstjänstemän
1342 1623 153 30 bestäms
1526 1631 123 32 genom
1679 1624 70 29 för-

261 1678 209 39 handlingar
486 1678 129 29 mellan
632 1679 130 28 statens
779 1677 205 35 avtalsverk,
1002 1676 20 30 å
1037 1686 65 20 ena
1118 1676 109 35 sidan,
1246 1678 90 29 samt
1353 1677 394 40 Statstjänarkartellen,

261 1732 400 40 Statstjänstemännens
680 1730 239 35 riksförbund,
940 1730 154 40 Sveriges
1114 1730 243 30 akademikers
1377 1731 371 40 centralorganisation

261 1786 65 30 och
341 1786 319 40 Tjänstemännens
677 1784 390 40 centralorganisations
1084 1784 501 40 statstjänstemannasektion,
1603 1784 20 31 å
1640 1785 109 30 andra

263 1840 110 30 sidan.

306 1894 175 29 Utskottet
499 1893 60 29 vill
576 1892 120 30 vidare
714 1891 116 30 erinra
848 1900 56 21 om
924 1893 49 28 att
992 1891 315 39 förhandlingarna
1325 1901 56 20 om
1402 1891 82 31 1969
1504 1892 65 30 och
1590 1892 83 30 1970
1693 1892 56 30 års

263 1948 96 29 löner
376 1947 213 29 resulterade
606 1946 11 29 i
634 1946 45 30 bl.
698 1955 29 20 a.
747 1954 41 21 en
806 1944 141 31 fortsatt
965 1944 214 41 krympning
1197 1954 41 21 av
1257 1945 241 40 spännvidden
1516 1946 129 30 mellan
1664 1948 85 29 orts-

261 2008 199 33 grupperna
485 2000 65 30 och
576 2001 48 28 att
651 1999 159 30 avsikten
836 1999 38 29 är
899 2000 49 28 att
974 1998 38 30 år
1039 1998 82 30 1971
1147 1998 72 30 helt
1243 1999 165 39 utjämna
1433 2000 198 30 skillnaden
1654 2000 11 30 i
1691 2001 58 29 lön

261 2055 130 29 mellan
417 2055 273 38 ortsgrupperna
716 2053 18 29 3
762 2053 64 29 och
852 2052 29 29 4.
909 2052 115 40 Enligt
1050 2052 268 40 ifrågavarande
1342 2054 407 39 protokollsanteckning

264 2109 89 29 skall
367 2108 195 29 kostnaden
576 2106 122 30 härför
713 2107 172 29 avräknas
900 2105 80 30 från
993 2106 293 29 kostnadsramen
1301 2106 54 30 för
1369 2107 56 29 det
1440 2106 82 30 året.

306 2162 175 29 Utskottet
505 2161 70 29 kan
596 2160 74 29 inte
692 2159 100 30 finna
816 2160 48 29 att
893 2159 5 30 i
921 2159 220 30 motionerna
1164 2159 135 30 anförts
1322 2159 109 40 några
1454 2161 296 39 omständigheter

263 2224 74 21 som
368 2215 188 29 motiverar
588 2215 45 28 ett
666 2213 124 30 ändrat
824 2212 388 41 ståndpunktstagande
1242 2212 81 31 från
1353 2213 205 40 riksdagens
1591 2214 75 30 sida
1695 2215 53 30 till

263 2268 123 40 frågan
407 2269 11 29 i
438 2268 118 30 vilken
577 2267 149 39 ordning
746 2267 187 39 riksdagen
953 2266 64 30 bör
1037 2274 39 31 ge
1095 2266 54 30 till
1170 2267 119 29 känna
1309 2267 178 40 riktlinjer
1508 2267 55 31 för
1584 2268 164 30 förhand-

262 2323 160 38 lingarna
442 2331 56 20 om
521 2321 393 39 statstjänstemännens
934 2320 107 29 löner.
1063 2320 175 30 Utskottet
1258 2320 65 29 har
1342 2320 55 30 för
1418 2328 84 32 egen
1522 2322 54 29 del
1598 2322 151 40 alltjämt

263 2375 271 41 uppfattningen
556 2375 49 29 att
627 2374 115 30 denna
762 2373 138 41 uppgift
922 2374 86 30 även
1029 2374 11 29 i
1062 2373 272 40 fortsättningen
1355 2374 63 30 bör
1438 2384 84 21 vara
1544 2375 203 32 anförtrodd

264 2430 205 39 riksdagens
483 2427 286 40 lönedelegation.
783 2427 271 40 Ifrågavarande
1066 2427 173 30 motioner
1253 2427 123 30 avslås.
