1864 2790
268 176 56 30 112
576 172 389 32 Jordbruksutskottets
988 170 178 30 utlåtande
1188 179 42 20 nr
1249 170 42 29 30
1310 169 39 30 år
1371 168 84 30 1959

266 260 62 29 bör
355 260 82 38 nöja
462 259 50 39 sig
537 258 79 29 med
643 266 42 20 en
710 256 138 29 mindre
876 254 240 39 förstärkning
1141 263 42 20 av
1207 252 215 40 jordfonden
1448 253 43 28 än
1517 250 67 30 vad
1608 250 157 39 departe-

267 309 240 31 mentschefen
531 307 189 39 föreslagit.
746 306 117 37 Enligt
888 305 187 29 utskottets
1101 303 141 39 mening
1266 302 116 29 finnes
1407 303 57 28 det
1489 300 192 30 emellertid
1707 309 59 20 an-

266 360 142 39 ledning
424 361 50 29 att
490 359 112 29 räkna
618 357 78 30 med
713 359 51 27 att
779 356 106 39 byten
902 365 41 20 av
960 354 208 39 skogsmark
1184 353 129 29 mellan
1329 351 252 30 domänverket
1597 351 64 29 och
1676 350 89 29 lant-

265 408 285 30 bruksnämnder
575 407 154 30 härefter
756 406 90 29 skall
872 406 142 29 komma
1039 405 52 29 till
1119 403 112 34 stånd,
1259 403 63 29 där
1349 402 131 31 sådana
1507 402 38 29 är
1570 399 194 41 påkallade.

265 460 178 31 Utskottet
459 460 58 29 vill
534 477 43 3 —
592 477 43 3 —
650 477 43 3 —
714 458 89 33 (lika
821 457 79 29 med
917 456 187 32 utskottet)
1127 472 42 4 —
1185 472 43 3 —
1243 472 44 3 —
1303 453 80 30 med
1401 453 116 38 skog.»

310 510 74 29 dels
402 510 56 29 det
476 509 119 39 stycke
612 508 12 29 i
641 507 191 30 utskottets
850 505 190 34 utlåtande,
1060 513 75 20 som
1151 504 20 29 å
1189 513 25 21 s.
1233 504 40 29 86
1291 503 120 39 börjar
1429 501 79 30 med
1523 501 111 29 orden
1653 501 112 29 »Kän-

266 561 173 29 nedomen
457 569 76 20 om>
554 559 65 29 och
638 567 74 20 som
717 547 23 52 å
770 566 26 20 s.
816 557 40 29 87
877 556 109 29 slutar
1005 555 80 29 med
1104 555 107 29 orden
1236 552 293 41 »jordbruksjord
1549 552 118 33 ökas»,
1688 551 78 29 bort

266 612 149 29 ersättas
434 610 77 29 med
530 611 71 28 text
619 619 42 19 av
679 608 158 39 följande
856 606 144 40 lydelse:

312 659 273 31 >Kännedomen
605 668 56 20 om
680 676 43 4 —
741 676 44 3 —
802 676 44 3 —
869 657 88 33 (lika
976 656 80 29 med
1076 654 186 34 utskottet)
1286 671 44 3 —
1347 671 44 3 —
1406 671 45 2 —
1470 653 10 28 i
1500 653 127 29 ämnet.
1649 650 116 31 Under

267 710 102 31 dessa
388 709 246 31 förhållanden
653 717 102 21 anser
775 708 180 33 utskottet,
975 708 52 29 att
1044 705 270 30 verksamheten
1332 703 62 30 bör
1414 703 36 29 få
1469 702 205 38 erforderlig
1694 709 71 21 om-

266 761 154 39 fattning
441 762 87 28 även
546 760 79 29 med
647 759 56 29 det
722 759 12 29 i
754 757 221 31 förhållande
996 756 52 30 till
1069 755 264 40 propositionen
1353 754 94 38 lägre
1467 753 132 38 anslag,
1620 760 75 21 som
1715 750 50 30 fö-

266 811 109 30 reslås
397 812 10 28 i
428 810 220 29 motionerna
668 810 28 29 I:
713 809 63 30 333
799 808 65 29 och
884 808 45 29 II:
945 807 94 29 404.>

310 861 74 29 dels
405 860 111 39 tredje
536 860 65 29 och
623 859 113 39 fjärde
758 858 169 39 styckena
946 858 10 28 i
978 857 189 29 utskottets
1187 854 181 31 utlåtande
1389 854 19 29 å
1429 863 25 20 s.
1476 854 39 29 87
1538 853 78 29 bort
1636 853 45 28 ha
1702 851 64 30 föl-

264 911 108 39 jande
392 911 144 39 lydelse:

312 963 33 28 »I
364 963 47 28 ett
431 961 114 29 flertal
567 961 169 29 motioner
754 960 65 28 har
841 958 110 39 gjorts
970 957 206 29 uttalanden
1196 955 236 30 innebärande
1449 956 52 28 att
1520 955 133 28 statens
1672 953 94 29 med-

265 1011 133 30 verkan
422 1011 51 30 till
495 1011 92 30 ökad
613 1009 225 40 skogsodling
862 1009 11 29 i
897 1008 110 30 första
1031 1007 96 29 hand
1152 1006 88 30 skall
1264 1014 80 21 avse
1368 1004 211 40 hagmarker
1603 1003 65 30 och
1692 1002 74 29 kal-

266 1062 142 29 marker
426 1064 91 27 samt
534 1061 11 29 i
563 1060 111 30 andra
691 1059 96 30 hand
806 1058 175 39 åkerjord.
999 1057 177 31 Utskottet
1195 1056 127 34 finner,
1341 1055 107 29 bland
1466 1056 108 28 annat
1592 1053 80 29 med
1689 1054 77 28 tan-

266 1113 41 29 ke
332 1113 45 39 på
402 1112 67 29 den
492 1111 167 29 moderna
683 1109 240 33 betesdriften,
947 1108 102 29 dessa
1073 1106 206 31 uttalanden
1303 1104 291 31 beaktansvärda.
1618 1104 70 30 När
1711 1102 57 30 det

266 1163 108 38 gäller
400 1161 304 40 skogsplantering
727 1160 45 40 på
797 1160 85 29 åker
907 1159 58 29 vill
992 1158 171 29 utskottet
1188 1156 146 41 påpeka,
1363 1158 49 27 att
1436 1155 55 29 det
1520 1154 96 30 finns
1642 1163 42 20 en
1711 1153 54 30 del

265 1213 117 29 ovissa
403 1212 154 29 faktorer
579 1220 75 21 som
675 1210 189 29 motiverar
884 1218 42 20 en
947 1208 70 30 viss
1039 1207 224 39 försiktighet
1284 1207 10 28 i
1315 1206 116 29 denna
1452 1205 233 29 verksamhet.
1707 1204 59 30 Ut-

264 1263 207 38 vecklingen
495 1262 44 40 på
562 1260 240 39 landsbygden
828 1262 73 27 mot
925 1260 109 28 större
1059 1258 142 29 enheter
1227 1258 90 29 samt
1342 1255 239 39 nedläggande
1606 1264 42 20 av
1671 1254 94 39 jord-

266 1314 92 29 bruk
377 1314 80 29 sker
477 1313 53 29 för
548 1311 218 30 närvarande
788 1311 10 28 i
818 1310 111 29 sådan
947 1309 71 30 fart
1037 1310 50 28 att
1108 1308 56 29 det
1183 1307 179 30 förefaller
1381 1306 143 39 onödigt
1544 1307 50 28 att
1614 1305 153 40 påskyn-

267 1363 44 31 da
339 1363 116 30 denna
482 1362 209 38 utveckling.
721 1362 12 28 I
764 1360 291 38 sammanhanget
1081 1359 60 29 vill
1170 1358 88 29 dock
1288 1357 171 30 utskottet
1487 1356 116 29 erinra
1631 1364 57 21 om
1716 1354 50 30 att

266 1414 192 37 gränserna
482 1412 129 29 mellan
636 1412 20 29 å
680 1420 66 20 ena
771 1411 101 29 sidan
899 1411 112 28 sämre
1035 1409 84 30 åker
1145 1410 90 28 samt
1260 1407 20 30 å
1305 1407 111 29 andra
1442 1407 101 29 sidan
1566 1405 200 30 betesmark

266 1464 66 29 och
358 1463 171 39 hagmark
555 1462 74 30 ofta
656 1464 37 28 är
720 1461 169 40 flytande,
915 1460 173 39 varjämte
1113 1460 83 37 ägor
1223 1467 42 20 av
1291 1458 139 38 angivet
1456 1457 73 38 slag
1555 1456 72 29 inte
1654 1455 111 30 sällan

267 1513 108 40 ligger
397 1512 214 40 insprängda
634 1512 8 29 i
663 1511 175 29 varandra
861 1510 64 29 och
948 1511 9 28 i
981 1509 247 38 skogsmarker
1249 1508 45 40 på
1315 1510 48 27 ett
1386 1507 124 30 sådant
1534 1508 78 32 sätt,
1636 1508 50 28 att
1709 1505 55 29 det

267 1573 42 20 av
327 1564 95 29 olika
443 1562 229 39 anledningar
693 1561 114 29 skulle
828 1569 83 21 vara
932 1559 180 40 olämpligt
1134 1561 48 27 att
1203 1559 58 28 vid
1283 1558 225 39 skogsodling
1529 1557 45 40 på
1595 1556 169 40 hagmark

267 1614 29 39 ej
318 1613 185 38 skogsodla
520 1615 86 27 även
625 1611 241 39 intilliggande
884 1612 113 28 sämre
1015 1610 93 33 åker,
1128 1619 73 19 som
1222 1609 175 29 måhända
1416 1608 108 29 redan
1541 1607 106 39 ligger
1665 1606 102 29 obru-

267 1664 80 29 kad.

312 1714 67 29 För
408 1713 230 38 finansiering
666 1721 42 20 av
735 1711 329 39 bidragsgivningen
1093 1711 53 28 till
1173 1709 198 40 plantering
1400 1717 41 20 av
1469 1708 84 38 skog
1581 1707 45 39 på
1654 1708 113 28 sämre

265 1763 336 38 jordbruksmarker
625 1763 62 29 bör
711 1762 127 29 anlitas
864 1761 111 29 medel
1000 1760 112 29 under
1137 1762 132 27 statens
1296 1757 470 41 skogsförbättringsanslag.

268 1814 14 28 I
299 1814 94 29 årets
413 1812 413 40 statsverksproposition
847 1812 64 29 har
931 1811 176 30 förordats
1127 1820 42 20 en
1192 1809 241 39 förstärkning
1455 1818 41 20 av
1515 1807 253 40 skogsförbätt-

269 1863 255 39 ringsanslaget
543 1863 55 30 för
616 1862 205 39 budgetåret
843 1862 148 35 1959/60
1011 1861 79 29 med
1108 1862 47 28 ett
1173 1860 125 40 belopp
1317 1869 43 20 av
1380 1861 14 28 1
1411 1860 63 29 000
1489 1859 62 31 000
1569 1859 140 32 kronor,
1731 1857 37 29 så

267 1916 51 27 att
343 1913 56 30 för
423 1913 121 40 bidrag
568 1913 53 29 till
647 1912 226 39 skogsodling
898 1912 43 39 på
965 1911 297 40 jordbruksmark
1288 1910 89 30 skall
1403 1909 54 30 stå
1482 1909 52 29 till
1560 1907 207 40 förfogande

267 1963 103 39 högst
390 1964 18 29 2
423 1963 62 30 200
500 1964 62 29 000
581 1963 140 29 kronor.
742 1963 178 29 Utskottet
939 1962 71 28 kan
1029 1962 71 28 inte
1121 1960 142 30 förorda
1281 1969 44 20 en
1346 1960 37 29 så
1402 1961 72 28 stor
1494 1958 274 40 anslagsökning

269 2016 84 27 utan
377 2014 191 38 tillstyrker
592 2014 56 29 det
670 2014 8 28 i
701 2013 220 29 motionerna
943 2012 28 29 I:
987 2011 62 29 333
1072 2011 65 29 och
1159 2011 45 29 II:
1220 2010 63 30 404
1307 2010 195 29 framförda
1522 2009 174 39 yrkandet
1719 2010 49 27 att

269 2063 57 31 det
356 2064 54 30 för
439 2063 220 30 sistnämnda
688 2063 164 29 ändamål
882 2062 150 29 avsedda
1060 2061 159 39 beloppet
1251 2060 89 30 skall
1368 2060 189 38 begränsas
1587 2059 51 29 till
1667 2058 100 38 högst

271 2113 94 31 1600
381 2114 62 30 000
464 2113 161 29 kronor.»

313 2163 74 31 dels
410 2164 57 29 det
489 2164 119 39 stycke
630 2164 11 28 i
663 2163 188 29 utskottets
875 2162 189 35 utlåtande,
1089 2171 75 20 som
1186 2162 19 29 å
1227 2171 24 20 s.
1277 2161 60 30 100
1360 2160 119 39 börjar
1502 2159 78 30 med
1603 2159 108 30 orden
1734 2159 34 28 >1

269 2213 240 30 inotionerna»
531 2215 65 28 och
617 2222 75 21 som
696 2206 23 50 å
752 2223 25 20 s.
802 2214 58 28 101
884 2213 110 28 slutar
1014 2212 80 29 med
1113 2212 107 28 orden
1243 2212 106 28 »utan
1369 2210 132 34 bifall»,
1522 2210 77 29 bort
1619 2210 149 29 ersättas

269 2264 80 29 med
371 2266 70 27 text
460 2273 41 20 av
522 2263 157 40 följande
699 2263 148 40 lydelse:

315 2315 35 29 »I
377 2314 220 29 motionerna
624 2314 108 30 I:504
758 2314 66 29 och
852 2314 45 29 II:
914 2314 61 29 602
1003 2313 64 29 har
1093 2312 132 39 yrkats,
1252 2314 50 27 att
1330 2311 56 30 det
1414 2310 286 40 kapitaltillskott
1728 2318 41 20 av

269 2363 19 29 8
302 2363 64 30 000
381 2364 63 30 000
467 2364 130 29 kronor
620 2364 52 29 till
695 2364 67 29 den
786 2363 113 30 under
922 2362 310 40 kapitalbudgeten
1253 2363 180 38 upptagna
1455 2360 214 40 jordfonden
1694 2368 75 21 som

268 2413 127 39 Kungl.
421 2413 105 40 Maj:t
548 2413 180 40 föreslagit
750 2413 92 30 skall
866 2413 188 39 begränsas
1079 2412 53 30 till
1156 2413 17 29 5
1189 2412 62 31 000
1267 2412 63 29 000
1354 2412 140 29 kronor.
1520 2411 176 30 Utskottet
1721 2410 49 28 bi-

269 2463 119 30 träder
408 2464 279 30 motionärernas
710 2463 189 39 yrkande.»
