1870 2790
285 160 19 29 4
591 160 390 31 Jordbruksutskottets
1005 161 180 31 utlåtande
1209 171 43 21 nr
1274 164 42 29 30
1339 164 39 29 år
1402 164 84 29 1959

291 242 129 40 förslag
440 252 57 20 om
519 244 204 39 avveckling
744 254 41 20 av
805 244 434 40 avdikningslånefonden,
1261 249 91 27 samt
1373 249 49 28 att
1443 248 188 39 riksdagen
1652 249 108 30 måtte
1781 249 11 29 i

292 292 165 30 skrivelse
482 293 50 29 till
555 294 126 39 Kungl.
704 294 104 39 Maj:t
830 295 196 35 hemställa,
1049 295 72 30 dels
1144 298 51 28 att
1217 297 126 39 Kungl.
1366 298 104 39 Maj:t
1491 298 109 30 måtte
1623 299 51 29 till
1697 299 95 30 höst-

289 342 186 40 riksdagen
497 342 195 41 framlägga
713 344 129 40 förslag
864 345 51 29 till
939 346 232 39 upphävande
1195 356 42 20 av
1257 347 362 41 jordförvärvslagens
1641 349 150 30 bestäm-

290 393 124 29 melser
437 393 11 29 i
472 393 99 39 fråga
594 403 57 20 om
674 394 252 39 jordbrukares
950 397 69 28 rätt
1043 398 49 28 att
1116 397 131 39 inköpa
1271 397 80 40 jord
1375 398 54 30 för
1453 399 271 40 komplettering
1749 409 42 20 av

290 443 406 39 brukningsenheternas
724 446 103 33 areal,
854 445 74 30 dels
956 448 50 28 att
1034 447 125 39 Kungl.
1189 448 105 38 Maj:t
1321 448 107 30 måtte
1456 449 190 30 verkställa
1674 450 117 29 utred-

292 493 83 39 ning
406 494 179 39 angående
613 495 227 38 jordbrukets
870 496 304 40 kapitalproblem,
1205 497 73 30 dels
1312 500 50 28 att
1392 499 125 39 Kungl.
1548 500 106 39 Maj:t
1683 500 108 30 måtte

289 543 193 40 framlägga
502 544 131 40 förslag
654 545 51 30 till
726 546 179 30 ordnande
927 555 123 31 genom
1071 547 449 41 hushållningssällskapen
1542 559 41 21 av
1603 550 187 30 driftseko-

290 594 138 29 nomisk
453 594 222 40 rådgivning;

333 644 35 35 6)
394 645 28 29 1:
439 645 62 29 502
522 655 42 19 av
582 646 81 29 herr
682 647 151 29 Jonsson
853 656 46 21 m.
919 647 39 39 fl.
981 648 63 29 och
1066 648 45 29 II:
1128 648 61 30 605
1213 658 41 20 av
1273 649 81 29 herr
1375 650 151 29 Jonsson
1548 650 11 30 i
1580 651 209 30 Strömsund

289 703 44 20 m.
356 694 49 39 fl.,
429 695 11 28 i
462 695 94 30 vilka
579 696 224 39 likalydande
826 697 173 30 motioner
1021 698 208 35 hemställts,
1254 701 49 28 att
1326 700 187 39 riksdagen
1536 701 109 32 måtte
1667 701 11 29 i
1703 701 87 30 skri-

289 744 90 30 velse
395 745 51 30 till
462 746 125 39 Kungl.
605 747 106 38 Maj:t
727 747 139 30 anhålla
883 757 57 20 om
957 748 130 39 förslag
1104 749 52 29 till
1175 749 82 29 1960
1275 750 57 29 års
1348 750 141 39 riksdag
1505 760 56 20 om
1579 751 109 30 sådan
1706 752 84 29 änd-

290 795 75 39 ring
383 795 10 29 i
411 795 98 40 lagen
529 796 66 30 den
617 796 38 29 18
673 797 79 39 juni
773 797 81 31 1925
874 806 77 31 ang.
972 798 126 30 förbud
1117 799 10 29 i
1145 799 94 30 vissa
1259 800 60 29 fall
1340 800 54 30 för
1413 801 110 39 bolag,
1544 801 161 40 förening
1724 802 65 29 och

290 844 146 31 stiftelse
454 848 50 28 att
521 846 163 30 förvärva
702 847 68 30 fast
789 848 168 38 egendom
975 851 50 27 att
1042 849 56 29 det
1118 849 10 29 i
1145 850 179 29 motionen
1342 851 148 39 angivna
1509 852 106 38 syftet
1633 853 153 38 uppnås;

335 894 34 34 7)
393 895 28 29 1:
439 896 40 30 60
499 906 41 19 av
557 896 81 30 herr
656 897 151 39 Nilsson,
825 898 211 39 Ferdinand,
1055 908 45 20 m.
1118 900 50 39 fl.,
1187 900 224 39 likalydande
1430 902 79 29 med
1528 902 45 29 II:
1590 902 39 29 87
1651 912 41 20 av
1711 903 80 29 herr

293 945 157 39 Vigelsbo
476 956 45 19 m.
547 947 49 39 fl.,
623 947 10 29 i
658 947 95 30 vilka
779 948 172 31 motioner
977 949 208 37 hemställts,
1213 953 49 27 att
1289 951 186 40 riksdagen
1504 952 11 29 i
1543 952 166 30 skrivelse
1737 953 50 29 till

289 996 124 38 Kungl.
438 996 104 39 Maj:t
566 997 109 31 måtte
699 999 81 38 göra
803 998 261 40 framställning
1086 1009 57 20 om
1166 1001 218 39 proposition
1408 1005 116 26 senast
1547 1003 51 29 till
1625 1003 83 29 1960
1732 1003 57 29 års

288 1045 141 41 riksdag
450 1048 168 29 avseende
639 1048 161 39 åtgärder
821 1049 54 30 för
896 1049 246 31 förstärkande
1164 1060 41 20 av
1225 1051 172 39 jordbruk
1418 1053 78 29 med
1518 1053 85 39 skog
1625 1053 11 28 i
1657 1054 132 29 anslut-

290 1096 81 39 ning
392 1096 51 30 till
465 1097 40 29 de
527 1097 188 40 riktlinjer,
736 1108 73 20 som
829 1099 135 31 berörts
984 1100 11 29 i
1015 1100 235 37 motionerna;

331 1148 35 32 3)
398 1147 86 29 1:66
512 1157 40 20 av
578 1148 81 29 herr
684 1150 174 38 Bengtson
887 1159 47 21 m.
960 1150 38 39 fl.
1026 1151 63 28 och
1117 1152 44 29 II:
1179 1151 41 30 88
1248 1161 41 20 av
1315 1152 80 29 herr
1421 1154 163 28 Hansson
1610 1153 11 29 i
1649 1154 140 39 Skegrie

288 1206 44 20 m.
349 1197 48 39 fl.,
415 1198 11 29 i
443 1198 93 30 vilka
552 1199 225 39 likalydande
794 1200 172 30 motioner
982 1201 207 35 hemställts,
1208 1204 50 28 att
1275 1202 187 40 riksdagen
1478 1203 108 30 måtte
1603 1203 187 31 hemställa

289 1247 61 30 hos
378 1248 125 40 Kungl.
530 1249 105 39 Maj:t
661 1251 51 28 att
738 1250 252 39 skyndsamma
1016 1251 160 40 åtgärder
1202 1252 157 39 vidtages
1386 1253 54 30 för
1467 1256 50 27 att
1543 1254 246 30 åstadkomma

287 1297 108 39 regler
414 1297 55 30 för
487 1308 42 20 en
548 1299 241 40 prissättning,
810 1310 74 20 som
904 1301 186 39 möjliggör
1110 1302 79 39 byte
1209 1303 64 28 och
1296 1302 211 42 försäljning
1526 1314 42 20 av
1587 1304 200 40 kronoskog

288 1347 53 30 för
361 1348 227 39 jordbrukets
611 1352 91 37 yttre
724 1351 281 40 rationalisering
1027 1352 115 29 såsom
1165 1352 206 30 förutsattes
1393 1354 11 28 i
1428 1354 81 29 1947
1533 1354 57 30 års
1612 1355 177 39 riksdags-

289 1397 127 37 beslut;

331 1448 35 34 9)
398 1450 28 28 I:
453 1449 62 30 354
540 1460 42 19 av
606 1450 81 30 herr
710 1452 172 30 Jonasson
909 1461 46 20 m.
979 1452 38 39 fl.
1042 1452 65 29 och
1134 1454 45 28 11:
1196 1453 63 30 435
1285 1463 42 20 av
1350 1454 81 29 herr
1454 1454 189 39 Börjesson
1667 1464 45 21 m.
1736 1455 50 39 fl.,

287 1498 233 41 likalydande,
544 1501 9 28 i
577 1501 95 29 vilka
695 1502 171 29 motioner
891 1502 207 37 hemställts,
1124 1506 50 27 att
1199 1504 187 39 riksdagen
1410 1505 107 30 måtte
1541 1505 137 30 besluta
1703 1509 49 27 att
1776 1506 11 29 i

287 1549 165 30 skrivelse
470 1551 51 29 till
539 1552 126 38 Kungl.
685 1552 104 39 Maj:t
807 1552 73 30 dels
898 1553 121 34 uttala,
1038 1555 48 27 att
1105 1554 270 30 domänverkets
1392 1555 107 39 inköp
1518 1565 41 20 av
1579 1556 208 39 skogsmark

287 1599 54 31 för
363 1600 325 31 markfondsmedel
713 1602 107 29 måtte
845 1603 189 39 begränsas
1060 1604 50 29 till
1137 1606 49 27 att
1217 1605 5 29 i
1247 1605 187 29 huvudsak
1459 1615 79 20 avse
1563 1607 225 29 omarronde-

286 1649 116 40 ringar
427 1652 79 29 med
532 1651 90 39 syfte
648 1654 51 27 att
724 1653 243 31 rationalisera
991 1654 116 29 lokala
1133 1654 387 40 förvaltningsenheter,
1546 1656 73 30 dels
1646 1657 141 29 anhålla

288 1709 54 20 om
360 1701 171 40 prövning
546 1702 179 39 angående
742 1703 107 29 sådan
866 1703 149 41 ändring
1030 1713 41 20 av
1085 1705 160 38 gällande
1262 1705 261 31 bestämmelser
1537 1726 44 2 —
1597 1708 73 30 SFS
1688 1708 98 29 1945:

289 1750 60 30 262
371 1769 45 2 —
437 1753 50 28 att
510 1752 41 29 de
575 1752 175 36 ändamål,
774 1753 54 29 för
850 1753 94 31 vilka
967 1754 323 31 markfondsmedel
1314 1755 58 30 må
1393 1758 98 37 tagas
1513 1756 11 29 i
1547 1758 164 38 anspråk,
1736 1760 53 27 ut-

287 1801 83 29 ökas
391 1803 49 28 att
459 1801 142 39 jämväl,
621 1802 65 29 och
706 1803 79 29 med
805 1812 136 21 samma
959 1804 367 40 angelägenhetsgrad,
1347 1806 173 30 innefatta
1541 1807 246 30 förstärkande

287 1860 40 20 av
353 1851 268 31 domänverkets
647 1853 275 39 rörelsekapital,
949 1856 91 27 samt
1066 1854 140 30 förvärv
1232 1855 54 30 för
1312 1856 268 31 domänverkets
1608 1857 111 30 behov
1746 1868 41 19 av

287 1910 115 21 annan
426 1901 164 40 fastighet
614 1903 44 28 än
682 1903 290 39 skogsegendom;

332 1951 54 34 10)
409 1952 28 29 I:
457 1952 60 30 182
535 1962 41 20 av
592 1952 81 30 herr
689 1953 156 30 Franzén
862 1962 45 21 m.
925 1954 38 39 fl.
981 1954 64 30 och
1064 1955 44 29 II:
1126 1955 61 29 227
1207 1965 42 20 av
1266 1956 80 29 herr
1364 1956 153 30 Grebäck
1534 1967 46 19 m.
1597 1958 49 39 fl.,
1664 1959 11 29 i
1692 1959 94 29 vilka

283 2002 223 39 likalydande
528 2003 173 29 motioner
723 2003 206 37 hemställts,
954 2007 50 27 att
1025 2004 188 40 riksdagen
1235 2006 109 30 måtte
1365 2007 10 28 i
1398 2007 165 30 skrivelse
1585 2008 53 31 till
1660 2009 126 39 Kungl.

284 2052 102 39 Maj:t
412 2052 141 30 anhålla
575 2062 56 20 om
656 2053 130 40 förslag
810 2054 51 29 till
884 2055 135 29 ändrad
1042 2055 129 39 lydelse
1196 2066 42 19 av
1261 2057 232 39 kungörelsen
1518 2059 178 39 angående
1720 2059 67 30 den

287 2102 135 38 statliga
447 2103 648 38 jordbruksegnahemsverksamheten
1124 2106 37 29 så
1190 2108 50 28 att
1271 2116 25 20 s.
1325 2107 33 29 k.
1387 2107 165 31 driftslån
1579 2109 58 29 må
1664 2110 121 29 kunna

286 2154 144 39 beviljas
452 2155 78 29 med
552 2155 102 39 högst
676 2155 206 39 tjugutusen
903 2156 131 30 kronor
1055 2157 65 29 och
1143 2158 328 40 amorteringstiden
1495 2159 53 29 för
1572 2160 131 30 sådana
1725 2161 58 29 lån

288 2203 211 30 bestämmas
517 2204 50 29 till
584 2205 103 38 högst
704 2205 133 30 femton
854 2206 53 35 år;

330 2254 55 33 11)
410 2255 28 29 I:
455 2254 62 30 344
535 2264 42 20 av
595 2255 81 29 herr
694 2255 145 30 Pålsson
858 2265 46 20 m.
923 2256 49 39 fl.,
992 2256 224 40 likalydande
1234 2258 79 29 med
1333 2259 44 29 II:
1394 2259 62 30 232
1476 2269 41 19 av
1535 2260 80 29 herr
1633 2261 152 29 Larsson

285 2304 10 29 i
319 2304 180 31 Norderön
523 2314 44 20 m.
593 2305 49 39 fl.,
669 2305 11 29 i
703 2305 94 30 vilka
821 2306 173 30 motioner
1019 2307 208 35 hemställts,
1253 2310 49 28 att
1328 2308 186 41 riksdagen
1539 2310 109 30 måtte
1673 2312 111 29 uttala

286 2356 49 28 att
358 2354 122 40 bidrag
506 2364 41 20 ur
573 2356 138 29 Statens
737 2356 459 41 skogsförbättringsanslag
1220 2358 12 29 i
1258 2358 110 30 första
1393 2359 94 30 hand
1512 2360 88 29 skall
1626 2362 82 38 utgå
1733 2362 51 29 till

284 2404 162 40 åtgärder
469 2414 74 21 som
566 2414 99 21 avser
689 2406 223 39 skogsodling
935 2407 44 39 på
1001 2407 171 39 hagmark
1197 2408 65 30 och
1285 2418 116 20 annan
1424 2410 143 29 därmed
1589 2411 197 38 jämförbar

284 2455 99 29 mark
404 2455 64 29 och
490 2455 88 30 först
600 2455 10 29 i
633 2456 112 30 andra
764 2456 93 30 hand
880 2457 52 29 till
955 2457 304 40 skogsplantering
1280 2459 44 39 på
1346 2459 178 40 åkerjord;
