1870 2792
290 156 19 30 6
596 157 388 32 Jordbruksutskottets
1009 159 179 31 utlåtande
1211 169 44 21 nr
1276 161 43 30 30
1342 162 39 29 år
1406 162 84 30 1959

341 239 55 35 18)
420 240 29 29 1:
465 240 40 30 92
526 250 42 19 av
587 241 80 29 herr
685 241 185 30 Eskilsson
889 251 46 23 m.
953 242 39 39 fl.
1012 243 65 29 och
1098 245 44 29 II:
1161 244 60 29 130
1243 254 42 20 av
1304 245 81 29 herr
1406 245 150 30 Östlund
1574 255 46 21 m.
1639 246 49 40 fl.,
1709 247 86 30 lika-

293 289 159 39 lydande,
472 290 11 29 i
501 290 96 30 vilka
615 291 171 30 motioner
805 292 208 35 hemställts,
1032 295 51 28 att
1102 294 187 39 riksdagen
1310 295 80 30 ville
1410 296 96 29 avslå
1525 297 126 39 Kungl.
1671 297 123 39 Maj:ts

294 340 130 40 förslag
441 343 49 27 att
508 341 121 30 anvisa
645 344 47 28 ett
708 342 357 41 reservationsanslag
1081 344 20 29 å
1118 344 40 30 20
1172 344 62 30 000
1252 345 131 30 kronor
1399 345 52 30 till
1468 346 327 31 Lantbruksnämn-

293 390 123 31 derna:
437 391 350 40 Utbildningskurser
805 392 55 30 för
877 393 69 31 viss
966 395 176 38 personal;

340 441 55 33 19)
420 442 28 29 I:
465 442 37 29 91
527 451 42 20 av
588 442 80 29 herr
687 442 184 30 Eskilsson
891 444 64 29 och
975 443 81 30 herr
1075 444 150 36 Nilsson,
1249 446 125 39 Yngve,
1398 448 90 28 samt
1508 447 45 29 II:
1572 447 60 29 125
1653 457 41 20 av
1714 447 81 30 herr

291 491 213 39 Heggblom,
522 492 11 29 i
551 492 94 30 vilka
663 492 225 40 likalydande
908 494 172 30 motioner
1097 495 208 35 hemställts,
1325 498 50 28 att
1393 496 186 40 riksdagen
1598 497 51 30 till
1667 497 128 40 Bidrag

292 541 52 30 till
367 541 227 40 jordbrukets
619 543 280 40 rationalisering
923 544 55 30 för
1001 544 204 40 budgetåret
1231 546 150 37 1959/60
1407 547 140 29 anvisar
1570 549 48 57 ett
1642 557 153 20 reserva-

292 592 216 40 tionsanslag
528 602 42 20 av
588 593 18 30 8
620 593 62 30 000
697 593 62 30 000
779 594 144 35 kronor;

337 643 57 33 20)
421 644 28 29 1:
465 643 63 31 338
549 653 42 20 av
609 644 79 29 herr
706 644 213 37 Andersson,
938 645 86 29 Axel
1040 646 182 36 Emanuel,
1242 646 65 29 och
1326 646 80 30 herr
1423 648 163 36 Jonsson,
1605 648 75 30 vari
1698 648 97 30 hem-

292 694 124 33 ställts,
436 696 49 27 att
504 693 187 40 riksdagen
711 694 109 30 måtte
840 695 135 30 besluta
995 697 49 30 att
1064 695 55 30 för
1138 696 205 39 budgetåret
1365 697 149 36 1959/60
1536 698 111 29 under
1666 698 128 30 nionde

291 743 232 35 huvudtiteln,
546 745 157 38 punkten
727 745 127 39 Bidrag
876 745 52 30 till
950 746 190 29 kostnader
1161 746 10 29 i
1196 747 170 29 samband
1388 747 79 30 med
1489 748 216 30 lantmäteri-
1729 749 65 29 och

290 794 322 40 vägförrättningar
627 804 45 20 m.
689 804 57 25 m.,
764 796 121 29 anvisa
900 795 200 41 ytterligare
1117 797 40 29 20
1172 796 62 30 000
1251 797 131 29 kronor
1399 797 114 30 såsom
1530 798 128 39 Bidrag
1674 798 52 30 till
1744 808 50 20 er-

292 845 154 39 sättning
466 845 34 30 åt
519 845 94 30 vissa
632 845 316 40 förrättningsmän
967 846 107 39 enligt
1093 847 100 39 lagen
1213 856 56 20 om
1290 847 160 30 enskilda
1468 849 117 38 vägar,
1604 848 94 30 vilka
1717 848 77 30 icke

293 896 38 28 är
353 895 252 39 pensionerade
628 896 220 36 lantmätare,
872 897 65 29 och
960 898 50 28 att
1034 897 238 39 ersättningen
1297 898 89 29 skall
1410 898 84 39 utgå
1517 898 79 29 med
1622 898 39 30 15
1690 898 32 34 9
1750 908 43 20 av

291 945 67 29 den
383 945 194 40 ersättning
600 965 44 3 —
666 946 147 31 bortsett
838 946 78 30 från
941 956 26 20 s.
991 947 33 29 k.
1049 947 204 40 förskjutna
1276 948 191 30 kostnader
1489 967 45 3 —
1558 958 74 20 som
1656 949 138 39 vägför-

291 995 260 40 rättningsman
579 996 64 30 har
672 999 49 27 att
750 996 108 40 enligt
886 997 539 40 vägförrättningsmannataxan
1456 998 159 40 uppbära
1645 1008 41 20 av
1716 999 77 30 sak-

290 1047 117 38 ägare;

336 1097 57 33 21)
416 1098 28 29 I:
461 1098 40 30 63
519 1106 42 20 av
579 1097 79 30 herr
675 1098 239 29 Hermansson
932 1107 46 20 m.
994 1098 50 39 fl.,
1062 1097 224 41 likalydande
1306 1098 80 30 med
1403 1099 45 30 11:
1464 1099 41 30 89
1524 1108 42 20 av
1583 1099 81 30 herr
1680 1100 113 29 Hans-

290 1156 63 20 son
374 1147 10 29 i
403 1148 139 38 Skegrie
561 1157 46 20 m.
625 1147 49 40 fl.,
693 1148 11 29 i
722 1147 97 32 vilka
836 1148 171 30 motioner
1026 1148 208 35 hemställts,
1254 1151 50 28 att
1323 1149 187 39 riksdagen
1529 1149 109 31 måtte
1656 1149 138 30 besluta

289 1198 74 29 dels
385 1200 48 27 att
453 1198 256 39 lånegarantier
730 1198 170 30 avseende
921 1199 131 39 statligt
1074 1199 77 30 stöd
1172 1199 51 30 till
1244 1199 376 39 trädgårdsnäringens
1641 1199 152 30 rationa-

290 1248 142 39 lisering
451 1248 58 30 må
528 1248 145 40 beviljas
695 1248 134 40 företag
848 1251 132 28 oavsett
1001 1248 311 40 storleksordning,
1332 1249 73 30 dels
1425 1250 65 29 ock
1512 1252 50 28 att
1582 1249 63 31 hos
1666 1250 126 39 Kungl.

289 1299 106 39 Maj:t
418 1299 186 30 hemställa
624 1309 55 20 om
700 1299 123 30 härför
845 1299 203 40 erforderlig
1070 1299 149 40 ändring
1239 1299 11 30 i
1272 1300 159 39 gällande
1452 1300 224 39 kungörelse;
1702 1302 91 28 samt

334 1349 57 34 22)
420 1349 85 30 1:64
528 1359 42 20 av
591 1349 80 30 herr
691 1350 162 35 Persson,
875 1349 124 40 Johan,
1021 1359 46 20 m.
1089 1349 38 40 fl.
1150 1350 64 30 och
1237 1350 45 30 II:
1299 1350 40 29 90
1362 1359 41 20 av
1425 1350 121 30 herrar
1567 1349 136 30 Åhman
1727 1350 65 30 och

287 1399 141 30 Nilsson
450 1400 11 29 i
482 1400 195 34 Lönsboda,
700 1400 235 40 likalydande,
957 1400 11 29 i
988 1400 94 30 vilka
1104 1400 172 30 motioner
1300 1400 208 35 hemställts,
1532 1402 50 28 att
1604 1400 188 40 riksdagen

288 1450 108 30 måtte
419 1450 137 30 besluta
580 1450 72 30 dels
677 1452 49 29 att
751 1450 110 30 sådan
886 1450 147 40 ändring
1056 1450 156 40 vidtages
1236 1450 11 29 i
1271 1451 234 38 kungörelsen
1532 1450 98 30 1954:
1647 1451 58 29 311
1735 1460 56 20 om

289 1500 117 39 statlig
425 1501 136 39 garanti
581 1501 54 30 för
653 1501 57 29 lån
729 1501 55 30 för
805 1501 220 39 uppförande
1046 1510 42 20 av
1105 1501 162 39 lagerhus
1287 1510 46 20 m.
1352 1510 45 21 m.
1418 1501 55 29 för
1490 1501 302 39 jordbruksända-

288 1551 81 34 mål,
390 1553 49 28 att
459 1552 56 29 det
534 1551 67 29 blir
619 1551 137 40 möjligt
776 1554 51 27 att
845 1551 129 39 bevilja
991 1551 217 39 lånegaranti
1227 1552 87 29 även
1334 1551 54 30 för
1407 1551 160 39 byggnad
1588 1551 128 30 avsedd
1736 1550 56 31 för

287 1601 307 40 partiförsäljning
617 1611 41 20 av
681 1601 98 31 frukt
803 1602 65 29 och
891 1602 200 38 grönsaker,
1115 1601 72 30 dels
1211 1601 65 29 ock
1300 1603 50 29 att
1375 1601 108 30 sådan
1508 1601 149 39 ändring
1681 1601 111 29 vidta-

287 1659 58 31 ges
370 1652 11 28 i
405 1652 233 39 kungörelsen
666 1652 98 30 1955:
782 1652 63 30 354
871 1652 177 39 angående
1076 1651 132 40 statligt
1234 1652 77 29 stöd
1337 1651 52 30 till
1414 1651 377 40 trädgårdsnäringens

287 1702 292 40 rationalisering,
609 1705 49 28 att
686 1702 218 40 lånegaranti
931 1702 58 30 må
1016 1702 147 40 beviljas
1191 1701 322 40 trädgårdsföretag
1542 1703 133 28 oavsett
1705 1703 86 28 stor-

286 1752 237 39 leksordning.

333 1854 227 30 Beträffande
582 1855 57 29 det
661 1856 161 28 närmare
845 1854 190 29 innehållet
1057 1855 7 28 i
1090 1854 231 29 förenämnda
1343 1853 172 29 motioner
1538 1852 54 30 får
1615 1853 171 29 utskottet

286 1904 148 30 hänvisa
457 1905 51 29 till
532 1905 220 29 motionerna
775 1905 45 29 II:
837 1904 73 34 604,
935 1905 44 28 II:
996 1904 74 35 602,
1095 1905 28 29 I:
1140 1904 73 33 503,
1237 1904 45 29 II:
1299 1904 74 34 615,
1398 1903 44 29 II:
1458 1903 70 34 600,
1553 1903 28 29 I:
1597 1903 70 34 502,
1691 1903 28 29 I:
1735 1902 50 34 60,

287 1955 46 29 II:
349 1954 48 34 88,
418 1955 44 29 II:
478 1955 70 34 435,
569 1955 45 29 II:
631 1955 73 33 227,
724 1955 45 29 II:
787 1954 73 34 232,
882 1955 44 29 II:
942 1954 74 34 404,
1038 1955 44 28 II:
1102 1954 71 32 127,
1195 1954 44 29 II:
1254 1954 70 34 603,
1346 1954 44 29 If:
1407 1953 68 35 225,
1498 1954 44 28 II:
1557 1953 70 39 601,
1649 1954 44 29 II:
1710 1953 74 34 405,

286 2005 46 29 II:
352 2005 71 33 130,
443 2006 45 28 II:
507 2006 71 32 125,
600 2006 28 28 I:
644 2005 73 33 338,
737 2006 45 28 II:
798 2004 41 30 89
860 2007 90 28 samt
970 2005 44 29 II:
1031 2004 51 30 90.

332 2054 87 30 Över
440 2056 220 29 motionerna
681 2056 29 29 I:
726 2055 41 29 66
790 2055 66 30 och
877 2056 44 29 II:
938 2055 41 29 88
1000 2055 64 30 har
1085 2055 188 39 yttranden
1295 2054 146 40 avgivits
1463 2064 42 21 av
1526 2054 260 39 lantbrukssty-

286 2106 114 29 relsen
424 2106 65 29 och
512 2106 314 39 domänstyrelsen.
851 2106 126 29 Vidare
1000 2106 64 28 har
1088 2106 80 29 över
1192 2105 220 30 motionerna
1437 2106 28 29 I:
1484 2104 60 31 179
1570 2105 65 30 och
1660 2106 44 28 II:
1721 2104 62 30 225

286 2156 206 30 utlåtanden
518 2156 146 39 avgivits
690 2166 41 20 av
757 2156 374 39 lantmäteristyrelsen
1157 2156 65 29 och
1248 2156 370 39 lantbruksstyrelsen.
1645 2156 140 29 Yttran-

286 2207 67 29 den
377 2206 63 29 har
463 2206 188 30 härutöver
676 2207 193 29 inhämtats
894 2206 79 30 från
997 2207 302 39 domänstyrelsen
1324 2207 65 29 och
1413 2207 372 38 riksräkenskapsver-

286 2257 59 29 ket
364 2257 10 29 i
394 2256 98 40 fråga
511 2266 57 20 om
588 2257 219 30 motionerna
828 2258 28 29 I:
873 2256 62 30 354
955 2257 65 30 och
1040 2258 45 29 II:
1101 2256 73 31 435.
