1864 2790
264 161 40 30 86
569 161 389 30 Jordbruksutskottets
982 161 179 31 utlåtande
1184 171 43 21 nr
1249 163 42 30 30
1314 162 39 29 år
1378 163 84 29 1959

269 244 228 37 Skogsodling
516 246 42 35 på
576 246 114 29 sämre
707 245 289 37 jordbruksmark

312 310 322 39 Riksdagsbeslutet
657 311 39 30 år
724 311 80 30 1947
829 321 57 19 om
908 312 225 39 riktlinjerna
1156 313 55 29 för
1233 312 66 29 den
1323 312 166 30 framtida
1512 313 253 39 jordbrukspo-

269 361 121 30 litiken
413 361 155 31 innehöll
593 364 48 27 ett
666 362 180 30 uttalande
870 371 57 20 om
952 364 49 28 att
1026 363 56 28 det
1105 362 72 30 inte
1202 362 105 30 borde
1332 363 117 39 läggas
1474 363 124 30 hinder
1621 363 11 29 i
1655 365 109 37 vägen

268 412 53 30 för
345 421 42 20 en
411 412 109 30 sådan
544 413 199 39 utveckling
767 423 40 19 av
830 413 217 39 jordbruket,
1073 422 75 20 som
1172 414 146 28 innebär
1342 423 42 19 en
1410 414 214 39 anpassning
1649 414 52 29 till
1728 414 40 29 de

268 461 152 30 rådande
440 462 256 39 betingelserna
719 462 54 30 för
794 462 169 39 näringen
983 464 86 28 även
1088 472 58 20 om
1166 463 115 29 denna
1301 464 215 38 anpassning
1538 464 112 29 skulle
1672 464 94 29 med-

268 512 75 30 föra
362 522 42 21 en
423 513 203 39 minskning
645 523 41 19 av
704 513 231 39 jordarealen.
957 515 124 29 Senare
1101 515 115 28 anslöt
1237 514 49 38 sig
1308 514 82 30 1955
1411 514 56 29 års
1488 514 141 39 riksdag
1649 515 51 28 till
1720 517 48 27 ett

266 562 162 38 yttrande
448 572 42 20 av
510 562 253 40 föredragande
784 563 385 39 departementschefen
1189 566 10 28 i
1220 564 263 39 propositionen
1506 564 178 30 1955:198
1706 574 59 19 an-

267 612 130 38 gående
423 612 223 40 principerna
673 613 55 29 för
754 613 275 39 prissättningen
1054 614 45 39 på
1124 613 228 39 jordbrukets
1381 614 193 39 produkter
1600 624 43 19 av
1668 615 98 28 inne-

267 662 84 30 börd
374 664 49 28 att
445 673 42 19 en
507 663 440 40 produktionsminskning
969 664 125 29 främst
1117 664 106 29 borde
1245 664 264 29 åstadkommas
1532 665 45 38 på
1599 666 67 28 sätt
1690 674 75 20 som

270 713 80 29 1947
380 713 57 29 års
466 714 141 39 riksdag
636 714 147 33 anvisat,
811 714 121 29 varvid
959 714 104 30 bland
1092 717 108 27 annat
1229 715 270 38 möjligheterna
1527 716 49 28 att
1604 714 161 30 överföra

268 764 112 28 sämre
402 763 296 38 jordbruksmark
721 764 51 29 till
799 764 207 39 skogsmark
1029 764 105 30 borde
1158 766 107 37 ägnas
1289 765 324 38 uppmärksamhet.

313 814 11 28 I
350 814 56 29 det
432 824 42 19 av
500 814 170 30 utskottet
695 814 146 39 tidigare
867 814 115 30 denna
1007 814 65 40 dag
1095 815 192 39 tillstyrkta
1314 816 166 37 systemet
1505 815 148 29 rörande
1679 815 87 39 pris-

268 863 199 39 sättningen
489 865 44 39 på
553 864 388 40 jordbruksprodukter
963 865 54 29 för
1039 865 95 29 tiden
1158 865 66 29 den
1250 866 14 28 1
1291 865 195 39 september
1512 865 168 29 1959—31
1707 874 59 20 au-

267 915 91 38 gusti
386 916 82 29 1965
496 916 190 39 inrymmes
712 916 71 29 inte
810 916 113 38 någon
949 917 89 38 regel
1067 925 74 20 som
1167 916 70 29 kan
1265 916 216 29 tillförsäkra
1507 915 261 39 jordbrukarna

270 965 109 38 skydd
414 967 72 27 mot
518 966 40 29 de
591 965 289 39 återverkningar
912 966 44 39 på
988 965 372 30 inkomststandarden
1397 975 75 20 som
1505 965 103 39 följer
1642 975 41 19 av
1716 966 50 28 in-

267 1015 123 29 hemsk
422 1015 298 39 överproduktion
752 1016 43 39 på
825 1015 305 40 jordbruksvaror.
1163 1016 143 29 Liksom
1339 1015 54 30 för
1424 1016 219 29 närvarande
1675 1016 90 29 skall

267 1065 85 29 även
372 1065 111 29 under
502 1066 66 29 den
586 1075 68 30 nya
673 1066 417 39 prissättningsperioden
1110 1066 91 39 gälla
1222 1068 49 28 att
1290 1066 365 39 jordbruksnäringen
1675 1065 91 40 själv

266 1116 63 29 har
352 1118 49 27 att
424 1116 84 30 bära
532 1117 285 39 uppkommande
841 1116 299 40 exportförluster.
1165 1118 13 28 I
1202 1116 230 29 betraktande
1456 1117 108 29 härav
1588 1125 103 20 anser
1716 1118 52 27 ut-

267 1166 127 29 skottet
414 1167 10 28 i
443 1167 108 29 likhet
571 1167 78 29 med
668 1167 386 39 departementschefen
1073 1169 50 27 att
1144 1169 113 27 staten
1276 1167 62 29 bör
1357 1167 187 29 medverka
1564 1167 51 29 till
1636 1176 41 19 en
1697 1167 71 28 viss

266 1217 213 39 krympning
495 1226 42 20 av
552 1217 136 29 landets
704 1217 295 39 jordbruksmark
1016 1226 123 30 genom
1158 1217 224 39 skogsodling
1399 1217 44 39 på
1460 1217 95 39 dylik
1574 1217 100 29 mark
1693 1226 74 20 som

266 1268 37 28 är
322 1276 41 20 av
383 1268 114 28 sämre
515 1267 256 31 beskaffenhet.
792 1268 47 30 På
857 1268 176 38 åtskilliga
1053 1268 205 38 fastigheter
1278 1268 63 28 har
1362 1269 113 28 sämre
1495 1267 273 39 jordbruksjord

269 1316 106 29 redan
396 1316 132 39 dragits
549 1326 41 20 ur
611 1317 260 39 produktionen
893 1319 86 28 utan
1000 1319 50 28 att
1071 1318 45 29 ha
1137 1318 127 29 insatts
1287 1317 10 29 i
1321 1317 376 39 skogsproduktionen.
1720 1317 48 29 På

269 1366 108 30 andra
402 1366 72 30 håll
498 1366 184 40 föreligger
707 1370 76 27 rent
811 1367 385 39 företagsekonomiska
1221 1368 108 29 motiv
1354 1367 54 29 för
1433 1370 49 27 att
1508 1367 259 39 produktionen

269 1416 190 39 omgående
487 1417 81 29 eller
596 1418 9 29 i
632 1417 99 39 varje
759 1417 60 30 fall
847 1418 10 29 i
885 1427 42 20 en
954 1417 226 39 närliggande
1208 1417 144 30 framtid
1380 1418 184 38 nedlägges
1592 1417 44 39 på
1663 1418 104 32 vissa,

271 1467 131 30 kanske
431 1467 79 30 från
538 1467 358 40 brukningscentrum
924 1477 96 20 mera
1046 1468 152 39 avlägset
1226 1468 145 39 belägna
1399 1468 130 39 jordar.
1557 1468 117 38 Enligt
1701 1467 66 29 vad

270 1526 73 20 som
364 1517 156 39 framgår
542 1528 41 19 av
603 1519 10 28 i
637 1518 265 39 propositionen
923 1518 177 39 återgivna
1122 1517 180 40 uppgifter
1323 1519 38 28 är
1383 1518 163 29 intresset
1568 1517 106 30 bland
1696 1518 72 29 lan-

270 1566 73 31 dets
363 1567 185 39 jordägare
570 1568 54 29 för
645 1568 226 39 skogsodling
892 1569 45 39 på
958 1570 112 28 sämre
1091 1568 296 39 jordbruksmark
1409 1568 137 29 relativt
1569 1569 97 28 stort.

312 1619 102 28 Emot
445 1618 107 30 sådan
583 1619 234 38 skogsodling,
849 1628 74 20 som
953 1628 82 29 nyss
1064 1619 145 34 berörts,
1240 1619 168 29 invändes
1439 1618 166 29 stundom
1634 1620 50 27 att
1714 1618 57 29 det

271 1677 39 19 ur
339 1668 398 39 beredskapssynpunkt
767 1669 112 29 skulle
908 1678 83 20 vara
1023 1668 215 39 nödvändigt
1268 1671 49 26 att
1347 1668 94 29 hålla
1470 1668 176 40 praktiskt
1676 1670 92 37 taget

269 1717 76 30 hela
368 1718 66 29 den
457 1718 203 30 nuvarande
682 1718 226 30 åkerarealen
930 1720 112 38 öppen
1065 1720 87 28 även
1175 1719 10 29 i
1208 1718 283 39 fortsättningen.
1515 1718 65 29 Vid
1603 1728 42 19 en
1668 1727 101 20 even-

269 1768 83 29 tuell
380 1769 231 38 avspärrning
637 1768 68 30 blir
732 1769 56 30 det
816 1768 192 30 emellertid
1035 1769 52 29 till
1114 1768 91 39 följd
1233 1778 42 20 av
1301 1768 67 29 den
1393 1768 270 34 bristsituation,
1693 1777 75 20 som

270 1818 42 30 då
341 1819 78 28 med
449 1819 161 29 säkerhet
641 1819 72 29 kan
742 1819 151 29 förutses
922 1818 221 30 beträffande
1172 1819 73 39 olja
1273 1819 64 28 och
1366 1818 224 34 arbetskraft,
1621 1819 44 29 än
1695 1827 73 20 mer

268 1868 179 39 angeläget
475 1871 44 28 än
545 1869 111 29 under
683 1868 148 31 fredstid
858 1871 49 27 att
934 1869 230 29 koncentrera
1191 1868 41 30 de
1258 1869 141 38 knappa
1424 1877 206 21 resurserna
1654 1868 46 39 på
1725 1868 41 29 de

268 1919 148 33 marker,
444 1919 62 29 där
533 1919 64 29 den
625 1919 101 29 bästa
752 1919 298 39 produktiviteten
1075 1919 70 29 kan
1171 1919 136 33 vinnas,
1336 1919 175 38 nämligen
1538 1918 44 40 på
1609 1918 41 29 de
1679 1918 89 39 goda

268 1968 169 38 jordarna
461 1969 64 29 och
550 1969 42 39 på
619 1969 41 29 de
688 1969 198 38 ägofigurer
912 1978 75 20 som
1013 1968 184 39 möjliggör
1222 1969 208 29 ekonomisk
1456 1968 237 29 maskindrift.
1719 1969 49 28 De

268 2019 112 29 sämre
400 2018 168 39 jordarna
590 2020 65 28 och
677 2019 41 29 de
741 2019 75 30 små
837 2019 260 39 oregelbundna
1118 2019 65 29 och
1205 2019 61 29 illa
1287 2019 147 38 belägna
1455 2020 131 37 ägorna
1607 2018 159 29 kommer

268 2068 43 30 då
338 2069 196 39 säkerligen
561 2071 50 28 att
639 2070 217 29 utmönstras
884 2078 41 20 ur
952 2069 464 39 jordbruksproduktionen.
1446 2069 175 30 Utskottet
1649 2068 118 29 finner

268 2119 118 29 därför
405 2119 72 30 inte
496 2119 154 30 nämnda
670 2120 218 38 invändning
907 2119 163 30 bärande.

311 2169 252 30 Kännedomen
588 2179 57 19 om
673 2171 64 28 när
764 2169 224 40 skogsodling
1013 2170 44 38 på
1082 2169 187 29 åkermark
1297 2169 53 29 får
1377 2169 60 29 ske
1464 2171 84 27 utan
1574 2168 125 30 hinder
1725 2177 42 20 av

269 2219 158 38 gällande
445 2219 264 30 bestämmelser
728 2220 126 29 liksom
871 2229 57 19 om
945 2220 66 29 vad
1030 2229 74 20 som
1123 2221 37 28 är
1179 2219 223 29 ekonomiskt
1421 2219 199 38 försvarligt
1638 2219 10 28 i
1668 2218 99 39 fråga

269 2279 55 20 om
358 2270 110 29 sådan
498 2270 226 39 skogsodling
755 2272 37 28 är
821 2270 73 29 ofta
924 2270 197 39 bristfällig.
1152 2270 48 29 På
1230 2270 112 38 grund
1372 2270 109 28 härav
1510 2269 64 29 och
1605 2269 78 29 med
1715 2270 53 27 ut-

269 2320 223 39 gångspunkt
523 2320 78 30 från
633 2322 50 28 att
713 2320 57 30 det
803 2319 189 40 självfallet
1024 2320 206 29 ankommer
1260 2319 44 39 på
1335 2319 230 39 markägaren
1596 2320 51 28 att
1678 2318 91 39 själv

268 2370 93 29 inom
389 2380 121 19 ramen
538 2370 53 30 för
620 2370 106 39 sagda
753 2370 263 29 bestämmelser
1044 2371 136 37 avgöra,
1209 2379 57 20 om
1293 2370 70 29 han
1393 2369 88 29 skall
1510 2369 185 38 skogsodla
1723 2368 44 39 på

267 2420 68 30 viss
361 2420 306 39 jordbruksmark,
694 2420 72 35 bör,
795 2420 114 29 såsom
937 2420 388 39 departementschefen
1351 2419 128 35 anfört,
1507 2418 259 30 vederbörande

267 2471 243 38 myndigheter
532 2471 63 29 och
616 2471 113 29 andra
748 2478 107 31 organ
876 2470 126 29 främst
1023 2470 131 29 inrikta
1176 2470 51 39 sig
1248 2470 44 39 på
1313 2470 212 39 upplysning
1546 2469 64 29 och
1631 2468 136 38 rådgiv-
