1868 2790
247 158 35 29 12
549 158 390 31 Jordbruksutskottets
963 159 179 30 utlåtande
1166 169 43 20 nr
1231 160 42 30 30
1296 160 39 30 år
1359 161 85 29 1959

247 241 19 29 å
292 241 114 29 15400
431 241 129 29 kronor
583 241 174 31 beräknas
781 242 167 39 föreligga
972 242 19 30 å
1014 243 156 39 anslaget
1194 243 58 30 vid
1275 243 175 40 utgången
1475 253 42 20 av
1540 244 208 30 innevaran-

247 291 40 29 de
320 291 180 40 budgetår,
535 291 148 30 föreslår
716 292 69 39 jag,
819 295 50 27 att
903 293 155 39 anslaget
1082 293 55 30 för
1160 295 102 28 nästa
1284 293 170 40 budgetår
1477 294 168 40 uppföres
1666 294 81 30 med

254 342 112 33 (9600
388 343 37 36 +
449 342 137 30 142500
604 360 43 3 —
668 343 37 29 15
720 343 63 30 400
802 343 58 33 =)
886 343 60 30 136
963 343 60 30 700
1042 344 162 30 kronor.»

289 408 40 34 h)
357 409 135 30 Statens
516 409 455 36 skogsförbättringsanslag

289 459 284 40 Skogsstyrelsen
601 460 64 29 har
693 461 11 28 i
733 461 53 29 sin
814 461 405 40 anslagsframställning
1247 462 179 30 hemställt
1455 471 56 20 om
1542 462 202 39 anslagsök-

249 509 82 39 ning
349 509 80 29 med
447 509 63 30 400
525 509 62 30 000
606 510 53 29 kr.

291 560 96 29 Efter
407 561 161 29 närmare
588 561 216 39 redogörelse
825 561 54 30 för
898 562 190 30 innehållet
1107 563 11 28 i
1139 563 188 39 styrelsens
1348 563 310 39 anslagsskrivelse
1680 563 64 29 har

246 609 385 41 departementschefen
652 611 118 30 anfört
790 611 167 40 följande.

292 661 97 29 »Med
415 661 235 39 huvudsaklig
675 661 265 40 utgångspunkt
965 662 78 30 från
1069 663 42 29 de
1137 663 131 39 förslag
1293 663 360 40 lantbruksstyrelsen
1678 664 66 30 och

246 709 275 40 skogsstyrelsen
544 710 88 30 efter
653 720 43 20 en
718 711 44 39 på
783 711 126 39 Kungl.
933 712 123 39 Maj:ts
1079 712 160 40 uppdrag
1261 713 192 30 verkställd
1475 713 188 40 utredning
1686 723 61 30 ny-

244 759 90 39 ligen
356 760 128 39 avgivit
506 761 148 29 rörande
676 761 161 40 åtgärder
859 762 54 29 för
934 762 245 30 intensifierad
1202 763 225 39 skogsodling
1449 763 44 40 på
1516 765 113 28 sämre
1651 764 95 39 jord-

243 810 213 30 bruksmark
481 811 58 29 vill
564 811 59 39 jag
649 811 139 35 föreslå,
814 814 50 27 att
890 812 95 29 detta
1011 813 121 39 anslag
1158 812 193 31 förstärkes
1377 813 80 29 med
1482 815 48 28 ett
1555 813 125 39 belopp
1707 823 42 20 av

247 859 91 30 1000
354 860 64 30 000
440 861 129 30 kronor
592 863 50 28 att
665 862 222 30 uteslutande
911 862 178 30 användas
1113 862 55 30 för
1192 863 91 29 ökad
1305 863 285 40 bidragsgivning
1612 864 52 29 till
1689 864 59 39 dy-

243 910 72 31 lika
335 910 170 40 åtgärder.
526 912 49 29 De
595 913 163 29 närmare
780 912 158 39 reglerna
958 912 54 30 för
1032 913 255 39 dispositionen
1308 923 42 20 av
1369 914 139 31 medlen
1528 914 51 29 till
1600 914 148 30 berörda

244 961 162 29 ändamål
431 962 123 30 ämnar
576 962 58 39 jag
659 962 218 30 återkomma
900 963 52 29 till
975 963 11 29 i
1009 963 67 29 den
1101 964 174 29 särskilda
1298 964 263 39 propositionen
1586 964 51 30 till
1664 964 83 30 1959

243 1011 56 29 års
325 1011 152 39 riksdag,
506 1012 62 30 där
596 1012 172 39 spörsmål
796 1013 347 39 sammanhängande
1170 1014 80 29 med
1276 1014 227 39 jordbrukets
1531 1015 217 29 rationalise-

243 1060 76 39 ring
339 1071 98 20 avses
458 1063 171 38 upptagas
650 1062 51 29 till
723 1063 161 30 närmare
905 1063 222 40 behandling.

288 1112 66 29 För
378 1112 122 40 bidrag
525 1113 51 29 till
601 1113 119 38 övriga
744 1113 79 29 med
849 1114 156 39 anslaget
1029 1114 152 30 avsedda
1206 1114 163 30 ändamål
1395 1115 71 29 kan
1490 1116 59 39 jag
1574 1116 76 29 icke
1676 1116 70 30 för-

244 1162 84 29 orda
355 1162 114 40 någon
497 1162 376 41 medelsförstärkning
900 1164 111 29 under
1038 1164 197 30 detsamma
1262 1165 54 30 för
1343 1167 102 28 nästa
1470 1166 180 39 budgetår.
1679 1166 65 31 Vid

243 1213 174 38 anslagets
444 1213 225 39 användning
694 1213 63 30 bör
782 1214 277 39 skogsstyrelsen
1084 1215 154 39 alltjämt
1263 1216 11 28 i
1300 1215 206 40 erforderlig
1531 1216 215 40 omfattning

244 1262 163 30 samråda
432 1263 80 29 med
537 1263 493 41 arbetsmarknadsstyrelsen.

288 1313 143 30 Liksom
453 1314 124 29 hittills
599 1314 98 29 torde
721 1323 42 21 av
784 1315 157 39 anslaget
962 1315 97 30 cirka
1081 1316 41 30 50
1137 1316 64 30 000
1223 1316 130 29 kronor
1376 1316 36 30 få
1433 1326 98 20 avses
1555 1317 54 29 för
1632 1317 113 39 åtgär-

243 1362 60 29 der
327 1366 72 28 mot
426 1363 242 40 skadegörelse
693 1374 43 20 av
760 1364 260 40 skogsinsekter
1045 1366 65 29 och
1135 1366 103 39 högst
1263 1367 17 29 5
1296 1366 62 31 000
1384 1367 131 29 kronor
1540 1367 55 30 för
1620 1367 126 29 anord-

243 1413 113 29 nande
378 1423 42 20 av
441 1414 376 39 fortbildningskurser
838 1415 11 29 i
870 1415 41 30 de
931 1416 380 39 verksamhetsgrenar,
1334 1426 74 20 som
1431 1417 132 39 stödjes
1585 1417 79 30 med
1686 1427 59 20 an-

244 1463 241 39 slagsmedlen.
511 1464 117 30 Under
651 1465 205 39 budgetåret
882 1466 149 35 1959/60
1056 1466 99 30 torde
1179 1467 115 29 beslut
1319 1476 57 20 om
1400 1467 122 39 bidrag
1547 1468 52 29 till
1626 1468 120 39 skogs-

243 1513 300 41 odlingsåtgärder
571 1515 45 40 på
644 1517 114 28 sämre
785 1516 296 39 jordbruksmark
1110 1516 37 30 få
1175 1517 178 31 meddelas
1383 1517 55 30 för
1467 1518 147 39 tillhopa
1643 1518 102 39 högst

242 1563 94 30 2200
352 1563 62 30 000
440 1564 130 30 kronor
595 1568 91 27 samt
710 1566 52 29 till
787 1566 118 39 övriga
929 1566 79 30 med
1033 1567 157 40 anslaget
1216 1567 150 30 avsedda
1392 1567 164 30 ändamål
1581 1567 92 30 intill
1698 1569 49 28 ett

242 1614 233 39 sammanlagt
497 1614 124 40 belopp
645 1625 42 20 av
708 1615 102 40 högst
835 1616 94 30 1400
944 1616 62 30 000
1030 1617 140 29 kronor.
1195 1617 225 30 Sistnämnda
1441 1618 220 39 bidragsram
1685 1617 62 30 bör

243 1663 88 31 dock
350 1664 160 30 minskas
529 1665 10 29 i
560 1675 135 20 samma
715 1667 245 39 utsträckning
980 1676 74 21 som
1075 1668 281 39 anslagsmedlen
1377 1668 56 30 för
1453 1668 124 30 härvid
1597 1668 148 30 berörda

246 1716 163 29 ändamål
441 1717 126 29 anlitas
598 1717 91 30 intill
721 1718 95 30 förut
847 1718 149 39 angivna
1026 1718 124 40 belopp
1182 1719 55 29 för
1269 1719 476 39 fortbildningsverksamhet

246 1766 82 30 eller
349 1766 55 30 för
424 1767 162 39 åtgärder
605 1770 73 27 mot
700 1768 242 39 skadegörelse
964 1778 42 20 av
1027 1769 272 39 skogsinsekter.
1321 1770 126 39 Kungl.
1469 1770 106 39 Maj:t
1597 1770 61 29 bör
1681 1771 64 38 äga

245 1817 69 29 rätt
337 1819 50 27 att
410 1817 123 39 jämka
556 1817 244 40 fördelningen
824 1819 129 29 mellan
978 1819 105 39 sagda
1107 1819 260 40 bidragsramar
1392 1829 58 20 om
1475 1820 269 30 förhållandena

246 1874 57 32 ger
324 1867 189 40 anledning
533 1867 148 30 därtill.»

289 1941 27 34 i)
343 1942 127 36 Bidrag
492 1942 52 30 till
568 1943 187 30 kostnader
779 1946 11 29 i
813 1944 167 30 samband
1004 1944 76 29 med
1107 1945 210 29 lantmäteri-
1342 1946 64 28 och
1431 1945 317 36 vägförrättningar

245 2001 103 21 m.m.

288 2043 390 39 Lantmäteristyrelsen
704 2045 64 29 har
792 2045 11 29 i
829 2045 54 30 sin
909 2045 404 41 anslagsframställning
1337 2046 190 35 hemställt,
1554 2049 50 27 att
1630 2047 114 30 ansla-

245 2095 54 37 get
318 2094 204 38 uppräknas
540 2095 79 29 med
640 2094 61 30 140
717 2095 61 30 000
797 2095 52 30 kr.
868 2095 45 40 på
932 2097 67 29 sätt
1018 2095 156 40 framgår
1193 2106 42 20 av
1254 2096 156 40 följande
1430 2097 251 39 uppställning.

1075 2158 124 42 Utgifter
1406 2158 105 42 Anslag
1584 2162 111 34 Ökning

1579 2199 66 24 eller

976 2231 106 32 1956/57
1188 2231 109 33 1957/58
1392 2226 109 43 1958/59
1580 2233 159 30 minskning

239 2267 26 30 1.
285 2267 121 39 Bidrag
423 2268 51 30 till
493 2268 85 30 vissa
596 2269 308 39 förrättningskost-

289 2318 101 29 HAdÉT
412 2327 43 21 1.
480 2328 32 19 IM
537 2342 66 7 srgr
618 2343 27 5 rn
660 2343 48 6 rna
744 2343 27 6 RR
789 2343 24 6 rr
828 2344 68 5 RR
956 2321 131 30 223221
1168 2321 133 30 127910
1375 2322 61 29 225
1450 2322 62 29 000
1640 2339 42 5 —

233 2367 33 30 2.
290 2368 122 39 Bidrag
438 2368 50 30 till
516 2369 238 39 utflyttnings-,
783 2373 122 36 vägan-

288 2418 184 39 läggnings-
490 2419 60 30 och
569 2420 307 39 odlingskostnader
893 2421 10 29 i

289 2470 238 38 sammanhang
549 2470 74 30 med
646 2470 122 30 skiften
785 2495 110 6 ......
955 2471 131 30 210111
1163 2471 136 31 448416
1373 2472 137 30 225000
1556 2475 32 32 +
1607 2472 59 31 125
1680 2472 61 30 000
