1870 2792
407 159 391 30 Jordbruksutskottets
822 160 180 29 utlåtande
1026 169 43 20 nr
1091 161 42 29 30
1156 161 39 29 år
1220 161 84 29 1959
1568 162 18 30 5

128 244 56 32 12)
213 244 27 29 1:
258 243 60 29 333
344 252 41 21 av
407 243 81 29 herr
508 242 168 30 Sundelin
699 243 64 29 och
785 243 45 29 11:
846 243 63 30 404
932 252 41 20 av
994 243 81 29 herr
1095 243 99 30 Ståhl
1214 253 46 21 m.
1281 244 49 39 fl.,
1353 244 10 29 i
1384 245 94 29 vilka
1500 245 86 29 lika-

81 294 149 40 lydande
252 293 183 35 motioner,
457 293 103 30 såvitt
582 302 47 20 nu
651 294 39 29 är
711 293 11 29 i
744 293 107 39 fråga,
873 294 208 34 hemställts,
1104 296 49 27 att
1175 294 186 39 riksdagen
1383 294 108 30 måtte
1512 295 72 29 dels

81 345 52 29 till
154 345 127 38 Bidrag
302 344 51 30 till
372 344 228 39 jordbrukets
621 343 281 40 rationalisering
924 344 54 29 för
998 344 204 39 budgetåret
1226 344 149 36 1959/60
1397 345 120 30 anvisa
1537 347 48 28 ett

82 395 357 39 reservationsanslag
471 404 41 20 av
544 396 15 29 6
578 395 61 29 775
655 394 61 30 000
749 395 62 34 kr.,
844 395 73 29 dels
952 394 169 40 medgiva,
1156 397 49 27 att
1237 395 111 30 under
1380 395 205 40 budgetåret

84 446 148 36 1959/60
255 446 58 29 må
335 446 147 39 beviljas
506 445 211 39 statsbidrag
740 445 19 30 å
781 445 147 39 tillhopa
951 445 101 39 högst
1077 446 13 28 1
1108 445 62 30 600
1184 445 62 29 000
1270 446 51 29 kr.
1344 445 53 30 till
1421 446 164 39 skogsod-

82 497 253 39 lingsåtgärder
358 497 44 39 på
426 498 113 28 sämre
562 496 295 39 jordbruksmark
883 498 89 28 samt
998 496 19 29 å
1040 496 146 39 tillhopa
1210 496 100 39 högst
1337 496 95 30 1400
1446 496 62 30 000
1532 497 52 29 kr.

82 548 51 29 till
163 548 79 29 med
274 550 132 27 statens
440 547 459 39 skogsförbättringsanslag
929 547 11 29 i
969 547 112 38 övrigt
1111 547 150 29 avsedda
1290 547 176 34 ändamål,
1496 547 88 30 dock

82 599 78 29 med
187 599 65 28 den
278 598 259 38 inskränkning
565 607 72 20 som
665 597 149 39 angivits
841 598 10 28 i
877 597 274 40 propositionen,
1177 597 79 29 med
1282 598 69 29 rätt
1378 597 54 31 för
1459 598 125 39 Kungl.

82 649 103 39 Maj:t
215 651 49 27 att
290 650 82 37 göra
397 648 187 39 jämkning
610 648 11 28 i
647 647 267 40 ifrågavarande
942 647 208 39 fördelning,
1177 647 72 30 dels
1276 648 64 28 ock
1367 647 52 30 till
1448 649 137 29 Statens

83 699 459 39 skogsförbättringsanslag
563 699 53 29 för
636 698 205 39 budgetåret
865 698 149 36 1959/60
1039 697 120 31 anvisa
1180 700 48 28 ett
1249 698 274 39 förslagsanslag
1544 707 42 21 av

83 751 17 29 3
115 750 61 30 000
192 750 62 30 000
272 750 67 35 kr.;

127 801 55 34 13)
210 802 28 29 I:
255 801 40 29 94
318 811 40 19 av
380 800 121 29 herrar
521 800 234 39 Sveningsson
778 800 64 29 och
863 799 168 40 Ringaby,
1053 799 223 40 likalydande
1297 799 80 29 med
1399 800 44 29 II:
1462 799 58 29 127
1544 808 42 20 av

82 852 79 29 herr
181 851 115 39 Antby
316 861 46 19 m.
383 851 49 39 fl.,
453 851 11 30 i
484 851 94 29 vilka
598 851 173 29 motioner
791 850 208 34 hemställts,
1021 852 50 27 att
1092 849 187 40 riksdagen
1299 849 102 40 höjer
1422 849 163 40 förslags-

82 903 155 38 anslaget
262 902 51 30 till
339 902 128 39 Bidrag
492 901 51 30 till
568 901 190 30 kostnader
782 901 11 28 i
818 901 171 30 samband
1013 900 79 30 med
1117 900 215 30 lantmäteri-
1359 900 65 29 och
1449 900 136 38 vägför-

82 954 195 38 rättningar
303 962 45 20 m.
375 962 46 20 m.
448 952 55 30 för
528 951 204 40 budgetåret
762 951 147 37 1959/60
937 951 79 29 med
1044 951 62 29 225
1122 950 61 30 000
1210 951 130 29 kronor
1366 950 52 30 till
1446 950 61 29 570
1522 950 62 29 000

82 1005 129 28 kronor
239 1006 90 27 samt
357 1005 61 37 gör
446 1002 246 30 motsvarande
720 1002 204 38 minskning
952 1002 79 29 med
1060 1002 60 29 225
1136 1001 61 29 000
1228 1001 131 29 kronor
1386 1001 20 29 å
1433 1010 152 21 reserva-

81 1055 250 38 tionsanslaget
353 1054 52 29 till
428 1053 126 39 Bidrag
577 1054 51 28 till
650 1053 227 38 jordbrukets
901 1052 296 38 rationalisering;

125 1105 55 33 14)
205 1106 44 29 II:
266 1105 62 29 603
348 1114 41 20 av
407 1105 81 28 herr
507 1104 154 29 Grebäck
679 1113 46 20 m.
743 1103 48 40 fl.,
813 1103 73 29 vari
905 1103 208 33 hemställts,
1132 1104 50 28 att
1200 1102 187 38 riksdagen
1405 1101 107 30 måtte
1530 1101 55 30 be-

82 1157 91 29 sluta
191 1156 73 29 dels
283 1158 49 27 att
350 1155 38 30 så
405 1157 72 28 stor
495 1155 54 29 del
567 1164 41 22 av
626 1156 132 28 statens
776 1153 335 39 avdikningsanslag
1128 1152 71 30 tills
1216 1152 118 30 vidare
1352 1152 164 33 behålles,
1535 1154 50 29 att

81 1207 174 39 enhetliga
274 1205 498 41 bidragsbestämmelser
701 1198 59 52 kan
794 1204 176 39 tillämpas
994 1204 95 29 inom
1111 1203 144 39 företag,
1276 1203 52 29 till
1348 1203 96 29 vilka
1464 1202 121 39 bidrag

81 1256 221 31 beträffande
324 1256 53 30 del
399 1266 42 20 av
463 1256 169 38 företaget
654 1255 107 30 redan
783 1255 114 38 utgått
918 1264 42 20 ur
983 1254 106 39 sagda
1111 1254 131 38 anslag,
1264 1253 73 30 dels
1360 1253 65 29 ock
1447 1255 49 27 att
1518 1255 67 28 sta-

81 1311 76 27 tens
179 1306 378 40 avdikningslånefond
578 1305 153 31 behålles
752 1305 111 30 under
885 1315 42 20 en
948 1304 243 40 övergångstid
1213 1304 10 29 i
1245 1304 90 40 syfte
1357 1306 50 29 att
1427 1303 158 39 tillgodo-

82 1368 34 20 se
140 1358 131 30 sådana
296 1357 135 40 företag
454 1357 79 29 med
555 1356 204 34 lånemedel,
782 1356 62 29 där
866 1356 58 29 det
946 1355 96 31 finns
1066 1354 188 40 anledning
1277 1354 162 30 förmoda
1461 1356 49 28 att
1533 1355 53 28 sä-

81 1410 122 29 kerhet
229 1409 75 29 icke
331 1409 10 28 i
368 1407 326 30 tillfredsställande
721 1406 245 39 utsträckning
993 1406 111 29 skulle
1130 1406 122 28 kunna
1277 1404 150 31 erhållas
1455 1404 54 29 för
1535 1413 51 20 er-

82 1460 188 38 forderliga
296 1458 256 39 lånegarantier
579 1460 84 27 utan
691 1456 144 40 tillgång
861 1456 52 30 till
941 1456 41 30 de
1009 1455 310 40 kompletterande,
1348 1464 42 20 av
1418 1454 83 31 1956
1529 1453 56 30 års

81 1509 275 39 fondutredning
380 1508 198 39 föreslagna
599 1507 331 39 lagbestämmelser,
954 1516 73 20 som
1051 1506 151 29 aviseras
1223 1506 11 28 i
1257 1504 263 41 propositionen
1544 1513 41 20 nr

84 1561 76 35 148;

129 1612 54 32 15)
207 1613 28 28 I:
254 1611 60 29 179
332 1620 41 20 av
389 1610 81 30 herr
486 1611 174 28 Jonasson
676 1618 47 20 m.
739 1608 37 40 fl.
794 1608 64 29 och
876 1608 45 29 II:
937 1608 62 30 225
1020 1617 41 19 av
1078 1607 81 29 herr
1173 1605 133 30 Brandt
1322 1605 11 29 i
1350 1606 107 30 Sätila
1473 1614 46 21 m.
1535 1604 49 39 fl.,

81 1662 11 29 i
116 1663 93 28 vilka
232 1661 172 30 motioner
429 1660 206 34 hemställts,
661 1662 50 28 att
734 1658 189 39 riksdagen
944 1658 109 29 måtte
1076 1657 136 30 besluta
1234 1658 50 28 att
1308 1656 10 29 i
1343 1656 166 30 skrivelse
1533 1655 52 30 till

81 1714 126 38 Kungl.
234 1712 105 39 Maj:t
364 1711 196 34 hemställa,
587 1713 49 27 att
664 1710 132 30 sådana
821 1708 162 40 åtgärder
1007 1708 156 39 vidtages
1190 1709 49 29 att
1265 1708 210 28 lantmätare
1501 1705 9 29 i
1536 1715 50 20 er-

82 1763 165 38 forderlig
270 1761 245 39 utsträckning
540 1761 97 30 ställs
662 1761 51 29 till
738 1759 207 39 förfogande
971 1759 53 29 för
1048 1757 457 38 lantmäteriförrättningar
1528 1756 58 29 vid

81 1812 571 39 rationaliseringsverksamheten
674 1811 95 29 inom
790 1810 224 39 jordbruket;

128 1864 56 33 16)
210 1865 28 28 I:
254 1863 59 30 501
337 1872 42 20 av
398 1863 81 29 herr
500 1862 182 29 Eskilsson
704 1870 45 20 m.
769 1860 38 39 fl.
827 1860 65 29 och
912 1860 45 29 II:
974 1859 59 29 601
1057 1868 42 20 av
1119 1859 80 29 herr
1217 1857 202 39 H&eggblom
1440 1866 46 20 m.
1506 1856 48 39 fl.,
1575 1856 11 29 i

81 1914 95 30 vilka
194 1913 224 39 likalydande
436 1911 172 30 motioner
626 1911 207 33 hemställts,
854 1912 50 28 att
922 1909 188 38 riksdagen
1129 1908 107 29 måtte
1255 1908 72 29 dels
1347 1907 96 29 avslå
1460 1906 126 39 Kungl.

82 1965 123 39 Maj:ts
232 1964 129 38 förslag
388 1972 56 20 om
471 1961 198 30 inrättande
697 1971 41 19 av
762 1970 42 20 en
833 1959 133 39 skoglig
994 1959 136 30 sektion
1156 1959 94 28 inom
1277 1957 310 39 lantbruksstyrel-

83 2025 70 24 sen,
175 2015 72 29 dels
268 2014 64 29 ock
353 2014 20 29 å
395 2013 190 30 riksstaten
609 2012 54 29 för
684 2010 204 40 budgetåret
912 2009 149 36 1959/60
1083 2009 112 29 under
1214 2007 128 30 nionde
1363 2006 223 30 huvudtiteln

82 2066 120 30 anvisa
230 2065 51 30 till
309 2063 390 39 Lantbruksstyrelsen:
729 2061 212 38 Avlöningar
969 2063 47 26 ett
1044 2059 273 39 förslagsanslag
1345 2067 42 20 av
1414 2056 95 31 2860
1524 2056 62 31 700

82 2117 144 33 kronor;
277 2115 50 29 till
376 2112 437 31 Lantbruksnämnderna:
868 2111 213 37 Avlöningar
1128 2111 47 28 ett
1223 2108 274 38 förslagsanslag
1546 2116 42 20 av

83 2167 38 29 10
136 2166 62 29 412
213 2165 62 30 200
301 2165 145 35 kronor;
475 2163 51 30 till
552 2161 438 31 Lantbruksnämnderna:
1018 2159 259 31 Omkostnader
1301 2160 48 28 ett
1376 2158 212 37 förslagsan-

83 2217 72 38 slag
179 2225 41 20 av
244 2215 95 30 2500
353 2214 63 29 000
440 2214 130 29 kronor
594 2213 64 29 och
683 2212 51 29 till
758 2212 126 38 Bidrag
909 2211 51 29 till
984 2210 227 39 jordbrukets
1234 2207 282 38 rationalisering
1539 2209 47 27 ett

83 2265 356 38 reservatlionsanslag
464 2273 41 20 av
531 2263 93 30 7000
640 2262 62 29 000
727 2263 144 33 kronor;

128 2317 53 31 17)
210 2317 27 27 I:
255 2315 61 29 334
339 2324 41 20 av
403 2314 80 29 herr
504 2313 179 35 Sundelin,
707 2311 223 39 likalydande
953 2310 78 29 med
1055 2311 44 28 II:
1116 2309 62 29 405
1204 2318 41 21 av
1266 2309 81 28 herr
1367 2307 100 30 Ståhl
1489 2306 97 39 m.fl.,

83 2367 9 28 i
112 2366 93 29 vilka
226 2365 171 29 motioner
417 2364 207 32 hemställts,
646 2362 102 30 såvitt
770 2371 45 19 nu
837 2363 38 28 är
896 2361 8 28 i
926 2360 108 38 fråga,
1056 2361 48 28 att
1126 2358 376 38 lantbruksstyrelsens
1523 2356 64 29 och

83 2414 426 32 lantbruksnämndernas
527 2412 354 37 omkostnadsanslag
901 2410 106 30 måtte
1026 2409 158 29 minskas
1202 2408 78 29 med
1303 2408 38 28 10
1362 2408 142 38 procent
1523 2406 64 29 och

84 2467 168 38 uppföras
275 2465 76 29 med
375 2465 124 38 belopp
522 2474 40 18 av
585 2464 56 28 361
661 2463 62 28 800
746 2463 129 28 kronor
900 2470 88 29 resp.
1013 2460 93 30 2695
1125 2460 59 28 100
1207 2459 144 32 kronor;
