1882 2790
388 179 453 32 Konstitutionsutskottets
864 178 179 29 utlåtande
1066 186 41 20 nr
1127 177 26 29 B
1168 177 18 28 6
1207 176 38 29 år
1270 176 82 29 1958
1584 175 35 29 li

112 269 96 29 delar
231 268 170 39 styrelsen
424 267 9 28 i
457 265 114 30 stället
593 261 514 40 kommunallagskommitténs
1131 260 91 29 åsikt
1246 262 49 27 alt
1318 259 228 29 kommunala
1569 259 51 28 in-

112 309 365 31 dustrisubventioner
499 307 185 29 förutsatte
705 305 114 39 någon
841 305 92 28 form
954 313 42 20 av
1017 303 131 29 allmän
1170 302 153 29 kontroll
1345 301 83 29 eller
1449 301 171 39 reglering

114 363 41 20 av
177 352 245 39 näringslivets
447 349 224 39 lokalisering
695 348 81 29 eller
801 357 44 20 m.
870 356 29 20 a.
924 355 29 20 o.
978 346 164 28 tillvaron
1166 354 42 20 av
1231 343 264 30 auktoriserade
1520 343 100 28 indu-

114 394 430 38 strilokaliseringsorgan,
571 392 111 28 vilkas
709 389 204 30 inhämtade
938 388 149 39 positiva
1114 386 367 30 rekommendationer
1508 386 112 28 skulle

114 438 46 29 bli
179 436 196 40 avgörande
394 436 54 29 för
466 435 56 29 det
541 433 228 30 kommunala
788 432 113 29 stödet
920 432 10 28 i
947 431 98 38 varje
1064 429 142 30 särskilt
1225 429 71 29 fall.

159 479 209 29 Paradoxalt
386 486 67 30 nog
470 478 70 28 kan
558 477 56 28 det
632 476 23 29 f.
674 477 28 28 ö.
720 474 226 39 ifrågasättas
964 482 57 20 om
1038 482 43 20 en
1098 472 109 30 sådan
1225 471 150 39 ordning
1394 470 77 29 med
1489 469 132 30 central

114 522 154 28 kontroll
293 521 64 29 och
383 519 181 39 reglering,
591 518 116 29 därest
732 517 66 29 den
824 515 165 35 infördes,
1017 515 112 29 skulle
1154 514 168 29 innebära
1348 522 42 20 en
1416 513 83 29 reell
1524 513 98 28 kom-

115 565 120 28 munal
261 561 426 40 kompetensutvidgning.
716 559 235 30 Schematiskt
977 557 146 29 innebär
1149 557 40 39 ju
1216 555 203 30 nuvarande
1446 555 174 38 rättsläge,

115 608 50 28 att
188 615 41 20 en
252 606 181 31 kommun,
456 604 44 29 då
521 603 148 29 beslutet
692 602 122 29 därom
836 602 72 28 inte
930 600 204 38 överklagas
1157 599 82 29 eller
1263 608 43 21 m.
1331 608 29 19 a.
1383 607 29 20 o.
1436 598 186 28 kommun-

115 647 276 29 medlemmarna
416 647 59 28 äro
499 654 81 21 ense
603 654 57 20 om
683 644 178 39 åtgärden,
886 644 37 28 är
945 643 11 28 i
981 642 102 29 stånd
1108 644 50 27 att
1183 641 118 29 lämna
1322 639 199 40 vittgående
1546 639 76 29 stöd

115 691 52 29 till
188 690 162 30 industri.
372 689 126 30 Vidare
521 690 37 28 är
578 688 171 28 kommun
771 685 231 30 oförhindrad
1023 687 49 26 att
1092 684 140 38 vidtaga
1254 683 146 29 allmänt
1422 681 201 39 näringsbe-

116 732 200 37 främjande
345 730 171 39 åtgärder,
545 728 209 40 exempelvis
784 727 236 40 upprustning
1049 736 42 19 av
1117 724 324 31 industriområden
1470 724 64 29 och
1564 732 59 21 an-

117 775 188 29 skaffande
331 784 42 19 av
398 784 24 19 s.
450 774 32 28 k.
509 772 270 30 hantverkshus.
808 771 66 29 Om
899 771 10 28 i
935 769 56 30 det
1016 769 89 29 först
1132 767 147 31 anförda
1307 767 97 29 fallet
1432 766 111 29 stödet
1569 768 54 27 tar

115 817 138 29 formen
284 826 41 20 av
353 815 247 39 kapitalinsats
631 814 78 29 med
739 812 199 40 upplånade
968 811 113 30 medel
1111 811 82 29 eller
1222 809 171 40 ingående
1423 818 41 20 av
1494 808 129 39 borgen

117 859 142 30 utanför
284 859 66 29 den
374 856 369 39 underställningsfria
768 855 195 29 lånerätten
986 854 216 29 tillkommer
1224 852 205 38 visserligen
1453 861 42 19 en
1519 853 105 36 ytter-

117 901 105 39 ligare
248 902 103 28 rätts-
376 901 64 28 och
467 898 396 40 lämplighetsprövning
888 897 63 29 hos
975 896 127 39 Kungl.
1128 895 115 39 Maj:t,
1271 904 76 19 som
1371 894 11 29 i
1409 893 215 30 förstnämnt

116 943 170 29 avseende
308 943 104 39 följer
435 951 135 20 samma
592 941 227 39 grundsatser
842 949 77 20 som
938 937 259 41 upprätthållas
1219 937 58 29 vid
1298 935 325 40 besvärsprövning.

117 986 79 29 Men
219 988 53 27 tar
297 985 217 28 kommunen
539 983 121 30 enbart
685 982 240 29 utdebiterade
949 981 113 29 medel
1085 981 11 28 i
1121 979 154 40 anspråk
1299 978 127 30 uteblir
1450 987 42 20 en
1516 977 108 29 sådan

116 1027 182 40 prövning.

163 1071 83 29 Sant
268 1072 37 28 är
325 1069 204 39 visserligen
551 1070 49 28 att
620 1067 295 39 regeringsrätten
937 1066 161 29 företrätt
1120 1074 42 20 en
1183 1064 138 38 mycket
1341 1062 179 30 restriktiv
1539 1061 87 29 håll-

117 1112 84 39 ning
221 1113 10 28 i
251 1111 216 30 besvärsmål
487 1120 57 20 om
564 1109 414 30 industrisubventioner.
999 1108 67 29 Vid
1087 1106 216 30 bedömande
1326 1115 42 20 av
1388 1105 114 29 denna
1522 1105 104 28 rätts-

118 1155 117 38 praxis
258 1155 38 28 är
319 1153 193 29 emellertid
534 1155 49 27 att
605 1152 124 29 märka
750 1154 50 27 att
824 1151 56 29 det
908 1151 5 29 i
936 1150 116 29 målen
1075 1148 240 39 regelmässigt
1337 1147 90 30 varit
1448 1146 99 39 fråga
1569 1155 57 20 om

118 1196 138 38 mycket
280 1195 176 39 påtagliga
479 1195 228 29 individuella
732 1193 257 29 subventioner.
1015 1193 68 28 För
1108 1191 110 39 dagen
1244 1192 37 28 är
1306 1190 57 30 det
1388 1189 119 30 därför
1532 1187 94 30 svårt

119 1241 49 27 att
194 1239 78 29 med
298 1238 162 29 säkerhet
486 1245 86 31 ange
595 1247 61 19 var
680 1237 150 38 gränsen
855 1235 60 40 går
939 1235 129 29 mellan
1091 1234 138 29 tillåtna
1253 1233 147 29 allmänt
1426 1230 200 39 näringsbe-

119 1280 200 39 främjande
344 1280 229 29 kommunala
599 1279 160 39 åtgärder
785 1279 65 28 och
874 1277 147 39 olagliga
1047 1276 257 30 subventioner.
1330 1275 58 29 Ett
1414 1274 132 38 slutligt
1571 1273 56 29 be-

120 1323 173 29 dömande
315 1332 41 20 av
375 1321 281 30 hittillsvarande
678 1320 208 39 rättspraxis
908 1320 207 30 förutsätter
1136 1317 145 40 tillgång
1302 1317 53 30 till
1376 1318 48 28 ett
1446 1325 95 20 mera
1563 1314 65 31 dif-

120 1365 202 29 ferentierat
342 1364 336 30 rättsfallsmaterial
697 1364 44 28 än
759 1363 57 29 det
836 1372 75 20 som
929 1371 48 20 nu
997 1361 194 39 föreligger.

165 1407 157 37 Påpekas
342 1407 57 28 må
417 1406 106 29 också
541 1408 49 27 att
607 1405 378 29 kommunalbesvären
1006 1404 55 28 för
1080 1401 219 31 närvarande
1318 1401 76 29 icke
1414 1408 39 31 ge
1472 1400 156 29 besvärs-

120 1448 290 38 myndigheterna
434 1447 182 39 möjlighet
640 1449 49 27 att
712 1447 163 28 närmare
898 1445 81 39 ingå
1000 1445 45 39 på
1066 1443 324 30 interkommunala
1413 1441 215 39 näringsför-

121 1490 198 29 hållanden.
347 1490 133 29 Endast
506 1489 325 29 kommunmedlem
857 1488 65 29 har
948 1487 224 33 besvärsrätt,
1198 1485 119 30 varför
1343 1494 43 20 en
1413 1484 215 29 kommunen

121 1532 290 30 utanförstående
431 1532 194 38 företagare
644 1540 75 20 som
739 1532 91 37 regel
850 1530 76 29 icke
946 1530 64 29 har
1030 1528 183 39 möjlighet
1234 1529 49 27 att
1304 1527 180 29 åtkomma
1504 1525 123 33 beslut,

120 1574 202 38 varigenom
341 1574 172 29 kommun
533 1575 130 37 gynnat
683 1582 42 20 en
745 1573 231 28 konkurrent.

166 1616 134 30 Internt
325 1635 43 2 —
393 1615 129 30 mellan
549 1615 194 39 företagare
771 1623 74 20 som
873 1615 59 28 äro
958 1611 404 31 kommunmedlemmar
1390 1611 82 29 eller
1499 1610 60 29 där
1587 1618 42 20 en

122 1668 42 20 av
189 1658 78 30 dem
294 1660 37 28 är
356 1657 325 30 kommunmedlem
704 1676 44 2 —
771 1656 169 30 innebära
965 1655 158 30 däremot
1148 1663 48 20 nu
1221 1652 204 40 tillämpade
1452 1652 109 39 regler
1588 1660 41 20 en

123 1700 182 38 möjlighet
330 1700 54 30 för
409 1710 42 19 en
476 1700 194 38 företagare
695 1701 50 28 att
770 1699 78 28 med
873 1698 110 29 utsikt
1007 1698 52 29 till
1084 1696 184 39 framgång
1292 1696 254 36 besvärsvägen
1571 1702 59 21 an-

124 1743 96 38 gripa
241 1743 113 29 beslut
374 1742 202 38 varigenom
597 1751 117 20 annan
736 1741 195 37 företagare
951 1740 160 29 kommer
1131 1740 11 28 i
1163 1738 209 39 åtnjutande
1394 1747 42 20 av
1457 1735 173 31 särskilda

123 1784 178 30 förmåner
324 1784 79 29 från
425 1784 235 29 kommunens
683 1783 84 30 sida,
791 1782 130 30 Risken
943 1782 54 29 för
1021 1784 50 27 att
1093 1780 230 30 kommunala
1346 1778 285 31 subventionsbe-

124 1827 68 29 slut
220 1827 98 28 skola
345 1825 203 39 överklagas
574 1835 42 19 av
641 1825 108 29 sådan
777 1824 188 38 anledning
992 1825 38 28 är
1055 1823 81 30 vida
1163 1824 109 28 större
1299 1822 10 29 i
1337 1820 293 31 stadssamhällen

124 1869 77 28 med
227 1868 100 29 deras
353 1868 116 29 rikare
493 1867 204 29 utvecklade
722 1866 194 37 näringsliv
940 1867 44 28 än
1009 1866 10 28 i
1045 1874 83 20 rena
1153 1864 324 30 landskommuner.
1503 1863 64 28 Det
1594 1863 37 28 är

124 1910 105 37 enligt
255 1909 188 38 styrelsens
469 1909 140 38 mening
633 1908 93 30 svårt
749 1910 50 27 att
822 1908 153 29 bestrida
999 1906 256 38 berättigandet
1279 1916 42 19 av
1345 1906 65 28 den
1436 1904 195 30 säkerhets-

124 1953 106 28 ventil
248 1954 72 27 mot
339 1951 213 29 mannamån
573 1960 73 19 som
665 1951 66 28 den
748 1949 230 29 kommunala
995 1949 259 29 besvärsrätten
1274 1948 63 30 här
1356 1948 110 37 utgör.

169 1994 47 29 På
241 1993 130 29 sistone
395 1993 64 29 har
485 1991 425 38 industrilokaliseringen
935 1991 44 38 på
1005 1990 237 38 landsbygden
1269 1992 86 27 även
1382 1989 63 29 fått
1473 1997 42 20 en
1541 1988 91 29 skol-

127 2036 140 38 politisk
299 2035 132 39 aspekt.
464 2035 155 28 Konkret
650 2035 70 28 kan
752 2033 124 38 frågan
907 2033 119 29 ställas
1059 2032 52 29 så:
1146 2033 74 28 Hur
1252 2033 89 29 skall
1374 2030 257 39 landsbygdens

126 2076 228 30 skolväsende
375 2077 120 29 kunna
517 2085 38 29 ge
576 2086 42 19 en
640 2075 324 30 tillfredsställande
983 2074 306 39 yrkesutbildning
1309 2076 84 27 utan
1415 2072 144 39 tillgång
1580 2071 52 29 till

125 2119 167 28 industri-
319 2119 63 28 och
410 2118 349 38 hantverksföretag?
787 2118 77 28 Med
893 2117 112 29 denna
1035 2116 207 38 motivering
1269 2117 45 28 ha
1341 2116 209 28 kommuner
1578 2114 55 28 be-

126 2160 106 30 slutat
258 2161 115 28 lämna
399 2160 213 37 begränsade
639 2159 247 29 subventioner
911 2159 110 28 under
1049 2158 252 37 förutsättning
1325 2166 42 20 av
1389 2158 48 27 att
1464 2156 168 37 företaget

127 2202 106 38 åtagit
261 2203 50 37 sig
339 2204 44 27 all
416 2202 184 28 medverka
631 2204 7 27 i
665 2201 496 38 yrkesskolundervisningen.
1190 2200 198 29 Antecknas
1415 2199 68 28 kan
1512 2197 43 29 då
1583 2198 49 28 att

130 2244 121 37 Kungl.
281 2244 101 36 Maj:t
416 2244 8 27 i
454 2243 187 28 statsrådet
675 2242 433 38 (finansdepartementet)
1141 2241 56 29 vid
1226 2242 7 27 i
1266 2240 203 36 anslutning
1500 2240 48 28 till
1578 2239 55 28 be-

128 2286 111 28 sluten
266 2285 150 38 prövade
442 2284 237 37 ansökningar
703 2294 55 18 om
784 2284 157 28 tillstånd
969 2285 46 27 att
1047 2283 120 29 teckna
1195 2283 127 38 borgen
1349 2281 161 37 medgivit
1539 2281 93 28 delta

132 2328 52 28 (se
207 2326 106 29 Umeå
336 2326 271 29 landskommun
631 2327 64 28 och
718 2326 96 29 Piteå
839 2325 76 30 stad
940 2326 36 28 17
1000 2325 72 38 jan.
1099 2325 98 34 1958;
1222 2323 195 39 Finspångs
1440 2322 129 39 köping
1593 2321 40 29 24

127 2370 71 37 jan.
222 2368 114 30 1958).

173 2410 245 38 Olvivelaktigt
452 2410 62 29 har
547 2410 204 28 frekvensen
785 2419 42 19 av
858 2409 226 29 kommunala
1120 2406 400 32 industrisubyventioner
1551 2406 83 28 ökat

132 2453 107 29 under
259 2461 120 20 senare
400 2453 47 28 år.
483 2451 159 29 Parallellt
666 2452 141 29 därmed
829 2452 63 28 har
912 2451 126 29 antalet
1061 2451 211 29 besvärsmål
1296 2449 76 29 med
1395 2448 52 28 för
1468 2448 64 28 den
1556 2447 79 28 sub-

130 2494 307 36 venlionsgivande
463 2494 212 28 kommunen
703 2493 138 37 negativ
868 2493 126 38 utgång
1021 2493 104 37 stigit.
1153 2493 171 37 Styrelsen
1352 2491 128 28 saknar
1507 2490 7 28 i
1540 2490 93 28 delta
