2190 2719
448 190 20 31 6
915 193 85 44 Lag-
1009 194 155 33 Utskottets
1192 196 163 33 Utlåtande
1378 197 62 33 N:o
1463 199 54 31 33.

1074 309 294 41 Reservationer:

559 401 35 31 af
614 402 90 31 Herr
726 402 168 33 Lemchen:
927 403 120 42 Någon
1069 404 134 42 verklig
1226 405 133 32 skilnad
1382 407 11 30 i
1416 408 151 40 rättsligt
1590 408 190 32 hänseende
1805 411 144 31 emellan
1972 412 65 31 för-

405 444 103 31 fallen
541 445 200 31 ränteskuld
775 446 61 31 och
859 438 154 41 förfallen
1036 432 230 56 kapitalskuld
1289 450 107 31 finnes
1433 451 41 30 väl
1499 451 83 31 icke.
1629 452 175 41 Påföljden
1828 455 36 30 af
1882 454 154 33 underlå-

404 488 99 31 tande
539 493 48 27 att
620 489 144 41 fullgöra
798 491 386 42 betalningsskyldighet
1208 493 60 31 bör
1286 493 128 32 derföre
1438 495 11 30 i
1472 495 97 40 lagen
1594 495 199 33 bestämmas
1818 497 70 32 lika
1911 498 124 32 beträf-

404 532 98 31 fande
527 535 36 28 så
585 533 56 30 väl
665 517 97 47 ränta
788 545 69 20 som
881 519 204 47 hufyudstol.
1106 519 83 57 "Jag
1213 536 60 32 vill
1298 537 137 37 således,
1460 539 8 29 i
1488 529 179 51 anledning
1683 540 35 30 af
1730 540 91 31 Herr
1837 540 201 33 Sandstedts

405 575 134 38 motion,
565 576 161 41 tillstyrka
761 581 48 27 att
832 578 156 31 förbudet
1009 578 11 31 i
1044 579 19 30 9
1086 562 100 57 Kap.
1196 579 20 31 6
1233 581 13 39 $
1266 580 278 33 Handelsbalken
1566 587 71 26 mot
1647 573 226 42 beräknande
1890 585 36 31 af
1938 590 98 27 ränta

404 622 43 37 på
470 624 96 26 ränta
590 611 197 50 upphäfves,
814 621 60 31 och
899 626 48 27 att
971 621 149 32 deremot
1143 623 131 41 stadgas
1299 624 195 42 skyldighet
1516 627 51 29 för
1589 626 161 41 gäldenär
1770 632 48 27 att
1833 628 88 40 gifva
1939 633 98 28 ränta

403 665 43 37 på
479 663 155 31 förfallen
668 675 77 20 men
778 665 132 31 obetald
933 670 96 27 ränta
1051 666 12 31 i
1086 666 53 31 öfv
1144 651 290 49 erensstämmelse
1457 669 77 31 med
1557 660 255 42 föreskrifterna
1834 672 8 30 i
1867 672 20 31 8
1911 672 60 31 och
1996 673 40 31 10

405 707 32 39 $$
462 706 36 31 af
528 718 125 20 samma
676 708 128 40 kapitel
828 719 53 20 om
904 714 97 26 ränta
1024 712 42 38 på
1088 720 109 21 annan
1232 711 153 32 förfallen
1409 712 109 36 skuld,
1543 713 136 32 hvarför
1702 718 110 35 någon
1835 715 100 31 sådan
1958 716 77 31 icke

406 755 39 24 är
480 750 218 38 förskrifven;
734 762 76 19 men
837 753 57 38 jag
927 752 68 30 kan
1021 753 74 30 icke
1121 753 127 31 biträda
1274 754 192 32 Utskottets
1490 756 124 40 förslag
1637 763 49 23 att
1709 749 108 38 denna
1841 758 195 40 skyldighet

406 791 87 31 skall
516 798 96 35 göras
636 776 164 48 beroende
824 794 36 30 af
879 794 307 41 fordringsegarens
1209 796 84 32 kraf.

554 835 54 32 En
631 836 103 31 sådan
755 837 107 31 inskri
863 838 138 41 inkning
1027 839 11 30 i
1061 839 286 42 ränteberäkning
1377 844 18 28 å
1419 841 195 32 hufvudstol
1637 842 106 41 gäller
1766 855 46 19 nu
1836 843 118 32 endast
1976 856 57 20 en-

404 878 61 40 ligt
497 878 122 41 Kongl.
655 880 252 41 Förordningen
944 867 64 45 den
1031 882 40 30 19
1093 882 67 41 Maj
1186 883 90 36 1756,
1303 875 40 40 då
1366 884 220 42 förskrifning
1610 891 37 25 är
1671 886 100 31 ställd
1794 887 52 31 till
1870 887 163 32 sedelhaf-

401 932 104 20 varen
534 906 81 47 eller
638 923 52 30 till
713 924 68 31 viss
804 935 77 20 man
906 924 81 31 eller
1010 924 122 37 ordres,
1158 926 60 31 och
1242 927 90 31 detta
1355 927 169 40 undantag
1546 919 74 41 från
1644 929 168 31 allmänna
1835 930 198 41 stadgandet

401 964 153 32 kommer
588 970 49 27 att
670 967 158 40 upphöra,
864 973 62 25 när
950 968 63 31 den
1036 968 36 31 af
1090 968 121 42 Kongl.
1236 970 95 41 Maj:t
1355 970 60 32 och
1437 962 197 49 Riksdagen
1658 972 152 32 beslutna
1835 966 197 49 författning

402 1009 170 40 angående
606 1009 198 32 förändrade
840 1010 211 32 föreskrifter
1076 1012 12 30 i
1110 997 93 56 fråga
1227 1025 53 19 om
1303 1015 198 47 bysättning
1523 999 159 47 utfärdas.
1729 1016 177 32 Utskottet
1929 1029 101 29 synes

401 1052 102 31 också
525 1052 178 41 medgifva,
728 1058 49 26 att
799 1054 187 41 föreslagna
1008 1055 108 31 inskri
1117 1040 184 57 inkningen
1323 1058 9 29 1
1358 1057 92 31 tiden
1472 1042 51 47 för
1546 1059 188 41 beräkning
1757 1060 35 30 af
1811 1065 99 27 ränta
1930 1064 19 29 å
1965 1061 67 31 för-

401 1095 103 31 fallen
549 1101 85 26 ränta
667 1097 74 31 icke
766 1103 37 25 är
825 1082 193 57 följdrigtig,
1044 1099 59 31 och
1128 1099 59 31 har
1209 1083 74 48 icke
1308 1101 51 31 till
1383 1101 73 31 stöd
1479 1102 51 30 för
1554 1102 58 31 sitt
1634 1102 68 31 förs
1698 1086 60 57 slag
1781 1103 116 32 härom
1922 1104 110 31 anfört

400 1142 102 36 något
536 1144 101 26 annat
661 1140 83 38 skäl,
770 1147 42 24 än
837 1146 48 26 att
911 1147 67 25 "ett
1001 1142 181 41 stadgande
1207 1155 53 19 om
1283 1144 163 39 rättighet
1469 1145 51 30 för
1542 1146 193 40 borgenär
1737 1137 42 40 att
1797 1148 130 39 jomväl
1949 1152 82 27 utan

399 1172 205 51 föregången
636 1184 136 39 maning
807 1184 81 32 eller
922 1185 134 31 erinran
1077 1169 104 57 njuta
1214 1191 97 27 ränta
1343 1191 43 37 på
1431 1193 85 26 ränta
1543 1172 113 48 kunde
1681 1200 100 30 synas
1804 1190 162 32 innebära
1990 1202 42 20 en

399 1236 67 27 nog
499 1209 58 47 has
550 1226 58 40 stig
642 1218 181 50 öfvergång
856 1228 11 30 i
901 1228 263 41 lagstiftningen,
1198 1230 89 31 helst
1317 1231 144 30 flertalet
1484 1232 35 29 af
1538 1232 197 39 gäldenärer
1757 1233 75 31 icke
1856 1234 175 40 lätteligen

399 1263 95 35 torde
530 1254 149 46 beräkna
712 1254 77 46 med
802 1255 153 47 hvilken
978 1256 167 56 hastighet
1168 1272 257 49 skuldbeloppet
1448 1265 138 40 sålunda
1613 1276 256 31 accumuleras.<
1921 1262 109 46 Dessa

400 1311 85 37 skäl,
510 1323 52 19 om
587 1312 38 31 de
645 1316 35 27 så
696 1316 54 28 må
768 1313 115 38 kallas,
909 1325 100 30 synas
1028 1315 68 41 mig
1113 1315 74 31 icke
1205 1327 81 20 vara
1302 1317 120 40 rigtiga
1441 1318 82 31 eller
1540 1318 161 31 innefatta
1717 1321 109 38 någon
1842 1320 186 40 bevisning.

398 1354 58 31 All
479 1355 248 49 inkonseqvens
750 1357 11 30 1
784 1357 54 41 lag
861 1347 76 48 bör,
954 1361 36 28 så
1012 1342 81 48 vidt
1107 1359 60 31 ske
1190 1359 76 38 kan,
1290 1351 168 41 undvikas
1483 1361 61 31 och
1566 1362 235 39 undanrödjas;
1837 1363 61 31 och
1920 1367 110 36 någon

398 1398 112 30 alltför
526 1398 108 40 hastig
651 1399 115 40 öfverg
769 1403 56 37 ång
841 1384 14 33 i
847 1412 11 19 1
875 1401 252 41 lagstiftningen
1142 1402 50 31 uti
1207 1385 127 58 ifrågav
1339 1404 120 31 arande
1476 1405 58 30 fall
1549 1408 53 27 må
1619 1405 55 31 väl
1686 1405 74 31 icke
1775 1416 96 21 anses
1883 1408 144 37 inträffa,

401 1440 41 32 då
465 1426 215 56 obilligheten
703 1427 60 46 och
787 1426 99 48 äfven
908 1428 236 57 skadligheten
1167 1446 35 30 af
1220 1447 156 31 förbudet
1399 1448 50 30 för
1472 1448 266 41 fordringsegare
1763 1452 49 27 att
1834 1455 77 34 taga
1943 1456 86 25 ränta

398 1487 44 37 på
474 1469 101 46 ränta
594 1485 93 31 torde
717 1497 80 20 vara
819 1472 219 54 någorlunda
1050 1488 140 31 allmänt
1212 1489 139 31 insedda
1374 1491 61 30 och
1459 1475 160 46 erkända.
1661 1476 67 56 Jag
1750 1496 70 26 tror
1844 1484 108 46 äfven,
1978 1498 48 26 att

400 1527 91 31 detta
513 1528 120 31 förbud
657 1528 76 38 ofta,
759 1540 53 20 om
834 1514 75 47 icke
935 1530 108 38 oftast,
1068 1531 148 38 förbises,
1242 1535 36 28 så
1302 1537 48 27 att
1372 1533 169 40 gäldenär,
1570 1534 11 30 i
1605 1534 59 31 fall
1687 1519 65 46 han
1774 1538 111 36 nÅLON
1909 1518 115 58 längre

398 1570 49 31 tid
469 1571 139 40 fördröjt
631 1571 51 31 sin
716 1554 156 59 vänteliqv
875 1573 42 37 id,
942 1556 140 58 godtgör
1106 1574 63 31 den
1192 1575 208 40 borgenären
1424 1577 191 39 derigenom
1642 1569 229 48 tillskyndade
1895 1570 132 46 förlust,

397 1613 12 30 i
444 1614 182 40 synnerhet
661 1625 52 20 om
747 1615 65 31 han
839 1599 139 48 sålunda
1000 1601 128 57 undgår
1151 1628 109 20 annan
1283 1619 123 40 påföljd
1429 1620 36 30 af
1485 1620 51 30 sin
1559 1612 240 47 försummelse,
1846 1604 181 58 Oförmåga

398 1656 82 31 eller
513 1657 252 32 uraktlåtenhet
798 1658 60 32 hos
892 1659 161 41 gäldenär
1070 1644 65 48 "att
1169 1661 149 32 beräkna
1351 1662 76 31 med
1460 1663 137 31 hvilken
1629 1653 169 51 hastighet
1820 1664 81 32 hans
1926 1649 99 47 skuld

397 1700 82 30 ökas
513 1711 119 29 genom
677 1706 85 26 ränta
795 1705 43 37 på
871 1708 97 26 ränta
1003 1714 99 30 synes
1137 1704 27 48 ej
1196 1704 140 32 heller
1339 1717 65 19 vara
1428 1711 48 25 att
1499 1707 128 38 befara;
1653 1698 76 40 och
1737 1707 142 31 skulden
1902 1709 122 31 blifver

396 1743 58 31 väl
487 1743 75 31 icke
590 1749 106 26 större
720 1756 120 29 genom
864 1750 48 26 att
947 1737 108 40 räntan
1077 1747 51 31 får
1149 1747 132 32 innestå
1305 1749 132 31 obetald
1461 1750 60 30 och
1543 1732 84 58 löpa
1642 1750 75 30 med
1741 1755 104 32 ränta,
1871 1757 43 24 än
1938 1752 87 30 deri-

396 1796 119 30 genom
550 1789 48 28 att
624 1786 65 32 han
713 1771 59 48 hos
797 1799 108 20 annan
928 1800 122 30 person
1072 1794 70 27 mot
1164 1795 97 27 ränta
1283 1792 164 40 upplånar
1468 1792 89 32 hvad
1580 1792 51 31 till
1654 1793 224 41 godtgörande
1903 1795 36 30 af
1959 1795 65 31 den

396 1819 157 41 förfallna
576 1835 120 26 räntan
720 1832 173 31 erfordras.

549 1872 176 33 Utskottet
747 1874 60 35 har
829 1875 11 30 i
865 1876 58 30 sitt
946 1875 179 32 Utlåtande
1149 1876 102 32 infört
1274 1878 60 31 och
1358 1879 158 40 åberopat
1533 1879 190 41 jemförliga
1746 1880 205 40 stadganden
1969 1892 53 21 om

408 1919 85 27 vänta
527 1919 43 37 på
603 1920 96 28 ränta
732 1918 11 30 i
777 1917 208 32 Frankrikes
1021 1920 60 30 och
1104 1919 192 32 Danmarks
1319 1921 100 41 lagar,
1444 1934 77 19 men
1544 1923 74 30 icke
1642 1923 152 40 upptagit
1816 1924 90 30 hvad
1930 1924 94 32 dessa

395 1958 93 40 lagar
516 1959 175 32 innehålla
725 1972 53 20 om
806 1961 92 31 tiden
921 1963 50 29 för
995 1963 187 40 beräkning
1205 1964 35 31 af
1259 1969 97 26 ränta
1379 1968 19 28 å
1420 1965 203 32 hufvudstol.
1669 1967 154 30 Franska
1847 1967 176 40 civillagen

397 2005 37 27 ste
430 1985 100 57 adgar
553 2002 116 31 härom
692 2004 11 30 i
726 2004 19 31 3
768 2004 119 31 Boken
911 2006 19 30 3
953 2004 85 41 Kap.
1064 2006 26 37 1,
1097 1990 81 47 153
1180 2011 69 31 art.,
1275 2012 49 26 att
1346 2011 96 28 ränta
1466 2012 18 28 å
1508 2009 107 37 skuld,
1642 2019 70 21 som
1733 2010 26 39 ej
1779 2010 112 31 blifvit
1906 2013 42 37 på
1959 1995 62 46 be-

396 2028 110 47 stämd
529 2045 62 41 dag
614 2047 120 34 betald,
760 2047 85 31 skall
869 2048 151 74 eyläggas
1045 2031 117 49 endast
1183 2050 74 31 från
1281 2050 63 31 den
1369 2051 70 41 dag,
1465 2052 41 31 då
1528 2052 79 31 kraf
1626 2052 11 31 i
1659 2053 73 39 laga
1754 2053 141 40 ordning
1914 2054 109 31 blifvit

396 2087 154 38 anstäldt,
571 2073 97 47 utom
690 2090 12 31 i
726 2090 38 31 de
789 2091 66 37 fall,
881 2082 90 40 der
953 2078 21 56 I
975 2103 83 29 agen
1080 2092 186 41 medgifver
1289 2098 49 27 att
1360 2100 121 26 räntan
1510 2099 53 28 må
1586 2099 81 27 utan
1690 2087 126 40 afbrott
1837 2080 89 56 löpa;
1960 2097 62 31 och

396 2131 106 40 enligt
534 2114 120 49 Dansk
677 2133 54 41 lag
765 2134 105 40 gäller
897 2135 11 30 i
931 2114 182 63 allmänhet
1137 2119 107 49 såsom
1267 2137 66 31 fast
1355 2139 99 39 regel,
1480 2142 48 27 att
1551 2138 168 41 gäldenär,
1746 2150 70 20 som
1840 2139 182 32 underlåtit

395 2177 49 27 att
466 2156 31 49 å
531 2175 151 31 bestämd
710 2160 54 47 tid
799 2178 108 30 betala
942 2189 41 19 en
1016 2179 205 31 förskrifven
1244 2181 306 39 penningesumma,
1575 2182 74 30 icke
1674 2182 128 40 ådragit
1827 2183 49 38 sig
1899 2194 124 20 ansvar

394 2216 52 31 för
480 2217 118 32 sådant
633 2219 156 40 dröjsmål
811 2220 77 38 förr,
925 2226 43 26 än
1000 2222 208 40 borgenären
1242 2224 10 29 i
1282 2224 223 32 föreskrifven
1529 2225 141 39 ordning
1695 2231 180 34 uppmanat
1897 2226 124 31 honom

395 2262 49 28 att
466 2260 118 31 betala.
630 2262 53 31 Då
707 2263 137 36 således,
869 2267 42 37 på
935 2267 66 28 sätt
1023 2248 177 48 Utskottet
1224 2272 105 35 säger,
1364 2267 207 40 lagstiftaren
1595 2268 11 30 i
1629 2252 192 47 Frankrike
1846 2269 62 30 och
1930 2269 92 31 Dan-

394 2270 97 64 mark
526 2305 127 40 antagit
690 2305 83 32 "den
802 2307 189 31 Romerska
1015 2301 260 49 uppfattningen
1296 2314 48 26 att
1367 2321 41 20 en
1431 2311 161 40 gäldenär
1614 2311 74 31 icke
1712 2311 67 31 kan
1802 2323 96 20 anses
1922 2312 100 32 hafva

394 2346 87 40 gjort
515 2347 50 41 sig
588 2331 136 59 skyldig
746 2349 50 31 till
821 2350 155 41 dröjsmål
1000 2355 49 27 att
1072 2351 107 32 betala
1201 2339 247 54 kapitalskuld,
1463 2354 77 32 med
1563 2354 129 32 mindre
1716 2354 65 31 han
1806 2355 215 32 derförinnan
