<?xml version="1.0" encoding="UTF-8"?>
<alto xmlns="http://www.loc.gov/standards/alto/ns-v3#" xmlns:xlink="http://www.w3.org/1999/xlink" xmlns:xsi="http://www.w3.org/2001/XMLSchema-instance" xsi:schemaLocation="http://www.loc.gov/standards/alto/ns-v3# http://www.loc.gov/alto/v3/alto-3-0.xsd">
	<Description>
		<MeasurementUnit>pixel</MeasurementUnit>
		<sourceImageInformation>
			<fileName>/tmp/tess_dhyct7u9_input.PNG</fileName>
		</sourceImageInformation>
		<OCRProcessing ID="OCR_0">
			<ocrProcessingStep>
				<processingSoftware>
					<softwareName>tesseract 5.3.0</softwareName>
				</processingSoftware>
			</ocrProcessingStep>
		</OCRProcessing>
	</Description>
	<Layout>
		<Page WIDTH="1892" HEIGHT="2846" PHYSICAL_IMG_NR="0" ID="page_0">
			<PrintSpace HPOS="0" VPOS="0" WIDTH="1892" HEIGHT="2846">
				<ComposedBlock ID="cblock_0" HPOS="263" VPOS="135" WIDTH="1182" HEIGHT="41">
					<TextBlock ID="block_0" HPOS="263" VPOS="135" WIDTH="1182" HEIGHT="41">
						<TextLine ID="line_0" HPOS="263" VPOS="135" WIDTH="1182" HEIGHT="41">
							<String ID="string_0" HPOS="263" VPOS="146" WIDTH="63" HEIGHT="30" WC="0.96" CONTENT="134"/><SP WIDTH="238" VPOS="146" HPOS="326"/>
							<String ID="string_1" HPOS="564" VPOS="139" WIDTH="387" HEIGHT="33" WC="0.91" CONTENT="Jordbruksutskottets"/><SP WIDTH="23" VPOS="139" HPOS="951"/>
							<String ID="string_2" HPOS="974" VPOS="137" WIDTH="178" HEIGHT="31" WC="0.96" CONTENT="utlåtande"/><SP WIDTH="21" VPOS="137" HPOS="1152"/>
							<String ID="string_3" HPOS="1173" VPOS="146" WIDTH="43" HEIGHT="20" WC="0.96" CONTENT="nr"/><SP WIDTH="20" VPOS="146" HPOS="1216"/>
							<String ID="string_4" HPOS="1236" VPOS="137" WIDTH="42" HEIGHT="30" WC="0.89" CONTENT="25"/><SP WIDTH="21" VPOS="137" HPOS="1278"/>
							<String ID="string_5" HPOS="1299" VPOS="136" WIDTH="40" HEIGHT="30" WC="0.96" CONTENT="år"/><SP WIDTH="22" VPOS="136" HPOS="1339"/>
							<String ID="string_6" HPOS="1361" VPOS="135" WIDTH="84" HEIGHT="31" WC="0.95" CONTENT="1967"/>
						</TextLine>
					</TextBlock>
				</ComposedBlock>
				<ComposedBlock ID="cblock_1" HPOS="261" VPOS="215" WIDTH="1490" HEIGHT="700">
					<TextBlock ID="block_1" HPOS="261" VPOS="215" WIDTH="1488" HEIGHT="203">
						<TextLine ID="line_1" HPOS="262" VPOS="215" WIDTH="1486" HEIGHT="50">
							<String ID="string_7" HPOS="262" VPOS="225" WIDTH="89" HEIGHT="40" WC="0.96" CONTENT="milj."/><SP WIDTH="27" VPOS="225" HPOS="351"/>
							<String ID="string_8" HPOS="378" VPOS="225" WIDTH="51" HEIGHT="29" WC="0.94" CONTENT="kr."/><SP WIDTH="27" VPOS="225" HPOS="429"/>
							<String ID="string_9" HPOS="456" VPOS="224" WIDTH="133" HEIGHT="30" WC="0.95" CONTENT="Ramen"/><SP WIDTH="26" VPOS="224" HPOS="589"/>
							<String ID="string_10" HPOS="615" VPOS="223" WIDTH="54" HEIGHT="30" WC="0.95" CONTENT="för"/><SP WIDTH="26" VPOS="223" HPOS="669"/>
							<String ID="string_11" HPOS="695" VPOS="222" WIDTH="122" HEIGHT="39" WC="0.96" CONTENT="bidrag"/><SP WIDTH="25" VPOS="222" HPOS="817"/>
							<String ID="string_12" HPOS="842" VPOS="221" WIDTH="52" HEIGHT="30" WC="0.96" CONTENT="till"/><SP WIDTH="26" VPOS="221" HPOS="894"/>
							<String ID="string_13" HPOS="920" VPOS="221" WIDTH="75" HEIGHT="29" WC="0.96" CONTENT="inre"/><SP WIDTH="26" VPOS="221" HPOS="995"/>
							<String ID="string_14" HPOS="1021" VPOS="219" WIDTH="281" HEIGHT="39" WC="0.96" CONTENT="rationalisering"/><SP WIDTH="26" VPOS="219" HPOS="1302"/>
							<String ID="string_15" HPOS="1328" VPOS="218" WIDTH="61" HEIGHT="30" WC="0.97" CONTENT="bör"/><SP WIDTH="28" VPOS="218" HPOS="1389"/>
							<String ID="string_16" HPOS="1417" VPOS="227" WIDTH="42" HEIGHT="20" WC="0.97" CONTENT="av"/><SP WIDTH="27" VPOS="227" HPOS="1459"/>
							<String ID="string_17" HPOS="1486" VPOS="217" WIDTH="75" HEIGHT="30" WC="0.96" CONTENT="skäl"/><SP WIDTH="28" VPOS="217" HPOS="1561"/>
							<String ID="string_18" HPOS="1589" VPOS="225" WIDTH="75" HEIGHT="21" WC="0.96" CONTENT="som"/><SP WIDTH="26" VPOS="225" HPOS="1664"/>
							<String ID="string_19" HPOS="1690" VPOS="215" WIDTH="58" HEIGHT="40" WC="0.95" CONTENT="jag"/>
						</TextLine>
						<TextLine ID="line_2" HPOS="264" VPOS="269" WIDTH="1485" HEIGHT="51">
							<String ID="string_20" HPOS="264" VPOS="280" WIDTH="176" HEIGHT="40" WC="0.96" CONTENT="redogjort"/><SP WIDTH="21" VPOS="280" HPOS="440"/>
							<String ID="string_21" HPOS="461" VPOS="279" WIDTH="55" HEIGHT="30" WC="0.96" CONTENT="för"/><SP WIDTH="19" VPOS="279" HPOS="516"/>
							<String ID="string_22" HPOS="535" VPOS="279" WIDTH="12" HEIGHT="29" WC="0.97" CONTENT="i"/><SP WIDTH="20" VPOS="279" HPOS="547"/>
							<String ID="string_23" HPOS="567" VPOS="278" WIDTH="56" HEIGHT="30" WC="0.96" CONTENT="det"/><SP WIDTH="22" VPOS="278" HPOS="623"/>
							<String ID="string_24" HPOS="645" VPOS="276" WIDTH="207" HEIGHT="41" WC="0.96" CONTENT="föregående"/><SP WIDTH="21" VPOS="276" HPOS="852"/>
							<String ID="string_25" HPOS="873" VPOS="276" WIDTH="120" HEIGHT="29" WC="0.96" CONTENT="kunna"/><SP WIDTH="22" VPOS="276" HPOS="993"/>
							<String ID="string_26" HPOS="1015" VPOS="274" WIDTH="158" HEIGHT="31" WC="0.96" CONTENT="minskas"/><SP WIDTH="21" VPOS="274" HPOS="1173"/>
							<String ID="string_27" HPOS="1194" VPOS="274" WIDTH="52" HEIGHT="29" WC="0.96" CONTENT="till"/><SP WIDTH="23" VPOS="274" HPOS="1246"/>
							<String ID="string_28" HPOS="1269" VPOS="273" WIDTH="18" HEIGHT="30" WC="0.96" CONTENT="8"/><SP WIDTH="23" VPOS="273" HPOS="1287"/>
							<String ID="string_29" HPOS="1310" VPOS="272" WIDTH="88" HEIGHT="40" WC="0.96" CONTENT="milj."/><SP WIDTH="22" VPOS="272" HPOS="1398"/>
							<String ID="string_30" HPOS="1420" VPOS="272" WIDTH="52" HEIGHT="30" WC="0.94" CONTENT="kr."/><SP WIDTH="24" VPOS="272" HPOS="1472"/>
							<String ID="string_31" HPOS="1496" VPOS="271" WIDTH="125" HEIGHT="40" WC="0.94" CONTENT="Kungl."/><SP WIDTH="23" VPOS="271" HPOS="1621"/>
							<String ID="string_32" HPOS="1644" VPOS="269" WIDTH="105" HEIGHT="41" WC="0.95" CONTENT="Maj:t"/>
						</TextLine>
						<TextLine ID="line_3" HPOS="261" VPOS="325" WIDTH="1487" HEIGHT="45">
							<String ID="string_33" HPOS="261" VPOS="335" WIDTH="72" HEIGHT="34" WC="0.96" CONTENT="bör,"/><SP WIDTH="23" VPOS="335" HPOS="333"/>
							<String ID="string_34" HPOS="356" VPOS="343" WIDTH="56" HEIGHT="20" WC="0.95" CONTENT="om"/><SP WIDTH="22" VPOS="343" HPOS="412"/>
							<String ID="string_35" HPOS="434" VPOS="332" WIDTH="268" HEIGHT="31" WC="0.95" CONTENT="förhållandena"/><SP WIDTH="21" VPOS="332" HPOS="702"/>
							<String ID="string_36" HPOS="723" VPOS="331" WIDTH="112" HEIGHT="30" WC="0.96" CONTENT="skulle"/><SP WIDTH="22" VPOS="331" HPOS="835"/>
							<String ID="string_37" HPOS="857" VPOS="338" WIDTH="38" HEIGHT="32" WC="0.96" CONTENT="ge"/><SP WIDTH="23" VPOS="338" HPOS="895"/>
							<String ID="string_38" HPOS="918" VPOS="329" WIDTH="187" HEIGHT="39" WC="0.96" CONTENT="anledning"/><SP WIDTH="22" VPOS="329" HPOS="1105"/>
							<String ID="string_39" HPOS="1127" VPOS="328" WIDTH="127" HEIGHT="35" WC="0.96" CONTENT="därtill,"/><SP WIDTH="24" VPOS="328" HPOS="1254"/>
							<String ID="string_40" HPOS="1278" VPOS="328" WIDTH="63" HEIGHT="39" WC="0.95" CONTENT="äga"/><SP WIDTH="21" VPOS="328" HPOS="1341"/>
							<String ID="string_41" HPOS="1362" VPOS="327" WIDTH="122" HEIGHT="40" WC="0.96" CONTENT="jämka"/><SP WIDTH="21" VPOS="327" HPOS="1484"/>
							<String ID="string_42" HPOS="1505" VPOS="325" WIDTH="243" HEIGHT="39" WC="0.96" CONTENT="fördelningen"/>
						</TextLine>
						<TextLine ID="line_4" HPOS="262" VPOS="387" WIDTH="491" HEIGHT="31">
							<String ID="string_43" HPOS="262" VPOS="389" WIDTH="130" HEIGHT="29" WC="0.96" CONTENT="mellan"/><SP WIDTH="20" VPOS="389" HPOS="392"/>
							<String ID="string_44" HPOS="412" VPOS="388" WIDTH="40" HEIGHT="29" WC="0.96" CONTENT="de"/><SP WIDTH="19" VPOS="388" HPOS="452"/>
							<String ID="string_45" HPOS="471" VPOS="387" WIDTH="90" HEIGHT="30" WC="0.95" CONTENT="båda"/><SP WIDTH="18" VPOS="387" HPOS="561"/>
							<String ID="string_46" HPOS="579" VPOS="395" WIDTH="174" HEIGHT="21" WC="0.96" CONTENT="ramarna."/>
						</TextLine>
					</TextBlock>
					<TextBlock ID="block_2" HPOS="263" VPOS="433" WIDTH="1488" HEIGHT="482">
						<TextLine ID="line_5" HPOS="308" VPOS="433" WIDTH="1441" HEIGHT="45">
							<String ID="string_47" HPOS="308" VPOS="443" WIDTH="151" HEIGHT="29" WC="0.96" CONTENT="Behovet"/><SP WIDTH="24" VPOS="443" HPOS="459"/>
							<String ID="string_48" HPOS="483" VPOS="451" WIDTH="42" HEIGHT="20" WC="0.96" CONTENT="av"/><SP WIDTH="23" VPOS="451" HPOS="525"/>
							<String ID="string_49" HPOS="548" VPOS="441" WIDTH="112" HEIGHT="29" WC="0.96" CONTENT="medel"/><SP WIDTH="26" VPOS="441" HPOS="660"/>
							<String ID="string_50" HPOS="686" VPOS="440" WIDTH="54" HEIGHT="30" WC="0.96" CONTENT="för"/><SP WIDTH="25" VPOS="440" HPOS="740"/>
							<String ID="string_51" HPOS="765" VPOS="439" WIDTH="217" HEIGHT="39" WC="0.96" CONTENT="utbetalning"/><SP WIDTH="25" VPOS="439" HPOS="982"/>
							<String ID="string_52" HPOS="1007" VPOS="448" WIDTH="42" HEIGHT="19" WC="0.96" CONTENT="av"/><SP WIDTH="23" VPOS="448" HPOS="1049"/>
							<String ID="string_53" HPOS="1072" VPOS="436" WIDTH="172" HEIGHT="40" WC="0.96" CONTENT="beviljade"/><SP WIDTH="24" VPOS="436" HPOS="1244"/>
							<String ID="string_54" HPOS="1268" VPOS="436" WIDTH="122" HEIGHT="39" WC="0.96" CONTENT="bidrag"/><SP WIDTH="24" VPOS="436" HPOS="1390"/>
							<String ID="string_55" HPOS="1414" VPOS="435" WIDTH="173" HEIGHT="30" WC="0.96" CONTENT="beräknar"/><SP WIDTH="24" VPOS="435" HPOS="1587"/>
							<String ID="string_56" HPOS="1611" VPOS="434" WIDTH="59" HEIGHT="39" WC="0.96" CONTENT="jag"/><SP WIDTH="26" VPOS="434" HPOS="1670"/>
							<String ID="string_57" HPOS="1696" VPOS="433" WIDTH="53" HEIGHT="29" WC="0.96" CONTENT="för"/>
						</TextLine>
						<TextLine ID="line_6" HPOS="264" VPOS="488" WIDTH="1486" HEIGHT="48">
							<String ID="string_58" HPOS="264" VPOS="499" WIDTH="100" HEIGHT="29" WC="0.95" CONTENT="nästa"/><SP WIDTH="17" VPOS="499" HPOS="364"/>
							<String ID="string_59" HPOS="381" VPOS="496" WIDTH="169" HEIGHT="40" WC="0.96" CONTENT="budgetår"/><SP WIDTH="17" VPOS="496" HPOS="550"/>
							<String ID="string_60" HPOS="567" VPOS="495" WIDTH="140" HEIGHT="30" WC="0.96" CONTENT="minska"/><SP WIDTH="15" VPOS="495" HPOS="707"/>
							<String ID="string_61" HPOS="722" VPOS="494" WIDTH="53" HEIGHT="30" WC="0.96" CONTENT="till"/><SP WIDTH="20" VPOS="494" HPOS="775"/>
							<String ID="string_62" HPOS="795" VPOS="493" WIDTH="38" HEIGHT="30" WC="0.96" CONTENT="18"/><SP WIDTH="17" VPOS="493" HPOS="833"/>
							<String ID="string_63" HPOS="850" VPOS="493" WIDTH="88" HEIGHT="40" WC="0.96" CONTENT="milj."/><SP WIDTH="17" VPOS="493" HPOS="938"/>
							<String ID="string_64" HPOS="955" VPOS="493" WIDTH="52" HEIGHT="29" WC="0.96" CONTENT="kr."/><SP WIDTH="17" VPOS="493" HPOS="1007"/>
							<String ID="string_65" HPOS="1024" VPOS="493" WIDTH="64" HEIGHT="39" WC="0.96" CONTENT="Jag"/><SP WIDTH="15" VPOS="493" HPOS="1088"/>
							<String ID="string_66" HPOS="1103" VPOS="491" WIDTH="64" HEIGHT="30" WC="0.96" CONTENT="har"/><SP WIDTH="18" VPOS="491" HPOS="1167"/>
							<String ID="string_67" HPOS="1185" VPOS="490" WIDTH="122" HEIGHT="31" WC="0.96" CONTENT="därvid"/><SP WIDTH="16" VPOS="490" HPOS="1307"/>
							<String ID="string_68" HPOS="1323" VPOS="490" WIDTH="45" HEIGHT="30" WC="0.95" CONTENT="bl."/><SP WIDTH="18" VPOS="490" HPOS="1368"/>
							<String ID="string_69" HPOS="1386" VPOS="499" WIDTH="29" HEIGHT="20" WC="0.95" CONTENT="a."/><SP WIDTH="17" VPOS="499" HPOS="1415"/>
							<String ID="string_70" HPOS="1432" VPOS="489" WIDTH="141" HEIGHT="30" WC="0.96" CONTENT="beaktat"/><SP WIDTH="18" VPOS="489" HPOS="1573"/>
							<String ID="string_71" HPOS="1591" VPOS="489" WIDTH="49" HEIGHT="29" WC="0.96" CONTENT="att"/><SP WIDTH="17" VPOS="489" HPOS="1640"/>
							<String ID="string_72" HPOS="1657" VPOS="488" WIDTH="93" HEIGHT="29" WC="0.95" CONTENT="vissa"/>
						</TextLine>
						<TextLine ID="line_7" HPOS="263" VPOS="541" WIDTH="1488" HEIGHT="45">
							<String ID="string_73" HPOS="263" VPOS="551" WIDTH="190" HEIGHT="31" WC="0.96" CONTENT="kostnader"/><SP WIDTH="20" VPOS="551" HPOS="453"/>
							<String ID="string_74" HPOS="473" VPOS="560" WIDTH="73" HEIGHT="21" WC="0.96" CONTENT="som"/><SP WIDTH="19" VPOS="560" HPOS="546"/>
							<String ID="string_75" HPOS="565" VPOS="559" WIDTH="48" HEIGHT="20" WC="0.96" CONTENT="nu"/><SP WIDTH="17" VPOS="559" HPOS="613"/>
							<String ID="string_76" HPOS="630" VPOS="550" WIDTH="151" HEIGHT="29" WC="0.96" CONTENT="belastar"/><SP WIDTH="19" VPOS="550" HPOS="781"/>
							<String ID="string_77" HPOS="800" VPOS="547" WIDTH="228" HEIGHT="31" WC="0.95" CONTENT="förevarande"/><SP WIDTH="19" VPOS="547" HPOS="1028"/>
							<String ID="string_78" HPOS="1047" VPOS="546" WIDTH="120" HEIGHT="40" WC="0.96" CONTENT="anslag"/><SP WIDTH="18" VPOS="546" HPOS="1167"/>
							<String ID="string_79" HPOS="1185" VPOS="545" WIDTH="106" HEIGHT="40" WC="0.96" CONTENT="enligt"/><SP WIDTH="19" VPOS="545" HPOS="1291"/>
							<String ID="string_80" HPOS="1310" VPOS="545" WIDTH="131" HEIGHT="39" WC="0.95" CONTENT="förslag"/><SP WIDTH="17" VPOS="545" HPOS="1441"/>
							<String ID="string_81" HPOS="1458" VPOS="544" WIDTH="11" HEIGHT="29" WC="0.96" CONTENT="i"/><SP WIDTH="18" VPOS="544" HPOS="1469"/>
							<String ID="string_82" HPOS="1487" VPOS="552" WIDTH="97" HEIGHT="31" WC="0.93" CONTENT="prop."/><SP WIDTH="21" VPOS="552" HPOS="1584"/>
							<String ID="string_83" HPOS="1605" VPOS="541" WIDTH="146" HEIGHT="31" WC="0.89" CONTENT="1967:74"/>
						</TextLine>
						<TextLine ID="line_8" HPOS="264" VPOS="596" WIDTH="1486" HEIGHT="49">
							<String ID="string_84" HPOS="264" VPOS="607" WIDTH="42" HEIGHT="29" WC="0.93" CONTENT="fr."/><SP WIDTH="23" VPOS="607" HPOS="306"/>
							<String ID="string_85" HPOS="329" VPOS="616" WIDTH="29" HEIGHT="20" WC="0.81" CONTENT="o."/><SP WIDTH="22" VPOS="616" HPOS="358"/>
							<String ID="string_86" HPOS="380" VPOS="616" WIDTH="45" HEIGHT="19" WC="0.81" CONTENT="m."/><SP WIDTH="22" VPOS="616" HPOS="425"/>
							<String ID="string_87" HPOS="447" VPOS="605" WIDTH="204" HEIGHT="40" WC="0.93" CONTENT="budgetåret"/><SP WIDTH="24" VPOS="605" HPOS="651"/>
							<String ID="string_88" HPOS="675" VPOS="603" WIDTH="149" HEIGHT="36" WC="0.93" CONTENT="1967/68"/><SP WIDTH="23" VPOS="603" HPOS="824"/>
							<String ID="string_89" HPOS="847" VPOS="602" WIDTH="89" HEIGHT="31" WC="0.96" CONTENT="skall"/><SP WIDTH="21" VPOS="602" HPOS="936"/>
							<String ID="string_90" HPOS="957" VPOS="601" WIDTH="172" HEIGHT="30" WC="0.96" CONTENT="bestridas"/><SP WIDTH="22" VPOS="601" HPOS="1129"/>
							<String ID="string_91" HPOS="1151" VPOS="600" WIDTH="80" HEIGHT="30" WC="0.96" CONTENT="från"/><SP WIDTH="22" VPOS="600" HPOS="1231"/>
							<String ID="string_92" HPOS="1253" VPOS="599" WIDTH="110" HEIGHT="30" WC="0.96" CONTENT="andra"/><SP WIDTH="22" VPOS="599" HPOS="1363"/>
							<String ID="string_93" HPOS="1385" VPOS="599" WIDTH="130" HEIGHT="39" WC="0.95" CONTENT="anslag."/><SP WIDTH="23" VPOS="599" HPOS="1515"/>
							<String ID="string_94" HPOS="1538" VPOS="597" WIDTH="127" HEIGHT="30" WC="0.96" CONTENT="Vidare"/><SP WIDTH="21" VPOS="597" HPOS="1665"/>
							<String ID="string_95" HPOS="1686" VPOS="596" WIDTH="64" HEIGHT="29" WC="0.96" CONTENT="har"/>
						</TextLine>
						<TextLine ID="line_9" HPOS="264" VPOS="650" WIDTH="1487" HEIGHT="51">
							<String ID="string_96" HPOS="264" VPOS="662" WIDTH="59" HEIGHT="39" WC="0.96" CONTENT="jag"/><SP WIDTH="21" VPOS="662" HPOS="323"/>
							<String ID="string_97" HPOS="344" VPOS="661" WIDTH="85" HEIGHT="39" WC="0.96" CONTENT="tagit"/><SP WIDTH="22" VPOS="661" HPOS="429"/>
							<String ID="string_98" HPOS="451" VPOS="660" WIDTH="139" HEIGHT="39" WC="0.96" CONTENT="hänsyn"/><SP WIDTH="20" VPOS="660" HPOS="590"/>
							<String ID="string_99" HPOS="610" VPOS="659" WIDTH="53" HEIGHT="29" WC="0.93" CONTENT="till"/><SP WIDTH="23" VPOS="659" HPOS="663"/>
							<String ID="string_100" HPOS="686" VPOS="657" WIDTH="279" HEIGHT="30" WC="0.91" CONTENT="medelsbehovet"/><SP WIDTH="23" VPOS="657" HPOS="965"/>
							<String ID="string_101" HPOS="988" VPOS="656" WIDTH="54" HEIGHT="29" WC="0.96" CONTENT="för"/><SP WIDTH="22" VPOS="656" HPOS="1042"/>
							<String ID="string_102" HPOS="1064" VPOS="655" WIDTH="108" HEIGHT="30" WC="0.93" CONTENT="redan"/><SP WIDTH="23" VPOS="655" HPOS="1172"/>
							<String ID="string_103" HPOS="1195" VPOS="654" WIDTH="134" HEIGHT="30" WC="0.92" CONTENT="utfästa"/><SP WIDTH="21" VPOS="654" HPOS="1329"/>
							<String ID="string_104" HPOS="1350" VPOS="653" WIDTH="122" HEIGHT="39" WC="0.95" CONTENT="bidrag"/><SP WIDTH="22" VPOS="653" HPOS="1472"/>
							<String ID="string_105" HPOS="1494" VPOS="652" WIDTH="52" HEIGHT="30" WC="0.95" CONTENT="till"/><SP WIDTH="23" VPOS="652" HPOS="1546"/>
							<String ID="string_106" HPOS="1569" VPOS="650" WIDTH="182" HEIGHT="31" WC="0.91" CONTENT="återbetal-"/>
						</TextLine>
						<TextLine ID="line_10" HPOS="264" VPOS="705" WIDTH="1487" HEIGHT="50">
							<String ID="string_107" HPOS="264" VPOS="716" WIDTH="84" HEIGHT="39" WC="0.95" CONTENT="ning"/><SP WIDTH="21" VPOS="716" HPOS="348"/>
							<String ID="string_108" HPOS="369" VPOS="724" WIDTH="42" HEIGHT="21" WC="0.96" CONTENT="av"/><SP WIDTH="20" VPOS="724" HPOS="411"/>
							<String ID="string_109" HPOS="431" VPOS="714" WIDTH="58" HEIGHT="30" WC="0.96" CONTENT="lån"/><SP WIDTH="22" VPOS="714" HPOS="489"/>
							<String ID="string_110" HPOS="511" VPOS="713" WIDTH="79" HEIGHT="30" WC="0.96" CONTENT="från"/><SP WIDTH="21" VPOS="713" HPOS="590"/>
							<String ID="string_111" HPOS="611" VPOS="712" WIDTH="226" HEIGHT="41" WC="0.93" CONTENT="jordbrukets"/><SP WIDTH="22" VPOS="712" HPOS="837"/>
							<String ID="string_112" HPOS="859" VPOS="709" WIDTH="308" HEIGHT="32" WC="0.92" CONTENT="maskinlånefond"/><SP WIDTH="21" VPOS="709" HPOS="1167"/>
							<String ID="string_113" HPOS="1188" VPOS="709" WIDTH="95" HEIGHT="29" WC="0.96" CONTENT="vilka"/><SP WIDTH="21" VPOS="709" HPOS="1283"/>
							<String ID="string_114" HPOS="1304" VPOS="708" WIDTH="106" HEIGHT="39" WC="0.96" CONTENT="enligt"/><SP WIDTH="21" VPOS="708" HPOS="1410"/>
							<String ID="string_115" HPOS="1431" VPOS="707" WIDTH="75" HEIGHT="29" WC="0.96" CONTENT="min"/><SP WIDTH="21" VPOS="707" HPOS="1506"/>
							<String ID="string_116" HPOS="1527" VPOS="706" WIDTH="141" HEIGHT="38" WC="0.96" CONTENT="mening"/><SP WIDTH="21" VPOS="706" HPOS="1668"/>
							<String ID="string_117" HPOS="1689" VPOS="705" WIDTH="62" HEIGHT="29" WC="0.96" CONTENT="bör"/>
						</TextLine>
						<TextLine ID="line_11" HPOS="263" VPOS="759" WIDTH="1488" HEIGHT="51">
							<String ID="string_118" HPOS="263" VPOS="769" WIDTH="202" HEIGHT="41" WC="0.95" CONTENT="tillgodoses"/><SP WIDTH="21" VPOS="769" HPOS="465"/>
							<String ID="string_119" HPOS="486" VPOS="776" WIDTH="123" HEIGHT="32" WC="0.93" CONTENT="genom"/><SP WIDTH="21" VPOS="776" HPOS="609"/>
							<String ID="string_120" HPOS="630" VPOS="766" WIDTH="178" HEIGHT="31" WC="0.91" CONTENT="anlitande"/><SP WIDTH="21" VPOS="766" HPOS="808"/>
							<String ID="string_121" HPOS="829" VPOS="775" WIDTH="41" HEIGHT="21" WC="0.96" CONTENT="av"/><SP WIDTH="20" VPOS="775" HPOS="870"/>
							<String ID="string_122" HPOS="890" VPOS="764" WIDTH="228" HEIGHT="31" WC="0.96" CONTENT="förevarande"/><SP WIDTH="21" VPOS="764" HPOS="1118"/>
							<String ID="string_123" HPOS="1139" VPOS="763" WIDTH="130" HEIGHT="40" WC="0.96" CONTENT="anslag."/><SP WIDTH="22" VPOS="763" HPOS="1269"/>
							<String ID="string_124" HPOS="1291" VPOS="763" WIDTH="14" HEIGHT="29" WC="0.96" CONTENT="I"/><SP WIDTH="21" VPOS="763" HPOS="1305"/>
							<String ID="string_125" HPOS="1326" VPOS="762" WIDTH="110" HEIGHT="39" WC="0.96" CONTENT="övrigt"/><SP WIDTH="20" VPOS="762" HPOS="1436"/>
							<String ID="string_126" HPOS="1456" VPOS="761" WIDTH="62" HEIGHT="30" WC="0.96" CONTENT="bör"/><SP WIDTH="21" VPOS="761" HPOS="1518"/>
							<String ID="string_127" HPOS="1539" VPOS="760" WIDTH="155" HEIGHT="39" WC="0.96" CONTENT="anslaget"/><SP WIDTH="22" VPOS="760" HPOS="1694"/>
							<String ID="string_128" HPOS="1716" VPOS="759" WIDTH="35" HEIGHT="29" WC="0.96" CONTENT="få"/>
						</TextLine>
						<TextLine ID="line_12" HPOS="264" VPOS="814" WIDTH="1484" HEIGHT="49">
							<String ID="string_129" HPOS="264" VPOS="826" WIDTH="54" HEIGHT="28" WC="0.96" CONTENT="tas"/><SP WIDTH="23" VPOS="826" HPOS="318"/>
							<String ID="string_130" HPOS="341" VPOS="825" WIDTH="11" HEIGHT="28" WC="0.96" CONTENT="i"/><SP WIDTH="24" VPOS="825" HPOS="352"/>
							<String ID="string_131" HPOS="376" VPOS="823" WIDTH="154" HEIGHT="40" WC="0.96" CONTENT="anspråk"/><SP WIDTH="24" VPOS="823" HPOS="530"/>
							<String ID="string_132" HPOS="554" VPOS="823" WIDTH="54" HEIGHT="29" WC="0.96" CONTENT="för"/><SP WIDTH="25" VPOS="823" HPOS="608"/>
							<String ID="string_133" HPOS="633" VPOS="821" WIDTH="173" HEIGHT="31" WC="0.96" CONTENT="särskilda"/><SP WIDTH="24" VPOS="821" HPOS="806"/>
							<String ID="string_134" HPOS="830" VPOS="819" WIDTH="162" HEIGHT="31" WC="0.96" CONTENT="ändamål"/><SP WIDTH="24" VPOS="819" HPOS="992"/>
							<String ID="string_135" HPOS="1016" VPOS="819" WIDTH="10" HEIGHT="30" WC="0.96" CONTENT="i"/><SP WIDTH="25" VPOS="819" HPOS="1026"/>
							<String ID="string_136" HPOS="1051" VPOS="827" WIDTH="135" HEIGHT="21" WC="0.95" CONTENT="samma"/><SP WIDTH="23" VPOS="827" HPOS="1186"/>
							<String ID="string_137" HPOS="1209" VPOS="816" WIDTH="245" HEIGHT="39" WC="0.96" CONTENT="utsträckning"/><SP WIDTH="25" VPOS="816" HPOS="1454"/>
							<String ID="string_138" HPOS="1479" VPOS="824" WIDTH="74" HEIGHT="21" WC="0.96" CONTENT="som"/><SP WIDTH="25" VPOS="824" HPOS="1553"/>
							<String ID="string_139" HPOS="1578" VPOS="814" WIDTH="54" HEIGHT="30" WC="0.93" CONTENT="för"/><SP WIDTH="23" VPOS="814" HPOS="1632"/>
							<String ID="string_140" HPOS="1655" VPOS="814" WIDTH="93" HEIGHT="29" WC="0.90" CONTENT="inne-"/>
						</TextLine>
						<TextLine ID="line_13" HPOS="264" VPOS="877" WIDTH="354" HEIGHT="38">
							<String ID="string_141" HPOS="264" VPOS="878" WIDTH="153" HEIGHT="30" WC="0.96" CONTENT="varande"/><SP WIDTH="22" VPOS="878" HPOS="417"/>
							<String ID="string_142" HPOS="439" VPOS="877" WIDTH="179" HEIGHT="38" WC="0.96" CONTENT="budgetår."/>
						</TextLine>
					</TextBlock>
				</ComposedBlock>
				<ComposedBlock ID="cblock_2" HPOS="264" VPOS="947" WIDTH="1498" HEIGHT="1612">
					<TextBlock ID="block_3" HPOS="264" VPOS="947" WIDTH="1490" HEIGHT="427">
						<TextLine ID="line_14" HPOS="310" VPOS="947" WIDTH="1444" HEIGHT="49">
							<String ID="string_143" HPOS="310" VPOS="957" WIDTH="117" HEIGHT="31" WC="0.96" CONTENT="Under"/><SP WIDTH="23" VPOS="957" HPOS="427"/>
							<String ID="string_144" HPOS="450" VPOS="957" WIDTH="155" HEIGHT="39" WC="0.93" CONTENT="anslaget"/><SP WIDTH="25" VPOS="957" HPOS="605"/>
							<String ID="string_145" HPOS="630" VPOS="954" WIDTH="184" HEIGHT="31" WC="0.91" CONTENT="Täckande"/><SP WIDTH="24" VPOS="954" HPOS="814"/>
							<String ID="string_146" HPOS="838" VPOS="963" WIDTH="41" HEIGHT="20" WC="0.96" CONTENT="av"/><SP WIDTH="22" VPOS="963" HPOS="879"/>
							<String ID="string_147" HPOS="901" VPOS="953" WIDTH="167" HEIGHT="41" WC="0.96" CONTENT="förluster"/><SP WIDTH="22" VPOS="953" HPOS="1068"/>
							<String ID="string_148" HPOS="1090" VPOS="951" WIDTH="44" HEIGHT="40" WC="0.96" CONTENT="på"/><SP WIDTH="22" VPOS="951" HPOS="1134"/>
							<String ID="string_149" HPOS="1156" VPOS="950" WIDTH="116" HEIGHT="41" WC="0.95" CONTENT="grund"/><SP WIDTH="22" VPOS="950" HPOS="1272"/>
							<String ID="string_150" HPOS="1294" VPOS="959" WIDTH="41" HEIGHT="21" WC="0.95" CONTENT="av"/><SP WIDTH="23" VPOS="959" HPOS="1335"/>
							<String ID="string_151" HPOS="1358" VPOS="948" WIDTH="118" HEIGHT="41" WC="0.93" CONTENT="statlig"/><SP WIDTH="23" VPOS="948" HPOS="1476"/>
							<String ID="string_152" HPOS="1499" VPOS="947" WIDTH="255" HEIGHT="40" WC="0.91" CONTENT="kreditgaranti"/>
						</TextLine>
						<TextLine ID="line_15" HPOS="264" VPOS="1002" WIDTH="1488" HEIGHT="42">
							<String ID="string_153" HPOS="264" VPOS="1013" WIDTH="63" HEIGHT="29" WC="0.96" CONTENT="bör"/><SP WIDTH="19" VPOS="1013" HPOS="327"/>
							<String ID="string_154" HPOS="346" VPOS="1013" WIDTH="128" HEIGHT="28" WC="0.96" CONTENT="liksom"/><SP WIDTH="20" VPOS="1013" HPOS="474"/>
							<String ID="string_155" HPOS="494" VPOS="1011" WIDTH="125" HEIGHT="29" WC="0.96" CONTENT="hittills"/><SP WIDTH="19" VPOS="1011" HPOS="619"/>
							<String ID="string_156" HPOS="638" VPOS="1010" WIDTH="178" HEIGHT="29" WC="0.96" CONTENT="redovisas"/><SP WIDTH="19" VPOS="1010" HPOS="816"/>
							<String ID="string_157" HPOS="835" VPOS="1017" WIDTH="166" HEIGHT="21" WC="0.96" CONTENT="ramarna"/><SP WIDTH="19" VPOS="1017" HPOS="1001"/>
							<String ID="string_158" HPOS="1020" VPOS="1007" WIDTH="54" HEIGHT="29" WC="0.96" CONTENT="för"/><SP WIDTH="21" VPOS="1007" HPOS="1074"/>
							<String ID="string_159" HPOS="1095" VPOS="1007" WIDTH="67" HEIGHT="28" WC="0.95" CONTENT="den"/><SP WIDTH="21" VPOS="1007" HPOS="1162"/>
							<String ID="string_160" HPOS="1183" VPOS="1005" WIDTH="138" HEIGHT="39" WC="0.93" CONTENT="statliga"/><SP WIDTH="20" VPOS="1005" HPOS="1321"/>
							<String ID="string_161" HPOS="1341" VPOS="1002" WIDTH="411" HEIGHT="40" WC="0.90" CONTENT="kreditgarantigivning-"/>
						</TextLine>
						<TextLine ID="line_16" HPOS="264" VPOS="1057" WIDTH="1489" HEIGHT="46">
							<String ID="string_162" HPOS="264" VPOS="1076" WIDTH="44" HEIGHT="20" WC="0.96" CONTENT="en"/><SP WIDTH="21" VPOS="1076" HPOS="308"/>
							<String ID="string_163" HPOS="329" VPOS="1066" WIDTH="54" HEIGHT="30" WC="0.92" CONTENT="för"/><SP WIDTH="20" VPOS="1066" HPOS="383"/>
							<String ID="string_164" HPOS="403" VPOS="1062" WIDTH="467" HEIGHT="41" WC="0.91" CONTENT="rationaliseringsändamål"/><SP WIDTH="20" VPOS="1062" HPOS="870"/>
							<String ID="string_165" HPOS="890" VPOS="1062" WIDTH="45" HEIGHT="40" WC="0.96" CONTENT="på"/><SP WIDTH="19" VPOS="1062" HPOS="935"/>
							<String ID="string_166" HPOS="954" VPOS="1060" WIDTH="226" HEIGHT="41" WC="0.96" CONTENT="jordbrukets"/><SP WIDTH="21" VPOS="1060" HPOS="1180"/>
							<String ID="string_167" HPOS="1201" VPOS="1059" WIDTH="64" HEIGHT="30" WC="0.93" CONTENT="och"/><SP WIDTH="20" VPOS="1059" HPOS="1265"/>
							<String ID="string_168" HPOS="1285" VPOS="1057" WIDTH="376" HEIGHT="41" WC="0.92" CONTENT="trädgårdsnäringens"/><SP WIDTH="21" VPOS="1057" HPOS="1661"/>
							<String ID="string_169" HPOS="1682" VPOS="1065" WIDTH="71" HEIGHT="20" WC="0.90" CONTENT="om-"/>
						</TextLine>
						<TextLine ID="line_17" HPOS="266" VPOS="1111" WIDTH="1487" HEIGHT="47">
							<String ID="string_170" HPOS="266" VPOS="1120" WIDTH="119" HEIGHT="30" WC="0.96" CONTENT="råden."/><SP WIDTH="26" VPOS="1120" HPOS="385"/>
							<String ID="string_171" HPOS="411" VPOS="1120" WIDTH="67" HEIGHT="29" WC="0.96" CONTENT="För"/><SP WIDTH="27" VPOS="1120" HPOS="478"/>
							<String ID="string_172" HPOS="505" VPOS="1120" WIDTH="48" HEIGHT="28" WC="0.96" CONTENT="att"/><SP WIDTH="28" VPOS="1120" HPOS="553"/>
							<String ID="string_173" HPOS="581" VPOS="1118" WIDTH="179" HEIGHT="40" WC="0.96" CONTENT="tillgodose"/><SP WIDTH="27" VPOS="1118" HPOS="760"/>
							<String ID="string_174" HPOS="787" VPOS="1116" WIDTH="199" HEIGHT="40" WC="0.96" CONTENT="anspråken"/><SP WIDTH="25" VPOS="1116" HPOS="986"/>
							<String ID="string_175" HPOS="1011" VPOS="1115" WIDTH="45" HEIGHT="40" WC="0.93" CONTENT="på"/><SP WIDTH="25" VPOS="1115" HPOS="1056"/>
							<String ID="string_176" HPOS="1081" VPOS="1113" WIDTH="253" HEIGHT="40" WC="0.92" CONTENT="kreditgaranti"/><SP WIDTH="26" VPOS="1113" HPOS="1334"/>
							<String ID="string_177" HPOS="1360" VPOS="1112" WIDTH="44" HEIGHT="40" WC="0.96" CONTENT="på"/><SP WIDTH="25" VPOS="1112" HPOS="1404"/>
							<String ID="string_178" HPOS="1429" VPOS="1111" WIDTH="226" HEIGHT="40" WC="0.93" CONTENT="jordbrukets"/><SP WIDTH="27" VPOS="1111" HPOS="1655"/>
							<String ID="string_179" HPOS="1682" VPOS="1119" WIDTH="71" HEIGHT="20" WC="0.91" CONTENT="om-"/>
						</TextLine>
						<TextLine ID="line_18" HPOS="266" VPOS="1164" WIDTH="1488" HEIGHT="45">
							<String ID="string_180" HPOS="266" VPOS="1174" WIDTH="83" HEIGHT="30" WC="0.96" CONTENT="råde"/><SP WIDTH="22" VPOS="1174" HPOS="349"/>
							<String ID="string_181" HPOS="371" VPOS="1174" WIDTH="109" HEIGHT="29" WC="0.96" CONTENT="redan"/><SP WIDTH="22" VPOS="1174" HPOS="480"/>
							<String ID="string_182" HPOS="502" VPOS="1173" WIDTH="112" HEIGHT="29" WC="0.96" CONTENT="under"/><SP WIDTH="22" VPOS="1173" HPOS="614"/>
							<String ID="string_183" HPOS="636" VPOS="1171" WIDTH="236" HEIGHT="30" WC="0.96" CONTENT="innevarande"/><SP WIDTH="22" VPOS="1171" HPOS="872"/>
							<String ID="string_184" HPOS="894" VPOS="1169" WIDTH="169" HEIGHT="40" WC="0.96" CONTENT="budgetår"/><SP WIDTH="24" VPOS="1169" HPOS="1063"/>
							<String ID="string_185" HPOS="1087" VPOS="1168" WIDTH="146" HEIGHT="30" WC="0.96" CONTENT="föreslår"/><SP WIDTH="23" VPOS="1168" HPOS="1233"/>
							<String ID="string_186" HPOS="1256" VPOS="1168" WIDTH="59" HEIGHT="39" WC="0.95" CONTENT="jag"/><SP WIDTH="22" VPOS="1168" HPOS="1315"/>
							<String ID="string_187" HPOS="1337" VPOS="1167" WIDTH="11" HEIGHT="29" WC="0.96" CONTENT="i"/><SP WIDTH="24" VPOS="1167" HPOS="1348"/>
							<String ID="string_188" HPOS="1372" VPOS="1165" WIDTH="188" HEIGHT="39" WC="0.96" CONTENT="anledning"/><SP WIDTH="23" VPOS="1165" HPOS="1560"/>
							<String ID="string_189" HPOS="1583" VPOS="1174" WIDTH="42" HEIGHT="20" WC="0.93" CONTENT="av"/><SP WIDTH="23" VPOS="1174" HPOS="1625"/>
							<String ID="string_190" HPOS="1648" VPOS="1164" WIDTH="106" HEIGHT="29" WC="0.91" CONTENT="fram-"/>
						</TextLine>
						<TextLine ID="line_19" HPOS="270" VPOS="1218" WIDTH="1483" HEIGHT="49">
							<String ID="string_191" HPOS="270" VPOS="1229" WIDTH="165" HEIGHT="38" WC="0.96" CONTENT="ställning"/><SP WIDTH="30" VPOS="1229" HPOS="435"/>
							<String ID="string_192" HPOS="465" VPOS="1237" WIDTH="42" HEIGHT="20" WC="0.93" CONTENT="av"/><SP WIDTH="29" VPOS="1237" HPOS="507"/>
							<String ID="string_193" HPOS="536" VPOS="1225" WIDTH="358" HEIGHT="40" WC="0.89" CONTENT="lantbruksstyrelsen"/><SP WIDTH="31" VPOS="1225" HPOS="894"/>
							<String ID="string_194" HPOS="925" VPOS="1225" WIDTH="49" HEIGHT="28" WC="0.96" CONTENT="att"/><SP WIDTH="29" VPOS="1225" HPOS="974"/>
							<String ID="string_195" HPOS="1003" VPOS="1232" WIDTH="166" HEIGHT="20" WC="0.96" CONTENT="ramarna"/><SP WIDTH="29" VPOS="1232" HPOS="1169"/>
							<String ID="string_196" HPOS="1198" VPOS="1222" WIDTH="54" HEIGHT="29" WC="0.96" CONTENT="för"/><SP WIDTH="30" VPOS="1222" HPOS="1252"/>
							<String ID="string_197" HPOS="1282" VPOS="1220" WIDTH="204" HEIGHT="40" WC="0.93" CONTENT="budgetåret"/><SP WIDTH="33" VPOS="1220" HPOS="1486"/>
							<String ID="string_198" HPOS="1519" VPOS="1218" WIDTH="147" HEIGHT="36" WC="0.92" CONTENT="1966/67"/><SP WIDTH="34" VPOS="1218" HPOS="1666"/>
							<String ID="string_199" HPOS="1700" VPOS="1218" WIDTH="53" HEIGHT="29" WC="0.97" CONTENT="för"/>
						</TextLine>
						<TextLine ID="line_20" HPOS="267" VPOS="1271" WIDTH="1486" HEIGHT="51">
							<String ID="string_200" HPOS="267" VPOS="1282" WIDTH="197" HEIGHT="40" WC="0.90" CONTENT="garantilån"/><SP WIDTH="23" VPOS="1282" HPOS="464"/>
							<String ID="string_201" HPOS="487" VPOS="1281" WIDTH="53" HEIGHT="30" WC="0.96" CONTENT="till"/><SP WIDTH="22" VPOS="1281" HPOS="540"/>
							<String ID="string_202" HPOS="562" VPOS="1282" WIDTH="91" HEIGHT="39" WC="0.96" CONTENT="yttre"/><SP WIDTH="23" VPOS="1282" HPOS="653"/>
							<String ID="string_203" HPOS="676" VPOS="1279" WIDTH="65" HEIGHT="30" WC="0.96" CONTENT="och"/><SP WIDTH="23" VPOS="1279" HPOS="741"/>
							<String ID="string_204" HPOS="764" VPOS="1280" WIDTH="75" HEIGHT="28" WC="0.96" CONTENT="inre"/><SP WIDTH="23" VPOS="1280" HPOS="839"/>
							<String ID="string_205" HPOS="862" VPOS="1277" WIDTH="281" HEIGHT="39" WC="0.95" CONTENT="rationalisering"/><SP WIDTH="22" VPOS="1277" HPOS="1143"/>
							<String ID="string_206" HPOS="1165" VPOS="1275" WIDTH="148" HEIGHT="31" WC="0.96" CONTENT="vardera"/><SP WIDTH="22" VPOS="1275" HPOS="1313"/>
							<String ID="string_207" HPOS="1335" VPOS="1274" WIDTH="160" HEIGHT="39" WC="0.96" CONTENT="utvidgas"/><SP WIDTH="24" VPOS="1274" HPOS="1495"/>
							<String ID="string_208" HPOS="1519" VPOS="1272" WIDTH="79" HEIGHT="30" WC="0.95" CONTENT="med"/><SP WIDTH="26" VPOS="1272" HPOS="1598"/>
							<String ID="string_209" HPOS="1624" VPOS="1272" WIDTH="15" HEIGHT="30" WC="0.96" CONTENT="7"/><SP WIDTH="27" VPOS="1272" HPOS="1639"/>
							<String ID="string_210" HPOS="1666" VPOS="1271" WIDTH="87" HEIGHT="40" WC="0.96" CONTENT="milj."/>
						</TextLine>
						<TextLine ID="line_21" HPOS="267" VPOS="1332" WIDTH="728" HEIGHT="42">
							<String ID="string_211" HPOS="267" VPOS="1337" WIDTH="52" HEIGHT="29" WC="0.95" CONTENT="kr."/><SP WIDTH="22" VPOS="1337" HPOS="319"/>
							<String ID="string_212" HPOS="341" VPOS="1337" WIDTH="52" HEIGHT="29" WC="0.96" CONTENT="till"/><SP WIDTH="21" VPOS="1337" HPOS="393"/>
							<String ID="string_213" HPOS="414" VPOS="1336" WIDTH="41" HEIGHT="29" WC="0.96" CONTENT="52"/><SP WIDTH="22" VPOS="1336" HPOS="455"/>
							<String ID="string_214" HPOS="477" VPOS="1335" WIDTH="87" HEIGHT="39" WC="0.95" CONTENT="milj."/><SP WIDTH="22" VPOS="1335" HPOS="564"/>
							<String ID="string_215" HPOS="586" VPOS="1335" WIDTH="52" HEIGHT="29" WC="0.96" CONTENT="kr."/><SP WIDTH="21" VPOS="1335" HPOS="638"/>
							<String ID="string_216" HPOS="659" VPOS="1343" WIDTH="90" HEIGHT="30" WC="0.93" CONTENT="resp."/><SP WIDTH="22" VPOS="1343" HPOS="749"/>
							<String ID="string_217" HPOS="771" VPOS="1333" WIDTH="40" HEIGHT="29" WC="0.96" CONTENT="45"/><SP WIDTH="23" VPOS="1333" HPOS="811"/>
							<String ID="string_218" HPOS="834" VPOS="1332" WIDTH="87" HEIGHT="40" WC="0.96" CONTENT="milj."/><SP WIDTH="22" VPOS="1332" HPOS="921"/>
							<String ID="string_219" HPOS="943" VPOS="1332" WIDTH="52" HEIGHT="29" WC="0.96" CONTENT="kr."/>
						</TextLine>
					</TextBlock>
					<TextBlock ID="block_4" HPOS="269" VPOS="1379" WIDTH="1489" HEIGHT="741">
						<TextLine ID="line_22" HPOS="312" VPOS="1379" WIDTH="1443" HEIGHT="49">
							<String ID="string_220" HPOS="312" VPOS="1391" WIDTH="67" HEIGHT="28" WC="0.96" CONTENT="För"/><SP WIDTH="23" VPOS="1391" HPOS="379"/>
							<String ID="string_221" HPOS="402" VPOS="1389" WIDTH="204" HEIGHT="39" WC="0.93" CONTENT="budgetåret"/><SP WIDTH="26" VPOS="1389" HPOS="606"/>
							<String ID="string_222" HPOS="632" VPOS="1387" WIDTH="149" HEIGHT="35" WC="0.91" CONTENT="1967/68"/><SP WIDTH="23" VPOS="1387" HPOS="781"/>
							<String ID="string_223" HPOS="804" VPOS="1387" WIDTH="62" HEIGHT="29" WC="0.93" CONTENT="bör"/><SP WIDTH="25" VPOS="1387" HPOS="866"/>
							<String ID="string_224" HPOS="891" VPOS="1385" WIDTH="258" HEIGHT="40" WC="0.92" CONTENT="garantiramen"/><SP WIDTH="25" VPOS="1385" HPOS="1149"/>
							<String ID="string_225" HPOS="1174" VPOS="1383" WIDTH="54" HEIGHT="30" WC="0.96" CONTENT="för"/><SP WIDTH="23" VPOS="1383" HPOS="1228"/>
							<String ID="string_226" HPOS="1251" VPOS="1384" WIDTH="91" HEIGHT="38" WC="0.96" CONTENT="yttre"/><SP WIDTH="23" VPOS="1384" HPOS="1342"/>
							<String ID="string_227" HPOS="1365" VPOS="1380" WIDTH="282" HEIGHT="39" WC="0.96" CONTENT="rationalisering"/><SP WIDTH="24" VPOS="1380" HPOS="1647"/>
							<String ID="string_228" HPOS="1671" VPOS="1379" WIDTH="84" HEIGHT="29" WC="0.92" CONTENT="fast-"/>
						</TextLine>
						<TextLine ID="line_23" HPOS="270" VPOS="1433" WIDTH="1485" HEIGHT="48">
							<String ID="string_229" HPOS="270" VPOS="1445" WIDTH="119" HEIGHT="29" WC="0.95" CONTENT="ställas"/><SP WIDTH="19" VPOS="1445" HPOS="389"/>
							<String ID="string_230" HPOS="408" VPOS="1444" WIDTH="53" HEIGHT="29" WC="0.96" CONTENT="till"/><SP WIDTH="21" VPOS="1444" HPOS="461"/>
							<String ID="string_231" HPOS="482" VPOS="1442" WIDTH="39" HEIGHT="30" WC="0.95" CONTENT="65"/><SP WIDTH="22" VPOS="1442" HPOS="521"/>
							<String ID="string_232" HPOS="543" VPOS="1442" WIDTH="88" HEIGHT="39" WC="0.96" CONTENT="milj."/><SP WIDTH="20" VPOS="1442" HPOS="631"/>
							<String ID="string_233" HPOS="651" VPOS="1442" WIDTH="52" HEIGHT="28" WC="0.96" CONTENT="kr."/><SP WIDTH="21" VPOS="1442" HPOS="703"/>
							<String ID="string_234" HPOS="724" VPOS="1440" WIDTH="65" HEIGHT="30" WC="0.96" CONTENT="och"/><SP WIDTH="21" VPOS="1440" HPOS="789"/>
							<String ID="string_235" HPOS="810" VPOS="1440" WIDTH="54" HEIGHT="30" WC="0.96" CONTENT="för"/><SP WIDTH="19" VPOS="1440" HPOS="864"/>
							<String ID="string_236" HPOS="883" VPOS="1440" WIDTH="75" HEIGHT="29" WC="0.96" CONTENT="inre"/><SP WIDTH="20" VPOS="1440" HPOS="958"/>
							<String ID="string_237" HPOS="978" VPOS="1437" WIDTH="282" HEIGHT="39" WC="0.96" CONTENT="rationalisering"/><SP WIDTH="19" VPOS="1437" HPOS="1260"/>
							<String ID="string_238" HPOS="1279" VPOS="1437" WIDTH="53" HEIGHT="28" WC="0.96" CONTENT="till"/><SP WIDTH="21" VPOS="1437" HPOS="1332"/>
							<String ID="string_239" HPOS="1353" VPOS="1435" WIDTH="40" HEIGHT="30" WC="0.96" CONTENT="50"/><SP WIDTH="22" VPOS="1435" HPOS="1393"/>
							<String ID="string_240" HPOS="1415" VPOS="1435" WIDTH="88" HEIGHT="39" WC="0.95" CONTENT="milj."/><SP WIDTH="21" VPOS="1435" HPOS="1503"/>
							<String ID="string_241" HPOS="1524" VPOS="1435" WIDTH="52" HEIGHT="28" WC="0.93" CONTENT="kr."/><SP WIDTH="22" VPOS="1435" HPOS="1576"/>
							<String ID="string_242" HPOS="1598" VPOS="1433" WIDTH="157" HEIGHT="30" WC="0.92" CONTENT="Garanti-"/>
						</TextLine>
						<TextLine ID="line_24" HPOS="269" VPOS="1487" WIDTH="1486" HEIGHT="48">
							<String ID="string_243" HPOS="269" VPOS="1507" WIDTH="166" HEIGHT="21" WC="0.96" CONTENT="ramarna"/><SP WIDTH="29" VPOS="1507" HPOS="435"/>
							<String ID="string_244" HPOS="464" VPOS="1497" WIDTH="54" HEIGHT="29" WC="0.93" CONTENT="för"/><SP WIDTH="29" VPOS="1497" HPOS="518"/>
							<String ID="string_245" HPOS="547" VPOS="1495" WIDTH="302" HEIGHT="40" WC="0.92" CONTENT="jordförvärvslån"/><SP WIDTH="30" VPOS="1495" HPOS="849"/>
							<String ID="string_246" HPOS="879" VPOS="1493" WIDTH="65" HEIGHT="30" WC="0.89" CONTENT="och"/><SP WIDTH="30" VPOS="1493" HPOS="944"/>
							<String ID="string_247" HPOS="974" VPOS="1492" WIDTH="164" HEIGHT="30" WC="0.89" CONTENT="driftslån"/><SP WIDTH="31" VPOS="1492" HPOS="1138"/>
							<String ID="string_248" HPOS="1169" VPOS="1492" WIDTH="37" HEIGHT="29" WC="0.96" CONTENT="är"/><SP WIDTH="30" VPOS="1492" HPOS="1206"/>
							<String ID="string_249" HPOS="1236" VPOS="1491" WIDTH="54" HEIGHT="29" WC="0.96" CONTENT="för"/><SP WIDTH="30" VPOS="1491" HPOS="1290"/>
							<String ID="string_250" HPOS="1320" VPOS="1488" WIDTH="236" HEIGHT="31" WC="0.96" CONTENT="innevarande"/><SP WIDTH="30" VPOS="1488" HPOS="1556"/>
							<String ID="string_251" HPOS="1586" VPOS="1487" WIDTH="169" HEIGHT="39" WC="0.96" CONTENT="budgetår"/>
						</TextLine>
						<TextLine ID="line_25" HPOS="270" VPOS="1540" WIDTH="1486" HEIGHT="48">
							<String ID="string_252" HPOS="270" VPOS="1551" WIDTH="199" HEIGHT="31" WC="0.96" CONTENT="fastställda"/><SP WIDTH="21" VPOS="1551" HPOS="469"/>
							<String ID="string_253" HPOS="490" VPOS="1551" WIDTH="53" HEIGHT="29" WC="0.96" CONTENT="till"/><SP WIDTH="24" VPOS="1551" HPOS="543"/>
							<String ID="string_254" HPOS="567" VPOS="1550" WIDTH="40" HEIGHT="30" WC="0.96" CONTENT="30"/><SP WIDTH="24" VPOS="1550" HPOS="607"/>
							<String ID="string_255" HPOS="631" VPOS="1549" WIDTH="88" HEIGHT="39" WC="0.96" CONTENT="milj."/><SP WIDTH="24" VPOS="1549" HPOS="719"/>
							<String ID="string_256" HPOS="743" VPOS="1549" WIDTH="52" HEIGHT="29" WC="0.95" CONTENT="kr."/><SP WIDTH="22" VPOS="1549" HPOS="795"/>
							<String ID="string_257" HPOS="817" VPOS="1557" WIDTH="90" HEIGHT="30" WC="0.95" CONTENT="resp."/><SP WIDTH="25" VPOS="1557" HPOS="907"/>
							<String ID="string_258" HPOS="932" VPOS="1547" WIDTH="40" HEIGHT="29" WC="0.96" CONTENT="20"/><SP WIDTH="24" VPOS="1547" HPOS="972"/>
							<String ID="string_259" HPOS="996" VPOS="1546" WIDTH="87" HEIGHT="39" WC="0.95" CONTENT="milj."/><SP WIDTH="24" VPOS="1546" HPOS="1083"/>
							<String ID="string_260" HPOS="1107" VPOS="1546" WIDTH="52" HEIGHT="29" WC="0.96" CONTENT="kr."/><SP WIDTH="24" VPOS="1546" HPOS="1159"/>
							<String ID="string_261" HPOS="1183" VPOS="1545" WIDTH="67" HEIGHT="29" WC="0.96" CONTENT="För"/><SP WIDTH="24" VPOS="1545" HPOS="1250"/>
							<String ID="string_262" HPOS="1274" VPOS="1545" WIDTH="50" HEIGHT="28" WC="0.96" CONTENT="att"/><SP WIDTH="23" VPOS="1545" HPOS="1324"/>
							<String ID="string_263" HPOS="1347" VPOS="1543" WIDTH="103" HEIGHT="30" WC="0.96" CONTENT="täcka"/><SP WIDTH="22" VPOS="1543" HPOS="1450"/>
							<String ID="string_264" HPOS="1472" VPOS="1542" WIDTH="149" HEIGHT="30" WC="0.96" CONTENT="väntade"/><SP WIDTH="24" VPOS="1542" HPOS="1621"/>
							<String ID="string_265" HPOS="1645" VPOS="1540" WIDTH="111" HEIGHT="30" WC="0.96" CONTENT="ökade"/>
						</TextLine>
						<TextLine ID="line_26" HPOS="269" VPOS="1594" WIDTH="1487" HEIGHT="51">
							<String ID="string_266" HPOS="269" VPOS="1605" WIDTH="154" HEIGHT="40" WC="0.96" CONTENT="anspråk"/><SP WIDTH="24" VPOS="1605" HPOS="423"/>
							<String ID="string_267" HPOS="447" VPOS="1604" WIDTH="44" HEIGHT="40" WC="0.96" CONTENT="på"/><SP WIDTH="23" VPOS="1604" HPOS="491"/>
							<String ID="string_268" HPOS="514" VPOS="1602" WIDTH="267" HEIGHT="41" WC="0.93" CONTENT="ifrågavarande"/><SP WIDTH="25" VPOS="1602" HPOS="781"/>
							<String ID="string_269" HPOS="806" VPOS="1600" WIDTH="196" HEIGHT="41" WC="0.92" CONTENT="garantilån"/><SP WIDTH="23" VPOS="1600" HPOS="1002"/>
							<String ID="string_270" HPOS="1025" VPOS="1600" WIDTH="173" HEIGHT="29" WC="0.96" CONTENT="beräknar"/><SP WIDTH="24" VPOS="1600" HPOS="1198"/>
							<String ID="string_271" HPOS="1222" VPOS="1598" WIDTH="59" HEIGHT="40" WC="0.96" CONTENT="jag"/><SP WIDTH="25" VPOS="1598" HPOS="1281"/>
							<String ID="string_272" HPOS="1306" VPOS="1599" WIDTH="50" HEIGHT="28" WC="0.96" CONTENT="att"/><SP WIDTH="23" VPOS="1599" HPOS="1356"/>
							<String ID="string_273" HPOS="1379" VPOS="1605" WIDTH="122" HEIGHT="21" WC="0.96" CONTENT="ramen"/><SP WIDTH="26" VPOS="1605" HPOS="1501"/>
							<String ID="string_274" HPOS="1527" VPOS="1596" WIDTH="53" HEIGHT="29" WC="0.96" CONTENT="för"/><SP WIDTH="25" VPOS="1596" HPOS="1580"/>
							<String ID="string_275" HPOS="1605" VPOS="1594" WIDTH="151" HEIGHT="40" WC="0.91" CONTENT="jordför-"/>
						</TextLine>
						<TextLine ID="line_27" HPOS="270" VPOS="1649" WIDTH="1487" HEIGHT="45">
							<String ID="string_276" HPOS="270" VPOS="1659" WIDTH="162" HEIGHT="30" WC="0.90" CONTENT="värvslån"/><SP WIDTH="17" VPOS="1659" HPOS="432"/>
							<String ID="string_277" HPOS="449" VPOS="1658" WIDTH="149" HEIGHT="30" WC="0.96" CONTENT="behöver"/><SP WIDTH="19" VPOS="1658" HPOS="598"/>
							<String ID="string_278" HPOS="617" VPOS="1658" WIDTH="85" HEIGHT="29" WC="0.96" CONTENT="ökas"/><SP WIDTH="18" VPOS="1658" HPOS="702"/>
							<String ID="string_279" HPOS="720" VPOS="1656" WIDTH="79" HEIGHT="30" WC="0.96" CONTENT="med"/><SP WIDTH="21" VPOS="1656" HPOS="799"/>
							<String ID="string_280" HPOS="820" VPOS="1656" WIDTH="15" HEIGHT="29" WC="0.96" CONTENT="7"/><SP WIDTH="20" VPOS="1656" HPOS="835"/>
							<String ID="string_281" HPOS="855" VPOS="1655" WIDTH="88" HEIGHT="39" WC="0.96" CONTENT="milj."/><SP WIDTH="19" VPOS="1655" HPOS="943"/>
							<String ID="string_282" HPOS="962" VPOS="1655" WIDTH="51" HEIGHT="28" WC="0.96" CONTENT="kr."/><SP WIDTH="19" VPOS="1655" HPOS="1013"/>
							<String ID="string_283" HPOS="1032" VPOS="1654" WIDTH="52" HEIGHT="29" WC="0.96" CONTENT="till"/><SP WIDTH="19" VPOS="1654" HPOS="1084"/>
							<String ID="string_284" HPOS="1103" VPOS="1653" WIDTH="40" HEIGHT="30" WC="0.96" CONTENT="37"/><SP WIDTH="20" VPOS="1653" HPOS="1143"/>
							<String ID="string_285" HPOS="1163" VPOS="1653" WIDTH="88" HEIGHT="39" WC="0.95" CONTENT="milj."/><SP WIDTH="19" VPOS="1653" HPOS="1251"/>
							<String ID="string_286" HPOS="1270" VPOS="1652" WIDTH="52" HEIGHT="29" WC="0.96" CONTENT="kr."/><SP WIDTH="19" VPOS="1652" HPOS="1322"/>
							<String ID="string_287" HPOS="1341" VPOS="1651" WIDTH="65" HEIGHT="30" WC="0.96" CONTENT="och"/><SP WIDTH="18" VPOS="1651" HPOS="1406"/>
							<String ID="string_288" HPOS="1424" VPOS="1659" WIDTH="122" HEIGHT="21" WC="0.95" CONTENT="ramen"/><SP WIDTH="19" VPOS="1659" HPOS="1546"/>
							<String ID="string_289" HPOS="1565" VPOS="1650" WIDTH="54" HEIGHT="29" WC="0.93" CONTENT="för"/><SP WIDTH="19" VPOS="1650" HPOS="1619"/>
							<String ID="string_290" HPOS="1638" VPOS="1649" WIDTH="119" HEIGHT="29" WC="0.92" CONTENT="drifts-"/>
						</TextLine>
						<TextLine ID="line_28" HPOS="270" VPOS="1703" WIDTH="1486" HEIGHT="48">
							<String ID="string_291" HPOS="270" VPOS="1714" WIDTH="57" HEIGHT="29" WC="0.95" CONTENT="lån"/><SP WIDTH="23" VPOS="1714" HPOS="327"/>
							<String ID="string_292" HPOS="350" VPOS="1713" WIDTH="79" HEIGHT="29" WC="0.96" CONTENT="med"/><SP WIDTH="24" VPOS="1713" HPOS="429"/>
							<String ID="string_293" HPOS="453" VPOS="1712" WIDTH="38" HEIGHT="30" WC="0.96" CONTENT="10"/><SP WIDTH="23" VPOS="1712" HPOS="491"/>
							<String ID="string_294" HPOS="514" VPOS="1712" WIDTH="87" HEIGHT="39" WC="0.96" CONTENT="milj."/><SP WIDTH="23" VPOS="1712" HPOS="601"/>
							<String ID="string_295" HPOS="624" VPOS="1712" WIDTH="51" HEIGHT="28" WC="0.96" CONTENT="kr."/><SP WIDTH="22" VPOS="1712" HPOS="675"/>
							<String ID="string_296" HPOS="697" VPOS="1711" WIDTH="53" HEIGHT="29" WC="0.96" CONTENT="till"/><SP WIDTH="22" VPOS="1711" HPOS="750"/>
							<String ID="string_297" HPOS="772" VPOS="1710" WIDTH="40" HEIGHT="29" WC="0.96" CONTENT="30"/><SP WIDTH="22" VPOS="1710" HPOS="812"/>
							<String ID="string_298" HPOS="834" VPOS="1709" WIDTH="88" HEIGHT="39" WC="0.96" CONTENT="milj."/><SP WIDTH="22" VPOS="1709" HPOS="922"/>
							<String ID="string_299" HPOS="944" VPOS="1709" WIDTH="52" HEIGHT="29" WC="0.96" CONTENT="kr."/><SP WIDTH="23" VPOS="1709" HPOS="996"/>
							<String ID="string_300" HPOS="1019" VPOS="1708" WIDTH="13" HEIGHT="29" WC="0.96" CONTENT="I"/><SP WIDTH="23" VPOS="1708" HPOS="1032"/>
							<String ID="string_301" HPOS="1055" VPOS="1707" WIDTH="56" HEIGHT="30" WC="0.96" CONTENT="det"/><SP WIDTH="22" VPOS="1707" HPOS="1111"/>
							<String ID="string_302" HPOS="1133" VPOS="1705" WIDTH="208" HEIGHT="41" WC="0.96" CONTENT="föregående"/><SP WIDTH="20" VPOS="1705" HPOS="1341"/>
							<String ID="string_303" HPOS="1361" VPOS="1705" WIDTH="65" HEIGHT="29" WC="0.96" CONTENT="har"/><SP WIDTH="21" VPOS="1705" HPOS="1426"/>
							<String ID="string_304" HPOS="1447" VPOS="1704" WIDTH="59" HEIGHT="39" WC="0.96" CONTENT="jag"/><SP WIDTH="22" VPOS="1704" HPOS="1506"/>
							<String ID="string_305" HPOS="1528" VPOS="1703" WIDTH="156" HEIGHT="30" WC="0.96" CONTENT="förordat"/><SP WIDTH="23" VPOS="1703" HPOS="1684"/>
							<String ID="string_306" HPOS="1707" VPOS="1704" WIDTH="49" HEIGHT="28" WC="0.96" CONTENT="att"/>
						</TextLine>
						<TextLine ID="line_29" HPOS="272" VPOS="1756" WIDTH="1485" HEIGHT="50">
							<String ID="string_307" HPOS="272" VPOS="1767" WIDTH="117" HEIGHT="39" WC="0.93" CONTENT="statlig"/><SP WIDTH="30" VPOS="1767" HPOS="389"/>
							<String ID="string_308" HPOS="419" VPOS="1765" WIDTH="253" HEIGHT="40" WC="0.91" CONTENT="kreditgaranti"/><SP WIDTH="31" VPOS="1765" HPOS="672"/>
							<String ID="string_309" HPOS="703" VPOS="1763" WIDTH="112" HEIGHT="30" WC="0.96" CONTENT="införs"/><SP WIDTH="31" VPOS="1763" HPOS="815"/>
							<String ID="string_310" HPOS="846" VPOS="1763" WIDTH="54" HEIGHT="29" WC="0.92" CONTENT="för"/><SP WIDTH="31" VPOS="1763" HPOS="900"/>
							<String ID="string_311" HPOS="931" VPOS="1761" WIDTH="210" HEIGHT="30" WC="0.83" CONTENT="maskinlån."/><SP WIDTH="32" VPOS="1761" HPOS="1141"/>
							<String ID="string_312" HPOS="1173" VPOS="1759" WIDTH="208" HEIGHT="40" WC="0.91" CONTENT="Anspråken"/><SP WIDTH="31" VPOS="1759" HPOS="1381"/>
							<String ID="string_313" HPOS="1412" VPOS="1758" WIDTH="44" HEIGHT="40" WC="0.96" CONTENT="på"/><SP WIDTH="32" VPOS="1758" HPOS="1456"/>
							<String ID="string_314" HPOS="1488" VPOS="1757" WIDTH="109" HEIGHT="30" WC="0.93" CONTENT="sådan"/><SP WIDTH="31" VPOS="1757" HPOS="1597"/>
							<String ID="string_315" HPOS="1628" VPOS="1756" WIDTH="129" HEIGHT="29" WC="0.91" CONTENT="kredit-"/>
						</TextLine>
						<TextLine ID="line_30" HPOS="271" VPOS="1810" WIDTH="1486" HEIGHT="51">
							<String ID="string_316" HPOS="271" VPOS="1821" WIDTH="136" HEIGHT="40" WC="0.96" CONTENT="garanti"/><SP WIDTH="20" VPOS="1821" HPOS="407"/>
							<String ID="string_317" HPOS="427" VPOS="1820" WIDTH="173" HEIGHT="30" WC="0.96" CONTENT="beräknar"/><SP WIDTH="21" VPOS="1820" HPOS="600"/>
							<String ID="string_318" HPOS="621" VPOS="1819" WIDTH="59" HEIGHT="39" WC="0.96" CONTENT="jag"/><SP WIDTH="20" VPOS="1819" HPOS="680"/>
							<String ID="string_319" HPOS="700" VPOS="1817" WIDTH="116" HEIGHT="40" WC="0.96" CONTENT="uppgå"/><SP WIDTH="20" VPOS="1817" HPOS="816"/>
							<String ID="string_320" HPOS="836" VPOS="1817" WIDTH="53" HEIGHT="29" WC="0.96" CONTENT="till"/><SP WIDTH="23" VPOS="1817" HPOS="889"/>
							<String ID="string_321" HPOS="912" VPOS="1825" WIDTH="135" HEIGHT="21" WC="0.96" CONTENT="samma"/><SP WIDTH="19" VPOS="1825" HPOS="1047"/>
							<String ID="string_322" HPOS="1066" VPOS="1815" WIDTH="124" HEIGHT="39" WC="0.96" CONTENT="belopp"/><SP WIDTH="23" VPOS="1815" HPOS="1190"/>
							<String ID="string_323" HPOS="1213" VPOS="1823" WIDTH="74" HEIGHT="20" WC="0.95" CONTENT="som"/><SP WIDTH="23" VPOS="1823" HPOS="1287"/>
							<String ID="string_324" HPOS="1310" VPOS="1813" WIDTH="66" HEIGHT="29" WC="0.96" CONTENT="fått"/><SP WIDTH="22" VPOS="1813" HPOS="1376"/>
							<String ID="string_325" HPOS="1398" VPOS="1812" WIDTH="204" HEIGHT="39" WC="0.96" CONTENT="disponeras"/><SP WIDTH="22" VPOS="1812" HPOS="1602"/>
							<String ID="string_326" HPOS="1624" VPOS="1811" WIDTH="54" HEIGHT="29" WC="0.96" CONTENT="för"/><SP WIDTH="21" VPOS="1811" HPOS="1678"/>
							<String ID="string_327" HPOS="1699" VPOS="1810" WIDTH="58" HEIGHT="29" WC="0.96" CONTENT="lån"/>
						</TextLine>
						<TextLine ID="line_31" HPOS="272" VPOS="1864" WIDTH="1486" HEIGHT="50">
							<String ID="string_328" HPOS="272" VPOS="1875" WIDTH="80" HEIGHT="29" WC="0.96" CONTENT="från"/><SP WIDTH="30" VPOS="1875" HPOS="352"/>
							<String ID="string_329" HPOS="382" VPOS="1874" WIDTH="226" HEIGHT="40" WC="0.93" CONTENT="jordbrukets"/><SP WIDTH="32" VPOS="1874" HPOS="608"/>
							<String ID="string_330" HPOS="640" VPOS="1870" WIDTH="308" HEIGHT="31" WC="0.92" CONTENT="maskinlånefond"/><SP WIDTH="31" VPOS="1870" HPOS="948"/>
							<String ID="string_331" HPOS="979" VPOS="1869" WIDTH="111" HEIGHT="29" WC="0.96" CONTENT="under"/><SP WIDTH="31" VPOS="1869" HPOS="1090"/>
							<String ID="string_332" HPOS="1121" VPOS="1866" WIDTH="237" HEIGHT="31" WC="0.96" CONTENT="innevarande"/><SP WIDTH="30" VPOS="1866" HPOS="1358"/>
							<String ID="string_333" HPOS="1388" VPOS="1865" WIDTH="180" HEIGHT="40" WC="0.93" CONTENT="budgetår."/><SP WIDTH="33" VPOS="1865" HPOS="1568"/>
							<String ID="string_334" HPOS="1601" VPOS="1864" WIDTH="157" HEIGHT="30" WC="0.92" CONTENT="Garanti-"/>
						</TextLine>
						<TextLine ID="line_32" HPOS="270" VPOS="1917" WIDTH="1488" HEIGHT="43">
							<String ID="string_335" HPOS="270" VPOS="1938" WIDTH="122" HEIGHT="20" WC="0.96" CONTENT="ramen"/><SP WIDTH="24" VPOS="1938" HPOS="392"/>
							<String ID="string_336" HPOS="416" VPOS="1928" WIDTH="53" HEIGHT="29" WC="0.93" CONTENT="för"/><SP WIDTH="24" VPOS="1928" HPOS="469"/>
							<String ID="string_337" HPOS="493" VPOS="1926" WIDTH="199" HEIGHT="30" WC="0.90" CONTENT="maskinlån"/><SP WIDTH="23" VPOS="1926" HPOS="692"/>
							<String ID="string_338" HPOS="715" VPOS="1926" WIDTH="61" HEIGHT="29" WC="0.96" CONTENT="bör"/><SP WIDTH="24" VPOS="1926" HPOS="776"/>
							<String ID="string_339" HPOS="800" VPOS="1924" WIDTH="119" HEIGHT="30" WC="0.96" CONTENT="därför"/><SP WIDTH="24" VPOS="1924" HPOS="919"/>
							<String ID="string_340" HPOS="943" VPOS="1923" WIDTH="192" HEIGHT="30" WC="0.96" CONTENT="fastställas"/><SP WIDTH="22" VPOS="1923" HPOS="1135"/>
							<String ID="string_341" HPOS="1157" VPOS="1922" WIDTH="53" HEIGHT="29" WC="0.96" CONTENT="till"/><SP WIDTH="25" VPOS="1922" HPOS="1210"/>
							<String ID="string_342" HPOS="1235" VPOS="1921" WIDTH="16" HEIGHT="30" WC="0.96" CONTENT="7"/><SP WIDTH="25" VPOS="1921" HPOS="1251"/>
							<String ID="string_343" HPOS="1276" VPOS="1921" WIDTH="88" HEIGHT="39" WC="0.95" CONTENT="milj."/><SP WIDTH="23" VPOS="1921" HPOS="1364"/>
							<String ID="string_344" HPOS="1387" VPOS="1920" WIDTH="52" HEIGHT="29" WC="0.96" CONTENT="kr."/><SP WIDTH="23" VPOS="1920" HPOS="1439"/>
							<String ID="string_345" HPOS="1462" VPOS="1920" WIDTH="65" HEIGHT="38" WC="0.96" CONTENT="Jag"/><SP WIDTH="22" VPOS="1920" HPOS="1527"/>
							<String ID="string_346" HPOS="1549" VPOS="1918" WIDTH="64" HEIGHT="30" WC="0.96" CONTENT="har"/><SP WIDTH="23" VPOS="1918" HPOS="1613"/>
							<String ID="string_347" HPOS="1636" VPOS="1917" WIDTH="122" HEIGHT="30" WC="0.96" CONTENT="därvid"/>
						</TextLine>
						<TextLine ID="line_33" HPOS="272" VPOS="1973" WIDTH="1486" HEIGHT="44">
							<String ID="string_348" HPOS="272" VPOS="1984" WIDTH="86" HEIGHT="29" WC="0.96" CONTENT="även"/><SP WIDTH="23" VPOS="1984" HPOS="358"/>
							<String ID="string_349" HPOS="381" VPOS="1982" WIDTH="141" HEIGHT="30" WC="0.96" CONTENT="beaktat"/><SP WIDTH="24" VPOS="1982" HPOS="522"/>
							<String ID="string_350" HPOS="546" VPOS="1981" WIDTH="145" HEIGHT="29" WC="0.96" CONTENT="behovet"/><SP WIDTH="26" VPOS="1981" HPOS="691"/>
							<String ID="string_351" HPOS="717" VPOS="1989" WIDTH="41" HEIGHT="20" WC="0.93" CONTENT="av"/><SP WIDTH="23" VPOS="1989" HPOS="758"/>
							<String ID="string_352" HPOS="781" VPOS="1980" WIDTH="253" HEIGHT="37" WC="0.91" CONTENT="ramutrymme"/><SP WIDTH="26" VPOS="1980" HPOS="1034"/>
							<String ID="string_353" HPOS="1060" VPOS="1977" WIDTH="54" HEIGHT="29" WC="0.96" CONTENT="för"/><SP WIDTH="24" VPOS="1977" HPOS="1114"/>
							<String ID="string_354" HPOS="1138" VPOS="1976" WIDTH="59" HEIGHT="30" WC="0.96" CONTENT="lån"/><SP WIDTH="24" VPOS="1976" HPOS="1197"/>
							<String ID="string_355" HPOS="1221" VPOS="1975" WIDTH="54" HEIGHT="30" WC="0.96" CONTENT="för"/><SP WIDTH="26" VPOS="1975" HPOS="1275"/>
							<String ID="string_356" HPOS="1301" VPOS="1976" WIDTH="49" HEIGHT="28" WC="0.96" CONTENT="att"/><SP WIDTH="26" VPOS="1976" HPOS="1350"/>
							<String ID="string_357" HPOS="1376" VPOS="1973" WIDTH="118" HEIGHT="31" WC="0.96" CONTENT="skaffa"/><SP WIDTH="24" VPOS="1973" HPOS="1494"/>
							<String ID="string_358" HPOS="1518" VPOS="1973" WIDTH="140" HEIGHT="29" WC="0.95" CONTENT="maskin"/><SP WIDTH="26" VPOS="1973" HPOS="1658"/>
							<String ID="string_359" HPOS="1684" VPOS="1981" WIDTH="74" HEIGHT="20" WC="0.96" CONTENT="som"/>
						</TextLine>
						<TextLine ID="line_34" HPOS="273" VPOS="2026" WIDTH="1485" HEIGHT="48">
							<String ID="string_360" HPOS="273" VPOS="2037" WIDTH="89" HEIGHT="30" WC="0.96" CONTENT="skall"/><SP WIDTH="27" VPOS="2037" HPOS="362"/>
							<String ID="string_361" HPOS="389" VPOS="2035" WIDTH="179" HEIGHT="31" WC="0.96" CONTENT="användas"/><SP WIDTH="28" VPOS="2035" HPOS="568"/>
							<String ID="string_362" HPOS="596" VPOS="2034" WIDTH="215" HEIGHT="40" WC="0.96" CONTENT="gemensamt"/><SP WIDTH="29" VPOS="2034" HPOS="811"/>
							<String ID="string_363" HPOS="840" VPOS="2032" WIDTH="53" HEIGHT="30" WC="0.95" CONTENT="för"/><SP WIDTH="27" VPOS="2032" HPOS="893"/>
							<String ID="string_364" HPOS="920" VPOS="2030" WIDTH="237" HEIGHT="41" WC="0.96" CONTENT="yrkesmässig"/><SP WIDTH="27" VPOS="2030" HPOS="1157"/>
							<String ID="string_365" HPOS="1184" VPOS="2029" WIDTH="214" HEIGHT="40" WC="0.96" CONTENT="produktion"/><SP WIDTH="28" VPOS="2029" HPOS="1398"/>
							<String ID="string_366" HPOS="1426" VPOS="2036" WIDTH="42" HEIGHT="21" WC="0.91" CONTENT="av"/><SP WIDTH="27" VPOS="2036" HPOS="1468"/>
							<String ID="string_367" HPOS="1495" VPOS="2026" WIDTH="263" HEIGHT="40" WC="0.90" CONTENT="trädgårdspro-"/>
						</TextLine>
						<TextLine ID="line_35" HPOS="272" VPOS="2091" WIDTH="136" HEIGHT="29">
							<String ID="string_368" HPOS="272" VPOS="2091" WIDTH="136" HEIGHT="29" WC="0.96" CONTENT="dukter."/>
						</TextLine>
					</TextBlock>
					<TextBlock ID="block_5" HPOS="272" VPOS="2133" WIDTH="1488" HEIGHT="318">
						<TextLine ID="line_36" HPOS="318" VPOS="2133" WIDTH="1441" HEIGHT="49">
							<String ID="string_369" HPOS="318" VPOS="2144" WIDTH="237" HEIGHT="38" WC="0.95" CONTENT="Sammanlagt"/><SP WIDTH="19" VPOS="2144" HPOS="555"/>
							<String ID="string_370" HPOS="574" VPOS="2143" WIDTH="158" HEIGHT="29" WC="0.96" CONTENT="kommer"/><SP WIDTH="20" VPOS="2143" HPOS="732"/>
							<String ID="string_371" HPOS="752" VPOS="2140" WIDTH="102" HEIGHT="30" WC="0.95" CONTENT="alltså"/><SP WIDTH="18" VPOS="2140" HPOS="854"/>
							<String ID="string_372" HPOS="872" VPOS="2139" WIDTH="57" HEIGHT="30" WC="0.96" CONTENT="vid"/><SP WIDTH="17" VPOS="2139" HPOS="929"/>
							<String ID="string_373" HPOS="946" VPOS="2139" WIDTH="99" HEIGHT="29" WC="0.96" CONTENT="bifall"/><SP WIDTH="18" VPOS="2139" HPOS="1045"/>
							<String ID="string_374" HPOS="1063" VPOS="2138" WIDTH="53" HEIGHT="29" WC="0.96" CONTENT="till"/><SP WIDTH="19" VPOS="2138" HPOS="1116"/>
							<String ID="string_375" HPOS="1135" VPOS="2137" WIDTH="96" HEIGHT="30" WC="0.96" CONTENT="mina"/><SP WIDTH="18" VPOS="2137" HPOS="1231"/>
							<String ID="string_376" HPOS="1249" VPOS="2136" WIDTH="131" HEIGHT="39" WC="0.96" CONTENT="förslag"/><SP WIDTH="18" VPOS="2136" HPOS="1380"/>
							<String ID="string_377" HPOS="1398" VPOS="2144" WIDTH="48" HEIGHT="20" WC="0.96" CONTENT="nu"/><SP WIDTH="18" VPOS="2144" HPOS="1446"/>
							<String ID="string_378" HPOS="1464" VPOS="2134" WIDTH="149" HEIGHT="30" WC="0.93" CONTENT="berörda"/><SP WIDTH="17" VPOS="2134" HPOS="1613"/>
							<String ID="string_379" HPOS="1630" VPOS="2133" WIDTH="129" HEIGHT="29" WC="0.90" CONTENT="kredit-"/>
						</TextLine>
						<TextLine ID="line_37" HPOS="274" VPOS="2187" WIDTH="1485" HEIGHT="52">
							<String ID="string_380" HPOS="274" VPOS="2198" WIDTH="256" HEIGHT="41" WC="0.91" CONTENT="garantiramar"/><SP WIDTH="15" VPOS="2198" HPOS="530"/>
							<String ID="string_381" HPOS="545" VPOS="2198" WIDTH="49" HEIGHT="29" WC="0.96" CONTENT="att"/><SP WIDTH="15" VPOS="2198" HPOS="594"/>
							<String ID="string_382" HPOS="609" VPOS="2195" WIDTH="115" HEIGHT="41" WC="0.96" CONTENT="uppgå"/><SP WIDTH="14" VPOS="2195" HPOS="724"/>
							<String ID="string_383" HPOS="738" VPOS="2195" WIDTH="52" HEIGHT="29" WC="0.96" CONTENT="till"/><SP WIDTH="19" VPOS="2195" HPOS="790"/>
							<String ID="string_384" HPOS="809" VPOS="2194" WIDTH="60" HEIGHT="29" WC="0.96" CONTENT="189"/><SP WIDTH="15" VPOS="2194" HPOS="869"/>
							<String ID="string_385" HPOS="884" VPOS="2193" WIDTH="88" HEIGHT="40" WC="0.96" CONTENT="milj."/><SP WIDTH="15" VPOS="2193" HPOS="972"/>
							<String ID="string_386" HPOS="987" VPOS="2193" WIDTH="52" HEIGHT="29" WC="0.96" CONTENT="kr."/><SP WIDTH="17" VPOS="2193" HPOS="1039"/>
							<String ID="string_387" HPOS="1056" VPOS="2192" WIDTH="54" HEIGHT="30" WC="0.96" CONTENT="för"/><SP WIDTH="15" VPOS="2192" HPOS="1110"/>
							<String ID="string_388" HPOS="1125" VPOS="2192" WIDTH="102" HEIGHT="29" WC="0.96" CONTENT="nästa"/><SP WIDTH="15" VPOS="2192" HPOS="1227"/>
							<String ID="string_389" HPOS="1242" VPOS="2189" WIDTH="178" HEIGHT="40" WC="0.96" CONTENT="budgetår,"/><SP WIDTH="17" VPOS="2189" HPOS="1420"/>
							<String ID="string_390" HPOS="1437" VPOS="2189" WIDTH="107" HEIGHT="30" WC="0.95" CONTENT="vilket"/><SP WIDTH="17" VPOS="2189" HPOS="1544"/>
							<String ID="string_391" HPOS="1561" VPOS="2189" WIDTH="37" HEIGHT="28" WC="0.96" CONTENT="är"/><SP WIDTH="16" VPOS="2189" HPOS="1598"/>
							<String ID="string_392" HPOS="1614" VPOS="2187" WIDTH="41" HEIGHT="30" WC="0.94" CONTENT="56"/><SP WIDTH="17" VPOS="2187" HPOS="1655"/>
							<String ID="string_393" HPOS="1672" VPOS="2187" WIDTH="87" HEIGHT="39" WC="0.94" CONTENT="milj."/>
						</TextLine>
						<TextLine ID="line_38" HPOS="272" VPOS="2241" WIDTH="1487" HEIGHT="45">
							<String ID="string_394" HPOS="272" VPOS="2253" WIDTH="52" HEIGHT="29" WC="0.96" CONTENT="kr."/><SP WIDTH="18" VPOS="2253" HPOS="324"/>
							<String ID="string_395" HPOS="342" VPOS="2261" WIDTH="74" HEIGHT="20" WC="0.96" CONTENT="mer"/><SP WIDTH="19" VPOS="2261" HPOS="416"/>
							<String ID="string_396" HPOS="435" VPOS="2252" WIDTH="44" HEIGHT="29" WC="0.96" CONTENT="än"/><SP WIDTH="18" VPOS="2252" HPOS="479"/>
							<String ID="string_397" HPOS="497" VPOS="2250" WIDTH="56" HEIGHT="30" WC="0.96" CONTENT="det"/><SP WIDTH="18" VPOS="2250" HPOS="553"/>
							<String ID="string_398" HPOS="571" VPOS="2250" WIDTH="54" HEIGHT="29" WC="0.96" CONTENT="för"/><SP WIDTH="18" VPOS="2250" HPOS="625"/>
							<String ID="string_399" HPOS="643" VPOS="2247" WIDTH="236" HEIGHT="31" WC="0.96" CONTENT="innevarande"/><SP WIDTH="17" VPOS="2247" HPOS="879"/>
							<String ID="string_400" HPOS="896" VPOS="2245" WIDTH="169" HEIGHT="41" WC="0.95" CONTENT="budgetår"/><SP WIDTH="18" VPOS="2245" HPOS="1065"/>
							<String ID="string_401" HPOS="1083" VPOS="2244" WIDTH="271" HEIGHT="40" WC="0.96" CONTENT="ursprungligen"/><SP WIDTH="18" VPOS="2244" HPOS="1354"/>
							<String ID="string_402" HPOS="1372" VPOS="2241" WIDTH="200" HEIGHT="31" WC="0.96" CONTENT="fastställda"/><SP WIDTH="16" VPOS="2241" HPOS="1572"/>
							<String ID="string_403" HPOS="1588" VPOS="2241" WIDTH="171" HEIGHT="39" WC="0.96" CONTENT="beloppet."/>
						</TextLine>
						<TextLine ID="line_39" HPOS="272" VPOS="2295" WIDTH="1488" HEIGHT="50">
							<String ID="string_404" HPOS="272" VPOS="2306" WIDTH="126" HEIGHT="39" WC="0.94" CONTENT="Kungl."/><SP WIDTH="20" VPOS="2306" HPOS="398"/>
							<String ID="string_405" HPOS="418" VPOS="2305" WIDTH="106" HEIGHT="39" WC="0.96" CONTENT="Maj:t"/><SP WIDTH="19" VPOS="2305" HPOS="524"/>
							<String ID="string_406" HPOS="543" VPOS="2304" WIDTH="62" HEIGHT="29" WC="0.96" CONTENT="bör"/><SP WIDTH="20" VPOS="2304" HPOS="605"/>
							<String ID="string_407" HPOS="625" VPOS="2304" WIDTH="63" HEIGHT="38" WC="0.96" CONTENT="äga"/><SP WIDTH="19" VPOS="2304" HPOS="688"/>
							<String ID="string_408" HPOS="707" VPOS="2302" WIDTH="122" HEIGHT="40" WC="0.96" CONTENT="jämka"/><SP WIDTH="20" VPOS="2302" HPOS="829"/>
							<String ID="string_409" HPOS="849" VPOS="2300" WIDTH="243" HEIGHT="39" WC="0.96" CONTENT="fördelningen"/><SP WIDTH="20" VPOS="2300" HPOS="1092"/>
							<String ID="string_410" HPOS="1112" VPOS="2299" WIDTH="129" HEIGHT="29" WC="0.96" CONTENT="mellan"/><SP WIDTH="18" VPOS="2299" HPOS="1241"/>
							<String ID="string_411" HPOS="1259" VPOS="2306" WIDTH="166" HEIGHT="21" WC="0.96" CONTENT="ramarna"/><SP WIDTH="20" VPOS="2306" HPOS="1425"/>
							<String ID="string_412" HPOS="1445" VPOS="2296" WIDTH="54" HEIGHT="29" WC="0.96" CONTENT="för"/><SP WIDTH="20" VPOS="2296" HPOS="1499"/>
							<String ID="string_413" HPOS="1519" VPOS="2295" WIDTH="59" HEIGHT="30" WC="0.96" CONTENT="lån"/><SP WIDTH="18" VPOS="2295" HPOS="1578"/>
							<String ID="string_414" HPOS="1596" VPOS="2295" WIDTH="54" HEIGHT="29" WC="0.94" CONTENT="till"/><SP WIDTH="19" VPOS="2295" HPOS="1650"/>
							<String ID="string_415" HPOS="1669" VPOS="2296" WIDTH="91" HEIGHT="38" WC="0.96" CONTENT="yttre"/>
						</TextLine>
						<TextLine ID="line_40" HPOS="272" VPOS="2348" WIDTH="1488" HEIGHT="47">
							<String ID="string_416" HPOS="272" VPOS="2360" WIDTH="65" HEIGHT="30" WC="0.96" CONTENT="och"/><SP WIDTH="22" VPOS="2360" HPOS="337"/>
							<String ID="string_417" HPOS="359" VPOS="2360" WIDTH="75" HEIGHT="29" WC="0.96" CONTENT="inre"/><SP WIDTH="24" VPOS="2360" HPOS="434"/>
							<String ID="string_418" HPOS="458" VPOS="2357" WIDTH="290" HEIGHT="38" WC="0.93" CONTENT="rationalisering,"/><SP WIDTH="24" VPOS="2357" HPOS="748"/>
							<String ID="string_419" HPOS="772" VPOS="2353" WIDTH="312" HEIGHT="42" WC="0.90" CONTENT="jordförvärvslån,"/><SP WIDTH="25" VPOS="2353" HPOS="1084"/>
							<String ID="string_420" HPOS="1109" VPOS="2351" WIDTH="165" HEIGHT="31" WC="0.91" CONTENT="driftslån"/><SP WIDTH="23" VPOS="2351" HPOS="1274"/>
							<String ID="string_421" HPOS="1297" VPOS="2351" WIDTH="65" HEIGHT="29" WC="0.93" CONTENT="och"/><SP WIDTH="24" VPOS="2351" HPOS="1362"/>
							<String ID="string_422" HPOS="1386" VPOS="2349" WIDTH="200" HEIGHT="31" WC="0.92" CONTENT="maskinlån"/><SP WIDTH="24" VPOS="2349" HPOS="1586"/>
							<String ID="string_423" HPOS="1610" VPOS="2358" WIDTH="58" HEIGHT="20" WC="0.91" CONTENT="om"/><SP WIDTH="24" VPOS="2358" HPOS="1668"/>
							<String ID="string_424" HPOS="1692" VPOS="2348" WIDTH="68" HEIGHT="29" WC="0.91" CONTENT="för-"/>
						</TextLine>
						<TextLine ID="line_41" HPOS="272" VPOS="2409" WIDTH="647" HEIGHT="42">
							<String ID="string_425" HPOS="272" VPOS="2413" WIDTH="211" HEIGHT="30" WC="0.90" CONTENT="hållandena"/><SP WIDTH="21" VPOS="2413" HPOS="483"/>
							<String ID="string_426" HPOS="504" VPOS="2420" WIDTH="57" HEIGHT="31" WC="0.96" CONTENT="ger"/><SP WIDTH="21" VPOS="2420" HPOS="561"/>
							<String ID="string_427" HPOS="582" VPOS="2410" WIDTH="189" HEIGHT="39" WC="0.96" CONTENT="anledning"/><SP WIDTH="21" VPOS="2410" HPOS="771"/>
							<String ID="string_428" HPOS="792" VPOS="2409" WIDTH="127" HEIGHT="29" WC="0.94" CONTENT="därtill."/>
						</TextLine>
					</TextBlock>
					<TextBlock ID="block_6" HPOS="272" VPOS="2456" WIDTH="1490" HEIGHT="103">
						<TextLine ID="line_42" HPOS="320" VPOS="2456" WIDTH="1442" HEIGHT="47">
							<String ID="string_429" HPOS="320" VPOS="2469" WIDTH="132" HEIGHT="28" WC="0.96" CONTENT="Ramen"/><SP WIDTH="20" VPOS="2469" HPOS="452"/>
							<String ID="string_430" HPOS="472" VPOS="2466" WIDTH="54" HEIGHT="30" WC="0.96" CONTENT="för"/><SP WIDTH="19" VPOS="2466" HPOS="526"/>
							<String ID="string_431" HPOS="545" VPOS="2465" WIDTH="58" HEIGHT="30" WC="0.96" CONTENT="lån"/><SP WIDTH="20" VPOS="2465" HPOS="603"/>
							<String ID="string_432" HPOS="623" VPOS="2464" WIDTH="52" HEIGHT="30" WC="0.95" CONTENT="till"/><SP WIDTH="21" VPOS="2464" HPOS="675"/>
							<String ID="string_433" HPOS="696" VPOS="2462" WIDTH="220" HEIGHT="41" WC="0.96" CONTENT="uppförande"/><SP WIDTH="21" VPOS="2462" HPOS="916"/>
							<String ID="string_434" HPOS="937" VPOS="2471" WIDTH="41" HEIGHT="20" WC="0.93" CONTENT="av"/><SP WIDTH="20" VPOS="2471" HPOS="978"/>
							<String ID="string_435" HPOS="998" VPOS="2461" WIDTH="163" HEIGHT="39" WC="0.92" CONTENT="lagerhus"/><SP WIDTH="21" VPOS="2461" HPOS="1161"/>
							<String ID="string_436" HPOS="1182" VPOS="2469" WIDTH="45" HEIGHT="20" WC="0.86" CONTENT="m."/><SP WIDTH="22" VPOS="2469" HPOS="1227"/>
							<String ID="string_437" HPOS="1249" VPOS="2469" WIDTH="45" HEIGHT="19" WC="0.92" CONTENT="m."/><SP WIDTH="22" VPOS="2469" HPOS="1294"/>
							<String ID="string_438" HPOS="1316" VPOS="2459" WIDTH="61" HEIGHT="29" WC="0.96" CONTENT="bör"/><SP WIDTH="22" VPOS="2459" HPOS="1377"/>
							<String ID="string_439" HPOS="1399" VPOS="2458" WIDTH="105" HEIGHT="39" WC="0.96" CONTENT="enligt"/><SP WIDTH="22" VPOS="2458" HPOS="1504"/>
							<String ID="string_440" HPOS="1526" VPOS="2457" WIDTH="73" HEIGHT="29" WC="0.96" CONTENT="min"/><SP WIDTH="22" VPOS="2457" HPOS="1599"/>
							<String ID="string_441" HPOS="1621" VPOS="2456" WIDTH="141" HEIGHT="39" WC="0.96" CONTENT="mening"/>
						</TextLine>
						<TextLine ID="line_43" HPOS="272" VPOS="2510" WIDTH="1488" HEIGHT="49">
							<String ID="string_442" HPOS="272" VPOS="2523" WIDTH="54" HEIGHT="27" WC="0.96" CONTENT="tas"/><SP WIDTH="19" VPOS="2523" HPOS="326"/>
							<String ID="string_443" HPOS="345" VPOS="2529" WIDTH="71" HEIGHT="30" WC="0.96" CONTENT="upp"/><SP WIDTH="19" VPOS="2529" HPOS="416"/>
							<String ID="string_444" HPOS="435" VPOS="2519" WIDTH="78" HEIGHT="29" WC="0.96" CONTENT="med"/><SP WIDTH="19" VPOS="2519" HPOS="513"/>
							<String ID="string_445" HPOS="532" VPOS="2517" WIDTH="205" HEIGHT="31" WC="0.96" CONTENT="oförändrat"/><SP WIDTH="19" VPOS="2517" HPOS="737"/>
							<String ID="string_446" HPOS="756" VPOS="2516" WIDTH="19" HEIGHT="29" WC="0.96" CONTENT="4"/><SP WIDTH="20" VPOS="2516" HPOS="775"/>
							<String ID="string_447" HPOS="795" VPOS="2516" WIDTH="87" HEIGHT="39" WC="0.96" CONTENT="milj."/><SP WIDTH="19" VPOS="2516" HPOS="882"/>
							<String ID="string_448" HPOS="901" VPOS="2515" WIDTH="52" HEIGHT="29" WC="0.96" CONTENT="kr."/><SP WIDTH="19" VPOS="2515" HPOS="953"/>
							<String ID="string_449" HPOS="972" VPOS="2515" WIDTH="65" HEIGHT="38" WC="0.96" CONTENT="Jag"/><SP WIDTH="17" VPOS="2515" HPOS="1037"/>
							<String ID="string_450" HPOS="1054" VPOS="2514" WIDTH="60" HEIGHT="29" WC="0.96" CONTENT="vill"/><SP WIDTH="19" VPOS="2514" HPOS="1114"/>
							<String ID="string_451" HPOS="1133" VPOS="2514" WIDTH="11" HEIGHT="29" WC="0.96" CONTENT="i"/><SP WIDTH="19" VPOS="2514" HPOS="1144"/>
							<String ID="string_452" HPOS="1163" VPOS="2513" WIDTH="95" HEIGHT="29" WC="0.96" CONTENT="detta"/><SP WIDTH="19" VPOS="2513" HPOS="1258"/>
							<String ID="string_453" HPOS="1277" VPOS="2511" WIDTH="255" HEIGHT="38" WC="0.96" CONTENT="sammanhang"/><SP WIDTH="20" VPOS="2511" HPOS="1532"/>
							<String ID="string_454" HPOS="1552" VPOS="2510" WIDTH="140" HEIGHT="29" WC="0.96" CONTENT="anmäla"/><SP WIDTH="19" VPOS="2510" HPOS="1692"/>
							<String ID="string_455" HPOS="1711" VPOS="2510" WIDTH="49" HEIGHT="28" WC="0.96" CONTENT="att"/>
						</TextLine>
					</TextBlock>
				</ComposedBlock>
			</PrintSpace>
		</Page>
	</Layout>
</alto>
