1904 2838
453 138 388 31 Jordbruksutskottets
862 139 178 30 utlåtande
1061 148 42 20 nr
1122 141 42 28 25
1183 140 39 29 år
1244 140 83 29 1967
1572 141 63 31 167

149 220 84 40 ning
251 229 43 21 av
311 220 156 39 anslaget
485 220 79 30 med
585 219 38 31 10
642 220 87 40 milj.
749 219 51 30 kr.
820 219 52 31 till
891 219 39 30 97
951 220 87 40 milj.
1058 220 51 30 kr.
1129 220 164 30 Däremot
1312 220 63 31 har
1395 220 170 30 utskottet
1584 219 50 30 bi-

149 275 84 29 trätt
254 276 50 28 ett
326 274 131 39 förslag
480 275 49 28 att
552 274 185 39 uppräkna
759 274 56 29 det
839 276 96 27 extra
957 274 343 40 mjölkpristillägget
1323 275 11 29 i
1357 275 174 29 Norrland
1554 273 79 30 med

149 328 39 30 25
222 327 46 35 .
296 328 75 29 Den
397 327 226 40 erforderliga
650 327 418 40 medelsförstärkningen
1097 328 121 30 härför
1246 328 70 30 kan
1345 328 207 39 uppskattas
1580 327 54 30 till

148 391 40 21 ca
215 381 19 31 8
260 382 88 39 milj.
376 382 62 34 kr.,
466 381 116 31 varför
610 391 48 20 nu
686 381 264 40 ifrågavarande
978 382 121 39 anslag
1127 382 61 30 bör
1217 382 201 39 uppräknas
1448 382 78 29 med
1557 382 77 29 sist-

149 436 156 29 nämnda
325 435 134 40 belopp.
482 435 52 30 Då
556 436 170 30 utskottet
748 436 29 39 ej
804 436 63 30 har
890 436 104 39 något
1017 438 50 28 att
1089 436 152 30 invända
1263 438 73 27 mot
1359 436 125 39 Kungl.
1508 436 125 39 Maj:ts

149 489 366 40 medelsberäkningar
542 490 10 29 i
580 490 110 38 övrigt
718 490 109 29 under
855 489 155 40 anslaget
1037 490 159 30 förordar
1225 490 169 29 utskottet
1423 489 131 30 således
1583 491 51 28 att

149 544 196 29 detsamma
358 543 73 30 förs
446 552 70 31 upp
531 544 79 29 med
627 543 59 29 115
701 543 87 40 milj.
804 544 85 29 kr.>.

196 597 72 30 dels
287 597 65 29 ock
370 597 189 30 utskottets
578 597 210 30 hemställan
808 597 110 30 under
938 597 72 35 5.h)
1035 597 65 30 och
1121 597 50 30 19.
1192 597 75 30 bort
1287 597 81 40 lyda
1390 597 163 30 sålunda:

515 651 60 33 »h)
599 651 11 29 i
629 651 187 38 anledning
836 659 41 21 av
895 651 219 29 motionerna
1134 651 28 29 1:
1179 651 62 29 856
1262 651 63 29 och
1347 651 44 29 II:
1411 650 92 34 1050,
1525 651 28 29 1:
1570 649 63 30 859

469 704 65 30 och
551 704 44 29 II:
615 704 92 34 1056,
724 704 161 39 samtliga
900 704 171 30 motioner
1088 704 103 30 såvitt
1208 713 47 20 nu
1272 705 38 28 är
1325 705 11 29 i
1354 703 108 40 fråga,
1480 704 154 39 godkän-

469 767 45 21 na
530 758 66 29 vad
614 758 169 30 utskottet
801 758 116 30 anfört
935 758 148 30 rörande
1102 759 56 28 det
1177 760 96 28 extra
1291 758 342 40 mjölkpristillägget

469 812 10 29 i
494 812 182 33 Norrland,

517 865 50 30 19.
589 866 11 29 i
623 865 187 40 anledning
832 875 41 20 av
895 865 112 40 Kung.
1030 866 123 39 Maj:ts
1177 866 131 39 förslag
1329 866 65 29 och
1415 865 219 30 motionerna

471 919 28 31 I:
516 919 62 30 856
603 920 64 29 och
692 920 44 29 II:
755 919 93 35 1050,
874 919 28 30 I:
919 919 62 30 859
1007 920 64 29 och
1095 920 45 29 II:
1159 919 93 35 1056,
1278 919 160 40 samtliga
1462 920 172 29 motioner

471 973 103 30 såvitt
597 982 47 20 nu
668 974 38 28 är
729 974 11 29 i
763 973 109 39 fråga,
896 973 44 40 på
963 974 189 29 riksstaten
1177 974 53 31 för
1254 973 203 40 budgetåret
1484 973 148 35 1967/68

470 1027 110 29 under
607 1027 127 29 nionde
759 1027 222 29 huvudtiteln
1009 1026 121 31 anvisa
1157 1027 51 30 till
1235 1026 150 31 Särskilt
1408 1027 79 29 stöd
1514 1027 35 29 åt
1577 1027 57 29 det

469 1080 136 30 mindre
631 1079 210 41 jordbruket
866 1082 48 28 ett
941 1081 273 40 förslagsanslag
1240 1091 42 20 av
1312 1081 59 29 115
1385 1081 62 30 000
1461 1081 62 30 000
1550 1081 82 34 kr.,>

197 1189 55 33 11)
282 1188 221 30 beträffande
518 1188 501 39 råvarukostnadsutjämning

193 1252 42 20 av
249 1242 80 29 herr
343 1242 196 39 Lundberg.

198 1349 56 34 12)
283 1349 222 30 beträffande
527 1349 117 39 statlig
665 1349 251 39 kreditgaranti
938 1349 53 31 för
1013 1349 59 30 lån
1093 1349 50 30 till
1164 1351 90 38 yttre
1276 1350 65 29 och
1361 1349 74 29 inre
1456 1349 178 30 rationali-

150 1403 125 39 sering,
290 1412 45 20 m.
350 1412 45 20 m.

194 1466 42 21 av
268 1457 121 29 herrar
421 1457 152 35 Isacson,
608 1456 193 40 Lundberg,
836 1456 86 30 Axel
954 1456 250 36 Kristiansson,
1240 1457 162 29 Hansson
1436 1457 12 29 i
1483 1456 150 40 Skegrie,

150 1511 174 30 Jonasson
347 1510 65 30 och
433 1510 57 30 fru
512 1509 191 41 Sundberg,
726 1510 94 30 vilka
842 1512 114 28 ansett
979 1512 49 28 att

195 1564 72 30 dels
292 1565 57 29 det
372 1564 118 40 stycke
513 1565 11 29 i
547 1564 188 29 utskottets
760 1564 179 29 utlåtande
963 1564 44 39 på
1032 1573 25 20 s.
1085 1564 70 34 140,
1182 1573 74 20 som
1280 1564 118 39 börjar
1424 1565 77 29 med
1527 1564 108 30 orden

152 1619 96 29 >Den
267 1618 217 39 föreslagna»
507 1618 65 29 och
593 1626 74 21 som
688 1618 110 29 slutar
817 1618 79 29 med
917 1618 106 29 orden
1046 1617 248 31 »förevarande
1314 1627 148 25 ramar»,
1484 1618 76 30 bort
1581 1619 53 28 ut-

150 1672 99 40 bytas
264 1672 79 30 med
359 1673 69 28 text
443 1681 42 20 av
499 1672 157 39 följande
671 1672 144 39 lydelse:

197 1721 17 48 >»
217 1726 74 30 Vad
311 1726 89 30 först
419 1725 170 31 beträffar
610 1726 301 39 garantiramarna
931 1725 54 30 för
1005 1725 58 30 lån
1083 1726 51 29 till
1155 1727 90 38 yttre
1265 1725 290 40 rationalisering,
1576 1725 59 30 lån

151 1780 52 29 till
223 1780 75 29 inre
318 1779 290 39 rationalisering,
630 1778 164 30 driftslån
814 1779 65 29 och
899 1779 211 34 maskinlån,
1131 1779 94 29 vilka
1246 1788 115 20 ramar
1384 1779 105 39 enligt
1512 1788 124 30 propo-

151 1834 149 30 sitionen
328 1833 196 39 föreslagits
552 1833 67 30 öka
646 1833 79 29 med
753 1833 232 39 sammanlagt
1011 1832 41 30 49
1080 1833 88 39 milj.
1197 1832 62 35 kr.,
1287 1833 64 29 har
1379 1833 10 29 i
1416 1833 221 30 motionerna

152 1888 29 29 I:
197 1887 62 30 843
281 1888 65 29 och
366 1887 44 29 II:
429 1887 81 29 1051
532 1887 196 29 hemställts
749 1888 51 28 att
820 1886 100 30 dessa
941 1886 169 30 fastställs
1132 1886 51 30 till
1204 1896 89 30 resp.
1318 1886 59 30 100
1399 1887 87 39 milj.
1508 1887 63 35 kr.,
1593 1886 41 30 60

151 1941 89 40 milj.
260 1941 63 33 kr.,
346 1940 40 30 38
408 1941 87 39 milj.
518 1940 51 29 kr.
592 1940 64 29 och
681 1940 37 29 10
740 1940 88 39 milj.
850 1940 52 28 kr.
924 1940 109 29 Dessa
1055 1940 130 39 förslag
1208 1940 143 29 innebär
1375 1949 41 20 en
1440 1940 130 39 ökning
1593 1949 42 20 av

151 1994 270 40 ursprungligen
442 1993 158 40 gällande
621 2002 117 20 ramar
758 1993 54 29 för
832 1993 235 30 innevarande
1088 1993 167 39 budgetår
1277 1994 79 29 med
1380 1993 58 30 105
1462 1994 87 39 milj.
1571 1994 63 34 kr.,

153 2048 105 30 vilket
280 2048 39 29 är
341 2048 73 29 lika
435 2047 79 30 med
537 2047 66 29 den
627 2047 130 38 ökning
779 2046 425 40 jordbruksutredningen
1229 2047 149 39 föreslog
1403 2047 53 30 för
1481 2048 155 29 nämnda

151 2101 174 30 ändamål.
349 2100 93 30 Även
466 2101 10 29 i
500 2100 219 29 motionerna
743 2100 28 29 1:
788 2099 63 30 844
876 2100 64 29 och
964 2100 45 30 II:
1028 2100 83 30 1060
1135 2100 63 29 har
1223 2101 69 29 viss
1317 2101 172 39 utökning
1514 2110 41 21 av
1580 2108 56 32 ga-

150 2155 286 39 rantiutrymmet
451 2154 185 30 förordats.

196 2209 176 30 Utskottet
390 2208 62 29 har
470 2209 10 28 i
499 2208 56 29 det
573 2207 207 39 föregående
799 2207 156 30 förordat
973 2209 50 28 att
1042 2209 130 28 statens
1192 2208 149 29 insatser
1360 2208 145 39 kraftigt
1525 2209 112 29 inten-

152 2263 138 29 sifieras
313 2262 54 30 för
390 2263 50 28 att
462 2261 207 40 möjliggöra
692 2269 42 21 en
757 2260 150 35 fortsatt,
932 2261 109 29 snabb
1064 2261 290 39 rationalisering.
1378 2261 67 30 För
1469 2264 49 28 att
1541 2262 94 40 jord-

151 2315 371 41 bruksproduktionen
551 2315 147 29 sålunda
727 2314 88 30 skall
842 2314 120 30 kunna
990 2315 256 29 effektiviseras
1273 2316 11 29 i
1312 2315 324 31 tillfredsställande

152 2371 76 30 takt
248 2371 37 29 är
306 2370 57 29 det
383 2369 107 39 enligt
509 2368 189 30 utskottets
718 2368 141 39 mening
879 2368 124 39 viktigt
1024 2370 49 28 att
1095 2371 112 27 staten
1229 2369 117 29 ställer
1368 2369 194 31 kreditstöd
1583 2371 52 29 till

153 2424 206 39 förfogande
381 2424 12 29 i
417 2422 187 39 tillräcklig
627 2422 221 39 omfattning.
872 2422 54 29 Nu
948 2422 266 39 ifrågavarande
1238 2423 233 29 kreditramar
1495 2424 61 30 bör
1580 2433 56 20 en-

152 2479 61 39 ligt
240 2478 188 29 utskottets
455 2476 141 39 mening
622 2476 54 30 för
702 2475 203 40 budgetåret
935 2476 148 34 1967/68
1111 2476 191 30 fastställas
1331 2477 51 29 till
1409 2477 40 29 de
1477 2478 10 29 i
1515 2478 123 29 motio-

152 2542 109 20 nerna
279 2531 29 30 1:
323 2530 63 31 843
405 2530 66 30 och
489 2529 46 30 II:
552 2529 80 30 1051
653 2529 150 40 angivna
820 2529 200 40 beloppen.»
