1895 2835
440 126 387 31 Jordbruksutskottets
850 129 178 30 utlåtande
1049 139 43 19 nr
1112 131 42 29 25
1175 131 40 29 år
1237 131 84 30 1967
1563 135 62 30 137

139 202 54 30 för
219 203 102 30 nästa
345 203 169 41 budgetår
541 205 53 31 stå
619 206 52 30 till
698 206 124 41 Kungl.
849 208 123 40 Maj:ts
999 208 207 41 disposition
1232 212 47 28 ett
1305 211 124 41 belopp
1456 221 41 21 av
1522 212 102 41 högst

141 258 13 28 1
178 258 88 39 milj.
288 258 52 30 kr.
362 268 41 20 av
423 259 229 31 förevarande
674 261 129 40 anslag.

183 311 183 40 Härjämte
387 312 63 30 bör
473 314 155 39 anslaget
651 315 127 29 liksom
801 315 134 36 hittills,
960 326 57 20 om
1040 317 111 30 andra
1174 318 53 29 för
1251 319 198 30 ändamålet
1473 320 151 30 avsedda

138 365 113 30 medel
270 366 30 39 ej
321 366 93 30 visar
434 367 50 40 sig
503 367 118 36 förslå,
642 368 36 30 få
695 370 54 29 tas
768 370 9 29 i
798 370 153 39 anspråk
970 371 54 29 för
1044 373 49 28 att
1112 372 103 30 täcka
1234 372 40 30 de
1294 373 258 40 utbetalningar
1572 375 51 29 till

138 419 181 30 Danmark
345 430 74 20 som
445 421 88 30 skall
559 422 60 30 ske
643 423 106 39 enligt
774 423 56 30 det
855 425 129 29 mellan
1010 425 135 40 Sverige
1170 426 65 30 och
1259 427 180 30 Danmark
1464 428 160 39 gällande

137 474 128 29 avtalet
287 475 150 30 rörande
461 475 231 31 samhandeln
714 477 79 30 med
815 478 395 40 jordbruksprodukter.

183 528 64 28 Det
276 529 265 39 sammanlagda
569 530 278 31 medelsbehovet
876 532 110 29 under
1015 534 155 39 anslaget
1198 534 173 30 beräknar
1398 535 60 40 jag
1486 537 52 28 till
1568 546 55 20 av-

139 582 129 30 rundat
287 582 60 30 185
364 583 88 40 milj.
470 584 51 29 kr.
540 584 163 40 Anslaget
719 585 62 30 bör
799 585 94 31 föras
911 596 70 30 upp
999 588 79 29 med
1096 588 93 30 detta
1206 588 134 41 belopp.

181 662 117 29 Under
317 662 170 30 rubriken
505 663 197 30 Kostnader
721 664 55 40 för
796 665 349 42 beredskapslagring
1164 677 41 20 av
1227 668 178 30 livsmedel
1425 669 63 29 och
1509 670 114 40 foder-

137 715 114 30 medel
274 725 46 20 m.
344 726 46 20 m.
414 717 65 29 har
503 718 54 29 för
581 718 236 31 innevarande
840 720 169 40 budgetår
1034 721 155 30 anvisats
1213 724 47 28 ett
1285 723 272 41 förslagsanslag
1582 734 42 20 av

139 769 40 30 24
198 770 88 39 milj.
306 771 52 29 kr.
379 771 120 30 Såsom
518 772 59 39 jag
594 772 116 30 berört
729 773 12 29 i
759 773 56 30 det
835 774 207 39 föregående
1060 776 131 29 räknar
1209 776 59 40 jag
1288 777 54 29 för
1361 778 101 29 nästa
1480 778 143 40 budget-

137 823 39 30 år
194 824 80 29 med
292 824 351 42 beredskapslagring
660 827 12 29 i
692 836 134 20 samma
845 829 244 39 utsträckning
1110 838 73 21 som
1203 830 135 30 hittills.
1358 831 66 30 Vid
1443 832 179 39 lagringen

138 887 43 20 av
198 878 152 30 brödsäd
368 879 72 35 bör,
460 888 57 21 om
537 880 143 40 lämplig
699 881 274 41 lagringsduglig
992 882 163 31 inhemsk
1175 893 82 21 vara
1276 885 30 39 ej
1330 885 96 30 finns
1446 887 49 28 att
1515 886 106 40 tillgå,

137 931 125 30 hinder
287 932 30 40 ej
344 933 96 29 möta
463 935 50 28 att
537 934 96 39 lagra
656 935 213 39 importerad
893 936 161 30 brödsäd.
1080 937 116 30 Behov
1221 947 41 20 av
1285 939 128 39 import
1438 939 54 30 för
1518 940 105 30 ända-

138 986 105 29 målet
262 986 96 30 finns
376 987 24 29 f.
418 996 33 20 n.
469 988 10 28 i
498 987 99 40 fråga
613 997 58 20 om
688 988 71 40 råg.
777 989 277 31 Medelsbehovet
1073 991 54 29 för
1145 992 101 29 nästa
1263 992 169 40 budgetår
1449 993 173 30 beräknar

136 1039 60 40 jag
216 1040 53 29 till
290 1040 205 30 oförändrat
516 1041 41 30 24
578 1042 87 39 milj.
687 1042 52 30 kr.

182 1120 322 41 Förslagsanslaget
528 1121 150 30 Särskilt
702 1122 79 30 stöd
804 1123 36 29 åt
864 1123 57 30 det
946 1124 136 30 mindre
1106 1125 209 39 jordbruket
1340 1127 37 29 är
1403 1127 54 30 för
1482 1128 140 30 inneva-

137 1174 108 29 rande
267 1174 169 40 budgetår
458 1175 145 40 uppfört
625 1176 79 29 med
726 1176 41 30 86
790 1177 88 39 milj.
901 1178 52 29 kr.
976 1178 67 30 För
1067 1179 214 40 arealtillägg
1303 1180 54 30 för
1380 1181 242 31 kalenderåret

140 1227 82 30 1966
240 1228 65 29 och
323 1228 54 29 för
394 1229 280 40 leveranstillägg
691 1230 54 29 för
763 1231 112 39 mjölk
893 1231 54 30 för
964 1232 266 40 regleringsåret
1250 1233 158 36 1966/67,
1428 1235 94 29 vilka
1539 1236 11 29 i
1569 1236 53 29 sin

137 1281 117 30 helhet
281 1282 173 30 utbetalas
480 1283 112 29 under
618 1284 102 29 nästa
745 1284 179 40 budgetår,
951 1285 173 30 beräknar
1150 1286 60 40 jag
1236 1288 48 28 ett
1311 1288 244 30 medelsbehov
1582 1299 41 20 av

140 1335 37 29 17
197 1335 88 40 milj.
304 1336 52 29 kr.
375 1345 89 31 resp.
485 1336 39 30 23
543 1337 88 39 milj.
650 1338 51 29 kr.
722 1338 120 30 Såsom
860 1339 59 39 jag
936 1339 116 30 berört
1070 1340 12 29 i
1101 1340 56 29 det
1176 1340 208 40 föregående
1403 1342 97 30 torde
1519 1343 41 29 de
1579 1343 44 39 på

137 1389 205 39 budgetåret
375 1390 147 35 1967/68
552 1391 192 39 belöpande
773 1392 238 30 kostnaderna
1039 1394 11 29 i
1080 1394 187 40 anledning
1297 1404 42 21 av
1367 1396 95 29 mina
1492 1397 131 39 förslag

138 1443 12 29 i
175 1443 99 40 fråga
299 1452 56 21 om
382 1444 302 31 småbruksstödet
709 1445 122 31 kunna
857 1447 208 39 uppskattas
1092 1447 52 30 till
1171 1448 41 30 29
1239 1449 87 39 milj.
1354 1449 52 30 kr.
1433 1450 67 29 För
1528 1452 96 29 extra

137 1496 310 41 mjölkpristillägg
467 1498 11 29 i
499 1507 105 21 norra
626 1498 135 40 Sverige
782 1499 61 30 bör
864 1500 80 29 med
964 1500 138 40 hänsyn
1122 1502 53 29 till
1197 1502 66 29 den
1284 1503 159 40 nedgång
1463 1504 11 29 i
1496 1504 127 39 mjölk-

138 1550 260 40 produktionen
429 1560 75 21 som
533 1552 185 30 förutsatts
748 1553 278 31 medelsbehovet
1056 1555 54 29 för
1140 1556 102 29 nästa
1269 1556 169 40 budgetår
1467 1559 54 28 tas
1551 1567 71 31 upp

138 1604 80 30 med
243 1604 40 30 38
309 1605 88 39 milj.
422 1605 52 30 kr.
500 1606 165 40 Anslaget
689 1607 62 29 bör
777 1607 101 30 alltså
904 1608 95 30 föras
1024 1617 71 31 upp
1120 1609 80 30 med
1228 1609 59 30 107
1313 1610 88 40 milj.
1428 1611 61 35 kr.,
1515 1612 107 30 vilket

137 1658 146 30 innebär
303 1668 43 20 en
365 1659 131 40 ökning
515 1660 11 29 i
546 1660 219 30 förhållande
784 1661 53 29 till
856 1662 236 30 innevarande
1112 1663 169 40 budgetår
1301 1664 79 30 med
1400 1665 38 29 21
1461 1666 88 39 milj.
1570 1666 52 30 kr.

183 1713 403 40 Reservationsanslaget
617 1713 127 41 Bidrag
776 1714 52 30 till
859 1715 473 40 bokföringsverksamheten
1365 1718 11 29 i
1404 1719 217 39 jordbruket,

139 1775 74 21 som
231 1766 54 30 för
301 1767 236 30 innevarande
553 1768 169 39 budgetår
740 1769 37 28 är
793 1769 144 39 uppfört
954 1770 79 29 med
1051 1770 61 30 937
1128 1770 62 30 000
1207 1771 62 35 kr.,
1288 1772 156 30 används
1461 1774 10 28 i
1488 1773 135 30 huvud-

139 1820 63 29 sak
221 1820 54 30 för
296 1822 49 28 att
364 1821 104 29 täcka
486 1821 237 30 kostnaderna
743 1822 54 29 för
817 1822 67 30 den
902 1823 424 39 jordbruksekonomiska
1345 1826 278 41 undersökning-

138 1883 53 20 en.
216 1874 137 39 Frågan
378 1883 57 20 om
460 1875 115 29 denna
599 1875 282 41 undersöknings
907 1877 168 30 framtida
1099 1878 220 41 utformning
1343 1880 62 29 bör
1431 1881 125 39 prövas
1582 1891 42 20 av

138 1927 68 29 den
222 1928 11 28 i
251 1927 56 30 det
325 1928 208 39 föregående
551 1929 154 29 nämnda
722 1930 232 39 utredningen
972 1940 57 20 om
1047 1931 203 31 metoderna
1267 1942 45 20 m.
1331 1942 45 21 m.
1396 1933 53 30 för
1468 1936 49 28 att
1536 1935 87 39 följa

138 1981 245 40 utvecklingen
403 1982 95 29 inom
518 1982 218 40 jordbruket.
758 1983 14 29 I
792 1984 173 30 avvaktan
985 1984 45 40 på
1050 1985 131 40 förslag
1202 1986 79 30 från
1302 1986 114 31 denna
1437 1988 186 40 utredning

138 2035 61 29 bör
220 2035 106 39 enligt
347 2035 73 30 min
441 2037 141 39 mening
603 2037 228 30 förevarande
851 2038 121 40 anslag
992 2039 54 29 för
1067 2040 102 29 nästa
1188 2040 169 40 budgetår
1377 2043 54 28 tas
1452 2051 70 30 upp
1544 2043 79 29 med

138 2089 205 30 oförändrat
366 2089 61 30 937
443 2089 62 30 000
527 2090 51 30 kr.
600 2090 126 40 Kungl.
748 2091 105 40 Maj:t
874 2092 62 30 bör
958 2092 79 30 med
1058 2092 137 41 hänsyn
1217 2094 52 29 till
1291 2094 66 30 vad
1378 2095 59 40 jag
1459 2105 83 30 nyss
1564 2106 59 20 an-

138 2143 70 29 fört
229 2143 149 30 rörande
401 2143 66 30 den
488 2144 424 39 jordbruksekonomiska
934 2146 308 40 undersökningen
1266 2148 62 39 äga
1350 2148 194 31 bestämma
1566 2159 57 20 om

139 2197 174 39 anslagets
338 2198 162 29 närmare
526 2198 234 40 användning.

182 2277 165 40 Anslaget
367 2277 197 31 Kostnader
587 2279 10 29 i
616 2279 172 29 samband
808 2280 80 29 med
908 2282 206 37 permanent
1135 2281 353 41 skördeskadeskydd
1510 2285 37 29 är
1569 2285 54 29 för

138 2331 236 30 innevarande
396 2332 169 39 budgetår
587 2333 144 39 uppfört
754 2333 78 30 med
855 2333 118 30 20178
988 2334 62 30 000
1073 2335 51 29 kr.
1147 2344 106 21 varav
1277 2336 37 29 15
1338 2337 88 39 milj.
1449 2338 52 29 kr.
1525 2347 98 21 avser

140 2385 199 40 avsättning
369 2386 52 28 till
453 2386 369 30 skördeskadefonden
853 2387 65 30 och
948 2388 199 30 återstoden
1177 2389 189 30 kostnader
1398 2391 54 29 för
1484 2392 139 30 skörde-

140 2439 277 40 skadeskyddets
437 2439 292 31 administration.
