1918 2832
559 149 276 30 Statsutskottets
857 149 175 31 utlåtande
1052 149 49 30 Nr
1124 150 70 30 110.
1608 146 17 29 3

123 232 100 30 niska
247 233 203 35 problemen
477 242 79 21 vore
582 243 42 20 av
651 234 154 29 enklaste
832 234 81 35 slag.
964 234 231 34 Arbetsställe,
1224 234 142 30 varmed
1393 233 38 31 så
1457 234 166 34 förfarits,

119 275 96 30 bleve
238 274 147 31 föremål
409 275 54 30 för
487 276 298 36 yrkesinspektörs
810 276 311 35 uppmärksamhet
1145 276 121 30 endast
1290 285 57 20 om
1371 276 92 30 detta
1487 276 138 30 särskilt

119 316 201 36 påkallades
345 327 42 20 av
409 317 343 36 befattningshavare
775 318 95 29 inom
896 318 65 30 den
985 318 177 36 kvinnliga
1186 318 251 35 inspektionen.
1485 318 140 30 Samma

120 360 193 35 anordning
334 377 44 3 —
399 369 74 21 som
495 360 89 30 hade
605 360 50 30 till
677 360 90 37 syfte
789 363 48 27 att
860 360 218 30 förekomma
1101 360 327 36 dubbelinspektion
1450 360 65 30 och
1539 360 85 30 min-

121 402 61 30 ska
203 402 250 30 arbetsbördan
476 401 44 37 på
542 402 180 30 distrikten
743 419 45 4 —
810 403 218 36 tillämpades
1051 403 9 29 i
1083 406 70 26 stor
1175 402 240 36 utsträckning
1438 403 85 29 även
1547 402 78 30 med

119 445 169 30 avseende
308 443 21 32 å
349 448 248 33 restauranger.

164 511 68 31 För
250 514 49 28 att
317 512 119 31 kunna
454 512 153 37 utnyttja
624 513 68 30 alla
710 513 364 37 yrkesinspektionens
1092 512 250 31 arbetskrafter
1359 511 46 37 på
1422 513 99 29 bästa
1539 511 86 37 möj-

119 562 66 36 liga
210 563 66 29 sätt
302 563 90 30 hava
418 563 40 30 de
484 563 218 37 sakkunniga
729 563 166 35 förordat,
922 566 49 27 att
997 572 42 21 en
1065 562 314 37 arbetsfördelning
1404 563 127 29 mellan
1558 562 66 30 den

120 613 176 30 allmänna
315 614 65 30 och
399 614 66 30 den
484 614 176 36 kvinnliga
679 614 241 36 inspektionen
940 614 217 36 genomföres
1177 614 9 29 i
1206 613 104 37 något
1330 614 107 29 större
1456 613 167 30 utsträck-

120 663 82 37 ning
221 665 44 29 än
285 664 131 31 hittills.
452 665 13 30 I
487 664 122 32 sådant
629 665 197 30 hänseende
845 664 154 36 föreslås,
1019 668 50 27 att
1086 682 45 4 —
1149 665 80 29 med
1248 664 195 36 fritagande
1462 663 11 30 i
1493 664 133 30 huvud-

121 714 61 30 sak
200 724 42 21 av
259 714 119 37 övriga
395 715 244 37 tillsynsorgan
655 733 45 3 —
717 716 50 30 till
786 716 65 29 den
870 716 178 36 kvinnliga
1064 716 243 36 inspektionen
1327 717 217 30 överlämnas
1562 717 65 30 till-

121 774 107 28 synen
250 764 21 32 å
293 765 339 31 sömnadsindustrin
650 766 65 29 och
738 768 287 34 restaurangerna
1048 767 164 29 ävensom
1235 767 195 29 kontrollen
1453 768 80 29 över
1557 767 68 30 för-

121 814 187 32 hållanden
328 816 147 31 rörande
494 816 166 30 arbetstid
679 817 66 30 och
764 816 250 37 minderårigas
1034 817 230 30 användande
1283 817 10 30 i
1313 818 116 30 arbete
1448 817 95 31 inom
1562 818 66 30 den

121 866 178 36 kvinnliga
330 866 259 36 inspektionens
618 866 289 38 tillsynsområde.
966 866 120 31 Såsom
1116 867 218 31 konsekvens
1364 868 109 30 härav
1502 867 125 37 ifråga-

126 917 89 30 sätta
236 917 41 30 de
299 917 218 36 sakkunniga
539 926 42 21 en
602 917 135 30 mindre
758 916 168 38 justering
947 927 42 21 av
1011 918 41 29 23
1077 918 18 36 8
1117 918 381 36 arbetarskyddslagen.

166 967 78 30 Med
269 966 260 37 utgångspunkt
553 967 158 31 härifrån
736 967 128 31 föreslå
889 968 40 30 de
955 968 228 36 sakkunniga,
1211 971 49 27 att
1285 968 66 30 den
1376 968 177 37 kvinnliga
1578 968 50 30 in-

123 1016 286 37 spektionskåren
433 1018 124 30 utökas
581 1018 79 30 med
684 1019 19 29 5
727 1017 343 37 befattningshavare
1093 1018 111 30 under
1227 1017 245 32 bibehållande
1496 1019 132 30 väsent-

121 1068 89 37 ligen
233 1077 43 21 av
301 1068 157 37 gällande
482 1068 152 30 centrala
658 1068 245 37 organisation,
929 1068 122 31 därvid
1075 1068 190 30 emellertid
1289 1068 190 31 försöksvis
1503 1078 43 21 en
1571 1069 55 29 be-

122 1118 298 37 fattningshavare
437 1119 107 30 borde
562 1119 154 37 placeras
731 1119 10 30 i
759 1119 146 30 vardera
922 1128 43 21 av
982 1119 134 30 landets
1134 1118 57 31 två
1210 1120 125 29 största
1354 1119 273 34 industristäder,

123 1168 129 31 Malmö
274 1169 67 31 och
364 1169 178 36 Göteborg.
586 1169 50 30 Av
658 1170 42 30 de
722 1178 69 28 nya
813 1169 371 36 befattningshavarna
1205 1170 109 30 borde
1336 1173 50 27 tre
1408 1179 84 21 vara
1514 1170 116 37 yrkes-

122 1219 226 36 inspektriser
367 1220 10 29 i
397 1220 208 36 lönegraden
626 1219 25 30 B
672 1220 41 29 24
735 1220 65 30 och
821 1219 57 31 två
898 1223 95 27 extra
1013 1220 492 37 yrkesinspektrisassistenter
1524 1220 11 30 i
1558 1221 73 30 18:e

126 1270 219 36 lönegraden.
385 1270 179 36 Därjämte
583 1270 107 30 borde
710 1279 43 21 en
772 1280 44 21 av
837 1270 40 31 de
897 1270 202 31 nuvarande
1119 1270 510 38 yrkesinspektrisassistentbe-

127 1319 238 37 fattningarna
388 1321 193 37 uppflyttas
607 1319 79 32 från
711 1321 208 35 lönegraden
943 1320 26 30 B
998 1321 38 30 18
1060 1320 50 30 till
1134 1320 27 30 B
1185 1321 52 29 21.
1285 1320 165 37 Slutligen
1475 1314 156 41 föreslås,

124 1373 48 28 att
198 1371 55 30 det
279 1371 202 30 nuvarande
507 1374 95 27 extra
628 1371 174 30 ordinarie
828 1370 264 31 kanslibiträdet
1117 1371 176 30 överföres
1320 1369 21 32 å
1366 1370 174 31 ordinarie
1566 1373 66 28 stat

126 1424 91 27 samt
237 1424 48 27 att
304 1424 48 27 ett
372 1424 94 27 extra
486 1421 174 30 ordinarie
679 1421 280 30 kontorsbiträde
978 1421 221 36 nyanställes.

167 1471 73 30 Två
261 1480 43 21 av
326 1471 42 31 de
389 1471 219 36 sakkunniga
630 1471 90 30 hava
742 1473 188 28 reserverat
953 1471 50 36 sig
1024 1473 72 27 mot
1118 1470 173 36 förslaget,
1316 1470 9 30 i
1348 1470 68 30 vad
1437 1471 192 29 detsamma

123 1531 98 20 avser
246 1522 66 30 den
338 1521 177 37 kvinnliga
539 1521 357 37 yrkesinspektionen.
945 1521 53 30 En
1023 1530 42 21 av
1090 1524 261 27 reservanterna
1376 1530 109 26 anser,
1512 1524 49 27 att
1586 1521 45 30 all

124 1572 378 36 inspektionspersonal
527 1589 46 3 —
597 1571 94 31 såväl
717 1571 131 36 manlig
873 1581 75 20 som
974 1571 155 36 kvinnlig
1153 1588 43 4 —
1223 1572 63 29 bör
1312 1571 51 30 till
1389 1571 157 36 lämpligt
1572 1580 58 21 an-

123 1623 45 29 tal
191 1623 156 35 placeras
368 1621 45 37 på
436 1623 41 29 de
497 1622 93 30 olika
612 1622 181 30 distrikten
815 1622 65 30 och
902 1631 83 21 vara
1006 1622 215 30 underställd
1243 1621 290 31 distriktschefen.
1558 1621 73 31 Den

124 1672 109 31 andra
255 1675 220 28 reservanten
496 1672 161 30 förordar
677 1675 47 27 ett
744 1671 245 31 bibehållande
1011 1672 9 29 i
1042 1672 183 30 huvudsak
1248 1681 42 21 av
1311 1672 202 30 nuvarande
1535 1680 96 28 orga-

127 1723 264 30 nisationsform
413 1732 79 21 men
514 1723 79 30 med
615 1725 47 28 ett
683 1722 136 30 mindre
841 1723 94 30 antal
957 1722 344 36 befattningshavare
1324 1722 44 30 än
1391 1722 68 30 vad
1481 1722 150 30 sakkun-

123 1772 279 37 nigmajoriteten
426 1773 186 36 föreslagit.

167 1823 65 30 Vid
256 1823 380 37 remissbehandlingen
672 1832 42 20 av
752 1822 362 37 sakkunnigförslaget
1141 1821 109 39 (prop.
1278 1821 61 31 sid.
1367 1821 141 39 46—48)
1540 1823 90 28 hava

124 1876 46 27 ett
198 1874 115 30 flertal
343 1874 240 37 myndigheter
611 1874 65 29 och
708 1873 354 35 sammanslutningar
1091 1873 10 29 i
1131 1873 200 36 anslutning
1360 1873 51 29 till
1442 1873 65 29 den
1537 1873 95 30 förra

124 1924 255 29 reservationen
401 1924 166 34 förordat,
590 1926 49 27 att
661 1924 66 29 den
749 1923 177 35 kvinnliga
950 1923 242 35 inspektionen
1214 1922 111 31 skulle
1346 1922 165 30 inordnas
1533 1923 10 29 i
1566 1923 65 29 den

123 1974 179 30 allmänna
322 1973 252 36 inspektionen.

168 2023 390 37 Departementschefen
578 2023 64 29 har
662 2023 55 29 för
737 2031 84 28 egen
842 2023 52 29 del
915 2024 106 35 yttrat
1041 2022 169 36 följande:

166 2074 50 29 Av
243 2074 65 30 den
334 2074 161 30 lämnade
519 2074 239 35 redogörelsen
784 2072 164 37 framgår,
975 2076 48 28 att
1048 2073 64 29 den
1138 2072 178 36 kvinnliga
1341 2072 290 37 yrkesinspektio-

124 2126 65 20 nen
207 2133 44 4 —
269 2116 108 30 delvis
395 2115 44 37 på
458 2116 110 36 grund
587 2126 42 20 av
648 2116 208 36 uttryckliga
874 2116 111 29 beslut
1004 2125 42 20 av
1065 2114 357 37 chefsmyndigheten,
1441 2115 107 29 delvis
1567 2115 65 29 ock

126 2159 78 29 med
226 2159 75 29 stöd
322 2159 144 29 allenast
486 2168 42 20 av
549 2158 64 29 den
634 2158 128 35 praxis,
784 2167 74 20 som
879 2158 148 29 utbildat
1048 2157 49 36 sig
1118 2157 8 29 i
1147 2157 117 30 ämnet
1283 2174 45 3 —
1348 2157 86 29 efter
1454 2157 95 29 hand
1570 2155 64 31 fått

126 2202 160 34 övertaga
313 2201 64 29 den
401 2200 253 34 huvudsakliga
677 2200 161 36 tillsynen
862 2199 221 30 beträffande
1105 2199 90 29 vissa
1220 2199 71 34 slag
1315 2208 42 20 av
1380 2199 253 35 arbetsplatser,

125 2243 62 29 där
207 2243 195 29 kontrollen
424 2242 143 36 tidigare
587 2241 166 36 jämsides
775 2243 135 28 utövats
931 2251 42 19 av
995 2241 65 29 den
1082 2241 177 29 allmänna
1281 2241 65 29 och
1368 2241 65 29 den
1456 2240 176 35 kvinnliga

124 2284 252 35 inspektionen.
428 2285 48 28 De
503 2283 218 34 sakkunniga
748 2282 127 31 föreslå
901 2293 57 24 nu,
986 2286 48 26 att
1061 2292 81 20 man
1170 2283 111 29 skulle
1308 2282 194 36 ytterligare
1530 2281 103 36 något

124 2326 140 34 utvidga
290 2327 64 28 den
380 2326 177 35 kvinnliga
582 2325 259 35 inspektionens
899 2323 311 31 arbetsområde
1268 2324 8 28 i
1304 2324 88 35 syfte
1417 2327 48 26 att
1490 2324 143 29 därmed

125 2368 232 35 åvägabringa
378 2377 40 20 en
439 2368 68 29 viss
527 2367 200 35 minskning
747 2367 9 29 i
778 2367 65 29 den
864 2367 177 29 allmänna
1062 2366 259 35 inspektionens
1342 2364 204 37 åligganden
1567 2366 65 29 och

126 2410 175 35 samtidigt
323 2410 182 29 förhindra
528 2409 139 35 onödigt
690 2409 255 29 dubbelarbete.

170 2452 78 30 Med
270 2452 186 35 anledning
477 2462 41 19 av
539 2452 40 29 de
600 2451 282 34 anmärkningar,
905 2460 72 19 som
999 2448 77 31 från
1099 2450 86 29 flera
1207 2449 70 29 håll
1300 2449 121 30 riktats
1443 2452 70 27 mot
1535 2449 97 30 dessa
