2173 2682
660 185 330 39 Bevillningsutskottets
1012 187 189 29 Betänkande
1221 187 48 29 Nr
1292 189 26 28 4.
1770 189 18 30 9

282 262 146 37 Utefter
469 263 103 37 dessa
612 264 111 48 linjer
762 264 67 36 har
868 264 396 50 lagstiftningsarbetet
1300 271 76 30 rört
1412 268 67 47 sig,
1509 268 120 35 ehuru
1657 268 129 37 hittills

181 316 239 48 synnerligen
446 315 195 49 långsamt,
671 320 90 31 utan
789 320 54 31 att
870 320 114 45 några
1010 316 197 36 bestående
1236 315 144 38 frukter
1407 318 95 46 lagts
1529 319 57 35 till
1615 318 43 37 de
1678 320 112 36 redan

179 379 136 24 vunna.

282 417 137 36 Härtill
446 417 47 36 ha
520 417 89 36 flera
636 417 316 49 omständigheter
979 419 222 35 medverkat.

283 467 141 38 Genom
467 470 95 35 1853
605 472 57 32 års
702 468 236 50 lagstiftning
977 468 164 38 infördes
1170 483 44 22 en
1243 484 51 35 ny
1322 471 132 36 hittills
1489 473 80 34 icke
1605 472 187 36 beräknad

181 518 122 38 faktor
342 521 12 34 i
382 518 278 51 alkoholfrågan
688 539 47 3 —
764 520 67 36 och
859 520 121 36 denna
1008 522 118 47 punkt
1153 528 40 28 är
1220 535 45 22 en
1293 520 40 37 af
1358 521 43 36 de
1430 521 203 37 förnämsta
1661 525 131 47 skugg-

180 571 150 36 sidorna
369 572 12 34 i
423 571 120 35 denna
581 570 237 50 lagstiftning
844 590 48 5 —
920 573 187 47 nämligen
1147 577 137 31 statens
1325 573 68 35 och
1420 574 286 36 kommunernas
1734 577 58 34 in-

180 621 240 45 tresserande,
457 623 13 34 i
497 622 134 36 hittills
660 622 121 36 okänd
808 621 235 50 omfattning,
1073 622 57 37 för
1157 623 472 50 brännvinshandteringen
1656 639 134 35 genom

181 674 44 35 de
254 674 238 48 synnerligen
521 678 100 31 stora
647 674 214 45 inkomster,
891 687 79 23 som
996 675 88 35 flöto
1113 688 44 22 ur
1183 675 504 50 brännvinsbeskattningen.

282 725 70 35 Det
392 722 237 50 fördröjande
670 730 175 39 moment,
887 738 78 23 som
993 725 100 36 detta
1118 726 155 36 innebar
1300 746 49 4 —
1376 727 179 36 särskildt
1582 741 135 35 genom
1745 729 45 35 de

182 780 97 32 stora
306 775 236 48 svårigheter,
572 789 77 22 som
677 781 95 31 reste
801 777 55 47 sig
883 781 76 31 mot
987 778 287 48 omläggningen
1302 777 39 36 af
1366 791 45 23 en
1425 779 80 35 icke
1525 778 192 50 obetydlig
1732 779 58 36 del

181 826 40 37 af
259 826 343 36 statsinkomsterna
628 846 49 4 —
704 826 171 37 framstår
915 827 137 50 tydligt
1087 828 62 36 vid
1175 829 257 36 betraktandet
1459 828 40 37 af
1523 830 44 35 de
1595 831 89 43 skäl,
1713 843 77 23 som

181 876 141 37 anförts
363 883 78 30 mot
481 891 45 22 en
566 879 226 35 konsekvent
832 880 212 47 utveckling
1084 879 40 37 af
1160 881 235 48 principerna
1434 882 13 33 i
1489 882 95 35 1855
1626 884 57 33 års
1711 882 79 48 lag-

181 928 184 49 stiftning.

283 979 143 38 Genom
469 981 94 35 1909
606 983 57 32 års
704 980 180 49 Riksdags
924 981 121 36 beslut
1086 987 52 30 att
1164 982 135 47 begära
1327 995 44 22 en
1400 982 212 49 utredning,
1642 996 59 23 om
1729 983 61 35 det

182 1033 204 35 allmännas
426 1030 214 48 frigörande
680 1031 82 36 från
801 1032 202 37 beroendet
1033 1031 40 37 af
1099 1032 81 36 från
1208 1033 470 49 rusdryckshandteringen
1707 1034 82 35 här-

181 1083 166 49 flytande
388 1082 129 42 medel,
559 1083 67 35 har
654 1083 205 36 emellertid
887 1083 60 36 det
974 1082 113 37 första
1115 1088 119 44 steget
1260 1084 113 48 tagits
1401 1082 57 37 för
1486 1089 53 30 att
1565 1085 77 35 lösa
1669 1085 120 35 denna

181 1133 117 37 första
325 1133 270 50 förutsättning
622 1133 58 36 för
707 1138 52 32 ett
786 1133 148 37 fortsatt
961 1135 188 35 rationellt
1176 1134 123 36 arbete
1326 1137 47 45 på
1400 1135 99 35 detta
1527 1135 160 36 område.

282 1185 76 36 Vid
388 1187 93 34 1855
511 1189 57 32 års
596 1184 235 50 lagstiftning
856 1185 198 36 beaktades
1082 1187 30 47 ej
1145 1186 70 35 den
1243 1190 97 31 stora
1366 1186 200 49 betydelse,
1584 1199 77 23 som
1681 1185 107 37 äfven

183 1237 44 36 de
269 1237 299 47 alkoholsvagare
608 1236 206 49 dryckerna
854 1237 47 35 ha
940 1236 58 36 för
1038 1235 289 49 alkoholfrågan.
1387 1237 137 35 Härtill
1552 1238 47 34 ha
1626 1238 163 48 mäktiga

181 1290 182 34 intressen
399 1287 207 36 sedermera
641 1288 126 35 knutit
794 1289 66 47 sig,
890 1287 122 36 hvilka
1040 1289 30 46 ej
1102 1289 221 46 oväsentligt
1349 1289 205 35 motverkat
1581 1293 53 31 ett
1661 1289 130 35 konse-

182 1340 109 35 kvent
318 1338 353 50 nykterhetsarbete.

283 1390 15 35 I
335 1390 270 48 begränsandet
633 1389 39 36 af
697 1389 104 36 dessa
827 1389 181 36 intressen
1037 1390 68 35 och
1132 1388 212 37 införandet
1371 1388 40 37 af
1435 1389 177 36 likartade
1640 1391 150 35 restrik-

181 1444 121 34 tioner
330 1440 56 36 för
413 1442 80 35 vin-
520 1441 67 36 och
616 1441 197 35 ölhandeln
841 1453 78 23 som
946 1441 13 34 i
982 1439 104 50 fråga
1113 1454 59 22 om
1192 1440 485 49 brännvinsförsäljningen,
1698 1454 37 23 se
1754 1442 36 35 vi

183 1498 54 31 ett
264 1491 40 37 af
329 1492 45 35 de
401 1497 183 31 närmaste
612 1492 234 48 nödvändiga
874 1497 137 42 stegen.

284 1542 218 50 Syftemålet
542 1543 84 36 med
667 1543 70 36 den
777 1542 398 49 lagstiftningspolitik,
1205 1556 77 23 som
1309 1544 258 47 inaugurerats
1597 1545 95 34 1855
1721 1544 68 35 och

183 1608 78 23 som
302 1594 112 36 sedan
455 1595 202 35 utvecklats
698 1594 68 36 och
802 1595 127 43 stödts,
958 1601 39 28 är
1025 1594 61 35 det
1113 1595 114 35 totala
1253 1593 186 36 förbudet.
1494 1593 231 37 Kväfvandet
1752 1594 41 36 af

183 1646 61 36 det
285 1647 144 47 privata
469 1646 173 35 intresset
681 1644 118 49 ifråga
826 1658 59 23 om
913 1645 480 48 rusdryckshandteringen,
1435 1650 72 30 rätt
1534 1644 57 36 för
1618 1646 171 34 kommu-

182 1710 117 23 nerna
339 1701 53 31 att
432 1695 175 49 förbjuda
646 1695 482 51 rusdrycksförsäljningen,
1169 1695 278 50 upphäfvandet
1483 1695 39 36 af
1555 1700 137 32 statens
1720 1697 68 35 och

182 1749 288 35 kommunernas
507 1749 235 35 ekonomiska
769 1747 182 36 beroende
979 1746 35 37 af
1041 1747 450 49 rusdrycksinkomsterna
1517 1754 62 28 äro
1607 1748 181 47 åtgärder,

184 1813 78 22 som
291 1800 70 35 alla
389 1800 93 47 peka
507 1800 96 35 blott
629 1799 13 36 i
670 1812 45 23 en
741 1799 178 47 riktning,
958 1798 61 35 det
1045 1800 12 33 i
1085 1800 119 33 sinom
1231 1798 55 35 tid
1314 1797 156 36 skeende
1498 1797 292 50 undertryckan-

184 1850 62 36 det
273 1850 40 36 af
337 1850 473 49 rusdryckshandteringen
838 1848 95 49 själf.
975 1848 130 49 Vägen
1132 1850 58 35 till
1219 1849 61 36 det
1297 1850 115 34 totala
1431 1847 173 38 förbudet
1624 1856 39 28 är
1682 1850 108 35 också

183 1902 113 36 redan
323 1902 156 36 beträdd
505 1901 85 37 med
617 1901 105 36 dessa
749 1907 159 42 etapper.

285 1953 81 36 Den
394 1958 163 31 närmast
584 1952 174 49 liggande
785 1952 186 35 reformen
999 1954 46 45 på
1066 1958 117 41 vägen
1203 1956 76 30 mot
1297 1949 277 45 totalförbudet,
1595 1951 68 36 och
1682 1950 108 36 äfven

185 2017 45 23 en
270 2004 41 36 af
348 2004 44 36 de
432 2005 210 47 viktigaste,
676 2011 39 28 är
743 2009 90 30 utan
860 2001 129 38 tvifvel
1017 2001 307 50 genomförandet
1350 2000 40 36 af
1415 2001 62 36 det
1503 2002 120 35 lokala
1649 2006 101 32 vetot
1777 2002 12 35 i

186 2055 81 37 dess
304 2055 94 36 fulla
430 2056 266 45 utsträckning.
751 2055 15 35 I
793 2055 89 35 flera
909 2055 184 34 motioner
1119 2054 67 34 har
1213 2053 218 35 hemställan
1459 2053 119 47 gjorts
1604 2053 57 35 till
1688 2052 102 36 Riks-

186 2106 129 49 dagen,
344 2112 55 30 att
427 2106 70 36 den
526 2105 56 37 för
610 2108 56 34 sin
695 2105 58 36 del
782 2108 111 33 måtte
915 2105 146 35 biträda
1088 2103 136 47 förslag
1251 2104 137 44 härom,
1418 2105 67 34 och
1510 2104 65 48 jag
1603 2117 116 31 anser,
1737 2109 53 31 att

185 2158 190 48 åtgärders
415 2157 225 49 påbörjande
680 2156 58 37 för
777 2155 288 50 genomförande
1093 2154 40 37 af
1158 2160 53 31 ett
1237 2159 218 44 permanent
1482 2155 68 35 och
1577 2157 107 34 totalt
1711 2169 79 22 rus-

186 2208 271 51 drycksförbud
485 2208 131 36 främst
643 2209 123 35 består
793 2209 13 34 i
834 2207 61 35 det
920 2208 121 34 lokala
1067 2211 119 31 vetots
1213 2204 298 51 genomförande.

286 2260 81 36 Den
408 2259 237 37 förevarande
681 2258 40 36 af
754 2259 178 35 utskottet
964 2257 183 49 afstyrkta
1173 2258 189 35 motionen
1389 2257 158 49 påyrkar
1575 2256 101 37 detta
1703 2259 87 34 slut-

286 2323 65 26 Bih.
371 2323 42 26 til
430 2323 98 26 Riksd.
548 2323 74 26 Prot.
641 2322 86 28 1910.
763 2323 19 25 5
800 2322 85 27 Saml.
922 2323 15 25 1
955 2322 70 33 Afd.
1062 2320 19 27 3
1100 2321 78 34 Häift.
1674 2320 15 26 2
