2190 2626
432 196 18 29 8
906 194 228 30 Statsutskottets
1163 193 152 31 Utlåtande
1336 193 57 30 N:o
1415 191 48 33 55.

1148 856 44 27 :0
1218 847 73 37 56.

1147 994 71 28 Ank.
1236 994 45 28 till
1299 994 94 28 Riksd.
1411 993 91 29 kansli
1520 994 54 28 den
1591 996 32 25 22
1643 1002 72 19 mars
1736 996 73 32 1904,
1827 993 37 27 kl.
1882 996 15 25 3
1916 1002 22 20 e.
1957 1003 37 18 m.

596 1134 206 46 Utlåtande,
830 1135 14 36 i
870 1135 197 49 anledning
1104 1135 47 49 af
1185 1135 137 49 Kungl.
1361 1134 128 49 Maj:ts
1521 1134 226 48 proposition
1781 1146 56 24 om
1868 1133 128 49 anslag

784 1202 69 48 för
897 1202 238 49 restaurering
1179 1203 48 48 af
1271 1203 130 48 Heliga
1453 1202 260 49 Trefaldighets
1754 1201 241 50 församlings

793 1270 124 48 kyrka.

1626 1332 74 50 (2:a
1726 1335 47 38 U.
1801 1331 60 51 A.)

520 1488 66 39 Uti
614 1501 48 24 en
689 1488 76 37 den
795 1489 45 36 19
861 1487 168 38 februari
1050 1488 96 37 1904
1165 1487 139 38 aflåten
1323 1486 243 51 proposition
1586 1484 75 49 (n:o
1681 1484 62 50 87)
1763 1486 69 37 har
1852 1486 142 48 Kungl.

391 1540 119 48 Maj:t,
538 1539 123 37 under
689 1538 245 49 åberopande
963 1537 42 37 af
1027 1537 148 49 bilagdt
1202 1537 140 48 utdrag
1369 1539 42 35 af
1435 1536 423 51 statsrådsprotokollet
1884 1536 112 38 öfver

392 1588 420 40 ecklesiastikärenden
839 1588 58 37 för
924 1601 147 24 samma
1098 1590 87 46 dag,
1213 1587 202 48 föreslagit
1441 1587 222 49 Riksdagen
1693 1593 55 31 att
1781 1589 124 35 såsom
1938 1587 57 37 bi-

392 1641 96 46 drag
514 1640 58 37 till
598 1638 262 49 restaurering
875 1638 42 37 af
929 1638 141 49 Heliga
1087 1638 285 48 Trefaldighets
1392 1638 248 48 församlings
1660 1638 124 50 kyrka
1802 1637 11 37 i
1833 1637 163 37 hufvud-

393 1691 127 49 saklig
548 1689 173 50 enlighet
748 1689 89 37 med
866 1689 129 38 därför
1022 1689 42 37 af
1086 1688 140 48 Kungl.
1255 1689 108 48 Maj:t
1389 1688 194 38 fastställd
1609 1689 91 50 plan
1718 1691 51 47 på
1789 1693 108 32 extra
1919 1692 78 33 stat

393 1741 58 38 för
479 1744 40 34 år
548 1742 95 36 1905
673 1740 141 49 bevilja
842 1745 55 31 ett
924 1740 141 49 belopp
1095 1739 40 37 af
1159 1740 136 46 23,000
1324 1739 152 38 kronor.

524 1790 245 38 Beträffande
821 1789 107 39 detta
970 1790 144 37 ärende
1158 1790 70 37 har
1268 1789 424 51 departementschefen
1733 1788 59 38 till
1833 1788 163 38 berörda

393 1840 380 51 statsrådsprotokoll
800 1840 126 38 anfört
951 1840 184 50 följande.

525 1893 38 36 »I
604 1905 47 24 en
690 1891 42 38 af
755 1891 254 49 domkapitlet
1042 1891 5 36 i
1074 1890 173 51 Uppsala
1279 1890 87 37 med
1394 1896 92 43 eget
1512 1889 260 50 underdånigt
1798 1890 197 37 utlåtande

394 1944 74 36 den
498 1945 45 35 18
572 1942 96 50 april
697 1943 98 36 1900
822 1941 58 37 till
908 1941 124 38 Eders
1060 1941 143 49 Kungl.
1232 1941 108 49 Maj:t
1372 1941 262 37 öfverlämnad
1674 1940 217 49 ansökning
1931 1954 67 23 an-

393 1994 79 37 höll
509 1993 141 48 Heliga
676 1991 284 48 Trefaldighets
987 1992 237 48 församling,
1266 1991 89 37 med
1381 1991 209 49 bifogande
1618 1991 41 38 af
1682 1991 83 37 dels
1793 1991 139 49 utdrag
1959 1991 42 36 af

393 2043 193 51 protokoll
617 2043 66 37 vid
716 2043 288 49 kyrkostämma
1036 2043 87 36 med
1156 2042 278 48 församlingen
1466 2042 76 37 den
1570 2044 45 35 31
1645 2055 102 24 mars
1778 2043 107 44 1900,
1913 2041 84 37 dels

394 2093 195 51 protokoll
615 2094 66 37 vid
709 2093 121 37 sådan
858 2094 42 36 af
924 2093 185 38 domaren
1131 2093 13 36 i
1172 2098 109 32 orten
1308 2092 212 37 verkställd
1548 2092 226 49 besiktning
1797 2095 21 34 å
1836 2092 161 37 försam-

395 2145 153 48 lingens
576 2144 135 49 kyrka,
739 2143 160 38 hvarom
926 2145 11 35 i
965 2143 141 49 nådiga
1133 2143 151 37 brefvet
1312 2143 74 37 den
1414 2145 47 35 22
1490 2156 101 24 mars
1609 2144 95 36 1759
1725 2143 169 47 stadgas,
1914 2141 83 38 dels

398 2196 72 37 ock
495 2208 141 36 genom
663 2194 301 49 församlingens
992 2194 153 48 försorg
1171 2193 230 51 upprättade
1429 2194 189 49 ritningar
1643 2193 59 37 till
1733 2192 265 49 restaurering

398 2246 42 37 af
473 2246 89 37 dess
600 2245 135 50 kyrka,
776 2250 55 32 att
870 2244 163 39 berörda
1067 2244 187 49 ritningar
1280 2247 117 35 måtte
1425 2244 144 37 erhålla
1596 2244 118 48 nådig
1741 2243 257 46 stadfästelse,
