1888 2836
220 158 39 31 54
608 162 380 30 Jordbruksutskottets
1018 163 181 30 memorial
1221 162 47 31 Nr
1294 163 50 30 69.

1650 279 158 26 Inrösnings-

168 333 174 21 Kommun
451 333 112 21 Revir
931 329 274 28 Fastighetens
1239 336 104 16 namn
1641 309 118 57 —odord

1634 352 60 76 |har
1751 386 28 16 ar
1820 380 2 47 |

1708 437 2 27 |

418 518 12 5 -
653 482 86 30 Från
761 480 282 40 kronoegendomen
1071 479 138 39 Västbyn
1233 480 45 29 1:

202 523 98 30 Frösö
411 524 196 30 Östersunds
695 524 208 39 Lägenheten
926 523 151 38 Västbyn
1103 523 29 29 1?
1154 521 217 40 (Wikstorpet
1393 520 76 31 eller
1490 520 133 39 Lagers-

969 564 124 39 torpet)
1111 586 506 8 ........sssssocrror
1505 560 63 47 rer
1587 560 34 47 rt
1685 563 19 30 31
1727 561 96 31 18.50

247 616 13 19 »
504 617 12 19 »
795 616 12 20 »
926 607 153 39 Västbyn
1104 607 30 29 1?
1156 605 224 39 (Lindtorpet)
1403 629 214 6 ...........
1688 605 13 29 11
1724 603 99 30 77.80

417 685 12 5 -
653 650 86 29 Från
761 649 281 38 kronoegendomen
1071 647 184 32 Västerhus:
1636 672 3 16 i

202 691 98 29 Frösö
410 691 196 30 Östersunds
631 692 1 12 |
695 692 209 38 Lägenheten
925 691 181 30 Västerhus
1131 690 30 29 1?
1184 688 234 40 (Apelltorpet)
1441 712 176 7 .........
1685 687 19 30 6
1727 687 97 49 19.00]

652 734 86 29 Från
761 733 217 39 kronoparken
1001 731 263 39 Korskällhögen:

202 774 98 39 Svegs
461 775 92 30 Hede
696 775 150 30 Kronans
862 775 98 30 andel
975 774 55 30 vid
1045 774 194 38 försäljning
1253 782 43 21 av
1310 782 40 21 en
1365 772 57 30 vid
1438 772 72 39 laga
1525 772 99 29 skifte

736 817 87 30 inom
835 817 215 38 Glissjöbergs
1061 816 170 38 skifteslag
1242 815 50 30 för
1301 816 205 38 gemensamt
1516 814 107 30 behov

736 861 112 28 avsatt
870 859 160 39 skolplats
1053 867 53 21 om
1128 858 117 30 0.4360
1267 857 117 30 hektar
1402 879 214 8 ...........
1635 856 3 32 i

1489 914 133 30 Summa
1634 936 3 60 |

695 1031 281 33 Västerbottens
998 1030 72 32 län.
1634 1020 4 117 |

189 1111 122 30 Sorsele
446 1110 122 31 Sorsele
652 1110 358 40 Kronojordlägenheten
1034 1109 120 32 Sorsele
1176 1109 42 35 22,
1241 1109 22 30 f.
1288 1109 30 30 d.
1343 1108 274 40 hållhägnad....

652 1154 86 30 Från
760 1152 217 40 kronoparken
1002 1151 261 32 Storbäckheden:
1635 1139 3 73 |

209 1194 85 31 Malå
465 1190 85 49 Malå
695 1196 51 29 Av
765 1195 199 39 fastigheten
983 1194 147 31 Malånäs
1153 1194 30 29 1?
1202 1193 23 30 f.
1246 1192 377 40 kronojägarebostaden

736 1237 172 30 Malåsund
931 1236 207 31 omfattande
1160 1235 158 39 (förutom
1338 1234 253 31 vattenområde
1612 1234 11 29 i

737 1279 72 38 sjön
839 1278 233 38 Malåträsket)
1103 1287 41 21 en
1176 1277 87 31 areal
1294 1286 43 22 av
1369 1276 150 39 omkring
1549 1275 74 31 6.08

737 1320 116 30 hektar
875 1341 741 9 .osssssseeesersesrerer
1361 1316 51 47 ror
1423 1316 95 47 rr
1584 1316 37 47 ks

158 1362 186 39 Bjurholms
369 1356 23 50 |
411 1362 189 39 Bjurholms
619 1356 20 50 |
650 1362 193 38 Lägenheten
878 1362 181 30 Norrström
1094 1361 44 29 I
1173 1360 36 40 (f.
1245 1360 376 40 kronojägarebostaden

695 1403 246 39 Strömsheden)
962 1427 215 7 ...........
1210 1426 239 7 ssssreererer
1466 1426 107 6 error
1589 1426 27 6 ra

1488 1460 133 30 Summa

692 1567 241 33 Norrbottens
956 1566 71 33 län.

626 1656 3 28 |
651 1647 88 30 Från
761 1646 217 39 kronoparken
1001 1646 215 30 Meurisvare:

170 1689 162 31 Gällivare
378 1688 3 40 |
406 1689 201 31 Råneträsks
627 1696 3 44 |
695 1689 52 30 Av
768 1688 148 40 planlagt
938 1688 133 30 område
1092 1688 58 30 vid
1173 1688 206 31 Nattavaara
1402 1687 221 40 järnvägssta-

736 1731 70 30 tion
828 1732 131 29 tomten
982 1739 39 21 nr
1041 1730 41 31 43
1104 1752 514 9 ....s.ssssosersrresterrrs

379 1760 3 37 |
652 1773 87 30 Från
761 1772 217 40 kronoparken
1006 1771 220 39 Vuodnaberg:

147 1814 207 31 Jokkmokks
379 1799 3 49 |
404 1815 219 31 Storbackens|
695 1816 51 29 Av
769 1814 148 40 planlagt
940 1814 133 31 område
1095 1814 58 30 vid
1176 1813 144 39 Murjeks
1343 1812 281 40 järnvägsstation

379 1872 3 75 |
736 1858 128 29 tomten
887 1865 40 22 nr
949 1855 40 32 I6
1007 1878 612 9 ..s.s..sssssesesorerereser
1528 1851 95 50 orter

627 1896 3 51 |
1492 1913 133 31 Summa

159 1991 10 14 1
189 1991 68 26 1938
275 1992 38 31 2/,
331 1991 143 26 meddelar
492 1991 190 31 jägmästaren
703 1992 43 23 att
764 1990 219 31 köpeskillingen
1003 1990 100 31 erlagts
1123 1990 54 25 den
1196 1989 30 32 2/;
1247 1990 75 25 1937.

606 2042 55 25 nad

1662 911 41 32 33
1724 910 99 46 31.50;

1684 1088 133 68 4/73.00
