1970 2866
638 217 100 27 Andra
764 218 194 35 lagutskottets
982 220 147 27 utlåtande
1153 230 34 17 nr
1213 219 21 30 1.
1666 221 18 27 )

237 287 121 32 Såsom
382 288 10 31 i
416 290 260 41 propositionen
700 291 145 32 erinrats
870 292 84 31 hava
976 293 11 31 i
1010 294 163 31 avvaktan
1198 296 43 39 på
1264 295 179 31 resultatet
1463 307 39 19 av
1520 295 65 32 den
1603 296 79 31 före-

185 338 140 31 stående
360 339 169 32 allmänna
563 341 193 31 revisionen
784 353 41 20 av
848 344 73 29 vårt
944 343 252 32 försvarsväsen
1220 356 40 19 av
1286 345 88 38 1920,
1401 346 89 37 1921,
1517 346 80 31 1922
1620 347 61 30 och

186 388 79 31 1923
289 390 54 29 års
367 389 176 41 riksdagar
569 392 148 39 antagits
744 392 94 40 lagar
865 404 53 20 om
943 393 127 32 ändrad
1094 394 267 42 utbildningstid
1384 396 52 31 för
1458 397 226 41 värnpliktiga

184 449 39 19 av
256 439 193 40 respektive
486 441 88 36 1920,
613 442 87 36 1921,
732 443 79 30 1922
835 443 63 30 och
925 444 79 30 1923
1027 446 54 29 års
1104 444 139 38 klasser,
1269 445 89 31 vilka
1380 446 93 40 lagar
1496 446 91 31 såväl
1611 447 72 30 sins

184 488 144 31 emellan
353 499 72 21 som
450 490 10 30 i
484 490 211 32 förhållande
720 492 52 31 till
795 503 45 20 nu
864 493 200 40 föreslagna,
1089 495 239 31 motsvarande
1351 496 54 40 lag
1421 496 173 31 innehålla
1606 496 76 31 fullt

183 539 357 32 överensstämmande
574 540 260 33 bestämmelser
867 553 54 20 om
956 543 221 42 nedsättning
1209 544 11 31 i
1254 545 322 42 utbildningstiden.
1631 546 51 31 Av

175 588 136 31 samma
344 589 184 42 anledning
562 592 160 30 ävensom
750 603 40 19 av
814 593 277 31 statsfinansiella
1115 594 72 31 skäl
1210 594 86 32 hava
1318 595 57 31 vid
1401 596 87 37 1921,
1516 597 79 30 1922
1619 597 62 31 och

184 638 80 31 1923
292 639 54 30 års
374 639 184 41 riksdagar,
585 640 50 31 till
660 641 269 41 möjliggörande
953 654 39 20 av
1015 646 230 40 reservtrupp-
1269 645 63 31 och
1356 646 325 32 landstormsövnin-

182 698 76 30 gars
292 688 206 33 inställande
533 690 108 31 under
668 692 192 40 respektive
885 694 44 36 år,
954 694 147 41 antagits
1125 695 77 31 med
1226 706 85 20 ovan
1336 696 108 31 under
1467 697 51 31 2:o
1543 697 63 31 och
1629 698 51 31 3:o

182 740 174 39 upptagna
389 740 127 42 förslag
548 741 78 31 fullt
660 743 356 32 överensstämmande
1050 745 101 41 lagar,
1186 746 194 41 varigenom
1404 747 203 40 förordnats,
1632 750 49 30 att

180 789 237 42 värnpliktiga,
452 790 52 32 för
534 791 89 31 vilka
650 792 58 31 det
731 793 253 42 ifrågavarande
1007 797 72 30 året
1102 807 57 20 var
1182 796 57 32 det
1263 796 84 32 sista
1369 798 52 31 för
1443 798 202 42 deltagande
1668 800 11 30 i

180 840 349 43 reservtruppövning
551 843 192 41 respektive
766 844 346 43 landstormsövning,
1137 846 170 32 befriades
1330 847 73 32 från
1421 848 195 42 skyldighet
1631 851 49 30 att

179 888 146 42 fullgöra
349 890 105 32 sådan
478 892 134 42 övning.

232 938 82 33 Med
348 940 151 32 erinran
486 934 15 59 :
517 944 58 35 att,
611 943 107 42 enligt
741 945 63 30 vad
839 956 73 20 som
946 946 145 41 framgår
1120 958 40 20 av
1183 948 107 41 fjärde
1314 949 218 32 huvudtiteln
1554 950 12 31 i
1589 953 90 29 årets

180 990 416 42 statsverksproposition,
621 993 57 32 det
701 993 127 44 förslag
851 995 53 32 till
927 1007 45 31 ny
987 997 254 43 värnpliktslag,
1261 1010 72 20 som
1350 999 154 32 kommer
1519 1002 50 30 att
1583 1001 96 31 fram-

179 1039 116 42 läggas
319 1041 52 31 för
394 1041 229 34 innevarande
645 1044 148 42 riksdag,
818 1048 36 29 är
877 1049 110 29 avsett
1009 1049 49 29 att
1081 1048 97 31 träda
1200 1049 11 31 i
1227 1049 88 32 kraft
1330 1050 87 32 först
1432 1051 78 31 med
1528 1051 80 32 1925
1624 1053 54 30 års

178 1089 135 44 ingång,
348 1091 51 32 får
431 1092 178 40 utskottet,
645 1105 73 21 som
746 1096 57 31 vid
830 1097 169 42 prövning
1021 1110 40 19 av
1085 1099 41 31 de
1149 1099 11 31 i
1182 1100 263 41 propositionen
1467 1102 211 32 innefattade

177 1140 173 43 förslagen
383 1142 75 32 icke
490 1144 113 32 funnit
637 1145 73 32 skäl
742 1146 53 31 till
828 1147 206 42 frångående
1057 1160 40 20 av
1120 1150 203 42 föregående
1345 1151 195 43 riksdagars
1563 1153 115 32 beslut

177 1191 145 32 rörande
356 1193 474 44 utbildningsförhållandena
862 1198 53 31 för
937 1198 41 32 de
1001 1200 226 42 värnpliktiga
1249 1201 110 33 under
1380 1203 296 40 provisorietiden,

177 1241 182 34 hemställa

541 1289 49 30 att
612 1288 182 43 riksdagen
818 1292 105 30 måtte
939 1292 52 31 för
1007 1292 53 31 sin
1077 1293 55 31 del
1148 1296 123 40 antaga
1287 1294 41 32 de
1344 1295 57 31 vid
1418 1296 125 42 Kungl.
1561 1297 115 42 Maj:ts

486 1338 220 33 förevarande
729 1341 217 41 proposition
969 1342 122 40 fogade
1113 1344 191 42 föreslagen
1327 1345 52 32 till

540 1388 61 41 1:o)
624 1389 54 42 lag
702 1401 54 20 om
780 1391 129 32 ändrad
933 1392 265 43 utbildningstid
1222 1395 53 31 för
1296 1397 227 42 värnpliktiga
1538 1409 41 20 av
1597 1399 79 31 1924

486 1440 55 30 års
564 1439 102 39 klass,

538 1489 63 43 2:0)
624 1490 55 42 lag
702 1502 54 20 om
779 1492 160 33 befrielse
963 1494 52 31 för
1037 1495 91 32 vissa
1150 1497 228 43 värnpliktiga
1393 1499 73 31 från
1480 1499 195 43 skyldighet

486 1542 49 29 att
557 1541 146 42 fullgöra
725 1545 357 42 reservtruppövning,
1108 1549 88 29 samt

537 1591 65 39 3:0)
624 1592 54 42 lag
702 1604 54 20 om
780 1594 160 32 befrielse
963 1595 52 32 för
1034 1597 92 31 vissa
1148 1598 227 43 värnpliktiga
1390 1601 73 31 från
1480 1601 195 42 skyldighet

484 1643 59 30 att.
564 1642 126 42 deltaga
712 1644 11 30 i
746 1644 345 44 landstormsövning.

227 1714 199 34 Stockholm
451 1717 65 32 den
539 1718 20 30 5
581 1719 149 32 februari
756 1721 88 32 1924.

614 1795 49 32 På
685 1797 106 31 andra
814 1798 243 41 lagutskottets
1081 1803 138 40 vägnar:

745 1874 129 33 BROR
896 1868 195 41 PETRÉN.

223 2103 62 28 Vid
308 2105 149 28 ärendets
481 2106 196 39 behandling
698 2109 84 27 hava
805 2111 156 28 niärvarit:

222 2145 72 29 från
317 2146 101 29 första
442 2148 197 29 kammaren:
664 2151 108 28 herrar
795 2152 81 28 Bror
898 2153 113 35 Petrén,
1032 2153 173 38 Tjällgren",
1227 2157 116 36 Sigfrid
1359 2159 146 35 Hansson,
1522 2160 146 36 Frändén,

176 2187 103 29 Wahl"
301 2189 59 28 och
383 2198 54 20 von
461 2189 205 31 Stockenström
673 2204 8 23 ;

221 2230 72 28 från
316 2232 102 28 andra
441 2232 198 30 kammaren:
674 2236 109 28 herrar
805 2237 177 36 Magnusson
1005 2240 10 27 i
1038 2240 141 36 Kalmar,
1202 2241 148 37 Hagman,
1373 2243 145 30 Karlsson
1539 2246 11 27 i
1575 2246 94 29 Gasa-

169 2272 88 35 bäck,
293 2272 176 37 Magnusson
502 2276 10 27 i
540 2276 134 36 Skövde,
699 2278 117 29 Nilsson
839 2280 10 27 i
872 2280 168 36 Vibberbo,
1065 2282 138 30 Svensson
1227 2285 9 27 i
1260 2284 189 39 Skönsberg,
1472 2287 163 30 Johansson
1658 2290 9 27 i

168 2314 151 30 Sollefteå
342 2317 59 27 och
424 2316 149 39 Sundling.

220 2390 22 31 ”)
259 2390 34 31 Ej
314 2393 178 25 närvarande
512 2394 47 24 vid
579 2395 176 26 utlåtandets
772 2395 152 35 justering.

1744 308 129 24 Utskottet.
