1910 2848
292 144 18 31 8
739 146 279 30 Bankoutskottets
1040 147 163 29 utlåtande
1225 147 48 29 Nr
1296 152 49 27 39.

299 244 41 19 av
357 232 336 37 riksgäldskontoret.
733 233 52 31 En
803 233 96 38 dylik
916 233 204 39 utvidgning
1138 246 42 20 av
1198 234 219 33 riksbankens
1435 235 365 33 verksamhetsområde

299 285 99 27 synes
415 274 69 37 mig
500 274 197 38 visserligen
717 274 112 33 kunna
847 287 80 20 vara
945 275 142 32 föremål
1106 276 53 32 för
1177 277 108 37 någon
1304 276 133 33 tvekan.
1478 277 70 39 Jag
1566 277 62 32 har
1646 277 105 32 likväl
1769 278 30 37 ej

299 319 110 28 ansett
430 316 69 38 mig
520 316 80 32 böra
622 316 125 32 avråda
770 317 76 31 från
870 317 258 38 framläggande
1150 330 42 20 av
1215 319 130 38 förslag
1366 319 126 38 jämväl
1513 319 11 32 i
1548 319 106 32 denna
1677 319 63 32 del.
1784 319 18 32 I

301 358 37 31 12
360 357 19 38 $
400 357 103 32 under
522 357 34 39 c)
582 370 99 26 synes
702 359 59 32 den
781 358 215 40 jämkningen
1017 359 81 33 böra
1118 360 166 38 vidtagas,
1306 364 50 29 att
1377 360 246 39 konungariket
1646 360 154 39 Sveriges

299 399 381 39 stadshypotekskassas
703 400 220 38 obligationer
943 404 171 36 upptagas
1136 402 101 38 jämte
1261 402 168 32 allmänna
1452 403 348 38 hypoteksbankens.»

82 475 188 34 Proposition
309 471 16 50 —
341 475 67 32 Det
422 475 12 32 i
449 476 246 38 propositionen
711 488 38 20 nr
766 477 63 32 274
846 476 192 39 framlagda
1055 477 165 39 förslaget
1235 478 148 38 grundar
1400 478 51 38 sig
1468 479 42 38 på
1527 490 38 20 en
1584 491 41 19 av
1643 478 157 32 fullmäk-

127 511 110 26 unket
297 526 69 37 lige
383 526 12 31 i
411 525 202 33 riksbanken
632 526 61 32 den
712 528 38 31 27
769 539 89 20 mars
877 528 83 31 1930
978 527 98 38 gjord
1095 527 264 39 framställning,
1377 529 160 32 avseende
1557 531 69 30 rätt
1645 529 53 32 för
1717 528 83 33 riks-

298 575 128 32 banken
444 579 50 29 att
512 576 159 33 förvärva
690 577 108 32 aktier
815 577 11 32 i
844 589 38 20 en
901 578 43 38 på
962 578 167 38 grundval
1148 590 42 20 av
1208 578 315 33 överenskommelse
1543 579 120 32 mellan
1684 579 116 32 åtskil-

298 625 69 39 liga
386 626 208 32 främmande
612 626 129 33 makter
759 627 115 32 bildad
892 628 248 32 internationell
1158 628 98 33 bank.

342 676 124 32 Mellan
488 676 177 39 Tyskland
686 677 59 32 och
768 678 38 32 de
830 677 96 33 forna
949 678 160 33 allierade
1131 678 173 33 makterna
1326 680 61 31 har
1410 679 61 32 den
1495 681 40 31 20
1557 680 135 38 januari
1716 681 83 32 1930

297 726 257 33 undertecknats
580 739 39 20 en
645 728 325 39 överenskommelse,
995 740 70 21 som
1091 732 141 29 ersätter
1258 729 93 32 förut
1376 730 155 37 gällande
1558 731 93 31 avtal
1676 730 124 32 beträt-

297 776 100 33 fande
415 777 37 32 de
469 777 100 39 tyska
588 777 489 40 skadeståndsbetalningarna.
1118 779 72 32 Den
1208 792 67 26 nya
1293 780 339 32 överenskommelsen
1652 781 149 37 grundar

298 827 52 38 sig
370 827 12 31 i
402 827 178 33 huvudsak
600 828 44 39 på
664 831 48 29 ett
733 828 130 38 förslag
888 827 79 41 (den
988 841 26 21 s.
1035 829 34 33 k.
1091 829 291 41 Young-planen),
1406 842 67 20 som
1496 831 62 31 den
1581 833 16 29 7
1621 831 72 38 juni
1716 832 82 32 1929

297 877 188 33 avlämnats
504 889 42 21 av
565 890 39 20 en
624 878 54 32 för
697 879 190 32 ändamålet
905 879 125 32 tillsatt
1048 879 183 33 kommitté.

342 927 18 32 I
386 928 147 38 enlighet
558 928 75 32 med
660 929 105 32 denna
791 929 316 33 överenskommelse
1134 930 61 31 har
1221 930 104 32 under
1352 931 87 32 form
1466 943 42 20 av
1534 935 50 29 ett
1610 931 190 40 aktiebolag

297 977 125 33 bildats
445 990 39 20 en
507 979 247 32 internationell
778 979 90 32 bank
896 978 154 41 (Banque
1076 980 57 32 des
1157 980 213 38 Reglements
1395 980 311 41 Internationaux),
1732 994 68 20 som

296 1028 107 39 enligt
424 1028 181 39 stadgarna
627 1029 88 32 skall
736 1030 87 32 hava
844 1030 54 32 till
919 1030 141 33 föremål
1082 1030 54 32 för
1158 1030 50 32 sin
1229 1030 213 33 verksamhet
1464 1035 50 31 att
1535 1032 159 32 befordra
1716 1044 84 20 sam-

296 1078 129 32 arbetet
446 1078 121 33 mellan
591 1079 308 39 centralbankerna,
923 1084 51 29 att
997 1080 108 39 skapa
1128 1092 68 27 nya
1218 1081 212 38 möjligheter
1454 1081 53 32 för
1530 1082 269 33 internationella

297 1128 248 33 finansaffärer
567 1133 87 28 samt
676 1133 50 29 att
747 1130 87 32 efter
856 1131 91 31 avtal
970 1131 73 31 med
1067 1130 39 32 de
1129 1131 220 32 intresserade
1374 1131 234 39 regeringarna
1633 1133 167 38 uppträda

297 1190 68 20 som
389 1178 183 33 förvaltare
598 1178 235 41 (mandataire,
855 1180 141 40 trustee)
1023 1181 81 32 eller
1127 1181 119 32 ombud
1267 1181 56 32 vid
1347 1181 37 32 de
1407 1181 269 33 internationella
1698 1182 102 33 betal-

296 1228 176 39 ningarna.

342 1278 45 33 Så
404 1279 98 38 länge
519 1279 145 32 nämnda
682 1280 325 39 överenskommelse,
1027 1285 82 27 även
1130 1281 103 32 denna
1252 1282 11 31 i
1282 1281 183 33 allmänhet
1481 1282 165 33 benämnd
1665 1283 135 38 Young-

296 1328 131 40 planen,
445 1333 37 28 är
499 1329 168 39 gällande,
687 1329 87 33 skall
790 1330 130 32 banken
939 1330 167 32 dessutom
1125 1334 160 35 mottaga,
1305 1331 148 33 förvalta
1472 1333 60 32 och
1551 1333 131 32 fördela
1701 1333 39 32 de
1759 1343 42 22 av

296 1378 177 39 Tyskland
489 1379 140 38 erlagda
647 1379 240 39 annuiteterna,
906 1380 166 32 övervaka
1090 1381 61 31 och
1167 1392 81 21 vara
1266 1381 187 39 behjälplig
1471 1383 73 31 med
1562 1383 240 32 kommersiali-

297 1429 152 39 seringen
467 1430 60 32 och
545 1430 269 38 mobiliseringen
835 1442 41 21 av
894 1431 90 32 vissa
1004 1431 93 32 delar
1116 1443 42 20 av
1176 1432 168 32 desamma
1364 1437 86 28 samt
1469 1433 87 32 efter
1575 1434 227 32 överenskom-

296 1481 100 32 melse
418 1481 73 32 med
514 1481 39 32 de
575 1481 220 33 intresserade
819 1482 237 38 regeringarna
1078 1482 116 33 utföra
1217 1483 64 33 alla
1304 1483 187 39 uppgifter,
1515 1496 69 20 som
1607 1485 53 31 stå
1682 1485 11 31 i
1716 1497 83 20 sam-

295 1530 89 33 band
400 1531 73 32 med
491 1531 38 33 de
547 1531 103 38 tyska
668 1531 479 40 skadeståndsbetalningarna
1165 1533 59 32 och
1243 1533 38 32 de
1301 1533 136 33 därmed
1457 1534 226 39 förknippade
1701 1535 98 32 inter-

296 1581 180 32 nationella
493 1581 422 40 kapitalöverföringarna.

340 1631 120 38 Enligt
484 1632 184 37 stadgarna
693 1631 93 34 skola
812 1632 210 39 riktlinjerna
1048 1632 55 33 för
1127 1633 146 33 bankens
1299 1634 212 33 verksamhet
1537 1635 52 32 stå
1614 1635 12 31 i
1651 1640 148 28 överens-

296 1681 188 33 stämmelse
500 1682 74 31 med
590 1682 244 32 vederbörande
852 1683 131 32 länders
1001 1683 369 40 centralbankspolitik,
1389 1684 59 32 och
1465 1697 42 20 av
1524 1685 130 32 banken
1672 1685 127 39 ifråga-

296 1734 90 29 satta
409 1731 131 33 affärer
561 1732 12 31 i
596 1732 39 32 de
659 1732 167 33 särskilda
849 1732 159 33 länderna
1031 1733 37 32 få
1091 1733 73 32 icke
1187 1734 142 38 utföras,
1354 1746 51 20 om
1428 1734 130 33 landets
1583 1735 218 33 centralbank

295 1781 155 39 inlägger
466 1781 123 33 förbud
606 1782 158 33 däremot.

340 1831 138 33 Banken
496 1831 88 33 skall
602 1832 85 33 hava
705 1832 61 33 sitt
783 1836 71 29 säte
871 1833 11 31 i
900 1832 110 33 Basel.

339 1881 156 33 Bankens
524 1881 225 40 aktiekapital
778 1882 88 33 skall
894 1886 120 35 utgöra
1044 1883 200 33 femhundra
1273 1884 153 39 miljoner
1456 1885 219 33 schweiziska
1704 1886 94 38 guld-

296 1931 124 39 francs,
438 1932 146 32 fördelat
600 1932 12 31 i
629 1932 286 33 tvåhundratusen
933 1933 109 32 aktier
1058 1934 20 31 å
1095 1934 358 33 tvåtusenfemhundra
1471 1935 125 34 francs.

340 1981 213 39 Teckningen
580 1994 42 20 av
648 1982 258 38 aktiekapitalet
931 1987 38 28 är
993 1984 204 37 garanterad
1223 1996 41 20 av
1290 1985 298 33 centralbankerna
1614 1986 12 31 i
1651 1986 149 39 Belgien,

295 2032 167 39 England,
483 2032 199 39 Frankrike,
704 2033 184 39 Tyskland,
910 2034 122 32 Italien
1053 2035 60 32 och
1134 2034 112 39 Japan
1268 2039 87 28 samt
1375 2048 42 20 av
1436 2036 228 32 bankinstitut
1691 2037 4 32 i
1716 2037 84 32 New

295 2081 95 33 York
406 2082 59 32 och
483 2082 158 39 Chicago.
681 2083 137 32 Banken
834 2083 66 32 kan
917 2083 94 39 börja
1029 2084 51 32 sin
1097 2084 222 41 verksamhet,
1337 2090 60 28 när
1415 2086 101 32 minst
1533 2087 265 32 etthundratolv-

294 2137 96 28 tusen
407 2132 108 33 aktier
531 2133 163 32 tecknats.
732 2133 94 32 Inom
843 2134 57 32 två
915 2134 37 31 år
968 2134 87 32 efter
1072 2135 55 31 det
1143 2135 127 32 banken
1287 2136 110 38 börjat
1414 2136 51 32 sin
1481 2137 214 33 verksamhet
1712 2137 87 33 skall

295 2182 62 32 den
376 2183 209 32 återstående
605 2183 93 32 delen
718 2195 42 20 av
779 2183 257 39 aktiekapitalet
1056 2185 159 38 utbjudas
1235 2186 55 31 till
1310 2186 168 39 teckning.
1520 2186 118 33 Denna
1660 2188 52 31 del
1732 2188 67 32 kan

295 2232 156 39 erbjudas
471 2233 297 32 centralbankerna
787 2234 80 31 eller
886 2233 104 33 andra
1008 2234 127 32 banker
1153 2235 11 32 i
1185 2235 124 33 sådana
1329 2236 126 40 länder,
1476 2249 68 20 som
1564 2237 73 33 icke
1659 2238 142 38 deltagit

294 2285 11 30 i
332 2284 61 32 den
418 2285 243 38 ursprungliga
687 2285 208 39 teckningen.
943 2285 103 39 Varje
1073 2286 78 32 land
1178 2291 78 34 äger
1283 2287 119 33 därvid
1429 2288 118 33 teckna
1574 2289 101 38 högst
1700 2290 97 37 8,000

295 2334 109 32 aktier
426 2334 80 33 eller
529 2336 41 31 20
593 2335 153 38 miljoner
769 2335 217 33 schweiziska
1011 2335 125 35 francs.
1182 2337 68 32 Vid
1273 2337 199 39 teckningen
1496 2338 95 33 skola
1615 2339 118 32 endast
1757 2340 40 31 25

294 2388 136 34 procent
454 2397 42 20 av
519 2385 55 32 det
597 2385 161 32 tecknade
782 2385 153 39 beloppet
959 2385 177 34 inbetalas.
1184 2386 172 39 Styrelsen
1381 2387 66 33 kan
1472 2389 185 32 emellertid
1683 2389 115 33 fordra

294 2434 208 40 inbetalning
522 2447 41 20 av
584 2435 208 32 återstående
812 2435 119 39 belopp
952 2436 11 31 i
983 2448 39 20 en
1042 2436 82 32 eller
1145 2436 85 33 flera
1251 2441 112 35 poster
1383 2438 87 32 efter
1490 2450 38 20 en
1550 2440 248 38 uppsägnings-
