2305 2723
486 190 20 32 2
635 192 115 31 Andra
773 191 208 33 Kammarens
1009 192 168 44 Tillfälliga
1205 191 129 35 Utskotte
1358 194 77 42 (N:o
1459 195 32 42 4)
1517 195 201 32 Betänkande
1740 195 63 33 N:o
1826 196 54 31 40.

445 268 62 32 och
541 268 140 32 sålunda
713 269 177 42 inbespara
924 270 75 32 hela
1033 271 140 42 afgiften
1207 271 52 33 för
1293 272 63 32 den
1387 272 121 33 honom
1533 273 78 42 sjelf
1631 273 254 33 tillkommande
1909 275 131 41 platsen
2065 276 8 30 i

444 312 104 32 första
571 312 154 32 klassens
749 324 96 31 vagn.

597 356 52 32 De
684 356 106 42 öfriga
823 357 75 42 fyra
932 357 192 33 klassernas
1148 359 144 32 embets-
1315 359 61 32 och
1399 360 210 41 tjenstemän,
1635 361 37 31 af
1691 360 115 32 hvilka
1831 364 120 39 många
1974 362 101 32 hafva

445 399 129 41 ganska
607 400 96 41 ringa
735 401 95 31 löner
864 401 61 31 och
958 401 51 31 till
1044 413 42 20 en
1121 402 53 32 del
1198 408 57 26 äro
1279 403 284 42 hufvudsakligen
1586 404 149 32 aflönade
1758 415 120 31 genom
1903 410 98 27 cxtra
2024 407 50 30 in-

446 443 162 38 komster,
642 443 134 32 hvilkas
811 444 120 41 belopp
955 445 265 32 understundom
1245 447 78 31 bero
1347 449 43 38 på
1413 447 63 31 den
1504 451 107 28 större
1635 448 82 31 eller
1739 448 130 32 mindre
1894 449 182 32 arbetsför-

444 489 105 39 måga,
575 486 40 32 de
640 487 129 37 besitta,
795 493 57 26 äro
878 488 150 32 deremot
1050 489 79 31 vida
1150 489 131 32 mindre
1304 490 155 42 gynnade
1484 491 10 31 i
1518 491 304 42 resereglementet,
1848 491 133 33 hvilket
1997 493 74 31 allt-

445 533 36 29 så
514 530 125 32 företer
672 531 323 39 missförhållanden,
1022 532 39 31 de
1086 532 58 32 der
1167 533 81 31 böra
1270 533 12 31 i
1304 534 187 41 möjligaste
1514 537 105 29 måtto
1643 535 174 39 utjemnas.
1863 535 208 33 Härförutan

443 573 109 32 finnes
585 574 12 31 i
632 574 297 42 rescreglementet
962 586 41 20 en
1037 586 109 21 annan
1176 576 192 42 väsendtlig
1394 578 90 31 brist.
1530 577 59 33 Uti
1612 579 13 40 $
1649 578 20 31 6
1692 578 108 32 finnes
1824 578 56 33 väl
1904 579 166 42 stadgadt,

444 621 49 27 att
527 628 89 21 rese-
651 617 61 32 och
741 618 578 43 traktamentskostnadsersättning
1342 624 97 38 utgår
1463 621 84 32 ofter
1571 621 57 31 det
1650 622 83 31 eller
1756 622 39 31 de
1820 622 92 32 olika
1936 628 68 26 sätt
2027 627 48 27 att

444 660 124 32 färdas:
591 660 78 32 med
692 661 117 41 skjuts,
834 664 42 39 på
899 662 181 42 ångfartyg
1110 663 82 32 eller
1215 666 43 38 på
1276 664 153 41 jernväg,
1454 676 63 20 som
1531 664 58 43 för
1612 676 90 21 resan
1724 665 150 42 verkligen
1898 667 172 42 begagnats,

443 704 61 32 och
538 707 50 28 att
621 706 109 30 såsom
764 705 168 41 tjenstefel
966 716 106 28 anses,
1108 717 53 21 om
1185 707 221 41 rescräkning
1430 713 164 36 upptager
1616 708 210 41 godtgörelse
1850 709 52 31 för
1925 713 50 28 ett
1998 710 74 31 med

444 748 102 39 högre
570 747 145 31 kostnad
739 748 153 31 förenadt
915 749 289 40 befordringssätt,
1230 755 43 25 än
1298 750 63 37 det,
1388 761 70 20 som
1483 751 106 30 under
1612 762 98 20 resan
1735 752 98 41 blifvit
1850 754 144 34 användt,
2013 754 60 30 och

444 789 11 30 i
479 790 13 40 $
516 789 19 32 7
559 789 229 39 föreskrifves,
826 794 49 27 att
897 791 211 41 godtgörelse
1133 791 36 31 af
1188 791 144 32 kostnad
1353 792 52 39 för
1427 804 69 19 resa
1519 794 68 30 med
1609 793 96 43 skjuts
1728 794 79 31 skall
1830 794 148 32 beräknas
2002 795 73 42 efter

442 832 132 32 kortaste
606 837 65 39 väg,
706 835 19 29 å
759 834 116 31 hvilken
909 834 267 43 skjutsinrättning
1202 835 120 43 finnes;
1350 846 78 21 men
1452 835 151 33 deremot
1626 836 122 32 saknas
1772 836 101 42 nödig
1896 837 174 33 föreskrift

444 876 124 38 derom,
593 880 49 27 att
665 876 63 32 den
752 883 66 35 väg
841 877 83 32 eller
948 877 55 32 det
1026 883 144 26 rescsätt
1193 879 60 31 bör
1277 879 175 40 begagnas,
1477 891 63 19 som
1563 880 119 42 medför
1703 881 113 30 minsta
1840 881 174 32 kostnaden.

594 919 76 32 Den
704 920 49 31 uti
786 921 13 40 $
835 920 19 32 8
888 931 98 21 mom.
1023 921 17 31 1
1076 921 175 32 bestämda
1285 922 189 41 ersättning
1502 922 51 32 för
1575 927 172 37 transport
1769 924 36 30 af
1826 923 64 32 den
1913 925 159 31 resandes

442 962 144 32 effekter
619 962 52 31 till
706 963 61 32 och
800 963 74 32 från
898 964 178 41 ångfartyg
1100 964 82 32 celler
1199 965 145 41 jernväg
1367 976 101 31 synes
1492 966 100 31 äfven
1615 977 81 20 vara
1719 967 161 41 temligen
1903 967 81 42 högt
2006 969 66 30 till-

443 1010 99 37 tagen
566 1005 61 32 och
649 1006 11 31 i
685 1006 39 32 de
747 1007 96 31 flesta
865 1006 59 32 fall
941 1007 205 42 öfverflödig.
1193 1007 112 33 Sådan
1321 1013 171 36 transport
1506 1009 91 32 lärer
1613 1010 55 31 väl
1685 1010 130 41 knappt
1830 1010 241 42 ifrågakomnmu

443 1053 101 27 annat
567 1055 43 25 än
633 1049 58 32 vid
713 1050 157 32 ankomst
893 1050 49 31 till
968 1050 82 31 celler
1074 1061 73 21 resa
1170 1051 75 32 från
1267 1052 73 31 stad
1364 1052 61 31 och
1448 1055 37 28 så
1506 1052 78 33 vida
1607 1053 102 31 åkare
1734 1054 82 30 celler
1831 1054 119 32 bärare
1966 1058 107 28 måste

443 1092 134 39 anlitas;
601 1102 77 22 men
701 1092 190 33 kostnaden
916 1093 111 32 derför
1051 1099 37 26 är
1111 1094 181 41 vanligtvis
1316 1095 77 31 vida
1416 1095 141 39 mindre,
1582 1101 43 26 än
1651 1095 63 32 den
1737 1096 10 31 i
1772 1097 221 40 reglementet
2017 1099 55 31 be-

442 1136 132 31 stämda
598 1137 240 40 ersättningen,
862 1136 117 32 hvilka
1002 1137 52 31 för
1078 1137 39 31 de
1140 1138 19 30 5
1183 1137 107 32 första
1313 1138 176 32 klasserna
1511 1143 99 37 utgör
1634 1140 13 30 1
1675 1139 82 31 R:dr
1779 1140 41 31 50
1844 1147 66 29 öre,
1935 1141 52 31 för
2010 1142 62 30 G:te

442 1179 60 31 och
536 1178 70 32 7:de
630 1179 173 32 klasserna
828 1181 16 30 1
869 1179 83 32 R:dr
976 1180 61 31 och
1059 1180 52 32 för
1133 1180 72 32 8:de
1230 1180 61 32 och
1314 1181 71 32 9:de
1410 1181 68 32 dito
1502 1182 40 32 75
1568 1188 64 32 öre,
1659 1182 60 31 och
1744 1183 95 31 torde
1867 1184 115 31 kunna
2011 1185 59 31 och

444 1223 77 30 böra
544 1222 165 32 bestridas
732 1223 143 31 medelst
898 1223 315 40 dagtraktamentct.

594 1264 50 32 På
677 1266 108 40 grund
819 1265 99 31 häraf
949 1276 97 21 anser
1078 1266 186 35 Utskottet,
1295 1278 70 20 som
1390 1268 28 40 cj
1443 1267 61 32 vill
1527 1267 134 31 förorda
1685 1267 197 42 ovilkorligt
1906 1269 92 31 bifall
2021 1270 53 31 till

443 1307 39 31 de
507 1306 257 43 nedsättningar
786 1309 11 30 i
821 1308 327 41 dagtraktamenten,
1172 1310 211 31 motionären
1406 1310 179 40 föreslagit,
1611 1310 51 41 sig
1686 1310 87 38 böra,
1798 1311 77 31 med
1892 1312 182 42 anledning

442 1350 36 31 af
498 1351 82 31 hans
603 1350 10 31 1
638 1350 103 33 slutet
765 1351 35 31 af
819 1352 171 31 motionen
1013 1352 116 41 gjorda
1152 1352 257 42 framställning,
1433 1352 140 33 härmed
1597 1352 137 33 föreslå:

646 1397 49 28 att
718 1394 196 41 Riksdagen
937 1395 49 31 uti
1010 1395 209 41 underdånig
1243 1396 180 32 skrifvelse
1447 1396 159 37 anhåller,
1632 1399 49 28 att
1703 1395 124 42 Kongl.
1852 1397 92 41 Maj:t
1967 1398 106 32 ville
2055 1390 21 52 i

647 1437 101 31 nåder
771 1437 134 32 utfärda
929 1442 49 26 ctt
1000 1441 78 38 nytt
1100 1439 290 40 resereglemente,
1416 1439 109 31 deruti
1549 1439 63 30 dels
1636 1438 39 31 de
1699 1439 50 31 uti
1773 1439 56 31 det
1851 1451 45 20 nu
1917 1441 154 40 gällande

646 1480 174 32 bestämda
846 1480 56 32 nio
926 1480 130 32 klasser
1080 1481 241 32 sammanföras
1345 1482 50 31 till
1420 1482 66 32 fem
1511 1482 82 31 celler
1614 1492 77 29 sex;
1715 1482 64 32 dels
1803 1482 271 41 dagtraktamen-

644 1526 79 28 tena
746 1523 174 32 nedsättas
944 1524 51 30 till
1018 1524 167 41 lämpliga,
1212 1524 56 31 det
1290 1525 154 41 verkliga
1470 1524 156 32 behofvet
1649 1535 92 21 mera
1764 1526 236 31 motsvarande
2017 1527 56 31 be-

646 1566 94 41 lopp;
775 1567 63 31 dels
872 1567 203 32 bestämmes
1106 1572 49 26 att
1177 1578 90 21 rese-
1292 1568 60 31 och
1375 1568 582 42 traktamentskostnadsersättning
1980 1570 94 31 alltid

645 1609 167 32 beräknas
836 1609 86 32 efter
945 1609 64 32 den
1033 1616 65 35 väg
1122 1610 61 31 och
1207 1610 56 31 det
1286 1615 68 27 sätt
1376 1615 49 27 att
1447 1611 122 37 färdas,
1595 1621 69 21 som
1688 1611 131 32 medför
1841 1612 124 31 minsta
1982 1613 92 31 kost-

645 1652 78 39 nad;
759 1653 63 32 dels
856 1653 164 31 uteslutes
1054 1664 45 20 nu
1127 1653 154 32 bestämd
1315 1654 188 39 ersättning
1530 1654 51 32 för
1604 1657 172 38 transport
1799 1655 37 31 af
1855 1656 220 31 rescecffekter

645 1695 51 32 till
722 1696 61 32 och
806 1696 74 32 från
898 1696 180 42 ångfartyg
1101 1696 60 32 och
1180 1697 160 41 jernväg;
1365 1697 61 31 och
1450 1698 63 31 dels
1538 1697 142 41 stadgas,
1707 1702 49 27 att
1778 1698 221 32 resekostnad
2024 1699 51 32 för

645 1739 170 41 betjening
837 1742 43 38 på
903 1739 179 42 ångfartyg
1105 1739 81 32 eller
1204 1740 145 41 jernväg
1371 1740 74 32 icke
1469 1743 55 29 må
1547 1740 319 41 tillgodoberäknas,
1897 1741 58 32 der
1972 1742 101 32 sådan

644 1783 28 40 oj
697 1782 159 41 medföljt.

595 1860 197 32 Stockholm
816 1860 61 31 den
902 1860 41 31 29
967 1860 98 41 April
1089 1860 91 31 1869.

1041 1955 51 31 På
1114 1954 194 33 Utskottets
1333 1961 138 35 vägnar:

1134 2032 32 39 G.
1194 2032 38 39 H.
1262 2030 127 42 Stråle.

789 2333 206 39 Stockholm,
1021 2334 117 42 tryckt
1164 2335 60 31 hos
1248 2334 35 33 CO.
1309 2334 104 33 Wilh.
1438 2335 164 42 Hagman,
1628 2321 134 47 1869.
