1908 2814
587 173 232 27 Statsutskottets
839 171 150 28 utlåtande
1009 180 36 17 nr
1067 171 62 27 113.
1569 166 35 28 11

114 257 136 39 augusti
272 257 93 34 1944,
386 265 76 21 som
480 255 55 29 för
553 254 71 30 helt
642 253 40 30 år
700 256 193 27 motsvarar
914 251 94 30 1560
1022 251 64 30 000
1105 250 140 35 kronor,
1266 252 89 27 samt
1373 248 79 30 med
1471 243 137 47 hänsyn

116 303 50 29 till
209 301 154 31 nämnda
406 298 294 40 utgiftsökningar
741 297 20 31 å
791 297 145 38 tillhopa
966 296 64 30 862
1044 295 64 30 000
1140 294 66 30 och
1236 291 321 41 utgiftsminskning
1589 289 21 31 å

117 347 62 30 364
193 347 64 30 000
284 346 132 29 kronor
442 344 96 30 torde
568 344 261 37 anslagsposten
856 341 86 30 böra
970 343 170 36 upptagas
1169 339 79 29 med
1277 341 46 27 ett
1354 337 50 30 till
1434 338 18 28 2
1467 337 63 30 060
1544 335 65 31 000

116 392 129 29 kronor
268 390 172 31 avrundat
462 389 135 38 belopp.

160 436 268 38 Anslagsposten
448 433 50 30 till
529 432 186 38 rörligt
745 431 183 38 tillägg
958 430 98 30 torde
1074 429 85 30 böra
1179 431 170 36 upptagas
1369 426 50 30 till
1439 427 18 29 2
1470 426 64 30 308
1546 425 63 30 500

115 481 138 30 kronor.

161 525 116 38 Enligt
304 524 42 31 de
373 521 372 40 beräkningsgrunder,
772 530 75 21 som
872 520 57 39 jag
957 519 145 39 tidigare
1128 517 166 36 förordat,
1322 516 98 30 torde
1446 515 67 30 den
1540 515 69 30 sär-

117 570 112 30 skilda
258 569 301 39 uppbördsposten
588 566 288 38 ersättning
916 564 113 31 från
1069 563 225 31 marinen
1328 561 85 30 böra
1441 559 169 40 uppföras

116 615 80 30 med
215 615 64 29 300
293 615 64 29 000
377 614 130 29 kronor
527 616 72 26 mot
620 612 62 30 775
697 612 64 29 000
781 611 130 29 kronor
930 609 56 30 för
1006 607 235 31 innevarande
1260 605 177 39 budgetår.

162 660 64 29 Det
242 657 263 39 sammanlagda
521 656 277 30 medelsbehovet
813 654 21 31 å
850 655 153 37 anslaget
1019 653 110 30 skulle
1146 650 101 32 alltså
1262 652 123 37 utgöra
1406 649 52 39 (12
1472 649 63 30 730
1546 649 65 29 000

118 704 36 34 +
172 704 94 30 1500
281 702 36 35 +
332 704 19 29 2
365 703 65 29 060
443 703 64 29 000
523 700 36 36 +
574 702 19 28 2
607 701 64 30 308
686 701 63 29 500
761 717 45 4 —
818 700 63 29 300
895 699 64 29 000
972 697 55 36 =)
1058 698 38 29 16
1110 698 63 29 800
1187 697 64 29 000
1275 695 139 30 kronor.

658 858 410 39 Omkostnadsanslaget.

162 949 26 34 Å
209 953 159 39 gällande
389 952 140 29 riksstat
550 951 40 29 är
610 949 382 37 omkostnadsanslaget
1012 946 145 40 uppfört
1176 946 78 30 med
1278 947 13 28 1
1308 945 65 30 686
1386 945 64 29 006
1469 944 140 29 kronor.

118 1005 378 39 Generaltullstyrelsen
517 1004 66 30 har
603 1003 169 31 beräknat
795 1002 283 39 utgiftssumman
1099 1000 57 30 för
1176 1000 100 29 nästa
1298 997 169 39 budgetår
1490 997 51 30 till
1564 1005 47 20 nu

121 1059 227 30 förevarande
371 1057 164 31 ändamål
558 1056 50 31 till
631 1057 19 29 2
665 1057 62 29 512
742 1057 63 29 000
827 1055 131 29 kronor
979 1054 106 38 enligt
1107 1063 43 20 en
1171 1053 11 29 i
1205 1051 258 39 propositionen
1492 1048 37 39 (s.
1553 1048 54 39 20)

117 1114 139 38 intagen
275 1111 251 41 specifikation.

164 1166 121 31 Såsom
307 1176 44 20 av
374 1164 368 38 sammanställningen
763 1161 155 39 framgår
941 1162 65 29 har
1029 1161 166 38 styrelsen
1218 1158 116 31 funnit
1355 1158 92 30 ökad
1469 1157 142 30 medels-

119 1220 182 38 anvisning
316 1218 167 40 påkallad
497 1217 222 31 beträffande
734 1220 161 35 posterna
912 1215 50 30 till
978 1213 167 40 sjukvård
1162 1223 44 20 m.
1224 1222 55 26 m.,
1298 1210 313 38 reseersättningar,

119 1273 84 31 drift
226 1273 65 30 och
312 1271 184 31 underhåll
516 1281 44 20 av
581 1268 424 39 fortskaffningsmateriel
1028 1271 89 27 samt
1138 1265 195 39 utbildning
1354 1265 12 30 i
1387 1264 224 39 tulltjänsten,

120 1330 153 28 varemot
294 1330 123 35 posten
440 1325 50 30 till
511 1324 201 30 beklädnad
732 1323 65 30 och
820 1321 195 40 beväpning
1039 1321 79 30 med
1140 1321 138 37 hänsyn
1302 1318 51 30 till
1374 1317 238 38 belastningen

120 1381 109 29 under
252 1378 202 40 budgetåret
480 1375 138 41 1943/44
643 1377 152 30 nedsatts
820 1376 79 30 med
926 1375 116 30 10000
1066 1374 139 30 kronor.
1231 1371 307 40 Uppbördsposten
1562 1379 50 20 er-

118 1433 151 39 sättning
290 1432 80 31 från
390 1431 167 36 marinen,
579 1440 76 21 som
675 1430 56 30 för
750 1428 233 31 innevarande
1003 1426 170 39 budgetår
1193 1425 186 31 beräknats
1398 1424 51 30 till
1470 1424 63 30 550
1548 1423 63 30 000

120 1487 138 35 kronor,
279 1486 65 30 har
361 1485 166 39 styrelsen
546 1483 177 38 föreslagit
740 1482 86 39 höjd
843 1482 79 30 med
939 1482 62 29 277
1016 1481 65 29 000
1098 1480 131 30 kronor
1244 1478 51 31 till
1314 1479 61 29 827
1391 1478 63 29 000
1472 1477 140 29 kronor.

121 1540 197 39 Höjningen
337 1537 295 40 korresponderar
650 1540 72 26 mot
740 1536 41 30 de
800 1534 199 31 beräknade
1018 1533 107 39 höjda
1146 1531 287 31 medelsbehoven
1451 1529 56 31 för
1526 1538 86 21 rese-

119 1593 231 38 ersättningar
374 1595 90 27 samt
487 1590 84 31 drift
596 1590 66 30 och
687 1587 183 32 underhåll
895 1597 42 21 av
962 1584 436 40 fortskaffningsmateriel.
1424 1583 14 30 I
1464 1582 149 39 enlighet

121 1646 144 32 härmed
287 1646 65 30 har
372 1644 382 37 omkostnadsanslaget
775 1640 192 40 föreslagits
987 1640 51 30 till
1059 1643 47 27 ett
1125 1639 125 39 belopp
1273 1648 43 20 av
1340 1638 11 29 1
1371 1637 63 30 685
1448 1637 64 29 000
1535 1636 78 30 kro-

120 1710 73 20 nor.
214 1700 14 29 I
250 1698 99 40 fråga
370 1708 58 20 om
445 1697 239 38 beräkningen
703 1705 44 21 av
765 1695 93 30 olika
878 1695 255 38 anslagsposter
1151 1693 67 29 har
1237 1691 165 39 styrelsen
1421 1688 192 32 framhållit

121 1754 106 29 bland
247 1756 107 27 annat
375 1751 164 39 följande.

171 1824 192 39 Utgifterna
391 1823 111 30 under
527 1822 261 38 anslagsposten
815 1820 49 30 till
901 1816 472 39 reseersättningar
1408 1815 46 30 ha
1480 1824 43 20 av
1550 1817 66 35 sty-

123 1870 109 29 relsen
253 1869 186 30 beräknats
462 1867 142 30 komma
627 1869 50 27 att
698 1864 181 39 väsentligt
900 1864 68 30 öka
990 1863 112 30 under
1122 1863 101 29 nästa
1245 1859 170 39 budgetår
1435 1858 46 40 på
1503 1857 114 40 grund

122 1923 44 21 av
190 1914 66 29 den
277 1911 202 39 förhöjning
501 1920 44 21 av
565 1909 319 40 dagavlöningarna
908 1908 50 30 till
981 1907 58 30 vid
1060 1906 158 31 marinen
1240 1904 260 39 tjänstgörande
1522 1903 93 29 kust-

122 1957 434 38 bevakningstjänstemän,
584 1965 75 20 som
685 1953 178 39 medgivits
888 1960 125 31 genom
1035 1951 232 38 kungörelsen
1292 1949 68 30 den
1384 1950 19 29 9
1428 1947 75 40 juni
1533 1947 83 30 1944

129 2003 54 37 (nr
205 2001 91 39 336).
322 2001 48 31 På
395 2001 112 38 grund
529 2000 111 30 härav
663 1999 65 30 och
751 1998 45 31 då
817 1998 188 38 utgifterna
1028 1997 88 29 även
1138 1995 11 30 i
1172 1994 111 39 övrigt
1306 1994 73 29 visa
1402 1993 142 29 tendens
1568 1995 49 26 att

123 2048 68 29 öka
214 2047 65 30 har
302 2046 166 39 styrelsen
488 2044 170 31 beräknat
681 2043 285 38 anslagsbehovet
988 2041 49 30 till
1064 2041 63 29 650
1141 2040 64 30 000
1230 2039 130 29 kronor
1382 2036 236 31 innebärande

124 2101 43 21 en
187 2091 144 39 höjning
353 2090 11 30 i
384 2088 219 32 förhållande
624 2089 50 30 till
697 2087 233 30 innevarande
950 2084 168 40 budgetår
1139 2084 80 30 med
1243 2084 61 29 100
1318 2083 64 29 000
1403 2082 139 29 kronor.

170 2135 225 31 Beträffande
414 2134 67 30 den
499 2133 111 31 under
629 2133 259 38 anslagsposten
907 2131 50 30 till
1022 2129 140 38 övriga
1193 2127 219 39 utgifter
1441 2129 178 36 upptagna

124 2181 177 38 delposten
325 2179 51 30 till
401 2178 84 30 drift
509 2178 65 30 och
599 2176 183 31 underhåll
808 2186 43 20 av
874 2173 426 39 fortskaffningsmateriel
1324 2170 205 31 framhåller
1551 2173 65 35 sty-

125 2226 119 34 relsen,
268 2228 49 26 att
338 2223 154 30 förutom
513 2222 55 29 det
591 2221 19 30 å
633 2221 176 38 delposten
831 2220 55 29 för
906 2218 203 39 budgetåret
1134 2213 138 41 1943/44
1293 2215 145 31 avförda
1459 2215 159 37 beloppet

126 2270 64 28 386
204 2270 62 28 062
286 2268 140 33 kronor,
446 2266 149 30 hänföra
616 2265 50 38 sig
685 2264 187 30 kostnader
890 2264 55 29 för
963 2272 134 21 samma
1116 2260 164 32 ändamål
1300 2260 50 30 till
1369 2263 46 26 ett
1432 2259 125 38 belopp
1577 2267 43 21 av

125 2312 159 38 omkring
304 2312 42 29 50
359 2312 64 29 000
446 2311 129 29 kronor
597 2310 48 29 till
666 2309 153 29 nämnda
838 2306 178 40 budgetår.
1038 2304 370 39 Kostnadsstegringen
1425 2303 66 30 har
1507 2303 112 29 berott

125 2356 46 39 på
187 2356 91 30 ökad
296 2354 223 38 användning
537 2363 43 20 av
597 2352 339 38 kustbevakningens
954 2351 126 29 fordon
1097 2350 65 29 och
1180 2349 172 30 farkoster
1370 2348 58 29 vid
1444 2347 175 30 marinens

127 2400 192 39 krigspolis.
345 2398 240 31 Kostnaderna
608 2397 57 30 för
687 2398 146 37 översyn
857 2396 64 29 och
946 2394 197 39 reparation
1166 2403 44 21 av
1233 2392 198 30 materielen
1454 2391 91 30 hade
1568 2389 51 31 så-

127 2445 106 30 tunda
252 2443 98 31 blivit
367 2444 107 37 högre
493 2443 45 29 än
558 2452 75 20 som
653 2441 134 30 kunnat
807 2441 148 29 förutses
975 2439 58 30 vid
1054 2436 376 39 anslagsberäkningen
1450 2435 56 30 för
1525 2435 93 29 inne-

129 2489 151 30 varande
307 2486 177 39 budgetår.
516 2485 49 31 På
595 2486 113 38 grund
737 2485 108 30 härav
873 2485 64 29 har
967 2484 165 38 styrelsen
1162 2481 168 31 beräknat
1361 2481 175 38 delposten
1566 2479 54 30 för
