2112 2598
641 157 213 42 Bevillnings-
864 159 169 34 Utskottets
1057 162 210 35 Betänkande
1293 166 63 33 N:o
1379 169 28 30 7.

227 232 174 48 bränneri,
444 247 84 24 vara
563 236 138 49 beläget
733 238 12 36 i
773 239 78 36 dess
877 240 122 37 närhet

225 284 65 35 och
333 285 38 35 af
409 286 226 39 tillverkaren
683 291 221 37 uteslutande
945 293 53 35 för

226 337 201 38 ändamålet
459 340 160 49 upplåtet
647 347 89 31 samt
763 344 39 35 så
830 344 169 37 inrättadt

225 389 65 35 och
313 390 189 48 godkändt,
521 405 74 23 som
611 395 319 48 ordningsstadgan
947 398 52 35 för

225 440 419 41 bränvinsbrännerierna
671 447 11 34 i
710 447 92 36 riket
818 448 180 37 föreskrif-

227 505 67 24 ver.
351 493 134 39 Sådant
525 498 346 48 nederlagsmagasin
906 502 92 35 skall

224 545 108 36 förses
349 548 76 34 med
442 548 58 35 två
516 549 96 36 olika
627 550 62 47 lås,
700 551 139 37 hvilkas
852 553 147 48 nycklar

223 597 99 36 skola
350 599 168 49 förvaras,
548 601 68 37 den
641 616 63 23 ene
729 603 63 36 hos
810 605 184 36 bränvins-

223 649 226 38 tillverkaren
492 653 65 36 och
594 655 66 35 den
690 656 108 36 andre
827 656 62 36 hos
917 657 78 48 den,

222 713 72 24 som
324 702 19 36 å
373 704 153 37 kronans
554 710 135 44 vägnar
718 707 141 37 utöfvar
879 709 111 49 tillsy-

221 766 67 23 nen
317 755 97 36 öfver
442 757 211 49 nederlaget.
709 760 121 36 Denne
858 761 135 47 åligger

221 809 51 32 att
305 806 74 37 föra
403 808 142 47 journal
574 811 98 36 öfver
699 812 207 48 nederlaget
934 827 58 23 en-

219 857 66 48 ligt
325 860 266 39 föreskrifterna
623 864 12 35 i
663 865 327 48 ordningsstadgan.

218 909 18 35 I
273 910 188 47 journalen
504 914 88 36 skall
638 916 224 36 tillverkaren
905 919 85 35 eller

218 961 88 37 hans
349 964 312 50 befullmäktigade
698 969 139 45 ombud,
869 970 122 48 hvarje

218 1014 95 48 gång
342 1017 146 36 bränvin
517 1019 160 48 inlägges
704 1021 21 35 å
753 1021 83 36 eller
853 1028 136 42 uttages

218 1066 75 36 från
310 1069 211 49 nederlaget,
539 1072 125 36 teckna
680 1074 59 35 sitt
750 1075 237 35 erkännande.

539 1193 18 46 8
590 1195 54 34 16.

295 1277 30 33 1.
381 1276 376 40 Bränvinstillverkare
799 1282 56 35 må
901 1283 84 36 efter

215 1327 291 49 tillverkningens
547 1332 229 48 upphörande
819 1339 70 31 mot
922 1348 61 23 ne-

214 1379 243 49 derlagsafgift
485 1382 105 37 hafva
618 1385 161 48 bränvin,
800 1387 87 36 dock
909 1387 76 37 icke

214 1431 109 35 under
353 1434 109 44 3,000
491 1434 88 48 liter,
609 1437 254 48 qvarliggande
892 1439 12 35 å
928 1439 57 36 ne-

213 1483 121 47 derlag
376 1485 57 35 vid
476 1486 209 49 bränneriet,
724 1502 54 23 om
821 1492 163 35 anmälan

211 1533 118 37 derom
359 1536 112 36 blifvit
498 1539 100 46 gjord
628 1540 63 36 hos
713 1540 130 49 Kongl.
864 1542 117 48 Maj:ts

212 1585 394 50 Befallningshafvande
647 1594 105 35 minst
790 1595 46 35 tio
872 1596 110 46 dagar

210 1638 72 36 före
312 1640 293 49 tillverkningens
634 1646 237 47 upphörande.

289 1693 32 35 2.
374 1692 113 38 BSättes
528 1696 165 37 bränneri
722 1698 90 48 ånyo
840 1700 11 35 i
884 1700 94 47 gång

208 1742 96 37 inom
333 1744 72 36 åtta
434 1746 165 37 månader
623 1749 76 36 från
715 1750 264 49 tillverknings-

206 1798 133 33 rättens
369 1797 238 50 upphörande,
636 1801 64 36 och
729 1802 63 36 har
820 1804 158 36 nederla-

206 1850 59 43 get
306 1850 192 37 emellertid
540 1852 77 37 icke
661 1854 114 36 blifvit
815 1857 165 47 utrymdt,

208 1899 89 36 skall
325 1901 94 36 detta
447 1914 132 36 senare,
607 1906 46 47 på
681 1910 69 32 sätt
765 1907 10 35 i
791 1909 184 46 ordnings-

207 1953 148 46 stadgan
384 1953 233 51 föreskrifves,
638 1958 197 48 öfvertagas
856 1960 38 35 af
910 1961 66 36 den

206 2002 10 35 i
245 2004 233 49 tjenstgöring
506 2007 207 38 inträdande
742 2011 203 37 kontrollör.

285 2058 32 44 3.
371 2057 77 36 Har
476 2058 76 37 åter
581 2060 200 38 bränneriet
796 2063 77 37 icke
889 2069 85 32 satts

204 2106 10 35 i
256 2108 96 48 gång
386 2110 94 36 inom
504 2112 72 36 åtta
605 2114 168 36 månader
797 2116 78 35 från
903 2118 70 34 till-

204 2161 327 47 verkningsrättens
560 2165 229 48 upphörande
819 2168 65 35 och
914 2181 58 24 ne-

204 2211 158 48 derlaget
377 2214 191 37 emellertid
586 2218 77 35 icke
679 2218 115 36 blifvit
806 2222 165 47 utrymdt,

203 2262 44 36 då
289 2265 56 35 må
373 2266 86 36 efter
484 2280 49 35 ny
557 2269 162 37 anmälan
749 2271 64 36 hos
842 2272 129 48 Kongl.

202 2315 118 48 Maj:ts
362 2317 398 50 Befallningshafvande
792 2324 105 36 minst
924 2326 47 35 tio

291 2375 72 33 Bih.
389 2377 48 32 till
460 2378 112 32 Riksd.
599 2379 85 33 Prot.
709 2384 94 31 1882.
851 2384 18 31 5
893 2384 89 32 Saml

1362 1207 19 40 8
1413 1206 55 34 16.

1738 173 38 31 17

1062 1287 59 34 "1.
1176 1286 378 41 Bränvinstillverkare
1596 1314 49 5 —
1681 1315 49 4 —
1758 1316 49 5 —

1491 1343 238 49 upphörande.

985 2387 48 29 1
1058 2386 79 40 Afd.
1162 2389 20 30 7
1206 2387 95 41 Häft.
