2114 2598
639 167 388 44 Bevillnings-Utskottets
1049 170 211 33 Betänkande
1284 172 61 33 N:o
1368 172 30 31 7.
1759 175 17 32 7

850 457 349 38 Reservationer:

351 609 39 35 af
427 609 93 37 Herr
562 609 234 50 Gyllensköld
836 619 92 31 emot
970 616 18 46 8
1027 618 43 34 19
1101 616 113 35 såsom
1242 616 147 37 ledande
1417 618 51 35 till
1497 622 48 32 ett
1574 620 163 48 monopol
1766 621 54 36 för

222 661 93 35 vissa
343 662 127 44 städer,
498 667 90 31 samt
616 668 84 31 enär
728 664 78 49 den,
831 666 73 36 lika
932 667 76 36 litet
1036 680 72 23 som
1137 667 559 52 författningsförslaget
1549 663 19 60 i
1583 663 124 60 öfrigt,
1721 673 99 36 inne-

220 712 93 37 hölle
350 713 181 37 föreskrift
564 728 67 35 om,
666 716 92 36 huru
799 718 265 49 förflyttningen
1107 720 76 36 från
1212 724 48 32 ett
1287 722 168 47 nederlag
1483 723 85 35 eller
1596 729 107 30 annat
1728 725 93 35 skall

221 777 67 35 ega
315 777 88 24 rum.

351 870 39 35 af
415 870 94 35 Herr
537 871 125 36 Johan
690 872 227 38 Johansson:

351 921 198 49 "Lydelsen
590 924 38 34 af
670 926 14 32 1
732 937 101 23 mom.
867 927 10 34 i
912 928 45 33 23
992 927 19 45 8
1046 926 69 35 kon
1150 927 225 37 tvifvelsutan
1404 930 112 46 gifvas
1545 931 67 35 den
1642 932 175 48 tolkning,

222 977 50 31 att
312 974 124 35 endast
476 978 49 31 ett
566 975 78 47 slag
685 976 37 35 af
760 977 351 49 kontrollapparater,
1145 980 175 47 nemligen
1349 981 132 36 sådana
1508 995 73 23 som
1611 983 88 36 både
1725 988 93 33 mäta

221 1025 64 36 och
315 1026 53 34 till
396 1027 259 48 normalstyrka
683 1029 167 36 reducera
878 1030 58 35 det
963 1030 209 36 tillverkade
1201 1032 194 48 bränvinet,
1425 1034 113 36 skulle
1559 1035 55 35 vid
1637 1036 181 36 bränneri-

220 1089 86 23 erna
334 1078 34 35 få
397 1079 190 46 begagnas.
642 1080 70 36 För
741 1081 70 36 min
841 1082 55 35 del
924 1094 102 24 anser
1049 1082 75 47 jag,
1154 1087 51 31 att
1237 1088 49 32 ett
1314 1085 113 48 dylikt
1455 1087 193 47 stadgande
1673 1088 77 36 icke
1778 1092 40 32 är

220 1129 80 36 fullt
339 1129 172 49 lämpligt,
549 1134 84 33 utan
675 1138 51 30 att
757 1133 192 36 detsamma
982 1134 110 35 hellre
1121 1136 78 34 bort
1227 1136 133 36 erhålla
1389 1150 42 23 en
1460 1138 108 36 sådan
1596 1140 142 47 lydelse,
1767 1144 51 32 att

221 1180 133 49 Kongl.
383 1182 101 47 Maj:t
512 1183 57 35 må
596 1196 85 23 vara
709 1185 225 36 oförhindrad
963 1190 51 31 att
1042 1186 57 35 vid
1128 1187 253 37 brännerierna
1404 1190 71 35 låta
1497 1192 163 35 använda
1681 1192 136 36 hvilket

220 1246 73 23 som
321 1233 91 37 helst
439 1234 77 47 slag
545 1235 38 35 af
609 1237 354 49 kontrollapparater,
990 1238 104 36 äfven
1122 1251 56 23 om
1207 1240 41 35 de
1275 1241 77 36 icke
1381 1242 11 35 i
1424 1242 276 48 fullkomligaste
1730 1245 87 35 mått

220 1285 114 36 skulle
361 1298 65 35 ega
454 1287 67 35 den
549 1287 271 48 ifrågavarande
847 1290 129 36 dubbla
1005 1291 222 48 egenskapen
1256 1297 50 31 att
1335 1294 90 36 både
1453 1298 95 32 mäta
1570 1296 65 35 och
1655 1297 160 45 gradera.

219 1337 85 36 Men
332 1338 44 35 då
403 1342 49 32 ett
480 1339 179 37 uttalande
687 1341 11 34 i
727 1342 114 35 denna
868 1343 157 46 rigtning
1052 1343 77 35 icke
1158 1344 217 48 nödvändigt
1403 1347 98 35 torde
1530 1347 117 36 fordra
1676 1360 42 23 en
1748 1348 69 36 för-

219 1389 133 36 ändrad
394 1390 134 48 lydelse
570 1393 38 34 af
647 1397 198 42 momentet,
886 1394 126 35 sådant
1041 1395 56 35 det
1131 1408 45 22 nu
1205 1396 198 48 föreligger,
1434 1403 83 31 utan
1547 1411 143 24 snarare
1719 1401 98 35 torde

218 1442 86 35 böra
332 1442 122 48 inflyta
482 1443 11 35 i
522 1443 67 36 den
618 1445 181 36 skrifvelse
828 1446 54 35 till
911 1445 130 47 Kongl.
1070 1447 111 48 Maj:t,
1203 1460 73 23 som
1301 1450 183 47 angående
1504 1451 95 36 detta
1620 1451 197 49 lagförslag

220 1494 38 34 af
296 1494 206 47 Riksdagen
544 1497 157 35 kommer
744 1501 50 32 att
835 1498 133 41 aflåtas,
1005 1498 65 35 har
1102 1499 63 46 jag
1197 1501 45 46 på
1270 1501 92 36 detta
1392 1506 68 32 sätt
1488 1507 115 32 ansett
1631 1504 72 46 mig
1730 1504 85 35 böra

219 1545 189 36 framhålla
448 1547 284 37 önskvärdheten
773 1549 35 35 af
848 1554 49 30 ett
933 1550 181 35 uttalande
1147 1551 78 35 från
1253 1552 224 48 Riksdagens
1506 1555 74 35 sida
1608 1555 128 43 derom,
1766 1559 51 32 att

221 1598 210 45 stadgandet
467 1599 12 35 i
522 1601 45 34 23
610 1601 19 46 $
674 1603 16 32 1
727 1613 103 23 mom.
864 1602 78 35 med
975 1602 78 35 dess
1081 1615 49 22 nu
1157 1605 154 35 varande
1340 1605 131 48 lydelse
1499 1606 77 36 icke
1605 1607 57 35 må
1690 1611 126 43 utgöra

219 1649 127 36 hinder
379 1650 54 36 för
470 1651 230 47 begagnande
729 1653 39 35 af
788 1653 130 47 jemväl
948 1656 110 33 andra
1086 1654 341 50 kontrollapparater
1454 1662 44 31 än
1528 1658 41 36 de
1599 1659 217 46 Siemenska,

219 1701 59 35 vid
306 1702 42 35 de
377 1702 214 48 brännerier,
621 1705 60 35 der
709 1705 262 36 vederbörande
1000 1706 206 47 myndighet
1234 1709 38 34 af
1296 1721 43 23 en
1368 1709 84 35 eller
1480 1722 117 24 annan
1627 1711 191 47 anledning

219 1753 70 35 kan
317 1753 95 36 finna
441 1756 346 47 omständigheterna
815 1757 175 47 medgifva
1018 1757 124 36 sådant
1170 1758 262 49 begagnande.''

350 2013 177 49 Derjemte
569 2015 105 37 hafva
716 2016 135 36 Herrar
892 2016 181 38 Hammar
1114 2020 64 35 och
1214 2018 88 52 Olof
1325 2021 159 36 Jonsson
1513 2021 150 36 anhållit
1690 2022 36 35 få
1753 2035 62 23 an-

222 2066 174 47 tecknadt,
425 2071 50 31 att
503 2067 41 35 de
573 2068 78 36 icke
680 2068 175 48 deltagiti
876 2070 65 35 den
962 2070 142 48 slutliga
1126 2072 260 48 behandlingen
1406 2073 39 35 af
1466 2074 94 35 detta
1583 2074 231 38 betänkande.
