1854 2808
592 186 227 29 Statsutskottets
842 190 147 27 utlåtande
1011 191 48 26 Nr
1081 189 48 30 17.
1595 195 14 29 1

787 472 62 40 Nr
881 473 54 41 17.

431 579 126 28 Ankom
580 580 50 28 till
653 581 189 38 riksdagens
866 584 104 28 kansli
994 586 62 27 den
1080 586 39 27 22
1143 587 138 28 februari
1307 589 78 27 1927
1409 590 40 27 kl.
1478 591 12 26 I
1517 600 24 18 e.
1568 601 40 18 m.

418 671 195 37 Utlåtande
640 673 14 35 i
681 674 196 50 anledning
905 689 45 23 av
978 678 135 48 Kungl.
1143 680 128 47 Maj:ts
1290 682 221 46 proposition
1530 684 79 34 med

513 724 146 49 förslag
696 726 57 35 till
797 727 391 50 avlöningsreglemente
1216 732 66 48 för
1323 733 184 48 officerare
1548 736 61 34 och

519 777 301 49 underofficerare
851 787 92 29 samt
974 782 245 36 civilmilitära
1248 785 361 49 beställningshavare

511 828 58 47 på
604 829 95 36 aktiv
735 837 70 29 stat
839 845 46 22 m.
907 833 43 47 fl.
981 834 61 35 vid
1076 836 334 47 försvarsväsendet
1442 839 113 47 jämte
1596 840 14 34 i

518 884 116 33 ämnet
661 883 126 35 väckta
814 885 179 35 motioner.

1355 940 73 48 (1:a
1456 942 99 49 avd.)

158 1028 61 33 Uti
243 1040 42 21 en
308 1030 53 32 till
384 1031 183 43 riksdagen
594 1034 143 39 avlåten,
763 1035 65 32 den
851 1038 22 29 4
893 1037 133 41 januari
1050 1040 80 31 1927
1156 1040 210 42 dagtecknad
1390 1044 215 40 proposition

105 1078 51 41 (nr
179 1079 38 42 7),
241 1080 114 32 vilken
389 1081 53 32 för
474 1083 248 33 förberedande
750 1085 210 44 behandling
982 1088 177 33 hänvisats
1182 1091 52 30 till
1259 1093 263 39 statsutskottet,
1546 1094 62 31 har

104 1128 127 43 Kungl.
255 1130 108 42 Maj:t,
398 1132 110 32 under
534 1133 218 43 åberopande
775 1147 41 21 av
839 1136 59 32 det
919 1138 57 31 vid
999 1140 261 41 propositionen
1284 1142 120 41 fogade
1429 1145 177 30 statsråds-

104 1180 210 40 protokollet
337 1183 80 30 över
438 1183 265 34 finansärenden
726 1186 53 31 för
802 1198 128 21 samma
954 1188 73 42 dag,
1051 1190 177 42 föreslagit
1250 1192 179 42 riksdagen

157 1230 66 32 dels
255 1231 183 41 godkänna
471 1233 58 32 det
561 1234 58 32 vid
643 1246 128 22 samma
793 1238 173 40 protokoll
990 1241 113 30 såsom
1126 1241 113 42 bilaga
1261 1243 120 41 fogade
1404 1244 128 43 förslag
1554 1246 52 31 till

103 1280 398 44 avlöningsreglemente,

155 1331 67 32 dels
244 1332 165 42 medgiva,
444 1336 50 30 att
516 1335 404 44 avlöningsreglementet
943 1340 65 32 den
1032 1342 40 30 29
1092 1342 76 41 juni
1194 1344 77 30 1921
1296 1344 50 41 (nr
1368 1345 71 42 388)
1462 1347 52 30 för
1537 1347 68 31 offi-

102 1392 114 21 cerare
240 1382 64 32 och
327 1383 286 34 underofficerare
638 1390 88 29 samt
749 1388 227 33 civilmilitära
998 1391 353 43 beställningshavare
1373 1398 44 38 på
1433 1397 91 31 aktiv
1537 1400 68 29 stat

101 1442 43 21 m.
168 1431 32 32 fl.
224 1432 59 32 vid
305 1436 117 29 armén
446 1435 64 31 och
533 1437 153 31 marinen
709 1440 56 29 må
787 1439 79 31 med
889 1440 72 31 däri
983 1441 120 41 gjorda
1120 1443 181 42 ändringar
1316 1447 61 39 äga
1392 1447 212 40 provisorisk

101 1481 160 43 giltighet
283 1483 75 32 från
382 1485 64 31 och
469 1486 78 31 med
570 1486 67 32 den
662 1489 15 30 1
701 1488 64 41 juli
790 1490 79 31 1927
894 1490 52 31 till
969 1491 65 42 dag
1049 1493 110 31 under
1171 1494 202 42 budgetåret
1387 1497 215 39 1927—1928,

101 1543 75 21 som
199 1532 127 43 Kungl.
351 1534 99 42 Maj:t
472 1536 217 41 bestämmer,

153 1584 66 31 dels
241 1585 53 31 ock
318 1585 161 42 slutligen
503 1587 164 42 medgiva,
692 1590 50 30 att
764 1590 291 44 ekiperingshjälp
1078 1595 54 30 må
1155 1595 106 42 enligt
1283 1607 40 20 av
1340 1597 263 42 departements-

100 1633 119 32 chefen
242 1635 146 42 angivna
409 1637 150 41 grunder
580 1640 82 41 utgå
683 1640 54 31 till
753 1641 124 39 officer,
895 1643 227 33 underofficer
1139 1648 87 29 samt
1242 1647 178 40 vederlike,
1438 1649 111 32 vilken
1567 1652 37 29 är

100 1684 136 43 skyldig
269 1688 51 29 att
352 1687 12 31 i
398 1688 151 41 tjänsten
576 1689 83 32 bära
682 1691 158 39 uniform,
864 1693 57 31 vid
944 1694 107 32 första
1074 1697 250 42 anställningen
1349 1701 111 30 såsom
1486 1701 115 31 sådan.

151 1732 221 37 Beträffande
406 1739 228 43 utredningen
668 1741 11 31 i
713 1743 141 31 ärendet
887 1744 50 31 får
969 1745 170 33 utskottet
1171 1747 141 33 hänvisa
1335 1750 51 31 till
1410 1751 192 42 åberopade

100 1787 387 42 statsrådsprotokollet.

150 1888 179 42 Härjämte
362 1891 87 32 hava
482 1892 53 31 till
568 1893 169 33 utskottet
770 1896 207 33 remitterats
1000 1899 149 41 följande
1172 1901 11 30 i
1207 1901 184 42 anledning
1413 1914 40 20 av
1476 1905 123 31 föreva-

97 1938 105 32 rande
225 1941 218 40 proposition
467 1943 118 31 väckta
607 1945 179 39 motioner,
811 1947 171 42 nämligen
1593 1973 3 4 :

148 1989 94 31 inom
265 1990 109 32 första
396 1992 194 33 kammaren
607 2006 41 19 nr
665 1996 61 31 132
741 2007 40 20 av
797 1997 79 32 herr
895 1998 32 32 C.
946 1999 37 31 G.
998 1999 275 42 Hammarskjöld,
1287 2003 111 31 vilken
1415 2004 182 36 hemställt,

96 2040 50 29 att
179 2039 182 43 riksdagen
396 2043 78 31 med
507 2044 146 42 ändring
680 2057 40 20 av
744 2046 42 31 de
808 2047 12 31 i
843 2048 125 42 Kungl.
993 2049 116 42 Maj:ts
1132 2052 128 41 förslag
1283 2053 50 31 till
1358 2054 167 32 definitivt
1548 2068 50 19 av-

95 2088 348 44 löningsreglemente
476 2093 53 31 för
563 2094 173 33 officerare
765 2097 64 31 och
852 2098 284 34 underofficerare
1160 2113 41 20 m.
1226 2103 31 31 fl.
1282 2106 43 38 på
1348 2104 90 31 aktiv
1463 2108 67 28 stat
1552 2106 47 31 in-

95 2140 102 40 tagna
230 2140 246 43 löneplanerna
509 2144 64 31 och
608 2145 450 46 tjänstledighetsavdragen
1096 2153 104 30 måtte
1224 2152 134 33 besluta
1381 2157 49 29 att
1452 2156 146 41 godtaga

94 2189 58 32 vid
174 2191 177 33 motionen
374 2193 122 41 fogade
519 2195 201 42 löneplaner
743 2197 64 31 och
830 2198 413 46 tjänstledighetsavdrag,
1261 2204 63 31 och
1341 2207 48 29 att
1410 2205 5 31 i
1433 2206 165 32 samband

94 2239 141 33 härmed
257 2243 156 42 anslaget
434 2244 53 31 för
509 2245 161 43 avlöning
692 2247 53 31 till
768 2249 160 40 personal
951 2250 56 31 vid
1032 2251 114 32 staber
1162 2253 62 31 och
1241 2255 248 41 truppförband
1506 2268 41 20 m.
1564 2257 32 31 £.

94 2292 36 29 år
154 2291 209 34 1927—1928
386 2294 98 42 höjes
508 2296 78 31 med
609 2297 216 43 erforderligt
847 2299 141 43 belopp;

147 2344 88 30 samt
250 2343 94 32 inom
361 2344 106 32 andra
482 2346 195 33 kammaren
693 2360 41 20 nr
750 2349 62 31 259
827 2361 40 20 av
879 2350 79 32 herr
969 2352 42 31 N.
1026 2352 194 34 Holmström
1232 2355 11 30 i
1257 2355 114 39 Gävle,
1384 2357 111 31 vilken
1509 2358 88 31 hem-

94 2392 103 40 ställt,
221 2396 51 29 att
293 2395 183 42 riksdagen
500 2399 54 29 må
569 2397 137 33 besluta
721 2399 11 31 i
749 2400 386 43 avlöningsreglemente
1151 2404 53 31 för
1219 2406 170 32 officerare
1403 2408 62 30 och
1479 2408 118 32 under-

92 2442 174 34 officerare
302 2447 88 30 samt
424 2446 226 34 civilmilitära
683 2449 335 43 befattningshavare
1052 2456 44 39 på
1118 2455 91 31 aktiv
1234 2458 67 30 stat
1322 2457 109 32 införa
1453 2458 143 32 bestäm-

91 2493 107 32 melse

133 2546 113 37 Bihang
259 2548 46 28 till
318 2549 167 37 riksdagens
493 2552 145 35 protokoll
649 2550 92 31 1927.
768 2551 18 30 6
799 2555 80 28 saml.
915 2553 43 30 16
973 2556 71 34 häft.
1084 2558 61 32 (Nr
1163 2556 142 37 17—15.)
1413 2570 39 18 a92
1465 2571 25 17 27
1539 2565 10 26 1

1653 1914 137 23 Motioner.
