2238 2636
455 194 37 30 10
918 195 234 32 Statsutskottets
1179 195 165 32 Utlåtande
1367 196 64 31 N:o
1455 198 50 29 74.

412 272 175 36 ändamål
614 285 90 23 vore
733 272 65 36 det
826 273 214 36 emellertid
1068 273 250 48 nödvändigt,
1348 279 55 30 att
1430 273 124 37 banan
1582 273 157 37 belades
1759 273 89 37 med
1868 274 142 36 skenor

412 323 41 35 af
487 325 48 34 40
578 323 62 47 kg.
681 323 82 47 vigt
804 336 68 35 per
900 329 132 38 meter,
1062 329 54 30 att
1144 324 165 48 syllarne
1338 324 143 36 erhölle
1511 338 47 22 en
1585 324 116 48 längd
1730 324 41 36 af
1795 327 53 44 2,7
1880 331 132 40 meter,

411 373 148 36 hvilket
599 373 11 35 i
651 373 57 36 sin
750 373 165 49 ordning
946 374 197 36 medförde
1173 388 47 22 en
1249 380 122 31 större
1400 374 220 37 krönbredd
1648 375 58 36 för
1732 374 204 37 banvallen
1965 380 48 31 än

412 423 73 37 den
513 423 229 47 beräknade,
776 430 99 30 samt
906 430 55 30 att
988 424 269 48 syllafståndet
1284 425 65 36 vid
1378 425 222 36 skarfvarne
1631 425 222 37 bestämdes
1880 425 57 36 till
1965 428 47 34 45

412 487 69 23 cm.
511 474 73 36 och
611 474 12 36 i
651 474 114 48 öfrigt
791 475 57 35 till
879 475 114 48 högst
1020 477 47 34 80
1096 488 69 23 cm.

546 524 185 48 Slutligen
760 525 99 36 hade
886 526 140 48 planen
1054 526 85 36 icke
1168 525 179 50 upptagit
1374 526 273 49 mötesplatser
1673 526 57 36 till
1746 527 136 36 sådant
1897 527 114 45 antal,

412 588 81 23 som
534 575 59 36 för
632 575 183 36 trafikens
857 576 260 37 obehindrade
1158 580 105 44 gång
1290 589 92 23 vore
1411 576 197 49 behöfligt.
1663 576 88 37 Med
1779 577 149 48 hänsyn
1955 577 57 36 till

412 625 72 36 den
526 626 247 48 synnerligen
814 631 103 32 stora
956 626 241 46 malmtrafik,
1235 640 81 23 som
1347 630 20 33 å
1394 626 290 49 ifrågavarande
1712 628 99 36 bana
1838 641 92 23 vore
1958 633 55 31 att

411 675 186 47 förvänta,
637 677 108 35 torde
787 677 195 47 nemligen
1023 677 93 37 böra
1143 678 204 47 iakttagas,
1377 683 54 31 att
1458 683 140 31 största
1627 678 192 36 afståndet
1847 678 165 37 emellan

411 730 63 33 två
515 727 271 48 mötesplatser
815 727 94 36 eller
936 727 81 37 från
1045 741 47 23 en
1121 728 117 36 sådan
1267 728 58 36 till
1354 733 190 32 närmaste
1569 729 327 48 jernvägsstation
1924 729 87 37 icke

410 777 219 47 öfverstege
661 780 43 33 10
732 777 212 37 kilometer.

543 827 54 36 Af
619 827 100 37 hvad
748 828 158 37 sålunda
933 828 125 37 blifvit
1086 829 174 36 anmärkt
1287 829 162 36 rörande
1478 829 75 37 den
1571 829 148 48 ingifna
1739 830 138 48 planen
1898 830 114 37 fram-

411 878 132 48 ginge,
573 884 55 30 att
655 878 135 47 banan,
820 892 61 22 om
910 879 73 36 den
1003 879 156 36 anlades
1179 879 125 48 enligt
1323 893 143 23 samma
1485 880 104 49 plan,
1608 880 84 36 icke
1714 880 123 37 skulle
1860 881 151 36 komma

412 934 54 31 att
504 929 13 35 i
544 928 234 37 fullbordadt
806 929 109 36 skick
942 930 158 36 framstå
1127 933 127 33 såsom
1283 930 356 48 statsbanemässig,
1668 931 73 36 och
1769 936 56 31 att
1852 931 58 36 för
1938 931 73 36 den

412 979 98 36 skull
538 979 138 49 planen
704 983 122 33 måste
855 980 12 36 i
894 980 217 48 väsentliga
1138 980 107 37 delar
1272 981 229 46 omarbetas,
1530 981 134 36 dervid
1685 981 252 48 möjligheten
1958 988 55 30 att

410 1033 49 45 på
485 1030 104 35 vissa
617 1030 136 36 ställen
774 1030 144 36 erhålla
938 1044 46 22 en
1004 1030 299 48 fördelaktigare
1325 1031 223 48 sträckning
1567 1032 182 36 särskildt
1768 1038 132 42 syntes
1920 1033 92 36 böra

411 1087 108 41 tagas
548 1080 12 36 1
586 1085 193 44 noggrant
807 1079 296 48 öfvervägande.

545 1131 61 47 Ny
645 1130 291 49 undersökning
974 1131 10 35 1
1027 1131 47 35 de
1102 1131 157 46 trakter,
1288 1131 126 37 banan
1441 1144 90 24 vore
1560 1131 136 37 afsedd
1726 1138 54 30 att
1807 1137 203 44 genomgå,

412 1186 132 43 syntes
572 1181 59 35 för
659 1180 74 37 den
762 1181 100 36 skull
890 1181 92 36 böra
1010 1181 209 48 företagas;
1249 1182 73 36 och
1351 1181 48 36 då
1425 1187 113 42 tungt
1565 1183 175 47 vägande
1769 1183 84 36 skäl
1883 1184 126 36 kunde

412 1231 152 36 anföras
605 1231 58 36 för
691 1237 54 30 att
771 1232 127 35 banan
925 1231 118 36 redan
1072 1231 83 37 från
1183 1232 119 36 första
1330 1232 133 48 början
1493 1232 126 37 blefve
1649 1238 147 32 statens
1824 1233 187 49 tillhörig-

411 1282 67 36 het
517 1282 73 36 och
632 1282 162 46 således,
837 1282 11 35 i
889 1282 128 36 stället
1058 1282 60 36 för
1151 1288 54 31 att
1232 1283 42 36 af
1297 1288 125 31 staten
1451 1283 96 36 efter
1574 1283 355 49 färdigbyggandet
1956 1285 56 36 in-

410 1332 114 48 lösas,
565 1332 155 36 anlades
749 1345 141 36 genom
919 1338 145 31 statens
1093 1332 246 38 omedelbara
1367 1333 161 48 försorg,
1557 1337 142 45 ansåge
1729 1335 62 48 sig
1819 1335 191 49 styrelsen

410 1383 92 36 böra
540 1383 90 36 med
669 1383 211 48 anledning
908 1383 40 36 af
972 1383 73 36 den
1073 1383 141 48 nådiga
1242 1384 201 47 remissen,
1472 1384 73 36 och
1574 1384 87 37 med
1690 1385 150 48 hänsyn
1864 1386 147 49 jemväl

412 1433 125 36 dertill
580 1439 54 31 att
662 1433 65 37 det
754 1440 134 42 syntes
916 1433 192 49 styrelsen
1136 1447 90 24 vara
1254 1434 42 37 af
1318 1435 96 47 vigt,
1442 1440 55 31 att
1525 1435 134 48 frågan
1687 1449 61 23 om
1772 1436 238 49 jernvägens

411 1484 208 49 byggande
660 1485 85 36 icke
787 1484 274 47 undanskötes,
1102 1484 236 48 ifrågasätta,
1371 1491 54 30 att
1453 1486 190 47 styrelsen
1673 1486 41 36 af
1735 1486 141 49 Kongl.
1906 1488 106 48 Maj:t

412 1535 144 36 erhölle
584 1535 12 36 i
624 1535 175 49 uppdrag
827 1540 55 31 att
909 1535 75 37 låta
1011 1535 211 37 verkställa
1250 1536 75 36 den
1353 1549 74 35 nya
1454 1536 353 49 undersökningen.

545 1687 89 35 Med
674 1686 208 48 anledning
921 1687 40 36 af
997 1686 115 37 dessa
1151 1687 221 37 utlåtanden
1401 1687 217 37 inlemnade
1646 1690 209 35 sökandena
1884 1702 47 23 en
1959 1703 50 35 ny

413 1736 110 37 skrift
562 1737 12 36 i
615 1737 169 45 ärendet,
826 1736 106 37 hvari
965 1737 46 36 de
1040 1737 217 37 förklarade
1287 1737 61 48 sig
1375 1737 131 48 villiga
1534 1743 54 31 att
1613 1738 13 36 i
1653 1738 218 37 hufvudsak
1900 1739 111 37 ställa

413 1788 59 47 sig
510 1787 56 36 till
607 1787 256 37 efterrättelse
901 1788 398 49 jernvägsstyrelsens
1328 1788 146 49 förslag
1500 1788 58 36 till
1585 1789 180 36 tekniska
1793 1789 216 49 ändringar,

412 1838 142 47 hvilka,
582 1838 86 36 med
696 1838 199 48 undantag
922 1838 40 36 af
986 1838 100 46 dem,
1115 1852 82 23 som
1226 1838 132 48 afsåge
1386 1838 401 49 krökningsradierna,
1804 1840 206 37 beräknats

412 1889 128 36 kunna
580 1889 144 35 utföras
765 1888 59 37 för
852 1902 47 23 en
928 1889 163 36 kostnad
1120 1889 42 37 af
1188 1891 197 46 1,074,900
1412 1889 152 46 kronor,
1593 1895 97 32 samt
1716 1890 172 38 försökte
1916 1891 93 48 visa,

412 1945 54 31 att
493 1939 237 37 anställande
759 1939 42 36 af
823 1953 52 34 ny
902 1939 292 49 undersökning
1221 1953 92 24 vore
1342 1939 287 47 ändamålslöst,
1657 1946 93 31 enär
1771 1941 74 37 den
1866 1941 41 37 af
1921 1941 86 37 dem

412 1990 220 47 föreslagna
669 1990 117 36 linien
827 2003 89 24 vore
956 1990 73 36 den
1070 1996 303 43 gynsammaste,
1410 1990 53 49 ja,
1504 1990 254 38 öfverhufvud
1798 1997 109 44 taget
1934 1992 74 37 den

412 2040 97 37 enda
535 2040 190 49 praktiskt
751 2040 205 37 utförbara.

548 2093 35 35 1.
605 2093 31 45 f.
664 2092 116 47 chefen
810 2093 59 44 för
888 2093 262 46 generalstaben
1175 2091 69 36 har
1271 2091 10 35 i
1309 2091 257 49 underdånigt
1592 2092 195 37 utlåtande
1817 2092 41 37 af
1881 2093 76 36 den
1988 2096 17 33 1

413 2141 175 37 sistlidne
618 2141 180 48 februari,
827 2141 114 37 bland
970 2147 127 42 annat,
1125 2141 218 47 framhållit,
1372 2147 55 31 att
1444 2142 276 49 utvecklingen
1741 2143 73 37 och
1829 2143 180 49 tillgodo-

411 2191 190 48 görandet
641 2191 40 37 af
717 2192 255 36 Norrbottens
1007 2192 83 36 rika
1128 2205 176 24 resurser
1343 2192 87 37 med
1470 2192 290 49 nödvändighet
1792 2193 134 38 kräfde
1961 2207 47 23 en

403 2243 171 48 jemsides
610 2243 136 48 gående
784 2243 228 49 utveckling
1051 2242 42 37 af
1126 2242 370 49 försvarsväsendet,
1537 2243 130 38 derest
1705 2244 37 36 vi
1770 2243 85 37 icke
1884 2245 124 37 skulle
