2182 2618
650 138 110 31 Första
784 139 211 40 lagutskottets
1020 139 158 31 utlåtande
1202 140 53 30 Nr
1277 141 49 29 20.
1730 147 17 28 ”

943 249 36 28 15
1005 252 26 34 8.

313 307 65 31 Det
412 307 131 40 åligger
577 306 154 40 offentlig
766 306 201 41 myndighet
991 309 51 28 att
1072 306 41 41 på
1139 307 143 40 begäran
1308 319 41 20 av
1374 309 413 42 undersökningsledaren,

179 351 8 28 i
222 349 61 31 den
308 349 75 30 mån
408 349 56 30 det
490 348 28 39 ej
545 347 123 32 strider
692 350 69 28 mot
785 348 188 40 stadgande
998 348 10 30 i
1035 349 55 38 lag
1113 349 82 30 eller
1219 350 215 41 författning,
1459 352 136 31 utfärda
1621 355 47 28 för
1690 353 99 41 polis-

177 391 292 39 undersökningen
507 390 174 39 behövligt
715 389 92 32 bevis
843 390 82 30 eller
960 400 109 20 annan
1106 390 98 41 dylik
1240 391 167 41 handling
1442 395 89 28 samt
1566 394 150 32 meddela
1740 398 49 28 för

178 431 293 41 undersökningen
497 429 220 42 erforderliga
741 430 260 42 upplysningar.
1053 431 141 41 Begäres
1212 432 184 41 skyndsam
1416 434 205 42 behandling
1638 447 42 20 av
1695 441 93 26 ären-

177 475 66 35 det,
271 473 89 31 skall
384 484 50 20 om
460 474 136 39 möjligt
620 473 127 31 beviset
771 473 80 31 eller
875 472 205 42 handlingen
1104 474 168 31 avsändas
1297 475 74 31 med
1395 477 182 39 omgående
1602 480 74 38 post
1700 482 89 28 samt

178 515 248 41 upplysningen
452 515 207 30 omedelbart
682 514 177 30 meddelas.

313 558 61 29 Om
398 556 202 41 skyldighet
623 557 51 29 för
697 555 160 41 offentlig
883 555 198 41 myndighet
1105 559 51 27 att
1180 558 124 39 avgiva
1327 558 51 30 för
1401 559 386 43 polisundersökningen

177 598 216 40 erforderligt
427 598 178 30 utlåtande
640 597 80 31 eller
756 597 98 41 eljest
882 597 191 31 verkställa
1102 597 51 31 för
1177 582 294 59 undersökningen
1496 600 157 42 behövlig
1677 604 109 29 utred-

177 640 83 41 ning
283 640 88 40 gälle
395 640 66 30 vad
488 639 187 41 Konungen
700 639 114 31 därom
839 639 214 31 föreskriver.

312 681 416 40 Undersökningsledaren
764 686 59 35 äge
858 681 107 40 enligt
999 681 263 38 bestämmelser,
1298 693 69 21 som
1402 683 188 41 Konungen
1621 686 165 37 utfärdar,

177 723 108 31 anlita
320 722 132 33 enskild
487 723 196 41 sakkunnig
715 724 51 30 för
801 723 186 40 utredning
1021 734 41 20 av
1085 723 126 41 frågor,
1238 735 68 21 som
1330 724 205 42 uppkomma
1559 727 104 31 under
1686 728 100 41 polis-

176 766 305 40 undersökningen.

941 825 38 30 16
1004 827 28 37 8.

311 883 68 31 Vid
413 882 123 38 förhör,
571 893 69 20 som
674 883 106 30 under
810 882 382 42 polisundersökningen
1217 883 107 32 hålles
1349 895 42 20 av
1407 885 381 41 undersökningsledare

176 924 86 32 eller
286 924 119 32 honom
428 924 257 42 underlydande
707 924 176 41 polisman,
908 924 88 31 skall
1020 924 110 31 såvitt
1155 925 136 41 möjligt
1316 926 108 30 såsom
1448 927 244 32 förhörsvittne
1714 935 72 24 när-

177 977 82 21 vara
294 977 39 20 en
369 977 42 20 av
435 966 264 31 förhörsledaren
727 965 119 31 därtill
870 966 166 31 anmodad
1059 965 116 43 ojävig
1199 977 129 31 person.
1375 967 133 32 Därvid
1531 970 54 30 må
1609 969 27 41 ej
1662 970 125 32 anlitas

176 1008 72 38 den,
284 1019 69 21 som
387 1008 20 31 å
429 1008 170 41 tjänstens
630 1013 129 35 vägnar
782 1008 87 41 tagit
893 1007 54 31 del
970 1008 11 30 i
1005 1008 388 42 polisundersökningen
1412 1010 80 31 eller
1509 1013 141 38 antages
1673 1012 114 32 kunna

176 1051 113 30 lämna
322 1049 251 43 upplysningar
607 1061 41 19 av
672 1050 177 39 betydelse
883 1050 52 31 för
959 1050 208 39 densamma;
1204 1051 84 31 dock
1312 1051 91 31 skall
1438 1053 67 30 vad
1528 1063 46 21 nu
1597 1058 36 26 är
1657 1058 76 37 sagt
1757 1055 28 42 ej

175 1094 125 39 utgöra
322 1092 118 32 hinder
463 1094 54 30 för
541 1094 54 30 att
618 1093 20 30 å
660 1085 243 49 landsbygden,
932 1096 60 27 när
1016 1102 111 21 annan
1151 1092 29 42 ej
1206 1092 106 33 finnes
1337 1095 53 29 att
1407 1094 111 42 tillgå,
1536 1096 154 31 använda
1706 1096 80 41 fjär-

176 1134 179 42 dingsman
389 1135 110 31 såsom
521 1134 253 32 förhörsvittne.
820 1133 208 44 Skyldighet
1062 1136 50 29 att
1135 1136 52 30 stå
1209 1135 57 31 till
1289 1135 198 42 förfogande
1511 1137 107 31 såsom
1644 1137 143 33 förhörs-

175 1177 112 31 vittne
310 1176 181 42 föreligger
514 1176 28 42 ej
568 1177 51 31 för
642 1186 109 22 annan
769 1181 41 26 än
834 1177 70 37 den,
930 1187 67 21 som
1022 1178 43 41 på
1088 1177 110 40 grund
1223 1188 41 20 av
1281 1178 52 31 sin
1350 1178 194 42 befattning
1561 1180 109 31 såsom
1685 1180 102 42 polis-

176 1229 76 21 man
287 1218 64 32 kan
387 1230 84 20 vara
503 1219 117 31 därtill
658 1218 198 42 förpliktad.
901 1218 129 42 Kungl.
1065 1219 115 42 Maj:ts
1204 1219 368 42 befallningshavande
1596 1223 53 30 må
1672 1222 114 32 kunna

175 1262 53 30 för
252 1261 139 31 särskilt
414 1261 83 31 eller
520 1260 171 32 särskilda
714 1260 166 32 tillfällen
904 1261 163 31 förordna
1089 1261 252 32 förhörsvittne.

311 1302 180 32 Huruvida
524 1303 58 31 vid
616 1302 124 38 förhör,
775 1313 70 20 som
879 1303 11 30 i
922 1303 106 31 första
1051 1304 137 41 stycket
1212 1308 87 36 sägs,
1329 1314 111 21 annan
1465 1309 42 26 än
1530 1305 255 40 förhörsvittne,

175 1354 116 22 varom
326 1344 60 31 där
419 1345 168 37 förmäles,
622 1344 82 32 eller
738 1344 73 39 den,
847 1355 69 21 som
950 1344 61 32 har
1045 1347 52 29 att
1130 1346 19 30 å
1182 1345 171 41 tjänstens
1387 1351 131 36 vägnar
1549 1348 135 31 därmed
1707 1351 80 38 taga

175 1387 202 40 befattning,
415 1387 52 30 må
500 1396 83 21 vara
616 1386 182 38 tillstädes,
827 1387 194 31 ankommer
1044 1388 43 40 på
1108 1387 274 31 förhörsledaren
1406 1391 52 28 att
1481 1389 196 40 bestämma;
1702 1389 83 32 dock

175 1428 55 30 må
258 1428 60 31 vid
341 1427 114 32 förhör
477 1428 75 31 med
576 1427 199 32 kvarhållen
799 1428 81 31 eller
903 1428 128 31 häktad
1055 1429 56 30 det
1134 1428 72 32 icke
1230 1428 174 42 förvägras
1429 1430 106 30 denne
1559 1432 53 29 att
1635 1430 87 32 hava
1746 1442 41 21 av

175 1469 121 32 honom
319 1469 184 38 tillkallad,
529 1470 49 31 för
600 1470 268 31 förhörsledaren
892 1470 91 31 känd
1006 1470 116 42 ojävig
1144 1481 122 31 person
1290 1472 206 31 närvarande
1519 1468 100 36 såsom
1642 1473 143 32 förhörs-

174 1512 121 39 vittne,
331 1512 117 32 såvida
471 1511 125 33 dennes
618 1516 144 35 närvaro
794 1512 28 42 ej
848 1513 202 31 förutsätter
1075 1512 153 42 uppskov
1252 1513 74 31 med
1350 1512 153 33 förhöret
1526 1514 83 31 elier
1631 1515 155 41 skäligen

175 1554 66 31 kan
275 1554 132 31 befaras
442 1555 175 30 motverka
650 1554 404 42 polisundersökningens
1082 1524 161 72 belöriga
1266 1556 92 40 gång
1380 1555 84 32 eller
1486 1559 164 39 äventyra
1674 1558 110 30 säker-

174 1596 100 31 heten
297 1597 12 30 i
333 1597 61 31 den
417 1596 218 31 kvarhållnes
660 1596 84 32 eller
767 1596 167 32 häktades
958 1597 94 30 vård.

309 1638 140 41 Vägran
482 1640 53 30 att
568 1639 147 41 godtaga
748 1649 42 21 av
821 1638 64 32 den
920 1638 204 32 kvarhållne
1160 1638 83 32 eller
1265 1639 149 31 häktade
1438 1640 184 42 föreslaget
1643 1641 143 32 förhörs-

174 1680 112 32 vittne
321 1680 90 31 skall
442 1680 107 42 jämte
582 1681 192 41 grunderna
808 1680 115 32 därför
951 1681 179 31 anmärkas
1154 1681 12 30 i
1189 1681 39 31 de
1253 1681 253 42 anteckningar,
1532 1693 113 21 varom
1670 1684 11 30 i
1707 1686 36 28 17

173 1727 89 37 sägs.
310 1722 71 31 Har
415 1722 203 32 kvarhållen
652 1733 116 31 person
801 1722 188 43 förbjudits
1025 1722 152 33 meddela
1201 1722 54 42 sig
1278 1723 75 32 med
1376 1734 112 21 annan
1515 1725 82 31 eller
1628 1730 37 26 är
1691 1725 95 42 eljest

199 1765 19 31 å
240 1764 111 41 grund
374 1775 43 21 av
440 1764 263 32 kvarhållandet
727 1764 121 32 sådant
871 1764 220 32 meddelande
1113 1765 170 32 försvårat
1300 1765 83 32 eller
1399 1766 241 42 omöjliggjort,
1655 1767 132 41 åligger

173 1775 58 63 det
253 1806 271 32 förhörsledaren
547 1809 52 29 att
623 1806 106 32 såvitt
751 1807 137 41 möjligt
916 1807 207 32 omedelbart
1151 1807 196 42 ombesörja,
1371 1810 54 29 att
1448 1808 73 36 den,
1546 1819 75 21 vars
1645 1814 142 27 närvaro

174 1849 107 31 såsom
309 1848 242 32 förhörsvittne
586 1849 60 31 den
682 1848 200 33 kvarhållne
914 1850 125 30 önskar
1061 1849 59 32 och
1144 1848 270 34 förhörsledaren
1438 1850 205 41 godkänner,
1668 1852 120 31 varder

174 1891 116 31 därom
312 1891 240 31 underrättad.

309 1933 48 31 På
390 1933 149 41 begäran
574 1944 42 21 av
639 1933 70 38 den,
735 1944 68 20 som
828 1932 90 32 skall
942 1933 110 37 höras,
1078 1934 54 31 må
1154 1933 271 32 förhörsledaren
1449 1933 116 33 kunna
1589 1935 196 39 bestämma,

173 1977 52 28 att
258 1974 243 33 förhörsvittne
536 1975 91 31 skall
660 1975 104 31 under
797 1977 70 29 viss
896 1975 53 31 del
972 1986 43 20 av
1039 1975 150 32 förhöret
1212 1976 160 39 avträda;
1397 1976 83 32 dock
1503 1978 53 30 må
1580 1977 63 31 den
1667 1977 119 32 hördes

173 2017 168 31 därunder
374 2018 148 41 avgivna
556 2017 179 32 berättelse
765 2017 27 42 ej
817 2018 135 40 intagas
976 2018 9 31 i
1011 2017 41 32 de
1075 2018 254 41 anteckningar,
1353 2029 116 21 varom
1492 2019 12 30 i
1529 2021 36 29 17
1583 2021 18 38 8
1617 2019 169 39 förmäles,

174 2059 75 31 med
276 2059 129 31 mindre
428 2060 192 31 densamma
644 2070 42 20 av
713 2059 62 32 den
801 2059 104 32 hörde
931 2063 185 39 upprepats
1140 2061 12 30 i
1174 2060 281 32 förhörsvittnets
1479 2066 151 27 närvaro.

308 2101 92 31 Utan
423 2101 286 32 förhörsledarens
732 2101 161 32 tillstånd
918 2104 54 29 må
994 2101 28 43 ej
1050 2102 248 32 förhörsvittne
1322 2102 82 32 eller
1427 2113 114 21 annan
1563 2114 129 31 person,
1714 2114 71 20 som

174 2148 37 26 är
233 2143 211 32 närvarande
467 2143 58 32 vid
549 2143 123 37 förhör,
698 2154 114 21 varom
836 2143 63 32 här
922 2144 166 38 förmäles,
1113 2144 168 31 därunder
1297 2144 153 32 meddela
1466 2145 56 40 sig
1538 2145 74 31 med
1628 2147 72 37 den,
1718 2156 68 21 som

173 2185 107 38 höres,
304 2185 28 42 ej
358 2185 114 39 heller,
505 2186 72 32 med
600 2186 128 32 mindre
752 2185 57 32 det
833 2186 76 31 sker
933 2187 19 30 å
976 2186 167 42 tjänstens
1167 2191 132 36 vägnar
1322 2186 82 32 eller
1427 2187 89 31 inför
1539 2187 143 32 domstol
1704 2188 97 32 eller:
