2178 2618
646 161 113 30 Första
784 161 208 41 lagutskottets
1015 162 160 30 utlåtande
1199 163 53 30 Nr
1275 164 49 29 20.
1711 166 38 29 53

177 261 60 23 om
267 249 254 35 anhållandet.
577 250 72 33 "Till
678 250 70 34 den
778 262 48 22 av
854 250 171 43 lagrådet
1050 252 68 33 och
1137 251 475 43 justitieombudsmannen
1633 253 158 34 sålunda

178 300 173 34 hävdade
392 300 305 43 uppfattningen,
739 301 124 33 vilken
904 301 154 43 jämväl,
1101 302 49 43 på
1177 303 266 43 lagutskottets
1472 304 190 43 enhälliga
1690 304 101 34 hem-

177 351 148 40 ställan,
355 350 157 34 uttalats
541 362 47 22 av
616 351 200 43 riksdagen
846 352 11 32 i
885 351 85 34 dess
990 363 97 22 ovan
1109 353 156 33 berörda
1285 353 178 34 skrivelse
1484 354 70 33 den
1579 356 40 31 11
1639 355 150 42 augusti

180 401 107 40 1914,
329 399 168 35 ansluter
538 401 57 43 sig
635 404 94 30 även
772 402 192 33 utskottet.
1019 402 54 33 På
1101 403 123 42 grund
1253 404 118 33 härav
1398 404 72 33 kan
1501 405 183 33 utskottet
1710 405 79 33 icke

176 449 189 43 tillstyrka
393 450 106 34 bifall
527 451 56 34 till
613 451 62 33 det
703 462 48 22 av
778 452 141 42 Kungl.
949 452 109 42 Maj:t
1085 452 213 43 framlagda
1326 454 190 42 förslaget.

311 500 107 34 Inom
459 501 183 34 utskottet
675 501 68 33 har
769 501 220 43 ifrågasatts
1018 505 56 31 att
1102 503 248 42 komplettera
1378 503 64 34 det
1468 504 10 33 i
1508 504 280 43 propositionen

175 550 214 43 framlagda
425 550 181 43 förslaget
634 550 84 34 med
746 551 282 34 bestämmelser
1056 563 58 22 om
1143 555 76 31 rätt
1247 553 58 33 för
1332 554 114 41 polis-
1474 554 69 32 och
1576 554 214 43 åklarmyn-

176 600 132 43 dighet
334 603 66 38 att,
430 599 48 34 då
506 600 123 43 någon
658 603 41 31 är
726 601 201 34 misstänkt
953 601 58 34 för
1038 605 132 40 grövre
1198 603 111 41 brott,
1338 615 84 21 men
1451 604 226 43 tillräckliga
1708 604 81 34 skäl

176 650 59 34 för
275 650 186 43 häktning
501 650 95 34 dock
637 650 32 43 ej
714 650 194 44 föreligga,
942 652 120 33 under
1087 652 77 34 viss
1192 653 148 33 kortare
1368 653 56 34 tid
1452 653 102 34 hålla
1581 654 72 34 den
1683 655 106 33 miss-

176 700 131 34 tänkte
342 701 12 32 i
382 700 138 34 förvar.
575 701 67 34 Ett
669 700 121 44 dylikt
817 702 152 33 isolerat
997 703 69 33 och
1094 703 181 43 generellt
1302 703 239 43 lagfästande
1569 715 47 22 av
1643 704 145 34 anhåll-

176 751 234 43 ningsrätten
452 751 119 33 skulle
613 751 205 34 emellertid
860 752 117 43 enligt
1016 753 202 34 utskottets
1259 754 163 43 mening,
1464 753 107 44 långt
1605 754 99 34 ifrån
1733 757 56 32 att

174 801 185 34 förbättra
387 801 64 34 det
477 802 221 33 nuvarande
726 802 220 42 tillståndet,
976 814 152 23 snarare
1156 815 93 22 vara
1268 807 115 40 ägnat
1403 807 56 31 att
1478 804 170 35 medföra
1668 805 118 34 ökade

174 851 119 34 vådor
319 851 59 34 för
403 852 330 33 rättssäkerheten.
779 852 290 35 Bestämmelser
1096 864 59 23 om
1184 854 104 43 dylik
1307 854 227 44 befogenhet
1551 855 90 34 böra
1660 855 128 34 därför

175 900 88 44 ingå
305 900 122 34 såsom
468 901 61 34 led
569 902 11 33 i
621 913 45 23 en
699 902 225 43 fullständig
950 904 188 42 reglering
1165 915 48 22 av
1240 905 85 33 hela
1353 905 434 42 anhållningsinstitutet

175 954 98 31 samt
313 951 97 34 helst
449 950 268 44 fullständigas
757 952 85 33 med
883 953 351 34 tillfredsställande
1262 955 190 42 garantier
1479 955 12 33 i
1518 954 109 44 fråga
1654 966 59 23 om
1742 955 45 34 de

174 1012 189 33 personer,
392 1013 80 22 som
505 1002 119 34 skulle
651 1002 246 34 tillerkännas
926 1003 226 44 befogenhet
1179 1007 57 31 att
1264 1004 204 34 handhava
1495 1004 291 45 ifrågavarande

174 1051 271 44 tvångsmedel.

309 1102 103 34 Mera
453 1103 395 34 överensstämmande
880 1103 85 34 med
993 1104 221 44 riksdagens
1242 1104 42 34 år
1313 1105 95 35 1914
1437 1106 170 34 uttalade
1635 1106 152 44 mening

174 1153 120 34 skulle
335 1152 64 35 det
438 1153 162 43 givetvis
639 1164 94 23 vara
773 1156 56 31 att
869 1154 131 34 bifalla
1029 1155 44 34 de
1102 1166 48 23 av
1177 1155 87 34 herr
1289 1156 164 43 Löfgren
1481 1157 13 33 i
1521 1156 96 35 hans
1644 1157 141 34 motion

174 1203 240 34 framställda
454 1203 207 43 yrkanden.
715 1204 18 33 I
772 1203 156 44 frågans
968 1205 221 35 nuvarande
1231 1206 83 44 läge
1350 1206 122 34 finner
1511 1207 184 34 utskottet
1730 1208 57 42 sig

173 1253 209 34 emellertid
401 1254 80 34 icke
501 1254 128 34 kunna
647 1253 152 35 förorda
818 1266 46 22 en
884 1254 118 35 sådan
1022 1255 146 44 åtgärd.
1207 1255 138 36 Skälen
1364 1256 60 35 för
1443 1257 125 34 denna
1583 1258 202 34 utskottets

174 1303 238 44 ståndpunkt
434 1307 65 31 äro
527 1304 181 43 följande.

310 1353 131 35 Såsom
480 1354 168 44 framgår
687 1366 48 22 av
762 1355 255 35 ovanstående
1044 1356 246 44 redogörelse,
1320 1358 69 33 har
1415 1357 172 44 lagrådet
1613 1358 13 33 i
1654 1358 66 34 sitt
1745 1357 42 35 år

177 1404 96 34 1920
314 1404 164 43 avgivna
510 1405 177 42 yttrande
716 1405 151 43 erinrat,
897 1408 56 31 att
980 1405 45 34 de
1053 1407 13 33 i
1092 1406 191 44 förslagen
1311 1407 115 43 givna
1453 1408 333 34 bestämmelserna

173 1454 112 34 ställa
325 1457 101 31 stora
467 1455 164 43 anspråk
669 1454 50 44 på
746 1455 172 44 åklagar-
946 1456 69 34 och
1042 1457 375 44 polismyndigheter.
1472 1457 55 35 På
1554 1458 85 34 dem
1667 1458 119 34 skulle

173 1504 202 35 ankomma
414 1504 106 35 såväl
561 1505 88 35 den-
673 1505 272 36 förberedande
984 1506 330 45 undersökningen
1355 1519 80 23 som
1480 1508 305 44 tvångsmedlens

173 1555 289 34 handhavande.
516 1556 152 34 Jämväl
708 1556 183 35 utskottet
932 1557 112 43 hyser
1070 1558 151 42 tvekan,
1250 1558 189 35 huruvida
1468 1559 45 34 de
1540 1559 244 43 tjänstemän,

172 1606 104 33 vilka
302 1605 59 35 för
387 1606 237 34 närvarande
652 1609 71 41 äga
750 1606 228 45 befogenhet
1005 1610 56 32 att
1087 1609 204 34 verkställa
1314 1609 384 44 polisundersökning
1716 1610 69 34 och

172 1656 126 34 utföra
338 1655 88 43 åtal,
467 1657 12 33 i
507 1657 207 34 allmänhet
740 1660 71 40 äga
839 1658 73 34 den
940 1658 217 45 utbildning
1184 1659 69 34 och
1281 1659 219 44 kompetens
1528 1660 13 34 i
1568 1661 133 43 övrigt,
1730 1663 56 31 att

172 1706 46 34 de
246 1707 120 34 skulle
393 1718 93 23 vara
512 1708 13 33 i
553 1707 112 35 stånd
692 1711 56 31 att
774 1707 50 44 på
852 1711 54 32 ett
933 1708 351 36 tillfredsställande
1307 1713 76 31 sätt
1400 1710 96 44 fylla
1515 1710 46 35 de
1580 1710 203 44 uppgifter,

172 1768 80 23 som
280 1768 135 33 genom
443 1757 46 34 de
517 1757 214 44 föreslagna
758 1769 76 32 nya
862 1759 262 43 stadgandena
1152 1760 119 34 skulle
1299 1760 155 45 åläggas
1482 1761 96 34 dem.

306 1807 133 35 Denna
467 1808 159 43 svaghet
652 1809 13 33 i
691 1809 181 43 förslaget
899 1809 69 34 har
994 1810 80 34 icke
1103 1810 117 34 heller
1246 1811 191 35 förbisetts
1464 1811 66 34 vid
1558 1811 85 35 dess
1670 1811 115 34 fram-

170 1857 187 44 läggande
397 1858 100 35 inför
536 1859 140 43 Kungl.
718 1858 111 44 Maj:t
868 1860 12 33 i
921 1860 174 34 februari:
1117 1861 107 41 1920,
1253 1862 12 33 i
1293 1861 62 35 det
1383 1865 56 31 att
1467 1861 72 35 den
1568 1861 216 35 dåvarande

172 1908 415 43 departementschefen
624 1912 122 32 avsett
773 1913 57 31 att
856 1909 40 35 få
923 1911 172 34 bestämd
1123 1922 45 23 en
1197 1912 218 43 tillräckligt
1442 1912 90 44 lång
1559 1912 225 44 övergångs-

170 1958 67 42 tid,
279 1959 116 35 innan
424 1959 46 35 de
498 1971 76 32 nya
600 1960 331 35 bestämmelserna
958 1961 120 35 skulle
1106 1962 110 34 träda
1243 1962 12 34 i
1283 1963 112 42 kraft,
1424 1963 60 34 för
1511 1966 56 32 att
1594 1963 191 34 härunder

170 2009 332 43 polistjänstemän
544 2011 68 33 och
649 2010 176 45 åklagare
853 2011 119 35 skulle
1000 2012 129 34 kunna
1156 2013 191 44 bibringas
1375 2013 141 44 nödiga
1542 2014 158 34 insikter
1726 2013 59 35 för

169 2059 292 44 ifrågavarande
501 2061 261 44 lagstiftnings
802 2064 101 31 rätta
936 2063 252 43 tillämpning.
1242 2064 196 43 Därjämte
1467 2064 111 43 utgår
1604 2064 181 43 förslaget

170 2109 112 43 ifrån,
311 2113 56 32 att
393 2110 65 35 vid
486 2112 234 43 antagandet
746 2123 49 23 av
822 2112 466 44 »undersökningsledare>
1317 2126 44 22 en
1389 2115 79 34 viss
1487 2115 163 43 gallring
1664 2115 119 33 skulle

171 2163 72 41 äga
282 2172 82 23 rum
404 2161 13 34 i
457 2161 100 44 syfte
598 2164 56 32 att
692 2162 118 35 vinna
849 2163 192 43 garantier
1080 2163 59 35 för
1178 2165 449 44 polisundersökningens
1653 2165 130 34 veder-

170 2210 200 45 häftighet.
