1884 2766
240 132 19 29 2
600 131 124 30 Första
741 131 244 40 lagutskottets
1001 132 179 31 utlåtande
1195 142 43 20 nr
1253 134 42 29 22
1310 134 38 29 år
1366 134 83 29 1964

242 209 9 29 i
281 211 131 28 statens
442 210 178 30 allmänna
648 211 393 40 avlöningsreglemente
1075 213 134 34 (Saar).
1238 213 66 30 För
1335 214 40 29 de
1405 214 235 39 värnpliktiga
1670 214 54 29 be-

242 263 165 30 stämmes
428 263 158 30 däremot
605 264 254 40 löneavdragen
878 265 57 30 vid
955 267 112 29 arrest
1087 266 106 39 enligt
1212 267 514 39 värnpliktsavlöningskungö-

241 316 113 29 relsen
377 316 67 29 den
470 317 39 29 12
533 317 194 39 september
751 318 83 30 1958
862 318 58 34 (nr
942 318 96 34 485).
1063 319 115 40 Enligt
1201 320 158 39 punkten
1383 320 17 29 2
1425 330 42 20 av
1489 321 41 28 de
1555 321 172 29 särskilda

240 369 313 30 bestämmelserna
571 370 54 30 för
644 370 172 30 försvaret
834 371 10 29 i
864 371 41 30 28
926 371 15 37 $
965 372 84 30 Saar
1068 373 106 38 gäller
1192 390 44 3 —
1254 373 80 29 från
1353 373 65 29 och
1438 373 79 29 med
1537 374 66 29 den
1626 375 13 28 1
1661 374 66 38 juli

244 422 82 29 1952
342 441 44 3 —
402 424 51 28 att
470 422 214 40 tjänsteman
702 423 55 30 för
775 424 60 34 tid,
852 425 110 29 under
979 425 117 29 vilken
1112 426 70 29 han
1200 426 173 39 undergår
1391 427 229 33 arreststraff,
1639 427 88 29 skall

241 475 196 30 vidkännas
458 476 174 40 A-avdrag
658 477 124 39 (enligt
803 477 144 40 tidigare
968 478 130 39 lydelse
1120 479 111 30 skulle
1253 479 258 30 vederbörande
1532 480 196 30 vidkännas

241 528 204 39 B-avdrag).
468 529 227 30 Beträffande
716 530 234 40 värnpliktiga
972 532 107 38 gäller
1101 532 107 39 enligt
1232 532 37 30 13
1294 532 15 37 8
1333 533 395 39 värnpliktsavlönings-

241 581 234 39 kungörelsen
499 583 51 29 att
572 583 223 40 värnpliktig,
820 593 73 21 som
917 584 175 40 undergår
1115 585 228 35 arreststraff,
1367 586 76 30 icke
1468 587 80 38 äger
1572 585 156 41 uppbära

241 634 45 39 på
311 634 109 30 sådan
444 635 51 30 tid
520 636 191 39 belöpande
736 637 286 40 penningbidrag,
1049 647 74 20 som
1149 647 98 21 avses
1272 639 10 28 i
1309 639 38 29 12
1375 639 15 36 8
1421 640 13 28 1
1462 648 105 21 mom.
1594 648 134 21 samma

241 688 219 39 kungörelse.

288 741 228 40 A-avdragets
549 742 127 30 storlek
711 743 153 39 framgår
897 753 41 20 av
970 744 340 39 grundlönetabeller
1343 745 235 30 omförmälda
1611 746 8 29 i
1656 746 17 29 3
1710 746 15 36 $

245 795 131 29 statens
398 795 287 40 löneförordning
706 796 67 29 den
796 796 37 30 31
858 797 68 39 maj
955 797 82 30 1957
1067 797 58 34 (nr
1148 797 95 34 228).
1267 798 183 40 Avdraget,
1474 807 75 21 som
1574 800 37 28 är
1636 800 92 29 löne-

241 847 262 36 klassanslutet,
531 849 220 30 motsvarade
778 849 105 40 enligt
910 850 351 40 löneförordningens
1287 852 129 39 lydelse
1443 852 58 30 vid
1529 852 95 30 tiden
1652 853 77 29 när-

244 902 92 28 mast
356 901 74 30 före
451 902 68 29 den
542 902 13 29 1
577 902 67 40 juli
667 902 83 30 1963
770 903 11 29 i
802 903 175 30 löneklass
1001 904 13 29 1
1039 904 44 39 på
1103 904 162 40 löneplan
1287 904 28 30 A
1337 905 97 30 cirka
1459 905 39 30 13
1520 907 143 38 procent
1686 915 41 20 av

244 954 172 40 daglönen
444 955 55 29 för
529 955 219 30 löneklassen
778 957 64 29 och
871 957 110 30 ökade
1012 957 106 30 sedan
1149 958 188 30 successivt
1367 958 53 30 till
1451 958 99 31 cirka
1579 959 39 29 27
1651 968 77 30 pro-

243 1009 78 28 cent
347 1017 43 20 av
415 1008 173 40 daglönen
615 1009 54 29 för
696 1009 41 30 de
765 1009 122 40 högsta
914 1010 263 31 löneklasserna
1204 1011 45 39 på
1276 1012 162 39 löneplan
1466 1012 38 30 B.
1533 1012 96 30 Efter
1659 1012 69 30 för-

243 1060 210 41 handlingar
483 1062 80 30 med
593 1063 393 39 statstjänstemännens
1017 1064 399 40 huvudorganisationer
1448 1065 179 40 angående
1659 1065 69 30 frå-

244 1122 66 31 gan
331 1123 57 20 om
408 1115 192 40 ändringar
621 1116 11 29 i
653 1116 41 30 de
717 1117 280 30 statsanställdas
1021 1126 45 21 m.
1090 1117 37 30 fl.
1148 1118 259 30 löneförmåner
1431 1119 58 30 vid
1510 1119 218 40 tjänstledig-

243 1167 59 30 het
321 1167 54 30 för
395 1168 168 39 sjukdom
582 1169 64 30 och
666 1169 248 41 havandeskap
934 1170 166 30 ävensom
1121 1171 10 29 i
1153 1171 100 29 deras
1275 1172 347 30 semesterförmåner
1644 1172 84 30 träf-

244 1221 98 30 fades
368 1221 67 30 den
462 1221 41 30 28
530 1231 94 21 mars
652 1222 83 31 1963
761 1232 43 21 en
830 1223 338 31 överenskommelse
1195 1224 11 29 i
1232 1224 147 31 berörda
1407 1225 128 39 frågor.
1563 1225 165 31 Överens-

244 1274 217 30 kommelsen
479 1275 146 30 innebar
642 1276 45 29 bl.
705 1286 30 20 a.
754 1278 50 28 att
823 1276 189 40 sjuklönen
1031 1277 112 30 skulle
1162 1277 151 40 regleras
1331 1285 125 32 genom
1476 1279 93 30 vissa
1589 1279 138 40 avdrag,

244 1336 76 21 som
345 1327 114 31 skulle
486 1328 186 31 betecknas
699 1329 175 40 A-avdrag
900 1330 65 30 och
993 1330 100 30 träda
1120 1331 10 30 i
1157 1330 115 31 stället
1300 1331 56 30 för
1382 1332 42 30 de
1452 1332 146 40 tidigare
1627 1332 101 31 A-av-

243 1381 140 39 dragen.
409 1381 115 30 Sedan
549 1382 363 31 överenskommelsen
938 1383 184 40 godkänts,
1150 1384 204 31 utfärdades
1382 1385 250 40 förordningen
1662 1386 66 30 den

245 1434 37 30 31
310 1435 70 39 maj
412 1435 84 30 1963
527 1435 59 34 (nr
612 1435 79 35 182)
722 1445 56 21 om
805 1436 133 31 ändrad
965 1437 130 39 lydelse
1122 1447 43 20 av
1191 1437 18 31 3
1238 1438 16 37 8
1283 1440 131 28 statens
1442 1439 286 40 löneförordning

244 1488 65 30 och
333 1488 236 40 kungörelsen
593 1489 66 30 den
685 1489 38 30 31
751 1490 70 40 maj
852 1490 83 30 1963
966 1491 59 34 (nr
1054 1490 78 35 183)
1163 1491 179 40 angående
1368 1492 135 30 ändrad
1530 1493 130 39 lydelse
1687 1503 40 20 av

244 1540 139 41 bilagan
404 1542 54 30 till
479 1542 235 40 kungörelsen
736 1543 66 30 den
824 1543 18 30 5
865 1543 144 30 oktober
1034 1544 83 30 1962
1146 1544 58 34 (nr
1228 1545 79 34 523)
1335 1554 57 21 om
1416 1546 97 29 löner
1537 1555 45 21 m.
1607 1556 44 20 m.
1676 1547 52 29 till

243 1595 93 30 vissa
361 1596 264 30 statsanställda
651 1605 45 20 m.
723 1597 36 29 fl.
787 1597 109 29 under
924 1597 94 30 1963.
1044 1598 147 29 Jämlikt
1217 1598 101 30 dessa
1345 1599 251 40 författningar
1623 1600 105 39 gäller

245 1648 79 29 från
348 1648 65 30 och
437 1649 79 30 med
539 1649 66 30 den
632 1650 13 29 1
671 1650 68 39 juli
766 1650 82 30 1963
873 1652 49 28 att
946 1650 211 40 A-avdraget
1182 1651 133 40 uppgår
1340 1652 63 34 till,
1429 1653 11 28 i
1466 1653 262 30 löneklasserna

244 1701 28 29 A
301 1702 104 29 1—12
432 1702 19 30 8
478 1705 153 37 procent,
658 1703 10 29 i
695 1703 263 31 löneklasserna
984 1704 29 29 A
1043 1704 127 30 18—23
1199 1705 18 29 9
1245 1707 153 37 procent,
1427 1706 11 29 i
1466 1706 262 30 löneklasserna

245 1755 27 28 ÅA
292 1754 129 31 24—30
444 1756 39 31 10
503 1759 143 36 procent
667 1759 90 27 samt
778 1757 10 29 i
808 1757 263 31 löneklasserna
1090 1758 26 29 B.
1140 1758 104 29 1—10
1269 1759 35 29 11
1328 1761 144 37 procent
1493 1769 44 20 av
1558 1760 170 39 daglönen

244 1808 9 29 i
277 1807 325 40 30-dagarsmånad.
628 1811 109 29 Dessa
761 1810 188 40 ändringar
974 1811 156 35 innebär,
1156 1811 165 30 eftersom
1347 1812 57 30 det
1430 1812 96 30 förut
1552 1813 176 39 återgivna

244 1861 206 40 stadgandet
469 1863 11 30 i
498 1863 158 39 punkten
676 1864 18 29 2
715 1873 41 21 av
775 1864 41 29 de
836 1864 173 30 särskilda
1027 1864 310 31 bestämmelserna
1355 1865 55 30 för
1430 1866 172 30 försvaret
1620 1867 11 29 i
1651 1867 40 30 28
1713 1867 15 36 $

244 1915 84 29 Saar
344 1915 163 30 kvarstår
524 1916 215 35 oförändrat,
758 1918 50 28 att
825 1926 42 20 en
884 1917 196 40 betydande
1099 1918 204 40 reducering
1320 1928 43 20 av
1379 1919 149 30 berörda
1544 1920 57 30 vid
1620 1922 110 28 arrest

242 1968 65 29 och
326 1968 225 40 disciplinbot
569 1969 326 40 ifrågakommande
914 1971 210 39 löneavdrag
1144 1972 56 39 ägt
1219 1981 88 21 rum.
1328 1973 13 29 I
1360 1972 96 32 detta
1475 1973 255 39 sammanhang

242 2021 70 29 kan
332 2022 135 30 erinras
488 2031 56 21 om
565 2024 50 29 att
634 2023 41 29 de
695 2023 252 40 värnpliktigas
968 2024 277 40 penningbidrag
1266 2033 123 31 genom
1409 2026 234 39 kungörelsen
1664 2026 65 30 den

242 2075 18 29 53
285 2074 79 39 juni
392 2074 84 31 1963
508 2075 58 34 (nr
591 2075 80 35 242)
702 2085 57 21 om
785 2076 147 40 ändring
957 2077 11 29 i
993 2078 617 40 värnpliktsavlöningskungörelsen
1634 2079 96 40 höjts

243 2129 90 28 samt
357 2130 50 27 att
433 2137 75 21 som
533 2128 89 40 följd
646 2129 109 30 härav
779 2130 56 29 det
859 2130 209 40 löneavdrag
1094 2140 74 20 som
1192 2141 42 19 en
1258 2132 213 39 värnpliktig
1496 2133 64 28 har
1585 2135 49 27 att
1658 2133 71 29 vid-

242 2181 147 36 kännas,
418 2181 45 30 då
490 2181 71 30 han
589 2182 141 31 ådömes
759 2184 110 28 arrest
897 2183 82 30 eller
1008 2184 232 39 disciplinbot,
1270 2185 186 39 undergått
1484 2187 244 29 motsvarande

242 2234 140 39 ökning.

288 2287 52 29 En
361 2288 218 39 redogörelse
600 2288 54 30 för
675 2289 91 30 vissa
789 2289 196 30 förarbeten
1008 2290 51 29 till
1082 2299 87 21 ovan
1190 2290 146 31 berörda
1357 2291 262 30 bestämmelser
1640 2292 87 30 åter-

245 2340 114 30 finnes
379 2342 9 28 i
407 2342 261 38 propositionen
688 2343 18 29 å
727 2352 25 20 s.
772 2343 94 29 3—4.
