2130 2657
286 174 41 31 44
681 175 213 41 Bevillnings-
905 174 166 37 Utskottets
1097 179 212 32 Betänkande
1333 179 60 32 N:o
1416 180 29 29 7.

585 328 20 50 8
636 331 58 34 15.

320 418 55 36 De
416 417 11 36 i
469 422 87 32 näst
589 417 277 38 ofvanstående
895 420 19 46 $
942 418 97 37 före-

244 470 147 38 skrifna
407 470 198 50 uppgifter
621 470 108 37 skola
744 476 199 44 upprättas
961 476 78 32 sär-

244 523 117 37 skildt
391 523 56 36 för
475 523 130 49 hvarje
637 523 179 37 kommun
841 527 48 46 på
909 524 131 36 landet

244 576 70 37 och
357 576 132 49 hvarje
531 575 204 38 territoriel
768 575 227 51 församling
1028 578 11 35 i

245 629 84 37 stad
346 636 112 29 samt
486 628 101 37 inom
619 628 162 51 stadgad
801 628 55 38 tid
877 629 12 36 i
905 628 134 38 Stock-

243 682 103 36 holm
389 681 254 37 öfverlemnas
685 682 56 35 till
778 681 262 37 öfverståthål-

243 733 250 36 lareembetet
537 733 70 36 och
649 732 10 36 i
690 732 124 50 öfriga
847 739 101 31 orter
977 747 64 23 an-

246 785 135 49 tingen
409 785 202 37 tillsändas
648 785 140 50 Kongl.
828 786 125 49 Maj:ts
978 787 63 36 be-

245 838 378 48 fallningshafvande
653 837 10 36 i
692 838 104 36 länet
822 838 90 37 eller
941 852 100 23 ome-

245 890 148 37 delbart
435 890 203 48 tillställas,
674 890 11 36 i
720 891 94 45 stad,
841 890 200 51 magistra-

245 949 63 31 ten
357 943 81 48 och,
481 946 48 46 på
571 943 140 47 landet,
756 943 285 37 vederbörande

244 995 250 50 kronofogde,
525 995 59 36 för
612 1001 54 30 att
689 996 275 50 ofördröjligen
984 996 57 36 till

245 1047 564 51 bevillningsberedningarnes
846 1049 195 36 ordföran-

246 1101 46 36 de
321 1100 271 47 öfverlemnas;
615 1101 183 36 skolande
820 1100 113 38 dessa
948 1115 94 36 upp-

246 1152 117 49 gifter
389 1153 213 36 sedermera
626 1153 416 50 taxeringslängderna

247 1205 162 50 bifogas.

590 1328 20 50 8
644 1330 55 35 16.

326 1417 108 36 Mom.
465 1418 30 34 1.
554 1415 170 50 Styrelse
753 1416 58 36 för
840 1416 111 36 hvart
975 1416 69 37 och

249 1474 54 31 ett
345 1469 93 36 verk
482 1468 92 37 eller
612 1468 123 50 bolag,
781 1481 79 24 som
890 1473 41 31 är
959 1468 86 37 med

250 1521 139 49 Kongl.
432 1521 127 48 Maj:ts
601 1521 123 48 oktroj
768 1521 144 36 försedt
955 1521 92 36 eller

248 1574 70 35 fått
336 1574 58 35 sin
413 1573 302 49 bolagsordning
733 1573 42 35 af
786 1572 139 50 Kongl.
940 1573 107 49 Maj:t

249 1625 163 37 stadfäst
442 1625 70 37 och
541 1624 186 49 antingen
757 1628 78 33 står
857 1625 117 38 under
992 1625 54 36 of-

249 1678 138 48 fentlig
420 1677 166 36 kontroll
622 1677 91 36 eller
746 1677 68 36 har
842 1677 205 36 inskränkt

250 1729 250 49 ansvarighet
529 1729 120 49 enligt
669 1729 140 48 Kongl.
831 1729 214 36 förordnin-

250 1795 76 35 gen
360 1782 73 36 den
465 1784 19 34 6
516 1781 169 37 Oktober
718 1783 107 46 1848,
857 1781 97 37 skall
983 1781 64 37 det

250 1834 130 48 åligga
409 1839 56 30 att
489 1833 81 37 före
593 1833 107 49 April
720 1834 157 36 månads
899 1836 148 47 utgång

249 1886 132 49 hvarje
411 1891 50 41 år,
493 1889 45 46 på
568 1890 76 32 sätt
672 1885 53 49 1$
749 1888 44 34 15
812 1887 120 35 finnes
949 1886 97 37 före-

253 1938 172 46 skrifvet,
455 1938 161 36 insända
644 1938 80 36 dels
754 1938 118 36 sådan
894 1938 154 50 uppgift

253 2005 58 21 om
344 1990 88 37 dess
461 1990 179 48 samtliga
659 1990 81 36 lön-
761 1990 70 37 och
853 1991 194 36 arfvodes-

253 2048 153 44 tagares
436 2048 98 30 samt
563 2042 11 36 i
595 2042 154 36 verkets
766 2042 90 37 eller
873 2043 174 48 bolagets

253 2095 131 36 arbete
426 2094 12 36 i
481 2094 117 50 öfrigt
639 2095 173 36 anstälde
846 2109 201 35 personers

254 2147 290 47 löneförmåner,
575 2147 156 36 hvarom
761 2147 10 36 1
801 2149 22 45 8
855 2150 55 34 14:
935 2151 58 33 2:0
1010 2147 36 49 b)

254 2199 168 48 stadgas,
466 2199 83 36 dels
593 2198 70 37 ock
704 2199 174 49 bestyrkt
909 2200 140 48 utdrag

254 2252 41 35 af
325 2251 152 37 verkets
511 2251 91 36 eller
630 2251 176 49 bolagets
837 2252 210 36 senast'af-

254 2303 146 36 slutade
441 2303 273 48 räkenskaper,
757 2304 202 36 utvisande
985 2304 63 36 be-

252 2355 129 49 loppet
404 2355 41 36 af
460 2355 86 36 hela
564 2355 73 36 den
653 2355 120 36 under
791 2356 257 49 räkenskaps-

1439 333 18 45 $
1489 332 56 36 15.

1172 419 276 50 (Oförändrad.)

1444 1330 18 45 $
1494 1330 56 35 16.

1179 1415 281 50 (Oförändrad.)
