2188 2677
418 176 42 31 22
882 172 252 34 Statsutskottets
1156 171 163 33 utlåtande
1341 170 53 32 Nr
1416 171 51 31 18.

376 263 116 44 vägar
533 256 119 37 under
692 268 145 24 samma
878 258 40 33 år
958 253 57 37 till
1057 267 46 23 en
1145 266 146 23 summa
1328 251 41 37 af
1400 251 226 48 27,096,340
1663 249 150 47 kronor,
1842 248 135 37 hvaraf

379 311 226 48 14,948,490
647 309 140 36 kronor
828 307 59 37 för
928 319 110 24 varor
1080 306 40 36 af
1154 305 175 36 inhemsk
1370 304 256 47 tillverkning.
1682 302 55 36 De
1766 302 208 48 viktigaste

376 363 202 37 utländska
609 360 485 52 upphandlingsartiklarna
1122 371 91 24 voro
1243 357 147 37 stenkol
1418 356 71 37 och
1517 356 88 37 räls.
1660 354 74 37 Det
1762 359 41 32 är
1831 367 144 38 uppen-

376 417 96 47 bart,
514 421 55 31 att
608 414 120 37 under
771 413 139 37 sådana
953 411 261 38 förhållanden
1252 410 133 49 frågan
1422 422 61 24 om
1515 407 310 49 kartellbildning
1861 407 114 36 bland

376 470 304 37 leverantörerna
720 467 75 36 kan
836 466 36 36 få
913 478 46 24 en
996 464 229 49 vidtgående
1263 462 221 37 ekonomisk
1517 461 205 50 betydelse.
1780 459 87 37 9Stor
1894 459 82 36 vikt

376 522 126 50 ligger
528 523 101 47 uppå
659 525 53 31 att
734 518 372 51 järnvägsstyrelsen
1134 522 40 31 är
1200 517 13 36 i
1240 516 110 36 stånd
1371 521 55 31 att
1445 514 63 37 vid
1529 514 132 49 hvarje
1679 513 148 36 tillfälle
1846 513 133 35 kunna

377 574 243 45 kontrollera,
664 578 53 31 att
754 572 45 37 de
827 572 131 49 priser,
989 584 80 23 som
1100 569 290 37 af'kartellerna
1419 567 190 50 erbjudas,
1638 572 64 31 äro
1731 565 147 49 skäliga
1906 564 70 38 och

377 628 81 37 icke
486 627 181 38 innebära
691 639 46 24 en
762 637 138 37 genom
921 623 174 38 konstlad
1115 621 254 52 prisbildning
1389 620 286 38 åstadkommen
1694 617 283 51 uppskörtning

377 681 42 36 af
456 685 134 31 staten.
647 678 132 48 Enligt
816 676 99 37 hvad
955 681 142 31 statens
1130 676 226 48 järnvägars
1390 673 295 37 öfverrevisorer
1720 672 12 35 1
1761 671 57 36 sin
1847 678 129 29 senast

378 731 148 51 afgifna
566 730 201 37 berättelse
810 728 179 46 meddela,
1032 727 114 36 hafva
1187 727 110 35 dessa
1337 726 245 35 underkastat
1624 738 46 22 en
1706 724 59 35 del
1800 723 77 46 fall,
1911 722 66 35 där

378 783 314 48 kartellbildning
720 781 112 37 bland
861 781 305 36 leverantörerna
1194 779 104 49 gjort
1326 777 60 49 sig
1414 776 190 50 gällande,
1634 774 163 38 särskild
1817 774 159 49 gransk-

379 838 95 48 ning
509 841 97 31 samt
634 835 187 36 inhämtat
848 833 280 50 upplysningar
1157 831 193 49 angående
1380 831 62 36 det
1470 829 283 47 förfarimgssätt
1777 828 200 48 järnvägs-

380 889 185 50 styrelsen
606 888 186 49 tillämpat
833 886 59 36 för
928 891 53 30 att
1008 885 119 36 blifva
1153 885 13 36 i
1194 884 145 36 tillfälle
1368 888 54 31 att
1449 882 172 47 bedöma,
1639 880 199 50 huruvida
1866 879 45 36 de
1940 878 41 36 af

380 941 321 48 anbudsgifvarne
743 938 172 37 fordrade
947 938 125 50 prisen
1100 937 146 37 kunnat
1275 949 109 23 anses
1413 934 157 49 skäliga.
1628 932 349 38 ÖOfverrevisorerna

380 1000 93 44 säga
515 994 60 49 sig
617 992 130 37 därvid
790 991 49 36 ha
875 991 160 36 kommit
1062 989 57 37 till
1147 989 308 50 uppfattningen,
1486 991 54 32 att
1564 985 374 49 järnvägsstyrelsen
1965 984 13 35 i

381 1048 46 36 de
455 1047 109 36 flesta
593 1045 65 37 fall
685 1047 49 47 på
761 1049 53 32 ett
842 1042 347 38 tillfredsställande
1218 1046 74 32 sätt
1319 1041 148 49 lyckats
1495 1038 233 37 kontrollera
1755 1037 140 49 prisen.

510 1098 129 38 Under
673 1096 270 37 framhåällande
978 1095 41 36 af
1043 1095 69 36 den
1144 1101 102 30 stora
1273 1093 195 49 betydelse
1498 1092 58 36 för
1585 1096 143 31 statens
1752 1091 226 48 järnvägars

381 1151 186 48 ekonomi,
598 1164 81 23 som
707 1150 126 48 ligger
862 1148 11 36 i
901 1153 55 31 att
980 1145 380 51 järnvägsstyrelsen
1394 1168 33 2 —
1449 1143 181 38 särskildt
1649 1156 139 36 genom
1810 1146 55 32 att
1884 1154 95 35 nog-

382 1208 114 45 grant
529 1203 92 48 följa
654 1202 168 48 priserna
850 1203 20 33 å
899 1200 73 36 den
1000 1200 202 35 utländska
1229 1198 233 36 marknaden
1491 1219 47 3 -—
1569 1194 220 49 oaflåtligen
1818 1194 162 36 sträfvar

382 1257 96 36 efter
507 1261 54 30 att
589 1255 58 36 för
675 1258 122 33 staten
826 1254 128 48 uppnå
981 1252 12 35 i
1021 1251 234 37 förhållande
1275 1250 55 36 till
1349 1247 363 39 världsmarknaden
1731 1251 100 32 rätta
1849 1246 130 49 priser,

381 1308 92 49 vilja
514 1308 248 44 revisorerna,
805 1310 88 31 utan
937 1310 54 30 att
1032 1309 170 31 närmare
1240 1303 90 48 ingå
1358 1304 48 47 på
1434 1301 157 37 enstaka
1620 1300 77 46 fall,
1727 1312 79 23 som
1837 1299 144 35 kunnat

382 1374 114 36 synas
525 1357 399 48 anmärkningsvärda,
950 1361 21 31 a
995 1357 124 35 denna
1145 1355 148 48 viktiga
1322 1353 280 49 angelägenhet
1626 1352 98 36 fästa
1743 1351 238 47 Riksdagens

381 1411 374 52 uppmärksamhet.»

510 1463 384 49 Järnvägsstyrelsen
936 1462 67 35 har
1031 1462 8 35 i
1072 1460 206 48 anledning
1311 1459 42 36 af
1375 1459 258 36 revisorernas
1663 1456 156 36 sålunda
1847 1455 134 49 gjorda

382 1517 193 37 uttalande
603 1517 54 35 uti
686 1520 53 32 ett
768 1515 71 35 den
871 1516 44 34 18
941 1513 152 49 januari
1125 1514 95 34 1912
1252 1511 162 49 afgifvet
1437 1509 195 37 utlåtande
1652 1508 127 37 anfört
1798 1506 182 50 följande:

512 1569 150 37 »Under
690 1567 20 49 $
739 1569 23 34 4
791 1566 112 36 bafva
930 1566 234 36 revisorerna
1191 1564 159 49 påvisat,
1380 1568 55 31 att
1462 1561 355 47 kartellbildningar
1840 1573 142 36 uppen-

383 1622 174 48 barligen
598 1620 203 37 förefinnas
842 1619 8 35 i
894 1618 159 37 flertalet
1095 1616 41 37 af
1174 1616 45 36 de
1251 1615 215 48 branscher,
1495 1614 102 36 inom
1625 1613 130 37 hvilka
1778 1612 204 49 järnvägs-

385 1676 184 48 styrelsen
611 1678 41 30 är
684 1671 180 37 hänvisad
896 1676 54 30 att
977 1675 94 40 göra
1099 1669 82 35 sina
1210 1668 175 36 ordinära
1412 1666 326 49 upphandlingar;
1769 1664 71 36 och
1869 1664 114 35 hafva

384 1726 235 37 revisorerna
661 1724 118 36 under
811 1722 270 37 framhållande
1111 1720 41 37 af
1175 1723 121 46 några
1324 1719 174 50 speciella
1527 1718 64 36 fall
1621 1717 40 36 af
1686 1716 297 37 sammanslutna

384 1779 274 36 leverantörers
701 1775 100 37 olika
842 1779 75 32 sätt
958 1779 55 32 att
1050 1773 145 49 afgifva
1232 1772 137 47 anbud,
1409 1771 75 36 fäst
1511 1770 243 48 Riksdagens
1782 1767 202 51 uppmärk-

386 1831 146 36 samhet
560 1833 21 33 å
609 1829 73 36 den
711 1832 101 31 stora
839 1827 194 49 betydelse
1062 1826 59 36 för
1149 1830 141 31 statens
1307 1825 227 47 järnvägars
1555 1821 187 45 ekonomi,
1763 1834 81 22 som
1860 1821 124 48 ligger

384 1884 14 35 i
426 1887 54 32 att
512 1879 373 52 järnvägsstyrelsen
913 1901 49 4 —
991 1876 178 39 särskildt
1200 1889 139 35 genom
1375 1881 55 31 att
1462 1879 194 44 noggrant
1689 1873 93 49 följa
1813 1872 170 49 priserna

387 1938 20 33 å
444 1935 73 36 den
554 1932 201 38 utländska
789 1931 232 36 marknaden
1072 1953 26 2 —
1127 1929 220 49 oaflätligen
1375 1927 164 37 sträfvar
1567 1926 95 36 efter
1691 1931 55 30 att
1774 1925 58 36 för
1860 1929 123 32 staten

385 1989 128 47 uppnå
540 1986 11 36 i
580 1983 235 39 förhållande
842 1983 57 37 till
928 1981 378 38 världsmarknadens
1335 1985 99 32 rätta
1462 1979 132 49 priser.

518 2038 131 37 Såsom
678 2036 334 37 statsrevisorerna
1039 2033 205 37 framhållit
1272 2033 117 36 hafva
1416 2032 113 36 äfven
1558 2030 343 36 öfverrevisorerna
1919 2028 64 37 vid

387 2097 143 31 statens
567 2091 209 48 järnvägar
817 2093 117 43 ägnat
970 2085 335 51 uppmärksamhet
1333 2088 38 33 åt
1400 2085 63 36 det
1491 2083 199 36 anmärkta
1717 2080 265 45 förhållandet;

387 2144 70 36 och
498 2144 115 35 hafva
654 2140 350 47 öfverrevisorerna,
1046 2142 48 46 på
1131 2143 74 31 sätt
1232 2138 166 49 framgår
1427 2136 39 36 af
1492 2135 108 37 deras
1629 2134 200 37 berättelse
1857 2133 60 36 för
1945 2135 40 34 år

390 2197 110 46 1910,
544 2195 94 37 efter
671 2192 228 37 verkställda
932 2191 248 48 utredningar
1208 2195 133 42 ansett,
1372 2193 54 32 att
1455 2187 186 49 styrelsen
1668 2187 13 35 i
1709 2186 45 37 de
1783 2186 109 36 flesta
1920 2185 65 36 fall

387 2251 49 46 på
477 2253 55 31 ett
571 2245 350 39 tillfredsställande
964 2249 75 31 sätt
1079 2243 147 48 lyckats
1268 2241 231 36 kontrollera
1541 2239 44 36 de
1623 2239 41 35 af
1689 2237 297 49 anbudsgifvare

388 2300 175 37 fordrade
591 2298 181 50 priserna.
