1890 2842
481 154 439 33 Konstitutionsutskottets
947 150 181 34 memorial
1149 149 51 32 Nr
1224 147 63 33 1d.
1592 142 34 30 17

277 240 224 37 (Nuvarande
521 240 156 37 lydelse.)

122 310 48 30 ler
203 309 115 37 tjänst,
349 308 108 37 gånge
495 318 74 20 som
602 309 10 29 i
643 308 20 30 4
695 305 78 39 kap.
794 307 20 30 2
836 307 20 36 $

122 360 202 37 strafflagen
363 359 146 36 stadgas.
563 359 15 29 I
606 359 72 37 fall,
706 367 74 21 som
808 367 46 20 nu

122 410 106 37 sagda
244 411 71 36 äro,
331 410 88 30 skall
439 409 63 31 ock
518 409 146 38 skriften
681 407 174 39 konfiske-

122 471 66 20 ras.

168 512 56 29 Att
241 510 133 38 sådant,
393 520 74 21 som
486 511 94 29 rörer
598 510 195 36 styggelser,
812 508 44 30 el-

125 563 49 29 ler
197 562 178 36 högeligen
398 560 96 31 sårar
518 560 270 37 blygsamheten,
813 559 44 30 el-

123 613 49 30 ler
196 612 189 30 innehåller
407 611 157 30 hädelser
587 614 92 27 emot
704 610 86 37 Gud,
813 610 44 29 el-

124 664 48 29 ler
199 663 133 36 lastliga
360 662 135 36 uttryck
522 671 56 21 om
604 661 106 30 rikets
737 669 120 21 varan-

123 714 44 30 de
197 713 148 37 överhet,
375 713 80 30 eller
483 712 65 30 vad
578 713 10 29 i
617 711 166 31 avseende
813 710 45 37 på

124 773 174 28 personer,
316 763 93 30 vilka
427 765 45 28 ett
489 762 70 30 mål
577 762 75 30 icke
671 762 187 36 egentligen

126 814 178 38 beträffar,
326 813 116 30 kunde
468 814 10 29 i
499 812 131 31 sådana
653 812 206 36 handlingar

125 865 91 30 hava
256 864 129 38 influtit
416 863 128 37 otidigt,
574 863 177 36 anstötligt
779 862 81 30 eller

125 915 209 38 förklenligt,
357 914 74 30 icke
453 913 57 31 må
532 914 48 30 uti
602 913 91 37 dem,
715 912 56 31 vid
793 913 66 29 vite

126 975 41 21 av
196 966 163 30 trettiotre
386 964 167 31 riksdaler
582 966 119 28 sexton
729 963 130 30 skillin-

125 1026 72 27 gar,
213 1025 123 27 genom
355 1015 131 36 trycket
502 1015 187 36 kungöras,
708 1017 82 27 utan
807 1012 53 30 så-

126 1067 90 36 vida,
238 1066 66 30 vad
326 1065 216 31 sistnämnda
563 1065 62 37 fall
644 1064 119 37 angår,
783 1063 76 30 åbe-

127 1116 168 37 ropandet
315 1116 110 30 skulle
446 1125 40 21 av
507 1115 178 37 domaren,
706 1124 74 20 som
801 1115 60 29 sist

127 1169 11 28 i
162 1167 104 30 målet
290 1166 108 38 dömt,
422 1167 124 35 prövas
572 1165 214 36 nödvändigt
811 1165 50 29 till

130 1217 210 37 upplysning
378 1217 65 29 och
469 1216 188 37 styrkande
683 1225 41 20 av
752 1215 110 36 själva

129 1267 239 31 huvudsaken.

172 1318 16 30 I
210 1318 118 37 övrigt,
349 1317 64 31 och
432 1327 74 20 som
525 1317 57 30 det
602 1316 95 30 bleve
716 1316 55 37 för
790 1314 71 31 vid-

129 1369 124 37 lyftigt,
287 1371 49 27 att
369 1368 68 30 alla
468 1366 288 39 förekommande
789 1367 72 29 äm-

128 1428 78 28 nen,
226 1418 70 31 mål
316 1419 64 29 och
400 1418 150 30 ärenden
570 1417 79 30 med
670 1425 192 28 noggrann-

129 1470 59 30 het
213 1470 136 36 utsätta,
374 1468 89 31 skall
487 1468 56 30 det
567 1467 53 31 stå
645 1476 61 21 var
731 1467 64 30 och
821 1476 41 20 en

130 1520 85 37 fritt,
235 1522 49 27 att
304 1520 10 29 i
334 1518 97 37 tryck
451 1519 144 29 allmänt
614 1518 148 35 kunnigt
780 1517 83 36 göra

130 1567 61 32 allt
205 1569 65 30 vad
284 1578 74 21 som
373 1569 9 30 i
396 1568 113 30 denna
525 1568 54 36 lag
594 1567 75 31 icke
683 1567 114 37 finnes
814 1567 50 29 ut-

131 1620 187 36 tryckligen
336 1619 190 38 förbjudet;
542 1618 218 38 följaktligen
776 1617 88 30 skall

131 1671 64 29 ock
212 1671 31 35 ej
257 1670 114 37 något,
386 1679 74 20 som
477 1671 78 28 över
572 1670 10 29 i
596 1669 115 29 denna
729 1669 54 35 lag
799 1667 65 30 till-

133 1720 117 37 låtliga
274 1721 127 29 ämnen
426 1721 9 28 i
461 1719 97 37 tryck
583 1718 197 38 anmärkes,
805 1717 59 37 på-

133 1772 146 36 minnes,
308 1771 80 29 eller
402 1770 95 36 eljest
510 1769 245 37 gransknings-
785 1769 80 29 eller

133 1821 237 38 reflexionsvis
397 1821 11 29 i
433 1820 188 36 dagsljuset
647 1819 218 38 framlägges,

130 1871 132 37 kunna,
287 1870 109 31 under
420 1870 254 37 förevändning
698 1872 49 27 att
772 1870 93 29 inne-

132 1921 84 30 bära
234 1920 90 31 tadel
344 1921 79 29 eller
441 1919 156 37 klander,
615 1919 115 30 såsom
749 1919 116 36 straff-

133 1971 75 30 bart
229 1980 110 27 anses,
360 1970 119 30 såvida
499 1970 196 29 skrivsättet
718 1969 73 30 icke
813 1968 53 29 så-

133 2031 76 20 som
240 2021 147 35 småädigt
418 2020 79 29 eller
528 2019 175 36 skändligt
734 2019 49 36 sig
815 2021 50 27 ut-

135 2071 149 37 märker,
316 2080 55 20 om
405 2079 124 21 ansvar
561 2070 117 37 varför
711 2070 10 29 i
751 2069 115 30 denna

134 2122 54 36 lag
214 2121 133 36 stadgat
372 2121 47 29 är.

1074 233 224 39 (Föreslagen
1317 231 156 38 lydelse.)

244 2232 36 33 2)
316 2229 182 35 angående
517 2230 136 27 ändrad
672 2231 133 32 lydelse
824 2237 42 19 av
885 2229 17 34 $
919 2230 23 26 4
962 2230 56 26 3:0
1038 2229 489 34 tryckfrihetsförordningen.

463 2294 17 36 8
505 2294 30 29 4.

180 2404 65 29 3:o.
272 2402 14 30 I
313 2403 67 30 alla
408 2402 40 30 de
475 2401 70 37 fall,
572 2402 63 30 där
660 2400 79 37 åtal,
765 2401 104 37 enligt

174 2483 109 31 Bihang
303 2483 42 25 till
365 2483 165 30 riksdagens
551 2482 145 31 protokoll
718 2482 73 25 1937.
826 2482 16 23 5

1238 2292 17 37 8
1280 2293 30 30 4.

952 2402 67 30 3:o.
1051 2401 14 30 I
1097 2400 69 32 alla
1198 2401 42 30 de
1271 2400 72 37 fall,
1364 2401 61 30 där
1448 2399 69 31 åtal
1538 2399 105 37 enligt

862 2481 80 26 saml.
970 2481 15 25 2
1003 2481 57 25 avd.
1095 2481 41 24 Nr
1153 2481 51 25 1d.
1596 2478 15 25 2
