1878 2848
490 161 121 30 Första
637 161 237 36 lagutskottets
902 160 174 31 utlåtande
1102 162 48 30 Nr
1170 162 49 31 61.
1592 157 18 30 3

98 244 144 31 beredas
261 244 153 37 bolagets
432 245 151 37 styrelse,
603 243 37 32 så
658 245 65 30 ock
742 244 11 30 i
771 244 148 38 ordning
937 254 75 21 som
1031 244 114 31 finnes
1165 245 141 38 lämplig
1326 245 280 38 pensionstagare

98 296 65 30 och
190 295 180 31 anställda.

143 347 49 29 Av
217 346 78 31 dem
318 355 75 22 som
419 349 75 28 utse
518 346 293 36 styrelseledamot
835 346 57 30 må
916 347 65 29 ock
1009 346 183 37 suppleant
1218 349 90 28 utses
1334 347 10 30 i
1370 347 66 31 den
1460 346 147 37 ordning

99 406 120 22 varom
239 397 12 30 i
270 397 109 30 andra
401 397 66 31 och
489 396 108 37 tredje
618 398 164 35 styckena
801 397 148 37 stadgas.

142 443 100 34 Ändå
267 449 48 28 att
340 447 67 31 den
433 447 50 30 tid
507 446 55 31 för
586 447 115 30 vilken
725 447 295 37 styrelseledamot
1044 447 81 31 eller
1150 448 184 37 suppleant
1358 448 97 31 blivit
1482 448 124 31 utsedd

99 497 70 38 gått
191 498 51 30 till
266 497 102 37 ända,
394 498 88 30 skall
506 498 70 30 han
599 497 149 38 fullgöra
771 497 56 31 sitt
848 498 171 37 uppdrag,
1042 498 51 30 till
1119 498 76 31 dess
1218 507 117 22 annan
1361 498 97 31 blivit
1482 499 125 30 utsedd

97 549 82 30 eller
199 548 237 31 förordnande
456 548 189 31 meddelats
666 548 86 31 efter
773 549 67 30 vad
861 550 9 30 i
891 549 20 29 4
933 549 18 37 8
973 549 110 30 andra
1104 549 132 37 stycket
1259 550 87 36 sägs.

143 599 115 30 Beslut
292 608 42 21 av
368 599 271 37 bolagsstämma
673 608 58 21 om
764 598 197 32 inrättande
986 608 42 22 av
1052 600 141 36 styrelse
1219 599 55 31 för
1299 600 308 37 pensionsstiftelse

98 650 88 30 skall
215 657 122 30 genom
363 650 184 37 styrelsens
575 649 55 31 för
655 650 136 37 bolaget
816 650 136 38 försorg
977 649 249 38 ofördröjligen
1253 651 158 30 anmälas
1439 651 54 30 för
1521 651 84 37 regi-

97 699 155 37 strering.

812 758 70 38 48.

143 818 167 31 Ledamot
342 827 42 21 av
418 818 141 37 styrelse
590 817 54 32 för
676 817 319 38 pensionsstiftelse,
1030 817 38 32 så
1100 819 66 30 ock
1199 818 183 37 suppleant
1414 818 67 37 må,
1514 819 92 31 ändå

97 872 49 28 att
172 869 66 30 den
262 869 50 30 tid
338 868 53 32 för
416 869 116 31 vilken
556 869 70 30 han
650 868 97 31 blivit
772 869 122 30 utsedd
919 868 31 38 ej
977 868 70 37 gått
1071 868 51 31 till
1147 869 100 36 ända,
1272 868 120 38 skiljas
1417 869 78 31 från
1519 879 85 28 upp-

97 920 119 36 draget
236 928 123 29 genom
380 920 111 30 beslut
511 928 41 21 av
572 920 79 30 dem
671 928 75 22 som
766 922 103 28 utsett
888 920 141 30 honom.

143 970 237 37 Uppkommer
405 970 149 36 ledighet
576 969 11 30 i
610 970 166 36 styrelsen
799 970 65 30 och
888 969 115 31 finnes
1026 969 31 38 ej
1082 970 193 37 suppleant,
1300 971 61 37 äge
1386 971 112 30 rätten
1524 971 81 31 eller

96 1021 177 35 domaren,
294 1021 63 30 där
378 1020 341 37 omständigheterna
741 1020 56 30 det
816 1019 151 38 påkalla,
988 1023 49 27 att
1057 1020 167 31 förordna
1247 1021 142 37 lämplig
1409 1030 125 28 person
1555 1025 49 27 att

98 1070 189 38 tjänstgöra
311 1069 115 32 såsom
450 1071 294 37 styrelseledamot
765 1071 88 30 intill
875 1071 78 30 dess
976 1070 108 31 sådan
1110 1071 122 30 varder
1255 1071 10 30 i
1290 1071 143 38 behörig
1457 1072 148 37 ordning

95 1121 134 31 utsedd.

811 1180 19 31 5
853 1180 30 37 8.

140 1239 125 30 Finnes
283 1238 30 37 ej
334 1238 55 31 för
410 1238 308 38 pensionsstiftelse
737 1239 140 37 styrelse
896 1238 162 38 inrättad,
1079 1239 98 30 skola
1196 1238 185 32 stiftelsens
1401 1240 201 37 angelägen-

96 1290 95 30 heter
214 1290 205 30 haudhavas
443 1298 43 21 av
510 1289 153 37 bolagets
686 1289 151 37 styrelse,
861 1290 63 30 där
947 1289 30 37 ej
1002 1290 65 37 god
1090 1299 83 21 man
1198 1289 55 31 för
1276 1289 168 31 stiftelsen
1469 1290 134 31 förord-

95 1343 77 27 nats
193 1340 86 30 efter
298 1340 67 30 vad
386 1340 10 30 i
418 1340 111 30 andra
548 1340 132 37 stycket
700 1339 148 37 stadgas.

140 1390 66 30 Om
229 1399 116 21 annan
367 1391 169 36 egendom
558 1391 43 29 än
624 1390 145 31 fordran
791 1399 74 22 som
888 1391 10 29 i
922 1391 18 30 2
964 1390 18 37 $
1008 1391 76 37 sägs
1106 1390 153 31 tillfaller
1284 1391 318 37 pensionsstiftelse,

95 1440 55 31 för
169 1441 115 30 vilken
302 1441 143 37 styrelse
464 1440 31 37 ej
516 1441 113 30 finnes
650 1441 161 35 inrättad,
834 1441 81 30 eller
936 1440 97 37 eljest
1053 1441 88 30 skall
1162 1441 166 31 förvaltas
1350 1441 55 30 för
1426 1442 176 37 pensions-

97 1490 185 31 stiftelsens
300 1491 160 36 räkning,
481 1491 80 30 eller
581 1490 98 38 fråga
697 1492 233 35 uppkommer
950 1501 58 20 om
1029 1491 220 37 nedsättning
1267 1500 43 22 av
1329 1492 153 36 bolagets
1502 1492 102 30 skuld

96 1542 51 30 till
167 1541 332 37 pensionsstiftelsen
520 1542 103 36 enligt
643 1542 20 30 8
683 1542 80 30 eller
786 1542 39 30 13
845 1542 30 37 8,
896 1542 82 30 eller
997 1542 64 30 ock
1080 1542 136 36 bolaget
1234 1542 116 30 träder
1369 1542 10 30 i
1398 1542 205 31 likvidation

94 1593 82 31 eller
192 1593 157 31 försättes
364 1593 11 30 i
391 1593 155 30 konkurs
559 1593 81 30 eller
656 1595 61 35 gör
731 1593 194 36 ansökning
940 1603 57 21 om
1012 1592 183 31 inledande
1211 1602 41 21 av
1268 1592 158 38 offentlig
1441 1593 162 31 ackords-

95 1643 234 37 förhandling,
346 1643 82 31 eller
444 1642 98 38 fråga
559 1642 145 38 uppstår
720 1652 57 21 om
792 1643 256 38 rättshandling
1064 1643 55 30 för
1135 1643 178 38 stiftelsen,
1330 1644 81 30 eller
1430 1653 57 21 om
1505 1643 97 37 eljest

94 1694 187 38 anledning
316 1695 234 36 uppkommer
587 1697 49 27 att
662 1694 99 30 ställa
788 1693 333 38 pensionsstiftelsen
1147 1694 110 30 under
1285 1694 149 31 särskild
1462 1694 140 31 förvalt-

94 1745 92 37 ning,
207 1744 126 38 åligger
356 1745 56 30 det
432 1745 153 36 bolagets
609 1745 141 37 styrelse
769 1745 82 30 eller
871 1744 224 31 likvidatorer
1116 1747 49 28 att
1187 1744 121 31 därom
1333 1746 81 36 göra
1438 1746 164 30 anmälan

93 1795 56 31 för
169 1796 120 35 rätten,
311 1796 66 30 och
399 1795 165 31 förordne
584 1796 113 30 rätten
718 1794 44 38 på
785 1794 108 31 sådan
915 1795 165 30 anmälan
1100 1795 81 30 eller
1202 1794 44 38 på
1269 1796 165 30 anmälan
1457 1805 43 21 av
1521 1805 80 28 pen-

93 1846 211 37 sionstagare
324 1846 83 31 eller
429 1846 149 31 anställd
597 1846 63 30 hos
683 1846 136 36 bolaget
840 1846 82 30 eller
945 1846 61 30 där
1028 1844 232 32 förhållandet
1284 1845 97 38 eljest
1403 1846 122 31 varder
1547 1847 56 30 för

92 1898 113 30 rätten
223 1896 145 37 kunnigt
386 1897 67 36 god
472 1906 81 21 man
572 1900 48 27 att
640 1896 186 31 handhava
846 1896 185 31 stiftelsens
1050 1897 294 36 angelägenheter.
1387 1896 130 31 Sådant
1535 1896 66 32 för-

93 1948 178 29 ordnande
295 1947 67 35 må,
387 1947 63 30 där
475 1947 55 30 det
553 1947 112 30 finnes
689 1945 225 38 erforderligt,
937 1956 43 21 av
1003 1947 110 30 rätten
1139 1946 80 30 eller
1241 1947 167 30 domaren
1431 1947 95 36 givas
1549 1946 55 32 för

92 1997 95 30 tiden
210 1997 87 30 intill
321 1998 76 29 dess
420 1997 129 36 slutligt
572 1997 111 30 beslut
705 1997 185 30 meddelas.

138 2048 13 29 I
176 2048 125 30 ärende
323 2057 58 21 om
408 2047 234 31 förordnande
666 2056 41 21 av
732 2047 65 37 god
822 2055 81 22 man
928 2047 89 30 skall
1040 2056 41 21 av
1106 2048 111 29 rätten
1240 2047 81 31 eller
1348 2047 166 31 domaren
1537 2047 63 31 till-

94 2098 81 31 fälle
194 2101 48 27 att
260 2101 89 34 yttra
369 2098 50 37 sig
440 2098 142 31 beredas
602 2098 152 36 bolagets
774 2098 140 36 styrelse
934 2097 81 31 eller
1033 2097 232 38 likvidatorer,
1285 2097 38 31 så
1342 2099 64 30 ock
1425 2098 9 30 i
1455 2098 147 36 ordning

93 2157 75 22 som
195 2148 111 31 finnes
332 2148 144 37 lämplig
500 2149 280 36 pensionstagare
806 2149 67 30 och
900 2148 169 31 anställda
1097 2149 63 30 hos
1187 2148 145 37 bolaget.

137 2199 93 30 Gode
246 2208 152 21 mannen
417 2200 99 34 skall,
537 2200 61 29 där
618 2200 141 35 styrelse
777 2199 144 30 inrättas
941 2198 55 31 för
1016 2199 341 37 pensionsstiftelsen,
1376 2199 44 38 på
1438 2201 164 30 anmälan

91 2250 188 36 entledigas
304 2259 43 20 av
369 2250 112 29 rätten
504 2250 80 29 eller
609 2250 177 29 domaren.
832 2249 93 30 Intill
948 2250 76 29 dess
1046 2249 112 30 beslut
1181 2250 200 36 meddelats,
1405 2251 87 29 skall
1517 2251 86 36 gode

93 2309 152 20 mannen
265 2299 150 37 fullgöra
433 2299 57 30 sitt
510 2300 167 36 uppdrag.

138 2349 72 31 Mot
236 2350 128 30 rättens
390 2349 82 30 eller
497 2349 183 30 domarens
705 2349 111 30 beslut
843 2358 57 21 om
926 2347 244 37 förordnande,
1199 2358 73 21 som
1299 2349 10 30 i
1335 2350 109 29 andra
1472 2351 131 35 stycket

94 2400 109 30 andra
222 2399 156 37 punkten
399 2408 108 27 avses,
530 2399 97 36 skall,
654 2399 4 30 i
679 2398 164 31 händelse
865 2408 41 20 av
929 2397 175 37 missnöje,
1128 2398 147 31 särskild
1297 2399 96 30 talan
1414 2399 102 31 föras.

139 2450 73 30 Vad
233 2459 90 21 ovan
349 2451 38 28 är
410 2453 75 33 sagt
509 2459 56 20 om
590 2449 281 36 pensionstagare
894 2449 65 30 och
987 2449 170 30 anställda
1181 2449 62 30 hos
1268 2449 135 37 bolaget
1427 2450 98 38 skall,
1550 2449 51 32 så-

93 2500 62 31 vitt
177 2500 106 37 angår
305 2500 149 30 särskild
476 2498 316 38 pensionsstiftelse,
815 2499 89 37 gälla
928 2498 218 32 beträffande
1169 2498 129 32 sådana
1321 2500 281 37 pensionstagare

94 2551 64 30 och
182 2551 169 30 anställda
375 2559 73 22 som
473 2559 95 22 avses
591 2550 78 31 med
692 2549 175 32 stiftelsen.
