1878 2844
272 159 19 29 8
656 167 120 29 Första
802 168 238 35 lagutskottets
1068 169 173 31 utlåtande
1267 171 48 29 Nr
1337 172 49 30 61.

275 248 99 34 göras
396 247 53 30 för
469 248 227 38 registrering.
728 250 112 30 Innan
860 251 218 38 registrering
1098 253 98 36 skett,
1217 253 57 31 må
1295 254 224 32 överlåtelsen
1540 257 30 37 ej
1592 256 41 37 gå
1654 257 10 30 i
1685 259 96 29 verk-

275 297 180 37 ställighet.

982 387 39 30 13
1043 387 28 37 8.

319 447 14 30 I
355 449 166 30 avseende
542 448 21 31 å
584 450 147 31 särskild
754 452 307 37 pensionsstiftelse
1084 455 88 30 skall
1192 456 66 29 vad
1281 455 10 30 i
1312 457 107 30 8—12
1443 457 39 37 88
1507 458 37 29 är
1567 459 134 35 stadgat
1723 468 58 21 an-

273 496 132 37 gående
428 499 212 37 aktiebolags
664 501 177 32 allmänna
865 503 307 37 pensionsstiftelse
1196 507 62 35 äga
1283 508 244 30 motsvarande
1550 504 230 46 tillämpning,

274 547 102 31 såvitt
396 549 31 37 ej
449 553 106 27 annat
577 551 102 37 följer
701 561 40 21 av
763 554 66 29 vad
851 554 64 30 här
934 555 114 30 nedan
1071 555 216 32 föreskrives.

317 600 74 30 Vad
413 600 11 30 i
445 601 100 31 dessa
567 603 202 36 paragrafer
793 605 38 29 är
856 608 73 33 sagt
951 614 57 22 om
1033 606 281 37 pensionstagare
1337 609 65 29 och
1426 609 171 31 anställda
1622 613 89 28 samt
1734 610 46 31 ef-

271 651 196 30 terlevande
491 652 52 30 till
570 653 281 38 pensionstagare
878 656 64 29 och
970 657 171 30 anställda
1168 658 62 30 hos
1259 658 136 37 bolaget
1422 659 88 30 skall
1537 660 90 36 gälla
1655 660 125 31 beträf-

271 700 106 31 fande
392 702 282 38 pensionstagare
696 705 64 29 och
781 706 172 30 anställda
984 711 89 27 samt
1095 708 232 31 efterlevande
1346 710 50 30 till
1418 710 281 37 pensionstagare
1719 712 64 30 och

271 751 182 37 anställda,
473 762 74 21 som
566 763 98 21 avses
683 756 78 30 med
780 756 66 30 den
862 757 170 31 särskilda
1052 758 343 36 pensionsstiftelsen.

318 799 73 31 Hör
412 801 49 30 till
483 802 138 37 bolaget
642 803 107 37 jämte
773 806 149 30 särskild
944 808 308 36 pensionsstiftelse
1277 810 87 30 även
1387 811 130 30 allmän
1543 808 238 45 pensionsstif-

273 850 92 36 telse,
388 850 66 37 må,
477 861 57 21 om
557 853 56 30 för
633 855 152 37 bolagets
805 857 306 38 pensionsutgifter
1131 859 54 30 för
1206 860 78 30 dem
1306 870 74 21 som
1402 870 97 22 avses
1521 863 80 29 med
1623 863 66 30 den
1711 864 69 29 sär-

273 900 113 32 skilda
412 903 334 36 pensionsstiftelsen
771 907 194 39 avräkning
990 917 121 22 varom
1137 909 10 30 i
1172 911 20 29 8
1218 910 19 37 $
1263 910 109 31 första
1399 912 132 36 stycket
1557 912 164 31 förmäles
1747 912 31 38 ej

271 951 135 32 kunnat
428 953 50 31 till
503 954 88 31 fullo
617 955 60 31 ske
699 959 71 28 mot
793 957 77 31 dess
892 959 246 31 räntefordran
1161 961 63 30 hos
1249 961 146 38 bolaget,
1420 962 54 30 för
1499 961 196 32 återstoden
1722 973 56 21 av-

270 1003 150 38 räkning
440 1005 63 36 äga
523 1014 79 22 rum
623 1009 72 28 mot
716 1008 254 37 räntefordran,
992 1019 75 21 som
1086 1010 211 31 tillkommer
1317 1012 67 30 den
1403 1013 178 31 allmänna
1602 1014 176 37 pensions-

272 1053 178 32 stiftelsen.
499 1055 68 31 För
592 1057 67 30 vad
685 1066 74 22 som
784 1058 31 38 ej
842 1059 134 32 kunnat
1003 1060 147 32 sålunda
1177 1063 173 30 avräknas
1378 1062 66 37 må,
1471 1064 87 30 efter
1585 1065 67 29 vad
1678 1065 9 29 i
1714 1066 19 29 8
1760 1065 18 37 8

270 1105 112 31 andra
404 1106 65 30 och
494 1106 112 38 tredje
631 1109 165 36 styckena
820 1111 148 36 stadgas,
992 1111 88 31 först
1103 1112 60 30 ske
1187 1113 220 38 nedsättning
1430 1124 42 21 av
1496 1115 154 38 bolagets
1677 1116 102 30 skuld

269 1155 51 30 till
339 1156 66 30 den
422 1157 173 31 särskilda
613 1159 167 31 stiftelsen
796 1161 66 30 och
879 1162 217 38 utbetalning
1112 1172 41 21 ur
1172 1164 114 30 denna
1304 1164 161 31 stiftelses
1485 1166 111 30 medel
1616 1167 65 29 och
1701 1167 76 29 där-

269 1206 87 31 efter
378 1208 222 38 nedsättning
622 1219 42 21 av
687 1211 152 37 bolagets
863 1212 102 31 skuld
987 1213 50 30 till
1062 1214 67 29 den
1152 1215 177 30 allmänna
1353 1215 168 31 stiftelsen
1544 1217 66 29 och
1633 1217 144 30 utbetal-

268 1257 84 39 ning
368 1267 42 21 ur
428 1259 76 31 dess
524 1260 123 30 medel.

314 1309 73 31 Har
407 1310 110 36 bolag,
542 1311 52 30 till
616 1311 104 31 vilket
741 1313 64 30 hör
826 1313 147 31 särskild
995 1314 319 37 pensionsstiftelse,
1336 1317 81 30 trätt
1440 1317 9 30 i
1472 1317 205 31 likvidation
1699 1319 81 31 eller

267 1358 139 33 försatts
435 1360 4 30 i
463 1361 157 30 konkurs
644 1363 67 29 och
737 1363 232 36 uppkommer
993 1364 85 31 efter
1102 1364 191 38 tilldelning
1317 1367 66 30 och
1407 1367 225 38 utbetalning,
1658 1377 120 22 varom

267 1410 10 30 i
310 1411 20 29 9
361 1410 19 38 8
412 1411 109 31 andra
551 1413 66 29 och
649 1413 107 37 tredje
789 1414 164 36 styckena
985 1418 89 27 samt
1109 1416 38 29 10
1181 1416 18 37 8
1231 1416 109 37 tredje
1368 1418 67 29 och
1467 1417 114 38 fjärde
1613 1419 164 36 styckena

267 1459 174 38 förmäles,
469 1463 187 36 överskott,
684 1463 86 30 skall
799 1464 107 30 därav
932 1464 194 38 tilldelning
1153 1467 59 30 ske
1238 1466 86 31 efter
1353 1467 41 31 de
1419 1469 160 36 grunder,
1609 1478 74 21 som
1712 1470 65 30 fin-

266 1520 63 21 nas
357 1512 163 36 stadgade
547 1512 11 30 i
584 1513 98 31 dessa
708 1515 145 35 lagrum,
879 1515 50 30 till
955 1516 109 30 andra
1089 1516 282 38 pensionstagare
1396 1520 65 29 och
1490 1520 173 30 anställda
1689 1523 88 27 samt

266 1560 230 33 efterlevande
518 1562 52 31 till
593 1564 110 30 andra
724 1564 281 38 pensionstagare
1027 1567 65 30 och
1116 1568 170 30 anställda
1309 1568 63 31 hos
1397 1569 136 37 bolaget
1555 1571 46 30 än
1624 1579 75 21 som
1721 1580 55 21 av-

266 1620 53 21 ses
346 1613 79 30 med
452 1613 65 31 den
545 1614 170 31 särskilda
739 1615 343 36 pensionsstiftelsen.
1133 1617 66 31 Om
1227 1620 208 31 överskottet
1463 1620 122 31 därvid
1609 1621 32 37 ej
1669 1619 107 38 åtgår,

267 1662 88 31 skall
387 1662 194 32 återstoden
614 1665 135 31 tillfalla
780 1667 148 30 svenska
960 1667 257 38 aktiebolagens
1247 1669 178 36 pensions-
1457 1671 66 29 och
1555 1671 221 31 understöds-

266 1711 95 33 fond.
411 1714 13 29 I
449 1713 153 38 bolagets
627 1715 154 31 konkurs
806 1716 89 30 skall
920 1717 219 32 beträffande
1163 1719 156 36 yrkande
1344 1729 57 21 om
1426 1722 67 29 rätt
1517 1720 54 32 för
1597 1722 76 36 den,
1702 1730 74 22 som

265 1771 98 23 avses
384 1765 79 30 med
484 1764 66 31 den
573 1766 169 31 särskilda
765 1766 343 39 pensionsstiftelsen,
1129 1769 51 30 till
1200 1770 176 37 betalning
1396 1780 41 21 ur
1459 1772 113 30 denna
1594 1772 11 30 i
1625 1772 150 37 tillämp-

264 1813 68 37 liga
354 1814 94 31 delar
468 1815 91 36 gälla
580 1817 68 30 vad
667 1826 57 21 om
747 1816 400 39 förmånsrättsyrkande
1169 1821 37 30 är
1230 1821 135 36 stadgat
1385 1821 12 30 i
1418 1821 267 38 konkurslagen.

311 1863 73 32 Hör
406 1865 51 30 till
479 1865 112 38 bolag,
616 1876 74 21 som
715 1868 82 30 trätt
819 1868 10 30 i
855 1868 204 32 likvidation
1081 1870 81 31 eller
1185 1870 139 31 försatts
1350 1871 10 30 i
1384 1872 166 36 konkurs,
1574 1872 107 38 jämte
1706 1874 70 29 sär-

263 1914 91 31 skild
373 1916 308 35 pensionsstiftelse
698 1918 130 31 allmän
846 1920 318 37 pensionsstiftelse,
1184 1921 68 37 må,
1271 1932 58 20 om
1347 1923 59 30 vid
1423 1924 204 37 avräkning,
1647 1925 130 36 avdrag

262 1965 82 30 eller
364 1966 226 37 utbetalning,
610 1977 120 21 varom
749 1969 10 30 i
778 1970 20 29 9
819 1970 18 37 8
856 1969 109 32 första
987 1972 132 36 stycket
1140 1973 65 29 och
1221 1973 39 30 10
1275 1973 18 37 8
1308 1974 110 30 andra
1432 1974 133 36 stycket
1578 1976 39 29 är
1630 1972 146 44 stadgat,

265 2016 171 30 avseende
460 2016 66 31 den
554 2018 171 31 särskilda
750 2020 344 37 pensionsstiftelsen,
1120 2022 76 31 dess
1221 2023 111 30 medel
1359 2023 31 37 ej
1416 2025 116 35 räcka,
1558 2025 136 36 bolaget
1720 2025 55 30 för

263 2065 196 33 återstoden
477 2066 95 32 hålla
591 2069 50 37 sig
661 2069 50 30 till
730 2070 66 31 den
815 2071 177 31 allmänna
1012 2072 343 37 pensionsstiftelsen.
1398 2074 153 31 Lämnar
1572 2075 202 38 behållning

263 2117 65 31 hos
350 2118 66 30 den
438 2119 172 31 särskilda
631 2121 331 36 pensionsstiftelsen
982 2123 31 37 ej
1035 2123 142 39 tillgång
1197 2125 51 29 till
1267 2125 202 37 tilldelning,
1492 2135 121 22 varom
1635 2127 138 36 stadgas

264 2168 10 29 i
291 2169 20 29 9
328 2169 19 37 $
366 2170 109 30 andra
493 2171 65 30 och
576 2171 111 36 tredje
706 2173 164 35 styckena
887 2177 89 27 samt
996 2175 39 29 10
1054 2175 18 37 8
1091 2175 110 36 tredje
1219 2176 65 29 och
1304 2176 115 37 fjärde
1438 2178 175 35 styckena,
1633 2178 50 30 till
1698 2178 79 30 dem

262 2228 75 22 som
361 2228 96 23 avses
480 2222 80 30 med
583 2222 112 31 denna
720 2222 151 38 stiftelse,
893 2224 98 38 njute
1014 2225 41 31 de
1077 2226 58 29 vid
1158 2225 195 38 fördelning
1376 2236 41 21 av
1441 2227 245 37 behållningen
1709 2228 64 29 hos

261 2269 67 31 den
353 2270 177 32 allmänna
554 2272 332 36 pensionsstiftelsen
912 2283 134 23 samma
1072 2277 68 29 rätt
1167 2285 73 22 som
1266 2277 109 31 andra
1399 2278 283 37 pensionstagare
1706 2279 65 30 och

261 2321 172 30 anställda
457 2325 90 28 samt
571 2322 232 33 efterlevande
825 2325 51 30 till
902 2326 109 30 andra
1033 2326 281 38 pensionstagare
1338 2328 65 30 och
1429 2328 171 31 anställda
1624 2330 63 30 hos
1712 2329 59 30 bo-

260 2370 99 37 laget.
391 2370 126 32 Finnes
537 2372 11 30 i
569 2373 72 36 fall,
664 2372 44 32 då
728 2375 344 36 pensionsutfästelse
1092 2386 97 21 avser
1210 2378 106 36 högre
1337 2379 126 37 belopp
1485 2380 45 29 än
1549 2379 10 30 i
1579 2380 21 30 9
1623 2380 18 37 8
1661 2378 110 37 tredje

260 2422 133 36 stycket
414 2422 107 32 första
543 2424 158 36 punkten
720 2426 86 36 sägs,
827 2425 85 32 efter
932 2426 202 37 tilldelning,
1155 2436 118 22 varom
1294 2429 10 29 i
1325 2438 134 22 samma
1479 2430 166 36 paragraf
1662 2430 108 29 andra

258 2472 67 30 och
348 2472 109 38 tredje
479 2474 165 36 styckena
669 2479 88 26 samt
782 2477 38 29 10
843 2476 18 37 8
884 2476 110 37 tredje
1014 2479 65 29 och
1103 2477 112 38 fjärde
1237 2480 165 35 styckena
1424 2478 173 38 förmäles,
1622 2480 31 36 ej
1675 2481 94 29 över-
