1870 2780
287 150 42 30 62
635 155 286 34 Statsutskottets
946 160 179 31 utlåtande
1146 171 45 20 nr
1215 164 37 29 11
1276 164 40 30 år
1341 165 81 30 1961

596 234 106 35 holm,
725 245 73 20 som
820 237 160 39 påkallas
1000 249 43 20 av
1062 241 66 30 vad
1149 242 386 40 departementschefen
1555 248 11 29 i
1588 250 185 31 statsråds-

595 288 210 38 protokollet
826 291 81 30 över
927 292 288 33 inrikesärenden
1235 296 54 30 för
1309 298 67 30 den
1397 299 19 29 3
1435 299 141 39 januari
1600 302 79 30 1961
1703 303 69 30 för-

595 341 114 36 ordat;

637 399 38 34 b)
704 400 187 39 godkänna
916 403 156 40 följande
1096 406 253 41 avlöningsstat
1374 409 56 31 för
1453 411 320 34 barnmorskeläro-

593 453 174 30 anstalten
793 454 11 29 i
832 455 213 37 Stockholm,
1072 460 51 28 att
1149 460 177 40 tillämpas
1353 463 72 30 tills
1451 464 119 31 vidare
1597 465 42 31 fr.
1667 476 29 21 o.
1723 476 46 21 m.

590 505 204 40 budgetåret
815 508 158 35 1961/62:
1639 536 2 2 ;

1048 565 264 40 Avlöningsstat

593 616 27 29 1.
657 617 213 41 Avlöningar
894 620 52 30 till
971 622 175 31 ordinarie
1170 624 226 39 tjänstemän,
1421 627 165 41 förslags-

657 670 50 30 DIS
720 666 35 54 fi
777 697 26 4 nd
845 698 114 6 reor
978 700 47 5 ers
1064 702 72 4 rörd
1155 703 91 5 räder
1265 705 69 4 dmar
1355 706 69 4 ekar
1442 707 26 4 vr
1486 708 91 4 TLA
1634 684 40 30 66
1688 685 64 31 000

590 722 29 30 2.
656 724 160 31 Arvoden
841 727 54 29 till
921 727 206 33 biträdande
1153 731 195 32 överlärare
1374 734 66 30 och
1465 735 120 31 tillfäl-

655 776 69 40 liga
739 778 123 35 lärare,
879 779 204 41 förslagsvis
1108 772 201 55 =s.sssssoss
1328 812 246 7 ss
1630 790 41 31 38
1685 791 63 31 000

587 828 30 31 3.
654 830 213 42 Avlöningar
886 834 53 30 till
959 835 95 40 övrig
1072 836 269 34 icke-ordinarie
1360 843 163 37 personal
1551 869 25 3 ..
1631 844 118 31 28000

587 882 30 30 4.
654 883 133 41 Rörligt
807 886 131 41 tillägg,
960 887 204 41 förslagsvis
1194 917 225 7 —s.ssososos
1452 920 121 5 0...
1629 897 40 30 27
1684 898 63 30 000

587 936 30 29 3.
654 937 275 41 Kompensation
958 941 55 30 för
1040 942 109 40 höjda
1178 940 402 52 folkpensionsavgifter,

651 989 203 42 fÖrSlägSViS
885 1020 688 12 mosssreeseraresrrs
1280 985 78 56 rese
1368 985 105 56 reses
1480 985 11 56 s
1501 985 74 56 lll
1650 1004 19 30 2
1683 1004 62 31 000

1283 1070 146 31 Summa
1452 1072 130 31 kronor
1609 1074 58 30 161
1684 1075 79 36 000;

628 1122 35 34 c)
692 1123 52 30 till
765 1124 489 37 Barnmorskeläroanstalten
1277 1132 12 29 i
1308 1132 221 32 Stockholm:
1551 1136 214 41 Avlöningar

584 1175 56 30 för
660 1176 205 41 budgetåret
888 1180 141 34 1961/62
1051 1183 122 31 anvisa
1195 1186 47 29 ett
1265 1185 273 43 förslagsanslag
1560 1198 42 22 av
1625 1190 58 30 161
1700 1191 63 31 000

585 1228 140 31 kronor.

317 1329 98 35 85:0)
441 1331 480 37 Barnmorskeläroanstalten
939 1340 12 29 i
968 1341 214 32 Stockholm:
1204 1344 264 33 Omkostnader.
1487 1348 13 29 I
1518 1349 150 38 enlighet
1685 1351 77 30 med

275 1382 126 41 Kungl.
419 1385 126 40 Maj:ts
561 1386 131 42 förslag
715 1389 130 40 (punkt
863 1392 53 34 98,
936 1402 25 20 s.
981 1394 63 30 279
1061 1395 65 30 och
1145 1396 95 35 280),
1259 1398 107 31 vilket
1383 1399 146 31 innebär
1547 1411 44 20 en
1607 1404 152 38 uppräk-

275 1435 82 40 ning
375 1446 43 21 av
435 1439 155 39 anslaget
606 1443 80 30 med
705 1443 93 30 1000
815 1444 142 36 kronor,
974 1447 203 31 hemställer
1194 1447 180 47 utskottet,

626 1497 51 27 att
705 1496 187 40 riksdagen
919 1500 57 29 må
1004 1500 52 30 till
1083 1502 489 36 Barnmorskeläroanstalten
1601 1509 12 29 i
1638 1509 120 31 Stock-

580 1546 113 32 holm:
719 1549 259 34 Omkostnader
999 1553 56 30 för
1077 1555 205 40 budgetåret
1307 1558 142 34 1961/62
1474 1561 120 30 anvisa
1616 1564 49 28 ett
1687 1563 70 30 för-

582 1600 214 42 slagsanslag
815 1613 43 20 av
878 1605 63 30 169
954 1606 63 30 000
1036 1607 141 31 kronor.

312 1701 98 35 86:0)
436 1703 480 38 Barnmorskeläroanstalten
938 1713 11 29 i
970 1713 185 38 Göteborg:
1180 1716 222 37 Avlöningar.
1425 1719 123 39 Kungl.
1570 1722 103 36 Maj:t
1694 1723 64 30 har

274 1754 132 39 (punkt
434 1757 51 35 99,
514 1767 26 21 s.
568 1759 191 37 280—282)
791 1763 180 41 föreslagit
998 1767 188 40 riksdagen
1213 1771 51 29 att
1291 1771 74 30 dels
1392 1772 209 42 bemyndiga
1628 1775 125 41 Kungl.

268 1808 107 39 Maj:t
392 1812 51 28 att
460 1811 137 41 vidtaga
616 1814 41 30 de
676 1816 190 40 ändringar
882 1819 12 28 i
911 1821 431 42 personalförteckningen
1361 1825 56 30 för
1434 1826 320 33 barnmorskeläro-

268 1862 177 31 anstalten
461 1864 11 30 i
488 1864 179 42 Göteborg,
685 1878 73 20 som
775 1870 161 39 påkallas
952 1882 42 20 av
1009 1874 66 29 vad
1092 1875 385 39 departementschefen
1495 1879 166 37 förordat,
1679 1882 73 31 dels

267 1916 188 38 godkänna
479 1928 43 21 av
546 1920 387 40 departementschefen
959 1926 165 32 förordad
1150 1929 253 40 avlöningsstat
1429 1932 55 30 för
1509 1933 244 33 barnmorske-

266 1969 252 33 läroanstalten
532 1973 11 29 i
557 1973 179 42 Göteborg,
752 1978 50 28 att
816 1977 178 41 tillämpas
1008 1980 72 30 tills
1093 1981 119 31 vidare
1227 1982 42 30 fr.
1281 1992 30 21 o.
1323 1993 46 20 m.
1381 1985 205 40 budgetåret
1599 1988 151 35 1961/62,

265 2022 74 31 dels
364 2025 66 29 ock
455 2025 52 30 till
533 2026 489 36 Barnmorskeläroanstalten
1047 2033 10 29 i
1083 2034 185 41 Göteborg:
1297 2037 213 41 Avlöningar
1536 2040 55 30 för
1617 2050 133 22 samma

264 2075 171 41 budgetår
453 2079 120 30 anvisa
590 2082 49 28 ett
657 2081 273 43 förslagsanslag
949 2094 42 21 av
1012 2086 60 30 168
1087 2087 62 30 000
1168 2088 141 31 kronor.

308 2156 167 41 Anslaget
492 2159 38 29 är
546 2160 11 29 i
574 2161 159 38 gällande
751 2163 146 31 riksstat
915 2166 143 39 uppfört
1075 2168 79 29 med
1176 2168 57 30 141
1250 2169 62 31 000
1331 2171 141 30 kronor.

307 2209 393 40 Departementschefen
718 2215 171 37 förordar,
908 2220 51 28 att
976 2220 86 29 även
1080 2221 112 30 under
1210 2223 99 30 nästa
1326 2224 171 40 budgetår
1513 2228 175 30 anordnas
1705 2238 43 21 en

262 2263 97 29 extra
379 2263 328 34 barnmorskekurs.

304 2316 119 31 Under
440 2318 211 42 hänvisning
669 2322 52 29 till
739 2324 66 29 vad
823 2325 126 30 chefen
968 2326 55 29 för
1040 2327 358 41 civildepartementet
1418 2332 117 31 anfört
1553 2334 57 30 vid
1629 2337 119 29 anmä-

261 2367 59 30 lan
341 2378 43 21 av
403 2369 56 31 för
480 2371 86 31 flera
586 2373 218 32 huvudtitlar
824 2384 260 31 gemensamma
1106 2380 119 40 frågor
1245 2382 156 36 föreslås,
1424 2387 50 28 att
1495 2386 155 39 tjänsten
1672 2397 73 21 som

261 2420 241 34 föreståndare
520 2425 12 30 i
549 2426 50 29 Ao
616 2426 38 30 17
675 2428 194 40 uppflyttas
887 2431 53 29 till
959 2431 49 31 Ao
1025 2433 39 29 19
1083 2436 91 28 samt
1192 2437 50 28 att
1260 2438 51 27 tre
1330 2436 150 39 tjänster
1499 2448 74 21 som
1591 2440 155 31 instruk-

260 2474 325 34 tionsbarnmorska
612 2480 12 29 i
651 2480 50 30 Ao
727 2481 82 30 eller
837 2483 51 39 Ag
904 2484 107 35 12/14,
1039 2495 106 21 varav
1170 2497 43 20 en
1239 2489 79 30 med
1345 2486 398 52 halvtidstjänstgöring,

260 2528 197 40 uppflyttas
473 2531 52 29 till
543 2531 50 31 Ao
610 2541 90 32 resp.
718 2534 50 40 Ag
784 2535 107 34 14/16.
