2212 2688
446 161 18 31 2
911 156 243 33 Statsutskottets
1175 154 170 33 Memorial
1367 153 63 32 N:o
1452 154 53 31 95.

403 257 164 38 tenkraft
608 258 11 35 i
661 255 94 39 Göta
794 255 53 37 elf
887 255 61 37 vid
989 254 243 44 Trollhättan,
1275 253 85 36 ville
1397 252 12 35 i
1447 250 192 37 skrifvelse
1667 251 57 35 till
1750 249 131 49 Kongl.
1911 248 103 48 Maj:t

404 311 155 44 anhålla,
602 309 62 36 det
704 308 135 48 Kongl.
880 307 105 47 Maj:t
1022 307 141 36 täcktes
1204 306 74 35 låta
1309 303 219 37 föranstalta
1555 316 60 24 om
1642 301 159 50 förnyad
1830 301 68 36 och
1926 300 88 37 full-

404 362 149 48 ständig
595 361 203 46 utredning
838 358 155 38 rörande
1034 356 318 50 tillgodogörande
1392 355 40 36 af
1469 354 279 50 ifrågavarande
1788 352 227 37 vattenkraft

404 419 96 32 samt
540 413 59 36 till
639 412 210 48 Riksdagen
888 411 189 36 inkomma
1117 409 82 36 med
1238 408 44 36 de
1321 407 149 49 förslag,
1499 406 151 37 hvartill
1677 405 112 37 sådan
1819 405 199 47 utredning

404 465 123 36 kunde
555 463 102 49 gifva
683 464 210 47 anledning.

539 514 121 38 Sedan
686 515 276 35 statsutskottet
987 514 10 33 i
1028 511 207 36 utlåtandet
1261 523 60 23 n:o
1350 511 46 34 92
1420 509 192 48 föreslagit

541 564 35 48 a)
609 572 53 31 att
694 566 211 48 Riksdagen
935 565 13 35 i
980 563 199 49 anledning
1206 561 41 38 af
1271 561 132 49 Kongl.
1432 560 123 48 Maj:ts
1583 558 238 38 förenämnda
1848 558 167 49 proposi-

405 620 78 35 tion
512 622 126 40 måtte,
654 618 84 35 med
765 617 116 46 afslag
909 620 20 32 å
956 616 84 35 herr
1066 616 110 35 Molls
1204 627 47 22 m.
1280 614 36 35 fl.
1346 611 267 38 ofvanberörda
1640 611 150 43 motion,
1816 609 197 48 medgifva,

406 676 56 31 att
499 673 20 33 å
557 670 158 35 kronans
747 676 140 39 vägnar
920 666 91 37 aftal
1044 669 113 33 måtte
1186 665 83 36 med
1297 664 251 36 Trollhättans
1576 662 197 36 elektriska
1800 660 215 37 kraftaktie-

405 722 109 45 bolag
551 720 127 35 träffas
719 719 188 48 angående
944 716 319 48 tillgodogörande
1304 715 38 36 af
1385 716 139 34 kronan
1556 714 167 46 tillhörig
1753 712 261 36 vattenkraft
1995 708 21 63 i

406 770 94 39 Göta
540 770 53 37 elf
629 770 63 36 vid
731 770 234 36 Trollhättan
1004 770 12 34 i
1056 767 163 49 enlighet
1252 766 84 36 med
1367 766 45 36 de
1444 766 12 35 i
1484 763 401 49 statsrådsprotokollet
1911 762 105 36 öfver

401 822 364 48 jordbruksärenden
793 821 72 36 den
893 822 45 35 26
968 832 96 23 mars
1095 820 94 35 1902
1219 817 150 48 angifna
1396 815 310 49 hufvudgrunder
1734 814 67 36 och
1829 814 115 36 under
1972 814 43 35 de

406 875 119 35 vilkor
551 874 14 35 i
592 873 124 48 öfrigt,
746 872 132 48 Kongl.
907 871 104 47 Maj:t
1039 874 112 32 måtte
1178 870 214 43 bestämma,
1421 868 93 36 dock
1538 866 82 36 med
1648 865 237 49 iakttagande
1912 865 39 36 af
1971 865 44 35 de

407 924 86 38 utaf
530 925 182 36 utskottet
751 924 13 35 i
802 922 207 37 utlåtandet
1048 920 151 50 angifna
1229 920 164 50 grunder
1425 919 66 37 och
1523 917 132 50 gjorda
1689 917 207 47 erinringar
1922 917 13 35 i
1963 915 52 37 af-

406 976 131 37 seende
566 980 20 32 å
613 976 101 36 detta
742 974 111 37 aftals
880 973 195 49 ingående;

540 1026 40 44 b)
608 1033 54 30 att
689 1027 84 36 herr
801 1025 233 47 Lindhagens
1061 1023 238 38 förenämnda
1326 1023 138 35 motion
1492 1024 112 33 måtte
1632 1033 105 23 anses
1763 1032 133 36 genom
1921 1018 96 36 hvad

406 1080 12 35 i
448 1092 109 23 mom.
588 1076 35 47 a)
652 1077 209 49 föreslagits
889 1090 86 22 vara
1003 1075 193 44 besvarad;
1225 1080 95 30 samt

541 1128 34 47 c)
617 1135 53 30 att
712 1128 206 47 Riksdagen
952 1130 113 33 måtte
1098 1125 198 47 medgifva,
1321 1130 56 30 att
1405 1128 20 32 å
1452 1125 158 34 kronans
1638 1129 139 42 vägnar
1801 1121 89 36 aftal
1919 1122 98 48 finge

406 1182 85 35 med
518 1181 218 48 ingeniören
763 1180 111 35 Ernst
901 1178 211 48 Stridsberg
1130 1177 128 36 träffas
1278 1175 189 48 angående
1485 1173 318 48 tillgodogörande
1822 1172 40 36 af
1877 1174 137 35 kronan

406 1232 169 46 tillhörig
608 1229 230 38 vattenkraft
869 1230 14 35 i
910 1228 95 38 Göta
1032 1228 54 36 elf
1110 1228 62 36 vid
1201 1227 230 36 Trollhättan
1458 1227 13 34 i
1494 1225 164 48 enlighet
1685 1224 84 36 med
1798 1224 44 35 de
1869 1224 13 34 i
1910 1229 107 30 stats-

407 1283 309 48 rådsprotokollet
744 1281 102 36 öfver
870 1279 368 50 jordbruksärenden
1268 1278 72 36 den
1369 1279 44 35 26
1442 1289 96 23 mars
1569 1277 94 35 1902
1689 1274 151 47 angifna
1859 1273 159 37 hufvud-

407 1334 167 48 grunder
601 1333 68 36 och
696 1332 120 36 under
845 1332 45 35 de
917 1332 121 35 vilkor
1064 1331 13 35 i
1106 1330 126 48 öfrigt,
1257 1329 132 48 Kongl.
1418 1328 104 47 Maj:t
1549 1330 114 32 måtte
1691 1326 214 44 bestämma,
1926 1325 90 36 dock

407 1391 55 30 att
489 1384 101 36 tiden
617 1383 60 37 för
706 1383 147 36 aftalets
880 1382 171 47 gällande
1078 1382 80 35 icke
1184 1381 98 48 finge
1309 1380 201 47 öfverstiga
1537 1380 47 34 40
1612 1381 55 40 år;

407 1437 67 34 har
501 1436 126 35 Första
654 1434 221 36 Kammaren
903 1433 137 36 bifallit
1068 1433 200 35 utskottets
1296 1430 228 44 hemställan,
1553 1430 192 35 hvaremot
1763 1427 127 36 Andra
1909 1426 108 36 Kam-

407 1500 126 22 maren
561 1486 173 44 beslutat,

542 1534 36 48 a)
606 1542 55 31 att
688 1536 132 48 Kongl.
849 1535 123 48 Maj:ts
1000 1533 241 37 förenämnda
1268 1532 274 46 framställning
1569 1532 12 34 i
1607 1531 94 35 hvad
1726 1530 70 35 den
1820 1528 124 49 afsåge
1964 1527 54 37 öf-

407 1588 332 36 verenskommelse
766 1587 134 35 mellan
933 1587 140 34 kronan
1100 1585 67 35 och
1194 1584 250 36 Trollhättans
1471 1582 198 36 elektriska
1696 1580 320 47 kraftaktiebolag,

407 1639 189 47 angående
631 1636 320 51 tillgodogörande
991 1635 41 37 af
1063 1636 74 36 viss
1177 1633 226 38 vattenkraft
1441 1634 14 35 i
1486 1632 95 38 Göta
1608 1631 54 37 elf
1685 1631 62 37 vid
1774 1631 242 41 Trollhättan,

407 1691 79 35 icke
527 1692 115 34 måtte
682 1689 112 36 vinna
833 1688 227 49 Riksdagens
1101 1686 105 36 bifall
1246 1691 96 31 samt
1373 1690 55 30 att
1455 1684 212 48 Riksdagen
1694 1683 64 36 vid
1785 1682 170 36 anmälan
1981 1680 40 36 af

408 1741 103 36 detta
542 1741 122 35 beslut
696 1743 124 40 måtte,
848 1740 13 34 i
888 1739 165 47 enlighet
1080 1738 84 36 med
1191 1737 96 36 hvad
1313 1738 13 34 i
1354 1737 85 35 herr
1467 1735 106 36 Molls
1602 1748 47 21 m.
1678 1734 36 35 fl.
1744 1733 110 36 ofvan
1882 1732 137 36 omför-

409 1792 121 35 mälda
561 1792 138 35 motion
728 1790 221 48 föreslagits,
979 1790 154 42 anhålla,
1162 1794 53 30 att
1243 1787 130 47 Kongl.
1403 1786 106 48 Maj:t
1536 1786 139 36 täcktes
1702 1786 73 35 låta
1802 1783 217 37 föranstalta

409 1856 59 23 om
508 1842 159 49 förnyad
707 1841 67 36 och
806 1840 222 49 fullständig
1065 1839 200 48 utredning
1291 1839 14 35 i
1332 1836 240 38 förevarande
1600 1843 105 29 ämne
1733 1835 66 36 och
1827 1835 59 35 till
1913 1834 107 36 Riks-

409 1894 119 48 dagen
546 1894 187 35 inkomma
751 1892 84 36 med
855 1892 61 36 det
934 1891 148 48 förslag,
1103 1890 150 36 hvartill
1272 1903 44 22 en
1336 1889 111 36 sådan
1469 1888 200 46 utredning
1682 1886 110 47 gåfve
1807 1885 210 48 anledning;

543 1942 39 47 b)
611 1948 56 31 att
693 1944 85 35 herr
805 1943 232 48 Lindhagens
1064 1940 241 37 förenämnda
1332 1940 140 36 motion
1499 1942 114 32 måtte
1640 1950 103 24 anses
1771 1949 133 36 genom
1923 1936 96 36 hvad

407 1996 14 34 i
449 2009 109 22 mom.
587 1992 35 48 a)
652 1993 207 49 föreslagits
885 2006 87 23 vara
999 1992 192 43 besvarad;
1221 1997 94 30 samt

544 2043 34 47 c)
619 2050 56 31 att
714 2044 210 49 Riksdagen
955 2047 113 32 måtte
1096 2042 198 48 medgifva,
1322 2047 54 30 att
1403 2044 20 32 å
1451 2041 159 35 kronans
1638 2046 139 40 vägnar
1803 2038 91 36 aftal
1920 2038 98 47 finge

410 2097 83 36 med
519 2097 216 48 ingeniören
762 2096 110 35 Ernst
900 2094 212 49 Stridsberg
1138 2092 128 37 träffas
1286 2092 188 49 angående
1489 2089 320 49 tillgodogörande
1829 2088 40 36 af
1879 2089 139 35 kronan

408 2148 167 48 tillhörig
602 2145 229 38 vattenkraft
858 2147 13 34 i
897 2145 93 37 Göta
1018 2144 52 37 elf
1092 2145 64 35 vid
1179 2144 232 36 Trollhättan
1429 2143 11 35 i
1461 2142 160 46 enlighet
1637 2141 83 35 med
1735 2140 44 36 de
1793 2140 12 35 i
1820 2139 197 36 statsråds-

409 2198 222 49 protokollet
658 2197 104 37 öfver
784 2195 363 49 jordbruksärenden
1175 2195 72 36 den
1276 2196 44 35 26
1350 2206 95 23 mars
1476 2194 94 34 1902
1591 2190 151 50 angifna
1760 2190 258 46 hufvudgrun-

410 2250 66 35 der
516 2249 67 36 och
616 2249 116 35 under
763 2248 44 35 de
836 2248 119 35 vilkor
981 2248 9 34 i
1021 2246 124 48 öfrigt,
1174 2245 132 48 Kongl.
1334 2245 104 46 Maj:t
1465 2247 112 32 måtte
1605 2243 211 43 bestämma,
1846 2241 91 35 dock
1964 2245 54 30 att

410 2300 101 35 tiden
540 2299 58 36 för
625 2298 147 37 aftalets
799 2298 169 47 gällande
995 2298 79 36 icke
1101 2298 97 45 finge
1226 2296 204 47 öfverstiga
1458 2296 46 35 20
1532 2297 49 33 år.
