2228 2622
748 210 232 31 Statsutskottets
1002 209 159 31 Memorial
1183 209 64 31 N:o
1270 210 75 29 222.
1802 206 37 30 11

345 291 72 36 dels
468 291 207 45 1,450,000
709 289 137 36 kronor
879 289 55 35 för
962 289 218 48 utläggning
1208 286 39 38 af
1272 287 207 50 ytterligare
1508 289 53 34 ett
1588 287 254 48 järnvägsspår

237 344 132 37 mellan
397 344 224 36 Tomteboda
650 344 66 35 och
744 341 124 37 Järfva
894 343 340 47 järnvägsstationer
1262 354 48 23 m.
1340 354 59 31 m.,

344 398 72 36 dels
457 398 169 43 200,000
669 397 132 35 kronor
841 396 56 35 för
924 396 112 47 inköp
1065 396 38 35 af
1131 395 181 44 områden,
1342 406 77 24 som
1447 394 123 35 kunna
1590 393 175 36 erfordras
1780 390 59 37 för

238 449 185 38 blifvande
466 449 457 48 dubbelbananordningar
951 448 21 36 å
1000 449 155 47 linjerna
1156 445 683 53 Falköping—
1446 441 180 61 Ranten—
1637 441 206 61 Olskroken

238 504 67 36 och
333 502 508 49 Norrköping—Linköping.

343 557 72 35 dels
459 556 170 44 250,000
673 556 132 34 kronor
845 554 55 35 för
941 554 225 48 anläggning
1213 553 36 36 af
1280 566 43 23 en
1358 550 486 50 reparationsverkstad
1775 546 72 60 vid

237 609 202 44 Notviken,

346 663 71 35 dels
440 662 168 44 130,000
638 661 133 35 kronor
795 661 60 50 för
884 658 218 49 utvidgning
1121 659 37 36 af
1176 658 334 49 inseglingsrännan
1531 657 61 36 till
1611 657 230 48 Trelleborgs

238 717 122 43 hamn,

346 770 71 35 dels
440 768 116 36 under
584 769 40 34 år
658 768 97 37 1909
791 767 204 45 1,000,000
1025 763 229 39 kronor”och
1283 764 114 37 under
1425 766 38 34 år
1497 765 99 36 1910
1628 764 209 45 3,000,000

239 822 137 37 kronor
402 821 57 37 för
486 822 224 47 anläggning
738 819 40 37 af
803 833 49 36 ny
867 818 115 38 farled
1010 820 135 35 mellan
1173 819 229 47 Vänersborg
1431 817 67 37 och
1527 817 199 48 Göteborg,

346 876 72 36 dels
432 876 204 44 1,500,000
652 875 134 35 kronor
805 872 56 36 för
876 874 223 47 anläggning
1113 873 37 35 af
1169 872 201 45 ledningar,
1391 869 146 38 afsedda
1556 873 54 34 att
1630 870 212 37 distribuera

238 929 171 37 elektrisk
438 929 124 47 energi
589 926 80 37 från
693 929 135 34 statens
855 926 267 36 kraftstationer
1149 925 61 36 vid
1239 925 241 43 Trollhättan,
1509 937 49 22 m.
1588 936 64 32 m.,

346 983 72 35 dels
446 982 31 47 ej
508 981 139 35 mindre
676 980 44 36 de
749 980 125 44 medel,
895 991 79 24 som
993 977 178 37 erfordras
1185 979 57 35 till
1261 978 176 48 gäldande
1453 978 37 35 af
1504 977 174 44 likviden,
1698 977 143 44 530,300

240 1036 142 45 kronor,
418 1037 94 34 samt
545 1034 238 36 kostnaderna
812 1034 55 34 för
895 1033 72 47 köp
997 1031 40 36 af
1062 1033 93 36 vissa
1183 1032 212 47 fastigheter
1422 1031 12 35 i
1462 1031 171 35 närheten
1662 1028 40 37 af
1728 1029 114 36 Troll-

238 1090 138 44 hättan,
406 1093 46 32 än
493 1089 107 36 äfven
628 1090 53 34 ett
710 1087 134 49 belopp
878 1087 39 35 af
944 1086 108 48 högst
1082 1086 169 44 500,000
1282 1085 135 35 kronor
1445 1082 56 38 för
1528 1084 110 48 inköp
1667 1081 40 38 af
1732 1083 109 35 andra

239 1141 225 49 fastigheter,
494 1155 76 23 som
599 1141 123 36 kunna
741 1140 180 37 erfordras
940 1141 55 35 för
1011 1142 134 34 statens
1164 1139 207 36 nuvarande
1390 1138 85 36 eller
1494 1137 183 37 blifvande
1696 1137 146 48 anlägg-

239 1196 134 49 ningar
399 1196 62 37 vid
480 1195 233 36 Trollhättan
741 1207 48 23 m.
818 1207 62 32 m.,

346 1250 72 36 dels
449 1250 207 44 1,500,000
685 1248 142 44 kronor,
857 1248 55 35 för
934 1246 38 36 år
1005 1248 101 36 1910
1136 1246 180 47 beviljade
1340 1244 120 37 medel
1491 1243 38 37 af
1561 1245 98 36 1906
1680 1245 56 35 års
1755 1243 89 36 fond

238 1303 61 36 till
327 1301 280 38 låneunderstöd
633 1300 59 38 för
720 1301 162 36 enskilda
906 1300 442 50 järnvägsanläggningar,

349 1357 71 36 dels
462 1358 61 34 ock
563 1355 44 36 de
646 1355 127 45 medel,
822 1366 79 24 som
945 1353 180 37 erfordras
1168 1353 55 36 för
1265 1354 55 34 att
1361 1351 235 36 norrländska
1637 1350 206 48 nyodlings-

239 1408 136 38 fonden
418 1409 94 36 skall
549 1409 123 36 kunna
709 1408 113 36 under
855 1409 38 34 år
935 1407 99 37 1910
1072 1406 192 49 tillgodose
1301 1408 54 33 ett
1383 1405 194 36 lånebehof
1605 1405 36 35 af
1671 1404 169 44 300,000

240 1464 147 36 kronor.

352 1516 70 37 För
449 1515 261 48 konvertering
738 1513 42 37 af
809 1514 103 36 äldre
940 1513 161 46 statslån,
1135 1519 67 30 när
1230 1511 360 50 omständigheterna
1618 1510 127 37 därtill
1773 1508 70 38 för-

241 1570 131 37 anleda
400 1570 68 36 och
497 1568 129 38 sådant
653 1568 85 37 med
766 1567 118 37 fördel
912 1566 59 38 för
999 1570 118 33 staten
1145 1567 73 35 kan
1246 1566 74 45 ske,
1350 1569 68 46 äga
1446 1565 236 48 fullmäktige
1712 1568 65 41 att,
1798 1562 46 50 på

241 1628 71 33 sätt
339 1624 70 36 och
436 1623 60 36 till
520 1623 136 48 belopp
684 1621 238 49 fullmäktige
950 1621 100 36 finna
1079 1620 183 49 lämpligt,
1292 1619 94 36 dock
1414 1619 32 48 ej
1481 1617 150 38 utöfver
1650 1616 96 37 hvad
1765 1629 78 24 som

241 1678 61 36 till
330 1677 261 48 konvertering
622 1675 113 49 åtgår,
765 1674 150 50 försälja
941 1675 91 36 eller
1060 1672 109 38 träffa
1197 1672 92 38 aftal
1317 1686 62 23 om
1408 1671 190 38 blifvande
1626 1670 217 50 försäljning

241 1732 39 36 af
307 1730 345 50 statsobligationer,
675 1727 193 38 förskrifna
896 1728 85 37 med
1009 1728 102 49 lägre
1140 1732 104 31 ränta
1272 1733 47 29 än
1347 1726 62 36 det
1436 1724 163 46 statslån,
1629 1737 78 24 som
1735 1728 108 45 utgör

240 1784 156 38 föremål
421 1782 56 38 för
501 1783 271 49 konvertering.
1027 1827 4 3 |

348 1839 72 36 För
461 1837 70 37 den
573 1836 172 37 händelse
786 1848 73 36 nya
891 1835 246 49 obligationer
1165 1834 151 36 komma
1344 1837 55 32 att
1427 1831 41 37 af
1493 1831 351 50 riksgäldskontoret

242 1892 176 44 utfärdas,
445 1892 104 35 skola
589 1890 239 49 fullmäktige
869 1888 224 37 underställa
1134 1887 135 50 Kungl.
1298 1887 127 48 Maj:ts
1452 1885 232 37 fastställelse
1712 1884 44 37 de
1784 1884 59 36 be-

242 1946 87 44 slut,
358 1958 78 24 som
466 1944 153 37 rörande
647 1943 110 37 sådan
786 1942 206 51 upplåning
1021 1942 124 36 kunna
1168 1941 151 36 komma
1338 1943 55 34 att
1410 1938 122 45 fattas,
1552 1938 86 37 med
1657 1937 185 47 anhållan,

242 2005 54 31 att
324 1999 132 49 Kungl.
485 1998 107 49 Maj:t
618 1997 141 37 täcktes
786 1996 21 37 å
835 1996 61 37 det
923 2009 73 37 nya
1024 1994 99 38 lånet
1146 1994 167 37 meddela
1341 1994 55 36 sin
1423 1993 153 50 garanti.

350 2053 71 36 Om
463 2064 74 38 nya
569 2051 349 48 statsobligationer,
953 2051 13 35 i
993 2049 130 37 hvilka
1150 2047 122 51 någon
1300 2048 84 44 viss,
1411 2046 214 48 ovillkorlig
1653 2044 192 38 återbetal-

241 2106 90 50 ning
359 2105 154 37 medelst
527 2105 94 49 årlig
640 2105 228 47 amortering
896 2104 33 49 ej
959 2101 128 39 blifvit
1114 2101 41 37 af
1180 2104 116 34 staten
1325 2099 126 46 utfäst,
1479 2099 115 38 varda
1613 2098 40 37 af
1670 2098 175 37 fullmäk-

242 2161 74 48 tige
349 2160 13 35 i
390 2159 354 50 riksgäldskontoret
778 2156 205 46 utfärdade,
1013 2157 104 36 skola
1145 2156 236 48 fullmäktige
1410 2158 143 32 snarast
1580 2153 150 49 möjligt
1757 2158 89 44 göra

242 2213 277 49 framställning
555 2225 57 24 om
648 2211 198 38 anvisande
875 2210 39 38 af
940 2211 44 36 de
1012 2210 134 45 medel,
1173 2209 128 38 hvilka
1325 2210 89 35 böra
1442 2207 139 50 årligen
1610 2205 148 38 afsättas
1789 2203 59 39 för

243 2267 305 49 skuldbeloppets
590 2265 227 50 amortering
858 2265 100 36 inom
988 2264 72 37 den
1088 2263 68 46 tid,
1186 2262 232 50 fullmäktige
1447 2274 85 24 anse
1560 2261 173 49 lämplig;
1768 2260 78 36 sko-
