2192 2606
404 164 43 30 40
766 156 367 43 Bevillningsutskottets
1157 153 194 32 betänkande
1374 152 54 32 Nr
1451 151 50 33 öl.

362 241 94 37 ende
500 239 228 49 försäljning
756 250 46 23 av
829 234 227 49 rusdrycker
1089 247 45 23 av
1163 232 72 36 den
1267 234 46 33 14
1336 231 87 49 juni
1454 231 109 45 1917,
1592 229 135 48 lägges
1755 226 210 49 bevisskyl-

362 293 181 49 digheten
578 290 163 38 rörande
777 287 217 38 husbondes
1028 285 185 48 ovetskap
1241 296 60 23 om
1331 282 228 49 förbrytelse
1587 285 79 32 mot
1686 277 279 49 förordningen

363 359 46 22 av
437 345 133 36 hustru
600 343 89 36 eller
729 340 166 47 husfolk,
937 342 47 46 på
1021 336 232 38 busbonden.
1309 334 134 49 Enligt
1488 331 264 39 motsvarande
1787 330 184 49 paragraf

362 397 12 35 i
418 398 96 36 1905
558 398 60 33 års
660 392 227 48 förordning
922 389 198 50 angående
1148 387 228 49 försäljning
1405 399 47 23 av
1479 385 189 36 brännvin
1696 382 134 36 liksom
1859 382 12 35 i
1901 381 65 36 all-

363 449 154 36 mänhet
544 448 12 34 i
586 446 104 36 äldre
719 444 266 47 förordningar
1012 441 232 36 tillkommer
1271 439 63 36 det
1362 438 206 47 åklagaren
1596 442 55 31 att
1680 434 217 48 förebringa
1922 432 45 37 de

363 500 108 37 bevis
507 500 75 35 han
614 510 111 23 anser
752 496 190 48 föreligga
970 507 60 23 om
1059 491 217 38 husbondes
1304 489 161 49 vetskap
1495 501 59 23 om
1584 488 116 36 sådan
1728 484 237 49 förbrytelse.

368 552 42 35 Vi
453 551 129 36 kunna
613 549 84 36 icke
724 549 101 35 finna
856 552 54 31 att
938 559 46 23 en
1012 545 120 36 sådan
1160 543 163 48 ordning
1350 555 46 22 ur
1423 540 291 49 rättssynpunkt
1742 544 40 30 är
1809 537 159 49 lämplig

364 603 47 36 då
438 601 324 38 rättssäkerheten
790 599 223 48 härigenom
1041 597 78 36 kan
1147 595 150 37 komma
1325 598 56 31 att
1409 593 12 36 i
1449 592 102 37 vissa
1582 591 64 36 fall
1672 591 103 36 bliva
1794 589 172 49 skäligen

364 654 259 49 kringskuren
665 653 70 36 och
775 649 290 39 bestämmelsen
1106 648 12 36 i
1160 650 139 45 många
1341 645 65 36 fall
1434 645 76 35 kan
1537 643 153 36 komma
1718 647 54 31 att
1799 641 84 36 leda
1911 640 57 37 till

363 706 202 37 trakasseri
609 704 71 37 och
721 703 212 48 obefogade
975 701 84 37 åtal.
1116 699 48 37 Vi
1204 699 97 36 hava
1329 697 128 36 därför
1484 695 112 50 yrkat
1623 697 49 47 på
1700 699 54 31 att
1781 693 188 36 utskottet

363 758 116 37 borde
507 758 58 35 för
595 755 291 50 ifrågavarande
914 753 183 49 paragraf
1121 752 137 39 föreslå
1286 763 45 23 en
1356 749 142 49 lydelse
1526 760 79 24 som
1628 750 341 33 överensstämmer

364 810 85 36 med
477 809 168 48 tidigare
673 807 271 46 författningar
972 805 69 36 och
1070 809 55 31 att
1152 802 229 50 paragrafen
1410 801 109 35 alltså
1547 798 115 37 borde
1682 798 97 36 hava
1798 796 170 49 följande

364 861 158 49 lydelse:

1112 908 48 35 30
1189 905 31 50 &.

494 998 211 37 Husbonde
746 1009 179 24 ansvarar
959 995 58 36 för
1046 993 239 49 förbrytelse,
1315 1005 80 23 som
1426 989 85 37 med
1539 989 95 36 hans
1663 988 157 49 vetskap
1850 987 118 49 begås

366 1058 77 31 mot
484 1051 126 37 denna
651 1048 225 49 förordning
908 1060 47 23 av
982 1046 97 36 hans
1108 1045 145 46 hustru,
1281 1042 157 37 husfolk
1466 1041 89 37 eller
1583 1041 12 35 i
1622 1041 96 35 hans
1747 1039 128 37 arbete
1904 1053 64 22 an-

366 1113 114 39 tagen
508 1115 156 37 person,
693 1101 137 37 liksom
860 1112 92 24 vore
980 1096 249 50 förbrytelsen
1260 1094 112 49 gjord
1403 1107 46 22 av
1477 1092 225 36 husbonden
1730 1092 106 48 själv.
