2212 2612
418 131 40 30 42
826 133 360 43 Bevillningsutskottets
1209 137 193 33 betänkande
1425 139 53 31 Nr
1501 141 50 30 ö1.

500 212 26 33 2
553 222 101 24 mom.
710 211 258 38 Denaturerad
1007 214 95 49 sprit
1130 218 60 33 må
1218 216 56 36 till
1302 217 96 37 riket
1426 218 156 48 införas,
1611 225 104 31 utom
1744 221 57 36 för
1830 229 142 31 statens

370 259 177 50 räkning,
577 261 160 37 allenast
765 276 47 22 av
841 263 125 48 bolag,
996 278 128 23 varom
1154 267 10 35 i
1194 270 23 33 4
1245 267 20 50 &
1294 268 189 38 förmäles.

501 312 100 37 Utan
630 313 133 37 hinder
790 328 46 22 av
864 316 72 36 vad
966 330 51 23 nu
1045 322 41 31 är
1114 325 86 42 sagt
1228 323 60 33 må
1315 320 116 37 likväl
1460 322 114 37 sådan
1604 324 95 49 sprit
1726 324 139 36 införas

500 364 35 48 a)
579 378 47 22 av
667 365 84 47 den,
795 379 79 23 som
917 368 120 48 enligt
1069 370 151 36 särskilt
1249 371 211 50 stadgande
1489 379 92 44 äger
1610 377 145 48 åtnjuta
1784 376 187 38 tullfrihet

370 414 59 37 för
458 415 84 37 från
569 417 172 36 utlandet
769 418 269 38 inkommande
1065 434 130 33 varor;
1225 431 97 28 samt

500 467 36 48 b)
566 481 46 23 av
640 469 170 47 resande,
840 483 82 23 som
953 471 83 36 från
1064 473 142 37 utrikes
1235 479 58 31 ort
1321 476 59 36 för
1407 482 88 43 eget
1522 478 95 36 bruk
1647 480 146 36 medför
1812 481 157 35 denatu-

367 518 109 36 rerad
506 520 98 47 sprit
632 520 98 36 intill
759 522 76 35 viss
864 522 158 48 mindre,
1053 537 45 22 av
1126 525 216 49 Konungen
1372 528 188 37 fastställd
1589 531 240 48 myckenhet.

577 760 63 32 Om
663 762 226 40 partihandel
912 763 80 33 med
1017 764 66 32 och
1107 764 259 43 denaturering
1389 777 42 24 av
1455 768 169 34 skattefri
1647 771 103 42 sprit.

1121 890 21 34 4
1165 865 41 77 8.

492 972 21 31 1
558 981 103 24 mom."
719 970 240 38 Partihandel
1001 973 82 36 med
1118 974 173 38 skattefri
1320 977 94 49 sprit
1443 981 60 33 må
1531 979 82 36 med
1642 980 208 49 undantag,
1879 995 85 23 var-

362 1031 61 23 om
467 1019 175 37 förmäles
671 1021 12 35 i
713 1023 21 34 3
763 1021 33 49 $,
837 1028 136 32 utövas
1002 1025 157 37 allenast
1188 1040 46 22 av
1263 1028 228 49 aktiebolag,
1522 1044 92 33 som,
1645 1032 120 48 enligt
1794 1033 72 36 vad
1896 1034 68 36 här

362 1070 121 37 nedan
513 1077 101 43 sägs,
644 1072 126 37 därtill
797 1075 150 36 erhållit
975 1076 178 37 tillstånd.

493 1122 142 38 Sådant
665 1124 114 49 bolag
807 1126 206 38 benämnes
1041 1128 12 36 i
1081 1129 123 36 denna
1233 1130 226 50 förordning
1487 1133 291 48 partihandlare.

491 1178 26 33 2
544 1189 103 23 mom.
703 1176 197 48 Tillstånd,
945 1192 82 24 som
1068 1181 11 35 i
1110 1184 17 33 1
1159 1195 111 23 mom.
1302 1196 119 34 avses,
1451 1184 189 37 meddelas
1669 1199 48 23 av
1745 1186 215 51 Konungen

361 1225 59 36 för
457 1239 47 23 en
532 1227 54 36 tid
615 1240 46 23 av
689 1228 117 49 högst
834 1230 75 36 fem
939 1233 51 34 år.
1047 1232 182 37 Ansökan
1258 1247 60 23 om
1347 1235 215 38 erhållande
1591 1250 47 23 av
1668 1237 169 38 tillstånd
1866 1240 96 36 skall

360 1277 81 37 före
479 1279 214 47 september
735 1281 155 37 månads
934 1286 147 46 utgång
1108 1287 81 34 året
1216 1286 116 36 innan
1362 1287 277 50 försäljningen
1668 1294 42 31 är
1739 1291 137 36 avsedd
1906 1298 55 30 att

359 1334 90 43 taga
490 1331 57 35 sin
591 1330 134 49 början
755 1332 216 50 skriftligen
1001 1340 111 44 göras
1141 1337 68 36 hos
1237 1338 229 48 Konungen.
1522 1339 115 50 Dylik
1667 1342 169 36 ansökan
1864 1343 97 36 skall

359 1394 91 23 vara
492 1382 133 49 åtföljd
667 1396 47 22 av
756 1384 72 36 den
870 1386 58 35 för
964 1386 153 50 bolaget
1145 1395 165 43 antagna
1340 1390 299 51 bolagsordning
1666 1400 97 29 samt
1791 1394 170 49 skriftlig

357 1432 241 49 redogörelse
627 1434 60 36 för
715 1435 94 36 huru
837 1436 155 50 bolaget
1021 1443 128 32 ämnar
1177 1440 154 37 bedriva
1359 1442 58 36 sin
1447 1443 251 38 verksamhet.

488 1485 74 35 Vid
591 1485 246 39 meddelande
865 1501 47 23 av
940 1489 169 37 tillstånd
1139 1495 59 33 må
1226 1493 216 48 Konungen
1471 1495 209 36 föreskriva
1708 1493 250 57 erforderliga

357 1535 137 37 villkor
522 1537 70 35 och
620 1537 322 50 inskränkningar
970 1541 85 36 med
1083 1543 186 37 avseende
1297 1547 20 33 å
1344 1545 188 37 rörelsens
1560 1546 240 38 bedrivande.

488 1591 24 33 3
542 1601 103 23 mom.
702 1589 63 37 Uti
793 1591 185 49 styrelsen
1007 1593 60 36 för
1095 1593 227 51 aktiebolag,
1352 1596 118 37 vilket
1497 1598 147 36 erhållit
1672 1604 76 32 rätt
1767 1600 55 36 till
1841 1602 116 48 parti-

356 1638 139 37 handel
523 1640 85 36 med
637 1640 176 38 skattefri
841 1643 107 49 sprit,
979 1649 90 44 äger
1096 1645 217 50 Konungen
1342 1653 83 31 utse
1454 1661 43 24 en
1528 1650 176 49 ledamot,
1734 1664 79 24 som
1836 1652 122 37 tillika

356 1690 97 36 skall
481 1705 91 22 vara
600 1693 208 47 styrelsens
837 1694 239 49 ordförande,
1106 1702 178 33 ävensom
1314 1701 201 47 suppleant
1544 1701 57 37 för
1630 1702 149 37 honom.

1113 1837 20 35 5
1157 1811 38 77 8.

484 1915 288 39 Partihandlare
800 1921 61 34 må
889 1919 56 36 till
974 1920 237 49 obegränsad
1241 1924 227 47 myckenhet
1495 1925 139 50 inköpa
1653 1927 197 50 brännvin,
1872 1942 81 24 som

353 1966 229 38 framställes
613 1981 42 23 ur
684 1969 190 38 avfallslut
903 1972 64 36 vid
996 1973 543 52 sulfitcellulosatillverkning.

483 2019 74 35 För
597 2020 230 50 försäljning
867 2023 120 49 enligt
1028 2024 122 37 denna
1191 2026 223 50 förordning
1451 2031 61 33 må
1548 2035 116 31 annat
1691 2031 186 37 brännvin
1906 2046 48 22 av

352 2070 282 47 partibhandlare
661 2072 161 49 inköpas
851 2075 159 36 allenast
1038 2076 12 35 i
1078 2076 71 37 den
1174 2079 277 49 utsträckning,
1474 2080 217 51 Konungen
1712 2083 58 36 för
1787 2084 106 48 varje
1913 2086 41 34 år

350 2120 239 39 bestämmer.
645 2123 181 39 Ansökan
868 2139 60 23 om
971 2128 169 37 tillstånd
1174 2129 57 36 till
1258 2129 116 51 inköp
1404 2145 47 22 av
1480 2133 133 36 sådant
1640 2133 188 37 brännvin
1856 2135 96 37 skall

351 2177 114 43 göras
486 2173 79 37 före
585 2176 214 47 september
818 2178 158 37 månads
996 2182 150 46 utgång
1165 2183 80 34 året
1264 2181 117 38 innan
1401 2183 75 47 det,
1498 2197 79 24 som
1599 2185 210 37 tillståndet
1828 2200 122 24 avser.
