2194 2614
678 148 356 40 Bevillningsutskottets
1057 146 195 30 betänkande
1280 145 47 30 Nr
1352 146 49 28 öl.
1752 140 40 30 33

373 232 76 36 Den
494 230 192 48 reglering
728 241 45 22 av
816 226 160 36 handeln
1023 225 83 35 med
1149 223 170 36 skaltefri
1360 222 104 48 sprit,
1507 235 78 21 som
1618 233 107 23 avses
1756 219 79 35 med
1888 223 144 26 Utskottet.

242 285 138 48 Kungl.
424 283 126 48 Maj:ts
594 278 284 49 ifrågavarande
922 278 151 46 förslag,
1108 280 39 31 är
1176 276 6 34 i
1217 276 151 34 friunsta
1397 279 160 30 rummet
1585 278 54 30 att
1669 271 168 36 betrakta

239 340 122 33 såsom
405 341 50 30 ett
498 334 58 36 led
586 334 9 34 i
625 333 45 35 de
711 336 146 31 senaste
887 336 106 29 årens
1021 325 445 50 lagstiftningsåtgiärder
1496 324 52 36 till
1581 323 258 48 bekämpande

239 403 46 22 av
328 384 390 40 alkohohnissbrukot.
776 381 173 36 Ifandeln
991 380 85 36 med
1106 380 68 35 den
1207 378 50 36 till
1290 377 187 47 förtärmg
1506 376 164 36 avsedda
1699 375 137 47 spriten

242 443 64 34 har
335 439 113 36 redan
475 436 103 37 blivit
611 435 142 36 ordnad
783 447 139 35 genom
952 431 270 45 förordningen
1254 429 72 36 den
1358 431 44 33 14
1418 428 85 49 juni
1526 430 94 33 1917
1645 426 194 46 angående

239 490 224 48 försäljning
492 502 43 22 av
567 486 223 49 rusdrycker
818 490 96 30 samt
929 484 45 35 do
990 483 83 36 med
1089 482 123 36 denna
1228 480 221 48 förordning
1465 478 375 47 sammanhängande

240 541 282 47 författningar.
579 539 82 34 Den
704 550 49 22 nu
796 535 209 45 framlagda
1046 533 280 49 propositionen
1368 544 107 22 avser
1508 535 55 30 att
1591 530 148 46 reglera
1767 529 73 34 till-

240 591 315 39 handahållandet
584 604 45 21 av
658 588 72 36 den
758 588 104 48 sprit,
892 599 79 23 som
1002 584 191 37 användes
1225 585 54 33 för
1306 582 183 45 tekniska,
1520 580 232 36 industriella
1772 580 67 35 och

241 644 153 37 därmed
436 642 181 36 likartade
646 639 184 37 ändamål.
888 638 163 35 Behovet
1083 650 44 22 av
1156 649 46 23 en
1234 634 261 48 betryggande
1523 632 245 48 lagsuftning
1795 640 45 40 på

240 695 244 39 förevarande
513 692 151 37 område
694 692 74 35 kan
795 691 81 35 icke
904 693 118 43 gärna
1051 688 196 42 botvivlas;
1279 688 107 34 faran
1416 686 57 34 för
1493 683 191 37 missbruk
1705 697 44 21 av
1769 683 72 35 den

241 747 162 39 tekniska
457 746 143 49 spriten
644 748 115 31 växer
783 743 40 48 ju
855 743 11 34 i
891 754 145 24 samma
1064 753 97 26 mån,
1192 751 80 23 som
1302 737 212 37 åtkomsten
1543 749 47 23 av
1620 734 221 49 förtärings-

240 801 143 49 spriten
425 798 199 36 försvåras.
683 793 214 38 Emellertid
941 798 39 30 är
1022 793 133 45 frågan
1197 804 59 22 om
1298 794 114 31 sättet
1454 789 58 35 för
1545 788 72 36 den
1647 787 196 36 skattefria

239 852 162 49 spritens
430 849 198 37 utförande
658 848 10 35 i
697 846 233 37 marknaden
959 857 102 23 mera
1087 842 197 37 invecklad
1304 847 47 30 än
1372 840 266 36 motsvarande
1662 839 181 49 spörsmål

240 902 199 49 angående
480 899 363 48 förtäringsspriten.
900 896 130 37 Under
1059 895 63 36 det
1151 899 53 31 att
1234 892 228 37 beträffande
1491 890 234 38 sistnämnda
1753 903 87 22 vara

240 953 397 52 nykterhetsintresset
680 950 66 36 bör
795 962 75 22 vara
907 948 61 35 det
999 947 57 35 för
1085 952 142 30 statens
1256 944 174 48 åtgärder
1456 942 240 48 väsentligen
1724 946 118 43 avgö-

240 1007 127 46 rande,
411 1005 54 36 får
505 1003 206 47 nämligen,
754 1000 46 37 då
838 1001 108 46 fråga
974 1003 41 31 är
1043 1011 59 22 om
1133 998 72 35 den
1234 995 174 37 tekniska
1436 995 155 49 spriten,
1621 994 33 48 ej
1686 993 157 36 förbises

244 1056 333 49 nödvändigheten
620 1068 46 22 av
709 1058 52 31 att
802 1057 73 43 äga
916 1050 164 49 tillgång
1111 1055 48 42 på
1188 1048 103 49 dylik
1320 1047 95 50 sprit
1444 1048 57 34 för
1530 1046 100 36 olika
1659 1045 182 36 ändamål.

243 1111 14 35 I
299 1111 103 36 detta
442 1106 281 48 sammanhang
750 1105 69 36 bör
846 1103 151 37 särskilt
1025 1102 142 36 erinras
1195 1114 61 23 om
1285 1100 72 36 den
1385 1098 223 50 synnerliga
1639 1097 130 36 vikten
1798 1110 45 22 av

240 1168 55 31 att
337 1174 138 37 genom
504 1173 46 22 en
579 1158 147 47 ökning
754 1170 45 23 av
828 1157 69 35 den
928 1154 197 37 inhemska
1153 1152 296 47 tillverkningen
1480 1164 44 22 av
1553 1149 151 37 teknisk
1737 1147 105 50 sprit,

244 1213 207 38 framställd
479 1225 44 22 ur
552 1209 192 38 avfallslut
772 1208 62 36 vid
863 1204 435 49 cellulosatillverkning,
1329 1203 127 36 kunna
1485 1208 92 42 göra
1605 1204 84 33 vårt
1715 1200 89 36 land
1833 1201 11 34 i

242 1271 139 32 största
422 1263 155 49 möjliga
618 1264 87 34 mån
748 1258 212 39 oberoende
1002 1272 45 22 av
1083 1257 210 48 tillgången
1321 1258 48 46 på
1396 1254 202 36 utländska
1625 1252 219 49 brännoljor

242 1324 98 30 samt
368 1319 47 47 på
444 1329 145 23 samma
616 1316 106 46 gång
750 1313 240 45 tillvarataga
1019 1310 69 36 och
1116 1309 225 48 nyttiggöra
1361 1320 45 23 en
1427 1305 310 50 avfallsprodukt,
1757 1317 87 23 vars

242 1368 207 37 avförande
477 1368 12 35 i
517 1365 211 49 outnyttjat
769 1364 106 36 skick
916 1363 98 35 varit
1057 1362 147 35 förenat
1232 1360 86 36 med
1347 1358 214 50 betydande
1589 1357 252 48 olägenheter.

372 1419 56 36 Då
447 1419 12 35 i
478 1418 139 48 Kungl.
642 1417 124 48 Maj:ts
784 1414 233 50 proposition
1039 1413 155 35 föreslås
1214 1410 196 37 införande
1430 1423 46 22 av
1496 1415 53 30 ett
1572 1408 273 49 statsmonopol

245 1477 20 32 å
294 1471 137 38 handel
472 1469 86 37 med
600 1468 174 37 skattefri
819 1467 104 49 sprit,
966 1465 69 36 har
1063 1464 105 36 detta
1197 1463 143 48 förslag
1368 1462 113 35 också
1509 1461 222 35 motiverats
1760 1459 83 36 med

292 1538 72 23 ena
392 1523 106 36 sidan
525 1520 297 49 behövligheten
850 1532 46 22 av
925 1530 45 23 en
1000 1516 84 37 fnllt
1112 1514 263 51 betryggande
1403 1513 163 37 kontroll
1595 1512 69 36 och
1690 1515 20 32 å
1731 1511 115 36 andra

244 1577 107 36 sidan
389 1574 310 37 önskvärdheten
740 1585 47 23 av
820 1576 54 31 att
901 1569 136 37 bereda
1065 1568 322 36 konsumenterna
1415 1564 166 50 tryggad
1609 1564 164 48 tillgång
1799 1566 48 46 på

244 1628 105 50 dylik
386 1628 94 48 sprit
512 1625 56 37 till
593 1624 147 49 skäliga
768 1624 77 48 pris
873 1622 69 36 och
972 1621 11 35 i
1012 1620 183 37 samband
1223 1618 152 37 därmed
1404 1612 441 59 sulfitsprittillverkarne

244 1694 46 23 en
318 1682 12 34 i
357 1679 79 37 viss
464 1681 88 33 mån
580 1676 221 37 säkerställd
830 1674 219 48 avsättning
1077 1672 58 36 för
1163 1672 58 36 sin
1240 1668 447 50 tillverkningsprodukt.
1739 1667 107 36 Inom

243 1732 195 45 utskottet,
467 1743 82 24 som
578 1729 158 36 sålunda
763 1727 82 36 haft
874 1730 53 32 att
956 1731 90 43 taga
1075 1723 234 50 ståndpunkt
1336 1722 56 36 till
1421 1722 149 47 frågan,
1591 1719 184 37 huruvida
1795 1724 53 31 ett

245 1783 275 48 statsmonopol
548 1794 91 24 vore
668 1780 168 47 önskligt
864 1778 88 37 eller
979 1776 199 48 behövligt
1201 1775 143 49 jimväl
1372 1788 44 22 ur
1445 1779 116 30 annat
1590 1776 48 32 än
1666 1766 180 57 kontroll-

245 1835 208 50 synpunkt,
496 1834 97 36 hava
620 1833 12 35 i
660 1832 104 36 detta
806 1829 185 38 avseende
1034 1828 132 36 delade
1208 1826 198 48 meningar
1438 1826 103 48 gjort
1571 1824 60 47 sig
1659 1822 186 50 gällande.

245 1889 215 36 Utskottets
502 1886 104 36 flesta
635 1884 208 36 ledamöter
869 1883 98 35 hava
996 1879 207 39 emellertid
1233 1878 132 37 därvid
1399 1878 198 45 förmenat,
1627 1881 53 31 att
1707 1876 11 35 i
1747 1875 101 36 detta

245 1939 214 37 hänseende
504 1936 226 49 tillräckliga
776 1935 81 36 skäl
902 1933 82 36 icke
1031 1933 187 47 föreligga
1259 1932 58 34 för
1358 1930 62 36 det
1467 1929 224 48 ifrågasatta
1736 1932 112 31 stats-

246 1991 226 49 monopolet.
524 1989 229 47 Visserligen
783 1987 74 36 kan
886 1986 63 35 det
977 1994 173 39 antagas,
1180 1989 54 31 att
1261 1982 118 37 under
1406 1982 103 36 vissa
1534 1979 315 48 förutsättningar

245 2050 53 30 ett
340 2042 270 48 statsmonopol
651 2040 83 36 med
785 2037 174 49 fleråriga
1006 2036 273 37 leveransavtal
1325 2033 120 37 skulle
1498 2033 58 36 för
1606 2031 243 37 tillverkarna

247 2097 128 35 kunna
415 2093 182 37 innebära
636 2106 46 22 en
722 2092 76 35 viss
840 2089 149 50 garanti
1022 2088 118 36 under
1168 2087 107 47 tider,
1305 2086 46 36 då
1378 2084 212 37 industrien
1619 2084 106 48 eljest
1753 2083 95 35 hade

246 2146 195 49 svårighet
469 2151 54 31 att
550 2145 108 37 bestå
685 2144 12 35 i
725 2143 285 36 konkurrensen
1040 2140 85 36 med
1154 2140 44 35 de
1227 2138 201 36 utländska
1447 2135 287 49 brännoljorna;
1764 2147 85 23 men

246 2200 63 36 det
336 2199 65 36 vill
428 2210 115 38 synas
571 2196 182 37 utskottet
781 2194 145 37 mindre
956 2192 203 47 sannolikt,
1184 2196 54 31 att
1258 2191 110 36 dessa
1393 2188 319 48 förutsättningar
1731 2186 119 37 skulle

246 2252 129 35 kunna
404 2249 279 49 åvägabringas
712 2252 91 32 utan
832 2244 280 38 åsidosättande
1141 2257 45 22 av
1213 2242 148 48 viktiga
1380 2241 295 37 statsintressen.
1708 2238 16 36 I
1744 2238 106 49 varje

292 2311 127 41 Bihang
442 2311 49 31 till
515 2309 188 42 riksdagens
725 2307 152 41 protokoll
900 2306 94 32 1918.
1031 2306 20 29 7
1075 2304 88 31 saml.
1189 2304 41 31 41
1243 2302 77 42 häft.
1365 2302 67 40 (Nr
1454 2302 68 38 51)
1789 2299 18 30 5

243 1528 21 33 20
