2252 2638
380 198 16 26 8
854 194 323 36 Bevillninysutskottets
1200 192 188 29 Betänkande
1413 192 55 28 N:o
1492 193 26 26 1.

381 275 53 44 sig
474 272 162 43 dermed,
677 272 67 35 och
773 271 72 36 den
872 269 175 37 inbördes
1075 270 280 35 konkurrensen
1383 268 119 36 håller
1528 268 114 46 priset
1668 280 87 24 nere
1782 266 47 48 på
1855 273 132 30 nästan

380 337 141 22 samma
548 324 86 35 nivå
661 335 78 23 som
767 322 11 35 i
807 322 177 35 utlandet.
1037 321 56 35 En
1122 321 154 46 lämplig
1303 320 72 35 tull
1401 319 48 46 på
1467 319 230 46 planchetter
1715 318 120 36 skulle
1849 319 138 46 jemväl

381 382 88 38 göra
498 375 121 35 denna
647 373 130 35 artikel
805 373 59 35 till
891 377 51 31 ett
969 372 151 36 svenskt
1145 370 328 45 industriföremål,
1502 377 97 37 enär,
1626 369 84 36 med
1730 370 52 34 all
1801 369 185 35 sannolik-

381 427 70 43 het,
479 423 373 48 liffjederfabrikerna
879 424 118 34 skulle
1027 428 163 42 upptaga
1218 422 122 35 denna
1367 420 177 36 liknande
1571 419 238 37 fabrikation.
1861 419 13 35 I
1896 432 91 23 sam-

380 476 190 45 manhang
596 474 152 36 härmed
777 475 166 34 kommer
970 474 236 46 naturligtvis
1234 471 110 37 äfven
1372 472 273 47 omsättningen
1664 470 58 36 för
1741 470 71 36 den
1831 471 157 35 svenska

377 528 103 45 jern-,
509 527 191 44 messings-
727 525 69 35 och
824 523 546 49 pappersbrukshandteringen
1399 528 55 30 att
1480 523 12 35 i
1520 522 56 36 sin
1602 521 87 36 mån
1717 522 99 35 ökas.

482 611 243 42 Planchetter,
753 608 241 37 öfverklädda
1021 608 84 36 med
1131 614 66 42 tyg
1224 608 90 36 eller
1341 613 114 29 annat
1482 614 118 37 ämne,
1626 605 276 36 tullbehandlas
1930 604 59 36 för

382 661 241 44 närvarande,
651 660 45 48 på
724 665 72 31 sätt
822 660 233 40 motionären
1084 659 144 41 erinrat,
1258 658 118 36 såsom
1405 658 206 45 slöjdvaror
1631 657 68 35 och
1719 656 115 47 draga
1855 669 43 22 en
1919 657 71 33 tull

383 712 39 36 af
464 715 40 33 15
548 717 152 42 procent
739 710 39 35 af
815 710 139 36 värdet.
1006 708 278 38 Oöfverklädda
1320 709 232 45 planchetter
1584 708 164 35 deremot
1777 706 212 36 hänföras
1968 702 24 61 i

382 761 536 48 tullbehandlingshänseende,
945 760 46 36 då
1019 761 45 35 de
1090 761 190 35 inkomma
1299 759 202 45 lackerade,
1520 760 60 34 till
1598 759 95 45 jern-
1712 758 69 35 och
1800 757 189 43 stälvaror,

382 813 237 45 förnicklade,
659 812 185 48 polerade,
884 811 231 45 bronserade,
1156 810 220 48 emaljerade
1411 811 89 35 eller
1536 808 203 43 lackerade,
1772 809 127 35 hvilka
1926 815 63 27 äro

382 864 157 45 belagda
579 863 84 36 med
702 876 44 23 en
786 863 70 35 tull
897 861 39 36 af
971 864 46 33 50
1055 869 61 28 öre
1151 861 56 36 för
1235 862 192 44 kilogram,
1455 861 90 35 eller
1573 860 75 43 ock,
1678 859 45 35 då
1750 859 45 35 de
1822 860 77 34 icke
1927 865 62 28 äro

383 914 194 37 lackerade
604 914 87 36 eller
716 913 184 46 polerade,
927 913 57 35 till
1008 913 100 47 jern-
1138 914 65 34 och
1231 912 188 44 stålvaror,
1448 911 118 36 andra
1589 911 88 46 slag,
1704 922 80 23 som
1812 910 115 46 draga
1946 922 43 22 en

384 967 69 35 tull
481 964 40 37 af
548 968 45 33 20
622 971 61 29 öre
709 964 58 36 för
794 964 192 45 kilogram.

484 1016 94 35 Lika
604 1015 83 36 med
713 1015 233 35 motionären
974 1026 107 23 anser
1107 1014 179 35 utskottet
1313 1014 11 34 i
1351 1012 105 47 fråga
1483 1025 62 22 om
1572 1011 231 48 planchetter
1816 1009 175 46 tullafgif-

385 1073 78 30 tens
491 1066 278 37 bestämmande
796 1066 12 34 i
835 1064 234 36 förhållande
1095 1065 57 34 till
1179 1064 71 35 den
1278 1063 147 36 införda
1452 1076 135 22 varans
1615 1063 78 44 vigt
1717 1075 92 22 vara
1828 1067 53 29 att
1899 1060 92 36 före-

386 1118 114 48 draga
528 1116 155 36 framför
710 1116 71 36 den
810 1129 50 22 nu
889 1115 171 45 gällande
1087 1113 394 47 beräkningsgrunden
1501 1113 93 35 efter
1611 1125 133 23 varans
1763 1112 122 44 värde,
1904 1118 89 29 enär

386 1182 132 34 genom
548 1166 245 38 användande
821 1165 40 36 af
885 1166 70 35 den
973 1165 94 36 först
1081 1164 162 36 nämnda
1257 1162 397 48 beräkningsgrunden
1669 1162 245 37 förekommes
1929 1168 63 37 att,

385 1221 119 34 såsom
533 1231 51 22 nu
612 1225 40 28 är
679 1223 53 30 att
758 1215 139 45 befara,
924 1215 46 47 på
997 1216 123 45 grund
1147 1214 40 36 af
1212 1215 136 47 origtig
1375 1213 150 49 uppgift
1554 1226 59 22 om
1640 1214 224 35 varuvärdet
1890 1215 103 43 lägre

386 1268 184 47 tullafgift
607 1270 167 34 kommer
810 1273 55 29 att
904 1265 146 49 påföras
1087 1274 45 28 än
1169 1266 70 35 den
1267 1278 78 23 som
1373 1265 195 45 rätteligen
1596 1264 66 35 bör
1690 1264 97 47 utgå.
1840 1264 55 35 Jin
1923 1264 71 34 för-

387 1321 152 45 höjning
567 1319 40 36 af
631 1320 69 34 den
728 1332 51 22 nu
808 1317 172 47 gällande
1006 1318 196 34 tullsatsen
1229 1329 109 35 synes
1366 1316 78 46 ock,
1473 1315 62 36 vid
1561 1314 211 48 jemförelse
1799 1314 83 36 med
1910 1314 85 35 tull-

387 1379 164 28 satserna
578 1370 58 36 för
662 1368 194 37 lackerade
874 1368 231 46 planchetter
1123 1368 68 34 och
1209 1366 58 37 för
1287 1367 199 43 karkasser,
1502 1379 89 22 vara
1609 1365 171 48 behöflig.
1811 1365 185 35 Utskottet

386 1424 72 34 kan
496 1421 95 36 dock
626 1419 204 47 ingalunda
857 1418 145 36 biträda
1029 1419 249 34 motionärens
1305 1417 138 45 förslag
1470 1430 61 22 om
1560 1415 188 36 åsättande
1776 1415 41 35 af
1840 1428 44 22 en
1911 1416 84 34 tull-

387 1480 71 29 sats
495 1471 42 37 af
570 1485 43 22 en
649 1472 118 34 krona
802 1470 58 35 för
895 1470 192 44 kilogram,
1122 1469 151 36 hvilken
1300 1469 147 34 tullsats
1475 1468 117 44 enligt
1623 1468 247 33 motionärens
1902 1478 94 32 egna

388 1522 189 49 uppgifter
612 1522 156 35 rörande
804 1533 133 23 varans
972 1520 112 36 värde
1120 1519 68 36 och
1214 1520 81 45 vigt
1322 1519 117 35 skulle
1466 1523 135 40 utgöra
1627 1516 127 36 femtio
1779 1522 151 41 procent
1959 1516 41 35 af

388 1574 137 42 värdet,
554 1579 90 29 utan
672 1585 104 23 anser
805 1572 186 43 utskottet,
1020 1576 54 30 att
1100 1571 192 34 tullsatsen
1322 1570 199 45 lämpligen
1545 1569 68 35 bör
1632 1568 220 35 bestämmas
1871 1568 57 34 till
1948 1571 47 31 40

389 1633 60 28 öre
488 1624 59 36 för
588 1625 195 44 kilogram;
825 1623 67 34 och
932 1621 107 36 torde
1074 1620 58 36 för
1166 1619 289 47 genomförande
1490 1618 41 36 af
1557 1619 121 36 denna
1705 1617 292 47 tullförändring

389 1676 230 47 planchetter
645 1675 89 35 böra
763 1678 181 41 upptagas
972 1671 118 36 såsom
1119 1671 154 36 särskild
1301 1671 128 35 rubrik
1457 1671 10 34 i
1495 1670 197 35 tulltaxan.

490 1726 109 44 Enär,
628 1726 114 46 enligt
768 1723 100 37 hvad
896 1723 57 36 för
980 1723 181 35 utskottet
1186 1721 124 36 blifvit
1338 1722 161 47 upplyst,
1528 1725 51 31 ett
1601 1721 89 35 visst
1717 1721 79 44 slag
1825 1719 38 35 af
1879 1725 119 29 tunna

390 1776 133 36 bräder
564 1777 11 34 i
612 1774 230 37 marknaden
879 1775 198 35 benämnes
1112 1773 241 46 planchetter,
1389 1772 67 35 bör
1492 1771 204 36 emellertid
1733 1771 59 35 till
1817 1769 182 36 förekom-

390 1826 135 37 mande
565 1826 41 36 af
641 1824 255 38 missförstånd
937 1829 51 31 ett
1027 1824 131 46 tillägg
1196 1824 58 34 till
1283 1822 69 36 den
1381 1836 74 35 nya
1482 1821 339 36 tulltaxerubriken
1848 1819 150 43 införas,

391 1877 215 49 antydande
637 1882 53 30 att
717 1875 152 37 dermed
897 1874 94 37 afses
1020 1874 130 36 endast
1176 1873 240 48 planchetter,
1445 1885 81 24 som
1554 1872 188 35 användas
1770 1872 60 35 till
1857 1869 142 44 snörlif,

391 1929 203 45 hvarjemte
629 1928 190 43 utskottet,
856 1925 45 36 då
936 1939 51 22 nu
1015 1930 53 31 ett
1094 1930 84 39 nytt
1203 1924 273 36 tariffnummer
1503 1922 151 37 föreslås
1681 1923 58 35 till
1766 1921 194 37 införande
1990 1922 9 33 i

391 1981 198 43 tulltaxan,
626 1984 118 30 ansett
779 1976 319 48 följdriktigheten
1135 1975 139 45 kräfva,
1304 1981 54 30 att
1384 1976 56 34 till
1468 1974 102 36 detta
1597 1973 173 36 hänföras
1798 1974 78 35 icke
1904 1972 96 35 blott

392 2029 242 37 öfverkladda
660 2035 88 29 utan
777 2027 107 37 äfven
912 2026 264 37 oöfverklädda
1203 2026 238 48 planchetter,
1469 2025 129 36 hvilka
1615 2025 132 35 hittills
1766 2021 234 38 tullbehand-

391 2082 68 34 lats
487 2080 121 36 såsom
630 2081 204 45 jernvaror.

490 2131 16 35 T
536 2131 162 47 enlighet
724 2130 85 35 med
837 2128 97 37 hvad
962 2127 159 36 sålunda
1148 2126 140 37 anförts
1316 2127 211 36 hemställer
1555 2126 189 44 utskottet,

896 2196 70 42 4:0)
1007 2201 56 30 att
1102 2196 55 34 till
1197 2193 133 37 snörlif
1369 2193 150 37 afsedda
1559 2193 229 46 planchetter
1828 2192 172 45 beläggas

794 2247 85 35 med
915 2260 41 22 cn
995 2247 148 35 tullsats
1171 2245 39 36 af
1235 2249 45 32 40
1310 2252 61 29 öre
1398 2244 58 36 för
1487 2245 184 44 kilogram
1704 2242 66 36 och
1805 2242 46 48 på
1877 2240 123 38 veder-
