1910 2854
471 184 396 35 Jordbruksutskottets
895 182 187 33 utlåtande
1111 181 52 32 Nr
1192 180 51 30 SÅ.
1530 176 41 31 17

146 264 166 32 Därefter
332 264 94 30 hava
447 261 271 32 ämbetsverken
739 258 175 37 framlagt
935 257 135 36 förslag
1091 256 56 32 till
1169 256 94 30 vissa
1287 254 198 35 ändringar
1508 254 12 29 i
1541 252 74 37 gäl-

104 318 108 31 lande
233 315 156 37 grunder
410 315 55 31 för
485 313 240 35 statsbidrags
745 311 180 36 utgående
946 310 57 31 till
1024 309 161 35 lindring
1206 319 44 19 av
1273 305 343 33 fraktkostnaderna

104 370 65 31 vid
191 371 181 33 transport
396 377 45 21 av
463 367 86 31 kalk
572 376 45 20 m.
643 375 43 21 m.
710 366 55 30 för
787 363 229 37 jordbrukets
1040 362 121 31 behov.
1205 360 161 32 Sålunda
1388 359 151 31 föreslås
1560 359 57 30 att

106 419 412 37 fraktlindringsbidrag
540 419 62 31 bör
624 419 87 35 utgå
734 417 152 31 allenast
910 416 55 31 för
988 416 39 30 90
1050 417 143 34 procent
1215 424 46 20 av
1284 413 12 30 i
1318 412 226 35 sändningen
1565 411 50 30 in-

105 474 138 38 gående
266 483 64 22 ren
351 473 95 31 kalk.
488 471 135 33 Vidare
647 470 200 31 innefattar
872 468 183 36 förslaget,
1080 469 54 30 att
1158 467 121 31 landet
1303 464 114 32 skulle
1441 465 11 30 i
1478 465 138 30 föreva-

107 527 113 32 rande
244 525 173 33 avseende
444 524 173 37 uppdelas
642 524 13 30 i
682 522 161 37 följande
872 522 81 36 fyra
980 520 185 36 naturliga
1192 518 247 37 produktions-
1466 517 65 31 och
1555 526 61 21 av-

107 578 352 38 sättningsområden
486 577 183 36 niämligen
694 575 32 37 1)
755 575 128 36 Skåne,
907 573 33 36 2)
968 572 177 33 Götaland
1170 573 11 30 i
1207 571 118 37 övrigt
1354 571 110 36 jämte
1491 570 126 31 Värm-

106 633 98 32 land,
229 631 31 34 3)
289 631 179 32 Svealand
494 631 81 31 med
601 629 185 35 undantag
812 637 46 21 av
886 626 201 32 Värmland
1115 628 168 28 ävensom
1310 623 220 36 Gävleborgs
1556 622 62 31 län

108 687 94 30 samt
230 684 31 32 4)
292 684 44 31 de
365 684 82 36 fyra
477 682 221 36 nordligaste
730 681 116 31 länen.
900 679 120 36 Något
1049 678 112 31 behov
1190 688 46 20 av
1268 675 262 36 fraktlindring
1561 675 57 31 för

109 739 223 34 transporter
351 736 84 31 från
449 735 60 31 det
525 745 67 21 ena
611 734 56 31 till
685 734 58 31 det
760 733 114 31 andra
891 742 45 22 av
953 731 100 32 dessa
1072 730 169 31 områden
1258 730 120 35 syntes
1395 728 12 30 i
1424 727 98 37 regel
1539 727 79 31 icke

110 789 188 37 föreligga.
320 789 19 31 I
360 787 169 33 ändamål
551 788 54 30 att
627 787 37 30 få
689 786 56 31 till
768 784 105 33 stånd
895 784 73 32 viss
990 781 353 36 distriktsindelning
1365 781 12 30 i
1399 780 176 31 avseende
1597 780 20 29 å

106 843 313 35 kalktransporter
441 841 96 30 hava
558 838 271 32 ämbetsverken
851 837 160 31 förordat
1034 846 44 21 en
1099 835 245 32 bestämmelse
1367 843 45 21 av
1433 832 184 35 innebörd,

109 898 56 29 att
191 893 349 36 kalkfraktlindring
571 892 78 31 icke
676 893 56 29 må
761 891 88 36 utgå
879 889 228 32 beträffande
1136 890 181 33 transport
1345 897 47 21 av
1422 886 85 31 kalk
1536 885 83 31 från

110 947 179 32 Götaland
339 947 56 31 till
431 945 305 32 konsumtionsort
776 944 97 30 inom
909 942 190 35 Svealand,
1127 941 79 31 med
1233 940 186 35 undantag
1446 938 90 31 dock
1562 938 56 31 för

111 1000 210 35 Värmland,
348 1001 91 30 samt
464 999 75 31 dels
566 997 219 36 Gävleborgs
810 997 70 30 län.

151 1051 238 33 Beträffande
413 1051 44 31 de
487 1051 84 36 fyra
598 1049 221 35 nordligaste
847 1048 106 31 länen
980 1048 95 31 hava
1105 1045 270 32 ämbetsverken
1403 1043 213 36 framhållit,

108 1106 57 30 att
191 1102 186 33 därstädes
406 1103 56 31 för
488 1101 229 32 närvarande
748 1101 131 30 funnes
906 1099 153 32 allenast
1088 1103 49 27 ett
1167 1098 92 30 fåtal
1287 1095 333 37 kalkproducenter,

111 1156 120 32 vilkas
254 1153 418 40 produktionskapacitet
692 1153 91 31 dock
804 1153 122 36 syntes
948 1151 123 31 kunna
1094 1149 265 32 tillfredsställa
1380 1147 236 32 kalkbehovet

113 1208 97 32 inom
231 1209 111 30 orten.
380 1205 125 37 Enligt
528 1204 289 33 ämbetsverkens
839 1202 145 37 mening
1008 1202 118 36 gällde
1147 1201 59 32 det
1228 1203 55 29 att
1306 1201 38 31 få
1367 1200 56 31 till
1444 1200 108 31 stånd
1574 1208 43 22 en

111 1260 114 32 sådan
247 1257 339 34 överenskommelse
606 1257 80 31 med
707 1256 102 31 dessa
830 1254 181 33 kalkbruk
1032 1253 183 37 angående
1239 1252 111 37 priset
1370 1253 21 30 å
1411 1251 207 37 jordbruks-

112 1311 87 31 kalk
243 1312 12 31 i
276 1309 192 37 Norrland,
491 1312 54 29 att
568 1308 269 32 konkurrensen
861 1307 83 31 från
967 1305 182 39 sydligare
1170 1303 447 38 kalkproduktionscentra

115 1362 260 33 förhindrades.

153 1415 18 30 I
189 1415 105 36 fråga
314 1424 57 21 om
390 1412 290 32 förekommande
698 1411 232 36 banavgifter
949 1410 93 31 hava
1062 1408 271 32 ämbetsverken
1352 1408 116 30 såsom
1486 1405 136 32 allmän

111 1467 99 36 regel
234 1466 198 36 föreslagit,
456 1468 53 28 att
532 1484 40 3 —
596 1466 126 29 utöver
746 1463 168 36 gällande
938 1461 299 32 samtrafikstaxa
1262 1479 40 4 —
1324 1460 86 35 inga
1433 1461 102 29 extra
1563 1468 59 21 av-

112 1520 122 36 gifter,
259 1529 74 21 som
354 1518 125 35 belöpa
502 1518 55 35 sig
580 1518 45 34 på
649 1516 40 31 de
712 1517 162 29 närmast
897 1513 340 38 produktionsorten
1261 1512 168 36 liggande
1453 1511 58 30 120
1535 1510 86 31 kilo-

112 1573 113 30 meter
254 1571 180 35 fraktväg,
461 1571 57 30 må
549 1569 214 30 medräknas
791 1568 62 31 vid
882 1567 210 31 utmätande
1121 1576 45 20 av
1194 1564 125 36 statlig
1349 1563 273 36 fraktlindring.

113 1624 86 31 Alla
224 1623 269 36 fraktavgifter,
522 1624 98 28 utom
646 1621 239 35 överförings-
913 1619 64 31 och
1004 1617 408 37 omlastningsavgifter,
1437 1625 81 21 men
1542 1615 82 31 med

115 1675 267 32 inberäknande
402 1686 44 20 av
467 1674 133 32 sådana
621 1673 242 36 banavgifter,
885 1672 96 30 vilka
1001 1671 126 35 belöpa
1146 1670 54 36 sig
1220 1671 44 35 på
1286 1669 179 36 fraktväg,
1485 1669 138 35 liggan-

116 1729 41 31 de
177 1731 98 29 utom
292 1737 86 27 nyss
397 1727 155 36 angiven
574 1729 117 33 gräns,
711 1726 114 30 skulle
845 1724 173 31 inräknas
1037 1723 108 31 bland
1163 1724 43 30 de
1226 1721 200 33 kostnader,
1447 1723 56 28 för
1525 1720 98 31 vilka

116 1780 262 37 fraktlindring
395 1782 57 30 må
470 1781 97 34 utgå.

157 1833 179 36 Jlutligen
360 1833 95 31 hava
481 1831 272 32 ämbetsverken
780 1829 197 36 föreslagit,
1003 1831 55 29 att
1084 1828 142 31 frakten
1255 1828 129 30 liksom
1411 1826 132 31 hittills
1570 1826 54 31 be-

114 1885 178 32 räknades
318 1885 91 31 efter
432 1884 106 31 tariff
562 1884 47 35 13,
633 1893 80 20 men
736 1885 53 29 att
814 1882 257 35 fraktgränsen
1096 1881 55 30 för
1174 1880 238 34 statsbidrags
1436 1878 189 37 utgående,

115 1948 52 21 nu
189 1939 38 30 50
250 1940 58 29 öre
331 1947 62 26 per
418 1937 57 30 100
499 1936 188 35 kilogram,
711 1946 45 19 av
779 1933 301 32 statsfinansiella
1104 1933 78 30 skäl
1206 1934 109 29 sattes
1339 1931 55 31 till
1418 1931 37 30 60
1479 1934 59 28 öre
1562 1940 63 26 per

117 1991 59 31 100
194 1990 187 36 kilogram,
403 1990 51 30 ett
473 1988 126 35 belopp
618 1997 76 21 som
713 1988 162 29 närmast
898 1985 228 31 motsvarade
1148 1994 43 21 en
1212 1985 115 34 lägsta
1350 1983 210 35 fraktgräns
1581 1992 45 21 av

116 2044 41 30 50
175 2045 58 28 öre
254 2042 60 31 vid
331 2040 233 36 befraktning
584 2040 114 34 enligt
718 2039 106 30 tariff
845 2039 46 29 14.

157 2095 67 31 Det
245 2093 238 36 erforderliga
503 2091 311 37 anslagsbeloppet
837 2091 65 30 har
925 2090 191 31 beräknats
1138 2089 56 31 till
1217 2089 127 31 250,000
1366 2088 141 31 kronor.

159 2147 75 31 Mot
253 2145 289 33 ämbetsverkens
560 2145 194 34 utredning
775 2144 64 30 och
859 2143 136 36 förslag
1014 2143 94 30 hava
1130 2142 10 30 i
1163 2142 89 30 flera
1272 2152 45 20 av
1336 2142 41 30 de
1397 2140 151 31 däröver
1568 2150 58 21 av-

119 2199 109 35 givna
252 2198 219 37 yttrandena
493 2199 90 28 rests
605 2196 193 36 allvarliga
822 2195 280 35 invändningar.
1145 2194 17 29 I
1186 2193 126 31 sådant
1337 2193 172 30 avseende
1533 2192 94 31 tillå-

120 2253 55 28 ter
199 2251 52 35 sig
275 2250 171 31 utskottet
471 2249 153 31 hänvisa
649 2249 53 30 till
729 2249 66 31 den
822 2247 222 35 redogörelse
1071 2248 54 28 för
1149 2247 42 29 de
1218 2246 154 34 avgivna
1400 2245 227 35 vttrandena,

119 2313 75 20 som
219 2302 198 31 återfinnes
443 2303 10 29 i
479 2300 401 36 statsrådsprotokollet.

161 2405 50 30 De
234 2404 255 34 förändringar
515 2404 6 29 i
550 2403 221 30 förhållande
797 2403 52 30 till
875 2412 43 20 nu
944 2401 165 35 gällande
1133 2401 155 34 grunder
1314 2401 52 28 för
1389 2399 239 35 statsbidrags

121 2456 177 36 utgående
322 2456 53 31 till
400 2456 160 34 lindring
582 2466 43 19 av
654 2455 304 34 fraktavgifterna
986 2455 52 28 för
1059 2453 83 30 kalk
1166 2463 42 20 m.
1232 2463 52 19 m..
1309 2462 70 19 som
1406 2452 189 29 innebäras
1620 2452 7 28 i

121 2508 134 36 Kungl.
281 2508 128 35 Maj:ts
435 2508 145 34 förslag,
606 2508 122 29 kunna
753 2507 279 30 sammanfattas
1057 2505 160 31 sålunda.

126 2581 108 30 Bihang
258 2581 40 23 till
322 2580 165 30 riksdagens
511 2579 145 31 protokoll
682 2580 72 22 1952.
800 2581 29 21 10
850 2580 79 23 saml.
969 2581 31 21 37
1023 2578 67 30 häft.
1130 2579 48 23 (Nr
1198 2579 124 21 85—85.)
1580 2576 15 22 2

1670 2413 162 24 Innebörden

1677 2457 30 15 av
1726 2447 97 29 Kungl.

1707 2483 94 30 Maj:t3

1694 2518 108 30 förslag.
