2180 2616
391 183 19 30 2
879 181 252 34 Statsutskottets
1152 183 166 33 utlåtande
1341 183 52 32 Nr
1414 186 71 30 129.

494 266 73 36 Det
608 267 158 36 sålunda
807 267 176 37 anvisade
1024 268 174 49 beloppet
1239 269 68 36 har
1347 270 205 36 emellertid
1592 270 97 36 visat
1723 270 61 48 sig
1813 284 87 23 vara
1927 272 59 36 för

391 317 213 37 ändamålet
646 319 241 49 otillräckligt
928 323 49 46 på
1018 320 120 48 grund
1181 334 47 23 av
1270 321 46 37 de
1357 322 175 48 stegrade
1560 323 169 48 priserna
1758 324 18 33 å
1808 323 47 35 all
1883 324 101 47 slags

390 369 384 49 byggnadsmateriel.

494 421 237 37 Beträffande
772 422 72 37 den
885 436 75 36 nya
1000 424 354 49 mässbyggnadens
1390 424 86 48 läge
1518 425 95 36 hava
1649 439 50 22 nu
1735 439 46 22 av
1809 426 174 48 myndig-

389 473 155 36 heterna
586 474 196 49 framlagts
810 480 138 31 tvenne
977 475 152 49 förslag,
1159 476 198 36 alternativ
1385 477 32 35 A
1446 476 436 49 (marinförvaltningens
1911 478 74 36 för-

390 525 95 48 slag)
529 525 70 36 och
640 526 198 36 alternativ
865 526 29 36 B
924 527 166 48 (chefens
1119 528 57 35 för
1203 528 281 37 kustartilleriet
1512 528 168 49 förslag).
1729 529 60 36 Då
1817 530 58 35 för
1902 535 82 31 när-

389 577 164 36 varande
580 577 120 37 finnes
729 584 53 30 ett
810 579 226 47 exercishus,
1067 579 65 36 där
1159 580 178 49 föredrag
1365 581 126 35 kunna
1515 581 130 48 hållas,
1665 581 67 36 har
1753 581 72 36 den
1845 581 139 49 ifråga-

389 635 99 30 satta
516 630 288 48 samlingssalen
833 631 187 36 uteslutits
1048 631 83 36 från
1161 632 202 49 förslagen.

493 681 130 49 Enligt
664 682 423 49 marinförvaltningens
1127 684 157 48 mening
1313 684 212 49 framginge
1553 685 159 36 rörande
1742 685 108 37 dessa
1878 686 105 35 alter-

389 739 125 30 nativ:

491 790 55 31 att
588 785 200 36 alternativ
816 786 32 36 A
877 785 151 50 erbjöde
1068 787 203 49 rymligare
1313 788 70 36 och
1407 788 172 48 jämnare
1607 788 301 49 byggnadsplats
1937 794 47 31 än

388 836 200 36 alternativ
615 836 30 36 B
674 843 96 30 samt
798 843 54 30 att
880 838 175 49 omkring
1074 838 231 50 byggnaden
1326 840 118 47 enligt
1464 840 198 36 alternativ
1677 841 33 35 Å
1727 841 258 48 planteringar

389 888 133 38 lättare
550 888 124 40 kunde
703 889 201 46 anordnas;

492 946 54 30 att
584 941 72 36 den
683 941 85 37 med
797 942 197 36 alternativ
1022 941 29 36 B
1081 942 232 37 betecknade
1341 943 147 49 platsen
1518 944 164 36 däremot
1710 957 90 23 vore
1829 957 154 36 synner-

388 992 102 49 ligen
532 995 124 46 trång,
699 993 185 37 beroende
911 996 48 46 på
987 1000 55 30 att
1083 994 231 37 omedelbart
1342 1000 100 32 öster
1469 1008 61 23 om
1559 995 350 49 byggnadsplatsen
1937 1010 45 22 en

387 1049 92 31 nära
510 1046 46 34 10
585 1050 116 31 meter
740 1045 78 48 hög
859 1045 98 36 kulle
993 1059 47 22 av
1068 1052 100 30 stora
1205 1046 195 37 stenblock
1431 1053 99 30 reste
1558 1048 70 47 sig,
1657 1048 128 36 varför
1813 1050 20 34 å
1861 1048 122 36 denna

388 1096 80 36 sida
505 1109 47 23 av
579 1096 109 37 huset
717 1109 46 23 en
790 1097 90 36 flera
908 1102 117 32 meter
1051 1097 90 37 bred
1169 1099 90 48 plan
1288 1102 118 33 måste
1433 1099 216 36 utschaktas
1679 1099 70 37 och
1779 1099 203 50 dränering

387 1147 200 48 anordnas,
616 1149 58 35 för
701 1154 56 30 att
785 1149 82 36 icke
895 1149 82 36 fukt
1006 1149 119 37 skulle
1153 1155 79 31 tära
1261 1151 61 47 sig
1348 1151 38 35 in
1413 1151 12 35 i
1454 1151 183 45 källaren;

491 1205 54 30 att
586 1200 169 36 däremot
797 1201 58 36 för
886 1201 182 49 byggnad
1095 1208 89 30 utan
1215 1203 240 48 samlingssal
1482 1209 186 42 utrymme
1696 1203 138 36 funnes
1863 1203 120 49 enligt

387 1252 200 36 alternativ
614 1252 42 47 B,
686 1252 118 37 ehuru
846 1253 243 48 möjligheten
1118 1259 54 31 att
1200 1254 167 36 anordna
1395 1255 257 48 planteringar
1680 1255 69 36 och
1778 1255 205 49 sittplatser

387 1303 11 35 i
428 1302 62 37 det
518 1303 71 36 fria
617 1317 90 23 vore
736 1304 187 49 betydligt
951 1318 102 23 mera
1080 1305 200 37 inskränkt
1308 1312 47 30 än
1384 1307 119 48 enligt
1531 1307 197 36 alternativ
1756 1307 48 45 A;

491 1360 54 31 att
572 1355 250 37 huvudskälet
850 1356 57 36 för
935 1357 196 36 alternativ
1160 1358 27 35 B
1217 1363 131 43 syntes
1376 1371 91 23 vara
1495 1372 45 23 en
1569 1372 46 22 av
1642 1359 341 36 underofficerarna

385 1407 144 35 uttalad
571 1407 154 48 önskan,
768 1412 55 31 att
864 1408 350 50 manskapsmässen
1256 1410 161 36 förlades
1458 1413 48 46 på
1547 1415 115 32 större
1704 1411 158 36 avstånd
1900 1411 81 36 från

385 1458 501 38 underofficersbostäderna
927 1465 48 31 än
1017 1460 119 49 enligt
1173 1461 197 36 alternativ
1397 1461 44 48 Å,
1471 1467 53 31 ett
1551 1463 128 47 motiv,
1709 1476 81 22 som
1819 1463 162 48 givetvis

385 1510 115 36 borde
528 1510 165 48 beaktas,
722 1511 12 35 i
763 1511 71 36 den
862 1514 85 33 mån
976 1515 41 33 så
1045 1512 124 37 kunde
1189 1512 66 37 ske
1270 1519 91 30 utan
1377 1519 52 31 att
1444 1513 379 50 byggnadstekniska
1838 1515 142 48 svårig-

385 1562 105 36 heter
517 1562 183 45 vållades;

489 1619 54 31 att
571 1614 620 49 grundläggningsförhållandena
1218 1616 86 36 med
1332 1616 148 49 hänsyn
1508 1617 55 36 till
1592 1617 174 37 markens
1792 1618 95 36 form
1908 1618 70 37 och

385 1665 260 37 beskaffenhet
685 1679 89 23 vore
816 1671 119 31 sämre
976 1666 121 49 enligt
1137 1668 201 36 alternativ
1374 1667 42 48 B,
1458 1669 123 36 vadan
1622 1669 114 37 härav
1779 1670 200 48 betingade

384 1717 205 37 kostnader
630 1718 105 36 torde
775 1719 163 48 ungefär
969 1724 188 31 motsvara
1185 1719 72 37 den
1287 1719 57 37 för
1372 1733 142 24 samma
1542 1722 197 36 alternativ
1767 1721 212 37 beräknade

385 1769 195 37 minskade
608 1770 210 36 kostnaden
846 1770 57 36 för
929 1771 212 49 ledningar;
1172 1777 97 31 samt

487 1827 55 30 att
582 1824 48 46 på
670 1822 147 48 platsen
854 1822 56 36 för
947 1823 198 36 alternativ
1172 1823 30 36 B
1233 1824 56 35 för
1317 1824 232 37 närvarande
1577 1825 133 37 funnes
1740 1831 54 31 ett
1822 1826 155 36 exercis-

385 1873 137 47 förråd,
551 1878 54 31 ett
633 1873 83 36 stall
745 1874 70 36 och
831 1887 45 23 en
892 1874 215 49 expedition
1121 1875 57 36 för
1193 1875 417 50 bataljonsdagbefälet,
1626 1877 100 36 vilka
1741 1877 236 50 byggnader,

384 1925 59 36 för
472 1925 72 36 den
571 1925 179 37 händelse
779 1926 102 36 detta
909 1927 197 36 alternativ
1134 1927 150 36 komme
1312 1928 56 36 till
1396 1928 211 48 utförande,
1635 1932 119 34 måste
1773 1929 128 49 flyttas
1922 1930 57 36 för

384 1990 46 23 en
459 1977 189 36 beräknad
676 1977 161 37 kostnad
867 1991 46 23 av
940 1980 114 45 4,000
1083 1979 148 36 kronor.

488 2028 429 50 Departementschefen
944 2030 69 37 har
1038 2030 11 36 i
1078 2031 117 36 likhet
1223 2031 85 36 med
1337 2031 399 49 marinförvaltningen
1766 2038 122 31 ansett
1916 2033 60 49 sig

383 2080 93 37 böra
505 2080 149 37 förorda
680 2081 198 37 alternativ
906 2083 44 47 A,
979 2082 115 37 vilket
1121 2083 201 37 beräknats
1351 2083 117 49 draga
1496 2097 45 23 en
1565 2084 160 37 kostnad
1745 2098 47 23 av
1815 2087 161 45 178,000

384 2132 152 37 kronor.

485 2184 74 37 Det
600 2185 242 49 erforderliga
882 2186 333 50 tilläggsbeloppet
1257 2187 121 37 skulle
1419 2188 107 36 alltså
1566 2193 135 44 utgöra
1729 2188 178 49 (178,000
1927 2210 49 5 —

386 2235 176 50 110.000)
592 2238 137 46 68,000
758 2237 148 37 kronor.
962 2238 136 36 Härtill
1126 2239 150 36 komma
1305 2239 78 37 dels
1412 2239 249 38 kostnaderna
1689 2240 58 37 för
1775 2241 202 50 inredning
