1852 2770
217 163 19 29 2
406 163 188 30 Allmänna
617 163 397 39 beredningsutskottets
1039 163 177 29 utlåtande
1238 172 42 20 nr
1300 164 42 28 29
1363 163 39 29 år
1426 164 83 28 1965

215 242 178 39 styrelsen,
415 242 401 35 naturvårdsnämnden,
837 243 360 39 byggnadsstyrelsen,
1220 242 276 30 Riksförbundet
1517 243 184 39 landsbyg-

215 295 85 30 dens
321 295 73 30 folk
420 295 135 34 (RLF),
577 295 154 30 Svenska
751 295 445 40 naturskyddsföreningen
1218 296 64 29 och
1303 295 207 30 Samfundet
1530 295 54 29 för
1606 296 95 29 hem-

215 349 204 39 bygdsvård.

262 402 12 28 I
288 402 210 39 yttrandena
513 402 138 29 anföres
666 402 45 29 bl.
727 411 30 20 a.
773 411 41 20 av

257 526 508 39 Arbetsmarknadsstyrelsen:

259 588 173 39 Styrelsen
453 597 103 21 anser
576 590 50 28 att
646 589 45 29 bl.
713 598 30 20 a.
765 598 41 20 en
828 588 202 40 översiktlig
1050 588 393 39 naturvårdsplanering
1464 587 139 30 behövs.
1626 588 74 29 Den

213 640 63 30 bör
296 640 205 30 samordnas
522 641 78 29 med
620 651 118 20 annan
760 641 351 40 samhällsplanering
1131 642 64 29 och
1214 641 62 29 bör
1296 633 122 37 därvid
1439 641 121 28 kunna
1580 640 47 29 bli
1648 640 52 29 till

212 693 207 40 vägledning
438 694 56 30 för
510 694 66 30 den
595 694 164 30 fortsatta
775 694 430 40 bebyggelseplaneringen
1224 694 64 30 och
1306 693 185 30 förhindra
1508 693 193 30 konflikter

213 746 12 30 i
243 746 98 39 fråga
360 755 57 21 om
436 747 373 39 markanvändningen
829 747 81 30 eller
929 747 213 30 åtminstone
1162 748 81 38 göra
1262 747 56 29 det
1338 747 124 29 lättare
1482 748 50 28 att
1552 748 35 28 ta
1606 746 95 30 ställ-

214 800 84 39 ning
322 800 50 29 till
398 800 133 30 sådana
556 800 202 30 konflikter.
784 801 51 28 En
860 800 394 39 naturvårdsplanering
1277 800 64 29 har
1366 800 149 29 kommit
1540 800 10 28 i
1576 799 89 39 gång
1689 800 11 28 i

214 853 89 29 flera
325 853 67 29 län.
417 853 175 39 Styrelsen
614 854 39 28 är
675 863 45 20 av
742 853 66 30 den
831 853 272 39 uppfattningen
1126 855 50 28 att
1199 853 67 29 den
1289 853 61 29 bör
1373 852 238 30 intensifieras
1635 852 66 29 och

214 905 204 30 förutsätter
440 908 51 27 att
514 905 350 40 fritidsutredningen
886 907 159 28 kommer
1067 908 49 28 att
1139 908 152 37 upptaga
1313 906 115 29 denna
1450 905 99 40 fråga
1570 905 53 30 till
1644 905 57 29 be-

213 959 177 39 handling.

256 1088 413 30 Naturvårdsnämnden:

256 1149 395 31 Naturvårdsnämnden
670 1150 67 29 har
755 1149 105 40 enligt
880 1150 54 29 sin
953 1149 216 30 instruktion
1187 1149 46 29 bl.
1253 1158 29 20 a.
1302 1151 51 28 att
1372 1148 79 30 leda
1469 1148 133 30 arbetet
1621 1147 80 30 med

212 1204 51 28 att
280 1202 230 40 planmässigt
527 1203 179 29 inventera
724 1203 66 30 och
806 1202 134 40 utvälja
957 1202 274 30 naturområden
1250 1211 75 20 som
1343 1202 189 39 lämpligen
1549 1201 62 29 bör
1629 1201 72 29 sär-

212 1255 84 30 skilt
316 1256 165 34 avsättas,
503 1258 90 28 samt
614 1258 49 28 att
685 1255 81 31 från
787 1255 392 40 naturvårdssynpunkt
1201 1255 88 39 följa
1309 1255 68 29 den
1398 1255 180 29 allmänna
1597 1254 104 39 bygg-

212 1308 318 40 nadsplaneringen
550 1309 165 29 ävensom
735 1309 106 29 verka
862 1308 54 30 för
937 1310 51 28 att
1009 1308 207 30 stränderna
1238 1307 152 40 skyddas
1412 1308 65 29 och
1498 1309 51 28 att
1571 1307 130 29 arbets-

211 1361 144 39 företag,
375 1362 97 30 vilka
491 1362 70 29 kan
581 1362 159 29 medföra
759 1361 186 30 bestående
965 1361 150 39 ändring
1134 1370 43 21 av
1196 1360 386 33 naturförhållandena,
1603 1360 98 39 plan-

211 1415 96 39 läggs
326 1415 64 29 och
409 1414 115 31 utförs
543 1415 78 29 med
639 1414 196 30 beaktande
854 1424 42 20 av
914 1414 101 30 deras
1035 1414 168 29 inverkan
1223 1413 45 40 på
1286 1415 160 28 naturen.
1465 1413 80 30 Med
1562 1413 138 38 hänsyn

211 1468 120 29 härtill
355 1467 64 30 har
444 1467 178 30 nämnden
646 1467 81 30 med
753 1477 60 20 oro
837 1467 163 40 iakttagit
1025 1469 51 28 att
1102 1466 94 30 såväl
1221 1466 161 30 enskilda
1406 1466 193 29 industrier
1624 1474 75 21 som

212 1520 132 40 statligt
364 1521 96 34 verk,
484 1522 85 28 utan
591 1520 196 30 beaktande
809 1530 42 20 av
872 1520 188 40 planerade
1083 1519 82 30 eller
1185 1519 167 39 vidtagna
1374 1518 326 40 naturvårdsåtgär-

212 1574 70 34 der,
304 1573 100 40 ingår
423 1574 93 29 avtal
539 1573 78 30 med
639 1573 160 30 enskilda
821 1573 206 39 markägare
1049 1582 56 20 om
1127 1572 140 30 förvärv
1288 1582 41 20 av
1351 1572 112 34 mark,
1485 1581 80 20 vars
1588 1571 112 30 avsät-

211 1626 105 31 tande
340 1636 74 20 som
438 1627 261 29 naturreservat
723 1626 258 34 aktualiserats,
1007 1628 91 28 samt
1121 1626 102 29 mark
1247 1634 75 21 som
1346 1625 250 39 länsstyrelsen
1622 1624 78 30 sökt

212 1679 135 40 skydda
368 1680 82 29 eller
472 1688 43 21 ur
536 1679 382 40 planeringssynpunkt
941 1679 37 30 få
999 1681 49 28 ett
1070 1686 106 32 grepp
1198 1687 58 21 om
1277 1686 124 31 genom
1424 1677 211 30 utfärdande
1658 1686 43 21 av

212 1732 461 40 strandlagsförordnanden
699 1732 84 30 eller
807 1731 309 40 byggnadsförbud
1142 1732 106 38 enligt
1277 1731 59 29 122
1365 1731 15 36 $
1407 1731 292 39 byggnadslagen.

212 1786 126 39 Dylika
353 1785 245 30 markförvärv
613 1786 70 29 kan
700 1785 159 30 försvåra
873 1785 83 30 eller
971 1787 78 27 rent
1065 1794 41 20 av
1122 1784 229 39 omöjliggöra
1366 1784 68 29 den
1449 1783 252 39 markdisposi-

211 1839 74 29 tion
310 1847 74 21 som
407 1848 85 20 man
516 1838 222 30 eftersträvat
763 1838 78 30 med
865 1838 67 29 den
955 1837 148 40 tidigare
1127 1837 215 40 planerings-
1366 1837 164 32 och/eller
1555 1836 146 40 skydds-

211 1892 177 39 åtgärden.

256 1945 64 29 Det
336 1945 11 29 i
364 1945 220 29 motionerna
601 1944 151 30 anförda
768 1944 154 30 aktuella
939 1943 98 31 fallet
1055 1953 101 30 synes
1174 1952 80 21 avse
1270 1942 343 31 vattenfallsverkets
1630 1942 71 30 för-

210 1998 86 29 värv
312 2007 42 20 av
370 1997 102 29 mark
491 1997 20 30 å
528 1997 264 39 Biskopshagen
810 1997 11 29 i
839 1997 90 29 Värö
947 1997 182 34 kommun,
1148 1996 168 30 Hallands
1335 1996 69 29 län.
1423 1996 72 29 Där
1513 1995 188 31 aktualise-

211 2050 102 30 rades
336 2050 107 30 redan
466 2050 11 29 i
500 2050 70 39 maj
599 2050 81 29 1962
704 2059 44 20 en
771 2050 157 29 ansökan
950 2059 58 21 om
1033 2049 210 40 fridlysning
1266 2058 74 21 som
1364 2049 237 34 naturminne,
1624 2058 77 20 var-

210 2103 110 39 jämte
339 2103 94 30 såväl
454 2102 436 40 strandlagsförordnande
910 2112 75 21 som
1006 2102 235 30 förordnande
1260 2102 107 39 enligt
1389 2102 60 30 122
1472 2102 15 37 $
1508 2102 193 39 byggnads-

212 2157 100 38 lagen
332 2156 186 30 utfärdats.
538 2156 129 30 Besvär
684 2157 82 29 över
785 2166 41 20 en
845 2156 130 39 vägrad
994 2156 142 39 dispens
1156 2155 56 30 för
1230 2154 220 40 uppförande
1471 2165 42 20 av
1533 2163 168 21 sommar-

213 2211 102 37 stuga
335 2209 94 30 inom
452 2209 158 30 området
631 2209 65 29 har
717 2209 125 39 Kungl.
864 2209 106 39 Maj:t
992 2209 134 29 lämnat
1148 2210 85 28 utan
1254 2208 99 30 bifall
1376 2208 38 30 så
1437 2210 76 28 sent
1537 2217 74 20 som
1634 2207 66 29 den

210 2263 20 29 5
248 2262 153 30 februari
422 2262 94 30 1965.

257 2316 64 29 Det
345 2315 111 30 måste
482 2315 56 30 för
563 2315 64 30 den
653 2315 158 30 enskilde
835 2315 251 39 medborgaren
1112 2323 104 31 synas
1241 2314 101 40 högst
1368 2313 332 40 anmärkningsvärt

211 2370 63 32 att,
294 2368 126 29 medan
439 2368 71 29 han
528 2368 123 39 vägras
671 2368 112 39 bygga
802 2370 47 28 ett
869 2367 187 30 fritidshus
1076 2367 44 39 på
1139 2367 157 30 området
1315 2367 45 40 på
1379 2367 113 39 grund
1512 2376 43 20 av
1573 2368 51 28 att
1643 2367 57 29 det

211 2430 44 20 ur
276 2420 432 40 naturvårdssynpunkter
731 2421 89 29 skall
842 2421 154 34 bevaras,
1020 2423 49 27 ett
1092 2420 131 39 statligt
1245 2420 85 30 verk
1351 2420 96 30 inom
1471 2428 136 21 samma
1629 2429 72 20 om-

211 2474 85 30 råde
313 2475 162 38 planerar
493 2473 214 40 anläggande
726 2483 43 20 av
785 2483 43 20 en
845 2474 152 29 industri
1016 2482 75 21 som
1109 2473 159 30 kommer
1285 2475 50 28 att
1352 2473 73 31 helt
1443 2472 169 30 förändra
1628 2482 73 21 om-
