2214 2584
418 142 19 30 4
839 140 343 32 Jordbruksutskottets
1204 139 165 33 utlåtande
1391 140 53 32 Nr
1467 141 52 30 91.

1103 422 59 40 Nr
1188 423 60 40 9.

954 578 112 28 Ankom
1087 578 43 27 till
1148 578 166 35 riksdagens
1335 577 94 28 kansli
1448 577 53 27 den
1519 577 35 27 22
1574 577 54 36 maj
1650 577 68 27 1916
1736 577 37 26 kl.
1794 577 16 26 4
1829 586 22 17 e.
1871 587 35 17 m.

583 720 200 43 Utlåtande,
815 722 12 34 i
855 720 197 45 anledning
1094 731 43 24 av
1173 719 137 45 Kungl.
1347 719 133 43 Maj:ts
1506 719 167 35 skrivelse
1700 719 80 35 med
1807 718 170 35 överläm-

775 791 121 34 nande
924 801 42 24 av
994 793 48 32 ett
1064 789 332 46 protokollsutdrag
1423 789 154 35 rörande
1600 788 190 45 ändring
1775 783 22 56 i
1805 787 173 46 gällande

778 859 258 36 bestämmelser
1076 858 185 45 angående
1303 858 217 45 statsbidrag
1548 857 57 36 till
1627 856 264 46 fraktavgifter
1913 857 66 44 för

777 928 85 35 kalk
890 939 45 23 m.
964 939 45 23 m.
1034 926 68 45 för
1123 927 231 44 jordbrukets
1383 926 114 36 behov.

507 1081 18 37 I
553 1094 46 24 en
627 1081 56 36 till
706 1080 208 49 riksdagen
934 1080 71 37 den
1028 1082 44 34 17
1095 1079 97 49 april
1214 1081 97 35 1916
1333 1080 160 47 avlåten,
1514 1079 57 37 till
1589 1079 411 49 jordbruksutskottet”

379 1133 183 37 hänvisad
591 1132 194 47 skrivelse,
816 1146 44 22 nr
888 1134 85 45 246,
1003 1132 69 36 har
1099 1131 143 49 Kungl.
1272 1131 108 49 Maj:t
1409 1131 58 36 för
1494 1131 63 36 det
1584 1131 12 36 1
1624 1130 122 49 bilagt
1772 1131 139 48 utdrag
1932 1144 47 24 av

377 1183 414 51 statsrådsprotokollet
833 1189 89 31 över
954 1183 371 49 jordbruksärenden
1363 1183 60 36 för
1456 1196 143 23 samma
1627 1182 77 49 dag
1731 1182 248 37 omförmälda

377 1237 175 36 ändamål
580 1236 56 37 till
663 1235 205 50 riksdagen
897 1235 233 37 överlämnat
1158 1247 145 24 samma
1331 1234 360 50 protokollsutdrag.

509 1288 191 37 Utskottet
728 1287 229 47 hemställer,

911 1395 53 31 att
1005 1390 247 36 förevarande
1293 1389 183 37 skrivelse
1517 1390 85 35 med
1630 1389 351 50 protokollsutdrag

780 1445 61 33 må
871 1456 44 22 av
941 1441 206 48 riksdagen
1176 1446 90 31 utan
1287 1441 152 36 erinran
1458 1441 135 49 läggas
1612 1441 58 36 till
1688 1441 290 49 handlingarna.

511 1546 204 37 Stockhom
744 1547 73 36 den
847 1548 45 34 22
923 1546 71 49 maj
1029 1547 110 35 1916.

842 1649 50 37 På
916 1649 409 49 jordbruksutskottets
1353 1654 161 43 vägnar:

944 1743 170 38 RAOUL
1143 1743 280 37 HAMILTON.

587 1952 220 27 Närvarande:
829 1950 95 27 herrar
950 1959 83 34 greve
1061 1949 153 32 Hamilton,
1233 1949 171 36 Holmquist,
1424 1949 144 31 Lindblad,
1588 1949 160 32 Hellström,
1767 1959 83 27 greve
1869 1949 112 28 Wacht-

828 1995 119 30 meister,
977 1993 154 31 Åkerlund,
1159 1993 178 32 Barthelson,
1365 1993 130 33 Jonsson,
1523 1993 115 27 friherre
1666 1994 41 26 De
1736 1993 79 32 Geer,
1843 1993 139 36 Fagerlin,

829 2037 85 35 Tysk,
935 2037 86 34 Hage,
1042 2036 88 27 Norin
1149 2036 51 27 och
1219 2036 172 28 Andersson.

585 2277 237 57 STOCKHOLM,
848 2282 112 40 ISAAC
984 2297 157 26 MARCUS'
1160 2296 527 32 BOKTRYCKERI-AKTIEBOLAG,
1708 2281 75 40 1916.
