2196 2614
207 1213 142 25 Utskottet.

397 175 40 30 30
930 181 227 31 Statsutskottets
1180 184 150 29 utlåtande
1353 186 48 28 Nr
1425 189 67 27 105.

397 255 150 35 chefens
575 256 153 48 mening
754 258 79 34 icke
862 257 36 36 få
926 258 140 44 hindra,
1095 264 54 31 att
1177 261 156 36 särskild
1361 261 294 50 fackinspektion
1684 279 44 22 av
1755 266 104 37 dessa
1886 269 122 36 skolor

398 304 193 44 anordnas,
634 305 65 36 där
731 306 111 37 sådan
872 309 68 34 kan
969 322 105 23 anses
1102 309 230 51 erforderlig.
1387 311 154 39 Särskilt
1568 322 40 29 är
1636 317 113 35 sådan
1777 329 44 23 av
1848 319 121 36 nöden
1997 321 11 34 i

396 354 46 35 de
482 356 300 47 yrkesbestämda
822 357 442 50 fortsättningsskolorna,
1303 363 66 35 och
1399 363 57 36 för
1484 363 81 37 dess
1592 367 324 48 åvägabringande
1942 370 66 35 bör

396 406 206 35 samarbete
630 407 147 35 komma
804 409 57 34 till
889 409 105 36 stånd
1024 411 133 35 mellan
1188 410 428 53 folkskolöverstyrelsen
1644 419 68 35 och
1732 414 276 57 chefsmyndig-

398 455 108 35 heten
535 455 58 36 för
619 458 440 49 yrkesundervisningen.

500 506 13 34 I
542 506 104 48 fråga
672 521 59 22 om
760 509 219 37 besvärsmål
1006 512 11 33 i
1045 511 172 45 ärenden,
1247 525 76 23 som
1352 515 97 46 gälla
1477 514 445 51 fortsättningsskolorna,
1943 520 65 35 har

396 556 409 47 departementschefen
833 561 11 33 i
873 560 114 35 likhet
1015 561 82 36 med
1125 563 232 45 kommittén,
1387 563 432 53 folkskolöverstyrelsen
1847 569 68 35 och
1943 570 62 35 de-

397 609 458 48 partementssakkunniga
896 609 174 47 förordat,
1113 617 55 31 att
1209 613 127 36 besvär
1378 616 10 33 i
1430 615 125 48 dylika
1595 616 66 36 fall
1690 619 117 35 skulle
1835 620 171 35 liksom
1981 605 28 62 i

395 655 106 49 fråga
528 670 58 23 om
615 657 249 38 folkskolorna
893 668 160 29 närmast
1080 663 66 35 allt
1173 662 94 37 efter
1294 665 203 36 ärendenas
1521 672 109 30 natur
1649 667 147 37 anföras
1816 670 66 36 hos
1901 670 105 36 dom-

396 707 138 48 kapitel
574 709 90 35 eller
704 711 247 48 länsstyrelse.
1005 712 415 48 Departementschefen
1463 717 64 34 har
1567 717 93 36 dock
1697 719 78 35 icke
1804 726 120 30 ansett
1951 722 55 47 sig

395 758 125 34 kunna
560 758 145 37 biträda
746 765 53 31 ett
840 774 43 22 av
924 762 426 50 folkskolöverstyrelsen
1380 765 174 49 framlagt
1582 767 149 49 förslag,
1761 775 53 30 att
1841 776 164 43 översty-

395 809 120 34 relsen
556 809 114 36 borde
710 811 145 35 inträda
895 825 77 22 som
1015 815 141 34 instans
1184 815 134 35 mellan
1346 816 238 49 domkapitel,
1612 820 205 47 respektive
1844 821 161 49 länssty-

395 859 104 42 relse,
529 860 66 35 och
626 859 136 49 Kungl.
784 861 115 46 Maj:t,
930 868 87 30 utan
1047 863 178 43 förordar,
1254 871 53 30 att
1335 866 128 36 besvär
1491 874 84 29 över
1603 882 44 23 av
1663 869 226 49 domkapitel
1917 871 89 35 eller

395 921 42 22 av
465 909 236 49 länsstyrelse
731 911 139 36 fattade
898 913 122 36 beslut
1046 914 88 36 böra
1161 915 298 49 anhängiggöras
1487 917 120 37 direkt
1635 920 65 35 hos
1730 920 132 49 Kungl.
1889 921 115 48 Maj:t.

395 958 82 36 Han
519 960 155 36 betonar
714 963 217 43 emellertid,
969 969 52 30 att
1048 965 197 48 tillbörligt
1272 967 205 48 inflytande
1506 971 45 44 på
1578 969 290 37 besvärsmålens
1895 979 109 40 avgö-

395 1009 113 35 rande
537 1010 65 36 bör
630 1012 11 34 i
664 1013 101 45 varje
794 1011 64 37 fall
887 1013 243 37 tillförsäkras
1160 1015 428 51 folkskolöverstyrelsen
1605 1022 45 45 på
1670 1023 39 33 så
1728 1026 83 37 sätt,
1828 1026 54 30 att
1900 1028 103 29 över-

396 1061 182 47 styrelsen
619 1062 158 35 erhåller
817 1063 145 37 tillfälle
1002 1070 53 30 att
1094 1068 129 45 avgiva
1260 1068 216 35 utlåtanden
1506 1075 88 30 över
1621 1069 45 36 de
1693 1070 130 36 besvär
1850 1072 153 35 rörande

397 1109 443 49 fortsättningsskolorna,
869 1127 77 22 som
975 1114 145 37 anföras
1150 1117 64 35 hos
1244 1117 134 48 Kungl.
1409 1119 115 46 Maj:t.

499 1211 71 35 Till
610 1212 69 35 vad
720 1214 10 33 i
773 1215 275 46 propositionen
1090 1215 206 49 föreslagits
1337 1218 228 37 beträffande
1598 1220 405 50 fortsättningsskolans

398 1260 227 49 förvaltning
651 1264 68 34 och
748 1265 209 47 inspektion
985 1266 69 35 kan
1083 1267 178 35 utskottet
1288 1269 10 33 i
1326 1269 67 35 allt
1419 1271 201 47 väsentligt
1643 1273 145 35 ansluta
1814 1274 67 47 sig.

495 1311 164 37 Sålunda
700 1327 105 22 anser
846 1314 55 49 sig
943 1316 179 36 utskottet
1162 1318 126 35 kunna
1329 1317 87 37 fullt
1457 1320 68 35 och
1566 1321 76 35 helt
1669 1323 197 35 instämma
1893 1324 11 34 i
1933 1323 70 36 den

393 1362 258 47 grundsatsen,
680 1369 53 30 att
761 1368 46 43 på
835 1364 291 50 förvaltningens
1155 1368 149 36 område
1332 1370 215 36 sambandet
1581 1372 135 36 mellan
1736 1371 181 38 folkskola
1935 1374 67 36 och

394 1411 364 49 fortsättningsskola
787 1415 75 43 bör,
892 1418 38 32 så
956 1416 103 46 långt
1087 1418 62 34 ske
1170 1419 81 41 kan,
1273 1421 278 45 upprätthållas.
1598 1420 165 38 Givetvis
1783 1424 124 35 kunna
1927 1423 75 37 för-

393 1462 221 36 hållandena
654 1468 47 44 på
741 1465 97 35 olika
878 1471 98 30 orter
1015 1467 302 49 nödvändiggöra
1358 1470 11 34 i
1401 1471 72 34 viss
1503 1475 83 31 mån
1613 1473 99 35 olika
1740 1473 260 49 anordningar.

391 1511 85 37 Men
516 1515 11 33 i
569 1513 99 48 varje
696 1514 65 35 fall
790 1514 88 36 böra
905 1516 11 34 i
945 1522 132 29 största
1105 1518 152 47 möjliga
1286 1521 255 47 utsträckning
1568 1534 140 24 samma
1736 1522 265 50 förvaltnings-

394 1575 114 35 organ
537 1565 147 34 komma
712 1566 56 33 till
797 1565 237 49 användning
1062 1566 56 36 för
1146 1567 94 36 båda
1268 1570 235 35 skolarterna.
1550 1571 79 37 Och
1651 1572 102 36 detta
1771 1574 66 35 bör
1850 1576 97 46 gälla
1966 1576 32 47 ej

392 1613 145 35 mindre
566 1614 70 35 den
665 1616 164 34 centrala
856 1615 197 49 ledningen
1082 1624 45 29 än
1156 1625 91 28 även
1273 1620 201 47 ledningen
1502 1622 68 35 och
1589 1622 348 38 administrationen
1956 1629 46 44 på

391 1664 273 36 mellanstadiet
684 1666 68 34 och
773 1666 11 34 i
804 1671 159 31 orterna.
992 1667 50 35 På
1061 1669 70 34 alla
1151 1668 384 49 förvaltningsstadier
1550 1672 66 36 bör
1630 1674 121 35 tillika
1767 1674 234 37 eftersträvas

390 1715 217 35 samverkan
635 1717 135 33 mellan
799 1722 292 42 representanter
1119 1717 58 37 för
1204 1720 97 35 olika
1329 1720 420 47 erfarenhetsområden,
1778 1728 39 32 så
1844 1731 53 30 att
1924 1727 76 34 till-

391 1765 153 47 gänglig
578 1766 233 47 sakkunskap
845 1766 185 37 förvärvas
1055 1769 69 35 och
1153 1770 195 35 användes.
1391 1770 163 38 Sålunda
1582 1773 66 35 bör
1675 1775 165 43 överallt,
1870 1776 65 35 där
1962 1779 39 33 så

391 1815 63 34 ske
482 1815 81 43 kan,
581 1817 99 34 inom
708 1816 277 37 skoldistrikten
1013 1819 204 36 samarbete
1244 1821 183 35 anordnas
1456 1823 133 35 mellan
1619 1830 297 42 representanter
1943 1825 57 37 för

392 1864 66 35 där
487 1865 191 48 befintliga
705 1867 99 35 olika
831 1869 78 46 slag
936 1881 43 22 av
1006 1870 188 46 praktiska
1222 1871 322 47 ungdomsskolor.

494 1917 54 34 Av
590 1915 428 51 folkskolöverstyrelsen
1061 1920 64 35 har
1154 1920 105 36 blivit
1286 1920 203 49 ifrågasatt,
1519 1928 54 31 att
1606 1925 6 34 i
1640 1925 180 36 avseende
1847 1929 21 33 å
1894 1926 105 36 anfö-

390 1966 114 35 rande
544 1980 43 21 av
629 1966 128 37 besvär
797 1969 11 34 i
849 1968 161 36 ärenden
1038 1971 155 35 rörande
1222 1970 382 50 fortsättningsskolor
1632 1974 121 37 denna
1781 1976 219 49 myndighet

391 2016 118 35 skulle
525 2017 153 35 insättas
692 2030 78 23 som
786 2018 289 38 besvärsinstans
1091 2022 134 34 mellan
1242 2022 251 48 domkapitlet,
1504 2026 206 46 respektive
1724 2026 274 49 länsstyrelsen,

388 2066 70 36 och
505 2067 136 47 Kungl.
683 2067 116 48 Maj:t.
861 2070 514 50 Departementssakkunniga
1416 2074 92 36 hava
1548 2076 131 35 skänkt
1719 2075 177 49 förslaget
1936 2078 64 35 sitt

391 2116 213 37 understöd.
651 2118 416 48 Departementschefen
1096 2121 65 36 har
1189 2123 205 36 emellertid
1421 2127 47 45 på
1495 2124 154 37 anförda
1676 2126 77 35 skäl
1781 2127 79 36 icke
1878 2133 122 30 ansett

389 2168 59 46 sig
475 2167 125 36 kunna
629 2174 163 42 upptaga
819 2168 185 50 förslaget.
1042 2170 187 38 Utskottet
1257 2173 64 35 har
1348 2173 129 36 funnit
1504 2176 57 47 sig
1588 2176 88 35 böra
1704 2177 145 36 ansluta
1867 2179 57 47 sig
1942 2179 57 34 till

392 2218 231 36 sistnämnda
651 2219 241 48 ståndpunkt.
948 2220 216 38 Emellertid
1192 2235 106 24 anser
1325 2225 57 47 sig
1409 2226 179 35 utskottet
1616 2226 90 36 böra
1733 2227 11 35 i
1772 2227 103 37 detta
1902 2240 95 24 sam-
