2267 2592
418 198 19 31 6
934 196 242 42 Lagutskottets
1207 196 178 33 Utlåtande
1408 196 63 32 N:o
1497 198 29 29 9.

416 281 54 33 att
512 278 57 36 för
612 278 101 36 detta
757 278 195 47 offentliga
994 278 255 48 ”fulltygande”
1282 277 41 36 af
1348 276 147 36 eländet
1523 289 117 35 rygga
1669 278 44 34 de
1741 279 106 36 flesta
1875 278 167 37 tillbaka.

415 332 73 37 För
517 335 54 33 att
599 332 32 48 ej
664 332 85 36 med
777 334 237 45 rättegångar
1050 332 270 36 tillfredsställa
1349 330 332 48 skandalhungern
1708 331 113 36 borde
1850 333 60 35 väl
1939 333 105 35 dessa

417 387 311 46 angelägenheter
771 386 145 46 afgöras
959 386 118 35 under
1120 398 123 23 annan
1272 397 100 23 mera
1405 385 204 46 grannlaga
1638 384 104 36 form.
1803 385 140 36 Genom
1973 387 72 34 den

415 439 130 47 kungl.
578 439 266 47 förordningen
883 440 190 46 angående
1102 438 434 47 äktenskapsskillnader
1565 438 71 35 den
1668 440 47 33 27
1748 439 93 46 april
1874 441 100 33 1810
2005 445 40 30 är

416 496 53 33 ett
512 494 131 35 sådant
686 493 211 35 förfarande
940 493 110 35 också
1094 492 174 47 stadgadt
1297 492 57 35 för
1383 491 99 36 vissa
1511 491 78 45 fall,
1620 503 76 24 som
1727 491 181 47 angifvas,
1937 493 106 35 hvar-

416 547 128 35 ibland
574 547 95 35 dock
697 546 83 35 icke
810 547 44 34 de
883 559 52 22 nu
964 546 40 35 af
1030 546 77 47 mig
1136 546 254 36 omhandlade.
1450 545 18 35 TI
1498 545 155 35 anförda
1688 545 112 35 fallen
1829 547 58 33 må
1916 546 128 35 ansök-

416 600 92 47 ning
537 613 58 23 om
620 600 140 46 Kungl.
792 599 127 48 Maj:ts
948 599 137 47 nådiga
1113 599 173 36 tillåtelse
1315 598 59 36 till
1399 598 211 36 skillnaden
1630 598 161 47 ingifvas
1812 598 59 36 till
1899 599 142 47 Kungl.

416 653 128 48 Maj:ts
569 652 571 49 justitierevisions-expedition,
1172 664 83 23 men
1284 652 111 35 också
1428 652 178 47 behöriga
1634 652 105 36 bevis
1767 652 93 35 efter
1889 655 155 33 omstän-

418 707 220 47 digheterna
681 706 134 35 företes
858 718 57 23 om
961 706 266 46 undergångna
1270 706 137 35 sådana
1435 706 323 46 varningsgrader,
1803 718 76 23 som
1910 706 44 35 G.
1985 706 60 46 B.,

416 753 48 43 Ä.
496 761 42 34 B.
571 762 96 33 samt
695 759 230 48 kyrkolagen
955 759 139 36 anvisa.
1136 759 80 35 Och
1244 759 67 35 vill
1339 759 139 46 Kungl.
1500 759 120 47 Maj:t,
1642 759 114 35 sedan
1776 760 114 34 andra
1910 759 135 35 makan

418 813 126 36 blifvit
585 813 107 44 hörd,
737 815 93 33 samt
864 813 244 46 domkapitlet
1137 813 82 34 med
1248 813 274 35 vederbörande
1550 812 257 47 prästerskaps
1835 813 114 47 betyg
1977 814 69 35 och

417 869 84 44 eget
544 866 249 47 underdånigt
835 867 191 35 uttalande
1070 866 208 44 inkommit,
1324 866 65 35 sitt
1430 866 121 35 beslut
1595 866 102 36 öfver
1731 865 312 49 ansökningarna,

416 921 95 35 efter
540 920 132 46 högsta
702 920 223 35 domstolens
955 920 176 45 hörande,
1161 919 13 35 i
1203 920 199 35 statsrådet
1430 920 103 35 fatta.

525 974 145 46 Längre
700 973 13 35 i
743 973 236 46 offentlighet
1006 973 112 35 borde
1147 974 59 35 väl
1235 973 83 36 icke
1347 973 72 35 mål
1449 973 41 35 af
1515 973 101 35 detta
1645 972 80 47 slag
1754 975 57 44 gå,
1843 984 110 36 synes
1983 974 63 34 det

417 1026 88 47 mig,
537 1027 69 35 och
634 1026 463 47 varningsföreskrifterna
1126 1026 128 35 kunna
1282 1027 72 43 väl,
1385 1027 224 35 åtminstone
1638 1026 286 36 vidkommande
1946 1027 100 35 obot-

416 1080 75 47 liga
521 1079 272 48 sjukdomsfall,
825 1080 113 47 ingen
967 1080 237 46 tillämpning
1233 1080 46 35 få.

525 1133 74 35 Till
645 1145 48 24 en
735 1134 41 35 af
818 1134 43 34 de
904 1133 168 47 åsyftade
1115 1133 265 47 sjukdomarna
1421 1133 68 35 har
1517 1133 285 46 lagstiftningen
1831 1133 137 47 intagit
1996 1145 49 23 en

416 1187 179 35 särskildt
623 1187 197 35 markerad
850 1187 243 46 ståndpunkt,
1124 1186 187 47 nämligen
1339 1186 58 36 till
1425 1186 191 47 Epilepsia
1643 1186 242 47 Idiopathica.

524 1239 131 47 Enligt
696 1240 129 46 kungl.
870 1241 146 35 brefvet
1059 1241 40 34 af
1139 1241 71 34 den
1246 1242 47 34 25
1324 1252 83 24 nov.
1443 1242 100 33 1757
1575 1242 109 44 utgör
1713 1239 219 48 sjukdomen
1960 1239 86 47 Epi-

415 1293 118 47 lepsia
574 1293 235 47 Idiopathica
842 1293 89 35 eller
961 1294 71 35 den
1061 1293 162 47 genuina
1252 1294 269 35 fallandesoten
1549 1293 134 35 hinder
1712 1293 58 35 för
1798 1292 151 48 lysning
1978 1294 67 34 och

416 1346 238 48 följaktligen
684 1347 57 35 för
770 1347 219 46 äktenskap.
1048 1347 267 47 Anledningen
1343 1347 59 35 till
1432 1347 100 35 detta
1559 1347 203 45 stadgande
1781 1346 171 48 utgjorde
1973 1347 72 34 den

416 1401 115 34 redan
573 1403 48 44 på
668 1401 209 34 1700-talet
913 1401 152 34 allmänt
1109 1400 122 35 kända
1261 1400 270 44 erfarenheten,
1563 1403 55 32 att
1647 1400 267 35 fallandesoten
1937 1405 40 30 är
2001 1412 46 23 en

416 1453 14 35 i
459 1454 75 46 hög
562 1454 93 45 grad
685 1452 128 48 ärftlig
843 1453 183 48 sjukdom,
1058 1466 76 23 som
1164 1454 76 35 ofta
1269 1454 171 46 öfvergår
1496 1455 46 45 på
1571 1453 152 36 barnen.
1768 1453 136 35 Denna
1931 1454 116 34 redan

417 1507 47 35 då
506 1507 156 35 insedda
705 1507 162 46 sanning
905 1507 68 35 har
1002 1508 180 34 alltsedan
1211 1507 40 35 af
1276 1507 254 47 vetenskapen
1558 1507 210 35 besannats.
1827 1507 129 34 Ehuru
1985 1507 62 34 det

416 1560 146 47 knappt
603 1560 105 35 torde
752 1572 86 24 vara
881 1560 41 35 af
960 1561 121 34 nöden
1125 1563 56 38 att
1222 1561 69 35 här
1333 1561 211 45 framdraga
1572 1560 104 36 bevis
1706 1560 89 35 eller
1824 1560 114 44 fakta,
1970 1572 76 23 som

416 1614 229 46 ådagalägga
689 1613 207 47 sanningen
924 1614 119 44 häraf,
1075 1614 56 35 får
1155 1614 66 47 jag
1250 1615 67 34 här
1346 1614 205 46 framlägga
1579 1616 115 44 några
1723 1613 205 35 statistiska
1956 1625 90 35 upp-

417 1667 116 46 gifter
575 1668 13 34 i
632 1668 100 34 detta
766 1667 221 44 hänseende,
1020 1680 76 23 som
1122 1668 227 46 ådagalägga
1379 1667 13 35 i
1420 1667 154 36 hvilken
1604 1668 92 46 grad
1725 1667 121 35 denna
1875 1666 171 48 sjukdom

418 1720 41 35 af
497 1720 133 35 nutida
673 1721 126 34 läkare
842 1733 107 23 anses
992 1720 140 47 ärftlig,
1169 1722 67 34 och
1265 1721 156 36 hvilken
1449 1721 80 35 fara
1558 1721 155 35 sålunda
1741 1721 109 35 hotar
1879 1719 167 48 familjen

417 1774 68 34 och
529 1774 207 44 samhället,
782 1774 122 35 därest
946 1774 92 35 barn
1082 1774 102 35 födas
1223 1774 13 35 i
1265 1774 220 47 äktenskap,
1518 1775 65 34 där
1613 1774 71 35 den
1713 1786 69 23 ena
1811 1774 89 34 eller
1928 1774 118 46 bägge

418 1826 179 36 makarna
618 1833 62 30 äro
709 1827 200 36 behäftade
939 1828 84 34 med
1052 1827 139 47 genuin
1220 1828 169 47 epilepsi.

526 1879 20 35 I
575 1879 65 36 sitt
683 1880 184 36 klassiska
897 1882 124 34 arbete
1050 1894 57 22 om
1137 1880 187 48 Epilepsie
1354 1880 132 48 (1890)
1516 1881 68 35 har
1614 1881 72 35 den
1714 1880 152 35 franske
1894 1880 153 35 läkaren

417 1933 92 35 Féré
539 1933 174 47 framlagt
742 1934 161 48 följande
932 1934 191 48 uppgifter
1151 1935 156 35 rörande
1337 1934 215 36 afkomman
1572 1934 40 35 af
1632 1937 47 32 62
1701 1933 220 49 epileptiska
1941 1938 103 30 män
2026 1929 22 58 :

417 1987 85 34 från
546 1987 82 34 dem
672 1987 272 36 härstammade
973 1988 82 35 icke
1085 1988 144 36 mindre
1258 1993 46 31 än
1338 1990 72 33 147
1443 1987 161 47 manliga
1633 1988 69 35 och
1731 1986 194 47 kvinnliga
1954 1986 93 35 indi-

418 2040 118 45 vider,
581 2052 77 23 som
700 2040 83 35 Jledo
826 2041 42 34 af
906 2044 107 33 svåra
1057 2042 135 36 former
1235 2042 40 35 af
1313 2054 105 23 nerv-
1447 2042 68 35 och
1545 2041 353 48 sinnessjukdomar,
1930 2041 117 34 såsom

418 2093 168 47 epilepsi,
605 2093 276 45 konvulsioner,
900 2095 276 46 förlamningar,
1193 2095 145 47 migrän
1356 2108 30 22 o.
1402 2107 26 23 8.
1443 2107 33 23 v.
1507 2094 155 36 Antalet
1678 2093 184 36 dödfödde
1877 2092 170 48 utgjorde

421 2149 48 33 22
501 2147 68 35 och
597 2147 96 35 blott
723 2149 49 32 32
802 2147 119 35 friska
949 2148 92 35 barn
1070 2148 127 36 föddes
1227 2148 14 35 i
1269 2149 106 35 dessa
1404 2148 218 47 äktenskap.
1667 2149 45 32 11
1736 2145 205 48 äktenskap
1962 2158 86 24 voro

419 2200 137 36 sterila.
616 2200 131 47 Enligt
790 2212 137 23 samme
971 2201 191 35 författare
1191 2202 270 35 härstammade
1491 2201 81 34 från
1605 2203 47 32 58
1683 2199 200 47 kvinnliga
1912 2199 135 48 epilep-

419 2254 96 45 ticee,
546 2266 76 24 som
652 2254 74 47 gift
754 2253 68 48 sig,
858 2256 73 33 102
962 2253 164 47 manliga
1155 2255 67 35 och
1247 2254 196 47 kvinnliga
1462 2253 197 45 individer,
1682 2253 130 36 hvilka
1828 2265 87 25 voro
1930 2253 119 37 likaså
