1862 2784
264 146 40 30 10
537 144 406 40 Bevillningsutskottets
969 144 218 31 betänkande
1211 154 44 20 nr
1280 145 40 30 18
1344 145 40 30 år
1409 145 84 30 1955

442 229 210 30 Nuvarande
677 228 144 40 lydelse:
1214 228 207 39 Föreslagen
1445 228 146 39 lydelse:

267 288 158 39 stigande
440 288 338 30 ettusentvåhundra
794 288 141 34 kronor,
952 287 45 31 el-
1039 288 157 39 stigande
1213 287 337 30 ettusentvåhundra
1566 288 140 33 kronor,
1724 287 45 30 el-

267 330 50 29 ler
346 329 54 31 till
430 330 107 30 sådan
568 330 95 30 skatt
690 329 307 39 beskattningsbar
1033 330 49 29 ler
1097 330 52 29 till
1165 330 108 30 sådan
1289 330 93 29 skatt
1396 329 307 39 beskattningsbar
1717 329 51 29 in-

265 372 157 29 inkomst
442 372 271 38 understigande
735 371 100 39 tjugu
855 372 141 30 kronor.
1037 372 117 29 komst
1179 371 270 39 understigande
1476 371 188 30 etthundra
1689 372 79 29 kro-

266 414 284 39 Inkomstbelopp
571 414 67 30 och
660 414 239 39 skattebelopp
920 414 77 29 sko-
1037 423 74 21 nor.
1135 413 283 39 Inkomstbelopp
1441 413 64 30 och
1527 413 240 40 skattebelopp

267 456 33 29 la
321 456 144 39 angivas
486 455 11 29 i
518 456 73 29 helt
612 455 98 30 antal
729 456 141 29 kronor.
1038 455 99 31 skola
1158 455 145 39 angivas
1321 455 12 29 i
1354 455 71 30 helt
1446 455 96 30 antal
1562 456 141 29 kronor.

310 565 124 29 Denna
459 564 208 39 förordning
692 564 115 30 träder
832 564 11 29 i
870 563 97 30 kraft
992 564 68 30 den
1086 564 15 30 1
1128 563 143 40 januari
1298 563 82 30 1956
1406 564 66 29 och
1498 563 90 30 skall
1614 563 152 30 dessför-

264 606 112 29 innan
395 606 176 39 tillämpas
593 606 105 31 såvitt
717 606 108 39 angår
845 606 251 39 upprättandet
1115 615 43 20 av
1179 605 259 30 skattetabeller
1458 605 55 30 för
1534 605 233 30 inkomståret

268 648 93 30 1956.

312 756 66 30 Till
401 756 169 31 utskottet
591 756 65 31 har
676 757 179 30 hänvisats
877 757 157 39 följande
1055 756 11 30 i
1088 756 189 40 anledning
1299 765 42 22 av
1360 756 264 40 propositionen
1643 755 127 31 väckta

266 806 256 35 motioner,
557 806 176 40 nämligen

311 882 30 32 I)
370 882 42 30 de
434 881 224 41 likalydande
681 881 219 31 motionerna
923 882 29 29 I:
967 882 62 29 396
1051 891 43 21 av
1115 882 82 29 herr
1218 880 184 31 Lindblom
1427 890 45 20 m.
1495 880 38 31 fl.
1555 880 66 30 och
1643 880 45 30 II:
1704 879 64 30 496

265 942 43 20 av
329 933 81 29 herr
431 932 104 32 Ohlin
555 942 46 21 m.
625 932 49 35 fl.,
694 932 73 30 vari
787 932 209 35 hemställts,

312 983 57 34 »1)
400 984 50 29 att
474 982 189 40 riksdagen
688 983 78 29 med
791 982 149 40 ändring
964 992 43 21 av
1029 982 67 30 vad
1123 982 125 39 Kungl.
1274 982 106 39 Maj:t
1405 981 180 39 föreslagit
1608 982 12 29 i
1644 989 124 32 propo-

265 1033 106 30 sition
392 1042 42 20 nr
455 1033 40 30 59
515 1034 110 29 måtte
645 1033 136 30 besluta

310 1083 39 30 A.
375 1084 140 39 förhöja
540 1084 59 30 det
622 1084 12 29 i
657 1083 262 41 propositionen
946 1083 198 39 föreslagna
1170 1083 334 38 schablonavdraget
1527 1082 58 30 vid
1611 1081 159 39 taxering

267 1144 42 20 av
328 1134 156 30 inkomst
506 1143 42 21 av
567 1134 135 41 kapital
721 1134 52 30 till
793 1134 64 30 200
878 1134 130 30 kronor
1029 1134 55 29 för
1104 1133 266 30 ensamstående
1391 1133 65 30 och
1476 1132 64 30 300
1562 1132 131 30 kronor
1714 1132 54 30 för

265 1185 84 30 äkta
365 1185 137 35 makar;

310 1235 37 29 B.
373 1236 52 29 att
444 1235 114 30 införa
581 1236 49 29 ett
653 1234 298 41 schablonavdrag
973 1244 56 21 om
1053 1234 63 30 200
1138 1234 130 30 kronor
1289 1234 58 31 vid
1368 1233 158 40 taxering
1548 1243 43 21 av
1613 1233 157 30 inkomst

256 1295 52 21 -av
328 1285 127 30 ”annan
475 1285 188 40 fastighet',
684 1286 31 29 d.
736 1295 30 20 v.
787 1294 26 21 s.
843 1286 3 29 i
866 1285 186 30 huvudsak
1071 1284 326 39 bostadsfastighet;

311 1336 36 34 2)
377 1338 51 28 att
445 1336 259 30 vederbörande
724 1335 136 30 utskott
879 1336 106 30 måtte
1005 1335 161 30 utarbeta
1183 1335 132 40 förslag
1334 1335 53 30 till
1406 1334 206 40 erforderlig
1631 1334 139 30 författ-

257 1386 222 40 ningstext>;

310 1464 47 33 II)
381 1464 40 29 de
442 1463 221 37 likalydande
684 1463 220 31 motionerna
926 1463 29 29 1:
971 1462 61 30 397
1056 1472 42 21 av
1116 1462 82 30 herr
1218 1462 194 41 Björnberg
1431 1471 45 21 m.
1500 1462 37 29 fl.
1559 1461 66 30 och
1646 1461 45 29 11:
1705 1460 63 30 495

257 1522 52 22 av
327 1514 81 29 herr
425 1513 165 38 Dickson,
609 1514 76 29 vari
701 1513 208 34 hemställts,
932 1515 71 28 »att
1020 1513 188 39 riksdagen
1227 1512 58 31 vid
1304 1511 258 40 behandlingen
1582 1522 43 20 av
1643 1511 125 38 Kungl.

267 1563 123 40 Maj:ts
409 1563 218 40 proposition
649 1573 41 20 nr
710 1564 40 29 59
771 1563 108 31 måtte
898 1563 146 35 besluta,
1065 1565 51 28 att
1137 1562 246 40 skattemässig
1402 1562 221 40 avdragsrätt
1643 1562 55 30 för
1718 1562 52 29 in-

266 1614 119 31 komst
408 1624 42 21 av
474 1614 134 41 kapital
633 1614 90 31 skall
748 1623 80 21 avse
853 1616 48 28 ett
924 1614 123 40 belopp
1072 1623 43 21 av
1139 1614 55 29 för
1220 1613 265 30 ensamstående
1512 1612 258 40 skattskyldiga

260 1663 74 32 :200
355 1665 129 30 kronor
506 1665 65 30 och
594 1665 56 30 för
672 1664 86 41 gifta
781 1665 255 40 skattskyldiga
1059 1668 217 37 gemensamt
1297 1664 66 30 400
1383 1665 168 34 kronor»;

310 1739 64 33 III)
403 1739 41 30 de
466 1738 224 40 likalydande
713 1738 219 31 motionerna
955 1739 29 30 1:
1000 1739 63 30 399
1085 1749 43 20 av
1150 1739 81 29 herr
1252 1739 152 40 Ewerlöf
1426 1747 45 20 m.
1496 1738 36 30 fl.
1556 1738 65 30 och
1643 1738 46 29 II:
1704 1737 64 30 492

257 1799 52 21 av
326 1790 81 29 herr
425 1789 228 40 Hjalmarson
675 1799 45 21 m.
739 1790 49 34 fl.,
809 1790 75 29 vari
903 1789 207 34 hemställts,
1134 1791 71 28 »att
1222 1789 188 39 riksdagen
1429 1789 108 30 måtte
1557 1790 128 37 antaga

313 1840 35 34 1)
378 1841 58 29 det
452 1840 12 29 i
482 1840 220 40 proposition
719 1849 41 20 nr
781 1840 41 30 59
842 1840 198 39 framlagda
1057 1840 169 38 förslaget
1245 1839 53 30 till
1317 1840 57 39 lag
1394 1848 56 21 om
1471 1839 149 39 ändring
1641 1839 11 29 i
1672 1839 98 29 kom-

266 1890 341 40 munalskattelagen
625 1891 67 29 den
708 1890 41 30 28
765 1890 195 40 september
980 1890 82 30 1928
1084 1891 58 34 (nr
1159 1890 80 35 370)
1260 1890 79 29 med
1356 1890 41 30 de
1414 1889 189 39 ändringar
1622 1890 51 29 att
1689 1889 41 30 33
1752 1889 15 36 8

266 1941 190 30 bibehåller
477 1941 54 30 sin
551 1941 204 30 nuvarande
775 1940 141 40 lydelse,
939 1942 50 28 att
1008 1940 53 30 till
1083 1940 40 30 25
1149 1940 15 37 $
1188 1940 98 40 fogas
1307 1942 48 28 ett
1375 1941 76 38 nytt
1472 1941 157 28 moment
1649 1949 43 21 av
1711 1948 58 21 ne-

266 1991 214 30 danstående
499 1991 131 40 lydelse
650 1993 91 28 samt
762 1993 50 28 att
833 1991 42 30 39
896 1991 65 30 och
981 1990 40 30 46
1045 1990 37 37 $8
1104 1990 148 31 erhåller
1274 1990 156 40 följande
1452 1990 145 40 lydelse:

969 2067 40 29 25
1033 2066 27 37 8.

310 2134 20 29 4
355 2143 106 23 mom,
487 2134 127 39 Fysisk
639 2142 137 32 person,
804 2142 76 21 som
905 2133 78 31 haft
1008 2133 115 30 intäkt
1150 2143 42 20 av
1219 2142 117 20 annan
1363 2133 165 39 fastighet
1558 2133 11 29 i
1596 2133 172 29 hemorts-

266 2184 226 35 kommunen,
521 2185 91 38 äger,
639 2185 62 29 där
726 2183 280 31 bruttointäkten
1032 2184 188 38 överstiger
1249 2183 264 39 sammanlagda
1539 2183 160 40 beloppet
1727 2192 42 20 av

266 2235 42 29 de
330 2235 11 29 i
366 2235 14 29 1
404 2235 82 29 eller
522 2235 4 30 3
549 2244 107 20 mom.
679 2235 150 30 avsedda
851 2234 248 35 kostnaderna,
1124 2235 122 29 utöver
1269 2234 128 39 avdrag
1421 2234 55 30 för
1500 2234 102 30 dessa
1625 2233 143 30 kostna-

267 2286 60 29 der
350 2285 139 39 åtnjuta
513 2287 98 28 extra
635 2285 128 41 avdrag
787 2285 80 30 med
892 2284 63 30 200
979 2285 140 29 kronor.
1145 2285 13 29 I
1184 2285 87 29 intet
1294 2284 62 30 fall
1382 2284 58 30 må
1464 2284 89 30 dock
1578 2284 191 39 skattskyl-

264 2334 63 41 dig
349 2335 139 40 åtnjuta
511 2338 98 28 extra
632 2336 128 40 avdrag
783 2336 78 30 med
888 2336 106 39 högre
1016 2336 125 39 belopp
1166 2336 46 29 än
1235 2345 74 21 som
1333 2345 120 20 svarar
1475 2338 73 28 mot
1572 2335 196 30 skillnaden

267 2385 128 30 mellan
420 2385 280 30 bruttointäkten
725 2386 64 29 och
813 2394 164 21 summan
1002 2395 41 20 av
1066 2386 42 29 de
1134 2386 11 29 i
1173 2385 14 29 1
1214 2385 82 29 eller
1331 2385 8 29 3
1365 2394 104 20 mom.
1497 2385 150 29 avsedda
1674 2384 94 30 kost-

266 2437 166 29 naderna.

316 2486 58 34 (Se
397 2487 117 30 vidare
534 2486 302 40 anvisningarna.)
