1872 2784
257 129 40 30 34
553 131 404 40 Bevillningsutskottets
976 132 218 31 betänkande
1210 142 43 21 nr
1271 133 40 29 18
1327 134 39 29 år
1384 134 84 29 1955

262 214 165 30 tementet
452 214 97 31 inom
575 215 69 30 den
670 215 178 30 närmaste
874 216 97 30 tiden
998 216 150 30 ämnade
1174 216 197 41 igångsätta
1398 227 41 21 en
1467 219 189 40 utredning
1682 221 79 29 med

261 263 137 39 uppgift
417 266 51 28 att
489 265 124 31 utreda
634 265 122 39 frågan
777 274 58 21 om
857 275 41 20 en
919 266 130 30 allmän
1072 267 298 40 skattesänkning.
1392 268 152 31 Numera
1564 269 65 31 har
1650 269 113 40 åtgär-

261 312 62 31 der
345 313 163 40 vidtagits
533 315 54 30 för
610 315 187 40 utredning
818 316 11 30 i
852 315 228 31 förevarande
1102 317 210 31 hänseende.
1336 318 198 40 Uppdraget
1557 319 65 30 har
1644 320 118 30 anför-

261 364 102 30 trotts
383 364 35 31 åt
439 365 83 30 1950
542 365 58 30 års
621 365 424 41 skattelagssakkunniga,
1066 367 94 31 vilka
1179 367 55 30 för
1254 368 199 32 ändamålet
1473 369 188 31 förstärkts
1682 371 79 29 med

261 413 58 31 två
335 414 233 39 sakkunniga.
588 416 13 30 I
620 414 196 31 direktiven
834 415 55 31 för
907 417 234 39 utredningen
1158 417 140 31 anföres
1316 418 45 30 bl.
1381 428 29 20 a.
1430 420 52 29 att
1498 419 44 30 de
1560 419 94 32 olika
1673 420 89 40 möj-

260 463 192 39 ligheterna
474 466 51 30 att
551 473 124 32 genom
698 466 150 40 ändring
874 476 42 21 av
939 467 282 30 skatteskalorna
1245 468 204 39 genomföra
1474 478 43 21 en
1542 470 220 31 skattesänk-

260 513 84 41 ning
365 514 60 30 bör
447 514 208 40 klarläggas.
677 516 238 39 Utredningen
935 517 63 31 bör
1019 526 82 21 avse
1122 517 147 33 allenast
1291 518 138 31 skatten
1452 519 55 30 för
1528 520 136 39 fysiska
1686 530 76 31 per-

261 572 102 22 soner
381 565 63 30 och
462 565 268 40 tyngdpunkten
750 566 54 30 för
824 567 337 40 skattesänkningen
1178 569 116 38 läggas
1312 568 46 41 på
1376 569 41 30 de
1435 569 137 31 mindre
1591 571 171 30 inkomst-

259 614 155 39 tagarna.

305 664 51 31 Av
378 665 55 31 det
458 665 150 31 anförda
632 666 154 40 framgår
810 669 51 29 att
885 667 123 40 frågan
1033 677 57 21 om
1115 677 43 21 en
1181 668 131 31 allmän
1337 669 292 41 skattesänkning
1653 672 108 29 redan

260 714 38 30 är
321 714 144 31 föremål
490 716 54 30 för
566 716 195 39 utredning.
786 717 197 41 Anledning
1004 720 52 28 att
1079 718 140 30 förorda
1239 719 169 31 skrivelse
1431 720 52 30 till
1506 721 125 39 Kungl.
1655 721 106 40 Maj:t

260 764 10 28 i
293 765 116 30 ämnet
430 774 103 22 anser
558 766 170 30 utskottet
749 767 46 40 på
815 768 112 39 grund
949 768 111 30 härav
1081 768 75 30 icke
1179 769 176 40 föreligga.
1379 770 176 31 Utskottet
1579 772 183 38 avstyrker

259 814 120 31 därför
396 816 42 30 de
456 815 223 40 likalydande
697 817 219 30 motionerna
935 818 29 30 I:
982 818 61 31 103
1062 819 65 29 och
1146 819 45 30 II:
1209 819 72 31 136.

304 915 64 31 Det
394 916 10 29 i
429 917 261 39 propositionen
718 917 196 30 framförda
941 918 165 40 förslaget
1134 928 56 21 om
1215 919 206 41 avjämning
1444 930 44 20 av
1515 921 66 30 den
1608 921 154 31 beskatt-

259 965 185 39 ningsbara
466 966 201 31 inkomsten
688 967 52 30 till
766 968 157 30 närmast
944 968 94 40 lägre
1061 969 78 29 hela
1164 968 126 33 100-tal
1313 970 129 30 kronor
1465 980 102 21 anser
1590 972 171 30 utskottet

258 1015 90 40 ligga
372 1017 54 29 väl
449 1017 10 29 i
484 1017 87 39 linje
594 1017 78 30 med
697 1017 41 30 de
762 1017 431 40 förenklingssträvanden
1217 1028 75 21 som
1317 1020 264 32 kännetecknar
1604 1022 156 40 proposi-

257 1065 130 31 tionen.
409 1067 177 31 Utskottet
608 1067 193 39 tillstyrker
823 1068 148 30 sålunda
995 1069 166 39 förslaget
1184 1069 11 29 i
1216 1069 116 31 denna
1355 1070 64 30 del.
1444 1071 40 40 Ej
1510 1071 109 30 heller
1641 1072 120 40 övriga

258 1115 10 29 i
291 1116 261 39 propositionen
574 1117 146 31 berörda
743 1117 117 41 frågor
884 1118 64 30 har
970 1119 84 40 givit
1074 1119 189 42 anledning
1284 1120 52 32 till
1359 1122 141 29 erinran
1522 1121 82 31 från
1626 1123 135 30 utskot-

258 1167 66 30 tets
345 1167 85 30 sida.

790 1322 200 34 Utskottets
1012 1323 213 34 hemställan

301 1417 116 30 Under
439 1417 219 41 åberopande
680 1428 42 20 av
746 1419 66 29 vad
836 1418 148 31 sålunda
1005 1419 136 31 anförts
1164 1420 55 30 får
1240 1421 171 30 utskottet
1432 1422 196 35 hemställa,

611 1469 45 32 A)
702 1470 50 28 att
793 1469 188 40 riksdagen
1022 1470 118 34 måtte,
1183 1471 78 29 med
1294 1471 225 31 förklarande
1550 1474 51 30 att
1632 1473 127 41 Kungl.

560 1518 123 40 Maj:ts
709 1519 228 30 förevarande
963 1520 218 40 proposition
1206 1531 41 20 nr
1272 1521 42 30 59
1340 1522 75 30 icke
1441 1523 136 30 kunnat
1601 1532 44 22 av
1670 1524 89 30 riks-

566 1568 112 39 dagen
697 1568 215 31 oförändrad
930 1569 152 35 bifallas,

613 1619 33 35 1)
680 1619 53 31 för
763 1620 56 30 sin
846 1620 54 30 del
927 1622 129 38 antaga
1082 1621 56 30 det
1164 1621 57 30 vid
1247 1623 262 39 propositionen
1537 1623 124 41 fogade
1689 1624 70 31 för-

567 1669 107 39 slaget
702 1669 53 31 till
782 1670 56 39 lag
865 1679 59 21 om
952 1671 150 40 ändring
1128 1671 11 29 i
1168 1672 424 42 kommunalskattelagen
1620 1674 67 31 den
1716 1675 42 30 28

567 1719 193 39 september
783 1719 83 30 1928
892 1719 58 34 (nr
971 1720 81 35 370)
1077 1722 79 29 med
1178 1722 65 30 den
1265 1723 149 40 ändring
1434 1725 51 29 att
1507 1723 42 31 46
1572 1724 16 38 8
1611 1725 19 29 2
1651 1734 106 21 mom.

566 1769 148 30 erhåller
744 1769 156 40 följande
931 1770 119 31 såsom
1079 1772 187 31 utskottets
1298 1772 130 41 förslag
1465 1774 212 31 betecknade
1709 1776 49 38 ly-

559 1819 108 30 delse:

404 1900 126 40 Kungl.
555 1902 124 40 Maj:ts
702 1903 133 39 förslag
1214 1905 192 32 Utskottets
1434 1907 134 40 förslag

572 1970 41 30 46
637 1970 27 37 8.
1341 1974 41 30 46
1406 1974 28 37 8.

299 2027 19 29 2
351 2037 125 20 mom.
511 2030 13 29 I
546 2029 375 31 hemortskommunen
940 2048 45 4 —
1004 2049 45 3 —
1068 2049 44 4 —
1135 2032 129 30 allmän
1288 2033 295 42 sjukförsäkring.

298 2077 123 31 Därest
443 2078 236 41 skattskyldig
697 2097 45 3 —
760 2097 45 4 —
824 2098 44 4 —
890 2082 153 30 nämnda
1067 2082 61 30 tid.

297 2127 146 41 Avdrag,
462 2137 76 22 som
554 2128 12 30 i
584 2129 109 30 första
711 2130 136 39 stycket
863 2131 36 34 3)
920 2131 64 30 här

251 2185 91 23 ovan
360 2187 107 28 avses,
488 2179 91 30 skall
597 2179 173 31 heräknas
789 2180 53 31 till
861 2182 49 29 ett
928 2181 56 30 be-

251 2227 82 41 lopp
358 2237 42 21 av
425 2229 110 30 minst
563 2230 63 30 150
651 2230 130 31 kronor
805 2231 94 36 eller,
926 2241 58 20 om

250 2277 236 42 skattskyldig
520 2280 112 30 under
665 2280 319 41 beskattningsåret

251 2328 90 32 varit
367 2328 64 40 gift
457 2330 65 29 och
549 2331 68 30 levt
643 2331 235 32 tillsammans
904 2332 79 30 med

250 2378 111 31 andra
385 2380 138 34 maken,
551 2380 55 31 för
629 2381 79 30 dem
731 2381 91 31 båda
848 2390 136 32 gemen-

252 2431 91 28 samt
359 2429 52 30 till
429 2432 49 28 ett
496 2430 127 42 belopp
639 2440 43 22 av
698 2432 107 30 minst
824 2433 63 30 300
905 2433 78 31 kro-

1068 2132 146 41 Avdrag,
1233 2142 75 21 som
1324 2134 11 29 i
1353 2134 110 31 första
1481 2136 134 38 stycket
1633 2136 35 35 3)
1690 2137 65 29 bär

1025 2191 89 22 ovan
1133 2193 107 27 avses,
1261 2184 89 31 skall
1369 2185 171 31 beräknas
1560 2186 52 31 till
1632 2188 48 29 ett
1699 2187 56 29 be-

1024 2233 80 40 lopp
1132 2243 41 21 av
1199 2235 108 29 minst
1334 2235 61 31 150
1421 2236 131 30 kronor
1577 2237 93 34 eller,
1698 2246 57 21 om

1023 2283 234 42 skattskyldig
1290 2286 111 30 under
1435 2286 319 41 beskattningsåret

1024 2334 89 30 varit
1140 2334 63 41 gift
1230 2336 64 29 och
1320 2336 68 32 levt
1414 2337 234 31 tillsammans
1675 2337 79 30 med

1023 2384 110 31 andra
1158 2386 137 34 maken,
1320 2386 56 30 för
1400 2387 79 30 dem
1504 2387 89 30 båda
1619 2396 136 31 gemen-

1025 2437 90 28 samt
1132 2436 52 30 till
1202 2438 49 28 ett
1268 2436 122 41 belopp
1408 2446 43 23 av
1468 2438 108 30 minst
1594 2438 63 30 300
1676 2439 79 29 kro-
