1936 2850
507 159 127 31 Första
663 159 255 38 lagutskottets
946 158 189 34 utlåtande
1164 160 52 32 Nr
1240 160 28 29 1.
1576 162 17 30 1

830 424 57 39 Nr
916 425 36 39 1.

591 534 113 24 Ankom
725 534 42 24 till
786 534 163 32 riksdagens
968 535 92 24 kansli
1080 535 53 25 den
1153 536 33 23 28
1204 536 111 31 januari
1337 537 64 24 1933
1421 537 37 24 kl.
1480 539 28 23 11
1531 538 14 22 f.
1567 545 36 16 m.

236 616 193 33 Utlåtande
454 620 12 29 i
493 618 194 38 anledning
713 628 46 22 av
785 619 199 32 verkställd
1009 620 224 38 granskning
1260 631 44 21 av
1331 622 303 35 justitieombuds-

434 678 170 23 mannens
628 669 376 40 ämbetsförvaltning.

172 771 73 32 För
274 772 68 32 den
368 773 115 37 enligt
510 772 18 37 $
555 774 39 30 42
622 783 104 22 mom.
754 775 18 29 2
798 775 13 30 i
840 774 368 38 riksdagsordningen
1236 778 51 29 ett
1316 787 46 21 av
1389 777 245 37 lagutskotten

133 822 193 38 åliggande
363 824 225 38 granskning
626 835 47 22 av
702 825 467 37 justitieombudsmannens
1196 827 365 39 ämbetsförvaltning
1588 830 46 31 ha

132 874 94 33 båda
247 875 196 33 kamrarna
465 876 57 32 till
545 875 201 38 lagutskott
768 877 170 33 hänvisat
963 878 466 37 justitieombudsmannens
1452 880 61 32 vid
1537 881 95 31 inne-

133 926 159 33 varande
316 927 147 38 riksdag
488 928 159 37 avgivna
672 928 338 34 ämbetsberättelse.

172 976 130 34 Första
325 978 245 40 lagutskottet,
594 989 75 23 som
692 981 191 32 verkställt
909 981 279 39 granskningen,
1213 984 67 30 har
1305 984 56 31 för
1383 984 251 37 ifrågavaran-
1669 1018 6 6 .

133 1030 42 32 de
203 1030 169 32 ändamål
400 1031 84 31 från
511 1031 648 39 justitieombudsmansexpeditionen
1186 1036 171 36 mottagit
1386 1035 74 32 dels
1490 1036 42 32 de
1561 1036 73 32 dia-

133 1081 82 38 rier,
240 1081 100 33 vilka
364 1083 42 31 år
431 1082 79 32 1932
535 1083 91 32 förts
650 1084 12 31 i
687 1084 158 32 nämnda
870 1084 204 37 expedition
1099 1086 66 31 och
1192 1086 114 31 under
1329 1087 304 37 justitieombuds-

132 1141 173 24 mannens
331 1133 245 39 ämbetsresor,
603 1134 75 33 dels
704 1135 64 32 ock
796 1136 269 37 expeditionens
1092 1137 218 37 registratur
1337 1139 57 31 för
1420 1149 136 22 samma
1582 1141 51 30 år.

132 1182 188 39 Därjämte
340 1185 47 32 ha
407 1187 47 36 på
476 1186 156 32 särskild
652 1186 158 38 begäran
832 1187 268 38 handlingarna
1120 1189 154 32 rörande
1294 1190 97 32 vissa
1412 1200 47 22 av
1479 1191 154 37 justitie-

133 1235 304 34 ombudsmannen
461 1237 207 38 handlagda
691 1239 156 32 ärenden
872 1239 126 32 hållits
1022 1240 175 32 utskottet
1222 1241 187 33 tillhanda.

173 1284 92 36 Över
291 1288 67 33 den
385 1299 150 22 numera
562 1289 226 34 fullbordade
816 1291 270 38 granskningen
1113 1292 59 32 får
1199 1293 174 32 utskottet
1400 1294 147 33 härmed
1574 1305 59 22 av-

133 1339 85 37 giva
242 1339 196 35 utlåtande.

171 1389 456 36 Justitieombudsmannen
655 1394 182 32 meddelar
865 1396 58 31 till
950 1406 44 21 en
1023 1396 138 38 början,
1190 1399 55 30 att
1273 1398 72 31 han
1373 1398 80 31 med
1480 1399 79 31 stöd
1586 1411 46 20 av

131 1442 38 32 25
196 1441 58 39 $i
280 1443 67 32 den
374 1444 57 32 för
458 1444 129 32 honom
616 1445 166 36 gällande
809 1446 266 32 instruktionen
1102 1447 181 38 begagnat
1309 1450 55 36 sig
1393 1460 45 20 av
1465 1451 167 31 semester

133 1493 84 32 från
237 1495 65 31 och
322 1495 80 32 med
423 1495 67 32 den
511 1497 19 30 4
549 1496 69 37 juli
639 1497 57 31 till
716 1498 65 31 och
802 1497 79 32 med
903 1498 67 32 den
993 1499 38 30 17
1051 1499 156 37 augusti,
1229 1500 113 31 under
1363 1500 120 32 vilken
1507 1501 49 32 tid
1582 1512 50 20 re-

132 1544 382 34 visionssekreteraren
536 1546 107 38 Hugo
667 1548 167 32 Ericsson
859 1549 176 32 förvaltat
1058 1550 164 32 ämbetet.

171 1593 365 37 Ämbetsberättelsen
564 1601 179 36 upptager
769 1601 162 31 härefter
959 1601 223 37 redogörelse
1210 1602 74 32 dels
1314 1604 55 31 för
1397 1604 135 31 sådana
1560 1607 70 29 mot

132 1648 218 36 tjänstemän
376 1649 56 32 för
457 1650 48 31 fel
528 1650 87 32 eller
640 1651 246 33 försummelse
910 1653 12 31 i
948 1653 158 37 tjänsten
1132 1654 181 32 anställda
1339 1655 83 37 åtal,
1447 1656 100 32 vilka
1570 1667 62 21 un-

131 1700 61 31 der
216 1701 78 31 året
315 1700 105 33 blivit
443 1701 171 37 slutligen
636 1703 176 37 avgjorda
836 1704 85 31 eller
945 1705 13 31 i
982 1706 118 35 någon
1120 1705 139 33 instans
1284 1707 165 36 prövade,
1474 1707 73 32 dels
1569 1708 64 32 ock

131 1751 56 32 för
209 1753 166 37 ärenden,
399 1764 76 22 som
498 1755 171 31 föranlett
693 1757 130 35 åtgärd
847 1757 55 31 för
925 1756 212 37 disciplinär
1161 1759 253 36 bestraffning.

169 1804 456 34 Justitieombudsmannen
651 1809 150 35 redogör
827 1809 125 32 vidare
981 1810 12 30 i
1021 1810 216 32 berättelsen
1264 1811 54 31 för
1344 1811 95 32 vissa
1467 1813 164 33 ärenden,

129 1865 75 22 som
225 1858 33 36 ej
282 1857 172 33 föranlett
474 1859 73 31 åtal
581 1859 86 32 eller
687 1861 130 36 åtgärd
839 1861 56 31 för
916 1861 212 37 disciplinär
1150 1862 254 38 bestraffning,
1426 1866 92 29 samt
1538 1865 92 30 med-

129 1906 100 33 delar
250 1907 138 39 därvid,
410 1911 54 30 att
483 1910 72 31 han
578 1911 114 31 under
713 1911 116 32 denna
850 1912 194 37 avdelning
1078 1914 56 30 för
1156 1914 268 35 nedbringande
1446 1925 46 21 av
1513 1916 118 36 tryck-

130 1958 349 38 ningskostnaderna
507 1962 57 30 för
592 1962 214 32 berättelsen
835 1964 135 36 intagit
998 1964 223 36 redogörelse
1251 1966 56 30 för
1337 1966 152 31 allenast
1516 1968 113 35 några

130 2010 38 31 få
189 2011 166 37 ärenden,
379 2012 100 31 vilka
500 2014 102 35 synts
623 2013 130 32 honom
776 2024 89 21 vara
887 2025 47 21 av
955 2025 99 21 mera
1076 2015 152 32 allmänt
1253 2017 158 32 intresse.

169 2061 18 32 I.
234 2062 353 33 ämbetsberättelsen
632 2067 63 29 äro
732 2065 158 32 därefter
925 2067 152 36 intagna
1112 2077 47 21 av
1185 2068 443 36 justitieombudsmannen

129 2112 275 34 nedannämnda
429 2114 113 37 dagar
569 2116 113 31 under
710 2118 41 30 år
777 2117 78 32 1932
882 2118 56 31 till
964 2117 203 37 Konungen
1196 2119 149 32 avlåtna
1373 2121 257 31 framställnin-

131 2173 74 28 gar,
226 2165 182 37 nämligen

170 2215 67 32 den
267 2217 39 31 16
334 2218 94 36 april
458 2219 183 37 angående
671 2221 332 37 sammanslagning
1034 2232 45 20 av
1108 2220 105 34 Östra
1244 2223 131 31 härads
1405 2225 62 30 och
1502 2225 126 31 Västra

130 2267 133 32 härads
287 2267 203 39 domsagor;

169 2317 67 32 den
260 2319 38 31 16
321 2319 80 36 juni
423 2321 183 35 angående
629 2322 140 32 ändrad
792 2323 253 38 tingsordning
1068 2324 11 30 i
1105 2324 200 37 Aspelands
1329 2327 62 29 och
1416 2327 215 30 Handbörds

130 2369 133 32 härads
282 2370 184 38 domsaga;

169 2419 68 32 den
277 2421 38 32 31
353 2423 145 35 augusti
538 2425 183 35 angående
753 2426 138 31 ändrad
922 2426 133 36 lydelse
1085 2437 44 20 av
1160 2428 37 29 45
1230 2426 18 36 $
1278 2428 8 29 i
1320 2429 306 35 sinnessjuklagen

129 2470 64 31 den
217 2472 38 31 19
273 2473 198 35 september
491 2475 91 36 1929;

128 2540 109 32 Bihang
260 2542 41 25 till
322 2542 166 32 riksdagens
509 2545 145 30 protokoll
678 2547 72 23 1933.
791 2550 14 20 9
825 2550 78 21 saml.
948 2551 8 21 1
979 2550 60 22 avd.
1081 2550 37 22 Nr
1141 2550 72 23 1—2,
