2216 2616
403 220 18 30 2
602 219 115 32 Första
741 218 202 33 kammarens
966 217 141 32 andra
1134 216 168 43 tillfälliga
1327 218 135 31 utskotts
1488 216 164 33 utlåtande
1677 215 50 31 Nr
1750 216 52 32 20.

401 301 86 35 fond
528 300 13 35 i
583 302 146 33 motsats
771 299 56 36 till
870 298 532 48 pensionsförsäkringsfonden
1439 302 145 43 utgöres
1613 311 43 22 av
1687 299 85 34 utav
1801 296 196 47 riksdagen

401 353 178 49 beviljade
607 354 124 46 anslag
759 354 56 34 för
845 352 195 36 understöd
1069 354 35 33 åt
1133 352 375 46 bostadsproduktion.

507 408 57 34 Då
607 407 60 35 det
708 405 199 37 emellertid
948 406 80 35 icke
1061 406 99 35 torde
1190 405 124 35 kunna
1343 405 188 44 bestridas,
1562 408 52 33 att
1643 417 125 34 genom
1799 404 70 35 den
1897 416 101 35 nyss-

401 461 156 35 nämnda
600 459 332 48 räntesänkningen
974 463 19 32 å
1035 460 60 34 lån
1132 459 81 35 från
1242 459 375 43 bostadslånefonden,
1649 457 94 37 vissa
1772 458 224 43 kommuner,

401 527 73 23 som
517 514 82 35 från
637 513 528 48 pensionsförsäkringsfonden
1194 512 144 36 erhållit
1365 513 61 35 lån
1454 513 80 34 med
1563 512 153 47 löpande
1743 512 111 47 högre
1884 514 114 32 ränte-

402 571 112 33 satser
549 567 56 36 för
632 567 281 47 tillgodoseende
942 579 43 24 av
1013 566 169 47 behövlig
1209 565 378 48 bostadsproduktion,
1618 564 151 36 kommit
1797 565 12 35 i
1838 577 45 23 en
1912 565 86 34 rela-

401 621 69 37 tivt
511 620 141 36 mindre
679 633 177 35 gynnsam
886 620 181 47 ställning,
1106 619 63 36 vill
1196 619 177 36 utskottet
1401 619 190 36 framhålla
1620 619 293 36 önskvärdheten
1943 631 54 31 av,

403 677 52 33 att
483 674 44 36 de
555 674 56 35 för
639 674 151 35 fondens
814 674 222 46 förvaltning
1055 672 200 47 ansvariga,
1276 677 162 33 närmast
1457 671 411 50 pensionsfullmäktige,
1890 674 109 34 måtte

401 729 96 34 finna
539 727 56 47 sig
635 728 125 35 kunna
787 727 12 35 i
830 730 130 34 största
988 727 146 48 möjliga
1162 726 255 48 utsträckning
1444 727 219 46 tillmötesgå
1690 726 310 46 framställningar

401 794 56 23 om
500 781 133 36 sådana
672 781 232 49 jämkningar
946 781 12 35 i
999 780 270 45 lånevillkoren,
1309 780 100 37 vilka
1441 779 230 48 fullmäktige
1699 779 13 35 i
1739 779 64 36 sitt
1830 779 170 48 yttrande

402 837 117 34 ansett
548 847 86 24 vara
663 834 157 48 möjliga,
850 838 88 32 utan
966 837 52 33 att
1047 834 127 36 därvid
1202 836 118 44 någon
1350 834 182 37 avvikelse
1560 833 163 37 behövde
1752 832 64 36 ske
1845 832 83 35 från
1956 832 43 35 de

402 887 233 37 ekonomiska
663 889 206 46 grunderna
898 888 55 34 för
980 886 368 48 fondförvaltningen.

508 941 86 35 Med
627 942 79 36 stöd
735 954 43 24 av
807 942 70 35 vad
906 941 149 35 sålunda
1085 941 138 35 anförts
1252 941 66 35 och
1346 940 115 35 under
1491 940 226 47 åberopande
1746 953 43 23 av
1819 939 69 36 vad
1917 951 83 34 pen-

402 994 326 49 sionsfullmäktige
755 998 116 44 yttrat
899 995 55 35 får
982 995 177 35 utskottet
1186 994 199 44 hemställa,

936 1104 52 32 att
1016 1101 235 36 förevarande
1281 1099 135 37 motion
1443 1101 80 35 icke
1543 1102 112 34 måtte
1674 1100 57 35 till
1749 1102 120 45 någon
1888 1099 112 36 första

829 1155 227 35 kammarens
1086 1154 126 46 åtgärd
1240 1154 198 35 föranleda.

507 1262 206 36 Stockholm
743 1262 70 35 den
847 1264 44 33 17
923 1261 67 48 maj
1026 1263 112 34 1923.

983 1356 32 46 Å
1046 1367 195 36 utskottets
1270 1373 151 41 vägnar:

963 1475 44 35 N.
1038 1476 33 34 J.
1104 1475 38 35 F.
1174 1474 266 35 ALMKVIST.

510 1691 191 28 Närvarande
736 1690 49 28 vid
821 1689 137 42 ärendets
993 1689 238 37 slutbehandling
1261 1689 8 28 i
1297 1689 155 28 utskottet:
1478 1688 101 42 herrar
1603 1687 151 37 Almkvist,
1779 1687 103 36 Rooth,
1907 1687 92 36 Julin,

409 1733 155 39 Winberg",
589 1735 127 36 Nilsson,
741 1734 38 29 N.
804 1734 47 36 A.,
878 1734 8 28 i
910 1731 147 31 Östrabo"
1084 1734 56 28 och
1167 1734 109 35 Olsson,
1303 1733 37 28 K.
1370 1733 44 36 O.,
1439 1733 9 27 i
1472 1732 137 37 Öljersjö.

509 1821 14 15 +
544 1822 32 33 Ej
598 1821 162 27 närvarande
779 1821 45 26 vid
845 1820 164 27 utlåtandets
1027 1820 142 34 justering.
