2217 2671
789 202 97 32 Stats-
897 201 167 33 Utskottets
1092 203 172 32 Utlåtande
1286 204 60 33 N:o
1368 207 52 31 46.
1811 209 42 32 39

704 281 252 50 vudsakligen
1001 283 110 49 skall,
1142 284 83 37 med
1255 284 144 50 skäligt
1427 286 178 38 afseende
1633 286 144 39 fästadt
1799 289 97 50 jem-

705 334 61 36 väl
795 337 20 33 å
845 334 246 49 låntagarens
1121 337 321 50 vederhäftighet,
1461 339 230 38 bestämmas
1707 343 47 46 på
1769 342 127 48 grund

704 386 41 36 af
763 386 237 49 jernvägens
1029 389 251 49 påräkneliga
1308 390 180 38 behållna
1516 392 293 50 trafikinkomst,
1837 397 58 33 så-

702 438 73 36 dan
819 439 72 36 den
934 440 81 35 med
1061 440 160 49 ledning
1253 442 42 35 af
1322 443 73 35 den
1424 444 117 36 redan
1570 445 172 36 lemnade
1770 451 124 31 netto-

703 489 273 50 behållningen
1006 491 72 37 kan
1109 492 207 48 beräknas;

830 542 39 49 g)
914 548 55 31 att
1010 544 261 38 lånevilkoren
1314 546 107 37 skola
1462 547 231 38 bestämmas
1722 549 170 49 sålunda,

700 599 56 31 att
784 599 137 43 staten,
945 595 119 48 jemte
1093 596 87 37 fullt
1203 597 268 50 betryggande
1492 599 179 38 säkerhet
1686 600 57 37 för
1758 601 134 37 lånens

701 647 283 48 återbetalning
1019 651 47 46 på
1094 649 139 37 utfästa
1264 650 99 36 tider
1391 657 99 30 samt
1517 651 59 37 för
1604 652 179 49 behörigt
1810 654 82 47 gäl-

697 698 123 37 dande
862 699 42 35 af
927 699 74 36 den
1043 702 20 34 å
1104 700 110 37 lånen
1246 701 207 50 betingade
1482 708 121 44 ränta,
1632 705 165 36 erhåller
1824 706 68 36 full

698 751 217 48 ersättning
955 751 58 37 för
1049 752 45 36 de
1124 758 124 32 ränte-
1277 754 70 36 och
1372 755 122 49 öfriga
1517 756 170 49 utgifter,
1717 770 79 23 som
1827 758 63 36 det

699 807 199 44 upptagna
927 804 200 37 statslånet
1157 806 164 45 medför;
1351 812 98 31 samt

827 854 38 42 h)
896 859 56 32 att
979 855 225 50 utlåningen
1234 871 43 23 ur
1305 858 141 37 fonden
1476 859 95 36 skall
1603 860 226 37 verkställas
1853 861 43 36 af

697 905 260 50 Fullmäktige
998 908 11 35 i
1049 908 387 49 Riksgäldskontoret
1479 912 120 48 enligt
1629 912 45 36 de
1703 918 185 42 närmare,

696 957 69 36 här
793 958 113 36 ofvan
931 959 32 49 ej
990 961 154 47 angifna
1175 961 300 50 bestämmelser,
1501 977 94 35 som,
1625 965 95 36 efter
1735 965 61 36 det
1816 965 71 36 för-

695 1009 85 49 slag
821 1011 125 36 dertill
981 1012 41 35 af
1045 1012 256 49 Fullmäktige
1330 1015 185 48 afgifvits,
1545 1016 42 36 af
1614 1016 136 48 Kongl.
1782 1017 103 49 Maj:t

694 1061 242 38 fastställas.»

426 1160 42 37 af
491 1161 142 38 Herrar
663 1164 51 36 N.
744 1165 187 37 Petersson
961 1167 70 36 och
1061 1166 37 38 C.
1127 1170 44 34 A.
1203 1170 172 36 Larsson.

423 1212 44 49 B)
509 1215 63 34 vid
610 1217 158 46 punkten
809 1220 68 46 2:0,
920 1232 91 23 mom
1045 1221 36 46 b)
1112 1220 215 49 (angående
1355 1222 100 36 Herr
1483 1222 141 38 Grefve
1652 1224 43 37 E.
1726 1224 159 50 Sparres

297 1264 178 49 motion):

423 1316 42 37 af
500 1317 143 37 Herrar
677 1319 141 38 Grefve
855 1321 38 37 C.
923 1323 229 49 Beck-Friis,
1182 1325 43 36 L.
1255 1326 55 35 M.
1339 1326 229 50 Nordenfelt,
1599 1326 142 38 Grefve
1770 1330 44 35 L.
1844 1331 45 48 af

303 1367 148 48 Ugglas,
494 1368 141 38 Grefve
673 1372 51 36 N.
768 1372 41 38 G.
840 1376 43 34 A.
912 1373 149 50 Sparre,
1091 1376 42 35 F.
1163 1377 44 34 L.
1238 1376 37 37 S.
1307 1378 269 49 Hederstjerna,
1607 1379 141 37 Gvefve
1778 1381 37 37 C.
1845 1381 37 36 5.

295 1421 43 34 A.
372 1420 209 50 Lagerberg,
612 1421 41 37 G.
684 1425 42 35 de
754 1426 115 43 Maré,
899 1428 44 34 A.
976 1427 42 36 BR.
1049 1441 64 22 von
1143 1429 172 48 Kremer,
1344 1430 176 36 Friherre
1551 1430 37 37 C.
1620 1432 42 35 F.
1693 1433 42 36 L.
1769 1433 114 36 Hoch-

295 1472 126 48 schild,
468 1473 39 35 E.
549 1474 76 48 Key
664 1475 68 36 och
765 1477 40 35 P.
846 1477 41 37 O.
918 1479 208 49 Hörnfeldt,
1156 1479 143 50 hvilka,
1328 1483 245 47 upptagande
1602 1489 55 30 ett
1685 1485 101 35 inom
1816 1485 67 37 Ut-

295 1523 145 37 skottet
468 1525 41 35 af
532 1525 97 37 Herr
654 1527 195 51 Hörnfeldt
874 1531 114 35 väckt
1016 1531 156 49 förslag,
1190 1532 148 38 förenat
1353 1534 60 48 sig
1434 1547 58 24 om
1518 1535 166 49 följande
1706 1538 177 47 yttrande

295 1575 70 35 och
395 1576 245 38 hemställan:

421 1628 119 36 »Herr
581 1628 141 39 Grefve
764 1630 137 50 Sparre
943 1632 68 37 har
1052 1633 11 36 i
1107 1634 58 36 sin
1200 1635 144 36 motion
1373 1637 137 48 anfört,
1540 1642 67 44 att,
1636 1638 122 49 enligt
1787 1640 94 37 hans

294 1679 111 47 åsigt,
449 1693 47 22 en
540 1681 258 38 hufvudorsak
842 1684 57 36 till
941 1685 72 35 den
1056 1687 220 36 nuvarande
1319 1688 293 48 förlägenheten
1642 1691 9 35 i
1682 1694 83 34 vårt
1794 1692 86 37 land

293 1744 90 23 vore
412 1737 53 31 att
495 1733 92 37 söka
618 1734 8 35 i
657 1734 145 38 bristen
832 1739 48 45 på
907 1736 226 50 tillräckligt
1162 1739 68 35 och
1261 1739 125 49 billigt
1416 1740 142 49 kapital
1580 1742 58 36 för
1657 1744 224 36 utvecklan-

292 1783 64 34 det
397 1783 42 36 af
475 1787 66 33 vår
575 1786 160 36 industri
770 1793 98 30 samt
897 1788 111 36 deraf
1031 1789 198 38 föranledd
1260 1792 195 48 svårighet
1484 1798 67 44 att,
1581 1794 110 36 äfven
1722 1796 120 35 under
1869 1797 12 35 i

292 1834 114 49 öfrigt
433 1849 228 35 gynsamma
689 1838 277 49 förhållanden,
996 1840 129 38 kunna
1154 1842 236 38 konkurrera
1419 1847 48 46 på
1501 1846 377 38 verldsmarknaden.

295 1886 198 38 Bankerna
522 1889 96 37 hade
648 1890 226 49 visserligen
904 1892 87 36 sökt
1019 1893 291 39 tillhandahålla
1338 1897 231 48 näringarne
1598 1898 281 45 rörelsemedel,

292 1951 85 23 men
407 1940 63 35 det
499 1940 127 38 kunde
655 1942 176 37 betviflas
860 1956 58 23 om
949 1944 109 37 deras
1088 1947 259 47 organisation
1377 1949 71 35 och
1478 1950 197 48 egentliga
1704 1953 171 34 ändamål

290 1990 121 37 tilläte
453 1992 84 36 dem
580 1998 56 31 att
676 2007 88 23 vara
795 1995 218 49 förläggare
1042 1999 37 34 åt
1108 1997 72 37 den
1210 2003 122 32 större
1361 2000 226 37 industrien.
1640 2002 235 37 Motionären

290 2041 69 37 har
399 2043 137 49 derför,
579 2045 238 50 åberopande
860 2048 190 49 exemplet
1078 2049 43 37 af
1144 2050 191 37 allmänna
1365 2052 367 49 hypoteksbankens
1761 2055 116 37 inrät-

289 2094 127 48 tande,
458 2101 138 43 ansett,
626 2102 54 31 att
709 2111 47 23 en
785 2098 214 38 institution
1030 2100 115 38 borde
1174 2102 153 37 komma
1355 2103 55 36 till
1441 2105 123 47 stånd,
1594 2106 155 36 hvilken
1781 2107 96 36 hade

288 2145 56 36 till
388 2147 175 37 ändamål
605 2154 55 31 att
703 2154 78 32 mot
813 2150 254 49 obligationer
1095 2156 47 45 på
1170 2154 134 48 längre
1333 2155 54 37 tid
1416 2156 120 36 skaffa
1565 2157 127 49 förlag
1722 2162 35 32 åt
1788 2161 87 34 våra

288 2197 330 51 hufvudnäringar
660 2207 98 31 samt
799 2203 204 36 såmedelst
1045 2204 120 37 befria
1206 2206 195 38 bankerna
1446 2208 82 36 från
1567 2222 46 23 en
1643 2215 80 31 stor
1751 2211 59 36 del
1839 2212 41 35 af

287 2249 105 36 detta
422 2250 137 49 bestyr,
589 2252 148 37 hvilket
764 2253 85 37 icke
877 2259 74 31 rätt
980 2256 62 35 väl
1071 2256 127 37 kunde
1228 2258 168 49 besörjas
1414 2260 41 35 af
1467 2261 195 48 anstalter,
1679 2275 80 23 som
1781 2276 92 35 upp-

288 2300 135 37 lånade
452 2303 214 48 penningar
694 2308 49 45 på
773 2305 85 37 kort
886 2307 67 36 tid.
1009 2306 147 39 Genom
1186 2309 70 37 den
1288 2310 115 48 högst
1423 2311 195 49 betydliga
1634 2314 239 48 utveckling,

289 2352 155 37 hvilken
474 2355 104 36 såväl
601 2356 200 50 jordbruk,
830 2357 363 52 bergshandtering,
1224 2362 133 39 bruks-
1387 2363 69 36 och
1478 2366 297 37 trävarurörelse
1793 2379 80 23 som
