<?xml version="1.0" encoding="UTF-8"?>
<alto xmlns="http://www.loc.gov/standards/alto/ns-v3#" xmlns:xlink="http://www.w3.org/1999/xlink" xmlns:xsi="http://www.w3.org/2001/XMLSchema-instance" xsi:schemaLocation="http://www.loc.gov/standards/alto/ns-v3# http://www.loc.gov/alto/v3/alto-3-0.xsd">
	<Description>
		<MeasurementUnit>pixel</MeasurementUnit>
		<sourceImageInformation>
			<fileName>/tmp/tess_px0i5f4h_input.PNG</fileName>
		</sourceImageInformation>
		<OCRProcessing ID="OCR_0">
			<ocrProcessingStep>
				<processingSoftware>
					<softwareName>tesseract 5.3.0</softwareName>
				</processingSoftware>
			</ocrProcessingStep>
		</OCRProcessing>
	</Description>
	<Layout>
		<Page WIDTH="2188" HEIGHT="2696" PHYSICAL_IMG_NR="0" ID="page_0">
			<PrintSpace HPOS="0" VPOS="0" WIDTH="2188" HEIGHT="2696">
				<ComposedBlock ID="cblock_0" HPOS="374" VPOS="203" WIDTH="40" HEIGHT="31">
					<TextBlock ID="block_0" HPOS="374" VPOS="203" WIDTH="40" HEIGHT="31">
						<TextLine ID="line_0" HPOS="374" VPOS="203" WIDTH="40" HEIGHT="31">
							<String ID="string_0" HPOS="374" VPOS="203" WIDTH="40" HEIGHT="31" WC="0.80" CONTENT="26"/>
						</TextLine>
					</TextBlock>
				</ComposedBlock>
				<ComposedBlock ID="cblock_1" HPOS="325" VPOS="279" WIDTH="1606" HEIGHT="2254">
					<TextBlock ID="block_1" HPOS="329" VPOS="279" WIDTH="1595" HEIGHT="424">
						<TextLine ID="line_1" HPOS="330" VPOS="279" WIDTH="1592" HEIGHT="51">
							<String ID="string_1" HPOS="330" VPOS="285" WIDTH="74" HEIGHT="36" WC="0.96" CONTENT="den"/><SP WIDTH="42" VPOS="285" HPOS="404"/>
							<String ID="string_2" HPOS="446" VPOS="283" WIDTH="57" HEIGHT="37" WC="0.96" CONTENT="för"/><SP WIDTH="41" VPOS="283" HPOS="503"/>
							<String ID="string_3" HPOS="544" VPOS="287" WIDTH="55" HEIGHT="32" WC="0.93" CONTENT="ett"/><SP WIDTH="42" VPOS="287" HPOS="599"/>
							<String ID="string_4" HPOS="641" VPOS="282" WIDTH="118" HEIGHT="38" WC="0.92" CONTENT="ökadt"/><SP WIDTH="41" VPOS="282" HPOS="759"/>
							<String ID="string_5" HPOS="800" VPOS="282" WIDTH="103" HEIGHT="37" WC="0.93" CONTENT="antal"/><SP WIDTH="42" VPOS="282" HPOS="903"/>
							<String ID="string_6" HPOS="945" VPOS="281" WIDTH="212" HEIGHT="38" WC="0.92" CONTENT="banvakter"/><SP WIDTH="29" VPOS="281" HPOS="1157"/>
							<String ID="string_7" HPOS="1186" VPOS="280" WIDTH="66" HEIGHT="37" WC="0.96" CONTENT="och"/><SP WIDTH="29" VPOS="280" HPOS="1252"/>
							<String ID="string_8" HPOS="1281" VPOS="294" WIDTH="44" HEIGHT="23" WC="0.96" CONTENT="en"/><SP WIDTH="32" VPOS="294" HPOS="1325"/>
							<String ID="string_9" HPOS="1357" VPOS="280" WIDTH="57" HEIGHT="37" WC="0.96" CONTENT="för"/><SP WIDTH="28" VPOS="280" HPOS="1414"/>
							<String ID="string_10" HPOS="1442" VPOS="280" WIDTH="116" HEIGHT="50" WC="0.96" CONTENT="öfrigt"/><SP WIDTH="28" VPOS="280" HPOS="1558"/>
							<String ID="string_11" HPOS="1586" VPOS="284" WIDTH="121" HEIGHT="32" WC="0.96" CONTENT="större"/><SP WIDTH="24" VPOS="284" HPOS="1707"/>
							<String ID="string_12" HPOS="1731" VPOS="279" WIDTH="191" HEIGHT="50" WC="0.95" CONTENT="personal,"/>
						</TextLine>
						<TextLine ID="line_2" HPOS="332" VPOS="332" WIDTH="1592" HEIGHT="55">
							<String ID="string_13" HPOS="332" VPOS="351" WIDTH="80" HEIGHT="23" WC="0.96" CONTENT="rom"/><SP WIDTH="29" VPOS="351" HPOS="412"/>
							<String ID="string_14" HPOS="441" VPOS="336" WIDTH="173" HEIGHT="51" WC="0.95" CONTENT="påkallas"/><SP WIDTH="30" VPOS="336" HPOS="614"/>
							<String ID="string_15" HPOS="644" VPOS="335" WIDTH="42" HEIGHT="38" WC="0.95" CONTENT="af"/><SP WIDTH="22" VPOS="335" HPOS="686"/>
							<String ID="string_16" HPOS="708" VPOS="335" WIDTH="342" HEIGHT="49" WC="0.96" CONTENT="nödvändigheten"/><SP WIDTH="24" VPOS="335" HPOS="1050"/>
							<String ID="string_17" HPOS="1074" VPOS="339" WIDTH="51" HEIGHT="32" WC="0.96" CONTENT="att"/><SP WIDTH="33" VPOS="339" HPOS="1125"/>
							<String ID="string_18" HPOS="1158" VPOS="334" WIDTH="166" HEIGHT="37" WC="0.96" CONTENT="anordna"/><SP WIDTH="32" VPOS="334" HPOS="1324"/>
							<String ID="string_19" HPOS="1356" VPOS="334" WIDTH="85" HEIGHT="37" WC="0.86" CONTENT="flera"/><SP WIDTH="32" VPOS="334" HPOS="1441"/>
							<String ID="string_20" HPOS="1473" VPOS="333" WIDTH="155" HEIGHT="48" WC="0.87" CONTENT="bantåg,"/><SP WIDTH="30" VPOS="333" HPOS="1628"/>
							<String ID="string_21" HPOS="1658" VPOS="332" WIDTH="129" HEIGHT="38" WC="0.93" CONTENT="hvilka"/><SP WIDTH="21" VPOS="332" HPOS="1787"/>
							<String ID="string_22" HPOS="1808" VPOS="332" WIDTH="116" HEIGHT="50" WC="0.92" CONTENT="utgif-"/>
						</TextLine>
						<TextLine ID="line_3" HPOS="329" VPOS="385" WIDTH="1595" HEIGHT="52">
							<String ID="string_23" HPOS="329" VPOS="398" WIDTH="58" HEIGHT="30" WC="0.96" CONTENT="ter"/><SP WIDTH="32" VPOS="398" HPOS="387"/>
							<String ID="string_24" HPOS="419" VPOS="389" WIDTH="195" HEIGHT="39" WC="0.94" CONTENT="sannolikt"/><SP WIDTH="28" VPOS="389" HPOS="614"/>
							<String ID="string_25" HPOS="642" VPOS="390" WIDTH="152" HEIGHT="36" WC="0.96" CONTENT="komma"/><SP WIDTH="29" VPOS="390" HPOS="794"/>
							<String ID="string_26" HPOS="823" VPOS="394" WIDTH="56" HEIGHT="31" WC="0.93" CONTENT="att"/><SP WIDTH="28" VPOS="394" HPOS="879"/>
							<String ID="string_27" HPOS="907" VPOS="388" WIDTH="208" HEIGHT="49" WC="0.91" CONTENT="öfverstiga"/><SP WIDTH="28" VPOS="388" HPOS="1115"/>
							<String ID="string_28" HPOS="1143" VPOS="388" WIDTH="45" HEIGHT="37" WC="0.93" CONTENT="de"/><SP WIDTH="29" VPOS="388" HPOS="1188"/>
							<String ID="string_29" HPOS="1217" VPOS="387" WIDTH="221" HEIGHT="50" WC="0.92" CONTENT="påräknade"/><SP WIDTH="29" VPOS="387" HPOS="1438"/>
							<String ID="string_30" HPOS="1467" VPOS="386" WIDTH="313" HEIGHT="50" WC="0.86" CONTENT="besparingarne."/><SP WIDTH="57" VPOS="386" HPOS="1780"/>
							<String ID="string_31" HPOS="1837" VPOS="385" WIDTH="87" HEIGHT="51" WC="0.26" CONTENT="Sty-"/>
						</TextLine>
						<TextLine ID="line_4" HPOS="331" VPOS="438" WIDTH="1593" HEIGHT="53">
							<String ID="string_32" HPOS="331" VPOS="445" WIDTH="127" HEIGHT="37" WC="0.92" CONTENT="selsen"/><SP WIDTH="42" VPOS="445" HPOS="458"/>
							<String ID="string_33" HPOS="500" VPOS="443" WIDTH="68" HEIGHT="37" WC="0.93" CONTENT="har"/><SP WIDTH="32" VPOS="443" HPOS="568"/>
							<String ID="string_34" HPOS="600" VPOS="442" WIDTH="149" HEIGHT="38" WC="0.92" CONTENT="derföre"/><SP WIDTH="29" VPOS="442" HPOS="749"/>
							<String ID="string_35" HPOS="778" VPOS="446" WIDTH="93" HEIGHT="32" WC="0.96" CONTENT="trott"/><SP WIDTH="29" VPOS="446" HPOS="871"/>
							<String ID="string_36" HPOS="900" VPOS="442" WIDTH="60" HEIGHT="49" WC="0.95" CONTENT="sig"/><SP WIDTH="31" VPOS="442" HPOS="960"/>
							<String ID="string_37" HPOS="991" VPOS="441" WIDTH="150" HEIGHT="36" WC="0.96" CONTENT="komma"/><SP WIDTH="29" VPOS="441" HPOS="1141"/>
							<String ID="string_38" HPOS="1170" VPOS="441" WIDTH="62" HEIGHT="36" WC="0.95" CONTENT="det"/><SP WIDTH="29" VPOS="441" HPOS="1232"/>
							<String ID="string_39" HPOS="1261" VPOS="445" WIDTH="96" HEIGHT="32" WC="0.96" CONTENT="rätta"/><SP WIDTH="32" VPOS="445" HPOS="1357"/>
							<String ID="string_40" HPOS="1389" VPOS="442" WIDTH="38" HEIGHT="34" WC="0.96" CONTENT="så"/><SP WIDTH="28" VPOS="442" HPOS="1427"/>
							<String ID="string_41" HPOS="1455" VPOS="445" WIDTH="90" HEIGHT="31" WC="0.96" CONTENT="nära"/><SP WIDTH="30" VPOS="445" HPOS="1545"/>
							<String ID="string_42" HPOS="1575" VPOS="452" WIDTH="81" HEIGHT="23" WC="0.96" CONTENT="som"/><SP WIDTH="29" VPOS="452" HPOS="1656"/>
							<String ID="string_43" HPOS="1685" VPOS="438" WIDTH="161" HEIGHT="50" WC="0.96" CONTENT="möjligt,"/><SP WIDTH="30" VPOS="438" HPOS="1846"/>
							<String ID="string_44" HPOS="1876" VPOS="439" WIDTH="48" HEIGHT="37" WC="0.96" CONTENT="då"/>
						</TextLine>
						<TextLine ID="line_5" HPOS="329" VPOS="491" WIDTH="1589" HEIGHT="56">
							<String ID="string_45" HPOS="329" VPOS="496" WIDTH="195" HEIGHT="51" WC="0.94" CONTENT="Styrelsen"/><SP WIDTH="28" VPOS="496" HPOS="524"/>
							<String ID="string_46" HPOS="552" VPOS="496" WIDTH="161" HEIGHT="49" WC="0.96" CONTENT="antagit,"/><SP WIDTH="30" VPOS="496" HPOS="713"/>
							<String ID="string_47" HPOS="743" VPOS="500" WIDTH="55" HEIGHT="32" WC="0.96" CONTENT="att"/><SP WIDTH="30" VPOS="500" HPOS="798"/>
							<String ID="string_48" HPOS="828" VPOS="495" WIDTH="256" HEIGHT="36" WC="0.96" CONTENT="kostnaderna"/><SP WIDTH="29" VPOS="495" HPOS="1084"/>
							<String ID="string_49" HPOS="1113" VPOS="493" WIDTH="57" HEIGHT="37" WC="0.96" CONTENT="för"/><SP WIDTH="29" VPOS="493" HPOS="1170"/>
							<String ID="string_50" HPOS="1199" VPOS="493" WIDTH="88" HEIGHT="37" WC="0.96" CONTENT="drift"/><SP WIDTH="29" VPOS="493" HPOS="1287"/>
							<String ID="string_51" HPOS="1316" VPOS="493" WIDTH="69" HEIGHT="36" WC="0.96" CONTENT="och"/><SP WIDTH="34" VPOS="493" HPOS="1385"/>
							<String ID="string_52" HPOS="1419" VPOS="491" WIDTH="195" HEIGHT="38" WC="0.56" CONTENT="underhåll"/><SP WIDTH="21" VPOS="491" HPOS="1614"/>
							<String ID="string_53" HPOS="1635" VPOS="491" WIDTH="123" HEIGHT="38" WC="0.96" CONTENT="skulle"/><SP WIDTH="20" VPOS="491" HPOS="1758"/>
							<String ID="string_54" HPOS="1778" VPOS="505" WIDTH="140" HEIGHT="36" WC="0.96" CONTENT="genom"/>
						</TextLine>
						<TextLine ID="line_6" HPOS="332" VPOS="544" WIDTH="1589" HEIGHT="51">
							<String ID="string_55" HPOS="332" VPOS="551" WIDTH="145" HEIGHT="37" WC="0.90" CONTENT="banans"/><SP WIDTH="42" VPOS="551" HPOS="477"/>
							<String ID="string_56" HPOS="519" VPOS="548" WIDTH="270" HEIGHT="38" WC="0.90" CONTENT="införlifvande"/><SP WIDTH="44" VPOS="548" HPOS="789"/>
							<String ID="string_57" HPOS="833" VPOS="548" WIDTH="86" HEIGHT="37" WC="0.96" CONTENT="med"/><SP WIDTH="42" VPOS="548" HPOS="919"/>
							<String ID="string_58" HPOS="961" VPOS="546" WIDTH="268" HEIGHT="38" WC="0.94" CONTENT="stambanorna"/><SP WIDTH="48" VPOS="546" HPOS="1229"/>
							<String ID="string_59" HPOS="1277" VPOS="547" WIDTH="147" HEIGHT="35" WC="0.95" CONTENT="komma"/><SP WIDTH="32" VPOS="547" HPOS="1424"/>
							<String ID="string_60" HPOS="1456" VPOS="551" WIDTH="56" HEIGHT="31" WC="0.96" CONTENT="att"/><SP WIDTH="27" VPOS="551" HPOS="1512"/>
							<String ID="string_61" HPOS="1539" VPOS="547" WIDTH="126" HEIGHT="48" WC="0.96" CONTENT="uppgå"/><SP WIDTH="32" VPOS="547" HPOS="1665"/>
							<String ID="string_62" HPOS="1697" VPOS="544" WIDTH="57" HEIGHT="37" WC="0.91" CONTENT="till"/><SP WIDTH="29" VPOS="544" HPOS="1754"/>
							<String ID="string_63" HPOS="1783" VPOS="545" WIDTH="138" HEIGHT="47" WC="0.91" CONTENT="40,000"/>
						</TextLine>
						<TextLine ID="line_7" HPOS="331" VPOS="597" WIDTH="1593" HEIGHT="53">
							<String ID="string_64" HPOS="331" VPOS="604" WIDTH="146" HEIGHT="36" WC="0.95" CONTENT="kronor"/><SP WIDTH="41" VPOS="604" HPOS="477"/>
							<String ID="string_65" HPOS="518" VPOS="602" WIDTH="58" HEIGHT="37" WC="0.96" CONTENT="för"/><SP WIDTH="36" VPOS="602" HPOS="576"/>
							<String ID="string_66" HPOS="612" VPOS="601" WIDTH="77" HEIGHT="49" WC="0.96" CONTENT="mil,"/><SP WIDTH="36" VPOS="601" HPOS="689"/>
							<String ID="string_67" HPOS="725" VPOS="601" WIDTH="92" HEIGHT="37" WC="0.96" CONTENT="eller"/><SP WIDTH="27" VPOS="601" HPOS="817"/>
							<String ID="string_68" HPOS="844" VPOS="603" WIDTH="119" HEIGHT="47" WC="0.96" CONTENT="något"/><SP WIDTH="29" VPOS="603" HPOS="963"/>
							<String ID="string_69" HPOS="992" VPOS="600" WIDTH="146" HEIGHT="37" WC="0.96" CONTENT="mindre"/><SP WIDTH="29" VPOS="600" HPOS="1138"/>
							<String ID="string_70" HPOS="1167" VPOS="604" WIDTH="46" HEIGHT="32" WC="0.96" CONTENT="än"/><SP WIDTH="31" VPOS="604" HPOS="1213"/>
							<String ID="string_71" HPOS="1244" VPOS="599" WIDTH="125" HEIGHT="37" WC="0.96" CONTENT="denna"/><SP WIDTH="30" VPOS="599" HPOS="1369"/>
							<String ID="string_72" HPOS="1399" VPOS="598" WIDTH="164" HEIGHT="37" WC="0.96" CONTENT="kostnad"/><SP WIDTH="31" VPOS="598" HPOS="1563"/>
							<String ID="string_73" HPOS="1594" VPOS="602" WIDTH="115" HEIGHT="43" WC="0.87" CONTENT="utgör"/><SP WIDTH="27" VPOS="602" HPOS="1709"/>
							<String ID="string_74" HPOS="1736" VPOS="599" WIDTH="49" HEIGHT="48" WC="0.96" CONTENT="på"/><SP WIDTH="26" VPOS="599" HPOS="1785"/>
							<String ID="string_75" HPOS="1811" VPOS="597" WIDTH="71" HEIGHT="37" WC="0.96" CONTENT="den"/><SP WIDTH="30" VPOS="597" HPOS="1882"/>
							<String ID="string_76" HPOS="1912" VPOS="597" WIDTH="12" HEIGHT="36" WC="0.95" CONTENT="i"/>
						</TextLine>
						<TextLine ID="line_8" HPOS="331" VPOS="652" WIDTH="1073" HEIGHT="51">
							<String ID="string_77" HPOS="331" VPOS="657" WIDTH="102" HEIGHT="36" WC="0.96" CONTENT="detta"/><SP WIDTH="32" VPOS="657" HPOS="433"/>
							<String ID="string_78" HPOS="465" VPOS="655" WIDTH="219" HEIGHT="38" WC="0.95" CONTENT="hänseende"/><SP WIDTH="29" VPOS="655" HPOS="684"/>
							<String ID="string_79" HPOS="713" VPOS="654" WIDTH="193" HEIGHT="49" WC="0.95" CONTENT="billigaste"/><SP WIDTH="30" VPOS="654" HPOS="906"/>
							<String ID="string_80" HPOS="936" VPOS="654" WIDTH="110" HEIGHT="36" WC="0.93" CONTENT="delen"/><SP WIDTH="29" VPOS="654" HPOS="1046"/>
							<String ID="string_81" HPOS="1075" VPOS="656" WIDTH="19" HEIGHT="33" WC="0.92" CONTENT="å"/><SP WIDTH="30" VPOS="656" HPOS="1094"/>
							<String ID="string_82" HPOS="1124" VPOS="652" WIDTH="280" HEIGHT="37" WC="0.96" CONTENT="stambanorna."/>
						</TextLine>
					</TextBlock>
					<TextBlock ID="block_2" HPOS="325" VPOS="703" WIDTH="1606" HEIGHT="531">
						<TextLine ID="line_9" HPOS="456" VPOS="703" WIDTH="1466" HEIGHT="52">
							<String ID="string_83" HPOS="456" VPOS="709" WIDTH="73" HEIGHT="36" WC="0.96" CONTENT="Det"/><SP WIDTH="29" VPOS="709" HPOS="529"/>
							<String ID="string_84" HPOS="558" VPOS="708" WIDTH="74" HEIGHT="36" WC="0.96" CONTENT="kan"/><SP WIDTH="32" VPOS="708" HPOS="632"/>
							<String ID="string_85" HPOS="664" VPOS="721" WIDTH="88" HEIGHT="23" WC="0.96" CONTENT="vara"/><SP WIDTH="32" VPOS="721" HPOS="752"/>
							<String ID="string_86" HPOS="784" VPOS="720" WIDTH="46" HEIGHT="23" WC="0.96" CONTENT="en"/><SP WIDTH="30" VPOS="720" HPOS="830"/>
							<String ID="string_87" HPOS="860" VPOS="707" WIDTH="178" HEIGHT="48" WC="0.96" CONTENT="sanning,"/><SP WIDTH="26" VPOS="707" HPOS="1038"/>
							<String ID="string_88" HPOS="1064" VPOS="710" WIDTH="56" HEIGHT="32" WC="0.95" CONTENT="att"/><SP WIDTH="23" VPOS="710" HPOS="1120"/>
							<String ID="string_89" HPOS="1143" VPOS="705" WIDTH="251" HEIGHT="49" WC="0.96" CONTENT="besparingar"/><SP WIDTH="22" VPOS="705" HPOS="1394"/>
							<String ID="string_90" HPOS="1416" VPOS="705" WIDTH="128" HEIGHT="36" WC="0.95" CONTENT="kunna"/><SP WIDTH="19" VPOS="705" HPOS="1544"/>
							<String ID="string_91" HPOS="1563" VPOS="708" WIDTH="116" HEIGHT="44" WC="0.93" CONTENT="göras"/><SP WIDTH="20" VPOS="708" HPOS="1679"/>
							<String ID="string_92" HPOS="1699" VPOS="703" WIDTH="223" HEIGHT="49" WC="0.90" CONTENT="derigenom"/>
						</TextLine>
						<TextLine ID="line_10" HPOS="328" VPOS="755" WIDTH="1597" HEIGHT="54">
							<String ID="string_93" HPOS="328" VPOS="766" WIDTH="56" HEIGHT="32" WC="0.96" CONTENT="att"/><SP WIDTH="26" VPOS="766" HPOS="384"/>
							<String ID="string_94" HPOS="410" VPOS="762" WIDTH="102" HEIGHT="47" WC="0.95" CONTENT="flera,"/><SP WIDTH="31" VPOS="762" HPOS="512"/>
							<String ID="string_95" HPOS="543" VPOS="759" WIDTH="187" HEIGHT="38" WC="0.96" CONTENT="särskilda"/><SP WIDTH="21" VPOS="759" HPOS="730"/>
							<String ID="string_96" HPOS="751" VPOS="758" WIDTH="116" HEIGHT="49" WC="0.96" CONTENT="bolag"/><SP WIDTH="19" VPOS="758" HPOS="867"/>
							<String ID="string_97" HPOS="886" VPOS="757" WIDTH="231" HEIGHT="37" WC="0.96" CONTENT="tillhörande"/><SP WIDTH="22" VPOS="757" HPOS="1117"/>
							<String ID="string_98" HPOS="1139" VPOS="758" WIDTH="70" HEIGHT="35" WC="0.96" CONTENT="och"/><SP WIDTH="19" VPOS="758" HPOS="1209"/>
							<String ID="string_99" HPOS="1228" VPOS="758" WIDTH="12" HEIGHT="35" WC="0.96" CONTENT="i"/><SP WIDTH="21" VPOS="758" HPOS="1240"/>
							<String ID="string_100" HPOS="1261" VPOS="757" WIDTH="232" HEIGHT="36" WC="0.96" CONTENT="förbindelse"/><SP WIDTH="20" VPOS="757" HPOS="1493"/>
							<String ID="string_101" HPOS="1513" VPOS="756" WIDTH="88" HEIGHT="37" WC="0.96" CONTENT="med"/><SP WIDTH="20" VPOS="756" HPOS="1601"/>
							<String ID="string_102" HPOS="1621" VPOS="755" WIDTH="215" HEIGHT="37" WC="0.93" CONTENT="hvarandra"/><SP WIDTH="26" VPOS="755" HPOS="1836"/>
							<String ID="string_103" HPOS="1862" VPOS="768" WIDTH="63" HEIGHT="23" WC="0.92" CONTENT="va-"/>
						</TextLine>
						<TextLine ID="line_11" HPOS="330" VPOS="806" WIDTH="1595" HEIGHT="56">
							<String ID="string_104" HPOS="330" VPOS="815" WIDTH="116" HEIGHT="37" WC="0.96" CONTENT="rande"/><SP WIDTH="30" VPOS="815" HPOS="446"/>
							<String ID="string_105" HPOS="476" VPOS="813" WIDTH="175" HEIGHT="38" WC="0.92" CONTENT="enskilda"/><SP WIDTH="23" VPOS="813" HPOS="651"/>
							<String ID="string_106" HPOS="674" VPOS="812" WIDTH="209" HEIGHT="50" WC="0.91" CONTENT="jernbanor"/><SP WIDTH="28" VPOS="812" HPOS="883"/>
							<String ID="string_107" HPOS="911" VPOS="811" WIDTH="42" HEIGHT="37" WC="0.96" CONTENT="af"/><SP WIDTH="10" VPOS="811" HPOS="953"/>
							<String ID="string_108" HPOS="963" VPOS="811" WIDTH="147" HEIGHT="37" WC="0.95" CONTENT="mindre"/><SP WIDTH="18" VPOS="811" HPOS="1110"/>
							<String ID="string_109" HPOS="1128" VPOS="810" WIDTH="115" HEIGHT="49" WC="0.96" CONTENT="längd"/><SP WIDTH="18" VPOS="810" HPOS="1243"/>
							<String ID="string_110" HPOS="1261" VPOS="810" WIDTH="131" HEIGHT="37" WC="0.95" CONTENT="ställas"/><SP WIDTH="16" VPOS="810" HPOS="1392"/>
							<String ID="string_111" HPOS="1408" VPOS="809" WIDTH="122" HEIGHT="37" WC="0.96" CONTENT="under"/><SP WIDTH="15" VPOS="809" HPOS="1530"/>
							<String ID="string_112" HPOS="1545" VPOS="823" WIDTH="48" HEIGHT="23" WC="0.96" CONTENT="en"/><SP WIDTH="16" VPOS="823" HPOS="1593"/>
							<String ID="string_113" HPOS="1609" VPOS="821" WIDTH="224" HEIGHT="36" WC="0.93" CONTENT="gemensam"/><SP WIDTH="18" VPOS="821" HPOS="1833"/>
							<String ID="string_114" HPOS="1851" VPOS="806" WIDTH="74" HEIGHT="38" WC="0.93" CONTENT="för-"/>
						</TextLine>
						<TextLine ID="line_12" HPOS="333" VPOS="860" WIDTH="1592" HEIGHT="56">
							<String ID="string_115" HPOS="333" VPOS="868" WIDTH="173" HEIGHT="48" WC="0.91" CONTENT="valtning"/><SP WIDTH="23" VPOS="868" HPOS="506"/>
							<String ID="string_116" HPOS="529" VPOS="865" WIDTH="72" HEIGHT="37" WC="0.95" CONTENT="och"/><SP WIDTH="22" VPOS="865" HPOS="601"/>
							<String ID="string_117" HPOS="623" VPOS="865" WIDTH="122" HEIGHT="37" WC="0.96" CONTENT="under"/><SP WIDTH="14" VPOS="865" HPOS="745"/>
							<String ID="string_118" HPOS="759" VPOS="865" WIDTH="131" HEIGHT="48" WC="0.95" CONTENT="tillsyn"/><SP WIDTH="17" VPOS="865" HPOS="890"/>
							<String ID="string_119" HPOS="907" VPOS="864" WIDTH="42" HEIGHT="36" WC="0.95" CONTENT="af"/><SP WIDTH="10" VPOS="864" HPOS="949"/>
							<String ID="string_120" HPOS="959" VPOS="878" WIDTH="44" HEIGHT="23" WC="0.96" CONTENT="en"/><SP WIDTH="19" VPOS="878" HPOS="1003"/>
							<String ID="string_121" HPOS="1022" VPOS="876" WIDTH="223" HEIGHT="37" WC="0.93" CONTENT="gemensam"/><SP WIDTH="19" VPOS="876" HPOS="1245"/>
							<String ID="string_122" HPOS="1264" VPOS="862" WIDTH="210" HEIGHT="37" WC="0.90" CONTENT="trafikchef."/><SP WIDTH="45" VPOS="862" HPOS="1474"/>
							<String ID="string_123" HPOS="1519" VPOS="861" WIDTH="197" HEIGHT="50" WC="0.94" CONTENT="Styrelsen"/><SP WIDTH="15" VPOS="861" HPOS="1716"/>
							<String ID="string_124" HPOS="1731" VPOS="867" WIDTH="80" HEIGHT="31" WC="0.95" CONTENT="tror"/><SP WIDTH="16" VPOS="867" HPOS="1811"/>
							<String ID="string_125" HPOS="1827" VPOS="860" WIDTH="98" HEIGHT="37" WC="0.96" CONTENT="dock"/>
						</TextLine>
						<TextLine ID="line_13" HPOS="329" VPOS="912" WIDTH="1595" HEIGHT="45">
							<String ID="string_126" HPOS="329" VPOS="921" WIDTH="83" HEIGHT="36" WC="0.96" CONTENT="icke"/><SP WIDTH="29" VPOS="921" HPOS="412"/>
							<String ID="string_127" HPOS="441" VPOS="919" WIDTH="142" HEIGHT="37" WC="0.93" CONTENT="verkan"/><SP WIDTH="31" VPOS="919" HPOS="583"/>
							<String ID="string_128" HPOS="614" VPOS="917" WIDTH="137" HEIGHT="38" WC="0.92" CONTENT="blifver"/><SP WIDTH="28" VPOS="917" HPOS="751"/>
							<String ID="string_129" HPOS="779" VPOS="918" WIDTH="219" HEIGHT="36" WC="0.95" CONTENT="densamma"/><SP WIDTH="33" VPOS="918" HPOS="998"/>
							<String ID="string_130" HPOS="1031" VPOS="916" WIDTH="42" HEIGHT="37" WC="0.95" CONTENT="af"/><SP WIDTH="24" VPOS="916" HPOS="1073"/>
							<String ID="string_131" HPOS="1097" VPOS="921" WIDTH="54" HEIGHT="32" WC="0.95" CONTENT="att"/><SP WIDTH="21" VPOS="921" HPOS="1151"/>
							<String ID="string_132" HPOS="1172" VPOS="929" WIDTH="44" HEIGHT="22" WC="0.95" CONTENT="en"/><SP WIDTH="19" VPOS="929" HPOS="1216"/>
							<String ID="string_133" HPOS="1235" VPOS="915" WIDTH="93" HEIGHT="37" WC="0.95" CONTENT="eller"/><SP WIDTH="16" VPOS="915" HPOS="1328"/>
							<String ID="string_134" HPOS="1344" VPOS="915" WIDTH="91" HEIGHT="37" WC="0.95" CONTENT="flera"/><SP WIDTH="17" VPOS="915" HPOS="1435"/>
							<String ID="string_135" HPOS="1452" VPOS="914" WIDTH="146" HEIGHT="37" WC="0.96" CONTENT="mindre"/><SP WIDTH="17" VPOS="914" HPOS="1598"/>
							<String ID="string_136" HPOS="1615" VPOS="913" WIDTH="174" HEIGHT="37" WC="0.96" CONTENT="enskilda"/><SP WIDTH="14" VPOS="913" HPOS="1789"/>
							<String ID="string_137" HPOS="1803" VPOS="912" WIDTH="121" HEIGHT="38" WC="0.96" CONTENT="banor"/>
						</TextLine>
						<TextLine ID="line_14" HPOS="329" VPOS="965" WIDTH="1597" HEIGHT="51">
							<String ID="string_138" HPOS="329" VPOS="972" WIDTH="254" HEIGHT="39" WC="0.90" CONTENT="sammanslås"/><SP WIDTH="43" VPOS="972" HPOS="583"/>
							<String ID="string_139" HPOS="626" VPOS="971" WIDTH="85" HEIGHT="37" WC="0.96" CONTENT="med"/><SP WIDTH="42" VPOS="971" HPOS="711"/>
							<String ID="string_140" HPOS="753" VPOS="976" WIDTH="146" HEIGHT="31" WC="0.95" CONTENT="statens"/><SP WIDTH="38" VPOS="976" HPOS="899"/>
							<String ID="string_141" HPOS="937" VPOS="970" WIDTH="131" HEIGHT="46" WC="0.95" CONTENT="banor,"/><SP WIDTH="35" VPOS="970" HPOS="1068"/>
							<String ID="string_142" HPOS="1103" VPOS="982" WIDTH="80" HEIGHT="23" WC="0.95" CONTENT="som"/><SP WIDTH="32" VPOS="982" HPOS="1183"/>
							<String ID="string_143" HPOS="1215" VPOS="974" WIDTH="106" HEIGHT="31" WC="0.96" CONTENT="snart"/><SP WIDTH="29" VPOS="974" HPOS="1321"/>
							<String ID="string_144" HPOS="1350" VPOS="968" WIDTH="37" HEIGHT="37" WC="0.96" CONTENT="få"/><SP WIDTH="28" VPOS="968" HPOS="1387"/>
							<String ID="string_145" HPOS="1415" VPOS="981" WIDTH="47" HEIGHT="23" WC="0.96" CONTENT="en"/><SP WIDTH="28" VPOS="981" HPOS="1462"/>
							<String ID="string_146" HPOS="1490" VPOS="967" WIDTH="270" HEIGHT="49" WC="0.94" CONTENT="utsträckning"/><SP WIDTH="27" VPOS="967" HPOS="1760"/>
							<String ID="string_147" HPOS="1787" VPOS="965" WIDTH="42" HEIGHT="38" WC="0.95" CONTENT="af"/><SP WIDTH="24" VPOS="965" HPOS="1829"/>
							<String ID="string_148" HPOS="1853" VPOS="966" WIDTH="73" HEIGHT="36" WC="0.95" CONTENT="200"/>
						</TextLine>
						<TextLine ID="line_15" HPOS="329" VPOS="1018" WIDTH="1602" HEIGHT="55">
							<String ID="string_149" HPOS="329" VPOS="1027" WIDTH="77" HEIGHT="45" WC="0.96" CONTENT="mil,"/><SP WIDTH="44" VPOS="1027" HPOS="406"/>
							<String ID="string_150" HPOS="450" VPOS="1030" WIDTH="91" HEIGHT="33" WC="0.95" CONTENT="enär"/><SP WIDTH="37" VPOS="1030" HPOS="541"/>
							<String ID="string_151" HPOS="578" VPOS="1025" WIDTH="64" HEIGHT="36" WC="0.96" CONTENT="det"/><SP WIDTH="33" VPOS="1025" HPOS="642"/>
							<String ID="string_152" HPOS="675" VPOS="1024" WIDTH="126" HEIGHT="49" WC="0.96" CONTENT="ligger"/><SP WIDTH="27" VPOS="1024" HPOS="801"/>
							<String ID="string_153" HPOS="828" VPOS="1023" WIDTH="10" HEIGHT="37" WC="0.96" CONTENT="i"/><SP WIDTH="31" VPOS="1023" HPOS="838"/>
							<String ID="string_154" HPOS="869" VPOS="1023" WIDTH="141" HEIGHT="37" WC="0.96" CONTENT="sakens"/><SP WIDTH="30" VPOS="1023" HPOS="1010"/>
							<String ID="string_155" HPOS="1040" VPOS="1027" WIDTH="122" HEIGHT="43" WC="0.96" CONTENT="natur,"/><SP WIDTH="31" VPOS="1027" HPOS="1162"/>
							<String ID="string_156" HPOS="1193" VPOS="1027" WIDTH="49" HEIGHT="31" WC="0.92" CONTENT="att"/><SP WIDTH="35" VPOS="1027" HPOS="1242"/>
							<String ID="string_157" HPOS="1277" VPOS="1020" WIDTH="312" HEIGHT="38" WC="0.91" CONTENT="handhafvandet"/><SP WIDTH="29" VPOS="1020" HPOS="1589"/>
							<String ID="string_158" HPOS="1618" VPOS="1019" WIDTH="71" HEIGHT="37" WC="0.97" CONTENT="och"/><SP WIDTH="28" VPOS="1019" HPOS="1689"/>
							<String ID="string_159" HPOS="1717" VPOS="1019" WIDTH="143" HEIGHT="37" WC="0.96" CONTENT="vården"/><SP WIDTH="29" VPOS="1019" HPOS="1860"/>
							<String ID="string_160" HPOS="1889" VPOS="1018" WIDTH="42" HEIGHT="37" WC="0.94" CONTENT="af"/>
						</TextLine>
						<TextLine ID="line_16" HPOS="330" VPOS="1071" WIDTH="1594" HEIGHT="57">
							<String ID="string_161" HPOS="330" VPOS="1086" WIDTH="146" HEIGHT="31" WC="0.93" CONTENT="statens"/><SP WIDTH="24" VPOS="1086" HPOS="476"/>
							<String ID="string_162" HPOS="500" VPOS="1077" WIDTH="299" HEIGHT="51" WC="0.89" CONTENT="jernvägstrafik"/><SP WIDTH="31" VPOS="1077" HPOS="799"/>
							<String ID="string_163" HPOS="830" VPOS="1081" WIDTH="95" HEIGHT="32" WC="0.96" CONTENT="samt"/><SP WIDTH="34" VPOS="1081" HPOS="925"/>
							<String ID="string_164" HPOS="959" VPOS="1075" WIDTH="213" HEIGHT="37" WC="0.93" CONTENT="kontrollen"/><SP WIDTH="30" VPOS="1075" HPOS="1172"/>
							<String ID="string_165" HPOS="1202" VPOS="1073" WIDTH="175" HEIGHT="38" WC="0.91" CONTENT="deröfver"/><SP WIDTH="27" VPOS="1073" HPOS="1377"/>
							<String ID="string_166" HPOS="1404" VPOS="1076" WIDTH="120" HEIGHT="34" WC="0.95" CONTENT="måste"/><SP WIDTH="20" VPOS="1076" HPOS="1524"/>
							<String ID="string_167" HPOS="1544" VPOS="1072" WIDTH="118" HEIGHT="38" WC="0.56" CONTENT="blifva"/><SP WIDTH="22" VPOS="1072" HPOS="1662"/>
							<String ID="string_168" HPOS="1684" VPOS="1085" WIDTH="103" HEIGHT="24" WC="0.93" CONTENT="mera"/><SP WIDTH="20" VPOS="1085" HPOS="1787"/>
							<String ID="string_169" HPOS="1807" VPOS="1071" WIDTH="117" HEIGHT="37" WC="0.91" CONTENT="detal-"/>
						</TextLine>
						<TextLine ID="line_17" HPOS="325" VPOS="1124" WIDTH="1599" HEIGHT="59">
							<String ID="string_170" HPOS="325" VPOS="1132" WIDTH="111" HEIGHT="51" WC="0.91" CONTENT="jerad"/><SP WIDTH="27" VPOS="1132" HPOS="436"/>
							<String ID="string_171" HPOS="463" VPOS="1131" WIDTH="72" HEIGHT="36" WC="0.96" CONTENT="och"/><SP WIDTH="28" VPOS="1131" HPOS="535"/>
							<String ID="string_172" HPOS="563" VPOS="1130" WIDTH="169" HEIGHT="37" WC="0.96" CONTENT="kostsam"/><SP WIDTH="32" VPOS="1130" HPOS="732"/>
							<String ID="string_173" HPOS="764" VPOS="1134" WIDTH="45" HEIGHT="32" WC="0.96" CONTENT="än"/><SP WIDTH="36" VPOS="1134" HPOS="809"/>
							<String ID="string_174" HPOS="845" VPOS="1129" WIDTH="97" HEIGHT="36" WC="0.96" CONTENT="hvad"/><SP WIDTH="29" VPOS="1129" HPOS="942"/>
							<String ID="string_175" HPOS="971" VPOS="1142" WIDTH="78" HEIGHT="22" WC="0.95" CONTENT="som"/><SP WIDTH="32" VPOS="1142" HPOS="1049"/>
							<String ID="string_176" HPOS="1081" VPOS="1127" WIDTH="10" HEIGHT="36" WC="0.62" CONTENT="i"/><SP WIDTH="18" VPOS="1127" HPOS="1091"/>
							<String ID="string_177" HPOS="1109" VPOS="1127" WIDTH="207" HEIGHT="36" WC="0.62" CONTENT="allmänhet"/><SP WIDTH="15" VPOS="1127" HPOS="1316"/>
							<String ID="string_178" HPOS="1331" VPOS="1132" WIDTH="41" HEIGHT="31" WC="0.93" CONTENT="är"/><SP WIDTH="23" VPOS="1132" HPOS="1372"/>
							<String ID="string_179" HPOS="1395" VPOS="1126" WIDTH="187" HEIGHT="48" WC="0.92" CONTENT="behöfligt"/><SP WIDTH="20" VPOS="1126" HPOS="1582"/>
							<String ID="string_180" HPOS="1602" VPOS="1125" WIDTH="61" HEIGHT="36" WC="0.96" CONTENT="vid"/><SP WIDTH="24" VPOS="1125" HPOS="1663"/>
							<String ID="string_181" HPOS="1687" VPOS="1125" WIDTH="45" HEIGHT="36" WC="0.96" CONTENT="de"/><SP WIDTH="20" VPOS="1125" HPOS="1732"/>
							<String ID="string_182" HPOS="1752" VPOS="1124" WIDTH="172" HEIGHT="37" WC="0.96" CONTENT="enskilda"/>
						</TextLine>
						<TextLine ID="line_18" HPOS="327" VPOS="1185" WIDTH="271" HEIGHT="49">
							<String ID="string_183" HPOS="327" VPOS="1185" WIDTH="271" HEIGHT="49" WC="0.91" CONTENT="jernbanorna."/>
						</TextLine>
					</TextBlock>
					<TextBlock ID="block_3" HPOS="329" VPOS="1229" WIDTH="1602" HEIGHT="896">
						<TextLine ID="line_19" HPOS="458" VPOS="1229" WIDTH="1457" HEIGHT="55">
							<String ID="string_184" HPOS="458" VPOS="1237" WIDTH="50" HEIGHT="36" WC="0.96" CONTENT="På"/><SP WIDTH="43" VPOS="1237" HPOS="508"/>
							<String ID="string_185" HPOS="551" VPOS="1236" WIDTH="126" HEIGHT="48" WC="0.96" CONTENT="grund"/><SP WIDTH="41" VPOS="1236" HPOS="677"/>
							<String ID="string_186" HPOS="718" VPOS="1235" WIDTH="41" HEIGHT="36" WC="0.96" CONTENT="af"/><SP WIDTH="37" VPOS="1235" HPOS="759"/>
							<String ID="string_187" HPOS="796" VPOS="1233" WIDTH="103" HEIGHT="38" WC="0.96" CONTENT="hvad"/><SP WIDTH="28" VPOS="1233" HPOS="899"/>
							<String ID="string_188" HPOS="927" VPOS="1233" WIDTH="195" HEIGHT="49" WC="0.95" CONTENT="Styrelsen"/><SP WIDTH="44" VPOS="1233" HPOS="1122"/>
							<String ID="string_189" HPOS="1166" VPOS="1232" WIDTH="110" HEIGHT="37" WC="0.96" CONTENT="ofvan"/><SP WIDTH="35" VPOS="1232" HPOS="1276"/>
							<String ID="string_190" HPOS="1311" VPOS="1232" WIDTH="11" HEIGHT="35" WC="0.69" CONTENT="1"/><SP WIDTH="34" VPOS="1232" HPOS="1322"/>
							<String ID="string_191" HPOS="1356" VPOS="1230" WIDTH="306" HEIGHT="50" WC="0.91" CONTENT="underdånighet"/><SP WIDTH="29" VPOS="1230" HPOS="1662"/>
							<String ID="string_192" HPOS="1691" VPOS="1230" WIDTH="126" HEIGHT="36" WC="0.96" CONTENT="anfört"/><SP WIDTH="31" VPOS="1230" HPOS="1817"/>
							<String ID="string_193" HPOS="1848" VPOS="1229" WIDTH="67" HEIGHT="36" WC="0.96" CONTENT="och"/>
						</TextLine>
						<TextLine ID="line_20" HPOS="331" VPOS="1282" WIDTH="1591" HEIGHT="55">
							<String ID="string_194" HPOS="331" VPOS="1289" WIDTH="139" HEIGHT="38" WC="0.95" CONTENT="hvaraf"/><SP WIDTH="21" VPOS="1289" HPOS="470"/>
							<String ID="string_195" HPOS="491" VPOS="1289" WIDTH="180" HEIGHT="48" WC="0.95" CONTENT="framgår,"/><SP WIDTH="29" VPOS="1289" HPOS="671"/>
							<String ID="string_196" HPOS="700" VPOS="1292" WIDTH="66" HEIGHT="43" WC="0.96" CONTENT="att,"/><SP WIDTH="30" VPOS="1292" HPOS="766"/>
							<String ID="string_197" HPOS="796" VPOS="1300" WIDTH="60" HEIGHT="24" WC="0.93" CONTENT="om"/><SP WIDTH="29" VPOS="1300" HPOS="856"/>
							<String ID="string_198" HPOS="885" VPOS="1283" WIDTH="743" HEIGHT="51" WC="0.59" CONTENT="Hallsberg—Motala—Mjölby-banan"/><SP WIDTH="16" VPOS="1283" HPOS="1628"/>
							<String ID="string_199" HPOS="1644" VPOS="1282" WIDTH="123" HEIGHT="36" WC="0.96" CONTENT="skulle"/><SP WIDTH="15" VPOS="1282" HPOS="1767"/>
							<String ID="string_200" HPOS="1782" VPOS="1294" WIDTH="140" HEIGHT="36" WC="0.96" CONTENT="genom"/>
						</TextLine>
						<TextLine ID="line_21" HPOS="329" VPOS="1334" WIDTH="1596" HEIGHT="57">
							<String ID="string_201" HPOS="329" VPOS="1342" WIDTH="118" HEIGHT="49" WC="0.96" CONTENT="inköp"/><SP WIDTH="29" VPOS="1342" HPOS="447"/>
							<String ID="string_202" HPOS="476" VPOS="1342" WIDTH="59" HEIGHT="36" WC="0.96" CONTENT="för"/><SP WIDTH="41" VPOS="1342" HPOS="535"/>
							<String ID="string_203" HPOS="576" VPOS="1346" WIDTH="147" HEIGHT="31" WC="0.95" CONTENT="statens"/><SP WIDTH="40" VPOS="1346" HPOS="723"/>
							<String ID="string_204" HPOS="763" VPOS="1339" WIDTH="166" HEIGHT="48" WC="0.93" CONTENT="räkning"/><SP WIDTH="41" VPOS="1339" HPOS="929"/>
							<String ID="string_205" HPOS="970" VPOS="1337" WIDTH="212" HEIGHT="38" WC="0.92" CONTENT="införlifvas"/><SP WIDTH="43" VPOS="1337" HPOS="1182"/>
							<String ID="string_206" HPOS="1225" VPOS="1337" WIDTH="86" HEIGHT="36" WC="0.96" CONTENT="med"/><SP WIDTH="39" VPOS="1337" HPOS="1311"/>
							<String ID="string_207" HPOS="1350" VPOS="1341" WIDTH="146" HEIGHT="32" WC="0.96" CONTENT="statens"/><SP WIDTH="44" VPOS="1341" HPOS="1496"/>
							<String ID="string_208" HPOS="1540" VPOS="1335" WIDTH="122" HEIGHT="49" WC="0.95" CONTENT="öfriga"/><SP WIDTH="31" VPOS="1335" HPOS="1662"/>
							<String ID="string_209" HPOS="1693" VPOS="1334" WIDTH="232" HEIGHT="46" WC="0.96" CONTENT="stambanor,"/>
						</TextLine>
						<TextLine ID="line_22" HPOS="333" VPOS="1386" WIDTH="1592" HEIGHT="54">
							<String ID="string_210" HPOS="333" VPOS="1394" WIDTH="110" HEIGHT="38" WC="0.93" CONTENT="deraf"/><SP WIDTH="22" VPOS="1394" HPOS="443"/>
							<String ID="string_211" HPOS="465" VPOS="1393" WIDTH="126" HEIGHT="37" WC="0.92" CONTENT="blefve"/><SP WIDTH="30" VPOS="1393" HPOS="591"/>
							<String ID="string_212" HPOS="621" VPOS="1407" WIDTH="47" HEIGHT="23" WC="0.96" CONTENT="en"/><SP WIDTH="28" VPOS="1407" HPOS="668"/>
							<String ID="string_213" HPOS="696" VPOS="1392" WIDTH="224" HEIGHT="47" WC="0.94" CONTENT="nödvändig"/><SP WIDTH="29" VPOS="1392" HPOS="920"/>
							<String ID="string_214" HPOS="949" VPOS="1390" WIDTH="105" HEIGHT="50" WC="0.94" CONTENT="följd,"/><SP WIDTH="30" VPOS="1390" HPOS="1054"/>
							<String ID="string_215" HPOS="1084" VPOS="1395" WIDTH="54" HEIGHT="31" WC="0.96" CONTENT="att"/><SP WIDTH="30" VPOS="1395" HPOS="1138"/>
							<String ID="string_216" HPOS="1168" VPOS="1402" WIDTH="142" HEIGHT="25" WC="0.92" CONTENT="samma"/><SP WIDTH="31" VPOS="1402" HPOS="1310"/>
							<String ID="string_217" HPOS="1341" VPOS="1389" WIDTH="226" HEIGHT="36" WC="0.90" CONTENT="fraktsatser"/><SP WIDTH="19" VPOS="1389" HPOS="1567"/>
							<String ID="string_218" HPOS="1586" VPOS="1387" WIDTH="242" HEIGHT="49" WC="0.95" CONTENT="tillämpades"/><SP WIDTH="26" VPOS="1387" HPOS="1828"/>
							<String ID="string_219" HPOS="1854" VPOS="1386" WIDTH="71" HEIGHT="36" WC="0.96" CONTENT="och"/>
						</TextLine>
						<TextLine ID="line_23" HPOS="331" VPOS="1441" WIDTH="1595" HEIGHT="53">
							<String ID="string_220" HPOS="331" VPOS="1461" WIDTH="44" HEIGHT="23" WC="0.95" CONTENT="en"/><SP WIDTH="44" VPOS="1461" HPOS="375"/>
							<String ID="string_221" HPOS="419" VPOS="1447" WIDTH="77" HEIGHT="36" WC="0.95" CONTENT="lika"/><SP WIDTH="42" VPOS="1447" HPOS="496"/>
							<String ID="string_222" HPOS="538" VPOS="1444" WIDTH="230" HEIGHT="50" WC="0.95" CONTENT="fullständig"/><SP WIDTH="39" VPOS="1444" HPOS="768"/>
							<String ID="string_223" HPOS="807" VPOS="1444" WIDTH="111" HEIGHT="37" WC="0.95" CONTENT="trafik"/><SP WIDTH="46" VPOS="1444" HPOS="918"/>
							<String ID="string_224" HPOS="964" VPOS="1443" WIDTH="185" HEIGHT="36" WC="0.93" CONTENT="ordnades"/><SP WIDTH="43" VPOS="1443" HPOS="1149"/>
							<String ID="string_225" HPOS="1192" VPOS="1445" WIDTH="18" HEIGHT="33" WC="0.89" CONTENT="å"/><SP WIDTH="36" VPOS="1445" HPOS="1210"/>
							<String ID="string_226" HPOS="1246" VPOS="1441" WIDTH="126" HEIGHT="38" WC="0.93" CONTENT="denna"/><SP WIDTH="30" VPOS="1441" HPOS="1372"/>
							<String ID="string_227" HPOS="1402" VPOS="1441" WIDTH="188" HEIGHT="48" WC="0.92" CONTENT="jernbana"/><SP WIDTH="29" VPOS="1441" HPOS="1590"/>
							<String ID="string_228" HPOS="1619" VPOS="1452" WIDTH="81" HEIGHT="24" WC="0.93" CONTENT="som"/><SP WIDTH="30" VPOS="1452" HPOS="1700"/>
							<String ID="string_229" HPOS="1730" VPOS="1441" WIDTH="20" HEIGHT="34" WC="0.92" CONTENT="å"/><SP WIDTH="29" VPOS="1441" HPOS="1750"/>
							<String ID="string_230" HPOS="1779" VPOS="1444" WIDTH="147" HEIGHT="32" WC="0.95" CONTENT="statens"/>
						</TextLine>
						<TextLine ID="line_24" HPOS="332" VPOS="1491" WIDTH="1594" HEIGHT="58">
							<String ID="string_231" HPOS="332" VPOS="1500" WIDTH="120" HEIGHT="49" WC="0.96" CONTENT="öfriga"/><SP WIDTH="31" VPOS="1500" HPOS="452"/>
							<String ID="string_232" HPOS="483" VPOS="1498" WIDTH="233" HEIGHT="48" WC="0.96" CONTENT="stambanor,"/><SP WIDTH="30" VPOS="1498" HPOS="716"/>
							<String ID="string_233" HPOS="746" VPOS="1510" WIDTH="111" HEIGHT="24" WC="0.96" CONTENT="anser"/><SP WIDTH="30" VPOS="1510" HPOS="857"/>
							<String ID="string_234" HPOS="887" VPOS="1496" WIDTH="261" HEIGHT="49" WC="0.93" CONTENT="Styrelsen"/><SP WIDTH="-28" VPOS="1496" HPOS="1148"/>
							<String ID="string_235" HPOS="1120" VPOS="1487" WIDTH="25" HEIGHT="66" WC="0.91" CONTENT="—"/><SP WIDTH="21" VPOS="1487" HPOS="1145"/>
							<String ID="string_236" HPOS="1166" VPOS="1508" WIDTH="79" HEIGHT="22" WC="0.96" CONTENT="som"/><SP WIDTH="30" VPOS="1508" HPOS="1245"/>
							<String ID="string_237" HPOS="1275" VPOS="1494" WIDTH="64" HEIGHT="36" WC="0.96" CONTENT="det"/><SP WIDTH="27" VPOS="1494" HPOS="1339"/>
							<String ID="string_238" HPOS="1366" VPOS="1494" WIDTH="69" HEIGHT="36" WC="0.96" CONTENT="här"/><SP WIDTH="27" VPOS="1494" HPOS="1435"/>
							<String ID="string_239" HPOS="1462" VPOS="1493" WIDTH="85" HEIGHT="37" WC="0.96" CONTENT="icke"/><SP WIDTH="27" VPOS="1493" HPOS="1547"/>
							<String ID="string_240" HPOS="1574" VPOS="1492" WIDTH="236" HEIGHT="37" WC="0.96" CONTENT="tillkommer"/><SP WIDTH="32" VPOS="1492" HPOS="1810"/>
							<String ID="string_241" HPOS="1842" VPOS="1491" WIDTH="84" HEIGHT="36" WC="0.25" CONTENT="att"/><SP WIDTH="-23" VPOS="1491" HPOS="1926"/>
							<String ID="string_242" HPOS="1903" VPOS="1487" WIDTH="26" HEIGHT="66" WC="0.25" CONTENT="i"/>
						</TextLine>
						<TextLine ID="line_25" HPOS="331" VPOS="1543" WIDTH="1596" HEIGHT="57">
							<String ID="string_243" HPOS="331" VPOS="1552" WIDTH="124" HEIGHT="37" WC="0.96" CONTENT="denna"/><SP WIDTH="30" VPOS="1552" HPOS="455"/>
							<String ID="string_244" HPOS="485" VPOS="1551" WIDTH="106" HEIGHT="49" WC="0.96" CONTENT="fråga"/><SP WIDTH="30" VPOS="1551" HPOS="591"/>
							<String ID="string_245" HPOS="621" VPOS="1557" WIDTH="87" HEIGHT="42" WC="0.96" CONTENT="taga"/><SP WIDTH="32" VPOS="1557" HPOS="708"/>
							<String ID="string_246" HPOS="740" VPOS="1550" WIDTH="152" HEIGHT="49" WC="0.96" CONTENT="hänsyn"/><SP WIDTH="29" VPOS="1550" HPOS="892"/>
							<String ID="string_247" HPOS="921" VPOS="1548" WIDTH="54" HEIGHT="37" WC="0.94" CONTENT="till"/><SP WIDTH="33" VPOS="1548" HPOS="975"/>
							<String ID="string_248" HPOS="1008" VPOS="1548" WIDTH="115" HEIGHT="36" WC="0.96" CONTENT="andra"/><SP WIDTH="31" VPOS="1548" HPOS="1123"/>
							<String ID="string_249" HPOS="1154" VPOS="1552" WIDTH="47" HEIGHT="31" WC="0.97" CONTENT="än"/><SP WIDTH="29" VPOS="1552" HPOS="1201"/>
							<String ID="string_250" HPOS="1230" VPOS="1551" WIDTH="84" HEIGHT="32" WC="0.96" CONTENT="rent"/><SP WIDTH="30" VPOS="1551" HPOS="1314"/>
							<String ID="string_251" HPOS="1344" VPOS="1546" WIDTH="248" HEIGHT="36" WC="0.96" CONTENT="ekonomiska"/><SP WIDTH="31" VPOS="1546" HPOS="1592"/>
							<String ID="string_252" HPOS="1623" VPOS="1544" WIDTH="96" HEIGHT="48" WC="0.95" CONTENT="skäl,"/><SP WIDTH="29" VPOS="1544" HPOS="1719"/>
							<String ID="string_253" HPOS="1748" VPOS="1556" WIDTH="87" HEIGHT="24" WC="0.92" CONTENT="men"/><SP WIDTH="20" VPOS="1556" HPOS="1835"/>
							<String ID="string_254" HPOS="1855" VPOS="1543" WIDTH="72" HEIGHT="37" WC="0.92" CONTENT="lik-"/>
						</TextLine>
						<TextLine ID="line_26" HPOS="332" VPOS="1597" WIDTH="1594" HEIGHT="50">
							<String ID="string_255" HPOS="332" VPOS="1605" WIDTH="62" HEIGHT="37" WC="0.96" CONTENT="väl"/><SP WIDTH="27" VPOS="1605" HPOS="394"/>
							<String ID="string_256" HPOS="421" VPOS="1604" WIDTH="59" HEIGHT="37" WC="0.95" CONTENT="till"/><SP WIDTH="28" VPOS="1604" HPOS="480"/>
							<String ID="string_257" HPOS="508" VPOS="1603" WIDTH="92" HEIGHT="37" WC="0.96" CONTENT="fullo"/><SP WIDTH="29" VPOS="1603" HPOS="600"/>
							<String ID="string_258" HPOS="629" VPOS="1603" WIDTH="189" HEIGHT="37" WC="0.93" CONTENT="erkänner"/><SP WIDTH="27" VPOS="1603" HPOS="818"/>
							<String ID="string_259" HPOS="845" VPOS="1601" WIDTH="181" HEIGHT="37" WC="0.91" CONTENT="behofvet"/><SP WIDTH="27" VPOS="1601" HPOS="1026"/>
							<String ID="string_260" HPOS="1053" VPOS="1600" WIDTH="42" HEIGHT="36" WC="0.96" CONTENT="af"/><SP WIDTH="23" VPOS="1600" HPOS="1095"/>
							<String ID="string_261" HPOS="1118" VPOS="1599" WIDTH="174" HEIGHT="48" WC="0.96" CONTENT="bolagets"/><SP WIDTH="29" VPOS="1599" HPOS="1292"/>
							<String ID="string_262" HPOS="1321" VPOS="1597" WIDTH="325" HEIGHT="50" WC="0.96" CONTENT="understödjande"/><SP WIDTH="26" VPOS="1597" HPOS="1646"/>
							<String ID="string_263" HPOS="1672" VPOS="1597" WIDTH="79" HEIGHT="36" WC="0.96" CONTENT="från"/><SP WIDTH="29" VPOS="1597" HPOS="1751"/>
							<String ID="string_264" HPOS="1780" VPOS="1601" WIDTH="146" HEIGHT="32" WC="0.60" CONTENT="statens"/>
						</TextLine>
						<TextLine ID="line_27" HPOS="333" VPOS="1648" WIDTH="1595" HEIGHT="53">
							<String ID="string_265" HPOS="333" VPOS="1657" WIDTH="82" HEIGHT="37" WC="0.96" CONTENT="sida"/><SP WIDTH="42" VPOS="1657" HPOS="415"/>
							<String ID="string_266" HPOS="457" VPOS="1656" WIDTH="70" HEIGHT="37" WC="0.96" CONTENT="och"/><SP WIDTH="29" VPOS="1656" HPOS="527"/>
							<String ID="string_267" HPOS="556" VPOS="1669" WIDTH="82" HEIGHT="24" WC="0.96" CONTENT="som"/><SP WIDTH="30" VPOS="1669" HPOS="638"/>
							<String ID="string_268" HPOS="668" VPOS="1655" WIDTH="59" HEIGHT="37" WC="0.96" CONTENT="för"/><SP WIDTH="36" VPOS="1655" HPOS="727"/>
							<String ID="string_269" HPOS="763" VPOS="1655" WIDTH="59" HEIGHT="36" WC="0.96" CONTENT="sin"/><SP WIDTH="29" VPOS="1655" HPOS="822"/>
							<String ID="string_270" HPOS="851" VPOS="1653" WIDTH="60" HEIGHT="38" WC="0.96" CONTENT="del"/><SP WIDTH="28" VPOS="1653" HPOS="911"/>
							<String ID="string_271" HPOS="939" VPOS="1654" WIDTH="84" HEIGHT="36" WC="0.96" CONTENT="icke"/><SP WIDTH="29" VPOS="1654" HPOS="1023"/>
							<String ID="string_272" HPOS="1052" VPOS="1655" WIDTH="117" HEIGHT="46" WC="0.96" CONTENT="vågar"/><SP WIDTH="28" VPOS="1655" HPOS="1169"/>
							<String ID="string_273" HPOS="1197" VPOS="1657" WIDTH="153" HEIGHT="42" WC="0.95" CONTENT="antaga,"/><SP WIDTH="30" VPOS="1657" HPOS="1350"/>
							<String ID="string_274" HPOS="1380" VPOS="1656" WIDTH="56" HEIGHT="31" WC="0.96" CONTENT="att"/><SP WIDTH="27" VPOS="1656" HPOS="1436"/>
							<String ID="string_275" HPOS="1463" VPOS="1651" WIDTH="46" HEIGHT="36" WC="0.96" CONTENT="de"/><SP WIDTH="29" VPOS="1651" HPOS="1509"/>
							<String ID="string_276" HPOS="1538" VPOS="1650" WIDTH="222" HEIGHT="49" WC="0.93" CONTENT="ifrågasatta"/><SP WIDTH="32" VPOS="1650" HPOS="1760"/>
							<String ID="string_277" HPOS="1792" VPOS="1648" WIDTH="136" HEIGHT="37" WC="0.92" CONTENT="anord-"/>
						</TextLine>
						<TextLine ID="line_28" HPOS="333" VPOS="1701" WIDTH="1593" HEIGHT="57">
							<String ID="string_278" HPOS="333" VPOS="1709" WIDTH="257" HEIGHT="49" WC="0.91" CONTENT="ordningarne"/><SP WIDTH="44" VPOS="1709" HPOS="590"/>
							<String ID="string_279" HPOS="634" VPOS="1708" WIDTH="125" HEIGHT="37" WC="0.96" CONTENT="skulle"/><SP WIDTH="38" VPOS="1708" HPOS="759"/>
							<String ID="string_280" HPOS="797" VPOS="1708" WIDTH="101" HEIGHT="36" WC="0.96" CONTENT="inom"/><SP WIDTH="32" VPOS="1708" HPOS="898"/>
							<String ID="string_281" HPOS="930" VPOS="1707" WIDTH="86" HEIGHT="35" WC="0.96" CONTENT="kort"/><SP WIDTH="27" VPOS="1707" HPOS="1016"/>
							<String ID="string_282" HPOS="1043" VPOS="1704" WIDTH="201" HEIGHT="38" WC="0.95" CONTENT="framkalla"/><SP WIDTH="24" VPOS="1704" HPOS="1244"/>
							<String ID="string_283" HPOS="1268" VPOS="1717" WIDTH="44" HEIGHT="23" WC="0.95" CONTENT="en"/><SP WIDTH="31" VPOS="1717" HPOS="1312"/>
							<String ID="string_284" HPOS="1343" VPOS="1703" WIDTH="225" HEIGHT="48" WC="0.95" CONTENT="tillräckligt"/><SP WIDTH="28" VPOS="1703" HPOS="1568"/>
							<String ID="string_285" HPOS="1596" VPOS="1708" WIDTH="80" HEIGHT="31" WC="0.95" CONTENT="stor"/><SP WIDTH="30" VPOS="1708" HPOS="1676"/>
							<String ID="string_286" HPOS="1706" VPOS="1702" WIDTH="71" HEIGHT="36" WC="0.93" CONTENT="och"/><SP WIDTH="33" VPOS="1702" HPOS="1777"/>
							<String ID="string_287" HPOS="1810" VPOS="1701" WIDTH="116" HEIGHT="36" WC="0.92" CONTENT="vinst-"/>
						</TextLine>
						<TextLine ID="line_29" HPOS="332" VPOS="1753" WIDTH="1593" HEIGHT="58">
							<String ID="string_288" HPOS="332" VPOS="1762" WIDTH="182" HEIGHT="49" WC="0.92" CONTENT="gifvande"/><SP WIDTH="33" VPOS="1762" HPOS="514"/>
							<String ID="string_289" HPOS="547" VPOS="1761" WIDTH="125" HEIGHT="48" WC="0.96" CONTENT="trafik,"/><SP WIDTH="33" VPOS="1761" HPOS="672"/>
							<String ID="string_290" HPOS="705" VPOS="1761" WIDTH="46" HEIGHT="35" WC="0.93" CONTENT="då"/><SP WIDTH="34" VPOS="1761" HPOS="751"/>
							<String ID="string_291" HPOS="785" VPOS="1759" WIDTH="123" HEIGHT="37" WC="0.92" CONTENT="dertill"/><SP WIDTH="32" VPOS="1759" HPOS="908"/>
							<String ID="string_292" HPOS="940" VPOS="1757" WIDTH="189" HEIGHT="37" WC="0.96" CONTENT="erfordras"/><SP WIDTH="29" VPOS="1757" HPOS="1129"/>
							<String ID="string_293" HPOS="1158" VPOS="1757" WIDTH="54" HEIGHT="36" WC="0.95" CONTENT="tid"/><SP WIDTH="28" VPOS="1757" HPOS="1212"/>
							<String ID="string_294" HPOS="1240" VPOS="1757" WIDTH="58" HEIGHT="35" WC="0.96" CONTENT="för"/><SP WIDTH="29" VPOS="1757" HPOS="1298"/>
							<String ID="string_295" HPOS="1327" VPOS="1756" WIDTH="190" HEIGHT="36" WC="0.86" CONTENT="rörelsens"/><SP WIDTH="29" VPOS="1756" HPOS="1517"/>
							<String ID="string_296" HPOS="1546" VPOS="1754" WIDTH="191" HEIGHT="49" WC="0.93" CONTENT="naturliga"/><SP WIDTH="30" VPOS="1754" HPOS="1737"/>
							<String ID="string_297" HPOS="1767" VPOS="1753" WIDTH="158" HEIGHT="37" WC="0.92" CONTENT="utveck-"/>
						</TextLine>
						<TextLine ID="line_30" HPOS="333" VPOS="1806" WIDTH="1594" HEIGHT="57">
							<String ID="string_298" HPOS="333" VPOS="1815" WIDTH="82" HEIGHT="48" WC="0.93" CONTENT="ling"/><SP WIDTH="43" VPOS="1815" HPOS="415"/>
							<String ID="string_299" HPOS="458" VPOS="1837" WIDTH="47" HEIGHT="3" WC="0.90" CONTENT="—"/><SP WIDTH="42" VPOS="1837" HPOS="505"/>
							<String ID="string_300" HPOS="547" VPOS="1814" WIDTH="61" HEIGHT="49" WC="0.96" CONTENT="sig"/><SP WIDTH="42" VPOS="1814" HPOS="608"/>
							<String ID="string_301" HPOS="650" VPOS="1813" WIDTH="84" HEIGHT="37" WC="0.96" CONTENT="icke"/><SP WIDTH="43" VPOS="1813" HPOS="734"/>
							<String ID="string_302" HPOS="777" VPOS="1813" WIDTH="128" HEIGHT="35" WC="0.96" CONTENT="kunna"/><SP WIDTH="37" VPOS="1813" HPOS="905"/>
							<String ID="string_303" HPOS="942" VPOS="1812" WIDTH="11" HEIGHT="35" WC="0.93" CONTENT="i"/><SP WIDTH="39" VPOS="1812" HPOS="953"/>
							<String ID="string_304" HPOS="992" VPOS="1809" WIDTH="306" HEIGHT="48" WC="0.90" CONTENT="underdånighet"/><SP WIDTH="29" VPOS="1809" HPOS="1298"/>
							<String ID="string_305" HPOS="1327" VPOS="1808" WIDTH="193" HEIGHT="49" WC="0.96" CONTENT="tillstyrka"/><SP WIDTH="27" VPOS="1808" HPOS="1520"/>
							<String ID="string_306" HPOS="1547" VPOS="1807" WIDTH="118" HEIGHT="50" WC="0.96" CONTENT="inköp"/><SP WIDTH="29" VPOS="1807" HPOS="1665"/>
							<String ID="string_307" HPOS="1694" VPOS="1806" WIDTH="59" HEIGHT="37" WC="0.96" CONTENT="för"/><SP WIDTH="28" VPOS="1806" HPOS="1753"/>
							<String ID="string_308" HPOS="1781" VPOS="1811" WIDTH="146" HEIGHT="32" WC="0.84" CONTENT="statens"/>
						</TextLine>
						<TextLine ID="line_31" HPOS="332" VPOS="1858" WIDTH="1595" HEIGHT="57">
							<String ID="string_309" HPOS="332" VPOS="1867" WIDTH="168" HEIGHT="48" WC="0.96" CONTENT="räkning"/><SP WIDTH="41" VPOS="1867" HPOS="500"/>
							<String ID="string_310" HPOS="541" VPOS="1867" WIDTH="41" HEIGHT="36" WC="0.95" CONTENT="af"/><SP WIDTH="36" VPOS="1867" HPOS="582"/>
							<String ID="string_311" HPOS="618" VPOS="1864" WIDTH="292" HEIGHT="49" WC="0.93" CONTENT="ifrågavarande"/><SP WIDTH="41" VPOS="1864" HPOS="910"/>
							<String ID="string_312" HPOS="951" VPOS="1864" WIDTH="175" HEIGHT="48" WC="0.91" CONTENT="jernväg,"/><SP WIDTH="36" VPOS="1864" HPOS="1126"/>
							<String ID="string_313" HPOS="1162" VPOS="1867" WIDTH="89" HEIGHT="32" WC="0.96" CONTENT="utan"/><SP WIDTH="31" VPOS="1867" HPOS="1251"/>
							<String ID="string_314" HPOS="1282" VPOS="1861" WIDTH="121" HEIGHT="37" WC="0.96" CONTENT="håller"/><SP WIDTH="28" VPOS="1861" HPOS="1403"/>
							<String ID="string_315" HPOS="1431" VPOS="1861" WIDTH="91" HEIGHT="44" WC="0.96" CONTENT="före,"/><SP WIDTH="31" VPOS="1861" HPOS="1522"/>
							<String ID="string_316" HPOS="1553" VPOS="1865" WIDTH="56" HEIGHT="32" WC="0.96" CONTENT="att"/><SP WIDTH="28" VPOS="1865" HPOS="1609"/>
							<String ID="string_317" HPOS="1637" VPOS="1865" WIDTH="55" HEIGHT="31" WC="0.96" CONTENT="ett"/><SP WIDTH="27" VPOS="1865" HPOS="1692"/>
							<String ID="string_318" HPOS="1719" VPOS="1858" WIDTH="208" HEIGHT="38" WC="0.96" CONTENT="understöd"/>
						</TextLine>
						<TextLine ID="line_32" HPOS="332" VPOS="1912" WIDTH="1595" HEIGHT="54">
							<String ID="string_319" HPOS="332" VPOS="1919" WIDTH="122" HEIGHT="38" WC="0.96" CONTENT="under"/><SP WIDTH="28" VPOS="1919" HPOS="454"/>
							<String ID="string_320" HPOS="482" VPOS="1932" WIDTH="127" HEIGHT="24" WC="0.96" CONTENT="annan"/><SP WIDTH="28" VPOS="1932" HPOS="609"/>
							<String ID="string_321" HPOS="637" VPOS="1918" WIDTH="110" HEIGHT="48" WC="0.96" CONTENT="form,"/><SP WIDTH="31" VPOS="1918" HPOS="747"/>
							<String ID="string_322" HPOS="778" VPOS="1930" WIDTH="88" HEIGHT="24" WC="0.96" CONTENT="vare"/><SP WIDTH="29" VPOS="1930" HPOS="866"/>
							<String ID="string_323" HPOS="895" VPOS="1916" WIDTH="61" HEIGHT="49" WC="0.96" CONTENT="sig"/><SP WIDTH="28" VPOS="1916" HPOS="956"/>
							<String ID="string_324" HPOS="984" VPOS="1916" WIDTH="59" HEIGHT="36" WC="0.96" CONTENT="lån"/><SP WIDTH="32" VPOS="1916" HPOS="1043"/>
							<String ID="string_325" HPOS="1075" VPOS="1915" WIDTH="90" HEIGHT="37" WC="0.95" CONTENT="eller"/><SP WIDTH="24" VPOS="1915" HPOS="1165"/>
							<String ID="string_326" HPOS="1189" VPOS="1914" WIDTH="148" HEIGHT="48" WC="0.96" CONTENT="anslag,"/><SP WIDTH="32" VPOS="1914" HPOS="1337"/>
							<String ID="string_327" HPOS="1369" VPOS="1914" WIDTH="55" HEIGHT="36" WC="0.96" CONTENT="till"/><SP WIDTH="25" VPOS="1914" HPOS="1424"/>
							<String ID="string_328" HPOS="1449" VPOS="1913" WIDTH="135" HEIGHT="37" WC="0.96" CONTENT="sådant"/><SP WIDTH="27" VPOS="1913" HPOS="1584"/>
							<String ID="string_329" HPOS="1611" VPOS="1912" WIDTH="139" HEIGHT="49" WC="0.96" CONTENT="belopp"/><SP WIDTH="30" VPOS="1912" HPOS="1750"/>
							<String ID="string_330" HPOS="1780" VPOS="1912" WIDTH="72" HEIGHT="36" WC="0.96" CONTENT="och"/><SP WIDTH="28" VPOS="1912" HPOS="1852"/>
							<String ID="string_331" HPOS="1880" VPOS="1913" WIDTH="47" HEIGHT="47" WC="0.96" CONTENT="på"/>
						</TextLine>
						<TextLine ID="line_33" HPOS="333" VPOS="1963" WIDTH="1598" HEIGHT="56">
							<String ID="string_332" HPOS="333" VPOS="1972" WIDTH="143" HEIGHT="37" WC="0.96" CONTENT="sådana"/><SP WIDTH="28" VPOS="1972" HPOS="476"/>
							<String ID="string_333" HPOS="504" VPOS="1972" WIDTH="137" HEIGHT="47" WC="0.95" CONTENT="vilkor,"/><SP WIDTH="36" VPOS="1972" HPOS="641"/>
							<String ID="string_334" HPOS="677" VPOS="1976" WIDTH="55" HEIGHT="31" WC="0.96" CONTENT="att"/><SP WIDTH="28" VPOS="1976" HPOS="732"/>
							<String ID="string_335" HPOS="760" VPOS="1970" WIDTH="157" HEIGHT="48" WC="0.96" CONTENT="bolaget"/><SP WIDTH="28" VPOS="1970" HPOS="917"/>
							<String ID="string_336" HPOS="945" VPOS="1969" WIDTH="180" HEIGHT="36" WC="0.95" CONTENT="försattes"/><SP WIDTH="28" VPOS="1969" HPOS="1125"/>
							<String ID="string_337" HPOS="1153" VPOS="1968" WIDTH="13" HEIGHT="35" WC="0.95" CONTENT="i"/><SP WIDTH="28" VPOS="1968" HPOS="1166"/>
							<String ID="string_338" HPOS="1194" VPOS="1966" WIDTH="149" HEIGHT="37" WC="0.96" CONTENT="tillfälle"/><SP WIDTH="29" VPOS="1966" HPOS="1343"/>
							<String ID="string_339" HPOS="1372" VPOS="1971" WIDTH="68" HEIGHT="43" WC="0.96" CONTENT="att,"/><SP WIDTH="28" VPOS="1971" HPOS="1440"/>
							<String ID="string_340" HPOS="1468" VPOS="1971" WIDTH="94" HEIGHT="31" WC="0.96" CONTENT="utan"/><SP WIDTH="24" VPOS="1971" HPOS="1562"/>
							<String ID="string_341" HPOS="1586" VPOS="1970" WIDTH="56" HEIGHT="31" WC="0.93" CONTENT="att"/><SP WIDTH="28" VPOS="1970" HPOS="1642"/>
							<String ID="string_342" HPOS="1670" VPOS="1965" WIDTH="190" HEIGHT="49" WC="0.90" CONTENT="betungas"/><SP WIDTH="30" VPOS="1965" HPOS="1860"/>
							<String ID="string_343" HPOS="1890" VPOS="1963" WIDTH="41" HEIGHT="37" WC="0.96" CONTENT="af"/>
						</TextLine>
						<TextLine ID="line_34" HPOS="333" VPOS="2016" WIDTH="1593" HEIGHT="57">
							<String ID="string_344" HPOS="333" VPOS="2025" WIDTH="120" HEIGHT="48" WC="0.95" CONTENT="årliga"/><SP WIDTH="41" VPOS="2025" HPOS="453"/>
							<String ID="string_345" HPOS="494" VPOS="2024" WIDTH="177" HEIGHT="47" WC="0.95" CONTENT="tillskott,"/><SP WIDTH="43" VPOS="2024" HPOS="671"/>
							<String ID="string_346" HPOS="714" VPOS="2021" WIDTH="235" HEIGHT="39" WC="0.93" CONTENT="fortfarande"/><SP WIDTH="32" VPOS="2021" HPOS="949"/>
							<String ID="string_347" HPOS="981" VPOS="2020" WIDTH="218" HEIGHT="38" WC="0.92" CONTENT="handhafva"/><SP WIDTH="38" VPOS="2020" HPOS="1199"/>
							<String ID="string_348" HPOS="1237" VPOS="2019" WIDTH="146" HEIGHT="36" WC="0.93" CONTENT="banans"/><SP WIDTH="36" VPOS="2019" HPOS="1383"/>
							<String ID="string_349" HPOS="1419" VPOS="2017" WIDTH="248" HEIGHT="48" WC="0.78" CONTENT="förvaltning,"/><SP WIDTH="30" VPOS="2017" HPOS="1667"/>
							<String ID="string_350" HPOS="1697" VPOS="2029" WIDTH="90" HEIGHT="24" WC="0.93" CONTENT="vore"/><SP WIDTH="26" VPOS="2029" HPOS="1787"/>
							<String ID="string_351" HPOS="1813" VPOS="2016" WIDTH="113" HEIGHT="37" WC="0.92" CONTENT="ända-"/>
						</TextLine>
						<TextLine ID="line_35" HPOS="333" VPOS="2072" WIDTH="1017" HEIGHT="53">
							<String ID="string_352" HPOS="333" VPOS="2076" WIDTH="269" HEIGHT="49" WC="0.90" CONTENT="målsenligare"/><SP WIDTH="30" VPOS="2076" HPOS="602"/>
							<String ID="string_353" HPOS="632" VPOS="2075" WIDTH="71" HEIGHT="37" WC="0.96" CONTENT="och"/><SP WIDTH="29" VPOS="2075" HPOS="703"/>
							<String ID="string_354" HPOS="732" VPOS="2075" WIDTH="59" HEIGHT="36" WC="0.96" CONTENT="för"/><SP WIDTH="28" VPOS="2075" HPOS="791"/>
							<String ID="string_355" HPOS="819" VPOS="2079" WIDTH="126" HEIGHT="32" WC="0.96" CONTENT="staten"/><SP WIDTH="29" VPOS="2079" HPOS="945"/>
							<String ID="string_356" HPOS="974" VPOS="2073" WIDTH="147" HEIGHT="37" WC="0.94" CONTENT="mindre"/><SP WIDTH="30" VPOS="2073" HPOS="1121"/>
							<String ID="string_357" HPOS="1151" VPOS="2072" WIDTH="199" HEIGHT="36" WC="0.96" CONTENT="kostsamt."/>
						</TextLine>
					</TextBlock>
					<TextBlock ID="block_4" HPOS="333" VPOS="2120" WIDTH="1592" HEIGHT="267">
						<TextLine ID="line_36" HPOS="462" VPOS="2120" WIDTH="1463" HEIGHT="58">
							<String ID="string_358" HPOS="462" VPOS="2129" WIDTH="236" HEIGHT="49" WC="0.93" CONTENT="Härigenom"/><SP WIDTH="42" VPOS="2129" HPOS="698"/>
							<String ID="string_359" HPOS="740" VPOS="2127" WIDTH="126" HEIGHT="37" WC="0.89" CONTENT="blefve"/><SP WIDTH="31" VPOS="2127" HPOS="866"/>
							<String ID="string_360" HPOS="897" VPOS="2126" WIDTH="60" HEIGHT="36" WC="0.93" CONTENT="det"/><SP WIDTH="31" VPOS="2126" HPOS="957"/>
							<String ID="string_361" HPOS="988" VPOS="2126" WIDTH="125" HEIGHT="48" WC="0.96" CONTENT="äfven,"/><SP WIDTH="29" VPOS="2126" HPOS="1113"/>
							<String ID="string_362" HPOS="1142" VPOS="2124" WIDTH="121" HEIGHT="49" WC="0.95" CONTENT="enligt"/><SP WIDTH="30" VPOS="2124" HPOS="1263"/>
							<String ID="string_363" HPOS="1293" VPOS="2122" WIDTH="218" HEIGHT="50" WC="0.93" CONTENT="Styrelsens"/><SP WIDTH="29" VPOS="2122" HPOS="1511"/>
							<String ID="string_364" HPOS="1540" VPOS="2122" WIDTH="263" HEIGHT="47" WC="0.89" CONTENT="förmenande,"/><SP WIDTH="30" VPOS="2122" HPOS="1803"/>
							<String ID="string_365" HPOS="1833" VPOS="2120" WIDTH="92" HEIGHT="48" WC="0.92" CONTENT="möj-"/>
						</TextLine>
						<TextLine ID="line_37" HPOS="334" VPOS="2173" WIDTH="1591" HEIGHT="57">
							<String ID="string_366" HPOS="334" VPOS="2182" WIDTH="83" HEIGHT="48" WC="0.96" CONTENT="ligt,"/><SP WIDTH="45" VPOS="2182" HPOS="417"/>
							<String ID="string_367" HPOS="462" VPOS="2186" WIDTH="55" HEIGHT="32" WC="0.96" CONTENT="att"/><SP WIDTH="36" VPOS="2186" HPOS="517"/>
							<String ID="string_368" HPOS="553" VPOS="2182" WIDTH="138" HEIGHT="46" WC="0.93" CONTENT="banan,"/><SP WIDTH="43" VPOS="2182" HPOS="691"/>
							<String ID="string_369" HPOS="734" VPOS="2182" WIDTH="21" HEIGHT="34" WC="0.91" CONTENT="å"/><SP WIDTH="41" VPOS="2182" HPOS="755"/>
							<String ID="string_370" HPOS="796" VPOS="2179" WIDTH="154" HEIGHT="37" WC="0.96" CONTENT="hvilken"/><SP WIDTH="38" VPOS="2179" HPOS="950"/>
							<String ID="string_371" HPOS="988" VPOS="2178" WIDTH="174" HEIGHT="46" WC="0.96" CONTENT="trafiken,"/><SP WIDTH="26" VPOS="2178" HPOS="1162"/>
							<String ID="string_372" HPOS="1188" VPOS="2176" WIDTH="231" HEIGHT="36" WC="0.96" CONTENT="åtminstone"/><SP WIDTH="32" VPOS="2176" HPOS="1419"/>
							<String ID="string_373" HPOS="1451" VPOS="2175" WIDTH="120" HEIGHT="37" WC="0.95" CONTENT="under"/><SP WIDTH="29" VPOS="2175" HPOS="1571"/>
							<String ID="string_374" HPOS="1600" VPOS="2173" WIDTH="146" HEIGHT="38" WC="0.92" CONTENT="mindre"/><SP WIDTH="30" VPOS="2173" HPOS="1746"/>
							<String ID="string_375" HPOS="1776" VPOS="2173" WIDTH="149" HEIGHT="48" WC="0.96" CONTENT="tryckta"/>
						</TextLine>
						<TextLine ID="line_38" HPOS="333" VPOS="2225" WIDTH="1591" HEIGHT="58">
							<String ID="string_376" HPOS="333" VPOS="2234" WIDTH="281" HEIGHT="49" WC="0.96" CONTENT="konjunkturer"/><SP WIDTH="28" VPOS="2234" HPOS="614"/>
							<String ID="string_377" HPOS="642" VPOS="2238" WIDTH="47" HEIGHT="31" WC="0.91" CONTENT="än"/><SP WIDTH="30" VPOS="2238" HPOS="689"/>
							<String ID="string_378" HPOS="719" VPOS="2232" WIDTH="192" HEIGHT="37" WC="0.91" CONTENT="nästlidna"/><SP WIDTH="29" VPOS="2232" HPOS="911"/>
							<String ID="string_379" HPOS="940" VPOS="2234" WIDTH="40" HEIGHT="33" WC="0.96" CONTENT="år"/><SP WIDTH="29" VPOS="2234" HPOS="980"/>
							<String ID="string_380" HPOS="1009" VPOS="2236" WIDTH="66" HEIGHT="43" WC="0.96" CONTENT="egt"/><SP WIDTH="23" VPOS="2236" HPOS="1075"/>
							<String ID="string_381" HPOS="1098" VPOS="2242" WIDTH="96" HEIGHT="34" WC="0.96" CONTENT="rum,"/><SP WIDTH="20" VPOS="2242" HPOS="1194"/>
							<String ID="string_382" HPOS="1214" VPOS="2229" WIDTH="101" HEIGHT="36" WC="0.96" CONTENT="visat"/><SP WIDTH="19" VPOS="2229" HPOS="1315"/>
							<String ID="string_383" HPOS="1334" VPOS="2227" WIDTH="162" HEIGHT="37" WC="0.96" CONTENT="tendens"/><SP WIDTH="20" VPOS="2227" HPOS="1496"/>
							<String ID="string_384" HPOS="1516" VPOS="2227" WIDTH="58" HEIGHT="37" WC="0.95" CONTENT="till"/><SP WIDTH="18" VPOS="2227" HPOS="1574"/>
							<String ID="string_385" HPOS="1592" VPOS="2226" WIDTH="188" HEIGHT="49" WC="0.96" CONTENT="stigning,"/><SP WIDTH="19" VPOS="2226" HPOS="1780"/>
							<String ID="string_386" HPOS="1799" VPOS="2225" WIDTH="125" HEIGHT="37" WC="0.57" CONTENT="kunde"/>
						</TextLine>
						<TextLine ID="line_39" HPOS="333" VPOS="2279" WIDTH="1590" HEIGHT="56">
							<String ID="string_387" HPOS="333" VPOS="2287" WIDTH="12" HEIGHT="35" WC="0.96" CONTENT="i"/><SP WIDTH="42" VPOS="2287" HPOS="345"/>
							<String ID="string_388" HPOS="387" VPOS="2286" WIDTH="177" HEIGHT="49" WC="0.96" CONTENT="bolagets"/><SP WIDTH="42" VPOS="2286" HPOS="564"/>
							<String ID="string_389" HPOS="606" VPOS="2299" WIDTH="74" HEIGHT="36" WC="0.95" CONTENT="ego"/><SP WIDTH="38" VPOS="2299" HPOS="680"/>
							<String ID="string_390" HPOS="718" VPOS="2283" WIDTH="211" HEIGHT="38" WC="0.95" CONTENT="bibehållas"/><SP WIDTH="42" VPOS="2283" HPOS="929"/>
							<String ID="string_391" HPOS="971" VPOS="2283" WIDTH="70" HEIGHT="37" WC="0.96" CONTENT="och"/><SP WIDTH="30" VPOS="2283" HPOS="1041"/>
							<String ID="string_392" HPOS="1071" VPOS="2282" WIDTH="58" HEIGHT="37" WC="0.96" CONTENT="för"/><SP WIDTH="27" VPOS="2282" HPOS="1129"/>
							<String ID="string_393" HPOS="1156" VPOS="2281" WIDTH="203" HEIGHT="37" WC="0.96" CONTENT="framtiden"/><SP WIDTH="29" VPOS="2281" HPOS="1359"/>
							<String ID="string_394" HPOS="1388" VPOS="2280" WIDTH="105" HEIGHT="48" WC="0.93" CONTENT="gifva"/><SP WIDTH="29" VPOS="2280" HPOS="1493"/>
							<String ID="string_395" HPOS="1522" VPOS="2279" WIDTH="247" HEIGHT="48" WC="0.91" CONTENT="aktieegarne"/><SP WIDTH="31" VPOS="2279" HPOS="1769"/>
							<String ID="string_396" HPOS="1800" VPOS="2280" WIDTH="123" HEIGHT="45" WC="0.96" CONTENT="någon"/>
						</TextLine>
						<TextLine ID="line_40" HPOS="334" VPOS="2334" WIDTH="1015" HEIGHT="53">
							<String ID="string_397" HPOS="334" VPOS="2340" WIDTH="217" HEIGHT="47" WC="0.95" CONTENT="ersättning"/><SP WIDTH="28" VPOS="2340" HPOS="551"/>
							<String ID="string_398" HPOS="579" VPOS="2338" WIDTH="59" HEIGHT="36" WC="0.93" CONTENT="för"/><SP WIDTH="27" VPOS="2338" HPOS="638"/>
							<String ID="string_399" HPOS="665" VPOS="2338" WIDTH="86" HEIGHT="36" WC="0.91" CONTENT="derå"/><SP WIDTH="31" VPOS="2338" HPOS="751"/>
							<String ID="string_400" HPOS="782" VPOS="2336" WIDTH="131" HEIGHT="50" WC="0.96" CONTENT="gjorda"/><SP WIDTH="32" VPOS="2336" HPOS="913"/>
							<String ID="string_401" HPOS="945" VPOS="2341" WIDTH="102" HEIGHT="31" WC="0.96" CONTENT="stora"/><SP WIDTH="28" VPOS="2341" HPOS="1047"/>
							<String ID="string_402" HPOS="1075" VPOS="2334" WIDTH="274" HEIGHT="50" WC="0.96" CONTENT="uppoffringar."/>
						</TextLine>
					</TextBlock>
					<TextBlock ID="block_5" HPOS="922" VPOS="2384" WIDTH="916" HEIGHT="99">
						<TextLine ID="line_41" HPOS="922" VPOS="2384" WIDTH="422" HEIGHT="41">
							<String ID="string_403" HPOS="922" VPOS="2387" WIDTH="129" HEIGHT="38" WC="0.93" CONTENT="CARL"/><SP WIDTH="31" VPOS="2387" HPOS="1051"/>
							<String ID="string_404" HPOS="1082" VPOS="2386" WIDTH="45" HEIGHT="38" WC="0.88" CONTENT="G."/><SP WIDTH="30" VPOS="2386" HPOS="1127"/>
							<String ID="string_405" HPOS="1157" VPOS="2384" WIDTH="187" HEIGHT="39" WC="0.71" CONTENT="BEIJER."/>
						</TextLine>
						<TextLine ID="line_42" HPOS="1530" VPOS="2442" WIDTH="308" HEIGHT="41">
							<String ID="string_406" HPOS="1530" VPOS="2444" WIDTH="38" HEIGHT="31" WC="0.81" CONTENT="A."/><SP WIDTH="27" VPOS="2444" HPOS="1568"/>
							<String ID="string_407" HPOS="1595" VPOS="2442" WIDTH="44" HEIGHT="33" WC="0.70" CONTENT="M."/><SP WIDTH="25" VPOS="2442" HPOS="1639"/>
							<String ID="string_408" HPOS="1664" VPOS="2442" WIDTH="174" HEIGHT="41" WC="0.61" CONTENT="Lindgren."/>
						</TextLine>
					</TextBlock>
					<TextBlock ID="block_6" HPOS="466" VPOS="2493" WIDTH="727" HEIGHT="40">
						<TextLine ID="line_43" HPOS="466" VPOS="2493" WIDTH="727" HEIGHT="40">
							<String ID="string_409" HPOS="466" VPOS="2496" WIDTH="220" HEIGHT="37" WC="0.96" CONTENT="Stockholm"/><SP WIDTH="30" VPOS="2496" HPOS="686"/>
							<String ID="string_410" HPOS="716" VPOS="2496" WIDTH="74" HEIGHT="36" WC="0.95" CONTENT="den"/><SP WIDTH="29" VPOS="2496" HPOS="790"/>
							<String ID="string_411" HPOS="819" VPOS="2496" WIDTH="46" HEIGHT="35" WC="0.96" CONTENT="28"/><SP WIDTH="31" VPOS="2496" HPOS="865"/>
							<String ID="string_412" HPOS="896" VPOS="2493" WIDTH="157" HEIGHT="37" WC="0.95" CONTENT="Januari"/><SP WIDTH="32" VPOS="2493" HPOS="1053"/>
							<String ID="string_413" HPOS="1085" VPOS="2494" WIDTH="108" HEIGHT="34" WC="0.95" CONTENT="1879."/>
						</TextLine>
					</TextBlock>
				</ComposedBlock>
			</PrintSpace>
		</Page>
	</Layout>
</alto>
