2216 2675
772 208 100 33 Stats-
883 209 161 32 Utskottets
1073 208 165 31 Utlåtande
1264 206 61 31 N:o
1350 207 48 30 46.
1805 203 41 31 43

309 292 220 39 handhafva
556 291 225 49 utlåningen
810 293 48 47 på
887 294 55 33 ett
970 289 135 37 sådant
1133 292 86 44 sätt,
1249 292 55 32 att
1332 286 46 37 de
1406 285 167 49 begärda
1589 283 300 49 statsobligatio-

305 359 137 25 nernag
472 344 251 38 användande
752 344 32 49 ej
815 345 61 34 må
905 342 115 37 blifva
1049 340 199 49 behöfligt,
1277 339 101 37 helst
1406 338 124 37 denna
1557 337 195 48 utlånings
1774 335 116 37 ända-

304 399 86 47 mål,
430 402 56 32 att
513 397 122 37 befria
662 396 83 37 från
773 394 339 49 nödvändigheten
1140 398 55 31 att
1222 392 59 36 till
1309 389 350 50 förlustbringande
1687 389 78 49 pris
1794 388 96 49 sälja

304 450 205 37 afverkade
550 454 184 42 trävaror,
775 448 95 36 låter
907 447 61 47 sig
995 446 62 36 väl
1085 445 131 36 förena
1245 444 85 36 med
1359 447 54 32 ett
1442 441 246 50 synnerligen
1715 441 82 47 lågt
1824 440 65 36 be-

303 501 269 49 låningsvärde
603 503 20 34 å
650 500 112 37 dessa
790 503 182 32 trävaror.

430 553 72 37 Om
530 552 223 48 Riksdagen
781 551 162 48 beviljar
971 548 229 48 föreningen
1229 552 147 32 statens
1408 545 206 37 understöd
1641 547 50 47 på
1711 543 63 37 det
1790 543 99 37 före-

303 607 138 48 slagna
484 610 128 42 sättet,
656 604 113 49 följer
810 601 246 49 naturligtvis
1098 599 113 38 häraf
1230 604 64 41 att,
1323 598 66 37 vid
1416 598 277 48 reglementets
1722 595 168 37 faststäl-

301 658 115 37 lande
458 657 41 37 af
522 656 140 49 Kongl.
696 656 118 49 Maj:t,
844 653 221 50 grunderna
1094 652 58 37 för
1180 650 251 49 föreningens
1461 648 248 38 verksamhet
1736 648 154 36 komma

301 715 56 33 att
397 709 253 37 underkastas
692 721 47 24 en
781 710 42 34 så
865 704 245 50 omsorgsfull
1154 702 253 50 granskning,
1442 706 55 32 att
1534 706 147 32 statens
1710 699 181 37 säkerhet

301 762 73 37 blir
413 762 85 36 fullt
539 760 238 49 betryggad;
819 760 12 35 i
874 758 149 36 hvilket
1065 756 180 37 afseende
1280 754 38 37 vi
1351 755 58 36 för
1442 756 66 34 vår
1537 753 60 36 del
1625 752 115 37 hafva
1768 751 124 37 funnit

302 813 223 48 önskvärdt,
568 818 54 31 att
664 812 47 37 de
752 812 70 35 här
863 811 111 36 ofvan
1006 808 157 49 angifna
1191 806 286 49 inbetalningar
1505 808 20 33 å
1554 803 272 50 grundfonden
1855 803 42 37 af

305 868 46 35 10
382 865 71 38 och
489 867 44 35 15
563 869 159 45 procent
750 862 136 50 höjdes
914 862 58 36 till
1000 859 220 51 respektive
1263 860 48 35 20
1345 858 71 37 och
1445 858 46 36 25
1521 861 161 45 procent
1711 860 98 32 samt
1837 860 55 31 att

304 921 126 34 såsom
473 917 123 37 vilkor
630 916 57 37 för
720 913 427 50 statsobligationernas
1176 911 232 48 försäljning
1437 908 222 49 stadgades,
1689 913 55 31 att
1772 907 119 37 betal-

303 970 94 48 ning
425 970 58 36 för
512 969 46 36 de
588 968 56 37 till
672 966 272 50 grundfonden
969 964 170 38 hörande
1167 962 252 38 förbindelser
1439 961 123 37 skulle
1583 973 92 24 vara
1694 959 83 37 icke
1795 959 97 37 blott

304 1021 210 48 infordrad,
543 1025 93 32 utan
664 1020 114 37 äfven
808 1018 144 49 erlagd.

432 1075 58 35 Då
530 1073 76 36 den
646 1071 220 48 föreslagna
899 1069 187 49 åtgärden
1120 1080 93 36 eger
1242 1080 48 23 en
1318 1066 79 36 viss
1426 1065 122 36 likhet
1576 1063 86 37 med
1691 1062 202 37 öfverlem-

304 1126 143 37 nandet
488 1128 40 33 år
568 1126 96 35 1861
701 1127 37 33 åt
771 1123 202 37 Allmänna
1000 1118 390 51 Hypotheksbanken
1419 1117 41 37 af
1483 1115 410 49 Riksgäldskontorets

304 1177 257 50 obligationer
591 1180 20 33 å
640 1176 202 48 8,000,000
871 1173 188 37 riksdaler
1084 1175 126 34 såsom
1240 1169 232 50 grundfond,
1501 1169 37 36 få
1566 1168 38 36 vi
1624 1166 176 38 meddela
1821 1166 73 36 den

303 1230 251 50 upplysning,
598 1233 54 32 att
681 1227 112 37 dessa
822 1227 75 36 den
929 1228 17 34 1
976 1224 78 38 Juli
1087 1225 94 35 1861
1212 1221 201 38 utfärdade
1443 1219 254 50 obligationer
1726 1223 64 32 äro
1820 1218 73 36 för-

305 1283 145 37 skrifna
492 1280 87 38 med
622 1280 77 47 4!/;
739 1283 160 45 procent
928 1277 110 48 årlig,
1067 1274 204 38 halfårsvis
1299 1272 226 39 förfallande
1554 1277 126 41 ränta;
1711 1275 56 32 att
1796 1269 98 37 det
1871 1265 26 67 i

305 1336 86 36 dem
433 1331 208 39 förskrifna
668 1331 288 49 kapitalbelopp
985 1334 41 31 är
1054 1331 20 33 å
1103 1324 532 51 obligationsinnehafvarens
1664 1323 83 37 sida
1776 1335 118 36 oupp-

306 1387 173 49 sägbart;
509 1390 100 32 samt
637 1389 55 32 att
720 1382 307 49 obligationerna
1056 1385 64 32 äro
1150 1379 124 37 stälda
1303 1383 55 32 att
1385 1377 133 36 infrias
1548 1389 68 24 sex
1642 1374 181 37 månader
1842 1373 52 37 ef-

305 1445 57 31 ter
390 1438 41 37 af
454 1435 388 50 Riksgäldskontoret
870 1432 197 38 verkstäld
1094 1431 262 50 uppsägning.
1412 1429 47 37 Vi
1488 1428 114 37 hafva
1631 1432 126 32 ansett
1778 1426 45 36 de
1844 1439 50 23 hu

305 1490 296 49 ifrågavarande
630 1486 408 49 statsobligationerna
1065 1484 94 37 böra
1182 1496 93 23 vara
1295 1482 41 37 af
1350 1480 327 48 hufvudsakligen
1694 1477 202 39 enahanda

306 1541 267 39 beskaffenhet
601 1554 81 23 som
709 1540 46 36 de
779 1539 58 36 till
866 1538 202 36 Allmänna
1096 1534 389 50 Hypotheksbanken
1503 1530 300 48 öfverlemnade,
1825 1529 71 38 och

307 1595 37 37 få
386 1593 134 37 härvid
561 1593 99 37 fästa
700 1589 392 52 uppmärksamheten
1121 1587 103 48 derå,
1254 1592 54 31 att
1337 1586 114 37 dessa
1479 1597 134 25 senare
1642 1583 254 49 obligationer

307 1647 12 36 i
362 1645 391 49 Riksgäldskontoret
792 1642 180 37 bokföras
1015 1641 102 36 inom
1146 1639 117 37 linien
1291 1644 99 31 samt
1418 1643 66 41 att,
1515 1636 88 37 med
1632 1641 54 31 ett
1713 1633 182 38 liknande

308 1697 304 48 bokföringssätt
653 1696 57 36 för
754 1695 45 36 de
841 1693 266 49 obligationer,
1137 1691 152 37 hvilkas
1322 1688 229 38 utfärdande
1580 1688 37 36 vi
1640 1687 151 47 föreslå,
1821 1691 75 31 sta-

306 1756 86 31 tens
435 1749 113 37 skuld
588 1748 84 37 icke
713 1747 12 36 i
767 1750 128 45 någon
936 1748 87 34 mån
1066 1744 150 37 komme
1250 1747 55 33 att
1338 1755 141 36 genom
1509 1740 132 37 dessas
1670 1738 226 37 utfärdande

308 1802 93 37 ökas
429 1801 12 36 i
471 1814 125 24 annan
624 1799 185 37 händelse
839 1803 47 31 än
915 1802 66 43 att,
1011 1801 79 32 mot
1117 1794 214 48 förmodan,
1361 1792 308 50 obligationerna
1698 1794 121 33 måste
1839 1789 57 37 till

307 1852 237 39 betäckande
574 1852 40 37 af
639 1851 250 48 föreningens
918 1849 156 37 skulder
1101 1847 187 49 försäljas.

437 1904 49 38 Vi
515 1903 220 38 hemställa:

835 2003 35 50 a)
900 2007 55 32 att
987 2002 99 37 Herr
1119 2001 142 37 Grefve
1290 2000 160 50 Sparres
1479 1999 252 38 förevarande
1754 1998 144 37 motion

708 2059 61 34 må
811 2058 49 47 på
902 2054 64 36 det
1006 2059 76 31 sätt
1117 2053 162 46 bifallas,
1308 2058 55 32 att
1392 2052 223 48 Riksdagen
1643 2051 170 37 beslutar
1842 2055 56 32 att

708 2121 141 36 genom
877 2105 391 50 Riksgäldskontoret
1296 2105 111 36 ställa
1435 2104 57 36 till
1511 2103 140 49 Kongl.
1675 2103 128 49 Maj:ts
1822 2102 76 37 för-

707 2159 166 50 fogande
901 2157 281 38 räntebärande
1203 2157 256 49 obligationer
1478 2156 58 37 till
1555 2155 185 38 nominelt
1756 2154 141 50 belopp

709 2212 41 37 af
785 2217 54 31 tre
873 2210 190 37 millioner
1095 2210 153 47 kronor,
1279 2209 40 37 af
1342 2208 326 48 hufvudsakligen
1697 2206 201 38 enahanda

709 2262 267 38 beskaffenhet
1010 2275 81 24 som
1126 2261 46 37 de
1197 2261 57 37 till
1283 2261 204 36 Allmänna
1513 2258 385 51 Hypotheksbanken

709 2319 126 33 såsom
864 2313 219 50 grundfond
1112 2313 298 48 öfverlemnade,
1440 2312 56 37 för
1526 2318 54 31 att
1604 2313 146 35 lemnas
1771 2313 126 34 såsom

709 2366 223 38 reservfond
979 2366 56 36 till
1078 2379 47 23 en
1171 2364 338 50 Sågverksegares
1556 2361 342 52 garantiförening,
