2210 2696
395 206 40 30 20
813 206 102 32 Stuts-
932 205 161 33 Utskottets
1125 205 171 33 Utläta.:de
1320 208 61 31 N:o
1405 208 49 31 26.

749 287 175 37 kontoret
959 287 229 37 verkställas
1217 287 122 50 enligt
1367 288 46 37 de
1443 293 185 44 närmare,
1660 290 69 36 här
1759 290 110 37 ofvan
1901 291 31 49 ej

748 340 157 50 angifna
934 340 298 49 bestämmelser,
1263 354 93 35 som,
1386 341 95 37 efter
1509 342 62 37 det
1600 343 143 49 förslag
1758 343 126 37 dertill
1899 345 40 35 af

747 393 258 49 Fullmäktige
1052 393 185 50 afgifvits,
1294 393 41 37 af
1373 394 139 49 Kongl.
1557 395 105 49 Maj:t
1704 395 229 48 fastställas;

748 452 96 31 samt

849 499 40 49 g)
936 505 55 31 att
1034 498 45 37 de
1121 498 158 37 sålunda
1322 499 147 37 utlånta
1506 499 152 38 medlen
1701 501 94 36 efter
1823 501 111 37 deras

747 551 280 49 återbetalning.
1066 552 59 36 till
1157 552 389 48 Riksgäldskontoret
1588 553 119 48 skola,
1737 553 124 37 derest
1889 555 46 36 de

746 604 47 37 då
822 605 31 49 ej
897 604 122 37 finnas
1050 604 249 49 erforderliga
1328 618 89 24 vare
1447 605 60 49 sig
1534 605 58 37 för
1621 605 249 50 fortsättning
1899 608 41 35 al

746 657 481 50 stambanebyggnaderna
1256 657 91 37 eller
1369 658 56 37 för
1441 658 282 50 nybyggnader
1738 659 63 37 vid
1823 664 111 32 stats-

740 711 268 47 jernvägarne,
1039 710 195 36 användas
1262 710 58 36 till
1349 711 274 48 påskyndande
1653 712 42 36 af
1714 714 221 34 amorterin-

745 774 76 36 gen
850 761 41 36 af
915 766 146 32 statens
1091 761 122 37 skuld.

503 1024 96 36 Herr
630 1025 283 36 Mannerskante
957 1024 67 36 har
1054 1024 11 35 i
1094 1023 57 37 sin
1194 1024 142 36 motion
1377 1023 197 50 föreslagit
1618 1024 220 50 Riksdagen
1882 1031 54 31 att

349 1077 165 37 besluta:

481 1132 55 33 1:o
578 1133 66 44 att,
687 1128 57 37 till
785 1128 266 49 förstärkning
1079 1128 41 36 af
1143 1127 163 49 landets,
1336 1141 141 35 genom
1507 1128 249 49 användning
1785 1128 58 37 för
1872 1142 64 23 en-

350 1181 125 37 skilda
498 1180 434 50 jernvägsbyggnaders
962 1180 212 48 utförande,
1204 1180 67 37 allt
1300 1180 57 36 för
1386 1180 153 49 mycket
1557 1180 197 37 minskade
1770 1181 166 49 tillgång

350 1236 20 34 å
399 1233 56 37 för
496 1233 72 37 den
610 1233 238 37 industriella
890 1232 313 38 verksamhetens
1233 1231 155 38 ostörda
1417 1232 247 37 bedrifvande
1693 1233 241 48 erforderligt

354 1285 297 49 förlagskapital,
692 1299 140 34 genom
874 1285 387 49 Riksgäldskontoret
1288 1284 9 36 i
1328 1284 175 37 utlandet
1531 1290 172 44 upptaga
1731 1290 54 31 ett
1813 1299 122 23 amor-

353 1338 207 49 teringslån
590 1338 42 36 af
650 1338 128 36 trettio
809 1338 186 36 millioner
1023 1337 139 37 kronor
1191 1342 97 31 samt
1317 1337 133 36 dervid
1478 1337 245 37 föreskrifva:

482 1393 58 34 2:o
570 1395 54 31 att
654 1390 46 37 de
741 1393 48 46 på
830 1391 101 36 detta
962 1395 76 31 sätt
1066 1389 219 37 anskaffade
1314 1389 302 49 förlagsmedlen
1645 1389 121 37 skulle
1796 1395 141 31 använ-

351 1442 80 47 das,
460 1442 183 49 antingen

480 1495 34 48 a)
543 1494 58 36 för
629 1494 276 49 öfvertagande
935 1494 41 36 af
1000 1494 265 48 obligationer,
1295 1507 81 23 som
1405 1493 128 38 blifvit
1560 1494 198 37 utfärdade
1788 1494 57 37 för
1872 1509 64 23 an-

351 1547 188 48 läggning
568 1546 41 37 af
628 1547 141 36 sådana
792 1546 429 49 jernvägsbyggnader,
1251 1559 81 23 som
1361 1546 110 37 stode
1500 1547 11 35 i
1540 1547 181 36 samband
1750 1547 86 36 med
1862 1553 75 31 sta-

352 1604 83 30 tens
477 1599 118 35 banor
635 1599 92 36 eller
755 1598 167 36 tillförde
953 1598 110 36 dessa
1088 1598 118 36 banor
1234 1598 98 36 ökad
1359 1598 126 47 trafik,
1515 1599 70 35 och
1615 1611 80 23 som
1725 1599 128 36 kunde
1881 1600 56 35 in-

355 1651 117 48 köpas
509 1650 57 36 till
607 1656 53 31 ett
703 1651 136 36 sådant
879 1650 90 50 pris,
1012 1655 54 32 att
1102 1654 136 33 räntan
1267 1652 19 34 å
1315 1651 63 37 det
1406 1650 58 36 för
1492 1650 352 50 obligationsköpet
1873 1665 64 23 an-

351 1703 124 36 vända
504 1702 184 50 kapitalet
716 1716 139 35 genom
880 1703 238 48 jernvägens
1147 1702 175 48 skäligen
1351 1702 217 37 beräknade
1602 1703 175 36 behållna
1807 1704 130 36 trafik-

351 1754 167 37 inkomst
546 1755 126 36 kunde
701 1760 229 41 motsvaras;
961 1755 94 36 eller

480 1807 39 47 b)
541 1812 55 31 att
623 1807 58 36 till
709 1806 126 49 bolag,
865 1820 81 23 som
984 1806 138 37 bildats
1150 1807 58 35 för
1231 1806 472 49 jernvägsanläggningar
1745 1808 41 35 af
1820 1807 118 37 förut-

352 1859 166 36 nämnda
545 1859 279 48 beskaffenhet,
854 1859 124 36 lemna
1007 1858 328 48 försträckningar
1363 1858 41 36 af
1428 1859 135 36 sådant
1591 1859 154 49 belopp,
1771 1872 80 23 som
1882 1872 55 24 er-

352 1911 197 36 fordrades
592 1911 57 37 för
677 1916 56 31 att
760 1911 120 36 under
908 1910 193 37 bestämdt
1129 1911 102 35 antal
1261 1914 39 33 år
1324 1911 162 36 betäcka
1514 1911 71 36 den
1616 1911 107 48 brist,
1752 1911 184 37 hvarmed

353 1963 73 36 den
454 1963 177 37 behållna
659 1963 332 37 trafikinkomsten
1020 1963 231 48 understege
1281 1963 221 36 annuiteten
1521 1966 20 33 å
1559 1963 54 36 för
1623 1964 313 49 jernvägsbygg-

353 2016 144 36 nadens
527 2015 198 37 utförande
754 2020 198 45 upptagna
980 2015 332 48 amorteringslån;
1343 2015 91 37 eller

481 2068 31 48 c)
554 2080 140 36 genom
728 2067 375 48 tillhandahållande,
1145 2067 10 36 i
1197 2067 56 36 för
1290 2067 71 37 den
1395 2072 122 32 större
1550 2067 171 36 rörelsen
1750 2068 186 49 gagnelig

357 2121 106 46 form,
492 2120 41 36 af
557 2128 47 41 på
632 2120 78 36 viss
739 2120 133 48 längre
900 2120 54 36 tid
983 2120 70 36 och
1082 2125 99 31 emot
1209 2119 148 48 fullgod
1386 2119 181 37 säkerhet
1596 2119 170 37 lemnadt
1799 2120 135 49 förlag,

358 2172 91 36 eller
478 2172 249 48 användning
761 2175 47 46 på
836 2177 117 43 nägot
981 2177 115 32 annat
1125 2172 205 48 verksamt,
1360 2171 142 49 nyttigt
1532 2171 71 36 och
1632 2171 188 37 utförbart
1848 2177 85 43 sätt,

356 2236 81 24 som
466 2224 126 37 kunde
624 2237 112 24 anses
780 2224 153 49 tjenligt
974 2229 55 32 att
1071 2223 162 38 återföra
1274 2224 136 48 stadga
1438 2223 102 36 inom
1569 2224 72 36 den
1671 2224 169 36 rubbade
1868 2224 66 37 all-

355 2280 140 33 männa
532 2276 174 37 krediten
748 2277 70 36 och
860 2276 213 50 förebygga
1116 2281 52 31 ctt
1199 2276 231 49 långvarigt,
1460 2275 170 49 skadligt
1659 2276 195 36 verkande
1882 2277 52 35 af-

354 2328 102 36 brott
483 2329 12 35 i
524 2329 74 36 den
631 2329 144 48 stadigt
808 2328 224 49 fortgående
1061 2328 170 37 kraftens
1260 2328 224 47 utveckling
1506 2328 103 36 inom
1634 2328 147 37 landets
1809 2329 125 36 närin-

355 2393 81 35 gar,
465 2380 142 37 hvaraf
630 2380 81 37 icke
739 2380 97 37 blott
865 2380 84 37 hela
978 2380 232 47 samhällets,
1227 2385 91 32 utan
1334 2380 70 38 ock
1424 2380 310 37 statshushållets
1755 2380 179 37 framtida
