2216 2622
645 189 398 35 Konstitutionsutskottets
1067 188 167 31 utlåtande
1260 186 51 31 Nr
1339 188 46 28 10.
1789 182 19 29 3

932 631 68 41 Nr
1026 630 65 41 10.

778 725 111 25 Ankom
910 723 42 25 till
973 721 168 32 riksdagens
1162 719 91 26 kansli
1274 718 54 26 den
1350 717 30 25 11
1402 716 124 26 februari
1547 713 67 27 1921
1635 714 37 25 kl.
1692 712 16 26 3
1728 721 23 17 e.
1772 720 36 17 m.

431 843 523 40 Konstitutionsutskottets
1005 838 215 39 utlåtande
1265 838 16 35 i
1328 835 222 47 anledning
1597 845 49 24 av
1692 831 120 37 väckt

641 916 159 36 motion
829 912 208 50 angående
1065 909 179 49 ändring
1274 921 48 24 av
1353 908 51 36 14
1430 903 30 49 $
1489 907 22 34 1
1540 916 122 25 mom.
1689 904 12 35 i
1721 903 88 47 för-

643 985 228 48 ordningen
900 995 67 25 om
995 978 411 50 kommunalstyrelse
1433 978 16 35 i
1476 975 101 38 stad.

429 1145 196 28 Närvarande:
644 1146 99 25 herrar
761 1144 125 26 Larsson
904 1143 9 25 i
933 1141 143 32 Västerås,
1095 1138 142 35 Klefbeck,
1256 1135 166 35 Hellberg,")
1443 1136 37 26 K.
1493 1135 29 27 J.
1536 1131 147 34 Ekman,")
1699 1132 111 26 Reuter-

641 1189 97 32 skiöld,
764 1188 115 33 Lyberg,
903 1186 105 33 Modig,
1034 1183 171 34 Sandegård,
1229 1180 148 33 Jönsson")
1399 1182 9 25 i
1427 1180 157 32 Långenäs,
1603 1175 205 36 Magnusson”)

642 1235 7 25 i
669 1234 146 31 Tumhult,
833 1230 151 33 Jansson")
1006 1232 9 25 i
1035 1230 180 30 Edsbäcken,
1234 1226 135 32 Leander,
1388 1223 141 33 Nilsson”)
1551 1224 9 25 i
1579 1223 119 31 Antnäs,
1717 1221 93 27 Hans-

642 1277 76 34 son?)
752 1279 10 25 i
796 1278 103 31 Gårda,
936 1272 228 34 Vennerström,")
1200 1270 170 33 Starbäck,)
1408 1269 97 27 Olsson
1537 1270 8 24 i
1575 1268 155 26 Golvvasta
1757 1266 52 26 och

642 1323 159 28 Andersson
819 1323 10 25 i
847 1321 142 34 Igelboda.

648 1412 25 34 +)
690 1414 35 33 Ej
745 1411 178 29 närvarande
941 1411 48 27 vid
1008 1408 176 28 utlåtandets
1201 1407 149 34 justering.

324 1564 19 36 I
372 1576 50 24 en
448 1563 111 36 inom
587 1561 125 37 första
739 1560 238 36 kammaren
1005 1556 122 37 väckt
1153 1554 167 43 motion,
1350 1564 48 24 nr
1430 1552 59 41 11,
1515 1561 51 24 av
1583 1548 94 36 herr
1694 1546 115 38 WVils-

217 1631 86 32 son,
342 1617 151 44 Johan,
531 1616 15 36 i
582 1615 162 43 Malmö,
774 1611 242 44 hemställes,
1052 1610 84 39 »att
1163 1607 216 47 riksdagen
1405 1602 209 49 behagade
1641 1601 168 43 besluta,

218 1674 62 35 att
311 1673 48 35 14
387 1669 23 46 $
442 1672 18 34 1
491 1681 120 25 mom.
641 1669 15 36 i
683 1667 139 48 kungl.
853 1664 287 47 förordningen
1163 1673 67 25 om
1249 1655 421 49 kommunalsstyrelse
1688 1655 16 36 i
1723 1653 89 38 stad

218 1739 52 24 av
298 1726 77 36 den
404 1725 46 35 21
481 1735 108 25 mars
621 1722 99 36 1862
749 1720 128 37 måtte
906 1719 113 48 givas
1047 1715 176 50 följande
1242 1713 166 50 lydelse:
1438 1710 167 37 Allmän
1619 1708 192 48 rådstuga

217 1779 128 37 hålles
371 1778 105 37 inför
503 1776 268 49 magistraten
786 1773 76 38 och
880 1772 113 37 skola
1012 1771 87 37 dess
1118 1767 307 48 förhandlingar
1442 1776 99 25 vara
1560 1762 248 48 offentliga».

324 1830 260 39 Beträffande
612 1828 297 47 motiveringen
937 1825 62 37 får
1025 1824 201 37 utskottet
1252 1820 169 38 hänvisa
1448 1818 65 37 till
1539 1816 216 38 motionen.

325 1938 278 39 Förevarande
645 1937 156 36 motion
842 1946 123 32 avser,
1001 1933 130 36 såsom
1160 1943 50 24 av
1239 1929 87 37 dess
1354 1926 242 47 motivering
1624 1927 188 33 närmare

218 1994 192 49 framgår,
450 1994 61 35 att
537 2004 49 24 ur
618 1992 48 35 14
694 1989 23 46 $
749 1992 18 34 1
798 2001 121 24 mom.
956 1988 14 36 i
997 1984 288 47 förordningen
1314 1994 67 25 om
1407 1972 405 59 kommunalstyrelse

218 2050 15 35 i
270 2048 90 37 stad
394 2048 190 46 borttaga
613 2045 76 37 den
718 2042 256 48 ovillkorliga
1000 2037 321 44 bestämmelsen,
1352 2036 61 36 att
1441 2034 151 36 allmän
1619 2031 193 47 rådstuga

220 2102 103 38 skall
349 2101 129 37 hållas
512 2100 43 36 »å
584 2098 228 38 rådhuset».
871 2095 132 49 Syftet
1029 2092 94 38 med
1151 2092 113 36 detta
1291 2089 149 48 förslag
1467 2087 130 36 finner
1614 2085 199 36 utskottet

219 2156 299 37 beaktansvärt.
575 2153 81 36 Det
682 2151 116 37 torde
826 2150 62 36 stå
914 2151 116 35 utom
1056 2145 137 45 tvivel,
1211 2146 62 35 att
1300 2142 161 38 särskilt
1487 2141 15 36 i
1529 2142 126 35 större
1679 2138 133 37 städer

220 2209 191 37 rådhuset
453 2209 34 48 ej
531 2207 115 36 alltid
683 2209 45 33 är
756 2205 78 36 den
860 2202 256 50 lämpligaste
1143 2198 163 38 lokalen
1333 2196 62 37 för
1423 2195 151 37 allmän
1600 2192 212 48 rådstugas

220 2263 188 38 hållande
436 2262 75 38 och
540 2262 61 36 att
629 2262 125 36 större
782 2257 122 38 frihet
922 2257 68 37 vid
1008 2253 208 50 väljandet
1235 2264 51 25 av
1301 2250 111 50 dylik
1429 2248 111 38 lokal
1554 2246 135 39 därför
1703 2249 45 33 är
1763 2257 50 25 av

1865 1932 147 28 Utskottets

1865 1967 138 35 yttrande.
