2224 2664
713 200 226 30 Statsutskottets
968 200 152 28 Utlåtande
1143 200 56 28 N:o
1223 201 47 27 95.
1764 196 41 30 21

190 281 140 47 belopp
359 279 60 37 för
453 280 103 44 kurs,
584 278 222 37 framhåller
835 277 146 45 därvid,
1011 284 57 30 att
1096 277 302 37 skoldistriktets
1428 289 99 36 egna
1557 277 162 48 utgifter
1746 278 60 36 för

191 331 203 37 skolköket
434 331 110 36 torde
586 344 89 23 vara
716 330 207 48 tillräcklig
959 330 148 47 garanti
1153 330 71 42 för,
1266 334 56 31 att
1364 329 31 47 ej
1438 335 128 30 rätten
1608 328 59 37 till
1696 335 110 30 stats-

190 383 137 47 bidrag
356 383 232 36 missbrukas
617 395 136 35 genom
784 382 194 35 elevernas
1006 381 243 47 uppdelande
1277 381 11 35 i
1316 379 60 37 för
1404 383 79 33 små
1511 393 181 35 grupper.

293 433 209 49 Angående
531 433 271 48 olämpligheten
830 433 47 47 af
901 438 51 30 att
979 431 62 36 vid
1060 431 184 36 skolköken
1263 437 158 42 mottaga
1440 435 193 44 matgäster
1654 433 10 33 i
1685 436 121 31 större

194 484 154 48 omfång
376 485 142 35 uttalar
546 485 58 47 sig
633 497 44 22 en
705 482 404 48 folkskoleinspektör,
1137 482 231 36 tillhörande
1396 481 128 37 Lunds
1553 481 92 46 stift,
1675 485 46 44 på
1741 481 68 37 föl-

189 536 116 48 jande
346 541 91 31 sätt:
489 535 89 36 »Att
617 535 87 36 med
745 534 210 36 skolköken
997 534 286 35 sammanbinda
1310 533 134 48 gratis-
1473 533 93 35 eller
1598 533 210 48 billighets-

197 587 219 47 bespisning
455 585 60 37 för
555 599 88 23 vare
685 586 57 48 sig
782 585 179 36 skolbarn
999 584 91 35 eller
1123 584 222 45 lärarinnor,
1375 584 229 36 skolbarnen
1632 584 58 36 till
1720 584 88 36 obe-

196 638 140 36 ståmdt
377 638 102 35 antal
520 636 59 36 för
620 637 101 36 olika
762 637 128 46 dagar,
933 636 156 35 hvarom
1125 634 355 38 föreståndarinnan
1508 634 57 37 får
1593 635 214 36 kännedom

194 688 97 37 först
332 702 61 23 om
435 701 223 35 morgonen,
699 695 68 28 när
809 688 73 35 hon
916 687 95 35 skall
1039 689 187 45 genomgå
1253 691 173 43 receptet
1453 685 59 36 för
1539 686 118 36 redan
1685 686 122 48 dagen

194 740 106 37 förut
335 739 201 37 beslutade
572 745 134 38 rätter,
734 751 110 23 anser
869 739 66 47 jag
961 737 114 47 högst
1103 737 212 48 olämpligt,
1345 737 70 36 och
1444 738 219 47 göromålen
1692 737 116 36 varda

195 792 72 36 lätt
295 790 390 48 öfveransträngande
714 788 57 37 för
799 789 97 36 både
928 789 189 35 lärarinna
1147 788 69 36 och
1246 788 105 44 barn,
1372 801 80 23 som
1481 786 113 38 hafva
1622 791 103 33 svårt
1751 787 59 36 för

196 848 57 31 att
281 842 186 36 handtera
495 842 46 35 de
570 849 104 28 stora
701 840 192 44 kökskärl,
922 852 81 23 som
1031 838 164 36 behöfva
1223 839 192 36 användas
1443 838 58 36 för
1529 838 225 36 anrättande
1774 838 37 36 af

197 893 178 37 måltider
405 896 38 32 åt
471 891 179 37 stundom
679 891 106 37 öfver
813 896 56 31 ett
897 890 204 36 hundratal
1129 890 219 48 spisgäster,
1376 896 98 29 samt
1502 889 118 48 därpå
1643 889 167 48 följande

197 945 179 46 diskning
417 943 70 36 och
529 944 207 48 rengöring
776 941 41 37 af
852 942 97 35 både
987 941 75 36 kök
1103 941 71 36 och
1216 941 145 36 matsal.
1416 938 48 38 Så
1503 940 90 48 lång
1620 940 58 36 tid
1705 946 106 42 tages

198 995 131 36 härför
368 996 12 34 i
421 994 174 47 anspråk,
637 1000 56 29 att
733 992 308 37 skolkökselever
1077 992 190 48 svårligen
1303 991 289 46 medhinna
1528 987 69 58 att
1620 991 191 48 deltaga
1792 987 23 58 i

197 1045 323 49 eftermiddagens
549 1045 273 47 undervisning
849 1044 12 35 i
890 1044 72 35 den
990 1042 185 37 skolklass
1205 1042 45 36 de
1275 1042 192 37 tillhöra».
1508 1039 40 39 ÅA
1567 1042 117 36 andra
1704 1042 106 36 sidan

199 1098 68 35 har
308 1096 39 37 af
386 1110 46 22 en
473 1095 390 48 folkskoleinspektör
904 1095 102 34 inom
1046 1093 237 48 Linköpings
1316 1092 82 37 stift
1426 1093 173 44 erinrats,
1628 1092 183 36 hurusom

199 1160 138 36 genom
366 1146 218 37 inrättande
612 1145 40 37 af
672 1145 161 37 skolkök
854 1148 48 45 på
920 1144 280 49 landsbygden,
1221 1144 228 36 åtminstone
1470 1144 68 35 där
1556 1142 97 38 fasta
1673 1144 139 36 sådana

198 1198 129 37 kunde
355 1198 153 35 komma
536 1198 58 35 till
622 1197 124 43 stånd,
775 1196 165 36 utsikter
968 1195 194 48 öppnades
1189 1194 60 36 för
1276 1195 200 46 lösningen
1496 1194 41 36 af
1551 1193 144 49 frågan,
1712 1195 99 35 huru

200 1248 151 38 tillfälle
388 1248 128 36 kunde
545 1247 160 37 beredas
732 1248 189 48 långväga
949 1247 71 35 och
1048 1247 12 34 i
1089 1245 207 49 synnerhet
1322 1245 137 47 fattiga
1486 1245 94 36 barn
1609 1250 56 31 att
1691 1245 122 36 under

200 1300 209 47 skoldagen
450 1298 37 37 få
528 1312 46 23 en
616 1298 191 49 ordentlig
824 1297 156 48 måltid
1018 1296 40 36 af
1089 1297 112 48 lagad
1229 1303 78 30 mat
1335 1296 71 36 och
1435 1296 123 48 slippa
1586 1302 56 30 att
1670 1297 142 35 uteslu-

201 1351 115 37 tande
358 1350 100 37 lefva
494 1354 48 44 på
578 1350 181 36 matsäck.
813 1346 129 39 ÅAfven
978 1347 84 37 från
1096 1361 45 22 en
1169 1347 390 48 folkskoleinspektör
1585 1346 84 37 från
1698 1347 117 37 Luleå

201 1402 83 37 stift
312 1402 208 47 föreligger
549 1406 56 31 ett
632 1400 178 36 liknande
838 1399 210 36 uttalande.

302 1452 120 37 Eders
463 1452 138 49 Kungl.
644 1451 123 47 Maj:ts
795 1448 419 49 befallningshafvande
1243 1449 11 35 i
1283 1448 235 48 Skaraborgs
1545 1449 63 35 län
1636 1449 178 47 påpekar,

202 1509 57 31 att
285 1504 326 47 undervisningen
639 1503 71 35 bör
739 1501 193 37 meddelas
959 1500 265 49 kostnadsfritt.
1278 1503 74 33 Att
1381 1501 174 35 eleverna
1584 1500 11 35 i
1615 1499 201 36 skolköket

202 1556 105 44 böra,
349 1555 230 35 åtminstone
621 1556 48 45 på
710 1552 275 48 landsbygden,
1028 1557 91 30 utan
1161 1552 210 46 ersättning
1408 1551 144 35 erhålla
1580 1550 171 48 spisning
1780 1550 38 36 af

204 1606 73 36 den
306 1611 79 30 mat
413 1606 46 35 de
487 1605 131 47 tillaga
645 1604 220 35 framhålles
894 1602 39 36 af
958 1615 45 23 en
1024 1602 406 48 folkskoleinspektör;
1451 1614 46 22 en
1516 1614 123 23 annan
1660 1601 155 44 erinrar,

204 1662 68 39 att,
309 1656 130 36 därest
475 1658 126 45 någon
634 1654 110 47 afgift
772 1659 187 43 upptages
988 1651 40 37 af
1052 1653 370 44 skolkökseleverna,
1451 1652 123 36 denna
1601 1652 70 36 bör
1699 1657 117 31 sättas

205 1707 180 47 tämligen
413 1707 74 48 låg,
517 1707 113 47 högst
657 1706 59 35 till
750 1708 19 34 5
799 1705 154 44 kronor,
982 1704 71 35 och
1082 1704 32 46 ej
1145 1702 184 37 affordras
1357 1702 135 48 fattiga
1518 1703 206 47 lärjungar.

305 1758 55 35 De
396 1758 120 43 flesta,
553 1769 81 23 som
668 1756 107 36 hörts
802 1756 12 35 i
843 1755 170 43 ärendet,
1042 1754 111 36 hafva
1180 1753 209 37 framhållit
1417 1753 335 47 nödvändigheten
1781 1752 40 36 af

205 1815 56 29 att
290 1808 322 47 undervisningen
641 1807 10 35 i
680 1806 212 36 skolköken
920 1806 128 35 skötes
1077 1808 48 44 på
1153 1811 56 30 ett
1236 1804 40 36 af
1300 1804 286 36 vederbörande
1615 1803 203 37 folkskole-

204 1859 210 49 inspektör,
443 1858 151 36 skolråd
625 1858 90 35 eller
743 1857 246 48 skolstyrelse
1017 1856 197 48 godkändt
1242 1861 92 40 sätt;
1369 1855 70 36 och
1470 1855 67 36 har
1564 1855 11 36 i
1604 1855 134 36 sådant
1766 1854 52 37 af-

205 1909 140 37 seende
382 1910 12 34 i
431 1909 206 36 allmänhet
669 1908 194 48 påyrkats,
892 1914 56 29 att
974 1907 323 47 undervisningen
1326 1907 11 35 i
1365 1906 127 47 huslig
1520 1906 175 35 ekonomi
1724 1906 95 36 skall

204 1973 91 23 vara
336 1960 147 36 ordnad
524 1963 51 39 så,
617 1964 57 31 att
713 1958 121 49 öfriga
871 1958 221 36 skolämnen
1125 1957 82 36 icke
1236 1956 227 37 eftersättas.
1518 1956 74 36 För
1620 1956 198 36 utbekom-

207 2010 137 37 mande
385 2009 42 37 af
463 2009 233 49 statsbidrag
735 2010 122 36 skulle
885 2010 108 48 intyg
1021 2009 132 35 härom
1182 2008 110 36 alltså
1319 2007 159 37 fordras.
1529 2007 138 48 Några,
1695 2011 121 32 såsom

206 2068 26 31 t.
276 2075 60 23 ex.
376 2061 121 37 Eders
526 2061 138 48 Kungl.
694 2060 124 49 Maj:ts
854 2059 418 48 befallningshafvande
1301 2059 11 36 i
1342 2058 235 48 Skaraborgs
1604 2059 76 46 län,
1708 2057 112 38 hafva

205 2113 211 36 framhållit
443 2112 285 48 behöfligheten
756 2112 92 35 eller
876 2111 307 36 önskvärdheten
1212 2109 119 45 däraf,
1364 2115 56 31 att
1452 2109 185 37 särskilda
1669 2109 151 48 inspek-

205 2164 113 36 triser
359 2163 126 37 blefve
522 2163 39 36 af
594 2162 119 37 Eders
741 2162 137 48 Kungl.
907 2162 106 47 Maj:t
1041 2162 92 35 eller
1161 2160 40 37 af
1224 2160 286 37 vederbörande
1538 2161 193 48 landsting
1758 2173 62 23 an-

206 2214 138 37 ställda
371 2214 61 37 för
460 2213 164 38 öfvande
653 2213 40 37 af
717 2213 168 36 kontroll
912 2212 106 37 öfver
1046 2212 228 37 skolkökens
1302 2212 182 48 lämpliga
1511 2212 224 47 anordning.

307 2265 210 48 Angående
557 2269 105 32 sättet
693 2264 66 48 för
794 2263 246 48 utanordning
1077 2263 59 36 och
1164 2262 217 49 utbetalning
1408 2262 44 49 af
1476 2261 250 48 statsbidraget
1754 2262 67 36 har
