1872 2782
383 163 407 39 Bevillningsutskottets
813 163 218 31 betänkande
1052 172 42 21 nr
1114 162 41 31 47
1176 162 40 31 år
1238 161 82 32 1957
1603 163 19 29 3

794 453 143 43 Förslag

836 526 50 29 till

522 598 206 43 förordning
751 610 59 20 om
832 597 134 33 allmän
987 596 215 44 energiskatt

155 713 213 39 Härigenom
390 712 186 30 förordnas
599 721 74 21 som
697 711 114 39 följer.

633 814 184 28 Allmänna
840 813 255 29 bestämmelser

829 897 69 37 18.

154 957 141 30 Allmän
317 957 215 39 energiskatt
556 957 89 29 skall
668 957 10 28 i
700 956 153 39 enlighet
875 956 78 29 med
976 955 312 30 bestämmelserna
1312 955 10 29 i
1345 955 115 30 denna
1483 955 137 30 förord-

109 1000 84 39 ning
213 1000 53 29 till
286 1001 114 28 staten
419 999 157 39 erläggas
596 999 55 30 för

154 1042 37 32 a)
221 1041 124 30 bensin
364 1042 65 30 och
448 1042 214 39 motorsprit,

154 1084 38 34 b)
216 1084 150 35 bränsle,
387 1093 76 20 som
482 1084 140 39 angives
642 1084 10 29 i
673 1093 42 20 en
735 1084 58 29 vid
813 1083 115 30 denna
947 1083 206 39 förordning
1174 1083 105 40 fogad
1299 1083 232 39 förteckning,
1553 1083 65 30 ocn

154 1128 35 33 c)
213 1127 168 29 elektrisk
398 1126 106 30 kraft.

830 1210 71 37 28.

156 1270 100 29 Skatt
275 1270 101 39 utgår
395 1270 76 29 icke
492 1269 55 30 för
565 1269 187 30 inhemska
772 1269 93 30 fasta
884 1269 174 30 bränslen.

157 1312 99 30 Skatt
275 1313 101 39 utgår
395 1312 30 39 ej
447 1312 108 30 heller
575 1312 55 29 för
649 1312 168 30 elektrisk
836 1312 105 34 kraft,
962 1321 75 20 som

158 1355 37 33 a)
225 1355 214 29 framställes
466 1355 95 28 inom
588 1355 91 29 riket
705 1364 43 21 av
772 1355 204 39 producent,
1004 1364 74 19 som
1105 1355 157 38 förfogar
1288 1356 81 27 över
1395 1364 43 20 en
1465 1355 156 28 installe-

114 1398 63 28 rad
203 1397 297 39 generatoreffekt
525 1406 42 20 av
591 1397 138 30 mindre
754 1398 45 28 än
825 1397 40 29 50
891 1397 157 29 kilowatt
1074 1397 65 29 och
1166 1405 75 20 som
1266 1396 76 30 icke
1367 1397 253 38 yrkesmässigt

111 1439 231 30 distribuerar
364 1439 168 30 elektrisk
554 1439 106 34 kraft,

155 1482 39 33 b)
221 1482 49 29 till
289 1482 93 39 lägre
402 1481 112 30 effekt
534 1482 44 29 än
597 1482 41 30 50
657 1481 159 29 kilowatt
835 1483 85 27 utan
939 1480 109 40 avgift
1067 1482 172 29 levereras
1261 1490 42 20 av
1321 1481 195 39 producent
1535 1481 83 30 eller

110 1523 208 30 distributör
338 1524 52 30 till
409 1523 125 39 någon,
556 1532 75 20 som
651 1523 31 40 ej
707 1523 72 30 står
798 1524 11 28 i
829 1523 364 40 intressegemenskap
1215 1523 78 30 med
1313 1523 239 39 producenten
1573 1524 45 29 el-

112 1566 49 29 ler
183 1566 262 34 distributören,

159 1609 35 32 c)
225 1609 214 29 framställes
456 1608 65 29 och
540 1608 188 30 förbrukas
747 1609 20 29 å
785 1609 115 39 fartyg
918 1608 82 30 eller
1018 1610 107 28 annat
1144 1608 305 40 transportmedel,
1468 1608 83 30 eller

160 1651 38 33 d)
229 1651 214 39 nyttiggöres
464 1651 96 29 inom
581 1651 129 30 rörelse
730 1651 55 30 för
805 1652 213 38 produktion
1040 1651 83 29 eller
1143 1651 226 29 distribution
1390 1660 42 20 av
1453 1651 168 29 elektrisk

114 1694 96 29 kraft
229 1694 83 30 eller
331 1694 141 38 bortgår
491 1694 51 28 till
562 1694 89 38 följd
671 1703 42 20 av
731 1694 167 29 förluster
915 1694 57 29 vid
994 1693 211 39 överföring,
1225 1693 293 39 transformering
1537 1694 83 30 eller

114 1736 236 38 omformning
367 1736 63 30 hos
449 1737 189 36 producent
657 1737 82 29 eller
758 1736 213 30 distributör.

830 1821 17 29 3
874 1821 26 36 8.

157 1880 126 38 Kungl.
307 1880 104 38 Maj:t
433 1880 82 29 eller
535 1880 68 29 den
624 1879 205 39 myndighet
850 1879 125 39 Kungl.
999 1879 105 39 Maj:t
1124 1879 213 30 bestämmer
1359 1881 91 37 äger,
1473 1879 44 30 då
1539 1888 80 30 syn-

112 1922 132 39 nerliga
268 1922 74 29 skäl
365 1921 116 30 därtill
504 1923 69 32 äro,
595 1921 160 39 medgiva
775 1921 161 30 befrielse
959 1921 78 29 från
1061 1921 83 31 eller
1165 1921 199 40 återbäring
1387 1931 42 20 av
1450 1921 104 31 skatt.

611 2031 63 29 Om
697 2031 121 29 bensin
839 2032 63 28 och
924 2032 199 34 motorsprit

831 2115 19 29 4
875 2115 27 36 8.

160 2174 74 29 Vad
253 2183 74 20 som
346 2174 140 38 stadgas
507 2174 8 28 i
535 2174 251 38 förordningen
804 2174 66 29 den
889 2174 18 29 3
927 2174 68 38 maj
1019 2174 82 29 1929
1124 2174 59 28 (nr
1200 2174 58 28 62)
1281 2183 56 19 om
1357 2174 149 29 särskild
1526 2174 93 29 skatt

116 2217 20 28 ä
162 2216 124 29 bensin
313 2216 62 28 och
404 2216 204 38 motorsprit
635 2216 99 33 skall,
762 2216 77 28 med
867 2216 178 36 undantag
1072 2224 42 20 av
1141 2216 65 28 vad
1234 2216 74 28 däri
1337 2217 77 35 sägs
1442 2216 178 37 angående

114 2258 158 29 skattens
294 2258 140 33 storlek,
456 2258 62 37 äga
541 2257 223 39 tillämpning
784 2258 131 38 jämväl
939 2257 19 29 å
979 2257 131 29 allmän
1133 2257 215 38 energiskatt
1369 2257 19 29 å
1409 2258 124 29 bensin
1554 2258 64 29 och

114 2300 214 38 motorsprit.

830 2384 18 29 5
877 2383 27 36 8.

158 2442 268 38 Energiskatten
445 2442 19 29 å
481 2442 123 29 bensin
622 2442 63 29 och
704 2442 204 39 motorsprit
926 2442 99 38 ulgår
1043 2442 78 29 med
1141 2442 75 39 fyra
1236 2443 57 29 öre
1312 2442 53 30 för
1384 2443 87 30 liter.
