<?xml version="1.0" encoding="UTF-8"?>
<alto xmlns="http://www.loc.gov/standards/alto/ns-v3#" xmlns:xlink="http://www.w3.org/1999/xlink" xmlns:xsi="http://www.w3.org/2001/XMLSchema-instance" xsi:schemaLocation="http://www.loc.gov/standards/alto/ns-v3# http://www.loc.gov/alto/v3/alto-3-0.xsd">
	<Description>
		<MeasurementUnit>pixel</MeasurementUnit>
		<sourceImageInformation>
			<fileName>/tmp/tess_xuczt1zz_input.PNG</fileName>
		</sourceImageInformation>
		<OCRProcessing ID="OCR_0">
			<ocrProcessingStep>
				<processingSoftware>
					<softwareName>tesseract 5.3.0</softwareName>
				</processingSoftware>
			</ocrProcessingStep>
		</OCRProcessing>
	</Description>
	<Layout>
		<Page WIDTH="2258" HEIGHT="2624" PHYSICAL_IMG_NR="0" ID="page_0">
			<PrintSpace HPOS="0" VPOS="0" WIDTH="2258" HEIGHT="2624">
				<ComposedBlock ID="cblock_0" HPOS="747" VPOS="148" WIDTH="1051" HEIGHT="36">
					<TextBlock ID="block_0" HPOS="747" VPOS="148" WIDTH="1051" HEIGHT="36">
						<TextLine ID="line_0" HPOS="747" VPOS="148" WIDTH="1051" HEIGHT="36">
							<String ID="string_0" HPOS="747" VPOS="148" WIDTH="254" HEIGHT="32" WC="0.89" CONTENT="Statsutskottets"/><SP WIDTH="22" VPOS="148" HPOS="1001"/>
							<String ID="string_1" HPOS="1023" VPOS="148" WIDTH="163" HEIGHT="32" WC="0.96" CONTENT="utlåtande"/><SP WIDTH="22" VPOS="148" HPOS="1186"/>
							<String ID="string_2" HPOS="1208" VPOS="149" WIDTH="53" HEIGHT="32" WC="0.90" CONTENT="Nr"/><SP WIDTH="22" VPOS="149" HPOS="1261"/>
							<String ID="string_3" HPOS="1283" VPOS="150" WIDTH="54" HEIGHT="33" WC="0.94" CONTENT="29."/><SP WIDTH="420" VPOS="150" HPOS="1337"/>
							<String ID="string_4" HPOS="1757" VPOS="152" WIDTH="41" HEIGHT="32" WC="0.91" CONTENT="65"/>
						</TextLine>
					</TextBlock>
				</ComposedBlock>
				<ComposedBlock ID="cblock_1" HPOS="243" VPOS="224" WIDTH="1600" HEIGHT="311">
					<TextBlock ID="block_1" HPOS="245" VPOS="224" WIDTH="1598" HEIGHT="155">
						<TextLine ID="line_1" HPOS="245" VPOS="224" WIDTH="1598" HEIGHT="55">
							<String ID="string_5" HPOS="245" VPOS="224" WIDTH="225" HEIGHT="39" WC="0.96" CONTENT="tillhörande"/><SP WIDTH="27" VPOS="224" HPOS="470"/>
							<String ID="string_6" HPOS="497" VPOS="226" WIDTH="189" HEIGHT="49" WC="0.96" CONTENT="ritningar"/><SP WIDTH="18" VPOS="226" HPOS="686"/>
							<String ID="string_7" HPOS="704" VPOS="226" WIDTH="126" HEIGHT="37" WC="0.93" CONTENT="blifvit"/><SP WIDTH="18" VPOS="226" HPOS="830"/>
							<String ID="string_8" HPOS="848" VPOS="227" WIDTH="288" HEIGHT="49" WC="0.91" CONTENT="vederbörligen"/><SP WIDTH="18" VPOS="227" HPOS="1136"/>
							<String ID="string_9" HPOS="1154" VPOS="228" WIDTH="214" HEIGHT="49" WC="0.95" CONTENT="godkända,"/><SP WIDTH="21" VPOS="228" HPOS="1368"/>
							<String ID="string_10" HPOS="1389" VPOS="230" WIDTH="130" HEIGHT="36" WC="0.96" CONTENT="såvida"/><SP WIDTH="18" VPOS="230" HPOS="1519"/>
							<String ID="string_11" HPOS="1537" VPOS="230" WIDTH="81" HEIGHT="36" WC="0.96" CONTENT="icke"/><SP WIDTH="20" VPOS="230" HPOS="1618"/>
							<String ID="string_12" HPOS="1638" VPOS="230" WIDTH="205" HEIGHT="49" WC="0.95" CONTENT="tvingande"/>
						</TextLine>
						<TextLine ID="line_2" HPOS="245" VPOS="277" WIDTH="1597" HEIGHT="54">
							<String ID="string_13" HPOS="245" VPOS="277" WIDTH="133" HEIGHT="37" WC="0.95" CONTENT="hinder"/><SP WIDTH="39" VPOS="277" HPOS="378"/>
							<String ID="string_14" HPOS="417" VPOS="278" WIDTH="129" HEIGHT="37" WC="0.95" CONTENT="härför"/><SP WIDTH="41" VPOS="278" HPOS="546"/>
							<String ID="string_15" HPOS="587" VPOS="279" WIDTH="119" HEIGHT="36" WC="0.96" CONTENT="skulle"/><SP WIDTH="32" VPOS="279" HPOS="706"/>
							<String ID="string_16" HPOS="738" VPOS="279" WIDTH="164" HEIGHT="48" WC="0.96" CONTENT="inträffa,"/><SP WIDTH="24" VPOS="279" HPOS="902"/>
							<String ID="string_17" HPOS="926" VPOS="293" WIDTH="91" HEIGHT="23" WC="0.96" CONTENT="vara"/><SP WIDTH="29" VPOS="293" HPOS="1017"/>
							<String ID="string_18" HPOS="1046" VPOS="280" WIDTH="84" HEIGHT="36" WC="0.93" CONTENT="med"/><SP WIDTH="28" VPOS="280" HPOS="1130"/>
							<String ID="string_19" HPOS="1158" VPOS="281" WIDTH="465" HEIGHT="49" WC="0.91" CONTENT="grundläggningsarbete"/><SP WIDTH="27" VPOS="281" HPOS="1623"/>
							<String ID="string_20" HPOS="1650" VPOS="282" WIDTH="192" HEIGHT="49" WC="0.90" CONTENT="påbegynt"/>
						</TextLine>
						<TextLine ID="line_3" HPOS="245" VPOS="330" WIDTH="772" HEIGHT="49">
							<String ID="string_21" HPOS="245" VPOS="336" WIDTH="126" HEIGHT="30" WC="0.96" CONTENT="senast"/><SP WIDTH="27" VPOS="336" HPOS="371"/>
							<String ID="string_22" HPOS="398" VPOS="330" WIDTH="102" HEIGHT="36" WC="0.95" CONTENT="inom"/><SP WIDTH="28" VPOS="330" HPOS="500"/>
							<String ID="string_23" HPOS="528" VPOS="333" WIDTH="195" HEIGHT="46" WC="0.96" CONTENT="utgången"/><SP WIDTH="29" VPOS="333" HPOS="723"/>
							<String ID="string_24" HPOS="752" VPOS="331" WIDTH="42" HEIGHT="36" WC="0.95" CONTENT="af"/><SP WIDTH="24" VPOS="331" HPOS="794"/>
							<String ID="string_25" HPOS="818" VPOS="334" WIDTH="39" HEIGHT="33" WC="0.96" CONTENT="år"/><SP WIDTH="30" VPOS="334" HPOS="857"/>
							<String ID="string_26" HPOS="887" VPOS="333" WIDTH="130" HEIGHT="35" WC="0.96" CONTENT="1911.»"/>
						</TextLine>
					</TextBlock>
					<TextBlock ID="block_2" HPOS="243" VPOS="381" WIDTH="1599" HEIGHT="154">
						<TextLine ID="line_4" HPOS="375" VPOS="381" WIDTH="1466" HEIGHT="53">
							<String ID="string_27" HPOS="375" VPOS="381" WIDTH="17" HEIGHT="37" WC="0.94" CONTENT="I"/><SP WIDTH="43" VPOS="381" HPOS="392"/>
							<String ID="string_28" HPOS="435" VPOS="382" WIDTH="175" HEIGHT="36" WC="0.93" CONTENT="afseende"/><SP WIDTH="29" VPOS="382" HPOS="610"/>
							<String ID="string_29" HPOS="639" VPOS="385" WIDTH="20" HEIGHT="33" WC="0.93" CONTENT="å"/><SP WIDTH="28" VPOS="385" HPOS="659"/>
							<String ID="string_30" HPOS="687" VPOS="383" WIDTH="312" HEIGHT="49" WC="0.92" CONTENT="öfverstyrelsens"/><SP WIDTH="41" VPOS="383" HPOS="999"/>
							<String ID="string_31" HPOS="1040" VPOS="384" WIDTH="273" HEIGHT="37" WC="0.90" CONTENT="ofvanberörda"/><SP WIDTH="40" VPOS="384" HPOS="1313"/>
							<String ID="string_32" HPOS="1353" VPOS="385" WIDTH="199" HEIGHT="37" WC="0.96" CONTENT="skrifvelse"/><SP WIDTH="23" VPOS="385" HPOS="1552"/>
							<String ID="string_33" HPOS="1575" VPOS="386" WIDTH="118" HEIGHT="48" WC="0.93" CONTENT="jämte"/><SP WIDTH="28" VPOS="386" HPOS="1693"/>
							<String ID="string_34" HPOS="1721" VPOS="386" WIDTH="120" HEIGHT="36" WC="0.92" CONTENT="stads-"/>
						</TextLine>
						<TextLine ID="line_5" HPOS="245" VPOS="433" WIDTH="1597" HEIGHT="51">
							<String ID="string_35" HPOS="245" VPOS="433" WIDTH="256" HEIGHT="49" WC="0.95" CONTENT="fullmäktiges"/><SP WIDTH="28" VPOS="433" HPOS="501"/>
							<String ID="string_36" HPOS="529" VPOS="434" WIDTH="13" HEIGHT="36" WC="0.96" CONTENT="i"/><SP WIDTH="28" VPOS="434" HPOS="542"/>
							<String ID="string_37" HPOS="570" VPOS="433" WIDTH="117" HEIGHT="37" WC="0.96" CONTENT="Ystad"/><SP WIDTH="28" VPOS="433" HPOS="687"/>
							<String ID="string_38" HPOS="715" VPOS="435" WIDTH="177" HEIGHT="48" WC="0.96" CONTENT="yttrande"/><SP WIDTH="28" VPOS="435" HPOS="892"/>
							<String ID="string_39" HPOS="920" VPOS="435" WIDTH="11" HEIGHT="35" WC="0.96" CONTENT="i"/><SP WIDTH="31" VPOS="435" HPOS="931"/>
							<String ID="string_40" HPOS="962" VPOS="436" WIDTH="154" HEIGHT="37" WC="0.96" CONTENT="ärendet"/><SP WIDTH="27" VPOS="436" HPOS="1116"/>
							<String ID="string_41" HPOS="1143" VPOS="436" WIDTH="135" HEIGHT="37" WC="0.96" CONTENT="tillåter"/><SP WIDTH="27" VPOS="436" HPOS="1278"/>
							<String ID="string_42" HPOS="1305" VPOS="437" WIDTH="61" HEIGHT="47" WC="0.96" CONTENT="sig"/><SP WIDTH="26" VPOS="437" HPOS="1366"/>
							<String ID="string_43" HPOS="1392" VPOS="437" WIDTH="185" HEIGHT="36" WC="0.96" CONTENT="utskottet"/><SP WIDTH="27" VPOS="437" HPOS="1577"/>
							<String ID="string_44" HPOS="1604" VPOS="437" WIDTH="155" HEIGHT="37" WC="0.95" CONTENT="hänvisa"/><SP WIDTH="28" VPOS="437" HPOS="1759"/>
							<String ID="string_45" HPOS="1787" VPOS="438" WIDTH="55" HEIGHT="36" WC="0.95" CONTENT="till"/>
						</TextLine>
						<TextLine ID="line_6" HPOS="243" VPOS="484" WIDTH="561" HEIGHT="51">
							<String ID="string_46" HPOS="243" VPOS="484" WIDTH="46" HEIGHT="38" WC="0.96" CONTENT="de"/><SP WIDTH="28" VPOS="484" HPOS="289"/>
							<String ID="string_47" HPOS="317" VPOS="485" WIDTH="146" HEIGHT="50" WC="0.96" CONTENT="tryckta"/><SP WIDTH="28" VPOS="485" HPOS="463"/>
							<String ID="string_48" HPOS="491" VPOS="485" WIDTH="313" HEIGHT="50" WC="0.93" CONTENT="förklaringarna."/>
						</TextLine>
					</TextBlock>
				</ComposedBlock>
				<ComposedBlock ID="cblock_2" HPOS="243" VPOS="589" WIDTH="1815" HEIGHT="465">
					<TextBlock ID="block_3" HPOS="243" VPOS="589" WIDTH="1815" HEIGHT="465">
						<TextLine ID="line_7" HPOS="374" VPOS="589" WIDTH="1684" HEIGHT="50">
							<String ID="string_49" HPOS="374" VPOS="589" WIDTH="130" HEIGHT="36" WC="0.96" CONTENT="Ehuru"/><SP WIDTH="47" VPOS="589" HPOS="504"/>
							<String ID="string_50" HPOS="551" VPOS="589" WIDTH="185" HEIGHT="37" WC="0.96" CONTENT="utskottet"/><SP WIDTH="40" VPOS="589" HPOS="736"/>
							<String ID="string_51" HPOS="776" VPOS="590" WIDTH="83" HEIGHT="37" WC="0.96" CONTENT="icke"/><SP WIDTH="41" VPOS="590" HPOS="859"/>
							<String ID="string_52" HPOS="900" VPOS="591" WIDTH="146" HEIGHT="36" WC="0.96" CONTENT="kunnat"/><SP WIDTH="41" VPOS="591" HPOS="1046"/>
							<String ID="string_53" HPOS="1087" VPOS="591" WIDTH="127" HEIGHT="48" WC="0.95" CONTENT="undgå"/><SP WIDTH="29" VPOS="591" HPOS="1214"/>
							<String ID="string_54" HPOS="1243" VPOS="598" WIDTH="55" HEIGHT="30" WC="0.96" CONTENT="att"/><SP WIDTH="27" VPOS="598" HPOS="1298"/>
							<String ID="string_55" HPOS="1325" VPOS="592" WIDTH="104" HEIGHT="36" WC="0.96" CONTENT="finna"/><SP WIDTH="28" VPOS="592" HPOS="1429"/>
							<String ID="string_56" HPOS="1457" VPOS="592" WIDTH="63" HEIGHT="37" WC="0.96" CONTENT="det"/><SP WIDTH="29" VPOS="592" HPOS="1520"/>
							<String ID="string_57" HPOS="1549" VPOS="593" WIDTH="41" HEIGHT="35" WC="0.96" CONTENT="af"/><SP WIDTH="22" VPOS="593" HPOS="1590"/>
							<String ID="string_58" HPOS="1612" VPOS="593" WIDTH="229" HEIGHT="37" WC="0.96" CONTENT="revisorerna"/><SP WIDTH="34" VPOS="593" HPOS="1841"/>
							<String ID="string_59" HPOS="1875" VPOS="598" WIDTH="123" HEIGHT="25" WC="0.35" CONTENT="Utskottets"/><SP WIDTH="13" VPOS="598" HPOS="1998"/>
							<String ID="string_60" HPOS="2011" VPOS="603" WIDTH="47" HEIGHT="26" WC="0.91" CONTENT="ytt-"/>
						</TextLine>
						<TextLine ID="line_8" HPOS="246" VPOS="634" WIDTH="1761" HEIGHT="61">
							<String ID="string_61" HPOS="246" VPOS="641" WIDTH="197" HEIGHT="36" WC="0.91" CONTENT="anmärkta"/><SP WIDTH="27" VPOS="641" HPOS="443"/>
							<String ID="string_62" HPOS="470" VPOS="641" WIDTH="217" HEIGHT="49" WC="0.96" CONTENT="dröjsmålet"/><SP WIDTH="27" VPOS="641" HPOS="687"/>
							<String ID="string_63" HPOS="714" VPOS="642" WIDTH="87" HEIGHT="36" WC="0.96" CONTENT="med"/><SP WIDTH="27" VPOS="642" HPOS="801"/>
							<String ID="string_64" HPOS="828" VPOS="642" WIDTH="255" HEIGHT="50" WC="0.96" CONTENT="uppförandet"/><SP WIDTH="25" VPOS="642" HPOS="1083"/>
							<String ID="string_65" HPOS="1108" VPOS="643" WIDTH="41" HEIGHT="36" WC="0.96" CONTENT="af"/><SP WIDTH="13" VPOS="643" HPOS="1149"/>
							<String ID="string_66" HPOS="1162" VPOS="643" WIDTH="286" HEIGHT="48" WC="0.93" CONTENT="ifrågavarande"/><SP WIDTH="19" VPOS="643" HPOS="1448"/>
							<String ID="string_67" HPOS="1467" VPOS="644" WIDTH="374" HEIGHT="51" WC="0.86" CONTENT="läroverksbyggnad"/><SP WIDTH="39" VPOS="644" HPOS="1841"/>
							<String ID="string_68" HPOS="1880" VPOS="630" WIDTH="18" HEIGHT="69" WC="0.48" CONTENT="—"/><SP WIDTH="25" VPOS="630" HPOS="1898"/>
							<String ID="string_69" HPOS="1923" VPOS="634" WIDTH="84" HEIGHT="25" WC="0.31" CONTENT="”&quot;"/>
						</TextLine>
						<TextLine ID="line_9" HPOS="245" VPOS="693" WIDTH="1597" HEIGHT="53">
							<String ID="string_70" HPOS="245" VPOS="693" WIDTH="244" HEIGHT="49" WC="0.93" CONTENT="synnerligen"/><SP WIDTH="30" VPOS="693" HPOS="489"/>
							<String ID="string_71" HPOS="519" VPOS="693" WIDTH="394" HEIGHT="49" WC="0.91" CONTENT="anmärkningsvärdt,"/><SP WIDTH="31" VPOS="693" HPOS="913"/>
							<String ID="string_72" HPOS="944" VPOS="707" WIDTH="108" HEIGHT="24" WC="0.96" CONTENT="anser"/><SP WIDTH="26" VPOS="707" HPOS="1052"/>
							<String ID="string_73" HPOS="1078" VPOS="695" WIDTH="62" HEIGHT="49" WC="0.96" CONTENT="sig"/><SP WIDTH="27" VPOS="695" HPOS="1140"/>
							<String ID="string_74" HPOS="1167" VPOS="695" WIDTH="95" HEIGHT="37" WC="0.96" CONTENT="dock"/><SP WIDTH="27" VPOS="695" HPOS="1262"/>
							<String ID="string_75" HPOS="1289" VPOS="696" WIDTH="196" HEIGHT="47" WC="0.95" CONTENT="utskottet,"/><SP WIDTH="29" VPOS="696" HPOS="1485"/>
							<String ID="string_76" HPOS="1514" VPOS="697" WIDTH="85" HEIGHT="36" WC="0.96" CONTENT="med"/><SP WIDTH="19" VPOS="697" HPOS="1599"/>
							<String ID="string_77" HPOS="1618" VPOS="696" WIDTH="149" HEIGHT="50" WC="0.96" CONTENT="hänsyn"/><SP WIDTH="19" VPOS="696" HPOS="1767"/>
							<String ID="string_78" HPOS="1786" VPOS="697" WIDTH="56" HEIGHT="37" WC="0.96" CONTENT="till"/>
						</TextLine>
						<TextLine ID="line_10" HPOS="246" VPOS="744" WIDTH="1596" HEIGHT="51">
							<String ID="string_79" HPOS="246" VPOS="750" WIDTH="54" HEIGHT="31" WC="0.93" CONTENT="att"/><SP WIDTH="42" VPOS="750" HPOS="300"/>
							<String ID="string_80" HPOS="342" VPOS="744" WIDTH="294" HEIGHT="50" WC="0.90" CONTENT="öfverstyrelsen"/><SP WIDTH="40" VPOS="744" HPOS="636"/>
							<String ID="string_81" HPOS="676" VPOS="745" WIDTH="69" HEIGHT="37" WC="0.96" CONTENT="hos"/><SP WIDTH="41" VPOS="745" HPOS="745"/>
							<String ID="string_82" HPOS="786" VPOS="745" WIDTH="141" HEIGHT="49" WC="0.95" CONTENT="Kungl."/><SP WIDTH="34" VPOS="745" HPOS="927"/>
							<String ID="string_83" HPOS="961" VPOS="746" WIDTH="113" HEIGHT="49" WC="0.96" CONTENT="Maj:t"/><SP WIDTH="27" VPOS="746" HPOS="1074"/>
							<String ID="string_84" HPOS="1101" VPOS="747" WIDTH="102" HEIGHT="48" WC="0.96" CONTENT="gjort"/><SP WIDTH="27" VPOS="747" HPOS="1203"/>
							<String ID="string_85" HPOS="1230" VPOS="748" WIDTH="223" HEIGHT="36" WC="0.96" CONTENT="hemställan"/><SP WIDTH="29" VPOS="748" HPOS="1453"/>
							<String ID="string_86" HPOS="1482" VPOS="761" WIDTH="60" HEIGHT="24" WC="0.93" CONTENT="om"/><SP WIDTH="30" VPOS="761" HPOS="1542"/>
							<String ID="string_87" HPOS="1572" VPOS="748" WIDTH="189" HEIGHT="38" WC="0.93" CONTENT="föreskrift"/><SP WIDTH="28" VPOS="748" HPOS="1761"/>
							<String ID="string_88" HPOS="1789" VPOS="755" WIDTH="53" HEIGHT="31" WC="0.96" CONTENT="att"/>
						</TextLine>
						<TextLine ID="line_11" HPOS="243" VPOS="796" WIDTH="1598" HEIGHT="51">
							<String ID="string_89" HPOS="243" VPOS="796" WIDTH="395" HEIGHT="49" WC="0.90" CONTENT="byggnadsföretaget"/><SP WIDTH="41" VPOS="796" HPOS="638"/>
							<String ID="string_90" HPOS="679" VPOS="797" WIDTH="108" HEIGHT="47" WC="0.95" CONTENT="skall,"/><SP WIDTH="35" VPOS="797" HPOS="787"/>
							<String ID="string_91" HPOS="822" VPOS="798" WIDTH="131" HEIGHT="36" WC="0.96" CONTENT="såvida"/><SP WIDTH="27" VPOS="798" HPOS="953"/>
							<String ID="string_92" HPOS="980" VPOS="798" WIDTH="82" HEIGHT="36" WC="0.96" CONTENT="icke"/><SP WIDTH="28" VPOS="798" HPOS="1062"/>
							<String ID="string_93" HPOS="1090" VPOS="798" WIDTH="207" HEIGHT="49" WC="0.96" CONTENT="tvingande"/><SP WIDTH="28" VPOS="798" HPOS="1297"/>
							<String ID="string_94" HPOS="1325" VPOS="799" WIDTH="134" HEIGHT="37" WC="0.96" CONTENT="hinder"/><SP WIDTH="26" VPOS="799" HPOS="1459"/>
							<String ID="string_95" HPOS="1485" VPOS="800" WIDTH="128" HEIGHT="36" WC="0.96" CONTENT="härför"/><SP WIDTH="27" VPOS="800" HPOS="1613"/>
							<String ID="string_96" HPOS="1640" VPOS="801" WIDTH="119" HEIGHT="36" WC="0.93" CONTENT="skulle"/><SP WIDTH="26" VPOS="801" HPOS="1759"/>
							<String ID="string_97" HPOS="1785" VPOS="802" WIDTH="56" HEIGHT="36" WC="0.92" CONTENT="in-"/>
						</TextLine>
						<TextLine ID="line_12" HPOS="244" VPOS="848" WIDTH="1597" HEIGHT="54">
							<String ID="string_98" HPOS="244" VPOS="848" WIDTH="121" HEIGHT="47" WC="0.96" CONTENT="träffa,"/><SP WIDTH="41" VPOS="848" HPOS="365"/>
							<String ID="string_99" HPOS="406" VPOS="862" WIDTH="92" HEIGHT="22" WC="0.96" CONTENT="vara"/><SP WIDTH="36" VPOS="862" HPOS="498"/>
							<String ID="string_100" HPOS="534" VPOS="848" WIDTH="85" HEIGHT="37" WC="0.93" CONTENT="med"/><SP WIDTH="28" VPOS="848" HPOS="619"/>
							<String ID="string_101" HPOS="647" VPOS="849" WIDTH="464" HEIGHT="49" WC="0.90" CONTENT="grundläggningsarbete"/><SP WIDTH="26" VPOS="849" HPOS="1111"/>
							<String ID="string_102" HPOS="1137" VPOS="851" WIDTH="199" HEIGHT="49" WC="0.91" CONTENT="påbörjadt"/><SP WIDTH="27" VPOS="851" HPOS="1336"/>
							<String ID="string_103" HPOS="1363" VPOS="858" WIDTH="127" HEIGHT="30" WC="0.96" CONTENT="senast"/><SP WIDTH="26" VPOS="858" HPOS="1490"/>
							<String ID="string_104" HPOS="1516" VPOS="852" WIDTH="103" HEIGHT="36" WC="0.96" CONTENT="inom"/><SP WIDTH="27" VPOS="852" HPOS="1619"/>
							<String ID="string_105" HPOS="1646" VPOS="855" WIDTH="195" HEIGHT="47" WC="0.96" CONTENT="utgången"/>
						</TextLine>
						<TextLine ID="line_13" HPOS="247" VPOS="900" WIDTH="1593" HEIGHT="54">
							<String ID="string_106" HPOS="247" VPOS="900" WIDTH="41" HEIGHT="36" WC="0.96" CONTENT="af"/><SP WIDTH="23" VPOS="900" HPOS="288"/>
							<String ID="string_107" HPOS="311" VPOS="902" WIDTH="42" HEIGHT="33" WC="0.96" CONTENT="år"/><SP WIDTH="30" VPOS="902" HPOS="353"/>
							<String ID="string_108" HPOS="383" VPOS="901" WIDTH="95" HEIGHT="35" WC="0.95" CONTENT="1911"/><SP WIDTH="32" VPOS="901" HPOS="478"/>
							<String ID="string_109" HPOS="510" VPOS="900" WIDTH="72" HEIGHT="37" WC="0.95" CONTENT="och"/><SP WIDTH="36" VPOS="900" HPOS="582"/>
							<String ID="string_110" HPOS="618" VPOS="900" WIDTH="121" HEIGHT="37" WC="0.84" CONTENT="under"/><SP WIDTH="35" VPOS="900" HPOS="739"/>
							<String ID="string_111" HPOS="774" VPOS="902" WIDTH="194" HEIGHT="36" WC="0.95" CONTENT="uttalande"/><SP WIDTH="30" VPOS="902" HPOS="968"/>
							<String ID="string_112" HPOS="998" VPOS="902" WIDTH="41" HEIGHT="35" WC="0.96" CONTENT="af"/><SP WIDTH="24" VPOS="902" HPOS="1039"/>
							<String ID="string_113" HPOS="1063" VPOS="902" WIDTH="58" HEIGHT="36" WC="0.96" CONTENT="sin"/><SP WIDTH="28" VPOS="902" HPOS="1121"/>
							<String ID="string_114" HPOS="1149" VPOS="902" WIDTH="91" HEIGHT="37" WC="0.95" CONTENT="fulla"/><SP WIDTH="31" VPOS="902" HPOS="1240"/>
							<String ID="string_115" HPOS="1271" VPOS="903" WIDTH="220" HEIGHT="48" WC="0.95" CONTENT="anslutning"/><SP WIDTH="27" VPOS="903" HPOS="1491"/>
							<String ID="string_116" HPOS="1518" VPOS="904" WIDTH="56" HEIGHT="36" WC="0.93" CONTENT="till"/><SP WIDTH="28" VPOS="904" HPOS="1574"/>
							<String ID="string_117" HPOS="1602" VPOS="904" WIDTH="238" HEIGHT="50" WC="0.90" CONTENT="öfverstyrel-"/>
						</TextLine>
						<TextLine ID="line_14" HPOS="244" VPOS="952" WIDTH="1596" HEIGHT="52">
							<String ID="string_118" HPOS="244" VPOS="964" WIDTH="86" HEIGHT="24" WC="0.96" CONTENT="sens"/><SP WIDTH="43" VPOS="964" HPOS="330"/>
							<String ID="string_119" HPOS="373" VPOS="952" WIDTH="196" HEIGHT="48" WC="0.96" CONTENT="angående"/><SP WIDTH="41" VPOS="952" HPOS="569"/>
							<String ID="string_120" HPOS="610" VPOS="952" WIDTH="122" HEIGHT="37" WC="0.92" CONTENT="denna"/><SP WIDTH="40" VPOS="952" HPOS="732"/>
							<String ID="string_121" HPOS="772" VPOS="953" WIDTH="316" HEIGHT="49" WC="0.91" CONTENT="byggnadsfråga"/><SP WIDTH="26" VPOS="953" HPOS="1088"/>
							<String ID="string_122" HPOS="1114" VPOS="955" WIDTH="166" HEIGHT="36" WC="0.96" CONTENT="uttalade"/><SP WIDTH="27" VPOS="955" HPOS="1280"/>
							<String ID="string_123" HPOS="1307" VPOS="955" WIDTH="257" HEIGHT="49" WC="0.96" CONTENT="uppfattning,"/><SP WIDTH="30" VPOS="955" HPOS="1564"/>
							<String ID="string_124" HPOS="1594" VPOS="956" WIDTH="132" HEIGHT="36" WC="0.96" CONTENT="endast"/><SP WIDTH="26" VPOS="956" HPOS="1726"/>
							<String ID="string_125" HPOS="1752" VPOS="957" WIDTH="88" HEIGHT="37" WC="0.96" CONTENT="böra"/>
						</TextLine>
						<TextLine ID="line_15" HPOS="244" VPOS="1002" WIDTH="913" HEIGHT="52">
							<String ID="string_126" HPOS="244" VPOS="1002" WIDTH="99" HEIGHT="37" WC="0.96" CONTENT="hvad"/><SP WIDTH="29" VPOS="1002" HPOS="343"/>
							<String ID="string_127" HPOS="372" VPOS="1003" WIDTH="12" HEIGHT="36" WC="0.96" CONTENT="i"/><SP WIDTH="27" VPOS="1003" HPOS="384"/>
							<String ID="string_128" HPOS="411" VPOS="1003" WIDTH="153" HEIGHT="37" WC="0.96" CONTENT="ärendet"/><SP WIDTH="28" VPOS="1003" HPOS="564"/>
							<String ID="string_129" HPOS="592" VPOS="1004" WIDTH="238" HEIGHT="37" WC="0.96" CONTENT="förekommit"/><SP WIDTH="26" VPOS="1004" HPOS="830"/>
							<String ID="string_130" HPOS="856" VPOS="1005" WIDTH="59" HEIGHT="39" WC="0.96" CONTENT="för"/><SP WIDTH="27" VPOS="1005" HPOS="915"/>
							<String ID="string_131" HPOS="942" VPOS="1004" WIDTH="215" HEIGHT="50" WC="0.96" CONTENT="Riksdagen"/>
						</TextLine>
					</TextBlock>
				</ComposedBlock>
				<ComposedBlock ID="cblock_3" HPOS="746" VPOS="1105" WIDTH="1108" HEIGHT="49">
					<TextBlock ID="block_4" HPOS="746" VPOS="1105" WIDTH="1108" HEIGHT="49">
						<TextLine ID="line_16" HPOS="746" VPOS="1105" WIDTH="1108" HEIGHT="49">
							<String ID="string_132" HPOS="746" VPOS="1105" WIDTH="229" HEIGHT="49" WC="0.56" CONTENT="omförmäla."/><SP WIDTH="869" VPOS="1105" HPOS="975"/>
							<String ID="string_133" HPOS="1844" VPOS="1121" WIDTH="10" HEIGHT="10" WC="0.0" CONTENT="$"/>
						</TextLine>
					</TextBlock>
				</ComposedBlock>
				<ComposedBlock ID="cblock_4" HPOS="594" VPOS="1281" WIDTH="892" HEIGHT="138">
					<TextBlock ID="block_5" HPOS="594" VPOS="1281" WIDTH="892" HEIGHT="138">
						<TextLine ID="line_17" HPOS="985" VPOS="1281" WIDTH="110" HEIGHT="49">
							<String ID="string_134" HPOS="985" VPOS="1281" WIDTH="21" HEIGHT="49" WC="0.43" CONTENT="$"/><SP WIDTH="32" VPOS="1281" HPOS="1006"/>
							<String ID="string_135" HPOS="1038" VPOS="1284" WIDTH="57" HEIGHT="34" WC="0.95" CONTENT="14."/>
						</TextLine>
						<TextLine ID="line_18" HPOS="594" VPOS="1375" WIDTH="892" HEIGHT="44">
							<String ID="string_136" HPOS="594" VPOS="1375" WIDTH="91" HEIGHT="40" WC="0.96" CONTENT="(Rev."/><SP WIDTH="25" VPOS="1375" HPOS="685"/>
							<String ID="string_137" HPOS="710" VPOS="1375" WIDTH="65" HEIGHT="32" WC="0.93" CONTENT="ber."/><SP WIDTH="26" VPOS="1375" HPOS="775"/>
							<String ID="string_138" HPOS="801" VPOS="1386" WIDTH="74" HEIGHT="30" WC="0.90" CONTENT="pag."/><SP WIDTH="26" VPOS="1386" HPOS="875"/>
							<String ID="string_139" HPOS="901" VPOS="1376" WIDTH="186" HEIGHT="33" WC="0.86" CONTENT="640—642;"/><SP WIDTH="25" VPOS="1376" HPOS="1087"/>
							<String ID="string_140" HPOS="1112" VPOS="1377" WIDTH="56" HEIGHT="31" WC="0.91" CONTENT="utl."/><SP WIDTH="24" VPOS="1377" HPOS="1168"/>
							<String ID="string_141" HPOS="1192" VPOS="1388" WIDTH="73" HEIGHT="30" WC="0.93" CONTENT="pag."/><SP WIDTH="26" VPOS="1388" HPOS="1265"/>
							<String ID="string_142" HPOS="1291" VPOS="1378" WIDTH="195" HEIGHT="41" WC="0.4" CONTENT="854—878.)"/>
						</TextLine>
					</TextBlock>
				</ComposedBlock>
				<ComposedBlock ID="cblock_5" HPOS="245" VPOS="1469" WIDTH="1821" HEIGHT="158">
					<TextBlock ID="block_6" HPOS="245" VPOS="1469" WIDTH="1821" HEIGHT="158">
						<TextLine ID="line_19" HPOS="374" VPOS="1469" WIDTH="1692" HEIGHT="51">
							<String ID="string_143" HPOS="374" VPOS="1469" WIDTH="73" HEIGHT="37" WC="0.96" CONTENT="Till"/><SP WIDTH="28" VPOS="1469" HPOS="447"/>
							<String ID="string_144" HPOS="475" VPOS="1469" WIDTH="237" HEIGHT="51" WC="0.96" CONTENT="upplysning"/><SP WIDTH="28" VPOS="1469" HPOS="712"/>
							<String ID="string_145" HPOS="740" VPOS="1472" WIDTH="195" HEIGHT="48" WC="0.96" CONTENT="angående"/><SP WIDTH="29" VPOS="1472" HPOS="935"/>
							<String ID="string_146" HPOS="964" VPOS="1472" WIDTH="46" HEIGHT="37" WC="0.93" CONTENT="de"/><SP WIDTH="27" VPOS="1472" HPOS="1010"/>
							<String ID="string_147" HPOS="1037" VPOS="1476" WIDTH="20" HEIGHT="33" WC="0.91" CONTENT="å"/><SP WIDTH="30" VPOS="1476" HPOS="1057"/>
							<String ID="string_148" HPOS="1087" VPOS="1475" WIDTH="97" HEIGHT="34" WC="0.90" CONTENT="2—9"/><SP WIDTH="25" VPOS="1475" HPOS="1184"/>
							<String ID="string_149" HPOS="1209" VPOS="1474" WIDTH="300" HEIGHT="37" WC="0.92" CONTENT="hufvudtitlarne"/><SP WIDTH="20" VPOS="1474" HPOS="1509"/>
							<String ID="string_150" HPOS="1529" VPOS="1474" WIDTH="57" HEIGHT="37" WC="0.93" CONTENT="till"/><SP WIDTH="18" VPOS="1474" HPOS="1586"/>
							<String ID="string_151" HPOS="1604" VPOS="1475" WIDTH="236" HEIGHT="38" WC="0.92" CONTENT="skrifmateri-"/><SP WIDTH="17" VPOS="1475" HPOS="1840"/>
							<String ID="string_152" HPOS="1857" VPOS="1489" WIDTH="66" HEIGHT="31" WC="0.90" CONTENT="Ang."/><SP WIDTH="31" VPOS="1489" HPOS="1923"/>
							<String ID="string_153" HPOS="1954" VPOS="1490" WIDTH="112" HEIGHT="30" WC="0.32" CONTENT="förslags-"/>
						</TextLine>
						<TextLine ID="line_20" HPOS="245" VPOS="1521" WIDTH="1820" HEIGHT="68">
							<String ID="string_154" HPOS="245" VPOS="1521" WIDTH="91" HEIGHT="37" WC="0.92" CONTENT="alier"/><SP WIDTH="28" VPOS="1521" HPOS="336"/>
							<String ID="string_155" HPOS="364" VPOS="1521" WIDTH="71" HEIGHT="37" WC="0.93" CONTENT="och"/><SP WIDTH="28" VPOS="1521" HPOS="435"/>
							<String ID="string_156" HPOS="463" VPOS="1535" WIDTH="195" HEIGHT="35" WC="0.88" CONTENT="expenser,"/><SP WIDTH="29" VPOS="1535" HPOS="658"/>
							<String ID="string_157" HPOS="687" VPOS="1522" WIDTH="73" HEIGHT="37" WC="0.92" CONTENT="ved"/><SP WIDTH="28" VPOS="1522" HPOS="760"/>
							<String ID="string_158" HPOS="788" VPOS="1537" WIDTH="48" HEIGHT="22" WC="0.92" CONTENT="m."/><SP WIDTH="22" VPOS="1537" HPOS="836"/>
							<String ID="string_159" HPOS="858" VPOS="1537" WIDTH="48" HEIGHT="23" WC="0.92" CONTENT="m."/><SP WIDTH="22" VPOS="1537" HPOS="906"/>
							<String ID="string_160" HPOS="928" VPOS="1524" WIDTH="189" HEIGHT="49" WC="0.93" CONTENT="uppförda"/><SP WIDTH="19" VPOS="1524" HPOS="1117"/>
							<String ID="string_161" HPOS="1136" VPOS="1525" WIDTH="369" HEIGHT="50" WC="0.92" CONTENT="förslagsanslagens"/><SP WIDTH="21" VPOS="1525" HPOS="1505"/>
							<String ID="string_162" HPOS="1526" VPOS="1527" WIDTH="180" HEIGHT="49" WC="0.95" CONTENT="ställning"/><SP WIDTH="18" VPOS="1527" HPOS="1706"/>
							<String ID="string_163" HPOS="1724" VPOS="1528" WIDTH="117" HEIGHT="37" WC="0.96" CONTENT="under"/><SP WIDTH="24" VPOS="1528" HPOS="1841"/>
							<String ID="string_164" HPOS="1865" VPOS="1524" WIDTH="126" HEIGHT="65" WC="0.27" CONTENT="res"/><SP WIDTH="-17" VPOS="1524" HPOS="1991"/>
							<String ID="string_165" HPOS="1974" VPOS="1521" WIDTH="91" HEIGHT="66" WC="0.16" CONTENT="jä"/>
						</TextLine>
						<TextLine ID="line_21" HPOS="245" VPOS="1573" WIDTH="1808" HEIGHT="54">
							<String ID="string_166" HPOS="245" VPOS="1578" WIDTH="126" HEIGHT="31" WC="0.96" CONTENT="senast"/><SP WIDTH="28" VPOS="1578" HPOS="371"/>
							<String ID="string_167" HPOS="399" VPOS="1573" WIDTH="180" HEIGHT="37" WC="0.96" CONTENT="förflutna"/><SP WIDTH="28" VPOS="1573" HPOS="579"/>
							<String ID="string_168" HPOS="607" VPOS="1577" WIDTH="39" HEIGHT="33" WC="0.96" CONTENT="år"/><SP WIDTH="27" VPOS="1577" HPOS="646"/>
							<String ID="string_169" HPOS="673" VPOS="1574" WIDTH="112" HEIGHT="37" WC="0.96" CONTENT="hafva"/><SP WIDTH="29" VPOS="1574" HPOS="785"/>
							<String ID="string_170" HPOS="814" VPOS="1588" WIDTH="235" HEIGHT="24" WC="0.96" CONTENT="revisorerna"/><SP WIDTH="27" VPOS="1588" HPOS="1049"/>
							<String ID="string_171" HPOS="1076" VPOS="1577" WIDTH="187" HEIGHT="37" WC="0.96" CONTENT="meddelat"/><SP WIDTH="27" VPOS="1577" HPOS="1263"/>
							<String ID="string_172" HPOS="1290" VPOS="1578" WIDTH="167" HEIGHT="49" WC="0.96" CONTENT="följande"/><SP WIDTH="28" VPOS="1578" HPOS="1457"/>
							<String ID="string_173" HPOS="1485" VPOS="1578" WIDTH="129" HEIGHT="37" WC="0.96" CONTENT="tabell:"/><SP WIDTH="257" VPOS="1578" HPOS="1614"/>
							<String ID="string_174" HPOS="1871" VPOS="1595" WIDTH="41" HEIGHT="22" WC="0.92" CONTENT="och"/><SP WIDTH="18" VPOS="1595" HPOS="1912"/>
							<String ID="string_175" HPOS="1930" VPOS="1601" WIDTH="123" HEIGHT="23" WC="0.89" CONTENT="expenser,"/>
						</TextLine>
					</TextBlock>
				</ComposedBlock>
				<ComposedBlock ID="cblock_6" HPOS="1886" VPOS="1630" WIDTH="142" HEIGHT="23">
					<TextBlock ID="block_7" HPOS="1886" VPOS="1630" WIDTH="142" HEIGHT="23">
						<TextLine ID="line_22" HPOS="1886" VPOS="1630" WIDTH="142" HEIGHT="23">
							<String ID="string_176" HPOS="1886" VPOS="1630" WIDTH="45" HEIGHT="22" WC="0.93" CONTENT="ved"/><SP WIDTH="16" VPOS="1630" HPOS="1931"/>
							<String ID="string_177" HPOS="1947" VPOS="1636" WIDTH="30" HEIGHT="17" WC="0.80" CONTENT="m."/><SP WIDTH="20" VPOS="1636" HPOS="1977"/>
							<String ID="string_178" HPOS="1997" VPOS="1637" WIDTH="31" HEIGHT="15" WC="0.89" CONTENT="m."/>
						</TextLine>
					</TextBlock>
				</ComposedBlock>
				<ComposedBlock ID="cblock_7" HPOS="287" VPOS="2301" WIDTH="1513" HEIGHT="46">
					<TextBlock ID="block_8" HPOS="287" VPOS="2301" WIDTH="1513" HEIGHT="46">
						<TextLine ID="line_23" HPOS="287" VPOS="2301" WIDTH="1513" HEIGHT="46">
							<String ID="string_179" HPOS="287" VPOS="2301" WIDTH="127" HEIGHT="42" WC="0.92" CONTENT="Bihang"/><SP WIDTH="24" VPOS="2301" HPOS="414"/>
							<String ID="string_180" HPOS="438" VPOS="2303" WIDTH="47" HEIGHT="31" WC="0.85" CONTENT="till"/><SP WIDTH="28" VPOS="2303" HPOS="485"/>
							<String ID="string_181" HPOS="513" VPOS="2302" WIDTH="106" HEIGHT="32" WC="0.79" CONTENT="Bilksd."/><SP WIDTH="23" VPOS="2302" HPOS="619"/>
							<String ID="string_182" HPOS="642" VPOS="2307" WIDTH="81" HEIGHT="36" WC="0.89" CONTENT="prot."/><SP WIDTH="30" VPOS="2307" HPOS="723"/>
							<String ID="string_183" HPOS="753" VPOS="2304" WIDTH="89" HEIGHT="31" WC="0.92" CONTENT="1911."/><SP WIDTH="48" VPOS="2304" HPOS="842"/>
							<String ID="string_184" HPOS="890" VPOS="2305" WIDTH="19" HEIGHT="30" WC="0.92" CONTENT="4"/><SP WIDTH="25" VPOS="2305" HPOS="909"/>
							<String ID="string_185" HPOS="934" VPOS="2304" WIDTH="95" HEIGHT="31" WC="0.89" CONTENT="Saml."/><SP WIDTH="48" VPOS="2304" HPOS="1029"/>
							<String ID="string_186" HPOS="1077" VPOS="2306" WIDTH="18" HEIGHT="30" WC="0.93" CONTENT="1"/><SP WIDTH="27" VPOS="2306" HPOS="1095"/>
							<String ID="string_187" HPOS="1122" VPOS="2305" WIDTH="76" HEIGHT="40" WC="0.89" CONTENT="Afd."/><SP WIDTH="47" VPOS="2305" HPOS="1198"/>
							<String ID="string_188" HPOS="1245" VPOS="2307" WIDTH="43" HEIGHT="30" WC="0.93" CONTENT="26"/><SP WIDTH="27" VPOS="2307" HPOS="1288"/>
							<String ID="string_189" HPOS="1315" VPOS="2306" WIDTH="89" HEIGHT="41" WC="0.90" CONTENT="Häft."/><SP WIDTH="376" VPOS="2306" HPOS="1404"/>
							<String ID="string_190" HPOS="1780" VPOS="2309" WIDTH="20" HEIGHT="31" WC="0.92" CONTENT="9"/>
						</TextLine>
					</TextBlock>
				</ComposedBlock>
			</PrintSpace>
		</Page>
	</Layout>
</alto>
