2266 2620
778 148 252 33 Statsutskottets
1051 148 165 34 utlåtande
1239 151 51 30 Nr
1312 151 52 32 29.
1785 153 38 32 13

276 224 153 39 flottans
458 226 140 37 station
627 227 11 36 i
668 226 219 38 Stockholm
915 228 119 49 jämte
1062 228 213 50 förklaring
1303 229 42 37 af
1370 230 280 50 fartygschefen
1678 234 21 34 å
1727 231 138 49 Magne

276 277 62 37 vid
367 277 63 38 det
448 278 286 49 ifrågavarande
749 280 176 48 tillfället,
946 280 188 50 kaptenen
1155 280 45 38 G.
1218 281 168 50 Celsing,
1409 282 154 37 anförde
1582 284 282 37 statsutskottet

274 329 63 37 vid
359 331 97 36 1910
477 333 59 35 års
560 330 165 50 riksdag,
743 336 54 32 att
824 332 185 38 utskottet
1036 334 115 37 funne
1185 333 72 37 den
1290 334 42 36 af
1359 335 234 37 revisorerna
1621 335 245 38 omförmälda

274 381 290 50 utbetalningen
605 383 42 37 af
683 383 227 39 skadestånd
951 385 57 36 till
1044 385 89 37 fullo
1167 386 160 49 förtjänt
1355 387 42 36 af
1421 386 71 37 den
1521 387 344 50 uppmärksamhet,

274 447 79 23 som
383 435 40 36 af
446 435 234 37 revisorerna
715 440 135 45 ägnats
885 436 228 38 densamma.
1169 437 133 37 Såsom
1330 439 43 36 af
1400 438 465 39 stationsbefälhafvarens

272 487 176 48 yttrande
475 487 11 36 i
515 487 154 37 ärendet
699 488 226 49 framginge,
954 489 96 37 hade
1074 490 143 49 jämväl
1245 490 444 38 stationsbefälhafvaren
1713 492 154 36 beaktat

274 538 154 49 frågans
456 538 234 51 principiella
718 539 203 50 betydelse,
950 541 11 36 i
990 541 62 37 det
1080 542 138 36 han
1183 534 29 63 —
1229 542 119 49 jämte
1377 542 245 38 meddelande
1642 549 54 31 att
1715 543 12 36 i
1745 544 120 49 regle-

276 596 140 32 mentet
458 591 59 37 för
557 591 170 38 marinen
768 593 194 36 föreskrift
1003 593 182 38 saknades
1228 608 73 34 om,
1329 595 96 36 huru
1461 595 231 38 beträffande
1733 595 130 38 skade-

274 644 211 49 ersättning
513 644 41 36 af
577 644 289 48 ifrågavarande
894 651 58 31 art
979 644 113 39 borde
1121 646 159 37 förfaras
1311 668 44 5 —
1387 647 145 48 uttalat,
1562 652 54 32 att
1643 647 93 37 deti
1755 647 109 50 fråga

273 707 60 25 om
375 695 230 38 skadestånd
641 696 148 37 utöfver
821 697 95 37 visst
949 697 284 52 minimibelopp
1262 712 90 24 vore
1379 699 177 50 lämpligt
1584 712 61 24 om
1674 700 191 37 föreskrift

272 746 137 38 funnes
438 747 140 46 därom,
609 753 56 32 att
692 749 162 49 anspråk
881 752 48 47 på
958 750 103 49 dylik
1094 751 222 50 ersättning,
1345 751 85 37 med
1458 752 198 48 undantag
1685 752 57 37 för
1768 752 96 37 visst

273 798 172 50 angifvet
460 800 75 48 fall,
552 800 272 38 underställdes
837 802 426 49 marinförvaltningens
1277 803 197 50 pröfning;
1492 804 70 36 och
1576 804 97 36 hade
1689 804 175 37 stations-

274 850 282 54 befälhafvaren
584 852 131 48 tillika,
744 853 292 39 vidkommande
1073 854 176 37 särskildt
1285 856 62 36 det
1375 869 49 23 nu
1454 855 260 50 föreliggande
1743 856 116 46 fallet,

274 903 215 48 framhållit,
519 910 54 31 att
600 904 286 50 undersökning
913 911 130 43 syntes
1071 906 93 37 böra
1191 911 72 44 äga
1290 921 95 34 rum,
1414 907 187 37 huruvida
1619 908 160 49 jagaren
1799 906 63 38 vid

271 955 165 38 tillfället
464 956 191 37 framförts
684 957 84 37 med
796 957 171 38 starkare
999 958 71 37 fart
1103 963 47 32 än
1179 960 371 49 omständigheterna
1579 959 132 37 behöft
1741 960 122 37 föran-

271 1007 93 37 leda.
420 1007 71 38 Till
532 1008 108 37 dessa
673 1009 465 38 stationsbefälhafvarens
1170 1010 220 38 uttalanden
1422 1012 87 37 ville
1537 1011 185 38 utskottet
1750 1013 11 35 i
1790 1011 72 38 alla

271 1059 102 37 delar
401 1061 146 36 ansluta
575 1061 72 49 sig.
702 1061 56 37 Då
787 1062 206 37 emellertid
1022 1064 40 35 af
1086 1063 63 36 det
1177 1064 155 36 anförda
1361 1064 70 36 och
1459 1064 99 36 hvad
1586 1063 278 50 handlingarna

270 1112 11 35 1
311 1112 117 48 öfrigt
455 1113 190 37 innehölle
674 1113 226 50 framginge,
921 1119 55 31 att
997 1114 244 38 förevarande
1261 1116 107 49 fråga
1383 1116 32 49 ej
1437 1116 146 37 mindre
1599 1129 88 24 vore
1708 1116 154 37 föremål

272 1165 56 36 för
354 1165 429 49 räkenskapskontorets
816 1166 63 36 vid
913 1167 185 36 stationen
1132 1167 11 35 i
1172 1166 219 38 Stockholm
1420 1168 70 37 och
1518 1167 343 38 stationsbefälhaf-

270 1229 136 24 varens
447 1217 334 49 uppmärksamhet
819 1222 48 32 än
908 1218 110 37 äfven
1055 1219 125 36 kunde
1213 1220 193 36 förväntas
1439 1219 117 37 blifva
1586 1219 208 37 behandlad
1823 1220 41 36 af

270 1268 282 37 vederbörande
594 1269 196 49 afdelning
830 1270 102 36 inom
969 1270 413 49 marinförvaltningen,
1411 1272 96 36 hade
1526 1271 184 37 utskottet
1738 1277 123 31 ansett

270 1320 61 48 sig
372 1320 133 36 endast
544 1320 91 37 böra
676 1321 99 36 hvad
810 1322 11 35 i
846 1322 152 37 ärendet
1027 1322 238 37 förekommit
1293 1324 58 36 för
1379 1323 220 48 Riksdagen
1627 1324 232 36 omförmäla.

401 1371 130 37 Såvidt
558 1373 235 36 revisorerna
826 1374 145 36 kunnat
997 1373 168 37 inhämta
1193 1374 93 37 hade
1316 1375 95 37 efter
1439 1375 98 37 hvad
1564 1375 62 37 vid
1646 1375 216 49 Riksdagen

271 1424 238 37 förekommit
537 1425 117 49 ingen
682 1438 123 24 annan
842 1426 136 48 åtgärd
1011 1426 11 36 i
1051 1426 102 37 detta
1186 1427 137 36 ärende
1351 1426 182 50 vidtagits
1562 1433 48 31 än
1639 1433 54 31 att
1722 1428 137 36 marin-

271 1476 298 48 förvaltningens
622 1477 322 37 revisionskontor
994 1479 82 35 från
1125 1478 413 50 räkenskapskontoret
1591 1479 64 37 vid
1708 1480 152 37 flottans

270 1528 138 37 station
436 1528 12 36 i
477 1528 218 37 Stockholm
738 1529 183 37 infordrat
960 1531 245 49 upplysning,
1242 1530 185 37 huruvida
1463 1534 118 47 några
1614 1532 174 50 åtgärder
1822 1532 41 35 af

270 1580 443 38 stationsbefälhafvaren
744 1582 179 48 vidtagits
952 1586 47 46 på
1026 1583 122 48 grund
1181 1584 41 35 af
1247 1583 280 37 ofvannämnda
1555 1584 240 48 utbetalning
1824 1584 41 36 af

269 1632 214 49 ersättning
526 1632 54 36 till
622 1632 142 50 brygg-
806 1634 70 36 och
914 1634 176 48 båtägare
1123 1634 12 36 i
1171 1634 149 48 Dalarö,
1351 1635 10 36 i
1391 1635 204 48 anledning
1632 1636 41 36 af
1706 1636 153 37 hvilken

270 1684 277 47 framställning
588 1684 411 49 räkenskapskontoret
1039 1686 11 35 i
1083 1686 172 49 afgifven
1292 1687 210 48 förklaring
1547 1687 174 37 hänvisat
1761 1688 96 36 revi-

268 1735 282 37 sionskontoret
578 1736 54 36 till
662 1736 444 38 stationsbefälhafvaren
1136 1738 57 36 för
1221 1738 191 36 vinnande
1440 1740 41 34 af
1506 1739 44 36 de
1574 1739 165 48 begärda
1766 1753 94 35 upp-

267 1786 260 49 lysningarna.

397 1839 57 36 Då
496 1839 277 38 vederbörande
809 1840 267 50 myndigheter
1109 1841 166 48 sålunda,
1310 1842 109 49 långt
1445 1843 99 36 ifrån
1572 1848 54 32 att
1655 1844 40 36 af
1720 1843 97 37 hvad
1848 1843 9 35 i

268 1891 157 36 ärendet
455 1890 59 37 vid
545 1891 218 49 Riksdagen
793 1892 239 37 förekommit
1061 1894 100 36 finna
1189 1894 61 48 sig
1278 1894 160 37 manade
1459 1900 53 31 att
1531 1895 159 49 kraftigt
1708 1895 150 49 ingripa

270 1943 56 36 för
353 1943 289 48 ifrågavarande
673 1944 296 48 angelägenhets
1002 1945 241 47 slutförande,
1273 1952 129 42 syntes
1431 1946 113 37 hafva
1571 1947 142 36 lämnat
1742 1947 115 36 saken

268 1998 20 32 å
315 1993 94 48 sido,
438 1994 96 36 hade
562 1995 235 37 revisorerna
824 2001 125 31 ansett
977 1996 59 49 sig
1064 1997 90 35 böra
1182 1996 95 38 fästa
1306 1998 234 48 Riksdagens
1562 1998 182 36 särskilda
1763 2011 94 36 upp-

268 2046 254 36 märksamhet
551 2049 21 32 å
600 2047 259 36 förhållandet.
1286 2054 2 3 |

395 2096 16 36 I
453 2097 175 37 häröfver
671 2098 69 36 den
776 2101 43 33 17
850 2098 146 48 januari
1030 2101 93 34 1911
1156 2100 160 48 afgifvet
1345 2102 192 35 utlåtande
1568 2102 65 36 har
1662 2103 195 35 marinför-

268 2147 220 49 valtningen
517 2149 124 36 anfört
668 2148 182 50 följande:

399 2200 37 35 »I
466 2199 105 49 fråga
601 2213 59 23 om
694 2201 96 36 hvad
820 2201 233 37 revisorerna
1082 2204 119 35 anfört
1236 2204 229 36 beträffande
1494 2210 52 31 ett
1577 2205 133 49 belopp
1731 2207 41 34 af
1792 2206 65 35 750

266 2251 149 48 kronor,
445 2265 79 23 som
568 2252 134 37 chefen
747 2254 55 35 för
840 2253 160 49 jagaren
1043 2255 138 48 Magne
1223 2255 118 37 under
1373 2256 86 36 dess
1493 2256 213 49 expedition
1736 2257 70 37 den
1837 2260 20 32 2
