1876 2814
240 133 18 29 2
641 138 379 30 Jordbruksutskottets
1047 138 175 30 utlåtande
1250 148 43 20 nr
1316 139 50 30 53.

290 219 30 40 2)
353 221 26 29 1:
394 222 62 28 265
478 230 41 20 av
542 221 79 29 herr
643 220 199 37 Ljungdahl
864 231 43 20 m.
931 222 49 36 fl.,
1003 221 221 36 likalydande
1250 222 79 29 med
1352 221 43 30 II:
1411 222 63 29 416
1498 231 42 20 av
1564 222 80 30 herr
1669 222 82 30 Gus-

246 270 115 37 tafson
384 271 11 30 i
417 271 150 36 Dädesjö
591 281 43 20 m.
658 271 48 37 fl.,
731 272 73 29 vari
827 272 202 34 hemställts,
1052 275 48 27 att
1123 272 184 36 riksdagen
1331 272 11 29 i
1366 273 169 29 samband
1558 273 79 30 med
1657 273 94 30 anvi-

251 322 108 29 sande
380 332 41 20 av
444 322 9 30 i
479 322 260 36 propositionen
762 333 43 20 nr
829 324 59 28 114
912 324 151 35 begärda
1086 324 110 29 medel
1217 323 52 29 till
1295 323 332 36 fruktodlingsskola
1649 323 105 31 måtte

250 374 109 29 uttala
383 373 50 36 sig
457 373 55 30 för
535 377 47 26 att
606 374 113 29 denna
743 373 97 30 skola
863 372 104 32 måtte
990 374 173 35 förläggas
1187 373 49 30 till
1262 374 216 35 Kronobergs
1503 374 75 30 läns
1600 373 153 31 hushåll-

249 422 271 36 ningssällskaps
540 424 167 34 egendom
727 424 155 29 Kurrebo
902 424 9 28 i
935 424 159 30 Urshults
1114 424 135 30 socken.

291 472 31 39 3)
354 473 122 29 II:420
502 483 42 20 av
573 473 120 30 herrar
717 473 106 30 förste
849 473 72 30 vice
949 474 201 29 talmannen
1179 474 210 35 Magnusson
1418 474 64 30 och
1511 474 204 30 Sundström
1742 475 10 29 i

250 524 144 36 Skövde,
415 524 72 30 vari
508 524 201 37 hemställts,
733 527 49 28 att
803 524 183 36 riksdagen
1007 524 105 31 måtte
1134 525 8 28 i
1163 525 187 36 anledning
1370 535 41 20 av
1433 525 258 35 propositionen
1713 535 41 20 nr

254 575 60 29 114
341 574 132 31 besluta
499 578 49 26 att
571 575 110 29 under
707 575 166 29 rubriken
898 574 502 36 Trädgårdsundervisningen:
1426 575 127 37 Bidrag
1578 576 48 30 till
1651 576 102 36 bygg-

249 625 229 29 nadsarbeten
503 625 57 30 vid
588 625 332 35 fruktodlingsskola
945 625 127 36 bevilja
1098 629 45 26 ett
1167 625 351 37 reservationsanslag
1544 636 42 20 av
1613 626 63 30 250
1690 627 63 29 000

250 675 138 30 kronor.

291 726 14 29 I
335 724 98 37 fråga
462 735 56 20 om
547 726 42 29 de
618 726 76 29 skäl
723 735 74 20 som
829 725 132 30 anförts
992 725 49 29 till
1072 725 75 30 stöd
1174 725 55 30 för
1256 726 216 30 motionerna
1504 725 53 30 får
1588 727 165 29 utskottet

246 776 146 30 hänvisa
410 776 51 30 till
477 776 109 30 dessa.

295 876 143 30 Jämlikt
464 877 121 35 Kungl.
613 876 118 39 Maj:ts
761 877 278 36 bemyndigande
1065 877 206 30 tillkallades
1301 878 66 29 den
1395 878 38 29 31
1463 887 92 21 mars
1587 878 82 29 1944
1696 877 56 31 då-

249 927 154 30 varande
430 927 321 30 statssekreteraren
781 928 35 29 B.
849 926 154 37 Näsgård
1032 931 49 26 att
1111 926 113 31 såsom
1256 927 285 36 utredningsman
1568 928 184 31 verkställa

249 976 263 37 överarbetning
535 987 43 20 av
604 987 42 20 en
670 987 43 20 av
741 978 351 35 lantbruksstyrelsen
1116 979 79 29 med
1219 978 164 30 skrivelse
1408 979 66 29 den
1503 979 36 29 11
1567 979 188 30 november

252 1027 83 30 1943
365 1028 224 29 överlämnad
617 1027 186 37 utredning
830 1029 79 29 med
938 1028 131 36 förslag
1097 1028 48 29 till
1172 1028 295 36 omorganisation
1494 1039 42 20 av
1567 1030 65 29 den
1662 1030 92 35 lägre

248 1076 484 37 trädgårdsundervisningen.
752 1078 75 30 Den
845 1078 42 30 30
903 1078 188 30 november
1112 1079 81 29 1945
1212 1079 64 29 har
1296 1079 363 38 utredningsmannen,
1679 1089 74 20 som

249 1127 59 30 vid
332 1128 218 35 fullgörande
574 1137 42 21 av
644 1129 156 30 nämnda
826 1128 159 36 uppdrag
1011 1128 134 31 biträtts
1172 1139 42 20 av
1242 1128 357 37 trädgårdsmästaren
1629 1130 41 30 H.
1698 1131 55 30 Jo-

248 1177 163 37 hansson,
437 1178 135 36 Lerum,
601 1177 544 37 trädgårdsskoleföreståndaren
1171 1179 34 30 G.
1235 1179 37 30 E.
1301 1179 156 37 Löfving,
1484 1179 155 39 Söråker,
1667 1181 86 29 lant-

247 1227 177 30 brukaren
460 1228 36 30 G.
535 1228 218 36 Martinsson,
793 1229 150 36 Urshult,
981 1228 413 36 trädgårdskonsulenten
1430 1230 35 30 G.
1503 1230 37 30 RB.
1567 1230 186 36 Ferlenius,

251 1278 239 37 Kristianstad,
518 1279 66 30 och
612 1279 237 30 sekreteraren
876 1279 10 29 i
914 1280 400 38 lantbruksakademien,
1347 1280 199 36 professorn
1575 1282 36 30 B.
1643 1281 36 31 R.
1709 1281 44 30 M.

249 1328 157 36 Torssell,
428 1329 177 30 avlämnat
625 1338 44 21 en
691 1329 233 36 promemoria
945 1331 81 29 med
1049 1330 183 36 utredning
1252 1331 66 29 och
1340 1331 128 36 förslag
1487 1332 150 30 rörande
1657 1340 96 28 orga-

248 1378 195 30 nisationen
478 1389 42 20 av
556 1379 66 30 den
655 1380 95 35 lägre
785 1378 473 38 trädgårdsundervisningen
1284 1381 65 29 och
1373 1381 381 37 lärlingsutbildningen

248 1433 91 26 samt
359 1429 121 30 härför
502 1429 225 37 erforderliga
749 1430 216 36 statsbidrag.

294 1475 91 35 Över
409 1480 256 37 promemorian
692 1481 47 30 ha
765 1482 183 35 yttranden
975 1481 144 36 avgivits
1147 1492 42 21 av
1217 1483 254 36 statskontoret,
1499 1484 251 36 lantbrukssty-

248 1532 121 35 relsen,
386 1531 356 37 byggnadsstyrelsen,
759 1532 429 37 riksmarskalksämbetet,
1207 1534 176 30 allmänna
1400 1534 266 36 lönenämnden,
1685 1538 65 27 sta-

248 1585 75 27 tens
345 1582 300 36 pensionsanstalt,
670 1584 167 34 styrelsen
862 1583 54 30 för
939 1583 387 36 lantbrukshögskolan,
1352 1584 398 35 lantbruksakademien,

248 1633 422 36 vetenskapsakademien,
712 1633 407 37 förvaltningsutskotten
1157 1634 62 31 hos
1259 1633 441 38 hushållningssällskapen
1741 1636 10 30 i

250 1683 217 31 Stockholms
489 1684 59 30 län
568 1684 66 29 och
657 1684 86 35 stad,
768 1684 216 36 Kronobergs
1008 1685 67 35 län,
1101 1684 247 31 Kristianstads
1370 1685 58 30 län
1449 1686 66 29 och
1539 1685 214 37 Skaraborgs

248 1735 58 28 län
333 1735 89 28 samt
447 1735 204 35 styrelserna
679 1735 56 29 för
760 1734 146 36 Alnarps
933 1735 207 35 lantbruks-,
1169 1734 133 38 mejeri-
1331 1736 65 30 och
1422 1735 327 37 trädgårdsinstitut,

248 1784 166 31 Adelsnäs
432 1783 290 37 trädgårdsskola,
741 1784 189 32 Norrlands
948 1784 280 37 trädgårdsskola
1247 1786 10 30 i
1276 1785 156 37 Söråker,
1452 1781 194 37 Önnestads
1664 1788 86 29 lant-

249 1836 238 35 mannaskola,
510 1836 328 29 lantmannaskolan
861 1836 10 29 i
893 1836 89 30 Jälla
1002 1837 67 29 och
1091 1837 328 30 lantmannaskolan
1441 1837 57 31 vid
1521 1837 107 31 Umeå
1651 1839 100 28 även-

248 1895 75 21 som
342 1895 41 21 av
402 1889 46 27 ett
464 1886 115 30 flertal
596 1886 375 36 yrkesorganisationer
990 1887 66 29 och
1076 1887 361 36 sammanslutningar.

294 1934 386 36 Departementschefen
705 1936 65 29 har
791 1953 45 3 —
859 1935 85 30 efter
967 1936 214 35 redogörelse
1207 1936 56 31 för
1288 1936 370 38 utredningsmannens
1686 1937 68 31 för-

247 1986 73 34 slag
349 1989 89 26 samt
469 1986 145 29 däröver
642 1985 147 36 avgivna
819 1986 184 35 yttranden
1032 2003 45 3 —
1107 1986 115 30 anfört
1252 1988 65 28 och
1353 1987 175 36 föreslagit
1556 1987 156 36 följande
1741 1988 11 30 i

245 2035 154 30 ärendet:

293 2086 94 29 »Den
407 2087 145 29 svenska
573 2085 343 37 trädgårdsodlingen
934 2087 66 30 har
1019 2088 110 29 under
1146 2088 66 29 den
1234 2091 134 27 senaste
1388 2088 220 31 mansåldern
1630 2089 10 30 i
1662 2099 89 20 sam-

244 2136 96 31 band
367 2138 78 29 med
471 2138 42 29 de
538 2136 252 39 förändringar,
817 2147 75 21 som
920 2138 398 31 konsumtionsvanorna
1346 2139 190 38 undergått,
1563 2141 193 29 utvecklats

247 2186 50 30 till
321 2196 41 20 en
385 2186 105 37 viktig
512 2187 225 36 näringsgren
759 2187 96 30 såväl
879 2191 78 29 med
979 2189 137 36 hänsyn
1137 2188 49 30 till
1207 2189 52 30 sin
1281 2189 175 36 betydelse
1477 2190 55 31 för
1556 2190 74 30 vårt
1651 2191 99 29 lands

245 2237 408 38 livsmedelsförsörjning
676 2248 75 21 som
776 2249 40 20 ur
843 2238 464 38 sysselsättningssynpunkt.
1335 2241 119 30 Ehuru
1480 2241 273 36 trädgårdssköt-

243 2288 75 30 seln
343 2289 9 29 i
376 2289 154 29 växande
553 2288 239 38 utsträckning
816 2289 145 31 kommit
987 2293 48 27 att
1058 2290 155 30 bedrivas
1239 2289 114 31 såsom
1377 2301 42 21 en
1444 2291 225 37 självständig
1693 2293 59 29 nä-

246 2337 185 37 ringsgren,
455 2340 64 28 har
543 2340 66 29 den
635 2339 106 31 likväl
764 2339 9 30 i
798 2339 90 31 vissa
913 2340 192 30 avseenden
1131 2341 63 30 och
1220 2340 95 31 inom
1339 2340 90 31 vissa
1456 2343 93 29 delar
1572 2352 42 20 av
1637 2342 116 30 landet

243 2386 179 32 bibehållit
450 2388 51 31 sin
530 2390 240 36 ursprungliga
797 2391 165 29 karaktär
989 2400 41 20 av
1056 2390 157 38 binäring
1241 2391 50 30 till
1319 2393 55 29 det
1400 2392 165 36 egentliga
1592 2393 159 36 jordbru-

244 2438 67 30 ket.
336 2439 14 29 I
374 2440 183 35 synnerhet
580 2440 95 30 torde
696 2441 94 29 detta
815 2441 89 36 gälla
927 2440 110 31 frukt-
1061 2441 65 30 och
1147 2441 236 37 bärodlingen,
1410 2452 73 21 som
1509 2442 162 37 erbjuder
1692 2442 55 31 be-
