2252 2634
480 164 20 28 4
851 167 380 43 Bevillningsutskottets
1253 174 215 35 Betänkande
1491 179 62 32 N:o
1575 183 51 29 33.

436 247 84 38 icke
561 249 88 37 fullt
693 252 109 45 1,200
842 254 250 48 sysselsättas
1121 258 89 37 med
1239 261 190 50 egentligt
1451 264 362 48 jordbruksarbete.
1866 273 85 37 Den
1979 287 79 24 om-

437 298 182 50 fattning,
649 314 81 23 som
761 303 259 40 anställandet
1048 307 42 36 af
1114 308 132 49 dylika
1275 311 176 39 arbetare
1480 319 93 44 nått,
1603 330 116 37 synes
1735 323 214 38 emellertid
1973 324 84 38 icke

435 362 93 24 vara
568 351 132 37 alltför
740 352 231 50 betydande,
1013 357 48 37 då
1091 372 89 23 man
1204 365 111 45 tager
1339 363 11 36 i
1374 364 268 52 betraktande,
1669 375 55 31 att
1759 371 3 36 i
1791 374 196 38 Danmark
2016 379 40 34 år

438 401 94 35 1907
563 401 141 37 funnos
733 404 191 39 anställda
951 406 85 38 icke
1064 408 150 38 mindre
1243 417 47 31 än
1320 415 109 46 6,647
1455 416 136 49 polska
1605 420 72 36 och
1692 422 188 47 galiziska
1896 431 160 44 säsong-

434 450 189 48 arbetare,
653 452 43 37 af
718 453 148 39 hvilket
893 458 104 36 antal
1022 460 46 35 94
1097 467 162 41 procent
1286 466 250 47 sysselsattes
1554 469 11 35 i
1579 469 360 55 jordbruksarbete,
1956 484 99 30 samt

433 505 56 31 att
513 501 74 37 den
615 503 268 48 regelbundna
908 508 121 48 årliga
1058 512 267 50 strömningen
1354 516 42 36 af
1415 517 138 48 polska
1581 521 71 36 och
1669 522 189 48 galiziska
1878 527 175 38 arbetare

432 550 57 36 till
529 552 200 49 Tyskland
770 556 71 37 och
881 558 160 39 tillbaka
1081 561 60 37 för
1178 567 243 36 närvarande
1462 568 191 41 beräknas
1683 574 162 38 omfatta
1874 578 179 51 omkring

432 603 163 46 300,000
622 617 197 36 personer.

567 654 75 37 Vid
681 657 167 38 anställd
888 659 305 54 undersökning,
1235 665 190 40 huruvida
1468 670 72 37 och
1577 672 11 35 i
1629 676 43 35 så
1704 674 68 38 fall
1800 677 97 36 efter
1922 678 130 39 hvilka

429 704 172 48 grunder
639 705 298 51 ifrågavarande
979 711 175 39 arbetare
1196 720 65 32 äro
1303 718 286 41 underkastade
1627 724 334 53 skattskyldighet
1992 730 57 36 till

430 759 78 32 stat
548 756 72 36 och
659 757 196 48 kommun,
895 760 69 38 har
1006 763 189 39 utskottet
1233 770 49 46 på
1309 769 243 40 framställda
1580 773 290 54 förfrågningar
1898 780 152 38 erhållit

429 804 171 49 följande
627 807 294 52 upplysningar.

563 856 18 37 I
608 857 194 39 Preussen
825 861 124 38 finnas
977 863 84 38 icke
1085 868 122 46 några
1236 869 191 39 särskilda
1455 872 295 41 bestämmelser
1770 882 200 46 angående
1991 887 57 32 ut-

427 906 164 37 ländska
633 911 343 48 säsongarbetares
1014 914 341 54 skattskyldighet.
1411 922 301 42 Vederbörande
1742 925 306 61 skattemyndig-

426 957 111 37 heter
564 958 116 38 hafva
709 960 69 37 där
806 963 137 37 endast
971 970 56 31 att
1052 966 103 38 hålla
1180 968 61 49 sig
1259 970 56 36 till
1332 972 183 48 gällande
1533 975 195 40 allmänna
1742 979 303 52 bestämmelser,

426 1007 124 50 enligt
586 1009 131 38 hvilka
746 1011 250 52 utländingar
1023 1021 65 32 äro
1117 1018 182 51 skyldiga
1327 1027 56 32 att
1411 1024 160 50 erlägga
1599 1027 289 52 inkomstskatt,
1917 1034 129 37 därest

425 1057 47 37 de
502 1064 65 31 äro
596 1060 155 39 bosatta
778 1063 11 36 i
813 1063 192 39 Preussen
1035 1067 92 37 eller
1155 1070 69 36 där
1252 1073 207 48 uppehålla
1488 1076 61 49 sig
1576 1078 187 51 antingen
1781 1082 59 37 för
1856 1088 54 32 att
1923 1084 122 38 skaffa

425 1108 61 50 sig
510 1110 172 37 utkomst
710 1112 94 38 eller
831 1115 123 38 under
980 1116 134 50 längre
1142 1120 57 37 tid
1228 1126 48 32 än
1304 1128 55 31 ett
1374 1127 50 35 år.
1480 1126 309 43 Vidkommande
1805 1133 240 39 kommunal-

426 1159 154 38 skatten
622 1163 174 49 stadgas,
837 1171 56 31 att
932 1167 228 50 inflyttande
1202 1185 185 35 personer
1424 1174 166 48 (oafsedt
1616 1182 255 49 nationalitet)
1901 1185 142 49 kunna,

425 1210 114 37 äfven
581 1225 61 23 om
685 1213 47 37 de
774 1215 83 38 icke
898 1217 151 39 bosätta
1081 1220 61 50 sig
1169 1222 12 36 i
1210 1223 246 51 kommunen,
1484 1228 12 36 i
1524 1228 122 39 likhet
1670 1234 87 36 med
1787 1234 255 41 kommunens

423 1261 126 50 öfriga
590 1263 253 40 medlemmar
881 1269 258 39 underkastas
1181 1271 221 42 beskattnin
1435 1307 9 18 »
1484 1279 130 38 därest
1655 1283 48 37 de
1742 1286 208 49 uppehålla
1982 1288 61 50 sig

422 1311 103 38 inom
555 1313 235 40 kommunen
819 1317 134 50 längre
981 1320 55 37 tid
1065 1326 47 33 än
1141 1328 58 32 tre
1229 1327 193 38 månader.

558 1357 130 44 Åfven
725 1367 11 35 i
776 1368 197 39 Danmark
1015 1371 55 37 lär
1097 1373 209 40 utländska
1334 1381 346 47 säsongarbetares
1709 1385 332 53 skattskyldighet

421 1414 174 48 regleras
625 1416 123 49 enligt
770 1418 182 49 gällande
981 1421 194 40 allmänna
1205 1425 304 53 bestämmelser,
1537 1433 153 38 hvilkas
1718 1435 170 40 innehåll
1915 1439 11 36 i
1955 1441 86 36 huf-

420 1465 153 37 vudsak
597 1466 370 42 öfverensstämmer
994 1474 87 36 med
1111 1479 272 38 motsvarande
1412 1484 225 46 preussiska
1665 1487 258 49 stadganden.

555 1517 18 35 I
615 1518 215 39 Frankrike
869 1522 143 38 saknas
1050 1524 188 40 likaledes
1269 1531 165 37 särskild
1464 1533 382 55 skattelagstiftning
1872 1542 165 37 rörande

419 1564 261 52 utländingar.
735 1570 227 40 Emellertid
1002 1574 81 38 lära
1125 1578 209 39 utländska
1372 1585 325 48 säsongarbetare
1735 1588 120 39 blifva
1897 1593 139 36 under-

419 1616 162 38 kastade
617 1619 105 38 skatt
758 1621 58 37 till
857 1629 128 32 staten
1013 1626 139 38 endast
1180 1630 123 37 under
1326 1631 76 38 den
1430 1634 293 53 förutsättning,
1749 1645 56 31 att
1833 1641 47 37 de
1910 1643 75 37 den
2015 1646 17 34 1

411 1666 155 49 Januari
595 1674 65 32 äro
686 1670 151 40 bosatta
864 1674 12 36 i
904 1674 213 40 Frankrike
1146 1679 95 37 eller
1269 1682 231 40 åtminstone
1525 1687 64 37 vid
1617 1689 125 48 sagda
1769 1690 182 51 tidpunkt
1978 1694 58 37 för

417 1717 59 36 sin
501 1719 167 50 räkning
696 1721 83 38 haft
807 1737 46 23 en
883 1724 346 53 bostadslägenhet
1252 1731 158 51 förhyrd
1435 1735 102 38 inom
1557 1737 143 39 landet.
1755 1741 121 38 Dånu
1892 1743 143 50 ifråga-

416 1770 171 37 varande
629 1771 176 39 arbetare
846 1777 249 47 sysselsättas
1133 1780 331 53 hufvudsakligen
1489 1788 121 37 under
1638 1804 170 25 sommar
1836 1794 72 36 och
1935 1790 98 58 höst,

415 1818 122 39 blifva
574 1821 59 47 de,
663 1824 195 48 praktiskt
880 1832 121 44 taget,
1035 1828 72 38 fria
1130 1831 87 37 från
1242 1838 55 32 att
1321 1835 162 51 erlägga
1511 1840 216 39 statsskatt.
1783 1844 251 38 Kommunal-

415 1869 155 38 skatten
594 1877 157 45 uttages
778 1875 12 36 i
818 1876 96 38 visst
942 1878 241 41 förhållande
1212 1883 57 37 till
1298 1888 267 50 statsskatten,
1594 1894 42 34 så
1664 1898 56 31 att
1749 1894 86 47 den,
1860 1908 81 23 som
1963 1899 70 46 går

415 1920 49 36 fri
505 1921 60 37 för
606 1922 128 39 denna
775 1926 114 49 skatt,
928 1928 72 38 blir
1041 1931 113 37 äfven
1192 1933 169 52 fritagen
1397 1938 82 37 från
1508 1941 256 50 erläggandet
1791 1946 43 35 af
1858 1945 173 39 kommu-

414 1971 186 39 nalskatt.

549 2023 76 38 För
667 2025 181 51 Sveriges
898 2030 300 41 vidkommande
1244 2041 42 32 är
1321 2037 48 37 de
1409 2039 207 40 utländska
1656 2046 373 48 säsongarbetarnes

411 2072 335 53 skattskyldighet
783 2079 147 47 jämväl
972 2087 55 31 att
1064 2083 165 40 bedöma
1272 2088 98 37 efter
1405 2090 183 49 gällande
1626 2094 196 39 allmänna
1863 2098 166 38 bestäm-

412 2123 153 39 melser.
620 2127 136 49 Enligt
783 2130 517 56 bevillningsförordningen
1327 2144 65 32 äro
1421 2141 248 51 utländingar
1693 2145 180 52 skyldiga
1901 2154 56 32 att
1971 2155 58 31 ut-

410 2179 97 44 göra
544 2176 387 55 inkomstbevillning
968 2184 12 35 i
1022 2184 170 49 följande
1234 2189 79 48 fall,
1343 2192 213 50 nämligen:
1585 2195 217 51 utländing,
1837 2212 81 24 som
1948 2206 35 31 är
2016 2202 11 36 i

411 2224 100 38 riket
535 2226 141 51 bosatt,
706 2230 199 39 äfvensom
936 2234 120 38 sådan
1083 2237 218 52 utländing,
1330 2241 177 39 hvilkens
1535 2244 158 39 vistelse
1707 2247 69 37 här
1795 2255 92 33 utan
1905 2252 121 37 andra
