1908 2796
546 142 287 33 Statsutskottets
857 140 184 33 memorial
1065 140 52 31 Nr
1142 142 70 29 170.
1563 140 17 28 1

792 525 57 40 Nr
879 523 87 41 170.

684 654 113 24 Ankom
816 654 44 24 till
880 653 162 31 riksdagens
1061 652 90 23 kansli
1171 651 54 24 den
1248 652 9 22 1
1279 652 59 29 juni
1360 652 65 22 1926
1445 650 37 24 kl.
1505 651 29 23 12
1554 657 36 16 m.

231 758 189 33 Memorial
443 758 12 31 i
479 757 191 36 anledning
705 765 44 22 av
784 755 207 31 kamrarnas
1025 752 208 38 skiljaktiga
1266 752 113 32 beslut
1402 753 12 30 i
1436 751 101 37 fråga
1570 761 57 21 om

432 809 128 32 väckta
585 810 175 30 motioner
783 817 58 21 om
866 806 161 37 tillfällig
1051 805 296 36 löneförbättring
1370 805 37 31 åt
1430 804 114 31 lärare
1568 804 59 30 vid

432 862 91 36 folk-
547 861 65 32 och
635 860 198 32 småskolor
856 861 92 29 samt
970 858 107 37 högre
1101 857 206 36 folkskolor.

1407 917 62 36 (2:a
1494 916 90 36 avd.)

167 1048 18 31 I
207 1046 60 32 två
290 1043 219 38 likalydande
532 1042 174 35 motioner,
731 1041 124 31 väckta
878 1039 63 32 den
964 1049 62 21 ena
1049 1040 93 30 inom
1159 1039 105 31 första
1280 1038 196 31 kammaren
1492 1047 44 21 av
1552 1037 77 30 herr

122 1102 33 31 J.
180 1100 37 31 P.
241 1099 214 34 Johansson,
488 1106 43 21 nr
565 1096 73 35 109,
673 1094 61 32 och
768 1093 64 32 den
866 1093 106 31 andra
1006 1093 92 30 inom
1126 1092 107 31 andra
1268 1092 194 30 kammaren
1485 1100 43 21 av
1552 1090 77 30 herr

123 1154 41 31 R.
192 1152 198 37 Wagnsson
425 1159 45 21 m.
494 1149 51 35 fl.,
579 1157 44 21 nr
657 1147 73 35 215,
766 1146 96 31 vilka
896 1145 164 31 motioner
1092 1144 178 31 hänvisats
1292 1143 56 31 till
1370 1142 259 31 statsutskottets

124 1203 240 34 förberedande
388 1201 219 35 behandling,
631 1199 85 31 hade
739 1198 202 35 hemställts,
965 1199 49 29 att
1037 1196 183 36 riksdagen
1243 1197 105 30 måtte

167 1257 72 31 dels
274 1255 171 36 medgiva,
480 1254 49 30 att
563 1252 155 36 tillfällig
748 1250 284 35 löneförbättring
1055 1250 57 29 må
1135 1249 53 30 för
1211 1248 93 31 tiden
1327 1248 19 30 1
1370 1247 64 36 juli
1458 1245 170 32 1926—30

123 1310 78 38 juni
225 1308 83 31 1927
333 1307 84 36 utgå
440 1305 55 31 till
517 1305 110 30 lärare
650 1304 59 30 vid
733 1303 85 31 folk-
841 1302 61 31 och
926 1301 182 31 småskolor
1132 1301 89 30 samt
1237 1300 102 36 högre
1355 1299 182 31 folkskolor
1553 1297 76 31 med

125 1361 149 38 följande
297 1359 136 36 belopp:

167 1414 58 32 till
248 1411 176 32 ordinarie
447 1409 132 36 manlig
602 1407 258 32 folkskollärare
882 1406 61 30 500
960 1405 136 35 kronor,
1113 1405 54 30 till
1184 1404 170 31 ordinarie
1369 1402 160 36 kvinnlig
1546 1401 84 31 folk-

124 1467 186 31 skollärare
335 1463 62 31 425
421 1463 137 34 kronor,
581 1460 53 31 till
658 1459 171 32 ordinarie
852 1459 109 30 lärare
978 1457 58 31 vid
1053 1456 169 32 småskola
1238 1455 63 31 300
1318 1456 132 34 kronor,
1467 1454 55 31 till
1537 1455 94 29 extra

126 1518 169 33 ordinarie
319 1516 62 32 och
405 1513 238 33 vikarierande
665 1512 131 36 manlig
821 1510 260 32 folkskollärare
1104 1509 62 31 375
1190 1509 135 34 kronor,
1349 1507 54 31 till
1426 1508 96 30 extra
1546 1501 86 45 ordi-

125 1572 94 32 narie
242 1570 62 31 och
328 1566 237 33 vikarierande
590 1565 161 35 kvinnlig
775 1563 256 31 folkskollärare
1052 1562 62 30 325
1131 1562 134 34 kronor,
1282 1560 55 31 till
1351 1561 94 30 extra
1462 1558 170 31 ordinarie

125 1625 61 31 och
210 1620 236 34 vikarierande
469 1620 109 30 lärare
603 1617 58 31 vid
685 1616 170 32 småskola
872 1616 61 30 225
951 1615 133 35 kronor,
1101 1614 56 31 till
1174 1613 167 31 ordinarie
1357 1612 132 35 manlig
1505 1613 127 28 ämnes-

125 1677 108 30 lärare
268 1674 60 31 vid
361 1673 102 35 högre
498 1670 168 31 folkskola
701 1669 62 30 600
797 1669 134 34 kronor,
955 1667 54 31 till
1032 1666 171 31 ordinarie
1227 1664 159 36 kvinnlig
1408 1663 225 31 ämneslärare

126 1728 58 31 vid
208 1728 103 35 högre
334 1724 170 32 folkskola
529 1723 62 30 500
615 1722 135 35 kronor,
775 1721 54 30 till
854 1721 95 29 extra
972 1718 171 31 ordinarie
1165 1717 62 31 och
1250 1715 237 32 vikarierande
1502 1714 131 35 manlig

125 1779 228 33 ämneslärare
376 1776 76 31 med
475 1775 65 31 full
562 1773 231 37 tjänstgöring
817 1771 60 32 vid
899 1771 104 36 högre
1026 1770 169 31 folkskola
1220 1769 61 30 500
1305 1769 133 34 kronor,
1462 1767 53 30 till
1539 1768 95 29 extra

127 1831 170 33 ordinarie
332 1829 62 31 och
429 1826 240 33 vikarierande
696 1824 164 36 kvinnlig
883 1823 226 31 ämneslärare
1133 1821 75 31 med
1232 1820 63 31 full
1321 1819 227 37 tjänstgöring
1572 1818 57 30 vid

125 1885 107 36 högre
255 1881 172 32 folkskola
451 1880 62 30 450
537 1880 126 30 kronor
685 1877 63 31 och
772 1877 52 30 för
847 1876 175 30 timlärare
1045 1874 59 31 vid
1128 1874 102 35 högre
1255 1872 167 31 folkskola
1440 1872 39 30 15
1497 1871 136 36 procent

127 1947 43 21 av
194 1946 48 21 nu
266 1933 168 37 utgående
457 1932 166 35 avlöning
646 1929 76 32 med
746 1930 47 30 ett
816 1928 195 31 maximum
1035 1936 43 21 av
1102 1926 62 31 470
1188 1925 127 31 kronor
1337 1924 54 30 för
1414 1923 133 35 manlig
1572 1922 60 30 och

129 1989 62 31 420
216 1988 127 30 kronor
366 1986 54 30 för
443 1984 162 35 kvinnlig
629 1983 119 34 lärare,

171 2040 71 32 dels
274 2039 62 31 ock
369 2038 52 30 för
444 2036 194 31 ändamålet
660 2034 123 31 anvisa
806 2033 52 30 för
882 2031 198 36 budgetåret
1104 2030 83 31 1926
1216 2047 5 3 —
1235 2029 83 31 1927
1342 2028 173 35 behövligt
1538 2028 96 29 extra

127 2091 278 37 förslagsanslag.

170 2143 261 33 Statsutskottet
465 2141 86 31 hade
574 2141 13 30 i
610 2140 58 31 sitt
704 2137 175 33 utlåtande
909 2147 41 21 nr
974 2136 61 31 155
1060 2134 184 35 hemställt,
1268 2135 50 29 att
1341 2132 181 36 riksdagen
1545 2132 13 29 i
1580 2141 57 20 an-

130 2198 141 34 ledning
306 2205 44 21 av
385 2193 143 32 berörda
550 2193 166 30 motioner
739 2191 105 30 måtte
868 2190 12 30 i
903 2188 163 31 skrivelse
1089 2187 55 30 till
1169 2186 131 36 Kungl.
1324 2185 98 36 Maj:t
1444 2183 191 31 hemställa,

128 2250 56 31 det
206 2247 133 37 Kungl.
373 2246 101 36 Maj:t
498 2245 128 31 täcktes
650 2246 80 34 taga
753 2242 108 31 under
884 2238 236 38 övervägande
1144 2238 75 31 dels
1242 2236 172 32 huruvida
1437 2237 49 29 ett
1509 2235 127 35 förslag

128 2302 56 31 till
219 2300 159 32 definitiv
412 2297 247 36 lönereglering
694 2296 53 30 för
774 2295 110 30 lärare
907 2292 61 32 vid
992 2292 84 30 folk-
1098 2291 62 30 och
1184 2289 186 31 småskolor
1394 2289 103 30 måtte
1521 2287 117 30 kunna

130 2353 110 31 under
263 2352 40 31 de
327 2352 174 30 närmaste
523 2351 83 29 åren
629 2348 211 35 framläggas
863 2346 52 30 för
939 2344 191 35 riksdagen,
1155 2342 74 32 dels
1246 2341 65 32 ock
1327 2340 182 35 huruvida,
1527 2339 111 31 därest

130 2407 50 30 ett
203 2405 122 31 sådant
349 2403 130 36 förslag
503 2402 73 31 icke
599 2401 94 31 inom
716 2399 111 31 denna
850 2398 52 31 tid
925 2396 113 32 kunde
1061 2395 222 36 framläggas,
1306 2403 41 21 en
1370 2392 156 36 tillfällig
1550 2392 89 29 löne-

132 2457 210 35 förbättring
365 2457 107 30 måtte
495 2455 120 30 kunna
637 2452 140 32 beredas
800 2449 152 33 nämnda
975 2450 119 30 lärare.

132 2520 108 30 Bihang
257 2520 40 24 till
313 2518 167 30 riksdagens
496 2516 141 31 protokoll
654 2515 76 25 1926.
770 2517 15 23 6
805 2515 80 24 saml.
923 2514 34 23 99
978 2513 69 30 häft.
1083 2507 53 29 (Nr
1157 2511 159 29 170—171.)
1589 2505 10 23 1
