2232 2628
385 210 41 31 28
887 215 256 30 Bankoutskottets
1166 217 160 29 Memorial
1348 218 60 29 N:o
1432 219 48 28 13.

491 291 38 36 »I
572 292 100 36 dessa
713 306 165 23 summor
906 293 106 49 ingår
1041 294 140 36 ändock
1212 295 79 36 icke
1320 297 342 48 vexlingsrörelsen,
1694 311 75 23 som
1799 300 183 50 betydligt

383 344 113 44 ökats,
544 345 174 36 särskildt
760 359 131 36 genom
934 348 44 35 de
1021 347 39 36 år
1105 350 99 36 1896
1249 349 68 35 här
1348 350 13 34 i
1389 351 128 35 staden
1545 351 182 36 inrättade
1758 354 78 35 2:ne
1865 354 113 36 aktie-

384 398 150 45 banker,
575 399 127 36 hvilka
744 399 59 36 för
844 401 54 35 sin
941 402 135 35 rörelse
1115 402 170 36 använda
1328 403 240 37 riksbankens
1610 405 121 36 sedlar
1759 407 66 35 och
1855 407 125 36 derför

384 451 172 50 dagligen
585 451 111 37 hafva
724 458 118 32 större
870 454 305 49 vexlingsaffärer
1204 456 84 35 med
1316 457 181 36 kontoret.

494 506 147 49 »Enligt
682 506 151 50 uppgift
873 507 81 36 från
989 509 169 35 kassören
1187 510 97 35 skall
1312 511 298 48 sedelvexlingen
1640 513 140 35 mellan
1809 514 171 36 kontoret

383 558 67 36 och
494 560 168 48 samtliga
704 562 121 47 öfriga
865 563 140 34 banker
1046 564 200 35 merendels
1289 563 124 50 uppgå
1445 566 60 34 till
1541 568 20 34 2
1593 565 21 36 åa
1643 568 167 43 300,000
1840 568 139 51 kronor

386 612 185 49 dagligen,
599 613 137 37 hvaraf
761 616 110 34 minst
904 617 164 43 100,000
1098 617 137 35 kronor
1264 619 150 46 utgöras
1442 618 42 36 af
1508 619 143 36 mindre
1680 621 127 35 sedlar.
1853 620 125 38 Äfven

384 666 51 35 in-
465 667 68 35 och
563 668 240 48 utvexlingen
832 667 39 37 af
897 668 235 50 silfvermynt
1159 674 39 31 är
1226 671 136 48 ganska
1391 677 87 30 stor.

489 719 37 36 »I
560 719 167 37 afseende
750 720 54 49 på
837 722 42 35 de
908 723 178 35 särskilda
1114 736 136 36 grenar
1279 724 40 35 af
1344 725 188 36 kontorets
1561 727 243 45 verksamhet,
1833 728 145 36 hvilkas

382 773 154 37 tillväxt
565 773 126 37 blifvit
718 773 59 38 för
805 776 169 36 kassören
1004 782 93 31 mest
1127 778 245 49 betungande,
1396 778 57 37 får
1473 781 178 47 styrelsen
1672 782 122 34 lemna
1818 780 160 50 följande

383 826 192 50 uppgifter
603 828 11 35 i
643 828 121 36 runda
792 830 64 35 tal.

1442 937 91 28 MANETEN
1538 937 13 28 FER
1557 937 17 28 Sr
1585 937 27 28 JE
1620 937 15 28 AE
1638 937 23 28 RE
1676 937 25 28 EE
1711 937 32 28 MAIA
1750 937 18 28 SMR
1783 937 29 28 EA
1814 937 36 28 FA
1855 937 11 28 MA
1870 937 22 28 FRA
1902 937 13 28 EN
1923 937 60 28 MER

1386 988 22 13 i
1672 972 39 35 År
1726 981 66 27 1898
1812 984 18 25 t.
1849 990 24 19 o.
1893 991 36 18 m.

1392 997 37 26 Ar
1450 997 76 28 1893.
1676 1017 26 26 d.
1725 1017 31 26 10
1776 1018 148 27 december.

499 1138 13 6 N
1264 1111 13 50 fl
1369 1116 113 43 2,434
1511 1120 43 31 st.
1718 1119 111 42 5,328
1860 1123 41 30 st.

427 1134 205 37 Utfärdade
661 1137 216 47 postvexlar
905 1167 350 8 ...........eeees0
1263 1165 89 52 Ukr.
1404 1170 203 43 9,400,000
1645 1170 53 37 |kr.
1722 1173 233 43 56,200,000

428 1215 247 49 Insättningar
703 1215 22 36 å
752 1215 522 51 folio-räkningar..................
1326 1233 7 23 >
1376 1223 231 43 10,200,000
1621 1211 20 62 1!
1662 1236 18 23 »
1720 1226 234 43 22,200,000

429 1268 117 50 Uttag
705 1282 19 23 »
884 1283 18 23 »
1186 1303 90 6 ..]
1317 1287 16 23 >
1399 1277 210 44 8,100,0001
1662 1290 17 23 »
1720 1280 234 43 23,900,000

428 1321 285 51 Utbetalningar
747 1322 58 37 för
837 1324 203 49 insättning
1068 1303 27 58 å
1119 1303 160 72 löpande

536 1377 203 49 räkningen
768 1378 83 36 med
880 1377 395 40 hufvudkontoret......|
1317 1394 17 23 >»
1377 1384 230 44 15,700,000
1616 1373 15 59 |
1660 1397 18 23 »
1720 1383 218 58 62,800,000
1958 1388 18 49 |

489 1509 110 38 »Ofta
627 1511 85 49 ingå
741 1514 13 34 i
783 1513 206 48 liqviderna
1018 1515 88 35 flera
1134 1520 106 32 tusen
1269 1517 134 36 kronor
1431 1518 13 35 i
1464 1518 142 36 mindre
1626 1519 121 36 sedlar
1771 1521 67 35 och
1858 1520 121 49 skilje-

383 1569 118 44 mynt,
529 1566 227 48 exempelvis
784 1565 83 37 från
895 1572 135 32 statens
1050 1569 200 49 jernvägar
1279 1571 66 35 och
1374 1571 301 46 tullkammaren,
1702 1573 130 36 hvilka
1851 1580 127 30 nästan

383 1618 127 48 hvarje
540 1618 71 49 dag
638 1618 112 38 hafva
773 1619 128 37 affärer
930 1622 84 36 med
1043 1623 181 36 kontoret.
1282 1624 332 50 Utbetalningarne
1641 1625 61 37 för
1731 1627 198 49 insättning
1957 1627 21 36 å

382 1671 157 48 löpande
578 1672 202 49 räkningen
823 1674 82 36 med
949 1675 320 38 hufvudkontoret
1310 1685 148 42 utgöras
1500 1679 314 50 hufvudsakligen
1847 1680 41 37 af
1917 1682 60 35 till

382 1723 320 39 hufvudkontoret
731 1727 170 49 dagligen
925 1730 235 36 remitterade
1189 1732 166 35 enskilda
1384 1733 155 36 bankers
1567 1735 223 47 postvexlar,
1819 1735 60 35 till
1908 1735 69 36 Kö-

382 1778 186 48 penhamn
597 1780 67 35 och
692 1781 203 35 Kristiania
923 1784 237 36 remitterade
1190 1785 135 36 danska
1353 1786 68 36 och
1440 1788 132 34 norska
1592 1787 131 45 sedlar,
1740 1789 58 35 till
1818 1787 157 38 hufvud-

382 1832 175 36 kontoret
584 1834 237 36 remitterade
849 1834 169 38 förslitna
1045 1837 120 36 sedlar
1193 1852 48 23 m.
1272 1852 46 23 m.

489 1885 339 52 »Inkasseringarne
856 1890 38 35 af
922 1890 115 36 andra
1065 1891 158 37 bankers
1252 1894 128 35 vexlar
1408 1892 112 37 hafva
1544 1893 108 37 äfven
1671 1895 13 34 i
1704 1895 167 49 betydlig
1891 1895 85 36 mån

382 1938 116 37 ökats.

495 1993 91 36 »Det
627 2001 41 29 är
710 1995 123 37 derför
874 2010 153 23 numera
1069 1999 79 36 icke
1180 2001 149 48 möjligt
1356 1999 58 37 för
1443 2001 170 36 kontoret
1641 2007 62 39 att,
1733 2002 96 36 hvad
1859 2004 116 35 kassa-

382 2047 257 48 expeditionen
679 2049 190 46 beträffar,
911 2051 45 49 på
999 2057 52 31 ett
1091 2054 185 48 nöjaktigt
1308 2059 70 30 sätt
1420 2055 144 48 betjena
1603 2056 266 46 allmänheten;
1907 2058 68 35 och

382 2101 182 44 kassören,
593 2114 77 24 som
700 2102 165 38 förutom
894 2105 367 47 kontorsskrifvaren,
1289 2108 150 36 hvilken
1468 2108 162 50 ständigt
1646 2109 164 36 biträder
1829 2111 147 45 honom,

383 2153 109 38 äfven
534 2154 56 37 får
632 2157 115 36 anlita
791 2160 78 34 2:ne
911 2172 29 22 e.
978 2172 33 23 o.
1046 2161 228 47 tjenstemän,
1318 2160 45 37 då
1391 2162 105 35 deras
1523 2162 53 36 tid
1605 2162 130 37 sådant
1761 2159 214 58 medgifver,

383 2213 95 30 samt
520 2209 171 36 stundom
734 2209 107 39 äfven
883 2213 285 45 vaktmästaren,
1202 2215 73 35 kan
1305 2215 116 36 under
1448 2215 133 36 sådana
1611 2215 255 39 förhållanden
1895 2219 80 37 icke

383 2260 199 38 öfvervaka
611 2263 144 37 kassans
784 2266 116 35 medel
930 2265 46 51 på
1005 2266 61 36 det
1093 2274 81 39 sätt,
1206 2281 77 23 som
1312 2269 198 36 önskvärdt
1540 2283 95 23 vore.
