2208 2630
414 195 19 30 6
830 196 366 42 Bevillningsutskottelts
1219 198 212 32 Betänkande
1453 199 63 32 N:o
1541 202 51 29 55.

413 275 130 37 hinder
579 276 56 36 för
664 277 220 47 vidtagande
913 278 40 35 af
977 279 111 35 sådan
1117 280 127 45 åtgärd
1273 280 118 35 skulle
1420 280 206 46 förefinnas,
1657 282 92 35 hade
1778 283 115 47 enligt
1921 284 88 35 refe-

413 333 144 32 rentens
600 331 111 34 tanke
753 333 115 34 såsom
912 332 112 35 andra
1066 332 193 37 alternativ
1294 334 81 35 bort
1413 334 148 36 föreslås
1591 336 69 34 den
1690 335 12 35 i
1731 336 278 37 statskontorets

414 383 251 48 underdåniga
699 384 188 36 utlåtande
917 385 188 36 förordade
1139 387 138 47 åtgärd.
1336 387 122 36 Såsom
1488 388 79 35 skäl
1597 389 56 35 för
1682 389 57 35 sin
1768 390 147 47 mening
1943 391 67 35 har

413 437 205 36 referenten
648 438 129 45 anfört,
808 441 53 33 att
889 439 74 35 han
991 439 81 35 icke
1102 440 123 35 kunde
1253 440 150 48 tillägga
1431 445 190 43 parternas
1650 443 274 37 uraktlåtenhet
1943 448 63 41 att,

413 491 80 34 med
535 491 238 47 begagnande
816 492 40 35 af
895 493 79 34 dem
1017 493 13 34 i
1058 494 130 35 sådant
1213 494 168 35 afseende
1410 495 56 35 uti
1494 496 416 49 stämpelförordningen
1937 498 71 35 till-

413 544 138 36 erkänd
593 548 84 41 rätt,
713 545 173 36 förskaffa
915 546 55 44 sig
999 546 119 37 kvitto
1148 550 20 32 å
1197 548 43 34 de
1268 547 56 36 till
1353 548 294 38 domhafvanden
1677 550 88 35 eller
1793 551 92 35 hans
1914 551 93 36 ställ-

414 598 220 35 företrädare
677 599 55 35 för
772 599 113 47 inköp
925 600 39 34 af
989 601 175 46 stämplar
1192 602 146 46 erlagda
1367 603 116 34 medel
1512 605 38 32 så
1575 606 74 32 stor
1677 604 185 47 betydelse
1891 617 74 24 som
1995 605 13 35 i

409 650 338 48 justitiekanslerns
790 653 270 48 framställning
1102 654 144 48 gjordes
1287 655 183 46 gällande;
1512 659 53 32 att
1594 657 73 34 han
1695 658 81 34 med
1805 658 118 36 denna
1952 659 56 35 sin

412 704 237 48 uppfattning
677 708 131 45 ansåge
838 707 104 35 dessa
970 711 122 43 parter
1120 708 110 36 hafva
1259 711 44 44 på
1332 709 92 35 både
1452 712 73 32 rätt
1548 710 67 35 och
1633 710 168 47 billighet
1820 713 187 45 grundade

413 759 157 46 anspråk
613 762 53 32 att
707 771 161 33 numera,
912 761 109 34 sedan
1065 762 104 34 deras
1211 762 156 35 ärenden
1397 763 123 35 blifvit
1548 763 40 35 af
1613 764 254 36 häradsrätten
1896 766 111 35 hand-

412 812 104 46 lagda
545 834 51 3 —
625 813 152 35 hvilken
805 814 280 47 omständighet,
1117 815 173 35 särskildt
1318 816 83 34 med
1431 816 167 35 afseende
1618 820 20 32 å
1658 817 202 36 innehållet
1879 818 12 35 i
1913 821 47 33 39
1984 820 23 45 8

414 868 20 32 2
474 866 144 48 stycket
654 866 424 48 stämpelförordningen,
1110 872 124 43 syntes
1263 869 130 35 honom
1423 869 175 36 innebära
1627 873 53 33 ett
1708 871 234 36 erkännande
1971 873 39 35 af

411 919 326 47 stämpelafgiftens
766 921 219 46 erläggande
1013 924 38 32 så
1081 922 88 47 godt
1197 934 73 23 som
1299 925 110 44 något
1435 926 110 32 annat
1567 945 49 4 —
1638 924 270 36 återbekomma
1927 926 79 35 sina

411 972 219 47 handlingar
659 977 88 31 utan
776 978 53 31 att
858 975 43 34 de
931 975 119 35 därför
1079 975 121 35 skulle
1230 976 135 46 nödgas
1395 979 93 45 ånyo
1508 977 154 35 aflämna
1682 979 116 34 medel
1818 978 56 36 till
1894 979 111 47 inköp

411 1026 40 34 af
476 1027 189 46 stämplar;
696 1030 91 32 samt
816 1030 53 33 att
896 1028 72 35 han
998 1029 109 35 bland
1136 1032 165 44 utvägar,
1333 1030 138 46 ägnade
1500 1033 53 33 att
1581 1031 113 35 vinna
1724 1032 98 35 detta
1842 1032 83 44 mål,
1947 1045 59 23 an-

410 1082 83 44 såge
522 1081 70 34 den
621 1080 163 36 enklaste
812 1094 86 22 vara
927 1082 272 44 ofvanberörda,
1230 1083 39 34 af
1294 1083 128 35 honom
1453 1084 10 34 i
1486 1084 112 36 första
1617 1088 156 32 rummet
1793 1086 209 47 föreslagna.

513 1134 326 36 Justitiekanslern
867 1136 68 34 har
963 1137 204 34 sedermera
1196 1136 55 36 uti
1279 1137 230 47 underdånig
1538 1138 193 35 skrifvelse
1760 1139 69 35 den
1860 1142 19 32 7
1905 1140 99 35 inne-

408 1188 157 35 varande
595 1188 106 46 april,
732 1188 128 36 därvid
888 1189 59 35 till
976 1190 197 46 utredning
1202 1189 12 35 i
1234 1191 149 34 ärendet
1404 1191 116 46 fogats
1540 1192 213 47 ytterligare
1773 1192 230 48 handlingar,

407 1240 124 36 vidare
574 1242 180 35 meddelat
796 1246 64 41 att,
900 1242 115 47 enligt
1050 1244 98 35 hvad
1176 1256 148 23 numera
1354 1244 186 37 befunnits
1569 1246 67 35 och
1666 1246 40 34 af
1730 1246 275 37 tillförordnade

404 1294 293 36 domhafvanden
739 1296 95 35 inför
865 1296 318 48 justitiekanslern
1214 1297 150 47 styrkts,
1396 1299 264 47 stämpelafgift
1689 1300 54 34 för
1772 1300 70 35 den
1870 1300 134 48 boupp-

404 1348 174 47 teckning
608 1349 93 35 efter
729 1348 95 48 Aug.
856 1350 227 36 Lindströms
1112 1352 131 34 hustru
1272 1352 233 46 Margaretha
1533 1352 222 45 Lindström,
1786 1366 74 23 som
1889 1355 115 35 finnes

403 1402 205 35 antecknad
650 1403 116 35 under
807 1416 60 23 n:o
915 1407 44 32 15
1002 1405 54 34 uti
1094 1405 69 35 den
1192 1405 13 35 i
1229 1405 336 48 justitiekanslerns
1595 1407 409 47 inspektionsprotokoll

403 1455 142 36 införda
593 1456 230 48 förteckning
875 1459 99 34 öfver
1016 1459 43 34 de
1104 1458 263 48 kvarliggande
1410 1460 267 46 handlingarna
1715 1462 66 34 och
1819 1462 64 34 där
1915 1474 88 35 upp-

405 1509 109 46 tagits
552 1512 115 33 såsom
705 1511 235 35 erfordrande
969 1512 151 47 stämpel
1150 1512 55 35 till
1234 1512 129 47 belopp
1394 1513 40 34 af
1462 1516 47 32 54
1538 1514 135 35 kronor
1702 1517 48 33 40
1781 1520 70 39 öre,
1883 1515 122 36 blifvit

404 1563 125 46 erlagd
571 1563 64 36 vid
679 1564 227 36 Stockholms
942 1566 278 43 rådstufvurätt,
1252 1567 63 34 där
1343 1566 442 49 hufvudbouppteckning
1812 1569 93 35 efter
1934 1569 69 36 den

404 1616 134 35 aflidna
566 1616 285 48 inregistrerats,
882 1622 92 32 samt
1003 1622 52 32 att
1084 1620 62 34 det
1175 1620 128 47 belopp
1334 1620 40 35 af
1404 1623 137 42 11,928
1572 1621 135 36 kronor
1738 1625 47 32 60
1807 1627 71 40 öre,
1900 1623 102 35 hvar-

403 1669 57 36 till
495 1670 42 35 de
566 1670 263 47 kvarliggande
859 1672 312 48 stämpelpliktiga
1199 1673 268 47 handlingarna
1496 1676 187 46 upptagits
1712 1676 101 35 skola
1841 1676 162 36 erfordra

404 1724 164 46 stämpel,
600 1724 138 36 således
766 1725 112 35 borde
907 1726 162 36 minskas
1098 1727 84 35 med
1213 1729 47 33 54
1291 1727 133 35 kronor
1454 1731 48 32 40
1533 1734 69 30 öre.

510 1777 128 47 Enligt
685 1779 39 34 af
764 1779 73 46 mig
879 1779 209 37 inhämtade
1131 1780 266 48 upplysningar
1438 1786 178 42 upptager
1659 1782 343 48 bouppteckningen

402 1831 93 35 efter
523 1831 232 36 Eckerström
784 1832 197 47 tillgångar
1008 1833 56 35 till
1089 1834 110 36 värde
1219 1834 40 35 af
1275 1837 141 41 40,579
1439 1835 132 35 kronor
1593 1838 48 33 65
1663 1841 59 30 öre
1742 1840 92 32 samt
1853 1837 149 36 skulder

402 1884 58 35 till
498 1884 130 48 belopp
659 1886 44 34 af
726 1888 138 42 87,211
898 1887 131 35 kronor
1062 1890 42 32 11
1138 1892 70 39 öre,
1240 1887 191 36 däribland
1461 1889 143 35 felande
1634 1890 269 48 stämpelmedel
1931 1903 70 23 om-

404 1937 111 48 kring
547 1941 140 42 12,000
718 1939 141 36 kronor.
897 1941 90 35 Boet
1015 1941 94 35 efter
1133 1941 229 35 Eckerström
1383 1943 66 34 har
1468 1942 124 37 blifvit
1612 1944 135 35 afträdt
1767 1944 55 35 till
1842 1944 158 37 urarfva-

403 1991 174 46 konkurs,
610 1992 79 36 däri
718 1993 269 48 inställelsedag
1015 2000 39 29 är
1083 1998 115 32 utsatt
1226 1995 56 36 till
1312 1996 70 35 den
1414 1998 47 33 28
1491 1997 248 36 innevarande
1768 1998 103 46 april.

506 2098 142 47 Frågan
692 2100 182 36 huruvida
917 2101 198 36 inlämnare
1159 2103 40 34 af
1233 2102 288 48 stämpelpliktig
1557 2104 188 48 handling,
1778 2117 73 24 som
1882 2105 117 47 erlagt

399 2152 70 35 den
511 2152 55 34 för
608 2153 227 48 handlingen
878 2156 172 46 stadgade
1080 2156 120 47 afgift,
1231 2162 84 40 äger
1343 2156 114 47 laglig
1485 2160 71 33 rätt
1584 2158 172 46 påfordra
1785 2161 62 42 att,
1879 2159 120 35 därest

399 2205 268 36 vederbörande
696 2207 219 47 tjänsteman
944 2209 80 35 icke
1054 2210 135 46 fullgör
1218 2211 419 47 stämpelbeläggningen
1660 2215 89 32 utan
1769 2212 229 48 förskingrar

398 2260 62 35 det
488 2260 192 46 uppburna
710 2261 177 47 beloppet,
919 2263 68 35 den
1008 2263 209 46 därigenom
1238 2264 293 46 uppkommande
1553 2265 175 36 förlusten
1749 2265 92 36 skall
1861 2266 137 35 drabba
