1909 2833
256 178 20 29 4
473 179 189 29 Allmänna
679 178 398 40 beredningsutskottets
1096 179 177 31 utlåtande
1290 188 42 21 nr
1348 180 20 29 5
1384 180 39 30 år
1440 179 84 30 1967

256 260 110 30 under
388 260 41 29 de
452 269 121 21 senare
595 260 83 30 åren
700 260 82 29 ökat
803 260 12 29 i
835 259 195 40 betydande
1053 260 222 39 omfattning.
1297 260 124 30 Denna
1441 261 184 40 brottsliga
1645 262 98 29 verk-

257 315 136 29 samhet
411 315 38 29 är
466 324 44 20 en
527 314 157 40 allvarlig
703 314 180 30 företeelse
901 314 12 30 i
930 314 129 40 dagens
1078 315 168 30 samhälle
1264 315 80 30 med
1363 317 93 28 stora
1475 316 128 29 sociala
1622 315 121 31 skade-

255 369 220 40 verkningar.
501 369 176 30 Utskottet
703 378 102 20 anser
830 369 57 29 det
913 369 119 30 därför
1059 369 187 39 angeläget,
1274 372 50 27 att
1351 370 206 30 effektivare
1583 370 161 40 åtgärder

256 425 158 28 kommer
433 424 53 29 till
506 423 104 30 stånd
628 425 72 28 mot
720 423 383 30 ockerverksamheten.

301 477 228 40 Naturligtvis
546 478 37 29 är
600 478 57 29 det
673 477 156 40 ytterligt
848 477 93 30 svårt
959 480 49 27 att
1026 478 142 29 komma
1185 478 52 30 till
1254 479 93 29 rätta
1364 479 81 29 med
1461 479 283 29 ockerverksam-

256 533 113 29 heten.
391 532 266 40 Svårigheterna
676 532 54 30 får
750 532 192 30 emellertid
961 532 71 30 inte
1052 533 123 39 utgöra
1193 532 125 30 hinder
1338 532 54 30 för
1413 535 49 28 att
1482 533 145 40 möjliga
1646 534 97 39 ågär-

256 587 60 29 der
334 588 135 39 prövas.
488 587 54 29 En
558 587 188 39 utredning
764 587 11 29 i
793 587 209 29 hithörande
1023 586 170 40 spörsmål
1213 588 37 29 är
1270 587 105 40 enligt
1394 588 189 29 utskottets
1602 588 142 39 mening

256 642 199 39 angelägen.
477 641 130 30 Genom
627 651 43 20 en
689 641 138 40 allsidig
846 641 187 40 utredning
1053 642 61 29 bör
1135 651 81 20 man
1237 642 44 29 bl.
1296 651 29 20 a.
1346 642 122 29 kunna
1488 642 36 29 få
1543 652 42 19 en
1606 642 137 30 klarare

256 696 75 30 bild
359 706 43 20 av
430 696 288 30 verksamhetens
746 696 213 39 omfattning
988 696 65 29 och
1083 696 40 29 de
1154 696 139 34 former,
1326 696 110 29 under
1467 697 93 29 vilka
1591 697 66 29 den
1687 697 56 33 bes

257 751 124 29 drives.
413 751 65 30 Vid
509 751 232 39 utredningen
772 751 61 29 bör
864 751 11 29 i
905 751 177 29 motionen
1113 750 149 40 angivna
1293 751 220 39 möjligheter
1546 752 195 38 övervägas,

257 805 116 30 såsom
392 815 42 20 en
452 805 148 30 effektiv
617 806 152 29 kontroll
788 805 65 29 och
870 805 121 40 tillsyn
1010 815 42 20 av
1070 805 45 30 all
1133 806 237 39 yrkesmässig
1389 805 160 41 utlåning
1568 806 65 29 och
1651 806 93 29 vissa

256 860 189 38 ändringar
466 869 42 19 av
530 860 202 28 nuvarande
756 859 368 29 straffbestämmelser
1146 860 10 28 i
1179 860 99 37 fråga
1299 869 56 19 om
1378 860 112 28 ocker.
1514 859 87 29 Över
1623 860 120 28 huvud

255 914 93 38 taget
367 913 62 29 bör
449 912 234 40 utredningen
702 912 94 39 syfta
814 912 53 30 till
888 914 49 28 att
957 913 144 28 komma
1120 912 52 29 till
1192 913 93 29 rätta
1305 912 79 29 med
1405 912 67 30 den
1493 922 25 20 s.
1533 913 32 28 k.
1587 912 61 40 grå
1668 913 76 28 kre-

256 966 281 30 ditmarknaden.
563 967 75 29 Den
662 967 157 29 enskilde
844 966 252 40 medborgaren
1119 967 62 30 bör
1206 967 45 29 ha
1275 968 69 29 rätt
1370 969 49 27 att
1444 968 110 28 kräva
1578 969 49 27 att
1655 976 89 20 sam-

256 1021 125 29 hällets
398 1030 157 20 resurser
575 1021 97 29 ställs
689 1021 53 29 till
761 1020 206 40 förfogande
985 1021 12 29 i
1015 1021 153 39 kampen
1186 1023 72 27 mot
1277 1021 383 29 ockerverksamheten.

299 1075 176 30 Utskottet
498 1075 54 30 får
576 1075 110 29 under
709 1075 218 39 åberopande
951 1084 42 20 av
1014 1075 66 29 vad
1104 1084 89 20 ovan
1216 1075 135 29 anförts
1375 1075 193 34 hemställa,

610 1131 50 28 att
689 1129 188 39 riksdagen
907 1129 80 30 med
1016 1129 100 29 bifall
1146 1129 53 29 till
1230 1129 179 29 motionen
1439 1129 45 29 II:
1502 1129 61 29 104
1595 1129 107 29 måtte
1733 1130 11 28 i

566 1183 166 30 skrivelse
758 1183 53 29 till
837 1182 126 40 Kungl.
990 1182 105 40 Maj:t
1122 1183 142 29 anhålla
1289 1192 57 20 om
1374 1182 191 40 skyndsam
1592 1183 65 29 och
1684 1183 61 29 all-

566 1237 89 39 sidig
672 1237 188 40 utredning
879 1247 42 20 av
940 1237 68 29 den
1027 1247 25 20 s.
1067 1238 33 28 k.
1120 1237 61 39 grå
1198 1237 335 29 kreditmarknaden
1553 1237 10 29 i
1584 1237 89 39 syfte
1694 1239 49 27 att

566 1299 125 32 genom
707 1291 170 30 effektiva
892 1291 160 40 åtgärder
1069 1293 72 28 mot
1158 1292 103 28 ocker
1278 1291 57 29 vid
1352 1291 261 40 försträckning
1630 1290 114 31 åstad-

565 1346 144 28 komma
729 1355 42 19 en
793 1346 162 38 sanering
975 1346 45 38 på
1041 1345 156 29 området
1221 1348 89 26 samt
1332 1355 57 19 om
1411 1347 49 27 att
1482 1346 53 28 för
1556 1345 187 39 riksdagen

565 1399 210 40 framlägges
800 1399 41 30 de
867 1399 130 39 förslag
1023 1408 74 21 som
1122 1398 232 40 utredningen
1380 1398 207 30 föranleder.

885 2539 77 13 ESSELTE
973 2539 28 13 AB,
1014 2539 59 13 STHLM
1085 2539 21 13 67

957 2562 77 16 714615
