1944 2846
343 172 17 25 4
728 173 367 27 Konstitutionsutskottets
1115 173 151 27 utlåtande
1286 174 41 26 Nr
1346 174 23 25 7.

354 254 171 31 Utskottet
548 255 48 30 får
619 254 96 31 alltså
740 254 183 36 hemställa,

670 318 50 30 att
743 316 203 32 motionerna

714 370 30 38 a)
769 370 33 31 IL
817 370 52 38 :3,

715 424 31 38 b)
771 424 99 37 II:7,

715 478 29 37 e)
768 477 53 31 IT:
837 479 29 35 4,

715 531 32 38 d)
771 531 90 31 IT:8S

624 584 71 31 icke
720 586 103 29 måtte
847 584 51 31 till
921 586 106 38 någon
1053 584 192 41 riksdagens
1269 586 113 39 åtgärd
1407 586 176 31 föranleda.

349 664 189 32 Stockholm
562 665 63 31 den
650 666 17 29 7
694 675 85 21 mars
806 665 93 31 1925.

730 782 46 30 På
800 780 419 33 konstitutionsutskottets
1243 786 134 36 vägnar:

892 898 37 30 K.
956 907 60 21 von
1042 898 160 31 GEIJER.

396 1199 207 26 Närvarande:
630 1200 105 25 Herrar
759 1207 54 18 von
841 1199 104 33 Geijer,
965 1199 159 33 Sävström,
1143 1200 193 33 Strömberg,"
1356 1200 145 33 Hellberg,
1524 1200 127 33 Thulin,"
1673 1202 121 26 Reuter-

621 1243 104 33 skiöld,
754 1244 96 26 David
877 1244 178 33 Bergström,
1086 1244 31 26 G.
1142 1245 37 25 W.
1206 1245 144 29 Hansson,
1379 1246 115 32 August
1522 1246 178 33 Ljunggren,
1729 1246 66 26 Nils

621 1289 96 26 Anton
755 1288 143 32 Nilsson,"
934 1288 106 34 Vrang,
1077 1288 159 35 Gustafson
1265 1290 9 25 i
1303 1289 176 34 Kasenberg,
1515 1290 34 25 K.
1579 1290 32 26 A.
1639 1290 156 33 Westman,

621 1333 129 31 Hallen,"
780 1333 169 26 Andersson
969 1334 9 25 i
998 1334 146 33 Igelboda,
1173 1334 162 33 Björkman
1355 1334 8 25 i
1383 1334 207 35 Norrköping,"
1620 1335 143 27 Karlsson
1784 1337 9 25 i

621 1378 156 32 Vadstena,
797 1377 168 34 Sjöström,"
986 1378 147 33 Almquist
1151 1379 9 25 i
1182 1378 160 34 Göteborg"
1363 1380 54 25 och
1438 1379 137 26 Hansson
1595 1380 7 25 i
1624 1380 83 26 Bäck.

338 1459 12 14 >"
370 1459 32 33 Ej
423 1460 179 26 närvarande
623 1459 48 27 vid
691 1459 181 27 utlåtandets
891 1460 151 34 justering.

863 1762 366 42 Reservationer:

345 1864 21 29 I.
396 1874 40 20 av
460 1864 111 30 herrar
595 1864 182 37 Sävström,
804 1864 198 39 Strömberg,
1029 1865 133 36 Thulin,
1184 1864 35 32 G.
1247 1865 43 29 W.
1313 1865 167 37 Hansson,
1501 1865 128 36 Hallén,
1650 1866 140 30 Anders-

298 1927 62 21 son
382 1917 11 31 i
416 1917 166 40 Igelboda,
618 1919 166 30 Karlsson
810 1917 9 31 i
844 1918 165 31 Vadstena
1034 1918 60 30 och
1119 1918 173 39 Sjöström,
1317 1928 67 20 som
1410 1920 119 35 ansett,
1555 1920 49 28 att
1628 1918 164 32 utskottet

299 1971 72 30 bort
395 1971 181 37 hemställa,

661 2034 31 37 a)
716 2035 49 29 att
790 2033 172 39 riksdagen
987 2034 112 37 måtte,
1117 2032 72 31 med
1209 2033 90 31 bifall
1318 2032 48 32 till
1383 2033 164 31 motionen
1569 2034 29 30 II
1614 2045 5 19 :
1634 2037 29 35 3,
1681 2036 108 29 såsom

618 2086 128 32 vilande
783 2086 49 32 till
861 2086 110 32 vidare
995 2086 264 41 grundlagsenlig
1284 2086 197 41 behandling
1504 2089 118 38 antaga
1646 2087 143 40 följande

973 2167 139 39 Förslag
1187 2201 4 5 =.

510 2220 48 30 till
585 2220 127 31 ändrad
737 2220 126 39 lydelse
890 2228 39 22 av
956 2219 47 41 $8
1027 2221 20 30 6
1072 2221 61 30 och
1164 2221 37 30 16
1227 2221 356 39 riksdagsordningen.

1051 2286 28 26 6.

1005 2285 19 36 LR

343 2399 32 37 9)
412 2399 128 30 Valrätt
575 2398 51 31 vid
663 2399 197 31 elektorsval
890 2398 196 32 tillkommer
1113 2410 99 20 envar
1236 2400 8 29 i
1271 2400 212 31 kommunens
1507 2400 162 32 allmänna
1694 2411 93 29 ange-

296 2452 190 39 lägenheter
508 2452 262 40 röstberättigad.
