2228 2614
707 182 253 32 Statsutskottets
982 177 166 36 utlåtande
1171 182 52 30 Nr
1245 184 20 27 4
1282 180 38 32 ÅA.
1810 179 17 31 7

226 268 150 37 slutade
406 268 358 49 byggnadsföretag
791 267 63 36 vid
882 267 142 46 armén,
1046 267 308 49 förslagsanslag,
1384 270 55 32 att
1459 266 91 47 utgå
1570 278 46 23 av
1636 263 192 49 tillfälliga

229 319 223 38 lånemedel.

334 370 288 37 Merkostnader
662 370 61 35 för
763 369 103 36 vissa
907 370 97 36 efter
1037 369 235 48 antagandet
1300 382 47 22 av
1379 370 96 34 1914
1506 371 60 33 års
1594 366 236 48 härordning

230 422 196 37 beslutade
455 421 357 49 byggnadsföretag
839 420 64 36 vid
932 421 140 44 armén,
1094 421 307 48 förslagsanslag.

334 474 195 36 Elektrisk
560 473 116 35 kraft-
703 473 72 36 och
806 471 463 49 belysningsanläggning
1297 471 63 36 vid
1388 470 188 48 Hälsinge
1594 474 234 43 regemente,

229 526 375 46 reservationsanslag.

334 575 113 37 Vissa
488 575 157 36 arbeten
687 578 21 33 å
736 574 333 48 Dalregementets
1098 573 203 49 skjutbana
1330 572 64 36 vid
1422 572 132 47 Falun,
1582 571 247 37 reservations-

229 628 143 47 anslag.

334 677 288 50 Disponerande
652 677 57 36 för
736 677 150 35 arméns
915 676 164 48 räkning
1108 690 45 22 av
1181 676 98 36 viset
1307 675 102 36 antal
1429 673 241 50 sängplatser
1689 676 20 33 å
1727 673 101 36 läns-

229 730 199 36 lasarettet
454 730 12 35 i
495 728 229 49 Linköping.

334 781 126 49 Inköp
502 794 47 23 av
590 781 101 36 vissa
728 779 238 49 fastigheter,
1009 784 55 31 att
1104 778 181 50 tilläggas
1314 777 241 47 Järvafältet,
1584 777 246 36 reservations-

229 833 141 47 anslag.

335 884 121 48 Inköp
486 897 46 22 av
560 896 47 23 en
635 882 287 48 mässbyggnad
951 884 21 33 å
1000 882 117 35 Frösö
1144 881 120 48 läger,
1293 880 373 48 reservationsanslag.

334 934 370 49 Ingenjörmateriel,
734 935 371 46 reservationsanslag.

334 986 292 49 Flygövningar
655 985 70 37 och
752 984 196 37 underhåll
977 998 48 23 av
1053 983 254 50 flygmateriel
1335 983 373 48 reservationsanslag.

336 1037 311 50 Komplettering
675 1050 47 22 av
749 1037 80 36 viss
857 1035 364 51 ingenjörmateriel,
1250 1035 375 48 reservativnsanslag.

335 1090 90 37 Viss
453 1088 350 50 ingenjörmateriel
832 1088 60 37 för
919 1088 232 47 infanteriet,
1181 1087 358 48 reservationanslag.

908 1211 42 27 H.
996 1210 160 28 Diverse.

338 1294 227 49 Ersättning
592 1295 59 36 för
677 1294 180 47 rustning
884 1293 69 36 och
981 1293 182 48 roterimg,
1185 1293 308 48 förslagsanslag.

332 1347 124 36 Extra
485 1347 170 48 utgifter,
684 1345 373 48 reservationsanslag.
1358 1382 3 3 .

336 1398 252 36 Kommittéer
616 1397 71 36 och
715 1397 250 47 utredningar
992 1408 141 35 genom
1162 1394 254 48 sakkunniga,
1439 1393 304 51 förslagsanslag.

337 1449 195 38 Semester
559 1452 38 34 åt
625 1448 62 37 vid
714 1448 275 37 lantförsvaret
1017 1446 187 37 anställda
1233 1447 183 46 arbetare,
1439 1445 304 50 förslagsanslag.

336 1552 243 38 Beträffande
621 1552 62 37 det
723 1552 120 36 första
885 1564 46 23 av
968 1563 99 24 ovan
1096 1550 166 49 angivna
1289 1550 137 47 anslag
1454 1549 92 36 eller
1575 1547 173 50 anslaget
1775 1547 57 37 till

232 1603 430 51 departementschefen,
691 1617 130 23 varom
849 1603 11 35 i
889 1603 125 36 denna
1042 1602 123 48 punkt
1192 1607 170 31 närmast
1389 1606 42 31 är
1459 1601 121 48 fråga,
1609 1601 69 35 har
1705 1602 126 45 någon

231 1657 229 48 förändring
486 1656 162 36 rörande
670 1668 95 28 vare
794 1655 61 48 sig
883 1654 195 48 anslagets
1106 1654 246 49 upptagande
1380 1653 12 36 i
1411 1652 208 37 riksstaten
1639 1652 92 36 eller
1746 1651 86 37 dess

234 1708 139 49 belopp
403 1722 47 23 av
477 1708 141 48 Kungl.
648 1707 108 48 Maj:t
783 1707 33 47 ej
849 1720 48 22 nu
925 1706 231 47 ifrågasatts.

337 1760 53 36 På
431 1759 124 48 grund
598 1760 116 35 härav
754 1759 70 36 och
866 1758 11 35 i
919 1757 222 49 anslutning
1182 1756 56 37 till
1280 1756 73 37 vad
1386 1755 185 37 utskottet
1598 1754 234 38 beträffande

231 1811 263 37 huvudtitelns
523 1810 225 37 förändrade
777 1809 262 50 uppställning
1066 1810 139 47 anfört,
1222 1809 56 36 får
1305 1808 187 37 utskottet
1519 1806 211 48 hemställa,

739 1919 54 31 att
834 1913 206 48 riksdagen
1081 1915 59 33 må
1180 1912 12 36 1
1220 1912 206 36 riksstaten
1454 1912 60 36 för
1542 1913 41 34 år
1614 1912 97 35 1920
1739 1923 94 36 upp-

635 1970 91 44 taga
766 1965 188 37 ordinarie
995 1964 175 47 anslaget
1210 1963 58 37 till
1300 1963 419 49 departementschefen
1747 1961 86 37 med

636 2018 220 36 oförändrat
884 2016 153 49 belopp,
1069 2017 137 47 17,000
1236 2016 153 36 kronor.

340 2136 74 49 2:0)
455 2137 141 49 Kungl.
638 2136 107 49 Maj:t
786 2137 68 36 har
893 2136 121 37 under
1051 2135 238 50 åberopande
1318 2148 48 24 av
1393 2124 122 60 punkt
1546 2136 18 34 1
1594 2134 12 37 i
1635 2133 200 37 statsråds-

232 2189 233 49 protokollet
493 2188 200 50 föreslagit
722 2189 204 48 riksdagen

341 2287 16 18 x
380 2287 162 27 Hänvisar
565 2286 49 28 till
637 2285 104 37 punkt
763 2285 10 27 i
797 2284 361 37 statsrådsprotokollet.

1896 2142 125 29 Departe-

1899 2179 107 20 mentet.

1910 2225 98 48 [1.]7
