<?xml version="1.0" encoding="UTF-8"?>
<alto xmlns="http://www.loc.gov/standards/alto/ns-v3#" xmlns:xlink="http://www.w3.org/1999/xlink" xmlns:xsi="http://www.w3.org/2001/XMLSchema-instance" xsi:schemaLocation="http://www.loc.gov/standards/alto/ns-v3# http://www.loc.gov/alto/v3/alto-3-0.xsd">
	<Description>
		<MeasurementUnit>pixel</MeasurementUnit>
		<sourceImageInformation>
			<fileName>/tmp/tess_6vw8m0_b_input.PNG</fileName>
		</sourceImageInformation>
		<OCRProcessing ID="OCR_0">
			<ocrProcessingStep>
				<processingSoftware>
					<softwareName>tesseract 5.3.0</softwareName>
				</processingSoftware>
			</ocrProcessingStep>
		</OCRProcessing>
	</Description>
	<Layout>
		<Page WIDTH="2248" HEIGHT="2606" PHYSICAL_IMG_NR="0" ID="page_0">
			<PrintSpace HPOS="0" VPOS="0" WIDTH="2248" HEIGHT="2606">
				<ComposedBlock ID="cblock_0" HPOS="389" VPOS="170" WIDTH="1119" HEIGHT="37">
					<TextBlock ID="block_0" HPOS="389" VPOS="170" WIDTH="1119" HEIGHT="37">
						<TextLine ID="line_0" HPOS="389" VPOS="170" WIDTH="1119" HEIGHT="37">
							<String ID="string_0" HPOS="389" VPOS="170" WIDTH="23" HEIGHT="29" WC="0.96" CONTENT="4"/><SP WIDTH="483" VPOS="170" HPOS="412"/>
							<String ID="string_1" HPOS="895" VPOS="172" WIDTH="253" HEIGHT="32" WC="0.90" CONTENT="Statsutskottets"/><SP WIDTH="21" VPOS="172" HPOS="1148"/>
							<String ID="string_2" HPOS="1169" VPOS="174" WIDTH="167" HEIGHT="32" WC="0.96" CONTENT="utlåtande"/><SP WIDTH="22" VPOS="174" HPOS="1336"/>
							<String ID="string_3" HPOS="1358" VPOS="176" WIDTH="54" HEIGHT="30" WC="0.96" CONTENT="Nr"/><SP WIDTH="23" VPOS="176" HPOS="1412"/>
							<String ID="string_4" HPOS="1435" VPOS="179" WIDTH="20" HEIGHT="28" WC="0.95" CONTENT="4"/><SP WIDTH="14" VPOS="179" HPOS="1455"/>
							<String ID="string_5" HPOS="1469" VPOS="176" WIDTH="39" HEIGHT="30" WC="0.58" CONTENT="ÅA."/>
						</TextLine>
					</TextBlock>
				</ComposedBlock>
				<ComposedBlock ID="cblock_1" HPOS="380" VPOS="253" WIDTH="1629" HEIGHT="1245">
					<TextBlock ID="block_1" HPOS="387" VPOS="253" WIDTH="1622" HEIGHT="213">
						<TextLine ID="line_1" HPOS="496" VPOS="253" WIDTH="1512" HEIGHT="58">
							<String ID="string_6" HPOS="496" VPOS="253" WIDTH="46" HEIGHT="37" WC="0.91" CONTENT="D."/><SP WIDTH="56" VPOS="253" HPOS="542"/>
							<String ID="string_7" HPOS="598" VPOS="255" WIDTH="247" HEIGHT="49" WC="0.80" CONTENT="Förplägnad,"/><SP WIDTH="29" VPOS="255" HPOS="845"/>
							<String ID="string_8" HPOS="874" VPOS="256" WIDTH="392" HEIGHT="47" WC="0.91" CONTENT="intendenturmateriel,"/><SP WIDTH="30" VPOS="256" HPOS="1266"/>
							<String ID="string_9" HPOS="1296" VPOS="261" WIDTH="247" HEIGHT="49" WC="0.92" CONTENT="remontering,"/><SP WIDTH="30" VPOS="261" HPOS="1543"/>
							<String ID="string_10" HPOS="1573" VPOS="263" WIDTH="178" HEIGHT="48" WC="0.93" CONTENT="övningar"/><SP WIDTH="27" VPOS="263" HPOS="1751"/>
							<String ID="string_11" HPOS="1778" VPOS="277" WIDTH="45" HEIGHT="22" WC="0.91" CONTENT="m."/><SP WIDTH="21" VPOS="277" HPOS="1823"/>
							<String ID="string_12" HPOS="1844" VPOS="277" WIDTH="61" HEIGHT="33" WC="0.89" CONTENT="m.,"/><SP WIDTH="23" VPOS="277" HPOS="1905"/>
							<String ID="string_13" HPOS="1928" VPOS="278" WIDTH="80" HEIGHT="24" WC="0.91" CONTENT="om-"/>
						</TextLine>
						<TextLine ID="line_2" HPOS="391" VPOS="304" WIDTH="1617" HEIGHT="57">
							<String ID="string_14" HPOS="391" VPOS="304" WIDTH="174" HEIGHT="38" WC="0.96" CONTENT="fattande"/><SP WIDTH="24" VPOS="304" HPOS="565"/>
							<String ID="string_15" HPOS="589" VPOS="307" WIDTH="138" HEIGHT="47" WC="0.96" CONTENT="anslag"/><SP WIDTH="27" VPOS="307" HPOS="727"/>
							<String ID="string_16" HPOS="754" VPOS="307" WIDTH="306" HEIGHT="49" WC="0.96" CONTENT="huvudsakligen"/><SP WIDTH="30" VPOS="307" HPOS="1060"/>
							<String ID="string_17" HPOS="1090" VPOS="309" WIDTH="60" HEIGHT="36" WC="0.96" CONTENT="för"/><SP WIDTH="18" VPOS="309" HPOS="1150"/>
							<String ID="string_18" HPOS="1168" VPOS="310" WIDTH="248" HEIGHT="48" WC="0.93" CONTENT="personalens"/><SP WIDTH="20" VPOS="310" HPOS="1416"/>
							<String ID="string_19" HPOS="1436" VPOS="311" WIDTH="244" HEIGHT="50" WC="0.92" CONTENT="förplägnad,"/><SP WIDTH="21" VPOS="311" HPOS="1680"/>
							<String ID="string_20" HPOS="1701" VPOS="313" WIDTH="216" HEIGHT="39" WC="0.96" CONTENT="beklädnad"/><SP WIDTH="19" VPOS="313" HPOS="1917"/>
							<String ID="string_21" HPOS="1936" VPOS="317" WIDTH="72" HEIGHT="36" WC="0.96" CONTENT="och"/>
						</TextLine>
						<TextLine ID="line_3" HPOS="388" VPOS="357" WIDTH="1621" HEIGHT="59">
							<String ID="string_22" HPOS="388" VPOS="357" WIDTH="192" HEIGHT="48" WC="0.96" CONTENT="övningar"/><SP WIDTH="19" VPOS="357" HPOS="580"/>
							<String ID="string_23" HPOS="599" VPOS="364" WIDTH="100" HEIGHT="29" WC="0.96" CONTENT="samt"/><SP WIDTH="26" VPOS="364" HPOS="699"/>
							<String ID="string_24" HPOS="725" VPOS="359" WIDTH="152" HEIGHT="36" WC="0.93" CONTENT="arméns"/><SP WIDTH="31" VPOS="359" HPOS="877"/>
							<String ID="string_25" HPOS="908" VPOS="359" WIDTH="203" HEIGHT="37" WC="0.92" CONTENT="förseende"/><SP WIDTH="30" VPOS="359" HPOS="1111"/>
							<String ID="string_26" HPOS="1141" VPOS="361" WIDTH="86" HEIGHT="36" WC="0.96" CONTENT="med"/><SP WIDTH="20" VPOS="361" HPOS="1227"/>
							<String ID="string_27" HPOS="1247" VPOS="362" WIDTH="140" HEIGHT="48" WC="0.96" CONTENT="hästar,"/><SP WIDTH="23" VPOS="362" HPOS="1387"/>
							<String ID="string_28" HPOS="1410" VPOS="362" WIDTH="135" HEIGHT="38" WC="0.93" CONTENT="fordon"/><SP WIDTH="22" VPOS="362" HPOS="1545"/>
							<String ID="string_29" HPOS="1567" VPOS="378" WIDTH="47" HEIGHT="23" WC="0.92" CONTENT="m."/><SP WIDTH="18" VPOS="378" HPOS="1614"/>
							<String ID="string_30" HPOS="1632" VPOS="378" WIDTH="48" HEIGHT="23" WC="0.92" CONTENT="m."/><SP WIDTH="45" VPOS="378" HPOS="1680"/>
							<String ID="string_31" HPOS="1725" VPOS="365" WIDTH="122" HEIGHT="37" WC="0.95" CONTENT="Dessa"/><SP WIDTH="21" VPOS="365" HPOS="1847"/>
							<String ID="string_32" HPOS="1868" VPOS="368" WIDTH="141" HEIGHT="48" WC="0.96" CONTENT="anslag"/>
						</TextLine>
						<TextLine ID="line_4" HPOS="387" VPOS="408" WIDTH="1618" HEIGHT="58">
							<String ID="string_33" HPOS="387" VPOS="412" WIDTH="69" HEIGHT="32" WC="0.96" CONTENT="äro"/><SP WIDTH="28" VPOS="412" HPOS="456"/>
							<String ID="string_34" HPOS="484" VPOS="408" WIDTH="167" HEIGHT="37" WC="0.96" CONTENT="avsedda"/><SP WIDTH="28" VPOS="408" HPOS="651"/>
							<String ID="string_35" HPOS="679" VPOS="415" WIDTH="56" HEIGHT="31" WC="0.96" CONTENT="att"/><SP WIDTH="29" VPOS="415" HPOS="735"/>
							<String ID="string_36" HPOS="764" VPOS="410" WIDTH="185" HEIGHT="37" WC="0.96" CONTENT="förvaltas"/><SP WIDTH="29" VPOS="410" HPOS="949"/>
							<String ID="string_37" HPOS="978" VPOS="424" WIDTH="48" HEIGHT="23" WC="0.93" CONTENT="av"/><SP WIDTH="29" VPOS="424" HPOS="1026"/>
							<String ID="string_38" HPOS="1055" VPOS="413" WIDTH="418" HEIGHT="50" WC="0.90" CONTENT="arméförvaltningens"/><SP WIDTH="28" VPOS="413" HPOS="1473"/>
							<String ID="string_39" HPOS="1501" VPOS="415" WIDTH="504" HEIGHT="51" WC="0.85" CONTENT="intendentsdepartement."/>
						</TextLine>
					</TextBlock>
					<TextBlock ID="block_2" HPOS="385" VPOS="460" WIDTH="1622" HEIGHT="209">
						<TextLine ID="line_5" HPOS="494" VPOS="460" WIDTH="1513" HEIGHT="57">
							<String ID="string_40" HPOS="494" VPOS="460" WIDTH="43" HEIGHT="36" WC="0.88" CONTENT="E."/><SP WIDTH="56" VPOS="460" HPOS="537"/>
							<String ID="string_41" HPOS="593" VPOS="461" WIDTH="187" HEIGHT="49" WC="0.90" CONTENT="Sjukvård"/><SP WIDTH="40" VPOS="461" HPOS="780"/>
							<String ID="string_42" HPOS="820" VPOS="476" WIDTH="45" HEIGHT="22" WC="0.80" CONTENT="m."/><SP WIDTH="31" VPOS="476" HPOS="865"/>
							<String ID="string_43" HPOS="896" VPOS="476" WIDTH="59" HEIGHT="32" WC="0.84" CONTENT="m.,"/><SP WIDTH="32" VPOS="476" HPOS="955"/>
							<String ID="string_44" HPOS="987" VPOS="464" WIDTH="236" HEIGHT="37" WC="0.96" CONTENT="omfattande"/><SP WIDTH="42" VPOS="464" HPOS="1223"/>
							<String ID="string_45" HPOS="1265" VPOS="466" WIDTH="135" HEIGHT="48" WC="0.95" CONTENT="anslag"/><SP WIDTH="27" VPOS="466" HPOS="1400"/>
							<String ID="string_46" HPOS="1427" VPOS="466" WIDTH="61" HEIGHT="36" WC="0.93" CONTENT="för"/><SP WIDTH="27" VPOS="466" HPOS="1488"/>
							<String ID="string_47" HPOS="1515" VPOS="467" WIDTH="126" HEIGHT="37" WC="0.91" CONTENT="hälso-"/><SP WIDTH="30" VPOS="467" HPOS="1641"/>
							<String ID="string_48" HPOS="1671" VPOS="469" WIDTH="72" HEIGHT="36" WC="0.96" CONTENT="och"/><SP WIDTH="28" VPOS="469" HPOS="1743"/>
							<String ID="string_49" HPOS="1771" VPOS="469" WIDTH="236" HEIGHT="48" WC="0.96" CONTENT="sjukvården"/>
						</TextLine>
						<TextLine ID="line_6" HPOS="389" VPOS="510" WIDTH="1618" HEIGHT="61">
							<String ID="string_50" HPOS="389" VPOS="510" WIDTH="236" HEIGHT="38" WC="0.96" CONTENT="beträffande"/><SP WIDTH="42" VPOS="510" HPOS="625"/>
							<String ID="string_51" HPOS="667" VPOS="514" WIDTH="152" HEIGHT="35" WC="0.96" CONTENT="arméns"/><SP WIDTH="41" VPOS="514" HPOS="819"/>
							<String ID="string_52" HPOS="860" VPOS="515" WIDTH="180" HEIGHT="47" WC="0.96" CONTENT="personal"/><SP WIDTH="41" VPOS="515" HPOS="1040"/>
							<String ID="string_53" HPOS="1081" VPOS="522" WIDTH="98" HEIGHT="30" WC="0.96" CONTENT="samt"/><SP WIDTH="41" VPOS="522" HPOS="1179"/>
							<String ID="string_54" HPOS="1220" VPOS="517" WIDTH="289" HEIGHT="37" WC="0.96" CONTENT="veterinärvård"/><SP WIDTH="37" VPOS="517" HPOS="1509"/>
							<String ID="string_55" HPOS="1546" VPOS="523" WIDTH="182" HEIGHT="33" WC="0.95" CONTENT="ävensom"/><SP WIDTH="29" VPOS="523" HPOS="1728"/>
							<String ID="string_56" HPOS="1757" VPOS="522" WIDTH="250" HEIGHT="49" WC="0.95" CONTENT="anskaffning"/>
						</TextLine>
						<TextLine ID="line_7" HPOS="385" VPOS="563" WIDTH="1621" HEIGHT="57">
							<String ID="string_57" HPOS="385" VPOS="575" WIDTH="52" HEIGHT="24" WC="0.92" CONTENT="av"/><SP WIDTH="41" VPOS="575" HPOS="437"/>
							<String ID="string_58" HPOS="478" VPOS="563" WIDTH="220" HEIGHT="48" WC="0.91" CONTENT="sjukvårds-"/><SP WIDTH="42" VPOS="563" HPOS="698"/>
							<String ID="string_59" HPOS="740" VPOS="565" WIDTH="71" HEIGHT="36" WC="0.84" CONTENT="och"/><SP WIDTH="41" VPOS="565" HPOS="811"/>
							<String ID="string_60" HPOS="852" VPOS="566" WIDTH="365" HEIGHT="37" WC="0.84" CONTENT="veterinärmateriel"/><SP WIDTH="41" VPOS="566" HPOS="1217"/>
							<String ID="string_61" HPOS="1258" VPOS="582" WIDTH="47" HEIGHT="22" WC="0.86" CONTENT="m."/><SP WIDTH="32" VPOS="582" HPOS="1305"/>
							<String ID="string_62" HPOS="1337" VPOS="582" WIDTH="47" HEIGHT="23" WC="0.85" CONTENT="m."/><SP WIDTH="58" VPOS="582" HPOS="1384"/>
							<String ID="string_63" HPOS="1442" VPOS="569" WIDTH="122" HEIGHT="38" WC="0.96" CONTENT="Dessa"/><SP WIDTH="36" VPOS="569" HPOS="1564"/>
							<String ID="string_64" HPOS="1600" VPOS="570" WIDTH="138" HEIGHT="50" WC="0.96" CONTENT="anslag"/><SP WIDTH="27" VPOS="570" HPOS="1738"/>
							<String ID="string_65" HPOS="1765" VPOS="572" WIDTH="155" HEIGHT="37" WC="0.96" CONTENT="komma"/><SP WIDTH="29" VPOS="572" HPOS="1920"/>
							<String ID="string_66" HPOS="1949" VPOS="580" WIDTH="57" HEIGHT="30" WC="0.96" CONTENT="att"/>
						</TextLine>
						<TextLine ID="line_8" HPOS="386" VPOS="614" WIDTH="1120" HEIGHT="55">
							<String ID="string_67" HPOS="386" VPOS="614" WIDTH="188" HEIGHT="37" WC="0.96" CONTENT="förvaltas"/><SP WIDTH="29" VPOS="614" HPOS="574"/>
							<String ID="string_68" HPOS="603" VPOS="629" WIDTH="48" HEIGHT="22" WC="0.93" CONTENT="av"/><SP WIDTH="27" VPOS="629" HPOS="651"/>
							<String ID="string_69" HPOS="678" VPOS="617" WIDTH="419" HEIGHT="49" WC="0.92" CONTENT="arméförvaltningens"/><SP WIDTH="29" VPOS="617" HPOS="1097"/>
							<String ID="string_70" HPOS="1126" VPOS="619" WIDTH="380" HEIGHT="50" WC="0.92" CONTENT="sjukvårdsstyrelse."/>
						</TextLine>
					</TextBlock>
					<TextBlock ID="block_3" HPOS="385" VPOS="666" WIDTH="1620" HEIGHT="209">
						<TextLine ID="line_9" HPOS="492" VPOS="666" WIDTH="1513" HEIGHT="57">
							<String ID="string_71" HPOS="492" VPOS="666" WIDTH="40" HEIGHT="36" WC="0.86" CONTENT="F."/><SP WIDTH="64" VPOS="666" HPOS="532"/>
							<String ID="string_72" HPOS="596" VPOS="667" WIDTH="124" HEIGHT="48" WC="0.91" CONTENT="Vapen"/><SP WIDTH="41" VPOS="667" HPOS="720"/>
							<String ID="string_73" HPOS="761" VPOS="669" WIDTH="61" HEIGHT="35" WC="0.96" CONTENT="och"/><SP WIDTH="38" VPOS="669" HPOS="822"/>
							<String ID="string_74" HPOS="860" VPOS="670" WIDTH="248" HEIGHT="45" WC="0.91" CONTENT="ammunition,"/><SP WIDTH="30" VPOS="670" HPOS="1108"/>
							<String ID="string_75" HPOS="1138" VPOS="672" WIDTH="235" HEIGHT="36" WC="0.96" CONTENT="omfattande"/><SP WIDTH="30" VPOS="672" HPOS="1373"/>
							<String ID="string_76" HPOS="1403" VPOS="673" WIDTH="134" HEIGHT="48" WC="0.95" CONTENT="anslag"/><SP WIDTH="26" VPOS="673" HPOS="1537"/>
							<String ID="string_77" HPOS="1563" VPOS="673" WIDTH="61" HEIGHT="37" WC="0.96" CONTENT="för"/><SP WIDTH="27" VPOS="673" HPOS="1624"/>
							<String ID="string_78" HPOS="1651" VPOS="687" WIDTH="137" HEIGHT="36" WC="0.93" CONTENT="vapen,"/><SP WIDTH="28" VPOS="687" HPOS="1788"/>
							<String ID="string_79" HPOS="1816" VPOS="676" WIDTH="189" HEIGHT="37" WC="0.92" CONTENT="ammuni-"/>
						</TextLine>
						<TextLine ID="line_10" HPOS="385" VPOS="716" WIDTH="1619" HEIGHT="60">
							<String ID="string_80" HPOS="385" VPOS="716" WIDTH="94" HEIGHT="46" WC="0.93" CONTENT="tion,"/><SP WIDTH="43" VPOS="716" HPOS="479"/>
							<String ID="string_81" HPOS="522" VPOS="717" WIDTH="486" HEIGHT="51" WC="0.87" CONTENT="målskjutningsmateriel,"/><SP WIDTH="43" VPOS="717" HPOS="1008"/>
							<String ID="string_82" HPOS="1051" VPOS="722" WIDTH="143" HEIGHT="48" WC="0.91" CONTENT="signal-"/><SP WIDTH="41" VPOS="722" HPOS="1194"/>
							<String ID="string_83" HPOS="1235" VPOS="723" WIDTH="71" HEIGHT="36" WC="0.93" CONTENT="och"/><SP WIDTH="30" VPOS="723" HPOS="1306"/>
							<String ID="string_84" HPOS="1336" VPOS="724" WIDTH="466" HEIGHT="51" WC="0.92" CONTENT="säkerhetsanordningar"/><SP WIDTH="28" VPOS="724" HPOS="1802"/>
							<String ID="string_85" HPOS="1830" VPOS="730" WIDTH="21" HEIGHT="33" WC="0.83" CONTENT="å"/><SP WIDTH="29" VPOS="730" HPOS="1851"/>
							<String ID="string_86" HPOS="1880" VPOS="728" WIDTH="124" HEIGHT="48" WC="0.91" CONTENT="skjut-"/>
						</TextLine>
						<TextLine ID="line_11" HPOS="386" VPOS="768" WIDTH="1618" HEIGHT="56">
							<String ID="string_87" HPOS="386" VPOS="768" WIDTH="72" HEIGHT="36" WC="0.95" CONTENT="fält"/><SP WIDTH="28" VPOS="768" HPOS="458"/>
							<String ID="string_88" HPOS="486" VPOS="769" WIDTH="71" HEIGHT="37" WC="0.95" CONTENT="och"/><SP WIDTH="29" VPOS="769" HPOS="557"/>
							<String ID="string_89" HPOS="586" VPOS="770" WIDTH="227" HEIGHT="48" WC="0.93" CONTENT="skjutbanor"/><SP WIDTH="28" VPOS="770" HPOS="813"/>
							<String ID="string_90" HPOS="841" VPOS="785" WIDTH="47" HEIGHT="23" WC="0.87" CONTENT="m."/><SP WIDTH="31" VPOS="785" HPOS="888"/>
							<String ID="string_91" HPOS="919" VPOS="785" WIDTH="49" HEIGHT="23" WC="0.90" CONTENT="m."/><SP WIDTH="56" VPOS="785" HPOS="968"/>
							<String ID="string_92" HPOS="1024" VPOS="772" WIDTH="69" HEIGHT="37" WC="0.87" CONTENT="Hit"/><SP WIDTH="28" VPOS="772" HPOS="1093"/>
							<String ID="string_93" HPOS="1121" VPOS="774" WIDTH="170" HEIGHT="38" WC="0.96" CONTENT="hörande"/><SP WIDTH="29" VPOS="774" HPOS="1291"/>
							<String ID="string_94" HPOS="1320" VPOS="775" WIDTH="138" HEIGHT="49" WC="0.96" CONTENT="anslag"/><SP WIDTH="27" VPOS="775" HPOS="1458"/>
							<String ID="string_95" HPOS="1485" VPOS="782" WIDTH="65" HEIGHT="31" WC="0.97" CONTENT="äro"/><SP WIDTH="28" VPOS="782" HPOS="1550"/>
							<String ID="string_96" HPOS="1578" VPOS="777" WIDTH="171" HEIGHT="37" WC="0.96" CONTENT="avsedda"/><SP WIDTH="28" VPOS="777" HPOS="1749"/>
							<String ID="string_97" HPOS="1777" VPOS="783" WIDTH="54" HEIGHT="32" WC="0.93" CONTENT="att"/><SP WIDTH="29" VPOS="783" HPOS="1831"/>
							<String ID="string_98" HPOS="1860" VPOS="779" WIDTH="144" HEIGHT="37" WC="0.92" CONTENT="förval-"/>
						</TextLine>
						<TextLine ID="line_12" HPOS="385" VPOS="821" WIDTH="1046" HEIGHT="54">
							<String ID="string_99" HPOS="385" VPOS="826" WIDTH="59" HEIGHT="31" WC="0.81" CONTENT="tas"/><SP WIDTH="28" VPOS="826" HPOS="444"/>
							<String ID="string_100" HPOS="472" VPOS="833" WIDTH="48" HEIGHT="23" WC="0.93" CONTENT="av"/><SP WIDTH="28" VPOS="833" HPOS="520"/>
							<String ID="string_101" HPOS="548" VPOS="821" WIDTH="417" HEIGHT="50" WC="0.90" CONTENT="arméförvaltningens"/><SP WIDTH="28" VPOS="821" HPOS="965"/>
							<String ID="string_102" HPOS="993" VPOS="824" WIDTH="438" HEIGHT="51" WC="0.92" CONTENT="artilleridepartement."/>
						</TextLine>
					</TextBlock>
					<TextBlock ID="block_4" HPOS="383" VPOS="871" WIDTH="1619" HEIGHT="207">
						<TextLine ID="line_13" HPOS="492" VPOS="871" WIDTH="1510" HEIGHT="58">
							<String ID="string_103" HPOS="492" VPOS="871" WIDTH="46" HEIGHT="37" WC="0.92" CONTENT="G."/><SP WIDTH="56" VPOS="871" HPOS="538"/>
							<String ID="string_104" HPOS="594" VPOS="874" WIDTH="222" HEIGHT="49" WC="0.96" CONTENT="Byggnader"/><SP WIDTH="40" VPOS="874" HPOS="816"/>
							<String ID="string_105" HPOS="856" VPOS="877" WIDTH="61" HEIGHT="34" WC="0.93" CONTENT="och"/><SP WIDTH="42" VPOS="877" HPOS="917"/>
							<String ID="string_106" HPOS="959" VPOS="877" WIDTH="334" HEIGHT="48" WC="0.88" CONTENT="ingenjörmateriel,"/><SP WIDTH="30" VPOS="877" HPOS="1293"/>
							<String ID="string_107" HPOS="1323" VPOS="879" WIDTH="237" HEIGHT="37" WC="0.96" CONTENT="omfattande"/><SP WIDTH="35" VPOS="879" HPOS="1560"/>
							<String ID="string_108" HPOS="1595" VPOS="881" WIDTH="139" HEIGHT="48" WC="0.96" CONTENT="anslag"/><SP WIDTH="28" VPOS="881" HPOS="1734"/>
							<String ID="string_109" HPOS="1762" VPOS="880" WIDTH="58" HEIGHT="37" WC="0.96" CONTENT="för"/><SP WIDTH="28" VPOS="880" HPOS="1820"/>
							<String ID="string_110" HPOS="1848" VPOS="882" WIDTH="154" HEIGHT="36" WC="0.96" CONTENT="arméns"/>
						</TextLine>
						<TextLine ID="line_14" HPOS="385" VPOS="922" WIDTH="1615" HEIGHT="60">
							<String ID="string_111" HPOS="385" VPOS="922" WIDTH="242" HEIGHT="50" WC="0.95" CONTENT="byggnader,"/><SP WIDTH="29" VPOS="922" HPOS="627"/>
							<String ID="string_112" HPOS="656" VPOS="926" WIDTH="238" HEIGHT="49" WC="0.95" CONTENT="övningsfält"/><SP WIDTH="42" VPOS="926" HPOS="894"/>
							<String ID="string_113" HPOS="936" VPOS="928" WIDTH="74" HEIGHT="36" WC="0.95" CONTENT="och"/><SP WIDTH="41" VPOS="928" HPOS="1010"/>
							<String ID="string_114" HPOS="1051" VPOS="929" WIDTH="236" HEIGHT="48" WC="0.96" CONTENT="skjutbanor,"/><SP WIDTH="30" VPOS="929" HPOS="1287"/>
							<String ID="string_115" HPOS="1317" VPOS="935" WIDTH="184" HEIGHT="32" WC="0.96" CONTENT="ävensom"/><SP WIDTH="42" VPOS="935" HPOS="1501"/>
							<String ID="string_116" HPOS="1543" VPOS="932" WIDTH="60" HEIGHT="36" WC="0.93" CONTENT="för"/><SP WIDTH="30" VPOS="932" HPOS="1603"/>
							<String ID="string_117" HPOS="1633" VPOS="932" WIDTH="367" HEIGHT="50" WC="0.91" CONTENT="ingenjörmateriel."/>
						</TextLine>
						<TextLine ID="line_15" HPOS="384" VPOS="974" WIDTH="1618" HEIGHT="54">
							<String ID="string_118" HPOS="384" VPOS="974" WIDTH="199" HEIGHT="49" WC="0.96" CONTENT="Anslagen"/><SP WIDTH="41" VPOS="974" HPOS="583"/>
							<String ID="string_119" HPOS="624" VPOS="977" WIDTH="123" HEIGHT="36" WC="0.96" CONTENT="under"/><SP WIDTH="40" VPOS="977" HPOS="747"/>
							<String ID="string_120" HPOS="787" VPOS="978" WIDTH="126" HEIGHT="36" WC="0.96" CONTENT="denna"/><SP WIDTH="42" VPOS="978" HPOS="913"/>
							<String ID="string_121" HPOS="955" VPOS="993" WIDTH="126" HEIGHT="35" WC="0.96" CONTENT="grupp"/><SP WIDTH="38" VPOS="993" HPOS="1081"/>
							<String ID="string_122" HPOS="1119" VPOS="980" WIDTH="153" HEIGHT="37" WC="0.96" CONTENT="komma"/><SP WIDTH="28" VPOS="980" HPOS="1272"/>
							<String ID="string_123" HPOS="1300" VPOS="986" WIDTH="55" HEIGHT="31" WC="0.96" CONTENT="att"/><SP WIDTH="27" VPOS="986" HPOS="1355"/>
							<String ID="string_124" HPOS="1382" VPOS="982" WIDTH="183" HEIGHT="37" WC="0.96" CONTENT="förvaltas"/><SP WIDTH="28" VPOS="982" HPOS="1565"/>
							<String ID="string_125" HPOS="1593" VPOS="996" WIDTH="48" HEIGHT="23" WC="0.93" CONTENT="av"/><SP WIDTH="29" VPOS="996" HPOS="1641"/>
							<String ID="string_126" HPOS="1670" VPOS="985" WIDTH="332" HEIGHT="37" WC="0.90" CONTENT="arméförvaltnin-"/>
						</TextLine>
						<TextLine ID="line_16" HPOS="383" VPOS="1027" WIDTH="678" HEIGHT="51">
							<String ID="string_127" HPOS="383" VPOS="1039" WIDTH="97" HEIGHT="35" WC="0.93" CONTENT="gens"/><SP WIDTH="31" VPOS="1039" HPOS="480"/>
							<String ID="string_128" HPOS="511" VPOS="1027" WIDTH="550" HEIGHT="51" WC="0.91" CONTENT="fortifikationsdepartement."/>
						</TextLine>
					</TextBlock>
					<TextBlock ID="block_5" HPOS="380" VPOS="1078" WIDTH="1621" HEIGHT="306">
						<TextLine ID="line_17" HPOS="488" VPOS="1078" WIDTH="1512" HEIGHT="58">
							<String ID="string_129" HPOS="488" VPOS="1078" WIDTH="48" HEIGHT="36" WC="0.92" CONTENT="H."/><SP WIDTH="55" VPOS="1078" HPOS="536"/>
							<String ID="string_130" HPOS="591" VPOS="1080" WIDTH="159" HEIGHT="45" WC="0.72" CONTENT="Diverse,"/><SP WIDTH="31" VPOS="1080" HPOS="750"/>
							<String ID="string_131" HPOS="781" VPOS="1081" WIDTH="266" HEIGHT="37" WC="0.95" CONTENT="innefattande"/><SP WIDTH="37" VPOS="1081" HPOS="1047"/>
							<String ID="string_132" HPOS="1084" VPOS="1082" WIDTH="178" HEIGHT="50" WC="0.96" CONTENT="anslaget"/><SP WIDTH="35" VPOS="1082" HPOS="1262"/>
							<String ID="string_133" HPOS="1297" VPOS="1084" WIDTH="57" HEIGHT="36" WC="0.96" CONTENT="till"/><SP WIDTH="30" VPOS="1084" HPOS="1354"/>
							<String ID="string_134" HPOS="1384" VPOS="1086" WIDTH="218" HEIGHT="48" WC="0.96" CONTENT="ersättning"/><SP WIDTH="28" VPOS="1086" HPOS="1602"/>
							<String ID="string_135" HPOS="1630" VPOS="1086" WIDTH="61" HEIGHT="37" WC="0.96" CONTENT="för"/><SP WIDTH="28" VPOS="1086" HPOS="1691"/>
							<String ID="string_136" HPOS="1719" VPOS="1087" WIDTH="179" HEIGHT="49" WC="0.96" CONTENT="rustning"/><SP WIDTH="29" VPOS="1087" HPOS="1898"/>
							<String ID="string_137" HPOS="1927" VPOS="1088" WIDTH="73" HEIGHT="37" WC="0.96" CONTENT="och"/>
						</TextLine>
						<TextLine ID="line_18" HPOS="382" VPOS="1129" WIDTH="1619" HEIGHT="54">
							<String ID="string_138" HPOS="382" VPOS="1129" WIDTH="173" HEIGHT="49" WC="0.91" CONTENT="rotering"/><SP WIDTH="41" VPOS="1129" HPOS="555"/>
							<String ID="string_139" HPOS="596" VPOS="1136" WIDTH="100" HEIGHT="31" WC="0.96" CONTENT="samt"/><SP WIDTH="41" VPOS="1136" HPOS="696"/>
							<String ID="string_140" HPOS="737" VPOS="1132" WIDTH="185" HEIGHT="49" WC="0.95" CONTENT="anslagen"/><SP WIDTH="42" VPOS="1132" HPOS="922"/>
							<String ID="string_141" HPOS="964" VPOS="1133" WIDTH="58" HEIGHT="36" WC="0.94" CONTENT="till"/><SP WIDTH="37" VPOS="1133" HPOS="1022"/>
							<String ID="string_142" HPOS="1059" VPOS="1139" WIDTH="109" HEIGHT="31" WC="0.96" CONTENT="extra"/><SP WIDTH="26" VPOS="1139" HPOS="1168"/>
							<String ID="string_143" HPOS="1194" VPOS="1135" WIDTH="162" HEIGHT="48" WC="0.96" CONTENT="utgifter"/><SP WIDTH="27" VPOS="1135" HPOS="1356"/>
							<String ID="string_144" HPOS="1383" VPOS="1137" WIDTH="73" HEIGHT="36" WC="0.96" CONTENT="och"/><SP WIDTH="29" VPOS="1137" HPOS="1456"/>
							<String ID="string_145" HPOS="1485" VPOS="1137" WIDTH="55" HEIGHT="36" WC="0.96" CONTENT="till"/><SP WIDTH="28" VPOS="1137" HPOS="1540"/>
							<String ID="string_146" HPOS="1568" VPOS="1138" WIDTH="245" HEIGHT="37" WC="0.96" CONTENT="kommittéer"/><SP WIDTH="28" VPOS="1138" HPOS="1813"/>
							<String ID="string_147" HPOS="1841" VPOS="1140" WIDTH="72" HEIGHT="36" WC="0.93" CONTENT="och"/><SP WIDTH="28" VPOS="1140" HPOS="1913"/>
							<String ID="string_148" HPOS="1941" VPOS="1145" WIDTH="60" HEIGHT="31" WC="0.91" CONTENT="ut-"/>
						</TextLine>
						<TextLine ID="line_19" HPOS="381" VPOS="1180" WIDTH="1619" HEIGHT="57">
							<String ID="string_149" HPOS="381" VPOS="1180" WIDTH="211" HEIGHT="50" WC="0.91" CONTENT="redningar"/><SP WIDTH="40" VPOS="1180" HPOS="592"/>
							<String ID="string_150" HPOS="632" VPOS="1196" WIDTH="142" HEIGHT="35" WC="0.95" CONTENT="genom"/><SP WIDTH="29" VPOS="1196" HPOS="774"/>
							<String ID="string_151" HPOS="803" VPOS="1184" WIDTH="254" HEIGHT="49" WC="0.94" CONTENT="sakkunniga."/><SP WIDTH="57" VPOS="1184" HPOS="1057"/>
							<String ID="string_152" HPOS="1114" VPOS="1186" WIDTH="75" HEIGHT="37" WC="0.96" CONTENT="Det"/><SP WIDTH="27" VPOS="1186" HPOS="1189"/>
							<String ID="string_153" HPOS="1216" VPOS="1187" WIDTH="104" HEIGHT="37" WC="0.96" CONTENT="förra"/><SP WIDTH="27" VPOS="1187" HPOS="1320"/>
							<String ID="string_154" HPOS="1347" VPOS="1188" WIDTH="180" HEIGHT="49" WC="0.96" CONTENT="anslaget"/><SP WIDTH="28" VPOS="1188" HPOS="1527"/>
							<String ID="string_155" HPOS="1555" VPOS="1189" WIDTH="124" HEIGHT="37" WC="0.95" CONTENT="skulle"/><SP WIDTH="29" VPOS="1189" HPOS="1679"/>
							<String ID="string_156" HPOS="1708" VPOS="1193" WIDTH="125" HEIGHT="34" WC="0.95" CONTENT="såsom"/><SP WIDTH="29" VPOS="1193" HPOS="1833"/>
							<String ID="string_157" HPOS="1862" VPOS="1191" WIDTH="138" HEIGHT="37" WC="0.95" CONTENT="hittills"/>
						</TextLine>
						<TextLine ID="line_20" HPOS="382" VPOS="1232" WIDTH="1618" HEIGHT="47">
							<String ID="string_158" HPOS="382" VPOS="1232" WIDTH="184" HEIGHT="37" WC="0.81" CONTENT="förvaltas"/><SP WIDTH="45" VPOS="1232" HPOS="566"/>
							<String ID="string_159" HPOS="611" VPOS="1247" WIDTH="49" HEIGHT="23" WC="0.96" CONTENT="av"/><SP WIDTH="46" VPOS="1247" HPOS="660"/>
							<String ID="string_160" HPOS="706" VPOS="1235" WIDTH="279" HEIGHT="37" WC="0.95" CONTENT="statskontoret"/><SP WIDTH="45" VPOS="1235" HPOS="985"/>
							<String ID="string_161" HPOS="1030" VPOS="1237" WIDTH="72" HEIGHT="36" WC="0.96" CONTENT="och"/><SP WIDTH="44" VPOS="1237" HPOS="1102"/>
							<String ID="string_162" HPOS="1146" VPOS="1238" WIDTH="48" HEIGHT="36" WC="0.96" CONTENT="de"/><SP WIDTH="43" VPOS="1238" HPOS="1194"/>
							<String ID="string_163" HPOS="1237" VPOS="1238" WIDTH="93" HEIGHT="37" WC="0.96" CONTENT="båda"/><SP WIDTH="43" VPOS="1238" HPOS="1330"/>
							<String ID="string_164" HPOS="1373" VPOS="1253" WIDTH="135" HEIGHT="24" WC="0.92" CONTENT="senare"/><SP WIDTH="41" VPOS="1253" HPOS="1508"/>
							<String ID="string_165" HPOS="1549" VPOS="1240" WIDTH="225" HEIGHT="38" WC="0.91" CONTENT="handhavas"/><SP WIDTH="27" VPOS="1240" HPOS="1774"/>
							<String ID="string_166" HPOS="1801" VPOS="1256" WIDTH="48" HEIGHT="23" WC="0.93" CONTENT="av"/><SP WIDTH="27" VPOS="1256" HPOS="1849"/>
							<String ID="string_167" HPOS="1876" VPOS="1244" WIDTH="124" HEIGHT="35" WC="0.92" CONTENT="armé-"/>
						</TextLine>
						<TextLine ID="line_21" HPOS="382" VPOS="1284" WIDTH="1616" HEIGHT="59">
							<String ID="string_168" HPOS="382" VPOS="1284" WIDTH="313" HEIGHT="50" WC="0.96" CONTENT="förvaltningens"/><SP WIDTH="42" VPOS="1284" HPOS="695"/>
							<String ID="string_169" HPOS="737" VPOS="1287" WIDTH="110" HEIGHT="36" WC="0.95" CONTENT="civila"/><SP WIDTH="41" VPOS="1287" HPOS="847"/>
							<String ID="string_170" HPOS="888" VPOS="1287" WIDTH="281" HEIGHT="50" WC="0.96" CONTENT="departement,"/><SP WIDTH="30" VPOS="1287" HPOS="1169"/>
							<String ID="string_171" HPOS="1199" VPOS="1303" WIDTH="87" HEIGHT="24" WC="0.96" CONTENT="men"/><SP WIDTH="42" VPOS="1303" HPOS="1286"/>
							<String ID="string_172" HPOS="1328" VPOS="1291" WIDTH="226" HEIGHT="49" WC="0.96" CONTENT="disponeras"/><SP WIDTH="41" VPOS="1291" HPOS="1554"/>
							<String ID="string_173" HPOS="1595" VPOS="1293" WIDTH="127" HEIGHT="36" WC="0.97" CONTENT="direkt"/><SP WIDTH="41" VPOS="1293" HPOS="1722"/>
							<String ID="string_174" HPOS="1763" VPOS="1307" WIDTH="47" HEIGHT="23" WC="0.96" CONTENT="av"/><SP WIDTH="42" VPOS="1307" HPOS="1810"/>
							<String ID="string_175" HPOS="1852" VPOS="1294" WIDTH="146" HEIGHT="49" WC="0.95" CONTENT="Kungl."/>
						</TextLine>
						<TextLine ID="line_22" HPOS="380" VPOS="1335" WIDTH="120" HEIGHT="49">
							<String ID="string_176" HPOS="380" VPOS="1335" WIDTH="120" HEIGHT="49" WC="0.85" CONTENT="Maj:t."/>
						</TextLine>
					</TextBlock>
					<TextBlock ID="block_6" HPOS="380" VPOS="1387" WIDTH="1617" HEIGHT="111">
						<TextLine ID="line_23" HPOS="486" VPOS="1387" WIDTH="1511" HEIGHT="59">
							<String ID="string_177" HPOS="486" VPOS="1387" WIDTH="131" HEIGHT="37" WC="0.96" CONTENT="Under"/><SP WIDTH="28" VPOS="1387" HPOS="617"/>
							<String ID="string_178" HPOS="645" VPOS="1388" WIDTH="47" HEIGHT="37" WC="0.96" CONTENT="de"/><SP WIDTH="21" VPOS="1388" HPOS="692"/>
							<String ID="string_179" HPOS="713" VPOS="1390" WIDTH="155" HEIGHT="36" WC="0.96" CONTENT="sålunda"/><SP WIDTH="21" VPOS="1390" HPOS="868"/>
							<String ID="string_180" HPOS="889" VPOS="1390" WIDTH="169" HEIGHT="49" WC="0.92" CONTENT="angivna"/><SP WIDTH="19" VPOS="1390" HPOS="1058"/>
							<String ID="string_181" HPOS="1077" VPOS="1392" WIDTH="358" HEIGHT="38" WC="0.91" CONTENT="huvudrubrikerna"/><SP WIDTH="20" VPOS="1392" HPOS="1435"/>
							<String ID="string_182" HPOS="1455" VPOS="1395" WIDTH="91" HEIGHT="37" WC="0.96" CONTENT="böra"/><SP WIDTH="20" VPOS="1395" HPOS="1546"/>
							<String ID="string_183" HPOS="1566" VPOS="1395" WIDTH="131" HEIGHT="37" WC="0.96" CONTENT="vidare"/><SP WIDTH="21" VPOS="1395" HPOS="1697"/>
							<String ID="string_184" HPOS="1718" VPOS="1396" WIDTH="46" HEIGHT="37" WC="0.96" CONTENT="de"/><SP WIDTH="20" VPOS="1396" HPOS="1764"/>
							<String ID="string_185" HPOS="1784" VPOS="1409" WIDTH="48" HEIGHT="23" WC="0.96" CONTENT="av"/><SP WIDTH="19" VPOS="1409" HPOS="1832"/>
							<String ID="string_186" HPOS="1851" VPOS="1397" WIDTH="146" HEIGHT="49" WC="0.95" CONTENT="Kungl."/>
						</TextLine>
						<TextLine ID="line_24" HPOS="380" VPOS="1438" WIDTH="1616" HEIGHT="60">
							<String ID="string_187" HPOS="380" VPOS="1438" WIDTH="109" HEIGHT="50" WC="0.96" CONTENT="Maj:t"/><SP WIDTH="28" VPOS="1438" HPOS="489"/>
							<String ID="string_188" HPOS="517" VPOS="1440" WIDTH="12" HEIGHT="35" WC="0.96" CONTENT="i"/><SP WIDTH="31" VPOS="1440" HPOS="529"/>
							<String ID="string_189" HPOS="560" VPOS="1441" WIDTH="98" HEIGHT="36" WC="0.95" CONTENT="1920"/><SP WIDTH="30" VPOS="1441" HPOS="658"/>
							<String ID="string_190" HPOS="688" VPOS="1443" WIDTH="62" HEIGHT="34" WC="0.93" CONTENT="års"/><SP WIDTH="28" VPOS="1443" HPOS="750"/>
							<String ID="string_191" HPOS="778" VPOS="1441" WIDTH="160" HEIGHT="38" WC="0.91" CONTENT="riksstat"/><SP WIDTH="27" VPOS="1441" HPOS="938"/>
							<String ID="string_192" HPOS="965" VPOS="1443" WIDTH="220" HEIGHT="50" WC="0.96" CONTENT="föreslagna"/><SP WIDTH="28" VPOS="1443" HPOS="1185"/>
							<String ID="string_193" HPOS="1213" VPOS="1444" WIDTH="185" HEIGHT="49" WC="0.96" CONTENT="anslagen"/><SP WIDTH="28" VPOS="1444" HPOS="1398"/>
							<String ID="string_194" HPOS="1426" VPOS="1452" WIDTH="192" HEIGHT="43" WC="0.96" CONTENT="upptagas"/><SP WIDTH="29" VPOS="1452" HPOS="1618"/>
							<String ID="string_195" HPOS="1647" VPOS="1451" WIDTH="48" HEIGHT="46" WC="0.96" CONTENT="på"/><SP WIDTH="20" VPOS="1451" HPOS="1695"/>
							<String ID="string_196" HPOS="1715" VPOS="1448" WIDTH="168" HEIGHT="50" WC="0.96" CONTENT="följande"/><SP WIDTH="19" VPOS="1448" HPOS="1883"/>
							<String ID="string_197" HPOS="1902" VPOS="1453" WIDTH="94" HEIGHT="33" WC="0.96" CONTENT="sätt:"/>
						</TextLine>
					</TextBlock>
				</ComposedBlock>
				<ComposedBlock ID="cblock_2" HPOS="684" VPOS="1570" WIDTH="1000" HEIGHT="39">
					<TextBlock ID="block_7" HPOS="684" VPOS="1570" WIDTH="1000" HEIGHT="39">
						<TextLine ID="line_25" HPOS="684" VPOS="1570" WIDTH="1000" HEIGHT="39">
							<String ID="string_198" HPOS="684" VPOS="1570" WIDTH="44" HEIGHT="28" WC="0.0" CONTENT="ÅA."/><SP WIDTH="45" VPOS="1570" HPOS="728"/>
							<String ID="string_199" HPOS="773" VPOS="1571" WIDTH="198" HEIGHT="36" WC="0.89" CONTENT="Avlöning,"/><SP WIDTH="25" VPOS="1571" HPOS="971"/>
							<String ID="string_200" HPOS="996" VPOS="1573" WIDTH="242" HEIGHT="36" WC="0.96" CONTENT="rekrytering,"/><SP WIDTH="23" VPOS="1573" HPOS="1238"/>
							<String ID="string_201" HPOS="1261" VPOS="1575" WIDTH="286" HEIGHT="29" WC="0.93" CONTENT="resekostnader"/><SP WIDTH="23" VPOS="1575" HPOS="1547"/>
							<String ID="string_202" HPOS="1570" VPOS="1586" WIDTH="44" HEIGHT="19" WC="0.89" CONTENT="m."/><SP WIDTH="26" VPOS="1586" HPOS="1614"/>
							<String ID="string_203" HPOS="1640" VPOS="1586" WIDTH="44" HEIGHT="19" WC="0.89" CONTENT="m."/>
						</TextLine>
					</TextBlock>
				</ComposedBlock>
				<ComposedBlock ID="cblock_3" HPOS="375" VPOS="1643" WIDTH="1620" HEIGHT="671">
					<TextBlock ID="block_8" HPOS="483" VPOS="1643" WIDTH="446" HEIGHT="49">
						<TextLine ID="line_26" HPOS="483" VPOS="1643" WIDTH="446" HEIGHT="49">
							<String ID="string_204" HPOS="483" VPOS="1643" WIDTH="446" HEIGHT="49" WC="0.91" CONTENT="Departementschefen."/>
						</TextLine>
					</TextBlock>
					<TextBlock ID="block_9" HPOS="483" VPOS="1694" WIDTH="327" HEIGHT="50">
						<TextLine ID="line_27" HPOS="483" VPOS="1694" WIDTH="327" HEIGHT="50">
							<String ID="string_205" HPOS="483" VPOS="1694" WIDTH="327" HEIGHT="50" WC="0.96" CONTENT="Departementet."/>
						</TextLine>
					</TextBlock>
					<TextBlock ID="block_10" HPOS="482" VPOS="1747" WIDTH="419" HEIGHT="49">
						<TextLine ID="line_28" HPOS="482" VPOS="1747" WIDTH="419" HEIGHT="49">
							<String ID="string_206" HPOS="482" VPOS="1747" WIDTH="419" HEIGHT="49" WC="0.86" CONTENT="Arméförvaltningen."/>
						</TextLine>
					</TextBlock>
					<TextBlock ID="block_11" HPOS="377" VPOS="1797" WIDTH="1618" HEIGHT="101">
						<TextLine ID="line_29" HPOS="480" VPOS="1797" WIDTH="1515" HEIGHT="59">
							<String ID="string_207" HPOS="480" VPOS="1797" WIDTH="284" HEIGHT="50" WC="0.96" CONTENT="Förstärkning"/><SP WIDTH="29" VPOS="1797" HPOS="764"/>
							<String ID="string_208" HPOS="793" VPOS="1813" WIDTH="46" HEIGHT="23" WC="0.92" CONTENT="av"/><SP WIDTH="23" VPOS="1813" HPOS="839"/>
							<String ID="string_209" HPOS="862" VPOS="1799" WIDTH="327" HEIGHT="38" WC="0.92" CONTENT="arbetskrafterna"/><SP WIDTH="28" VPOS="1799" HPOS="1189"/>
							<String ID="string_210" HPOS="1217" VPOS="1802" WIDTH="11" HEIGHT="36" WC="0.93" CONTENT="i"/><SP WIDTH="30" VPOS="1802" HPOS="1228"/>
							<String ID="string_211" HPOS="1258" VPOS="1803" WIDTH="407" HEIGHT="49" WC="0.92" CONTENT="arméförvaltningen,"/><SP WIDTH="14" VPOS="1803" HPOS="1665"/>
							<String ID="string_212" HPOS="1679" VPOS="1806" WIDTH="316" HEIGHT="50" WC="0.91" CONTENT="förslagsanslag,"/>
						</TextLine>
						<TextLine ID="line_30" HPOS="377" VPOS="1849" WIDTH="128" HEIGHT="49">
							<String ID="string_213" HPOS="377" VPOS="1849" WIDTH="128" HEIGHT="49" WC="0.96" CONTENT="högst."/>
						</TextLine>
					</TextBlock>
					<TextBlock ID="block_12" HPOS="377" VPOS="1901" WIDTH="1616" HEIGHT="88">
						<TextLine ID="line_31" HPOS="482" VPOS="1901" WIDTH="1511" HEIGHT="58">
							<String ID="string_214" HPOS="482" VPOS="1901" WIDTH="198" HEIGHT="49" WC="0.91" CONTENT="Avlöning"/><SP WIDTH="27" VPOS="1901" HPOS="680"/>
							<String ID="string_215" HPOS="707" VPOS="1901" WIDTH="58" HEIGHT="37" WC="0.96" CONTENT="till"/><SP WIDTH="27" VPOS="1901" HPOS="765"/>
							<String ID="string_216" HPOS="792" VPOS="1902" WIDTH="179" HEIGHT="49" WC="0.95" CONTENT="personal"/><SP WIDTH="28" VPOS="1902" HPOS="971"/>
							<String ID="string_217" HPOS="999" VPOS="1903" WIDTH="65" HEIGHT="37" WC="0.96" CONTENT="vid"/><SP WIDTH="28" VPOS="1903" HPOS="1064"/>
							<String ID="string_218" HPOS="1092" VPOS="1904" WIDTH="128" HEIGHT="37" WC="0.96" CONTENT="staber"/><SP WIDTH="28" VPOS="1904" HPOS="1220"/>
							<String ID="string_219" HPOS="1248" VPOS="1905" WIDTH="72" HEIGHT="36" WC="0.93" CONTENT="och"/><SP WIDTH="28" VPOS="1905" HPOS="1320"/>
							<String ID="string_220" HPOS="1348" VPOS="1906" WIDTH="282" HEIGHT="49" WC="0.90" CONTENT="truppförband"/><SP WIDTH="29" VPOS="1906" HPOS="1630"/>
							<String ID="string_221" HPOS="1659" VPOS="1921" WIDTH="49" HEIGHT="23" WC="0.90" CONTENT="m."/><SP WIDTH="31" VPOS="1921" HPOS="1708"/>
							<String ID="string_222" HPOS="1739" VPOS="1908" WIDTH="50" HEIGHT="48" WC="0.59" CONTENT="fl.,"/><SP WIDTH="17" VPOS="1908" HPOS="1789"/>
							<String ID="string_223" HPOS="1806" VPOS="1911" WIDTH="187" HEIGHT="48" WC="0.92" CONTENT="förslags-"/>
						</TextLine>
						<TextLine ID="line_32" HPOS="377" VPOS="1954" WIDTH="140" HEIGHT="35">
							<String ID="string_224" HPOS="377" VPOS="1954" WIDTH="140" HEIGHT="35" WC="0.95" CONTENT="anslag."/>
						</TextLine>
					</TextBlock>
					<TextBlock ID="block_13" HPOS="377" VPOS="1967" WIDTH="1616" HEIGHT="142">
						<TextLine ID="line_33" HPOS="482" VPOS="1967" WIDTH="1511" HEIGHT="92">
							<String ID="string_225" HPOS="482" VPOS="1967" WIDTH="187" HEIGHT="86" WC="0.80" CONTENT="Tillfällig"/><SP WIDTH="41" VPOS="1967" HPOS="669"/>
							<String ID="string_226" HPOS="710" VPOS="2005" WIDTH="289" HEIGHT="50" WC="0.91" CONTENT="lönereglering"/><SP WIDTH="36" VPOS="2005" HPOS="999"/>
							<String ID="string_227" HPOS="1035" VPOS="2006" WIDTH="60" HEIGHT="37" WC="0.96" CONTENT="för"/><SP WIDTH="32" VPOS="2006" HPOS="1095"/>
							<String ID="string_228" HPOS="1127" VPOS="2008" WIDTH="104" HEIGHT="36" WC="0.96" CONTENT="vissa"/><SP WIDTH="29" VPOS="2008" HPOS="1231"/>
							<String ID="string_229" HPOS="1260" VPOS="2007" WIDTH="190" HEIGHT="38" WC="0.93" CONTENT="ordinarie"/><SP WIDTH="29" VPOS="2007" HPOS="1450"/>
							<String ID="string_230" HPOS="1479" VPOS="2008" WIDTH="380" HEIGHT="51" WC="0.91" CONTENT="befattningshavare"/><SP WIDTH="29" VPOS="2008" HPOS="1859"/>
							<String ID="string_231" HPOS="1888" VPOS="2011" WIDTH="105" HEIGHT="37" WC="0.96" CONTENT="inom"/>
						</TextLine>
						<TextLine ID="line_34" HPOS="377" VPOS="2055" WIDTH="973" HEIGHT="54">
							<String ID="string_232" HPOS="377" VPOS="2055" WIDTH="74" HEIGHT="36" WC="0.96" CONTENT="den"/><SP WIDTH="29" VPOS="2055" HPOS="451"/>
							<String ID="string_233" HPOS="480" VPOS="2056" WIDTH="112" HEIGHT="36" WC="0.92" CONTENT="civila"/><SP WIDTH="28" VPOS="2056" HPOS="592"/>
							<String ID="string_234" HPOS="620" VPOS="2057" WIDTH="400" HEIGHT="49" WC="0.90" CONTENT="statsförvaltningen,"/><SP WIDTH="22" VPOS="2057" HPOS="1020"/>
							<String ID="string_235" HPOS="1042" VPOS="2059" WIDTH="308" HEIGHT="50" WC="0.90" CONTENT="förslagsanslag."/>
						</TextLine>
					</TextBlock>
					<TextBlock ID="block_14" HPOS="375" VPOS="2107" WIDTH="1617" HEIGHT="155">
						<TextLine ID="line_35" HPOS="480" VPOS="2107" WIDTH="1512" HEIGHT="56">
							<String ID="string_236" HPOS="480" VPOS="2107" WIDTH="284" HEIGHT="50" WC="0.95" CONTENT="Förstärkning"/><SP WIDTH="28" VPOS="2107" HPOS="764"/>
							<String ID="string_237" HPOS="792" VPOS="2122" WIDTH="46" HEIGHT="23" WC="0.96" CONTENT="av"/><SP WIDTH="29" VPOS="2122" HPOS="838"/>
							<String ID="string_238" HPOS="867" VPOS="2109" WIDTH="47" HEIGHT="37" WC="0.95" CONTENT="de"/><SP WIDTH="30" VPOS="2109" HPOS="914"/>
							<String ID="string_239" HPOS="944" VPOS="2109" WIDTH="56" HEIGHT="36" WC="0.93" CONTENT="till"/><SP WIDTH="28" VPOS="2109" HPOS="1000"/>
							<String ID="string_240" HPOS="1028" VPOS="2109" WIDTH="214" HEIGHT="38" WC="0.92" CONTENT="avlönande"/><SP WIDTH="29" VPOS="2109" HPOS="1242"/>
							<String ID="string_241" HPOS="1271" VPOS="2125" WIDTH="47" HEIGHT="22" WC="0.96" CONTENT="av"/><SP WIDTH="29" VPOS="2125" HPOS="1318"/>
							<String ID="string_242" HPOS="1347" VPOS="2112" WIDTH="102" HEIGHT="36" WC="0.96" CONTENT="vissa"/><SP WIDTH="29" VPOS="2112" HPOS="1449"/>
							<String ID="string_243" HPOS="1478" VPOS="2118" WIDTH="108" HEIGHT="30" WC="0.93" CONTENT="extra"/><SP WIDTH="22" VPOS="2118" HPOS="1586"/>
							<String ID="string_244" HPOS="1608" VPOS="2113" WIDTH="384" HEIGHT="50" WC="0.86" CONTENT="befattningshavare"/>
						</TextLine>
						<TextLine ID="line_36" HPOS="375" VPOS="2158" WIDTH="1617" HEIGHT="56">
							<String ID="string_245" HPOS="375" VPOS="2158" WIDTH="104" HEIGHT="36" WC="0.96" CONTENT="inom"/><SP WIDTH="38" VPOS="2158" HPOS="479"/>
							<String ID="string_246" HPOS="517" VPOS="2159" WIDTH="73" HEIGHT="37" WC="0.96" CONTENT="den"/><SP WIDTH="29" VPOS="2159" HPOS="590"/>
							<String ID="string_247" HPOS="619" VPOS="2159" WIDTH="113" HEIGHT="37" WC="0.93" CONTENT="civila"/><SP WIDTH="28" VPOS="2159" HPOS="732"/>
							<String ID="string_248" HPOS="760" VPOS="2161" WIDTH="388" HEIGHT="49" WC="0.91" CONTENT="statsförvaltningen"/><SP WIDTH="30" VPOS="2161" HPOS="1148"/>
							<String ID="string_249" HPOS="1178" VPOS="2168" WIDTH="97" HEIGHT="31" WC="0.96" CONTENT="samt"/><SP WIDTH="28" VPOS="2168" HPOS="1275"/>
							<String ID="string_250" HPOS="1303" VPOS="2163" WIDTH="56" HEIGHT="36" WC="0.93" CONTENT="till"/><SP WIDTH="27" VPOS="2163" HPOS="1359"/>
							<String ID="string_251" HPOS="1386" VPOS="2163" WIDTH="447" HEIGHT="51" WC="0.91" CONTENT="vikariatsersättningar"/><SP WIDTH="28" VPOS="2163" HPOS="1833"/>
							<String ID="string_252" HPOS="1861" VPOS="2180" WIDTH="49" HEIGHT="22" WC="0.91" CONTENT="m."/><SP WIDTH="31" VPOS="2180" HPOS="1910"/>
							<String ID="string_253" HPOS="1941" VPOS="2180" WIDTH="51" HEIGHT="23" WC="0.91" CONTENT="m."/>
						</TextLine>
						<TextLine ID="line_37" HPOS="375" VPOS="2210" WIDTH="678" HEIGHT="52">
							<String ID="string_254" HPOS="375" VPOS="2210" WIDTH="182" HEIGHT="37" WC="0.96" CONTENT="anvisade"/><SP WIDTH="28" VPOS="2210" HPOS="557"/>
							<String ID="string_255" HPOS="585" VPOS="2211" WIDTH="136" HEIGHT="47" WC="0.93" CONTENT="medel,"/><SP WIDTH="22" VPOS="2211" HPOS="721"/>
							<String ID="string_256" HPOS="743" VPOS="2213" WIDTH="310" HEIGHT="49" WC="0.88" CONTENT="förslagsanslag."/>
						</TextLine>
					</TextBlock>
					<TextBlock ID="block_15" HPOS="478" VPOS="2253" WIDTH="627" HEIGHT="61">
						<TextLine ID="line_38" HPOS="478" VPOS="2253" WIDTH="627" HEIGHT="61">
							<String ID="string_257" HPOS="478" VPOS="2253" WIDTH="291" HEIGHT="59" WC="0.92" CONTENT="Ålderstillägg,"/><SP WIDTH="24" VPOS="2253" HPOS="769"/>
							<String ID="string_258" HPOS="793" VPOS="2265" WIDTH="312" HEIGHT="49" WC="0.91" CONTENT="förslagsanslag."/>
						</TextLine>
					</TextBlock>
				</ComposedBlock>
			</PrintSpace>
		</Page>
	</Layout>
</alto>
