2210 2612
721 173 257 33 Statsutskottets
1000 172 169 32 utlåtande
1192 172 52 31 Nr
1266 174 19 28 4
1299 171 39 31 ÅA.
1781 169 41 29 55

225 260 98 37 Titel
368 261 17 35 I
1410 255 142 36 kronor
1591 249 22 56 =
1635 255 121 46 7,000:
1775 275 44 6 —

225 312 98 37 Titel
352 312 35 36 lI
692 345 5 4 .
1481 320 14 22 >
1583 307 173 46 -115,000:
1774 326 50 5 —

224 365 98 36 Titel
338 364 53 36 II
1482 371 17 23 »
1606 359 151 45 34,032:
1775 378 49 5 —

1230 429 152 36 Summa
1410 428 141 36 kronor
1582 428 196 45 156,032:-

329 509 33 45 Å
399 519 55 35 tit.
505 518 8 35 I
554 518 69 36 har
664 531 46 22 av
753 517 142 48 Kungl.
927 516 106 48 Maj:t
1062 515 182 48 vidtagits
1274 528 46 22 en
1349 513 221 48 minskning
1599 512 84 36 med
1713 512 112 45 2,000

227 571 142 35 kronor
396 573 49 46 på
472 569 124 49 grund
627 581 45 24 av
702 575 55 31 att
785 569 101 36 vissa
915 566 438 48 kasernetablissemang
1371 564 120 37 under
1510 567 40 34 år
1573 565 97 35 1920
1691 567 135 33 väntas

226 622 101 36 bliva
364 621 276 49 färdigställda.

329 673 182 36 Däremot
557 673 134 36 har'å
735 672 57 36 tit.
834 671 36 36 II
913 684 49 24 en
991 671 146 48 ökning
1166 669 219 49 föreslagits
1414 667 86 38 med
1530 668 113 47 2,200
1672 666 154 47 kronor,

228 725 190 37 beroende
447 728 47 45 på
521 725 102 36 vissa
651 723 252 50 nytillkomna
931 722 259 37 formationer.

330 777 71 36 Tit.
432 777 54 36 III
514 776 182 49 slutligen
725 776 67 36 har
820 776 58 36 för
908 774 195 50 anslagets
1120 772 249 50 avjämnande
1388 772 102 49 höjts
1507 771 85 37 med
1610 773 46 34 68
1674 770 151 36 kronor.

330 829 82 36 Den
440 828 119 37 totala
588 828 193 48 ökningen
811 828 59 36 för
898 830 41 34 år
970 828 97 35 1920
1097 825 158 50 belöper
1283 825 61 49 sig
1372 823 111 38 alltså
1510 823 53 37 till
1589 822 126 50 (2,200
1736 834 23 24 +
1780 824 47 34 68

229 903 45 3 —
293 882 112 46 2,000
422 880 51 48 =)
516 882 73 35 268
632 880 152 46 kronor,
813 879 225 48 varigenom
1066 878 177 48 anslaget
1271 876 121 37 skulle
1420 878 129 47 uppgå
1577 875 56 36 till
1666 875 162 47 156,300

228 933 151 36 kronor.

332 1036 58 36 Då
429 1035 255 37 Norrbottens
726 1033 251 38 kavallerikår
1005 1032 121 37 under
1154 1035 41 34 år
1226 1033 97 35 1920
1351 1030 82 38 icke
1461 1030 107 37 torde
1598 1029 150 37 komma
1775 1033 55 32 att
1875 1037 148 23 Utskottets

229 1093 212 45 uppsättas,
483 1088 99 37 lärer
619 1086 173 50 anslaget
821 1086 127 37 kunna
977 1085 169 37 minskas
1175 1084 85 37 med
1289 1083 64 37 det
1381 1083 59 37 för
1468 1095 142 25 samma
1637 1081 192 50 truppför-
1888 1072 127 29 ört

230 1140 100 38 band
358 1139 217 38 beräknade
604 1139 191 49 beloppet,
827 1140 110 46 1,125
967 1138 152 36 kronor.

332 1192 17 36 I
390 1191 127 50 övrigt
558 1191 67 37 har
666 1190 143 49 Kungl.
838 1190 128 49 Maj:ts
1004 1189 143 49 förslag
1174 1188 82 37 icke
1283 1187 98 49 givit
1408 1187 186 37 utskottet
1622 1185 208 48 anledning

229 1244 56 37 till
313 1244 161 37 erinran.

333 1297 75 36 Det
436 1296 59 37 för
523 1298 40 34 år
594 1296 98 36 1920
722 1294 249 48 erforderliga
1000 1292 341 50 anslagsbeloppet
1368 1292 69 36 bör
1465 1290 156 37 sålunda
1640 1295 190 44 upptagas

232 1349 85 36 med
346 1348 178 48 (156,300
544 1369 43 4 —
609 1348 109 46 1,125
736 1346 52 49 =)
821 1347 163 47 155,175
1014 1345 155 36 kronor.

333 1400 196 37 Utskottet
557 1399 220 38 hemställer
806 1398 122 47 alltså,

733 1506 55 32 att
816 1499 207 51 riksdagen
1052 1502 61 34 må

734 1553 33 49 a)
809 1553 13 36 i
861 1553 207 37 riksstaten
1109 1551 163 50 uppföra
1309 1555 54 33 ett
1403 1555 87 44 nytt
1531 1547 187 39 ordinarie
1763 1561 65 24 an-

631 1606 96 49 slag,
756 1605 180 37 benämnt
964 1604 340 38 »Skrivmaterialier
1332 1617 44 23 m.
1406 1616 46 23 m.
1482 1602 62 37 vid
1569 1601 260 50 truppförban-

633 1659 78 48 den,
740 1657 392 49 reservationsanslag»,

734 1709 37 49 b)
817 1709 122 37 under
993 1708 103 38 detta
1148 1708 135 48 anslag
1332 1707 132 37 anvisa
1506 1710 55 33 ett
1596 1704 140 50 belopp
1783 1717 46 24 av

634 1763 161 48 155,175
824 1762 154 37 kronor.

336 1874 98 49 35:0)
477 1874 143 48 Kungl.
665 1874 105 50 Maj:t
808 1874 68 36 har
914 1872 197 49 föreslagit
1138 1871 203 49 riksdagen
1372 1870 136 50 (punkt
1538 1868 61 50 33)
1628 1868 78 37 dels
1735 1873 55 31 att
1818 1867 11 36 i
1866 1884 175 29 Trycknings-

233 1928 206 36 riksstaten
471 1927 162 49 uppföra
661 1931 54 32 ett
742 1931 87 44 nytt
857 1925 189 38 ordinarie
1080 1924 144 49 anslag,
1253 1924 180 36 benämnt
1461 1920 368 51 »Tryckningskost-
1878 1919 146 23 kostnader.

234 1980 126 45 nader,
391 1978 349 50 förslagsanslag»;
770 1979 78 36 dels
877 1978 70 37 ock
975 1982 55 32 att
1054 1976 121 37 under
1195 1976 102 37 detta
1315 1975 135 48 anslag
1470 1974 129 37 anvisa
1619 1978 52 32 ett
1691 1973 138 49 belopp
1904 1961 92 46 [33.]

233 2046 47 23 av
312 2033 161 42 120,500
502 2031 154 37 kronor.
1670 2028 6 4 |

335 2083 267 49 Utredningen
643 2082 125 50 ifråga
809 2095 59 24 om
911 2081 175 49 anslaget
1127 2080 202 37 återfinnes
1370 2079 12 36 i
1415 2077 417 50 statsrådsprotokollet

234 2136 67 37 sid.
344 2138 100 35 338—
463 2137 85 36 340.

336 2230 133 48 Enligt
496 2230 143 49 Kungl.
669 2229 126 50 Maj:ts
822 2228 146 49 förslag
995 2227 108 37 skola
1131 2226 58 37 till
1216 2225 249 38 förevarande
1495 2237 73 37 nya
1598 2223 134 49 anslag
1747 2223 82 37 från
1849 2241 92 29 Kungl.
1964 2239 90 30 Maj:ta

234 2283 103 37 äldre
366 2283 135 48 anslag
529 2281 192 39 överföras
749 2280 168 51 följande
946 2279 153 51 belopp,
1127 2278 206 49 nämligen:
1853 2275 200 30 framställning.
