1894 2806
283 198 39 30 12
747 199 248 27 Statsutskottets
1019 198 158 28 utlåtande
1200 208 37 18 nr
1260 199 46 27 48.

283 281 54 31 för
372 281 217 29 närvarande
624 281 158 29 kommer
818 280 50 30 till
904 279 232 39 användning.
1174 279 58 30 Ett
1255 278 314 39 ianspråktagande
1594 288 42 21 av
1661 280 115 29 denna

285 324 275 39 gummitillgång
590 324 58 30 för
678 323 285 31 lastbilstrafiken
996 324 110 29 skulle
1137 323 176 35 innebära,
1347 326 50 27 att
1427 323 205 30 densamma
1665 323 111 30 skulle

283 370 120 29 kunna
422 368 112 30 hållas
553 369 10 29 i
584 367 91 39 gång
694 368 165 38 betydligt
879 368 117 38 längre
1017 369 44 28 än
1082 377 75 20 som
1179 367 108 30 skulle
1308 368 92 29 bliva
1421 367 134 39 möjligt
1575 377 57 20 om
1654 368 121 29 endast

282 413 41 29 de
344 412 180 38 befintliga
547 411 229 39 tillgångarna
798 411 44 39 på
864 412 265 38 lastbilsgummi
1151 411 222 39 utnyttjades.
1396 411 52 30 De
1467 411 310 39 trafikreglerande

283 456 284 38 myndigheterna
587 457 46 29 ha
652 457 106 28 sedan
776 456 100 38 länge
895 455 77 31 haft
991 456 52 29 sin
1061 456 312 38 uppmärksamhet
1391 456 115 30 riktad
1524 455 44 39 på
1588 456 99 30 dessa
1705 456 69 30 för-

284 501 195 35 hållanden,
505 501 65 29 och
595 500 106 30 sedan
725 510 81 20 man
830 500 111 30 under
963 499 289 39 nästföregående
1275 499 39 31 år
1337 499 125 36 funnit,
1487 503 49 27 att
1560 500 57 30 det
1639 510 41 20 ur
1704 500 70 30 tek-

284 544 76 30 nisk
379 545 177 37 synpunkt
575 545 40 29 är
632 544 135 39 möjligt
786 547 48 27 att
853 545 171 38 ombygga
1043 544 90 30 vissa
1153 547 99 36 typer
1269 554 42 20 av
1328 544 296 30 lastautomobiler
1642 544 55 31 för
1717 554 58 20 an-

283 588 177 39 vändning
479 589 78 29 med
578 588 325 39 personbilsgummi
925 597 123 30 genom
1066 591 50 27 att
1136 588 94 31 förse
1250 589 177 30 desamma
1447 589 79 30 med
1546 589 228 38 boggianord-

284 632 89 38 ning,
397 633 45 29 ha
463 632 218 31 föreskrifter
699 633 199 35 meddelats,
922 642 72 20 som
1016 633 92 39 syfta
1128 633 51 30 till
1200 636 49 27 att
1270 632 114 31 förmå
1405 633 158 30 enskilda
1582 633 194 39 företagare

283 679 49 27 att
356 677 185 29 verkställa
566 675 110 31 sådan
701 677 229 38 ombyggnad.
969 676 151 31 Sålunda
1146 678 45 29 ha
1217 678 90 29 vissa
1332 678 172 29 lättnader
1528 677 215 39 genomförts
1765 677 10 30 i

282 720 264 38 beskattningen
565 730 42 20 av
627 721 293 30 lastautomobiler
940 731 74 20 som
1032 722 181 38 ombyggts
1234 725 88 26 samt
1341 722 132 38 garanti
1493 722 125 29 utfästs
1637 721 57 30 för
1711 721 64 30 till-

283 763 139 39 delning
447 774 42 20 av
516 764 180 38 smörjolja
722 765 56 30 för
803 765 89 30 vissa
918 765 117 38 längre
1061 766 159 38 perioder
1245 766 55 29 för
1326 766 117 38 dylika
1468 766 305 30 lastautomobiler.

327 807 50 30 De
402 808 163 38 vidtagna
589 808 207 38 åtgärderna
822 810 45 29 ha
893 810 187 30 emellertid
1105 810 76 30 icke
1207 810 150 30 medfört
1382 810 221 39 ombyggnad
1628 820 42 20 av
1696 811 78 29 last-

284 852 228 30 automobiler
528 853 10 29 i
558 852 109 30 sådan
687 853 210 38 omfattning
914 863 73 20 som
1007 864 82 20 man
1108 855 134 29 önskat.

325 931 49 29 Av
396 930 382 37 trafikkommissionen
798 931 188 33 tillkallade
1008 933 285 39 utredningsmän
1324 933 188 31 framhöllo
1532 934 11 31 i
1564 935 136 39 avgivet
1718 935 56 29 be-

283 985 184 35 tänkande,
489 985 104 30 vilket
615 995 43 20 av
678 986 272 30 kommissionen
971 987 79 30 med
1070 990 74 36 eget
1165 986 177 31 utlåtande
1362 997 43 21 av
1425 988 67 29 den
1516 989 38 29 16
1575 997 96 21 mars
1692 987 81 31 1942

281 1037 260 31 överlämnades
560 1038 50 30 till
627 1039 122 39 Kungl.
769 1039 109 39 Maj:t,
899 1042 49 28 att
964 1040 58 30 vid
1039 1040 80 31 fullt
1136 1040 221 39 utnyttjande
1374 1050 42 21 av
1433 1040 213 40 tillgängliga
1664 1050 109 21 resur-

281 1100 54 20 ser
358 1091 57 30 för
438 1091 221 40 tillverkning
683 1093 64 29 och
772 1092 195 40 montering
990 1102 41 21 en
1055 1094 111 30 snabb
1191 1094 220 39 ombyggnad
1436 1094 111 30 skulle
1570 1095 120 30 kunna
1715 1094 60 30 ske

282 1153 41 21 av
345 1145 18 29 6
378 1145 63 29 000
464 1144 181 31 tvåaxlade
667 1145 154 32 lastbilar
843 1146 51 30 till
915 1146 182 36 treaxlade,
1119 1146 123 31 därvid
1263 1148 107 29 bakre
1390 1146 178 39 hjulaxeln
1590 1147 112 30 skulle
1723 1149 50 28 ut-

281 1198 99 38 bytas
407 1201 72 27 mot
504 1207 42 21 en
573 1198 163 31 tvåaxlad
761 1199 298 40 boggianordning
1083 1200 55 30 för
1164 1200 91 30 bruk
1280 1209 43 21 av
1348 1201 321 38 personbilsringar,
1698 1201 76 29 när-

282 1254 89 27 mast
399 1261 42 20 av
469 1251 239 31 dimensionen
736 1250 181 37 6,00—16"”.
949 1253 361 39 Utredningsmännen
1339 1253 187 31 framhöllo
1555 1255 88 29 även
1672 1254 102 30 önsk-

284 1305 187 30 värdheten
487 1314 43 21 av
546 1308 50 27 att
611 1304 160 40 åtgärder
788 1305 152 39 vidtoges
958 1306 10 30 i
986 1305 89 40 syfte
1092 1309 48 27 att
1159 1306 176 30 stimulera
1352 1306 263 40 lastbilägarnas
1633 1307 142 30 intresse

284 1357 53 30 för
359 1357 110 31 sådan
492 1359 231 38 ombyggnad.

326 1412 161 30 Nämnda
514 1412 186 39 utredning
726 1412 99 30 ledde
852 1413 51 30 till
928 1413 42 30 de
998 1422 42 20 av
1068 1413 380 39 departementschefen
1475 1413 148 30 berörda
1650 1414 124 29 skatte-

284 1465 215 31 lättnaderna
525 1468 89 27 samt
640 1466 218 38 garantierna
883 1466 11 30 i
918 1465 98 40 fråga
1042 1476 57 20 om
1125 1466 381 39 smörjoljetilldelning.

326 1518 14 29 I
365 1519 164 29 skrivelse
550 1519 69 30 den
644 1520 40 29 27
709 1518 137 39 januari
873 1520 82 29 1943
977 1520 64 29 har
1065 1519 380 38 trafikkommissionen
1469 1520 159 39 upptagit
1651 1519 124 40 frågan

283 1581 56 20 om
360 1572 115 39 statlig
495 1571 300 32 låneverksamhet
814 1574 11 30 i
846 1572 89 39 syfte
955 1576 48 27 att
1022 1573 197 30 underlätta
1240 1574 221 39 ombyggnad
1482 1583 42 21 av
1544 1574 157 30 lastbilar
1721 1573 55 30 för

282 1624 225 40 användning
529 1634 42 21 av
597 1624 311 40 personbilsringar
931 1626 65 29 och
1017 1626 65 29 har
1105 1626 123 30 därvid
1250 1625 116 31 anfört
1389 1626 164 39 följande.

326 1687 251 30 Erfarenheten
597 1688 66 29 har
686 1698 48 19 nu
757 1688 96 35 visat,
878 1691 49 27 att
951 1687 205 39 fortgången
1180 1697 41 21 av
1245 1689 66 29 den
1335 1688 149 30 avsedda
1507 1689 268 38 omställningen

283 1731 188 38 ingalunda
495 1732 98 30 blivit
616 1732 69 30 den
710 1733 163 29 önskade.
912 1733 130 29 Härvid
1066 1733 97 30 torde
1189 1733 85 30 även
1300 1732 209 39 svårigheter
1533 1734 46 29 ha
1606 1734 108 38 spelat
1739 1733 35 29 in

283 1776 53 30 för
355 1776 178 38 bilägarna
556 1779 50 28 att
628 1777 164 29 anskaffa
813 1777 55 30 för
889 1777 267 39 omställningen
1178 1777 222 39 erforderliga
1420 1778 120 30 medel.
1575 1777 200 30 Kostnaden

283 1820 54 30 för
353 1824 49 26 att
418 1821 92 30 förse
526 1831 43 20 en
586 1821 115 30 lastbil
717 1822 80 29 med
812 1821 299 39 boggianordning
1128 1821 134 39 uppgår
1277 1822 51 30 till
1345 1822 160 39 omkring
1521 1823 19 29 3
1554 1823 64 29 000
1635 1823 138 29 kronor.

285 1865 50 29 En
354 1865 165 39 släpvagn
537 1875 42 20 av
596 1866 68 29 den
682 1867 124 29 största
823 1869 70 36 typ,
912 1875 74 21 som
1006 1866 105 39 enligt
1129 1867 159 38 gällande
1304 1867 241 30 bestämmelse
1561 1868 70 28 kan
1649 1866 125 38 ifråga-

282 1910 142 29 komma
441 1910 10 29 i
470 1910 241 30 kombination
729 1911 79 29 med
824 1911 115 29 lastbil
957 1920 41 20 av
1016 1911 67 29 den
1100 1910 170 39 vanligast
1287 1911 286 30 förekommande
1592 1912 182 33 storleken,

283 1949 128 40 3—3'/2
430 1957 68 32 ton,
517 1954 157 38 betingar
693 1964 42 20 en
753 1955 149 30 kostnad
920 1964 42 21 av
981 1955 95 30 cirka
1094 1956 19 29 3
1128 1955 64 30 500
1211 1956 137 34 kronor,
1367 1956 110 29 under
1495 1956 56 30 det
1568 1958 50 27 att
1635 1956 139 29 kostna-

283 1998 65 29 den
366 1998 56 30 för
438 2008 43 20 en
498 1999 166 38 släpvagn
681 1999 80 30 med
777 1999 135 30 mindre
929 1999 226 39 lastförmåga
1174 2000 115 30 ställer
1306 1999 50 39 sig
1373 2000 102 38 lägre.
1495 1999 52 31 Då
1564 2000 57 30 det
1639 2000 10 29 i
1669 2008 104 21 nuva-

282 2042 107 30 rande
405 2042 307 40 försörjningsläge
728 2043 10 30 i
754 2042 97 40 fråga
868 2053 57 20 om
942 2043 250 39 lastbilsringar
1208 2043 164 31 framstår
1388 2043 115 31 såsom
1520 2044 138 30 särskilt
1674 2051 99 30 unge-

283 2087 89 38 läget
392 2090 50 26 att
463 2087 10 29 i
495 2088 170 30 snabbare
687 2088 73 30 takt
783 2089 43 28 än
847 2088 121 30 hittills
988 2088 36 30 få
1046 2088 50 30 till
1118 2088 102 30 stånd
1238 2098 44 20 en
1303 2088 173 39 övergång
1497 2089 50 30 till
1568 2087 206 40 personbils-

283 2131 88 30 däck
393 2131 221 31 beträffande
638 2135 47 27 ett
708 2133 177 30 numerärt
909 2134 107 29 större
1039 2134 95 29 antal
1158 2132 126 31 fordon
1308 2133 44 29 än
1377 2133 58 30 det
1457 2133 145 38 tidigare
1625 2132 149 39 angivna

283 2176 129 29 antalet
435 2185 43 20 av
501 2177 20 28 6
535 2176 74 34 000,
635 2176 70 30 tala
730 2177 86 38 goda
843 2177 75 29 skäl
942 2177 55 30 för
1020 2180 49 27 att
1092 2177 258 30 vederbörande
1374 2177 249 38 fordonsägare
1645 2176 130 31 erhålla

282 2222 47 27 ett
352 2220 221 30 ekonomiskt
599 2221 78 30 stöd
701 2221 11 29 i
735 2221 93 30 form
852 2231 43 20 av
919 2220 58 31 lån
1001 2221 55 30 för
1078 2221 267 39 ifrågavarande
1369 2221 174 36 ändamål,
1568 2221 107 30 vilket
1697 2220 78 30 stöd

283 2263 186 40 lämpligen
487 2274 101 28 synes
606 2265 121 30 kunna
746 2265 94 38 givas
859 2266 79 29 med
956 2265 177 31 anlitande
1150 2275 42 20 av
1211 2265 210 30 lånefonden
1439 2266 56 30 för
1512 2266 107 39 inköp
1638 2275 43 21 av
1701 2272 73 31 gas-

283 2311 215 35 generatorer
521 2309 56 30 för
599 2310 207 30 motordrift.

327 2370 278 31 Kommissionen
632 2371 65 30 har
723 2372 183 36 hemställt,
935 2375 49 27 att
1011 2371 124 40 Kungl.
1164 2371 101 39 Maj:t
1291 2371 107 31 måtte
1423 2373 146 29 utverka
1595 2371 179 40 bemyndi-

284 2424 109 38 gande
414 2434 43 20 av
477 2425 186 39 riksdagen
683 2427 50 28 att
753 2425 138 39 vidtaga
911 2424 130 32 sådana
1061 2425 225 39 jämkningar
1305 2426 11 29 i
1339 2426 158 38 gällande
1516 2425 260 31 bestämmelser

283 2476 55 31 för
359 2477 200 31 erhållande
580 2487 43 21 av
644 2477 58 31 lån
724 2477 79 31 från
825 2478 154 31 nämnda
1000 2478 95 36 fond,
1117 2481 49 28 att
1188 2477 58 32 lån
1268 2477 57 32 må
1347 2479 120 30 kunna
1488 2479 177 39 medgivas
1688 2479 87 29 även

285 2530 53 31 för
357 2530 107 40 inköp
485 2540 43 21 av
547 2531 296 39 personbilsboggi
864 2531 82 31 eller
966 2532 175 39 släpvagn.
