2208 2626
719 148 244 30 Statsutskottets
985 147 161 30 utlåtande
1173 147 50 29 Nr
1246 149 48 27 &0.
1748 146 13 28 1

924 587 60 40 Nr
1010 587 69 40 80.

740 708 117 28 Ankom
881 708 46 27 till
950 707 173 34 riksdagens
1147 707 95 27 kansli
1265 707 57 27 den
1347 708 37 25 22
1410 705 73 34 april
1508 707 76 26 1921
1613 706 37 27 kl.
1677 707 16 26 8
1718 715 25 18 e.
1768 715 38 18 m.

408 819 197 37 Utlåtande
645 819 14 35 i
699 818 196 47 anledning
936 830 60 23 av.
1024 817 135 49 Kungl.
1192 816 127 49 Maj:ts
1362 816 225 47 proposition
1627 815 182 49 angdende

602 886 133 47 anslag
756 885 65 48 för
850 885 247 47 bekämpande
1124 897 44 22 av
1197 883 268 36 arbetslösheten
1492 889 96 30 samt
1615 883 194 35 lindrande

603 965 43 23 av
675 953 73 35 nöd
767 952 113 46 jämte
907 952 14 35 i
948 955 121 32 ämnet
1095 950 128 36 väckta
1250 950 183 36 motioner.

1473 1014 73 47 (4:e
1575 1014 98 47 avd.)

334 1138 16 35 I
370 1138 71 35 den
464 1137 58 36 till
541 1136 200 49 riksdagen
762 1136 71 35 den
853 1137 19 34 7
890 1135 149 47 januari
1057 1136 92 35 1921
1168 1136 147 34 avlåtna
1328 1134 277 48 propositionen
1621 1133 190 45 angående

197 1189 237 35 statsverkets
467 1187 173 36 tillstånd
672 1188 69 34 och
768 1186 129 43 behov,
926 1185 114 36 femte
1068 1184 251 44 huvudtiteln,
1348 1185 120 47 punkt
1498 1186 56 42 19,
1583 1184 66 35 har
1676 1184 133 48 Kungl.

199 1239 105 48 Maj:t
344 1239 119 36 under
502 1238 177 36 rubriken
710 1237 264 47 »bekämpande
1005 1249 45 23 av
1078 1236 289 36 arbetslösheten»
1396 1233 193 50 föreslagit
1615 1234 196 48 riksdagen

199 1295 55 30 att
280 1291 13 34 i
320 1289 157 36 avbidan
506 1292 49 45 på
582 1288 71 35 den
681 1288 246 47 proposition,
956 1299 79 23 som
1063 1285 124 36 kunde
1218 1281 132 60 komma
1376 1287 66 33 att
1469 1287 13 33 i
1510 1290 124 30 ämnet
1661 1286 148 42 avlåtas,

198 1343 22 32 å
259 1345 104 30 extra
403 1344 72 31 stat
516 1338 58 36 för
614 1341 39 32 år
687 1340 95 33 1922
815 1338 59 34 till
900 1336 254 49 bekämpande
1181 1349 44 23 av
1253 1335 290 36 arbetslösheten
1571 1335 161 35 beräkna
1759 1340 53 30 ett

200 1390 297 47 förslagsanslag,
539 1389 120 47 högst,
703 1389 197 43 1,000,000
941 1388 148 42 kronor,
1118 1391 53 30 att
1198 1389 90 45 utgå
1316 1398 45 22 ur
1387 1385 236 36 statsverkets
1650 1385 92 35 fond
1769 1398 43 22 av

198 1439 332 49 rusdrycksmedel.
584 1439 188 46 Därjämte
799 1439 97 34 har
884 1432 19 60 i
919 1437 72 36 den
1024 1450 139 23 samma
1193 1436 72 48 dag
1283 1437 145 35 avlåtna
1455 1437 275 47 propositionen
1751 1448 62 23 an-

198 1491 141 47 gående
357 1491 225 47 tilläggsstat
599 1490 60 35 för
677 1492 40 33 år
739 1490 106 42 1921,
865 1487 113 37 femte
997 1487 248 44 huvudtiteln,
1267 1487 119 48 punkt
1406 1488 33 41 5,
1460 1485 206 49 föreslagits
1685 1486 127 35 beräk-

200 1541 120 36 nande
348 1540 58 37 för
444 1553 140 23 samma
610 1540 172 35 ändamål
808 1552 46 23 av
881 1544 52 31 ett
961 1537 296 49 förslagsanslag,
1287 1537 119 48 högst,
1437 1538 198 43 3,000,000
1663 1537 149 43 kronor,

200 1597 55 30 att
283 1595 89 44 utgå
400 1605 45 21 ur
472 1604 139 22 samma
637 1591 237 35 statsverkets
902 1589 103 36 fond.

336 1642 135 36 Vidare
499 1642 67 35 har
593 1640 135 49 Kungl.
757 1640 105 47 Maj:t
888 1640 116 35 under
1035 1639 177 35 rubriken
1231 1638 203 36 »särskilda
1452 1638 168 44 åtgärder
1632 1638 67 49 för
1718 1637 93 36 lind-

201 1693 115 36 rande
343 1705 44 23 av
408 1692 85 36 nöd»
514 1691 120 36 under
651 1691 116 36 femte
786 1690 239 36 huvudtiteln
1045 1702 43 23 av
1106 1689 490 48 statsverkspropositionen,
1617 1688 121 48 punkt
1752 1690 59 42 55,

200 1742 192 48 föreslagit
430 1742 196 48 riksdagen
666 1746 53 32 att
746 1743 12 33 i
786 1741 158 36 avbidan
970 1743 48 46 på
1046 1740 72 36 den
1146 1740 241 47 proposition,
1415 1752 78 22 som
1517 1738 125 36 kunde
1668 1738 147 35 komma

200 1799 56 30 att
295 1795 13 33 i
347 1798 124 30 ämnet
516 1793 149 44 avlåtas,
708 1791 57 36 för
805 1791 181 36 särskilda
1017 1790 170 48 åtgärder
1217 1789 60 37 för
1304 1789 208 36 beredande
1538 1802 46 23 av
1610 1788 167 48 lindring
1802 1788 13 35 i

201 1856 134 36 genom
376 1843 69 36 den
487 1844 186 34 allmänna
712 1843 124 35 krisen
877 1842 250 47 uppkommen
1159 1840 74 36 nöd
1260 1843 48 45 på
1330 1845 106 31 extra
1463 1844 74 31 stat
1565 1838 57 37 för
1650 1842 40 33 år
1720 1841 94 33 1922

202 1895 159 35 beräkna
400 1899 53 30 ett
492 1893 298 47 förslagsanslag,
832 1893 119 47 högst,
995 1892 198 45 2,000,000
1229 1892 148 43 kronor,
1415 1895 54 31 att
1505 1893 90 44 utgå
1631 1902 46 23 ur
1709 1895 106 30 stats-

202 1946 144 34 verkets
375 1943 90 37 fond
493 1957 45 23 av
565 1943 332 50 rusdrycksmedel.
952 1942 137 36 Tillika
1115 1942 66 35 har
1208 1944 20 33 å
1254 1942 273 47 tilläggsstaten
1553 1940 59 36 för
1637 1943 40 33 år
1707 1942 107 41 1921,

203 1995 115 36 femte
345 1994 251 44 huvudtiteln,
626 1995 120 47 punkt
765 1996 56 41 11,
851 1992 59 37 för
937 1992 192 37 enahanda
1156 1991 170 36 ändamål
1353 1992 196 35 beräknats
1569 1996 54 30 ett
1642 1990 174 48 förslags-

202 2047 140 46 anslag,
372 2045 120 46 högst,
522 2046 199 43 5,000,000
762 2045 147 42 kronor,
937 2048 55 31 att
1023 2042 177 36 likaledes
1233 2044 92 45 utgå
1351 2055 45 22 ur
1422 2041 263 36 meranämnda
1712 2040 102 37 fond.

338 2094 214 37 Sedermera
587 2096 65 34 har
692 2094 136 47 Kungl.
860 2093 105 48 Maj:t
995 2095 13 33 i
1049 2106 45 23 en
1133 2094 60 34 till
1221 2092 195 48 riksdagen
1444 2091 71 36 den
1542 2094 22 33 4
1593 2105 97 22 mars
1721 2093 92 34 1921

204 2148 144 34 avlåten
390 2145 228 49 proposition
659 2143 61 47 (nr
751 2142 99 48 150),
887 2145 125 35 vilken
1053 2144 186 35 hänvisats
1267 2143 58 35 till
1352 2143 278 36 statsutskottet
1658 2141 57 37 för
1742 2141 74 36 för-

204 2196 209 37 beredande
452 2195 243 49 behandling;
733 2195 120 36 under
893 2194 231 48 åberopande
1160 2207 42 22 av
1230 2194 280 48 propositionen
1537 2193 118 47 bilagt
1682 2192 134 47 utdrag

340 2260 129 41 Bihang
494 2259 48 32 till
564 2260 183 41 riksdagens
765 2258 159 43 protokoll
945 2258 94 32 1921.
1085 2258 21 31 6
1125 2257 89 32 saml.
1258 2257 43 31 38
1322 2256 84 43 häft.
1451 2256 67 38 (Nr
1547 2257 64 37 80.)
1758 2256 16 30 1
