2158 2608
386 177 40 32 34
804 173 116 32 Andra
943 171 215 43 lagutskottets
1181 169 164 33 utlåtande
1368 170 47 29 Nr
1438 168 52 32 32.

508 255 136 38 Kungl.
667 253 126 37 Maj:ts
818 252 151 37 förslag:

342 312 86 46 ning
456 310 84 36 eller
566 306 364 46 sammanslutningar
949 304 83 35 eller
1053 315 62 24 an-

343 362 171 45 norledes,
543 363 52 32 att
622 359 57 35 det
705 361 99 33 stora
829 355 152 48 flertalet
1009 367 43 23 av
1075 354 43 35 de

345 413 173 45 arbetare,
554 423 74 23 som
664 409 109 37 skulle
802 407 144 37 beröras
980 419 44 23 av
1051 419 64 22 un-

345 466 177 46 dantaget,
567 462 100 47 finna
712 461 192 35 detsamma
938 458 180 45 önskvärt,

343 521 86 43 äger
474 514 219 36 arbelsrådet
731 513 119 35 lämna
888 508 232 50 medgivande

344 568 57 35 till
428 566 227 47 undantaget.

708 859 82 45 78.

426 932 78 36 Har
533 935 129 31 natur-
692 927 89 37 eller
809 922 312 52 olyckshändelse

350 986 89 37 eller
480 994 125 25 annan
647 977 292 49 omständighet,
976 988 81 23 som
1087 974 32 48 ej

350 1038 146 36 kunnat
523 1034 176 45 förutses,
728 1030 117 36 vållat
868 1028 151 36 avbrott
1038 1027 11 35 i
1070 1031 53 31 ett

352 1090 164 45 företags
572 1084 91 37 drift
708 1081 90 37 eller
844 1080 70 36 ock
959 1077 163 38 medfört

352 1136 294 50 överhängande
687 1135 80 35 fara
808 1133 57 35 för
899 1131 134 37 sådant
1061 1143 63 22 av-

354 1193 101 36 brott
495 1190 90 36 eller
626 1187 58 36 för
725 1184 116 38 skada
873 1186 20 34 å
924 1183 64 46 liv,
1017 1181 107 37 hälsa

353 1244 91 37 eller
480 1240 198 50 egendom,
717 1239 59 34 må
804 1236 179 45 arbetare,
1011 1234 12 35 i
1051 1233 73 36 den

354 1298 87 34 mån
474 1297 40 33 så
547 1297 41 32 är
616 1289 134 48 nödigt
778 1288 84 36 med
891 1287 148 47 hänsyn
1067 1285 57 35 till

354 1345 158 39 berörda
554 1339 245 48 förhållande,
843 1337 191 38 användas
1066 1335 59 37 till

356 1399 125 36 arbete
509 1400 133 32 utöver
670 1393 67 47 tid,
766 1405 80 23 som
874 1391 121 35 finnes
1016 1388 109 48 angi-

354 1464 73 24 ven
455 1450 12 35 i
496 1450 23 34 4
547 1449 19 45 8
595 1446 90 37 eller
712 1445 75 35 kan
816 1443 96 35 hava
940 1441 184 37 bestämts

357 1501 85 38 med
474 1500 84 37 stöd
592 1511 46 23 av
668 1498 22 35 5
718 1496 84 37 eller
831 1497 21 34 6
880 1494 32 47 $.
969 1492 71 37 Om
1069 1494 57 34 så-

356 1554 92 36 dant
488 1552 128 36 arbete
657 1553 96 32 samt
790 1547 85 36 dess
909 1544 217 48 anledning,

358 1604 230 47 omfattning
616 1601 69 37 och
713 1597 240 48 varaktighet
981 1595 147 49 åligger

358 1658 61 36 det
460 1654 283 48 arbetsgivaren
777 1655 55 31 att
868 1654 125 31 senast
1025 1648 101 35 inom

357 1711 64 34 två
448 1708 104 49 dygn
581 1706 84 35 från
693 1704 83 36 dess
799 1701 134 49 början
953 1704 91 44 göra
1065 1712 64 23 an-

358 1760 123 37 mälan
510 1759 56 35 till
594 1754 242 39 arbetsrådet.

1352 247 198 33 Utskottets
1574 245 151 36 förslag:

1255 300 187 47 Undantag
1469 298 60 36 må
1557 297 61 35 ock
1645 308 43 23 av
1720 295 219 37 arbetsrådet

1170 353 191 47 medgivas,
1390 351 47 35 då
1465 350 57 36 det
1550 361 44 23 av
1620 347 182 37 uttalande
1821 360 43 23 av
1883 359 55 24 ar-

1171 405 166 36 betarnas
1378 400 321 47 sammanslutning
1727 398 85 36 eller
1846 410 93 23 sam-

1171 455 287 47 manslutningar
1486 453 86 36 eller
1600 449 208 38 annorledes
1824 449 116 46 fram-

1170 508 80 47 går,
1279 510 50 33 att
1357 506 56 36 det
1439 509 100 32 stora
1564 502 152 49 flertalet
1743 513 44 24 av
1814 501 42 35 de
1880 512 60 24 ar-

1170 560 128 45 betare,
1326 569 75 25 som
1428 556 111 36 skulle
1567 555 146 36 beröras
1741 565 44 24 av
1803 552 137 36 undan-

1170 615 101 44 laget,
1306 610 101 46 finna
1439 608 196 36 detsamma
1662 605 179 46 önskvärt,
1882 604 60 36 och

1170 661 213 38 arbetstiden
1407 661 34 46 ej
1466 660 209 47 därigenom
1707 657 156 36 kommer
1891 658 50 33 att

1171 714 151 47 oskäligt
1359 711 201 37 utsträckas
1594 710 84 36 eller
1705 709 120 48 lagens
1851 707 92 48 syfte

1170 764 194 50 uppenbart
1391 767 51 33 alt
1469 766 200 44 äventyras.

1502 854 24 31 6
1553 849 36 46 $.

1251 920 81 36 Har
1359 923 125 32 natur-
1514 917 90 37 eller
1632 914 313 51 olyckshändelse

1175 971 91 37 eller
1303 984 125 23 annan
1465 967 296 49 omständighet,
1797 979 79 24 som
1909 965 32 49 ej

1175 1024 145 36 kunnat
1348 1022 177 46 förutses,
1555 1020 116 36 vållat
1694 1018 150 37 avbrott
1862 1017 12 36 i
1894 1023 51 30 ett

1175 1076 169 47 företags
1394 1073 91 37 drift
1534 1072 92 37 eller
1670 1071 69 36 ock
1784 1069 162 37 medfört

1177 1125 290 49 överhängande
1508 1124 81 36 fara
1632 1123 57 36 för
1725 1121 135 37 sådant
1888 1133 57 23 av-

1177 1180 100 37 brott
1319 1178 88 36 eller
1448 1177 58 36 för
1548 1175 117 37 skada
1694 1178 20 32 å
1740 1174 63 46 liv,
1841 1172 106 36 hälsa

1178 1231 90 37 eller
1300 1229 199 50 egendom,
1536 1230 60 33 må
1625 1226 180 46 arbetare,
1835 1224 11 36 i
1874 1223 73 37 den

1178 1286 87 33 mån
1298 1284 42 34 så
1372 1285 40 32 är
1439 1279 135 48 nödigt
1602 1277 84 38 med
1715 1278 148 47 hänsyn
1890 1274 57 37 till

1177 1334 160 37 berörda
1377 1330 245 48 förhållande,
1665 1329 191 37 användas
1893 1326 55 37 till

1179 1386 127 37 arbete
1333 1389 134 32 utöver
1494 1382 68 47 tid,
1592 1395 81 23 som
1701 1381 121 35 finnes
1841 1379 106 47 angi-

1177 1451 72 23 ven
1277 1436 12 36 i
1318 1439 22 34 4
1369 1435 20 50 &
1417 1435 89 37 eller
1539 1434 74 36 kan
1642 1433 98 36 hava
1767 1431 182 37 bestämts

1181 1489 83 37 med
1298 1488 84 36 stöd
1416 1501 46 22 av
1491 1488 23 35 5
1541 1486 34 47 $.
1632 1484 70 38 Om
1730 1484 134 36 sådant
1893 1495 56 24 ar-

1181 1541 84 37 bete
1302 1545 97 31 samt
1435 1539 85 36 dess
1552 1536 217 48 anledning,
1800 1534 149 38 omfatt-

1180 1593 96 48 ning
1317 1591 72 37 och
1429 1588 244 50 varaktighet
1713 1587 148 48 åligger
1889 1586 61 36 det

1181 1643 282 49 arbetsgivaren
1504 1646 57 32 att
1604 1644 127 33 senast
1758 1639 102 36 inom
1889 1640 62 34 två

1183 1697 105 49 dygn
1316 1695 82 36 från
1427 1694 85 36 dess
1540 1692 135 49 början
1703 1695 94 45 göra
1824 1694 125 32 anmä-

1182 1749 62 35 lan
1272 1746 56 37 till
1356 1744 244 38 arbetsrådet.

488 1809 157 37 Arbetet
685 1809 60 34 må
783 1805 83 37 icke
910 1804 192 36 fortsättas
1131 1805 132 32 utöver
1291 1798 69 37 sist
1388 1797 165 49 angivna
1581 1796 68 47 tid,
1678 1800 90 32 utan
1797 1799 55 31 att
1879 1793 73 36 till-

360 1863 109 37 stånd
510 1860 125 37 därtill
675 1859 103 36 sökts
820 1857 68 36 hos
921 1854 165 38 nämnda
1115 1851 234 51 myndighet.

1404 1848 209 49 Angående
1641 1846 115 38 sådan
1785 1845 166 37 ansökan

361 1915 67 36 har
456 1911 231 39 arbetsrådet
715 1915 52 31 att
795 1907 271 48 ofördröjligen
1095 1904 169 37 meddela
1292 1901 135 37 beslut.

490 1964 188 37 Anmälan
720 1961 87 37 eller
846 1959 180 46 ansökan,
1059 1970 131 24 varom
1218 1955 67 36 här
1312 1959 41 31 är
1382 1958 96 43 sagt,
1507 1955 61 33 må
1597 1964 108 24 anses
1733 1949 123 50 gjord,
1885 1954 67 31 när

363 2019 218 36 densamma
609 2016 11 35 i
648 2013 116 38 betalt
793 2011 90 37 brev
911 2011 207 35 avlämnats
1147 2007 55 37 till
1230 2006 189 36 allmänna
1446 2010 145 44 posten.

724 2103 24 33 8
774 2100 35 46 $.

1521 2094 24 33 7
1563 2091 44 46 $.

491 2177 20 33 1
541 2184 103 24 mom.
699 2169 73 37 För
813 2165 198 39 utförande
1053 2178 46 23 av
1127 2161 245 49 nödvändiga
1400 2159 268 38 förberedelse-
1697 2158 90 36 eller
1816 2156 137 37 avslut-

363 2224 273 50 ningsarbeten
664 2224 59 33 må
750 2220 180 45 arbetare,
960 2230 81 24 som
1062 2216 84 50 fyllt
1165 2215 155 37 aderton
1339 2216 51 44 år,
1410 2212 56 37 till
1485 2211 136 49 nödigt
1642 2210 100 36 antal
1762 2207 192 38 användas

364 2277 119 37 under
510 2276 118 48 högst
656 2274 59 48 sju
743 2271 152 37 timmar
913 2270 11 36 i
943 2269 146 37 veckan
1108 2272 132 32 utöver
1259 2265 73 37 den
1353 2264 65 48 tid,
1439 2263 189 37 varunder
1648 2261 114 37 sådan
1784 2259 169 38 arbetare
