2214 2632
500 205 109 28 Första
631 204 184 28 kammarens
834 199 140 39 första
998 202 149 37 tillfälliga
1169 202 123 27 utskotts
1314 200 149 28 utlåtande
1486 199 47 28 Nr
1555 199 47 28 12.
1831 197 17 26 9

445 444 64 31 Till
532 444 188 40 Konungen.
1720 436 131 40 Bilaga.

350 535 120 32 Genom
502 534 98 40 nådig
633 534 109 30 remiss
776 533 60 30 den
871 533 39 30 16
944 532 138 30 februari
1112 531 82 30 1917
1218 530 55 31 har
1296 528 365 41 folkskolöverstyrelsen
1683 527 170 32 anbefallts

245 578 115 40 avgiva
382 576 148 41 yttrande
553 576 11 29 i
587 586 39 20 en
650 585 114 29 genom
787 575 121 29 motion
931 576 10 28 i
964 573 184 40 riksdagens
1170 572 99 31 första
1293 572 157 29 kammare
1474 570 94 31 väckt
1590 569 92 40 fråga
1704 580 51 20 om
1778 569 75 31 åvär-

247 619 218 41 gabringande
500 628 37 20 av
571 618 172 39 utredning
775 615 198 32 beträffande
995 614 182 32 införandet
1198 614 10 30 i
1232 612 215 33 folkskolorna
1470 623 38 19 av
1532 611 183 41 bespisning
1738 622 38 19 av
1799 611 54 30 be-

245 661 145 31 hövande
415 660 86 37 barn,
525 659 57 31 och
607 659 48 30 får
677 658 226 41 överstyrelsen
928 658 10 29 i
962 657 131 31 ärendet
1115 655 129 31 härmed
1268 655 10 31 i
1301 654 254 40 underdånighet
1574 653 111 31 anföra
1700 652 153 41 följande.

354 702 68 30 Den
458 701 98 41 fråga,
590 712 65 19 som
689 701 10 30 i
733 700 164 31 motionen
918 699 175 33 framföres,
1117 701 34 27 är
1175 698 26 40 ej
1225 696 83 32 blott
1330 697 11 30 i
1364 696 56 31 och
1444 696 47 31 för
1513 695 49 41 sig
1585 706 38 20 av
1645 694 207 42 synnerligen

247 744 258 41 behjärtansvärd
529 746 95 28 natur
645 745 78 29 utan
746 746 35 27 är
803 741 105 38 tillika
932 752 38 20 en
995 742 48 30 för
1065 741 69 30 vårt
1156 739 166 32 skolväsen
1347 738 102 41 viktig
1472 737 246 41 angelägenhet.

351 786 62 31 Det
435 788 35 28 är
493 785 163 41 nämligen
678 785 94 34 klart,
795 787 50 27 att
867 783 110 32 skolan
999 783 69 31 icke
1090 782 119 31 förmår
1233 792 72 20 vare
1328 781 48 39 sig
1400 781 11 30 i
1433 780 48 31 sin
1505 779 231 40 undervisning
1751 777 103 31 eller
1839 773 19 57 i

246 828 49 31 sin
318 827 201 32 verksamhet
540 827 51 31 för
613 827 37 30 de
673 837 101 30 ungas
797 826 118 40 fysiska
937 825 55 31 och
1016 824 168 31 moraliska
1206 823 187 41 uppfostran
1416 821 78 41 fylla
1515 821 48 31 sin
1587 820 128 41 uppgift
1737 820 11 30 i
1764 819 91 41 fråga

245 881 52 21 om
330 870 173 41 lärjungar,
535 880 65 20 som
627 871 52 28 äro
701 868 203 31 undernärda
926 867 57 31 och
1004 866 115 40 fysiskt
1140 865 197 41 försvagade.
1382 864 16 31 I
1420 863 99 42 själva
1542 863 110 31 verket
1673 862 106 40 ligger
1802 861 54 31 det

248 923 38 21 en
321 911 248 41 omotsvarighet
605 911 75 36 deri,
703 913 48 27 att
780 909 168 31 samhället
970 909 18 30 å
1011 919 59 20 ena
1092 908 90 30 sidan
1204 918 39 20 av
1265 907 64 30 alla
1351 906 78 31 barn
1452 906 150 30 utkräver
1624 915 41 20 en
1687 905 62 30 viss
1771 902 84 32 skol-

245 954 83 41 plikt
360 957 82 27 samt
475 952 123 32 fordrar
631 956 46 27 ett
711 952 75 30 visst
809 953 81 29 mått
912 962 37 19 av
972 950 180 39 kunskaper
1173 949 55 31 och
1252 948 196 41 färdigheter
1470 947 58 31 och
1551 947 18 30 å
1591 946 100 31 andra
1712 945 91 31 sidan
1827 945 27 40 ej

246 996 107 32 tillika
375 995 112 38 tillser,
510 997 49 28 att
582 994 32 31 åt
637 994 62 31 alla
722 993 80 31 barn
824 993 131 31 beredas
978 992 38 31 de
1040 991 174 32 materiella
1237 990 125 37 villkor,
1385 1000 65 20 som
1472 988 49 32 för
1544 991 47 29 ett
1605 987 251 41 framgångsrikt

248 1038 191 40 deltagande
461 1037 11 30 i
494 1037 194 30 skolarbetet
711 1036 100 30 måste
833 1045 92 21 anses
947 1033 213 41 erforderliga.
1206 1032 262 42 Uppenbarligen
1492 1031 99 31 måste
1616 1030 52 31 det
1683 1040 91 21 anses
1789 1039 66 21 som

248 1082 48 29 ett
318 1079 292 34 samhällsintresse,
633 1080 48 29 att
702 1078 99 41 ingen
823 1076 128 32 skolans
973 1076 146 41 lärjunge
1142 1076 51 30 till
1217 1075 78 41 följd
1318 1085 39 20 av
1380 1074 78 30 brist
1479 1074 40 40 på
1535 1073 64 35 det,
1615 1083 65 20 som
1697 1072 93 30 hörer
1805 1070 51 32 till

247 1123 95 30 livets
364 1121 153 37 nödtorft,
542 1121 127 30 hindras
691 1122 49 29 att
763 1119 212 41 tillgodogöra
997 1119 48 40 sig
1068 1118 60 31 den
1153 1117 230 40 undervisning
1405 1115 56 32 och
1484 1115 196 41 uppfostran,
1703 1125 67 20 som
1785 1113 71 31 sko-

247 1165 55 30 lan
324 1163 56 33 vill
402 1164 82 39 giva,
507 1163 56 31 och
586 1165 49 29 att
656 1162 133 31 sålunda
811 1162 98 30 vinna
931 1161 61 31 den
1015 1159 225 41 skolbildning,
1263 1170 66 20 som
1352 1158 87 41 varje
1461 1157 139 32 normalt
1621 1156 139 42 begåvat
1779 1155 79 31 barn

247 1206 59 31 bör
329 1206 40 30 ha
391 1207 63 29 rätt
476 1206 49 29 att
547 1204 130 31 erhålla.

354 1247 121 31 Härvid
496 1257 93 30 synes
612 1246 53 31 det
687 1245 232 41 överstyrelsen
943 1244 178 32 emellertid
1143 1244 95 39 klart,
1260 1245 49 29 att
1330 1241 247 41 förpliktelsen
1566 1236 19 55 i
1600 1241 88 31 detta
1702 1240 156 31 hänseen-

249 1290 48 38 de,
331 1290 11 30 i
376 1290 38 31 de
447 1288 58 32 fall
532 1289 55 31 där
610 1288 146 31 hemmen
777 1288 28 40 ej
830 1287 102 30 förmå
955 1287 136 40 fullgöra
1113 1286 191 37 densamma,
1328 1285 11 30 i
1362 1287 157 28 närmaste
1543 1283 85 31 hand
1651 1282 58 31 bör
1731 1282 65 32 vila
1817 1281 41 41 på

249 1333 202 30 kommunen.
496 1331 59 31 Att
590 1330 116 40 fritaga
736 1330 193 30 kommunen
952 1328 71 31 från
1046 1327 182 42 skyldighet
1251 1328 10 29 i
1284 1327 112 31 sådant
1419 1325 154 32 avseende
1595 1325 56 31 och
1675 1325 97 40 lägga
1795 1323 63 31 för-

249 1374 171 41 pliktelsen
454 1372 202 32 uteslutande
687 1372 39 41 på
747 1374 104 28 staten
875 1381 72 21 vore
970 1370 68 31 helt
1059 1372 77 29 visst
1159 1369 27 40 ej
1210 1369 51 31 till
1285 1368 117 32 båtnad
1427 1367 47 32 för
1496 1367 61 31 den
1579 1366 114 31 sociala
1714 1377 144 20 ansvars-

249 1416 123 34 känsla,
396 1416 95 40 varpå
514 1415 61 31 den
599 1415 201 30 kommunala
822 1412 236 41 självstyrelsen
1082 1412 125 40 djupast
1231 1411 57 31 bör
1309 1410 148 41 grundas.
1504 1409 62 31 Det
1588 1419 74 20 vore
1677 1408 94 31 också
1787 1407 72 31 från

251 1458 144 42 praktisk
426 1457 163 42 synpunkt
621 1456 123 32 mindre
777 1455 196 31 välbetänkt.
1018 1454 61 31 Att
1105 1454 88 30 finna
1215 1453 153 41 lämpliga
1389 1452 117 31 former
1529 1451 50 31 för
1602 1450 52 32 det
1676 1449 182 37 understöd,

249 1512 107 20 varom
390 1500 57 31 här
479 1503 35 28 är
540 1499 100 41 fråga,
662 1501 49 29 att
733 1498 127 31 rättvist
883 1496 123 32 fördela
1028 1497 173 31 detsamma
1224 1495 57 31 och
1305 1493 198 32 ekonomiskt
1523 1493 146 31 använda
1691 1492 48 31 för
1761 1492 98 31 ända-

251 1543 99 31 målet
383 1542 205 41 tillgängliga
619 1541 113 38 medel,
766 1540 59 31 allt
855 1540 89 31 detta
967 1539 121 31 fordrar
1109 1537 146 42 tydligen
1278 1548 40 20 en
1339 1536 179 32 kännedom
1542 1546 50 20 om
1615 1539 89 27 orten
1728 1534 58 32 och
1809 1545 51 20 om

252 1585 38 31 de
317 1584 206 32 individuella
546 1583 252 37 förhållandena,
821 1593 66 21 som
911 1581 111 31 endast
1043 1581 61 31 kan
1128 1591 75 21 vara
1226 1582 49 29 att
1296 1579 90 31 finna
1408 1578 54 31 hos
1483 1578 206 31 kommunala
1712 1576 149 42 myndig-

252 1628 98 31 heter.

358 1668 156 33 Gällande
548 1667 268 41 folkskolestadga
850 1666 57 32 har
939 1666 57 31 ock
1023 1665 10 31 i
1056 1665 48 31 sin
1127 1664 17 41 8
1165 1664 41 30 49
1231 1674 39 21 en
1293 1662 228 38 bestämmelse,
1545 1663 58 37 att,
1626 1661 56 32 där
1705 1660 156 32 föräldrar

254 1711 79 32 eller
364 1711 153 31 målsmän
540 1709 70 32 icke
632 1712 59 39 äga
713 1709 143 41 tillgång
878 1711 47 29 att
948 1708 129 31 bekosta
1101 1707 135 30 barnens
1259 1704 111 32 kläder
1392 1704 57 32 och
1471 1703 170 32 underhåll
1663 1703 53 31 vid
1739 1702 121 37 skolan,

254 1754 37 31 de
315 1764 115 31 genom
452 1753 209 30 kommunens
685 1752 174 39 fattigvård
883 1750 192 32 härutinnan
1099 1749 76 30 böra
1197 1747 228 41 understödjas.

361 1796 113 30 Denna
508 1793 216 33 bestämmelse
758 1794 58 30 har
849 1792 188 37 emellertid,
1060 1792 100 30 såsom
1183 1790 80 31 känt
1285 1793 44 34 är,
1352 1788 175 41 ingalunda
1548 1788 82 31 visat
1652 1787 46 41 sig
1720 1786 140 32 effektiv.

360 1838 56 30 Ett
450 1848 38 19 av
521 1837 109 31 skälen
670 1836 109 31 härtill
812 1838 35 28 är
869 1838 48 29 abt
939 1835 87 30 finna
1048 1833 78 37 däri,
1148 1835 48 28 att
1219 1832 60 30 den
1303 1830 203 32 kommunala
1529 1830 128 41 hjälpen
1680 1829 106 41 enligt
1807 1829 55 31 be-

254 1880 204 31 stämmelsen
481 1879 11 30 i
515 1879 91 41 fråga
630 1879 56 30 har
708 1879 193 30 karaktären
924 1888 38 21 av
985 1882 47 25 ett
1053 1875 52 31 till
1128 1875 136 31 barnens
1288 1873 154 31 föräldrar
1464 1873 89 41 givet
1577 1871 283 42 fattigunderstöd.

254 1922 58 32 Ett
345 1922 103 39 dylikt
481 1920 171 32 understöd
675 1921 119 30 kännes
816 1920 49 31 för
887 1919 138 40 mången
1049 1916 259 42 förödmjukande
1332 1918 49 28 att
1404 1917 153 39 mottaga,
1580 1914 107 31 vartill
1711 1914 152 37 kommer,

254 1967 50 29 att
327 1965 53 31 det
402 1964 63 31 kan
488 1963 141 31 medföra
651 1962 234 41 inskränkning
907 1962 10 30 i
940 1961 61 31 den
1018 1959 221 42 mottagandes
1255 1956 254 43 medborgerliga
1526 1956 233 41 befogenheter.
1783 1955 79 31 Där-

256 2007 49 32 för
337 2007 77 31 söka
436 2006 58 31 ock
518 2006 116 41 många
656 2005 157 31 föräldrar
835 2005 34 30 så
892 2004 92 40 långt
1005 2014 66 20 som
1095 2002 125 41 möjligt
1244 2000 139 31 undvika
1405 2002 47 29 att
1476 2000 115 40 begära
1613 1998 87 42 hjälp
1722 1998 51 31 för
1795 1998 69 30 sina

257 2050 89 37 barn,
367 2048 99 31 ehuru
488 2048 97 31 sådan
610 2058 71 20 vore
705 2047 47 31 för
776 2047 120 30 barnen
921 2046 49 31 väl
993 2044 155 40 behövlig.

362 2091 59 31 Om
444 2090 132 31 sålunda
599 2089 181 31 nuvarande
802 2088 207 41 lagstiftning
1031 2087 100 31 redan
1154 2096 112 30 genom
1291 2084 60 31 den
1374 2084 89 36 form,
1486 2094 66 20 som
1577 2082 58 32 den
1658 2082 81 42 givit
1762 2082 33 31 åt
1810 2082 54 31 det

257 2133 180 38 understöd,
472 2132 100 32 vilket
595 2132 60 30 den
680 2132 83 30 velat
785 2131 197 31 tillförsäkra
1004 2128 181 32 behövande
1207 2126 160 38 skolbarn,
1390 2126 99 31 måste
1511 2136 90 20 anses
1623 2125 121 31 mindre
1767 2125 98 30 ända-

256 2175 179 41 målsenlig,
457 2176 33 30 så
515 2175 141 30 kommer
677 2173 118 38 därtill,
819 2176 49 28 att
890 2173 54 30 det
966 2170 205 42 lagstadgade
1194 2169 205 31 understödet
1419 2168 12 31 i
1453 2168 115 40 många
1583 2166 57 32 fall
1656 2166 116 32 uteblir
1788 2166 78 32 eller

257 2218 63 31 blir
341 2217 208 41 otillräckligt
571 2215 52 32 till
646 2215 77 41 följd
746 2226 38 20 av
806 2215 211 31 kommunens
1039 2212 178 41 fattigdom.
1250 2211 15 31 I
1288 2210 118 32 sådana
1428 2210 56 31 fall
1507 2220 91 31 synes
1613 2209 40 32 då
1668 2212 106 29 staten
1791 2209 75 31 böra

255 2260 94 32 träda
371 2259 167 42 hjälpande
560 2258 143 32 emellan.

359 2312 119 38 Bihang
498 2312 44 28 till
564 2312 172 38 riksdagens
752 2310 148 38 protokoll
922 2309 92 30 1917.
1048 2309 39 28 12
1110 2307 84 29 saml.
1230 2308 17 27 1
1264 2307 64 28 avd.
1374 2306 19 28 9
1414 2303 72 39 häft.
1533 2304 61 37 (Nr
1618 2305 143 37 11—13.)
1806 2303 18 29 2
