1917 2828
355 184 188 31 Allmänna
563 183 397 40 beredningsutskottets
982 182 179 32 utlåtande
1180 191 44 22 nr
1243 183 42 30 43
1305 182 40 31 år
1366 182 84 30 1969
1625 180 19 31 5

772 291 251 33 Reservationer

207 364 33 34 1)
270 374 42 21 av
330 365 125 30 fröken
473 364 151 31 Åsbrink
648 366 50 34 (s)
723 367 90 28 samt
831 365 122 30 herrar
972 364 96 31 Gadd
1092 364 50 35 (s)
1166 364 65 31 och
1249 363 111 30 Aldén
1385 362 64 36 (s),
1467 362 96 31 vilka
1581 371 60 21 an-

161 420 65 28 sett
245 421 50 28 att
314 419 188 30 utskottets
521 419 181 31 utlåtande
721 420 64 29 och
803 419 210 30 hemställan
1031 419 78 30 bort
1127 418 46 30 ha
1191 418 157 40 följande
1366 417 144 41 lydelse:

207 473 279 31 »Motionärerna
503 473 201 30 hemställer
721 492 44 3 —
780 491 45 3 —
840 491 45 3 —
907 472 236 35 (=utskottet)
1165 490 45 4 —
1224 490 45 3 —
1284 490 45 3 —
1345 472 110 30 totala
1471 471 171 31 national-

159 527 209 39 produkten.

203 581 196 31 Tonvikten
422 581 64 31 har
507 582 12 30 i
542 582 220 30 motionerna
783 581 77 31 icke
882 583 89 38 lagts
994 581 45 40 på
1061 581 67 31 den
1150 590 85 21 rena
1258 579 215 42 sjukvården
1495 580 13 30 i
1530 580 112 30 första

160 635 94 30 hand
270 637 86 28 utan
371 636 46 39 på
432 635 241 30 hälsovården.
689 635 277 30 Motionärernas
982 635 91 40 syfte
1088 635 64 30 har
1168 634 117 31 därtill
1302 635 48 29 ett
1364 633 169 41 betydligt
1547 633 95 31 vida-

159 698 37 20 re
218 689 143 40 omfång
381 689 12 30 i
415 689 57 30 det
494 689 41 30 de
558 689 129 30 önskar
709 689 37 30 få
767 689 52 30 till
842 689 102 30 stånd
967 699 42 20 en
1030 688 295 41 parlamentarisk
1346 687 197 40 utredning,
1567 696 75 21 som

161 743 112 30 skulle
296 743 92 30 sätta
408 744 38 29 in
467 743 114 31 hälso-
604 744 66 30 och
692 743 215 40 sjukvården
929 743 11 30 i
963 745 48 28 ett
1034 743 110 30 större
1168 742 264 39 sammanhang.
1457 742 151 40 Styrkan
1630 741 12 30 i

159 797 220 30 motionerna
401 806 102 30 synes
526 797 89 40 ligga
637 798 10 29 i
670 798 114 30 denna
806 797 135 30 önskan
964 807 56 20 om
1042 807 42 20 en
1107 795 337 41 ”tvärvetenskaplig
1468 805 175 21 samman-

160 850 166 40 ställning
349 860 42 20 av
414 851 68 30 alla
504 851 42 30 de
569 851 155 30 faktorer
749 860 74 21 som
847 851 128 39 skapar
998 851 67 30 den
1088 849 197 41 mänskliga
1307 849 110 38 miljö,
1442 859 75 21 som
1541 850 101 39 utgör

158 904 415 40 grundförutsättningen
594 905 55 30 för
672 905 94 30 såväl
788 904 113 30 hälso-
924 913 74 22 som
1021 904 225 41 sjukvården.
1269 904 195 30 Utskottets
1486 904 155 40 uppfatt-

160 959 84 39 ning
259 959 38 30 är
312 960 51 29 att
377 969 43 20 en
435 959 187 40 utredning
637 969 42 21 av
693 960 67 30 den
775 961 53 28 art
843 959 260 30 motionärerna
1117 958 147 31 föreslår
1280 959 112 29 skulle
1407 959 122 30 kunna
1543 959 100 30 verk-

159 1014 91 28 samt
271 1012 145 40 bidraga
438 1013 52 29 till
512 1023 43 19 en
577 1013 91 30 ökad
689 1013 182 39 belysning
893 1022 42 21 av
955 1012 94 31 vilka
1071 1012 89 30 mått
1182 1012 65 30 och
1269 1014 73 38 steg
1365 1012 184 30 samhället
1571 1012 71 29 kan

158 1066 141 40 vidtaga
315 1067 54 29 för
387 1068 50 28 att
453 1067 45 39 på
514 1066 202 31 effektivast
732 1066 145 40 möjliga
892 1066 52 31 vis
961 1066 37 31 få
1014 1066 269 40 tyngdpunkten
1301 1068 50 28 att
1367 1066 205 40 överflyttas
1588 1066 54 30 till

159 1119 94 31 olika
271 1120 73 40 slag
361 1129 42 21 av
419 1120 294 40 skyddsåtgärder
731 1120 64 30 och
812 1121 52 29 till
881 1120 232 31 hälsovården
1129 1120 81 31 från
1227 1122 50 28 att
1295 1129 75 21 som
1387 1129 49 21 nu
1453 1120 70 31 vila
1539 1121 102 39 tungt

159 1174 45 39 på
222 1173 225 37 sjukvården.

204 1227 126 30 Vidare
348 1228 112 30 skulle
477 1238 42 20 en
535 1228 211 40 bedömning
762 1228 80 30 från
859 1228 377 30 samhällsekonomisk
1253 1228 181 40 synpunkt
1449 1228 193 30 beträffan-

159 1281 41 29 de
221 1281 94 30 olika
335 1281 347 40 hälsovårdsprojekt
703 1282 65 30 och
789 1281 100 31 deras
910 1281 222 40 prioritering
1153 1282 122 30 kunna
1295 1282 100 40 tjäna
1416 1290 74 22 som
1512 1291 42 21 en
1575 1282 66 40 god

159 1334 181 39 rådgivare
359 1334 94 31 såväl
472 1336 54 29 för
546 1337 113 28 staten
679 1345 74 20 som
772 1336 55 30 för
845 1335 177 40 landsting
1041 1336 65 30 och
1124 1336 219 30 kommuner.

203 1389 177 29 Utskottet
398 1389 192 40 tillstyrker
607 1389 99 30 bifall
726 1390 51 29 till
795 1389 220 31 motionerna
1033 1390 65 30 och
1116 1390 55 30 får
1190 1389 132 31 således
1341 1390 195 35 hemställa,

512 1444 51 28 att
587 1442 188 41 riksdagen
799 1444 80 30 med
904 1443 98 31 bifall
1028 1443 53 31 till
1107 1444 41 30 de
1174 1443 223 41 likalydande
1422 1444 220 30 motionerna

469 1496 28 30 I:
514 1496 62 31 358
602 1497 65 30 och
692 1497 45 30 II:
754 1497 62 31 279
841 1497 108 31 måtte
973 1497 137 31 besluta
1134 1499 51 29 att
1209 1498 11 30 i
1247 1497 166 31 skrivelse
1437 1498 53 30 till
1515 1498 126 40 Kungl.

467 1550 107 40 Maj:t
599 1550 185 31 hemställa
810 1560 56 21 om
892 1551 215 31 tillsättande
1134 1561 42 20 av
1201 1561 42 21 en
1269 1551 294 40 parlamentarisk
1588 1554 54 28 ut-

467 1604 147 40 redning
637 1605 79 30 med
741 1604 159 41 uppdrag
924 1606 51 29 att
999 1605 181 40 kartlägga
1203 1605 269 41 möjligheterna
1497 1608 51 29 att
1572 1607 70 30 för-

467 1658 115 30 bättra
602 1658 201 31 folkhälsan
824 1666 123 32 genom
969 1659 200 40 sjukdoms-
1189 1660 65 30 och
1276 1660 365 41 skadeförebyggande

467 1711 160 40 åtgärder
656 1714 90 28 samt
773 1713 169 39 överväga
968 1712 409 41 prioriteringsfrågorna
1403 1714 96 31 inom
1527 1715 114 30 hälso-

469 1765 65 30 och
556 1766 333 39 sjukvårdssektorn
912 1767 106 30 sedda
1038 1767 12 30 i
1071 1767 147 30 relation
1240 1767 52 30 till
1314 1768 67 30 den
1402 1768 109 31 totala
1531 1768 111 31 natio-

467 1819 289 40 nalprodukten.»

203 1926 36 33 2)
269 1935 43 20 av
334 1925 122 31 herrar
480 1926 199 30 Johansson
703 1928 11 29 i
740 1927 167 30 Skärstad
938 1927 89 40 (cp),
1052 1928 201 30 Andersson
1278 1929 11 29 i
1314 1928 129 31 Örebro
1473 1929 73 41 (fp)
1576 1930 65 30 och

156 1979 195 39 Hyltander
374 1979 87 41 (fp).
