2184 2590
757 161 252 33 Statsutskottets
1038 162 174 34 Utlåtande
1234 164 62 32 N:o
1319 164 30 31 7.
1756 165 61 32 107

243 242 266 37 mentschefen
539 243 145 36 anmält
714 255 48 24 en
791 240 39 38 af
856 241 137 38 chefen
1023 243 58 37 för
1110 242 183 49 Sveriges
1320 242 229 50 geologiska
1565 244 298 51 undersökning

243 295 87 37 med
373 294 203 36 skrifvelse
619 295 73 36 den
738 297 48 34 20
830 295 209 36 november
1073 298 94 34 1897
1198 296 58 36 till
1286 295 142 48 Kongl.
1459 296 109 48 Maj:t
1597 297 265 38 öfverlemnad

242 346 392 49 förslagsberäkning
667 347 109 36 öfver
804 346 46 36 de
880 347 122 35 under
1031 350 40 33 år
1102 349 96 35 1899
1230 347 57 37 till
1317 347 239 49 fullföljande
1585 349 42 36 af
1651 350 47 36 de
1728 350 134 48 geolo-

241 399 116 49 giska
395 398 183 36 arbetena
608 398 253 48 erforderliga
890 399 136 47 medel,
1058 399 122 49 enligt
1210 399 160 37 hvilken
1400 399 221 50 beräkning
1648 402 214 48 utgifterna

242 450 200 50 upptagits
471 450 58 36 till
560 452 139 47 95,500
729 451 153 47 kronor,
912 450 113 37 deraf
1048 451 56 36 för

932 536 241 50 Aflöningen.

240 604 131 37 Löner
399 605 71 36 och
500 605 183 37 arfvoden
714 611 100 31 samt
843 605 218 50 ersättning
1085 605 59 37 till
1159 605 194 50 tillfälliga
1369 606 55 37 bi-

340 653 20 58 [2
362 657 118 36 3216
430 653 26 58 (23
466 653 5 58 a
504 688 915 6 Vr
1451 658 143 37 kronor
1623 660 153 47 59,450:
1798 681 44 5 —

915 742 270 39 Fältarbetena.

239 810 117 38 Rese-
385 811 71 37 och
485 811 479 49 traktamentsersättning
994 826 46 22 m.
1071 826 50 23 IM.
1145 843 276 6 m..w.w.w.w......
1518 842 22 20 +»
1588 806 24 61 -
1626 815 220 48 19,000:—

870 898 358 50 PByrdafdelningen.

237 965 253 49 Inventarier,
520 966 236 47 ritmateriel,
788 966 227 37 kemikalier
1044 980 32 23 o.
1107 967 35 36 ds
1180 998 241 6 sma.smsmmmevsn
1519 996 22 20 sö
1651 969 126 47 2,000:
1795 990 51 5 —

750 1053 216 37 Biblioteket
994 1054 64 35 och
1085 1054 261 48 samlingarne.

240 1121 159 48 Böcker,
430 1121 131 37 kartor
589 1121 72 38 och
690 1122 212 48 samlingar
932 1152 347 6 sememmssmnsessss
1300 1153 121 5 srnsrn
1520 1151 21 19 99
1654 1124 192 45 1,700:—
1883 1134 2 2 -

826 1209 112 36 Kart-
968 1209 62 36 och
1059 1208 214 48 boktrycket.

239 1276 230 50 Tryckning
511 1277 42 36 af
590 1277 143 46 kartor,
776 1276 288 50 beskrifningar
1107 1277 71 37 och
1220 1282 206 45 uppsatser

344 1334 99 31 samt
472 1328 358 50 Originalritningar
862 1359 559 6 oessoecmssessssssrssesrasrsssnra
1518 1357 23 20 »
1626 1331 150 46 -12,000:
1796 1351 47 6 —

702 1415 146 48 Värme,
879 1415 72 48 lyse
980 1416 63 35 och
1072 1415 142 37 diverse
1240 1416 162 49 utgifter.

238 1483 286 43 Omkostnader
556 1515 84 5 s.å
648 1514 702 7 mvisiitsisdsisvs
899 1479 63 56 siden
972 1479 50 56 ts
1039 1479 172 56 strssrreoorrns
1221 1479 63 56 order
1291 1479 63 56 korr
1358 1515 63 5 en
1520 1513 22 18 -
1653 1485 125 47 1,350:
1795 1505 50 6 —

1265 1544 158 38 Summa
1452 1546 143 36 kronor
1625 1546 151 47 95,500:
1795 1567 60 15 —

367 1648 135 36 Denna
522 1647 386 49 förslagsberäkning
928 1647 343 45 öfverensstämde,
1290 1647 122 49 enligt
1428 1648 101 37 hvad
1547 1647 309 50 departements-

238 1701 137 36 chefen
404 1699 58 37 till
492 1699 425 49 statsrådsprotokollet
947 1704 135 44 yttrat,
1111 1700 12 36 i
1152 1699 182 37 afseende
1363 1703 20 32 å
1413 1699 213 50 utgifterna
1656 1700 86 36 med
1769 1699 85 47 den,

238 1766 81 23 som
350 1752 58 36 för
437 1752 107 36 detta
573 1754 40 34 år
641 1751 205 36 framlades
877 1750 58 37 för
968 1752 95 36 1897
1095 1754 61 34 årg
1185 1750 185 50 Riksdag,
1402 1751 87 37 med
1517 1751 201 49 undantag
1735 1751 119 48 deraf,

238 1809 56 31 ätt
323 1803 374 47 aflöningssumman
727 1803 71 36 och
827 1802 160 38 dermed
1016 1804 118 36 också
1163 1802 255 38 slutsumman
1448 1803 192 37 minskats
1671 1804 87 36 med
1780 1805 74 35 500

237 1857 154 45 kronor,
434 1855 149 36 hvilket
626 1854 227 49 betingades
895 1854 118 49 deraf,
1057 1860 56 31 att
1150 1857 20 34 å
1199 1867 72 24 ena
1300 1855 111 37 sidan
1441 1868 59 35 en
1517 1855 143 48 geolog
1689 1855 87 36 med
1806 1868 48 23 en

237 1908 65 36 lön
344 1907 42 37 af
425 1907 114 45 3,500
578 1907 141 35 kronor
747 1907 122 36 under
901 1909 97 34 1897
1029 1906 151 37 erhållit
1208 1906 276 49 entledigande
1513 1907 84 36 från
1627 1906 59 37 sin
1716 1907 140 36 befatt-

237 1960 97 47 ning
363 1959 63 36 vid
455 1958 355 49 undersökningen,
841 1958 138 37 medan
1008 1959 74 36 den
1111 1958 77 49 lön,
1218 1972 82 23 som
1329 1958 163 49 utginge
1521 1958 60 37 till
1606 1958 73 37 den
1696 1958 158 49 geolog,

238 2025 81 23 som
350 2010 99 37 efter
477 2010 141 37 honom
647 2010 232 48 förordnats,
909 2010 178 49 utgjorde
1117 2013 115 46 2,500
1262 2010 154 48 kronor,
1446 2016 99 30 samt
1574 2013 20 33 å
1610 2011 118 36 andra
1744 2010 110 37 sidan

237 2062 319 50 löneförhöjning
584 2062 208 37 beräknats
813 2062 60 36 för
888 2076 48 22 en
951 2063 154 48 geolog,
1122 2076 81 24 som
1222 2061 124 49 enligt
1361 2062 181 48 gällande
1559 2061 295 38 bestämmelser

237 2115 125 37 skulle
392 2115 83 37 från
504 2114 71 36 och
605 2114 85 37 med
720 2117 40 34 år
792 2116 96 35 1899
919 2113 118 38 blifva
1066 2115 129 37 dertill
1223 2113 231 49 berättigad.

368 2167 74 37 Till
484 2166 239 37 betäckande
765 2166 43 37 af
831 2166 112 36 dessa
973 2166 161 49 utgifter
1161 2165 221 51 påräknade
1411 2165 137 38 chefen
1578 2166 60 37 för
1667 2165 185 50 Sveriges

235 2218 229 50 geologiska
506 2218 294 48 undersökning
842 2217 182 50 omkring
1065 2220 75 35 500
1183 2219 143 36 kronor
1365 2231 143 35 genom
1550 2217 233 50 försäljning
1815 2217 40 37 af

235 2270 132 38 kartor
403 2272 71 38 och
516 2270 119 38 andra
662 2269 301 53 publikationer;
995 2271 71 36 och
1095 2270 66 38 det
1190 2269 314 51 anslagsbelopp,
1534 2283 83 24 som
1646 2269 119 38 borde
1793 2268 59 38 för
