2215 2676
907 187 263 33 Statsutskottets
1199 188 172 32 Memorial
1397 189 56 32 N:o
1477 192 47 28 61.

458 191 20 28 HS

549 276 75 38 För
652 276 124 37 denna
803 276 131 50 frågas
963 276 213 50 afgörande
1204 290 140 36 genom
1372 290 225 36 gemensam
1627 277 238 49 omröstning
1893 277 58 37 får
1967 281 57 32 ut-

417 328 144 37 skottet
590 328 140 37 föreslå
758 327 170 50 följande
957 328 454 50 voteringsproposition:

1198 483 46 36 IL.

550 586 118 48 »Den,
715 599 80 23 som
836 585 11 38 1
888 585 120 38 likhet
1047 587 86 37 med
1174 586 137 37 Första
1344 586 232 38 Kammaren
1609 587 78 48 vill,
1717 592 54 32 att
1798 586 226 50 Riksdagen

414 638 59 37 för
489 638 154 36 fortsatt
658 637 249 50 tillverkning
927 638 37 36 af
974 638 250 37 ammunition
1239 637 59 37 för
1313 637 295 52 eldhandvapen
1624 638 160 50 beviljar
1798 640 224 46 10,813,000

414 690 141 35 kronor
596 689 71 37 och
709 689 113 36 däraf
859 693 48 45 på
937 696 108 30 extra
1073 694 77 32 stat
1177 690 58 36 för
1264 692 41 34 år
1335 691 95 35 1906
1461 691 152 36 anvisar
1643 691 198 47 1,444,000
1870 689 152 48 kronor,

415 744 124 32 röstar

1191 843 63 45 Ja;

548 945 94 47 Den,
672 944 64 38 det
764 945 34 49 ej
828 944 76 48 vill,
934 950 132 46 röstar,

1175 1047 88 49 Nej;

548 1150 143 36 Vinner
729 1150 84 49 Nej,
856 1150 68 37 har
947 1149 234 50 Riksdagen,
1209 1149 11 37 1
1249 1149 120 38 likhet
1397 1150 86 37 med
1512 1150 131 38 Andra
1672 1151 244 47 Kammaren,
1957 1151 64 37 be-

411 1200 120 37 slutat
573 1206 55 31 att
656 1201 59 36 för
744 1201 155 37 fortsatt
926 1201 250 50 tillverkning
1204 1201 40 36 af
1271 1201 247 37 ammunition
1548 1202 57 36 för
1634 1202 294 48 eldhandvapen
1955 1202 65 37 be-

412 1252 90 49 vilja
544 1254 200 46 3,522,700
786 1252 139 37 kronor
967 1252 71 37 och
1078 1253 113 37 däraf
1228 1256 48 46 på
1318 1259 107 30 extra
1467 1258 76 32 stat
1588 1253 58 37 för
1688 1256 40 34 år
1763 1254 94 36 1906
1888 1252 132 38 anvisa

414 1305 160 46 880,675
604 1304 172 36 kronor.»

1182 1459 70 36 4:0.

544 1558 143 49 Kungl.
731 1558 107 49 Maj:t
870 1558 98 37 hade
995 1559 11 35 i
1034 1559 172 48 punkten
1236 1562 43 34 31
1311 1560 41 37 af
1377 1560 122 49 fjärde
1528 1560 261 37 hufvudtiteln
1817 1561 202 49 föreslagit

410 1608 220 50 Riksdagen
661 1609 81 37 dels
771 1614 56 32 att
854 1609 56 37 till
939 1610 241 49 uppförande
1208 1611 42 36 af
1274 1625 75 35 nya
1377 1611 228 50 byggnader
1633 1613 60 35 för
1722 1612 129 37 armén
1880 1612 140 50 bevilja

409 1660 224 49 ytterligare
675 1662 223 47 19,700,000
938 1661 141 36 kronor
1115 1668 99 30 samt
1254 1662 112 37 däraf
1392 1666 20 33 å
1440 1669 108 31 extra
1576 1667 76 32 stat
1680 1662 57 37 för
1766 1666 40 33 år
1836 1665 94 35 1906
1960 1664 59 37 för

410 1711 253 49 påbörjandet
691 1712 43 36 af
757 1725 75 36 nya
859 1712 446 50 kasernetablissemang
1332 1713 56 36 till
1416 1713 325 50 Lifregementets
1756 1715 262 48 grenadjärer,

408 1762 135 37 Första
584 1763 72 36 och
695 1762 132 37 Andra
868 1763 537 50 lifgrenadjärregementena,
1433 1765 191 49 Västgöta
1652 1771 232 43 regemente,
1915 1766 104 50 Upp-

408 1812 110 37 lands
546 1813 418 50 infanteriregemente,
995 1814 253 50 Skaraborgs,
1278 1815 337 49 Södermanlands,
1644 1816 261 49 Kronobergs,
1925 1817 93 37 Jön-

407 1864 179 49 köpings,
614 1859 220 55 Älfsborgs,
863 1865 228 48 Bohusläns,
1121 1866 158 37 Kalmar
1307 1867 68 37 och
1397 1867 229 38 Värmlands
1648 1875 248 42 regementen
1917 1874 100 31 samt

406 1915 125 37 Norra
561 1916 71 36 och
661 1915 121 37 Södra
811 1916 167 37 skånska
1006 1917 456 49 infanteriregementena
1491 1918 132 37 anvisa
1641 1920 202 46 4,400,000
1863 1919 152 48 kronor,

407 1966 82 36 dels
518 1967 70 36 ock
618 1971 55 32 att
700 1967 87 37 utaf
812 1967 73 37 den
913 1967 63 37 vid
1008 1969 96 36 1904
1132 1972 60 33 års
1211 1969 160 50 riksdag
1389 1970 121 36 under
1530 1970 112 37 ofvan
1665 1970 158 50 angifna
1843 1969 174 51 anslags-

404 2017 83 37 titel
528 2017 192 50 beviljade
758 2032 186 34 summan,
988 2021 199 46 6,800,000
1214 2020 154 48 kronor,
1397 2020 184 38 likaledes
1611 2025 19 33 å
1655 2027 107 32 extra
1791 2026 76 32 stat
1890 2022 59 37 för
1978 2025 40 34 år

406 2070 95 35 1906
531 2069 133 37 anvisa
692 2071 201 46 2,100,000
920 2071 153 36 kronor.

538 2120 18 36 I
584 2121 280 49 sammanhang
891 2122 158 36 härmed
1078 2122 98 37 hade
1204 2122 188 38 utskottet
1421 2122 167 37 förehaft
1615 2123 58 37 till
1701 2123 238 50 behandling
1967 2139 47 23 en

402 2170 102 36 inom
533 2171 130 37 Andra
691 2172 233 37 Kammaren
953 2174 113 36 väckt
1094 2173 144 37 motion
1268 2172 73 48 (n:o
1372 2172 97 49 123),
1498 2174 108 37 hvari
1634 2175 88 36 herr
1755 2177 40 35 O.
1824 2177 46 35 ÅA.
1891 2178 125 36 Erics-

401 2235 61 23 son
489 2221 10 36 i
530 2221 236 51 Ofvanmyra
795 2224 86 36 med
911 2224 91 36 flere
1031 2224 213 49 föreslagit,
1266 2230 55 31 att
1335 2225 233 49 Riksdagen,
1590 2226 86 36 med
1694 2226 125 49 afslag
1836 2230 19 33 å
1871 2227 140 49 Kungl.

402 2272 122 49 Maj:ts
562 2273 254 38 förevarande
845 2275 286 49 framställning
1159 2276 201 48 angående
1389 2276 136 49 anslag
1552 2276 56 37 till
1638 2277 70 38 och
1737 2278 210 37 anvisande
1977 2279 40 37 af
