1940 2862
279 166 122 31 Andra
424 165 223 32 kammarens
671 167 117 36 fjärde
813 165 183 36 tillfälliga
1020 165 153 31 utskotts
1196 165 182 31 utlåtande
1404 175 41 21 nr
1470 166 28 29 9.
1579 166 17 29 1

831 462 58 39 Nr
917 461 37 40 9.

679 570 112 24 Ankom
812 570 41 24 till
874 569 163 32 riksdagens
1057 570 89 23 kansli
1167 570 53 24 den
1241 571 15 22 9
1276 571 54 29 maj
1352 571 65 23 1924
1439 570 35 24 kl.
1498 571 9 22 1
1530 578 21 16 e.
1573 578 35 16 m.

246 662 120 32 Andra
400 663 222 31 kammarens
656 662 139 36 fjärde
830 662 182 37 tillfälliga
1046 662 153 31 utskotts
1226 662 182 32 utlåtande
1431 672 42 21 nr
1497 664 29 34 9,
1550 664 12 29 i
1586 672 58 22 an-

445 714 142 37 ledning
621 724 44 21 av
699 713 105 32 väckt
837 715 136 30 motion
1008 724 57 21 om
1099 714 169 32 skrivelse
1303 714 55 31 till
1387 713 130 38 Kungl.
1541 713 104 38 Maj:t

444 766 179 36 angående
639 767 71 30 viss
726 766 149 36 ändring
891 776 45 21 av
949 767 215 35 proceduren
1176 767 60 30 vid
1249 767 175 35 prövning
1435 776 45 21 av
1492 767 153 30 ärenden

444 819 149 30 rörande
615 817 166 31 utländsk
803 817 232 36 arbetskrafts
1058 819 230 30 användande
1311 819 97 30 inom
1431 818 127 31 landet.

186 920 18 32 I
226 930 43 21 en
293 921 95 30 inom
411 920 111 31 andra
546 920 204 30 kammaren
772 920 105 31 väckt
901 920 63 31 och
987 920 58 30 till
1068 920 75 31 dess
1168 920 113 36 fjärde
1304 920 187 36 tillfälliga
1512 921 134 30 utskott

143 972 173 32 hänvisad
352 972 145 35 motion,
532 981 42 20 nr
608 971 73 36 307,
714 971 64 31 har
811 971 79 31 herr
919 971 167 37 Höglund
1109 972 114 36 yrkat,
1247 972 51 30 att
1325 971 188 37 riksdagen
1539 973 107 29 måtte

144 1024 186 31 hemställa
352 1023 63 31 hos
438 1022 134 36 Kungl.
596 1022 103 37 Maj:t
722 1033 55 21 om
800 1023 111 31 sådan
935 1023 151 36 ändring
1104 1033 44 20 av
1165 1023 213 36 proceduren
1395 1024 61 31 vid
1473 1024 174 35 prövning

143 1086 46 20 av
224 1075 152 32 ärenden
408 1074 146 31 rörande
588 1074 167 32 utländsk
788 1075 230 31 arbetskrafts
1050 1074 222 32 användande
1294 1076 90 30 inom
1417 1075 130 36 landet,
1571 1085 77 21 var-

145 1128 139 36 igenom
318 1126 256 32 vederbörande
602 1127 236 36 arbetsgivare
861 1126 93 37 finge
977 1126 148 37 bidraga
1148 1127 57 30 till
1228 1128 131 30 statens
1384 1127 187 32 kostnader
1594 1127 54 31 för

144 1179 235 36 utredningen
403 1178 61 32 vid
487 1178 99 31 dessa
609 1178 65 31 fall
698 1189 44 20 av
766 1178 411 36 arbetsmarknadsläget.

188 1230 225 32 Beträffande
436 1230 256 36 motiveringen
715 1230 56 31 får
795 1231 168 31 utskottet
986 1230 150 31 hänvisa
1159 1231 57 30 till
1241 1230 187 32 motionen.

189 1334 177 32 Utskottet
389 1334 65 30 har
476 1334 14 30 i
513 1333 220 37 vederbörlig
756 1333 150 36 ordning
929 1334 177 30 inhämtat
1129 1333 163 37 yttrande
1308 1336 83 29 över
1407 1333 240 37 föreliggande

146 1386 134 31 motion
313 1395 46 21 av
393 1385 290 36 socialstyrelsen,
716 1385 63 31 och
802 1385 64 31 har
889 1385 155 31 nämnda
1066 1385 164 37 yttrande
1254 1387 115 29 såsom
1393 1386 120 36 bilaga
1536 1386 112 36 fogats

146 1438 58 31 till
228 1437 94 31 detta
344 1436 193 32 utlåtande.

191 1541 18 32 I
242 1541 298 36 socialstyrelsens
575 1541 163 36 yttrande
772 1543 82 29 över
889 1541 178 32 motionen
1101 1542 63 31 har
1193 1542 153 31 lämnats
1369 1551 44 21 en
1436 1541 215 38 redogörelse

144 1594 58 31 för
224 1593 261 36 behandlingen
508 1592 12 31 i
542 1593 95 31 vissa
651 1593 111 31 andra
777 1592 122 32 länder
915 1603 45 21 av
976 1593 153 32 ärenden
1144 1593 180 37 angående
1341 1593 167 32 utländsk
1524 1595 127 31 arbets-

148 1645 113 31 krafts
284 1644 231 36 användning
539 1647 165 29 ävensom
727 1645 54 31 för
804 1644 56 32 det
884 1645 263 36 huvudsakliga
1171 1645 194 31 innehållet
1389 1646 13 30 i
1422 1655 50 21 nu
1488 1645 164 37 gällande

148 1696 259 32 bestämmelser
442 1706 56 22 om
533 1696 114 32 inresa
682 1697 58 30 till
770 1696 155 37 Sverige,
949 1698 145 31 särskilt
1117 1698 12 30 i
1153 1697 67 31 vad
1246 1697 98 32 dessa
1367 1699 79 29 röra
1469 1698 115 31 inresa
1607 1708 45 21 av

148 1748 144 36 sådana,
322 1758 74 21 som
418 1750 106 29 ämna
547 1749 81 36 taga
651 1749 335 36 arbetsanställning
1010 1750 96 30 inom
1130 1749 129 31 landet.
1305 1749 130 31 Vidare
1459 1750 64 30 har
1546 1750 108 31 utför-

148 1801 68 36 ligt
250 1800 192 37 redogjorts
476 1800 54 31 för
563 1801 100 30 arten
697 1800 63 31 och
790 1800 260 37 omfattningen
1073 1811 45 21 av
1142 1801 57 32 det
1222 1801 127 36 arbete,
1372 1811 75 21 som
1470 1801 54 31 för
1547 1801 107 32 hand-

148 1852 192 37 läggandet
374 1862 45 20 av
455 1851 152 32 ärenden
640 1862 45 20 av
720 1852 207 31 hithörande
961 1853 78 36 slag
1067 1853 140 35 påvilar
1230 1853 290 36 socialstyrelsen.
1564 1854 18 31 I
1605 1863 49 21 nu

149 1903 155 32 nämnda
326 1903 196 32 avseenden
544 1904 136 31 tillåter
704 1904 55 36 sig
782 1904 169 31 utskottet
975 1904 150 32 hänvisa
1141 1905 57 31 till
1216 1905 57 31 det
1289 1905 160 36 bifogade
1465 1905 188 37 yttrandet.

193 1956 71 31 Till
299 1955 57 32 det
389 1966 45 20 av
469 1956 218 31 motionären
720 1956 199 36 framlagda
947 1956 167 37 förslaget
1136 1967 57 21 om
1216 1957 215 36 vidtagande
1454 1967 45 21 av
1523 1958 132 31 sådana

147 2007 251 37 anordningar,
433 2008 52 30 att
508 2007 233 32 kostnaderna
764 2008 53 31 för
841 2008 67 31 den
931 2009 165 35 speciella
1119 2009 281 36 passkontrollen
1423 2009 82 31 från
1527 2010 128 31 arbets-

149 2059 374 36 marknadssynpunkt
556 2060 122 36 läggas
713 2061 45 35 på
792 2060 257 32 vederbörande
1084 2061 249 36 arbetsgivare,
1368 2061 133 31 uttalar
1534 2061 122 32 social-

150 2111 171 37 styrelsen
344 2112 45 35 på
412 2111 13 31 i
448 2111 178 37 yttrandet
648 2114 161 28 närmare
832 2112 159 36 angivna
1015 2112 77 31 skäl
1115 2113 58 30 sin
1194 2113 225 36 principiella
1435 2113 219 37 anslutning.

150 2163 180 37 Styrelsen
352 2163 64 30 har
444 2165 90 29 även
556 2163 78 31 haft
657 2163 111 32 under
791 2164 243 37 övervägande
1058 2164 96 31 olika
1177 2164 250 37 anordningar,
1452 2165 203 36 varigenom

151 2214 154 37 berörda,
329 2215 111 36 enligt
463 2215 187 36 styrelsens
674 2216 142 35 mening
844 2216 86 31 fullt
953 2216 133 37 riktiga
1109 2217 105 31 tanke
1239 2216 195 37 lämpligen
1455 2217 117 32 kunde
1588 2217 68 31 för-

151 2267 189 36 verkligas,
364 2276 80 22 men
466 2267 65 30 har
553 2267 32 36 ej
610 2267 136 37 lyckats
769 2267 140 32 utfinna
931 2269 120 35 någon
1074 2268 152 37 lösning,
1251 2278 73 22 som
1348 2268 76 32 icke
1440 2269 115 32 skulle
1572 2279 86 21 vara

150 2318 145 32 förenad
319 2319 77 31 med
420 2319 182 36 praktiska
625 2319 231 37 olägenheter.

194 2371 57 31 Av
286 2371 296 36 socialstyrelsens
616 2371 163 37 yttrande
811 2372 13 30 i
855 2371 130 37 frågan
1019 2372 156 36 framgår
1210 2373 181 37 slutligen,
1425 2374 51 30 att
1499 2373 79 31 hela
1601 2373 57 32 det

152 2422 228 32 förevarande
404 2423 207 36 spörsmålet
635 2423 147 32 kommit
807 2424 12 30 i
842 2425 49 30 ett
914 2424 192 36 väsentligt
1129 2425 126 31 ändrat
1279 2425 79 37 läge
1375 2425 215 37 därigenom,
1607 2426 52 30 att

150 2475 173 36 styrelsen
357 2474 111 32 under
502 2475 94 31 hand
629 2475 143 31 erhållit
804 2475 237 37 meddelande,
1074 2477 51 30 att
1150 2477 94 30 inom
1268 2477 391 36 finansdepartementet

151 2537 111 31 Bihang
285 2538 40 25 till
348 2537 167 31 riksdagens
540 2536 144 32 protokoll
709 2538 75 25 1924.
824 2540 33 23 13
875 2540 81 23 saml.
995 2540 15 23 4
1030 2540 61 24 avd.
1130 2541 16 23 6
1166 2540 69 30 häft.
1273 2536 53 33 (Nr
1344 2537 35 32 9)
1611 2542 9 22 1

1700 915 143 24 Motionen.

1684 1341 127 24 Ytlrande
1830 1348 34 16 av

1685 1375 173 32 socialstyrel-

1744 1419 53 17 sen.

1707 1550 132 25 Utskottet.
