2135 2672
577 246 354 33 Jordbruksutskottets
958 247 171 32 utlåtande
1155 248 53 32 Nr
1234 250 52 29 4ö.
1668 246 21 35 3

862 667 66 38 Nr
955 667 78 40 45.

605 774 126 27 Ankom
755 774 49 28 till
827 774 198 37 Riksdagens
1050 775 106 28 kansli
1179 776 62 27 den
1266 776 37 27 26
1329 776 79 36 april
1434 776 80 28 1912
1539 776 40 27 kl.
1605 777 18 27 3
1647 785 25 19 e.
1697 786 41 19 m.

460 918 193 36 Utldtande
680 920 14 34 i
720 920 195 48 anledning
943 920 47 47 af
1009 920 134 48 Kungl.
1164 920 129 49 Maj:ts
1306 921 229 47 proposition
1555 921 184 49 angående

544 980 272 48 öfverflyttande
844 980 55 36 till
927 980 281 49 landtförsvaret
1235 981 48 48 af
1306 982 94 35 vissa
1429 981 102 36 delar
1551 983 47 48 af
1612 982 126 36 krono-

544 1041 219 35 domänerna
804 1054 44 22 nr
884 1041 26 35 2
945 1041 101 36 Hene
1085 1041 262 49 Prästegården
1388 1043 61 35 och
1483 1056 43 22 nr
1570 1043 25 35 4
1641 1043 99 36 Hene

544 1101 253 48 Bredegården
832 1102 15 35 i
880 1101 128 36 Norra
1049 1102 217 47 Kyrketorps
1293 1102 122 36 socken
1443 1104 47 48 af
1517 1102 223 50 Skaraborgs

545 1162 62 36 län
634 1175 45 22 m.
708 1175 45 22 m.
1430 1162 73 48 (1:a
1532 1162 102 49 Afd.)

246 1265 17 36 I
292 1279 47 23 en
367 1264 57 37 till
460 1264 220 49 Riksdagen
709 1265 73 36 den
812 1266 20 34 6
863 1278 98 23 mars
993 1267 96 34 1912
1120 1265 151 47 aflåten,
1300 1265 58 36 till
1381 1265 356 49 jordbruksutskot-

143 1322 77 32 tets
262 1317 278 37 förberedande
582 1316 234 50 behandling
842 1317 184 37 hänvigad
1054 1317 249 50 proposition,
1332 1331 45 22 nr
1407 1319 61 46 67,
1498 1319 69 36 har
1594 1318 142 50 Kungl.

142 1370 109 49 Maj:t
291 1369 118 37 under
437 1369 239 50 åberopande
705 1369 41 37 af
772 1369 146 49 bilagdt
945 1370 141 49 utdrag
1114 1369 42 37 af
1180 1370 422 49 statsrådsprotokollet
1630 1371 109 36 öfver

141 1422 447 37 landtförsvarsärenden
615 1422 60 36 för
704 1435 142 23 samma
874 1422 75 48 dag
978 1421 199 49 föreslagit
1204 1422 223 49 Riksdagen
1456 1423 207 49 medgifva,
1684 1428 54 31 att

143 1475 47 36 de
218 1477 20 33 å
267 1488 46 23 en
351 1474 420 49 statsrådsprotokollet
804 1474 155 49 bifogad
991 1475 108 36 karta
1127 1474 86 37 med
1240 1473 71 38 litt.
1342 1475 44 35 A.
1417 1475 69 37 och
1516 1475 40 36 B.
1587 1475 151 37 beteck-

142 1527 109 48 nade,
276 1527 120 36 under
424 1526 347 50 domänstyrelsens
800 1527 92 36 vård
919 1527 164 49 lydande
1113 1527 190 48 områden,
1334 1527 63 37 det
1423 1528 103 36 förra
1554 1541 60 23 om
1646 1530 94 46 17,42

142 1579 137 37 hektar
322 1579 40 36 af
398 1578 188 49 indragna
627 1578 272 37 furirbostället
932 1579 46 35 ”'.
1008 1579 141 36 mantal
1189 1593 45 21 nr
1260 1581 21 34 2
1310 1579 109 37 Hene
1460 1580 280 48 Prästegården

143 1631 72 36 och
256 1630 65 37 det
357 1643 132 24 senare
531 1643 61 23 om
631 1633 94 46 61,62
752 1630 136 37 hektar
916 1631 41 36 af
979 1630 187 50 indragna
1194 1631 326 37 fänriksbostället
1550 1634 18 34 1
1599 1632 141 36 mantal

144 1697 45 22 nr
216 1685 23 34 4
268 1682 109 37 Hene
417 1682 280 49 Bredegården,
727 1686 60 33 må
814 1683 73 36 den
917 1685 46 34 14
993 1696 99 23 mars
1123 1684 96 35 1915
1250 1683 253 37 öfverlämnas
1532 1683 58 37 till
1617 1685 122 35 landt-

143 1735 192 37 försvaret
362 1735 60 37 för
450 1740 55 31 att
538 1734 193 37 användas
759 1735 57 36 till
843 1735 231 49 utvidgning
1102 1735 40 36 af
1168 1735 225 49 öfningsfält
1421 1737 58 36 för
1500 1736 239 49 Skaraborgs

144 1792 221 44 regemente
407 1787 72 36 och
515 1787 322 49 Lifregementets
877 1788 171 44 husarer;
1078 1791 97 32 samt
1212 1792 55 31 att
1295 1788 63 36 det
1387 1790 21 33 å
1444 1788 158 36 berörda
1630 1788 110 37 karta

144 1838 88 37 med
268 1839 70 36 litt.
369 1837 42 38 CO.
441 1839 244 48 betecknade,
723 1839 179 37 likaledes
930 1839 120 37 under
1078 1840 348 49 domänstyrelsens
1455 1840 92 37 vård
1575 1840 164 50 lydande

144 1891 152 37 område
325 1905 62 23 om
417 1893 93 46 15,11
540 1891 135 37 hektar
703 1892 40 36 af
767 1892 187 49 indragna
982 1892 272 36 furirbostället
1284 1891 46 39 ”/«
1359 1892 141 37 mantal
1519 1906 45 23 nr
1589 1896 20 33 2
1630 1892 110 38 Hene

143 1944 282 48 Prästegården
466 1947 60 33 må
566 1944 182 36 likaledes
790 1944 74 37 den
907 1947 46 34 14
995 1958 100 23 mars
1126 1946 97 34 1915
1253 1945 252 36 öfverlämnas
1533 1945 56 36 till
1617 1945 123 36 landt-

143 1997 189 36 försvaret
360 1996 59 37 för
447 2001 54 31 att
529 1996 210 37 sedermera
767 1997 186 36 afhändas
979 1996 157 37 Kronan
1155 2010 140 35 genom
1319 1997 89 49 byte
1428 2002 80 31 mot
1528 1997 63 37 det
1611 1996 129 39 Claes-

143 2054 107 43 torps
291 2048 444 49 landtbruksaktiebolag
771 2049 205 49 tillhöriga,
1006 2052 19 34 å
1054 2049 135 36 kartan
1216 2049 87 36 med
1330 2049 70 37 litt.
1430 2049 45 37 D.
1506 2050 234 37 betecknade

145 2101 171 36 området
357 2101 91 36 eller
489 2101 107 36 Hene
638 2102 200 48 afrösning
880 2115 59 23 om
980 2102 158 48 tillbhopa
1181 2103 95 46 10,18
1304 2102 146 47 hektar,
1479 2101 145 38 hvilket
1653 2102 86 37 sist-

144 2153 165 36 nämnda
352 2153 152 36 område
540 2153 143 49 jämväl
724 2158 42 32 är
806 2153 123 37 afsedt
958 2159 54 31 att
1040 2153 195 37 användas
1263 2153 58 37 till
1349 2154 233 49 utvidgning
1611 2155 41 36 af
1676 2154 63 37 be-

143 2205 114 37 rörda
286 2205 239 49 öfningsfält.

248 2257 17 36 I
293 2258 109 47 fråga
431 2271 62 23 om
521 2257 73 37 den
621 2258 219 48 utredning,
871 2271 82 23 som
980 2258 12 35 i
1021 2259 155 35 ärendet
1208 2259 269 48 åvägabragts,
1508 2258 143 37 tillåter
1679 2258 62 50 sig

144 2309 189 37 utskottet
361 2314 55 32 att
443 2310 159 37 hänvisa
630 2309 57 37 till
715 2310 445 49 departementschefens
1188 2311 181 49 yttrande
1398 2311 57 35 till
1485 2311 257 36 ofvannämda

146 2362 389 49 statsrådsprotokoll.
