1902 2834
475 143 438 33 Konstitutionsutskottets
931 142 178 32 utlåtande
1126 142 49 31 Nr
1198 143 50 30 28.
1587 136 38 30 15

115 229 198 26 Närvarande:
324 230 106 25 Herrar
450 228 113 31 Hallén,
586 228 100 31 Gustaf
708 227 87 31 Adolf
816 226 167 33 Björkman,
1005 226 88 26 Oscar
1116 225 124 31 Gottfrid
1261 223 147 30 Karlsson,
1429 223 54 25 Per
1505 222 119 25 Anders-

329 279 60 24 son,
409 271 116 31 Herlitz,
547 270 112 32 Thulin,
678 270 120 26 Fredrik
818 270 102 29 Ström,
938 269 63 25 Nils
1019 268 173 30 Andersson,
1212 265 117 32 Öman",
1348 265 139 31 Näslund,
1507 265 118 29 Härdin,

328 315 154 31 Lindskog,
503 313 94 31 Fast",
618 313 164 25 Andersson
803 313 9 24 i
831 311 172 32 Ovanmyra,
1024 311 100 31 Vougt,
1145 309 177 30 Mosesson",
1342 308 166 30 Arnemark,
1530 307 95 25 Eriks-

330 365 53 18 son
404 357 9 25 i
437 356 145 30 Toftered,
606 356 117 25 Nilsson
746 356 8 24 i
780 354 140 33 Göteborg
943 354 54 25 och
1020 353 172 26 Sundström
1215 352 8 25 i
1247 351 120 26 Skövde.

153 436 14 15 >
188 435 35 32 Ej
238 434 180 26 närvarande
435 433 48 25 vid
503 432 183 33 justeringen.

686 724 375 35 Reservationer:

169 813 28 41 1)
226 826 43 21 av
288 816 120 30 herrar
429 814 142 37 Herlitz,
594 812 127 31 Thulin
741 813 66 30 och
828 810 169 38 Näslund,
1018 820 76 21 som
1112 811 113 36 yrkat,
1247 813 50 27 att
1318 809 164 36 förslaget
1501 808 51 31 till
1573 809 56 35 lag

122 869 79 30 med
220 867 93 31 vissa
331 866 262 31 bestämmelser
613 874 57 21 om
690 864 137 36 tryckta
849 862 141 32 skrifter
1008 862 58 31 vid
1087 861 77 37 krig
1185 860 82 31 eller
1287 860 174 37 krigsfara
1482 869 48 21 nu
1553 859 75 31 icke

122 918 107 31 måtte
248 921 143 33 antagas
410 920 85 28 utan
516 919 50 28 att
585 915 185 36 riksdagen
790 914 11 30 i
820 913 164 32 skrivelse
1004 913 50 30 till
1073 912 123 37 Kungl.
1220 911 102 37 Maj:t
1340 910 106 32 måtte
1466 910 161 31 hemstäl-

122 970 43 35 la,
190 972 51 28 att
263 968 123 37 Kungl.
411 967 103 37 Maj:t
539 967 79 30 ville
642 965 186 31 verkställa
851 963 204 37 erforderlig
1078 963 139 31 formell
1241 963 66 30 och
1328 961 82 31 reell
1435 961 193 31 överarbet-

122 1020 83 36 ning
224 1022 91 28 samt
335 1019 177 36 förelägga
528 1017 186 36 riksdagen
732 1019 76 34 nytt
826 1015 131 36 förslag
976 1014 11 31 i
1007 1014 39 31 så
1065 1014 66 37 god
1151 1014 50 30 tid
1221 1016 50 28 att
1289 1013 99 36 lagen
1408 1012 72 31 kan
1500 1011 100 31 träda
1617 1011 12 30 i

122 1071 96 31 kraft
239 1070 213 31 omedelbart
474 1069 88 30 efter
581 1069 56 29 det
659 1068 66 30 den
747 1067 196 35 föreslagna
965 1064 380 38 grundlagsändringen
1368 1063 179 36 slutgiltigt
1571 1072 57 21 an-

122 1122 115 36 tagits;

167 1171 30 40 2)
229 1181 43 22 av
295 1172 81 30 herr
398 1169 147 31 Fredrik
569 1169 127 37 Ström;

167 1222 31 40 3)
230 1232 42 21 av
296 1222 80 30 herr
400 1221 73 31 Nils
497 1220 206 31 Andersson.
