2228 2608
360 136 39 31 10
579 133 117 31 Andra
722 132 201 30 kammarens
942 131 107 38 femte
1075 129 166 40 tillfälliga
1265 130 134 30 utskotts
1427 128 164 32 utlåtande
1616 128 51 30 Nr
1692 129 51 28 15.

359 225 40 30 de
436 234 24 21 s.
498 223 32 31 k.
569 222 245 40 skogsrenarne
850 218 165 32 anställde
1052 219 44 40 på
1131 217 357 41 slåtterlägenheterna
1518 218 19 29 å
1561 215 286 41 kronoparkerna,
1874 214 86 31 evad

359 268 97 32 dessa
481 277 47 20 nu
552 276 82 22 voro
659 264 193 41 skattlagda
875 263 109 31 under
1008 262 91 32 vissa
1123 262 162 31 hemman
1310 261 81 31 eller
1415 262 53 30 för
1492 260 219 32 statsverkets
1733 259 146 40 räkning
1895 262 66 27 sär-

359 312 79 32 skilt
474 309 273 38 utarrenderade,
784 310 36 30 så
854 317 59 22 var
949 307 56 32 det
1033 307 102 39 givet,
1161 310 48 28 att
1238 306 165 40 styrelsen
1428 310 107 35 gärna
1560 304 78 32 ville
1664 304 154 41 begagna
1843 303 50 40 sig
1917 313 43 21 av

359 356 94 41 varje
479 354 180 42 möjlighet
683 357 49 28 att
756 352 97 33 freda
877 351 108 32 under
1011 351 76 31 dess
1112 350 211 41 förvaltning
1352 349 119 32 ställda
1496 349 123 41 skogar
1643 349 77 30 från
1745 348 148 31 åverkan
1918 357 42 21 av

359 401 98 32 dessa
493 400 211 40 skogsrenar,
730 397 103 38 vilka,
860 396 50 32 till
934 400 69 28 stor
1028 395 55 31 del
1108 395 86 41 ägda
1218 405 42 21 av
1286 404 169 31 personer,
1481 404 74 21 som
1581 393 9 31 i
1615 392 243 42 spekulations-
1882 391 80 32 eller

359 445 200 40 affärssyfte
595 443 91 32 höllo
715 442 141 41 hjordar
879 443 43 39 på
946 440 89 32 ända
1060 450 71 30 upp
1155 439 49 32 till
1229 442 47 29 ett
1301 449 60 31 par
1385 442 98 28 tusen
1508 438 87 40 djur,
1622 441 82 28 utan
1729 436 147 41 ringaste
1900 436 61 32 till-

359 501 64 30 syn
448 491 71 30 året
543 499 56 21 om
626 486 119 33 betade
770 488 19 29 å
813 485 288 41 kronoparkerna.

469 533 112 32 Sedan
606 532 116 31 därför
746 541 122 31 genom
894 529 210 32 tillkomsten
1129 538 42 22 av
1195 528 99 40 lagen
1320 527 65 31 den
1413 528 38 30 19
1475 526 76 42 juni
1579 527 82 30 1917
1687 524 175 42 angående
1884 524 77 32 änd-

361 579 75 41 ring
461 578 10 31 i
496 577 91 33 vissa
612 576 92 33 delar
728 586 42 22 av
797 576 98 40 lagen
927 574 66 31 den
1020 575 16 29 1
1071 572 63 42 juli
1161 573 83 31 1898
1270 583 56 21 om
1352 571 146 33 svenska
1523 572 179 40 lapparnes
1727 573 66 28 rätt
1817 569 50 31 till
1892 579 69 21 ren-

361 624 75 31 bete
461 623 10 31 i
497 621 139 42 Sverige
661 621 11 31 i
697 620 63 33 och
785 619 77 32 med
887 617 301 33 bestämmelserna
1213 617 10 31 i
1247 617 43 31 42
1315 617 21 40 $&
1362 617 122 31 beretts
1510 626 42 21 en
1577 615 104 32 sådan
1707 613 186 42 möjlighet,
1908 624 54 20 av-

361 668 46 32 lät
432 667 167 41 styrelsen
623 666 74 41 den
719 666 40 29 31
791 663 177 32 december
993 662 144 32 sistlidet
1161 663 35 30 år
1221 661 10 30 i
1255 661 146 32 avskrift
1426 660 161 41 bifogade
1612 656 161 35 skrivelse
1799 658 49 32 till
1872 662 90 27 över-

360 712 232 41 jägmästarne
628 710 10 30 i
676 709 90 31 Övre
802 708 63 32 och
900 706 112 32 Nedre
1038 706 223 32 Norrbottens
1286 705 135 32 distrikt
1446 705 63 32 och
1534 704 74 32 lade
1633 704 10 31 i
1668 704 97 31 deras
1790 702 92 32 hand
1907 706 56 35 att,

361 756 61 33 där
459 754 336 41 omständigheterna
832 752 120 32 sådant
987 750 208 37 föranledde,
1232 750 62 32 hos
1324 750 105 31 Eders
1454 749 128 41 Kungl.
1609 748 112 41 Maj:ts
1748 747 216 41 befallnings-

362 800 159 33 havande
546 803 82 37 göra
653 798 105 32 sådan
775 796 161 38 ansökan,
963 806 73 21 som
1062 795 10 31 i
1097 795 104 31 andra
1227 795 130 40 stycket
1381 805 43 21 av
1448 792 267 43 nyssnämnda
1697 787 19 57 $
1733 791 229 33 omförmäles.

471 844 110 31 Innan
606 842 188 33 emellertid
819 841 98 31 dessa
941 839 289 41 överjägmästare
1254 839 10 31 i
1289 838 186 41 anledning
1499 848 43 21 av
1561 837 224 32 förenämnda
1804 835 159 33 skrivelse

364 889 125 32 hunnit
515 888 137 40 vidtaga
676 888 113 39 någon
814 885 128 42 åtgärd,
968 884 109 32 erhöll
1102 883 292 41 domänstyrelsen
1419 886 47 29 ett
1483 882 162 41 telegram
1664 882 77 30 från
1758 880 206 32 livsmedels-

363 933 166 42 styrelsen
566 932 10 31 i
613 931 114 38 Luleå,
759 941 43 22 av
826 929 152 32 innehåll
1004 939 74 22 som
1103 929 151 40 framgår
1278 938 43 21 av
1346 928 10 30 i
1380 927 147 32 avskrift
1551 925 160 42 bifogade
1736 924 162 33 skrivelse
1921 935 44 21 av

364 979 67 31 den
469 979 41 30 25
551 976 152 32 sistlidne
738 975 135 41 januari
909 975 77 30 från
1023 973 293 41 domänstyrelsen
1342 972 51 32 till
1416 970 226 33 förenämnda
1667 969 297 41 överjägmästare,

364 1023 74 32 vari
473 1022 98 32 dessa
606 1020 165 38 anmodas
808 1023 48 28 att
880 1019 49 32 till
953 1017 285 33 nästkommande
1264 1017 76 32 höst
1364 1017 67 31 låta
1455 1017 99 30 anstå
1578 1015 77 32 med
1680 1013 183 42 ingivande
1888 1024 42 21 av
1955 1014 10 29 i

365 1067 184 42 styrelsens
574 1067 91 30 förra
690 1064 163 33 skrivelse
876 1063 109 32 under
1011 1062 90 32 vissa
1124 1061 284 42 förutsättningar
1432 1060 196 32 anbefallda
1652 1058 162 32 ansökan.

474 1110 319 44 Domänstyrelsens
818 1107 235 43 nyssnämnda
1078 1111 123 28 tvenne
1227 1106 180 32 skrivelser
1431 1107 126 39 avsågo
1581 1103 145 42 givetvis
1743 1102 223 32 Norrbottens

366 1157 56 31 län
447 1156 11 31 i
482 1156 76 31 dess
583 1154 124 38 helbet,
733 1154 63 32 och
820 1153 62 31 har
906 1152 165 41 styrelsen
1096 1150 118 33 hittills
1231 1151 72 31 icke
1321 1150 159 41 företagit
1497 1149 107 32 andra
1621 1148 157 42 åtgärder
1795 1149 44 40 på
1855 1146 112 42 grund

365 1212 44 21 av
434 1201 10 30 i
470 1200 173 32 motionen
668 1197 228 33 omförmälda
919 1196 250 31 förhållanden.

474 1243 77 32 Vad
587 1254 48 20 nu
669 1241 136 33 särskilt
840 1240 278 32 Muonionalusta
1154 1238 315 42 kapellförsamling
1494 1238 166 31 beträffar
1685 1237 63 31 och
1773 1236 66 32 vad
1863 1236 104 40 angår

366 1290 42 31 de
445 1288 166 41 åtgärder,
652 1297 73 22 som
763 1285 162 42 styrelsen
962 1286 44 40 på
1042 1283 114 43 grund
1184 1294 42 21 av
1262 1282 247 33 förutnämnda
1545 1281 184 40 ändringar
1753 1281 10 30 i
1788 1280 179 41 lapplagen

366 1334 67 32 den
472 1335 15 29 1
524 1332 63 42 juli
623 1332 94 37 1898,
748 1330 108 32 skulle
880 1330 118 31 kunna
1022 1329 98 31 finna
1145 1328 50 41 sig
1219 1327 180 32 föranledd
1422 1330 49 28 att
1495 1326 61 32 där
1581 1325 146 41 vidtaga,
1753 1325 55 31 får
1831 1324 136 31 domän-

367 1378 165 42 styrelsen
569 1376 51 32 till
655 1379 49 29 att
738 1375 97 41 börja
870 1374 77 32 med
982 1373 191 37 framhålla,
1199 1375 49 29 att
1272 1371 276 42 kronoparkerna
1572 1370 92 31 inom
1691 1369 91 32 detta
1813 1368 155 42 kapellag

367 1423 91 38 hava
483 1432 41 21 en
545 1420 236 41 sammanlagd
802 1418 121 42 ytvidd
939 1428 44 22 av
1000 1418 10 30 i
1035 1420 81 29 runt
1139 1417 47 32 tal
1210 1417 120 37 91,000
1355 1416 128 37 hektar,
1503 1418 89 28 samt
1608 1418 48 28 att
1673 1424 40 21 en
1731 1413 166 32 avsevärd
1914 1412 54 32 del

368 1478 43 21 av
436 1466 175 32 desamma
635 1465 50 31 till
710 1463 87 42 följd
822 1474 42 22 av
889 1463 57 32 sitt
969 1462 76 41 läge
1070 1465 81 29 över
1180 1461 103 32 havet
1308 1460 62 32 och
1387 1460 97 41 långt
1499 1459 95 32 inom
1611 1458 185 42 polcirkeln
1813 1458 72 31 icke
1901 1457 68 31 kan

368 1511 189 42 behandlas
587 1511 112 30 såsom
725 1508 183 42 produktiv
933 1506 203 42 skogsmark
1160 1506 10 30 i
1194 1505 116 41 vanlig
1335 1504 220 36 bemärkelse,
1581 1507 82 28 utan
1688 1504 118 36 måste,
1832 1502 42 31 då
1898 1501 71 32 där-

367 1557 106 40 jämte
497 1555 52 31 till
572 1553 87 41 följd
683 1563 43 22 av
751 1552 98 32 dessa
873 1552 150 31 markers
1049 1549 153 34 avskilda
1227 1549 203 41 belägenhet
1454 1548 57 32 det
1536 1548 80 31 därå
1640 1547 180 41 befintliga
1835 1545 134 42 obetyd-

369 1601 68 41 liga
471 1597 266 40 virkesförrådet
773 1597 53 37 för
851 1595 213 40 närvarande
1090 1595 121 32 saknar
1235 1593 190 38 saluvärde,
1451 1593 10 31 i
1486 1596 70 28 stor
1580 1591 235 41 utsträckning
1839 1591 130 31 lämnas

369 1649 50 28 att
443 1646 37 31 så
504 1647 49 28 att
577 1648 80 35 säga
682 1642 97 32 sköta
803 1641 51 42 sig
879 1641 117 41 själva.
1047 1639 65 32 Om
1137 1649 80 21 man
1242 1638 167 41 därjämte
1432 1641 96 38 tager
1552 1637 10 31 i
1588 1636 231 37 betraktande,
1844 1638 48 29 att
1915 1645 52 21 en-

371 1690 61 41 ligt
456 1688 66 32 den
548 1688 173 31 motionen
745 1685 162 44 bifogade
932 1684 187 33 skrivelsen
1143 1684 77 31 från
1245 1682 278 32 Muonionalusta
1545 1680 316 42 kapellförsamling
1878 1679 91 32 inom

370 1733 193 43 kapellaget
598 1731 107 33 skulle
742 1731 114 31 finnas
881 1729 143 45 allenast
1049 1728 97 39 2,000
1170 1738 107 27 renar,
1304 1738 42 21 en
1371 1727 98 32 siffra
1494 1737 74 21 som
1593 1724 291 42 domänstyrelsen
1908 1724 62 31 vis-

371 1777 146 42 serligen
553 1776 73 32 icke
661 1776 68 31 kan
762 1774 215 42 kontrollera,
1015 1783 80 21 men
1124 1783 73 21 som
1222 1772 165 40 styrelsen
1412 1771 59 32 vill
1496 1770 146 42 godtaga
1668 1771 111 30 såsom
1805 1772 47 29 ett
1875 1768 95 31 mini-

372 1833 107 27 mun,
504 1821 62 33 vill
590 1820 56 32 det
670 1830 113 31 synas,
813 1818 73 33 som
915 1829 56 21 om
997 1817 67 40 den
1089 1816 233 42 skadegörelse
1348 1816 96 32 dessa
1468 1825 99 22 renar
1591 1814 107 32 skulle
1724 1814 118 31 kunna
1864 1812 105 33 åstad-

371 1868 140 37 komma
547 1866 10 31 i
593 1866 127 40 skogen
758 1864 72 41 icke
866 1863 109 32 skulle
1012 1861 91 33 bliva
1139 1871 42 22 av
1217 1861 66 32 den
1320 1860 219 42 omfattning,
1565 1862 48 29 att
1636 1860 114 40 någon
1775 1857 118 42 åtgärd
1917 1857 54 32 för

372 1910 97 34 deras
507 1910 215 32 omedelbara
758 1907 245 34 nedslaktande
1040 1905 115 42 kunde
1190 1916 98 21 anses
1325 1904 170 41 behövlig,
1534 1903 63 33 och
1621 1904 10 30 i
1655 1904 97 40 fråga
1776 1913 56 21 om
1858 1899 112 34 skade-

372 1956 129 42 görelse
538 1957 19 29 å
592 1952 357 43 slåtterlägenheterha
985 1953 43 40 på
1059 1950 275 42 kronoparkerna
1359 1949 93 32 inom
1476 1948 192 42 kapellaget
1692 1947 10 31 i
1727 1948 98 40 fråga
1849 1956 122 31 genom

374 2001 257 41 skogsrenarne,
656 1998 95 43 torde
784 1997 232 33 innehavarne
1052 2005 44 22 av
1131 1995 97 31 dessa
1256 1993 196 42 lägenheter
1475 1993 37 32 få
1536 2003 97 22 anses
1657 1991 90 32 hava
1771 2001 122 32 genom
1919 1989 52 33 sin

373 2041 200 47 förberörda
598 2041 160 34 skrivelse
784 2045 119 37 avsagt
927 2041 52 41 sig
1003 2040 46 47 all
1074 2042 65 36 rätt
1162 2042 49 29 att
1234 2039 101 41 klaga
1359 2036 151 34 däröver.

481 2089 16 43 I
521 2086 185 45 anledning
730 2097 43 34 av
797 2086 68 32 vad
889 2096 73 28 som
987 2084 145 41 sålunda
1156 2084 141 37 anförts,
1324 2083 53 31 får
1402 2081 294 44 domänstyrelsen
1721 2080 10 31 i
1757 2075 214 50 underdånig-

373 2134 58 41 het
467 2131 165 39 meddela,
668 2135 58 34 att,
763 2131 54 32 för
838 2129 52 34 så
913 2129 65 33 vitt
1002 2128 166 44 styrelsen
1192 2126 140 33 kunnat
1348 2127 116 38 finna;
1483 2128 114 40 någon
1621 2122 187 44 anledning
1833 2124 30 41 ej
1888 2124 84 31 före-

375 2178 114 44 finnes
525 2174 58 39 att,
616 2173 221 47 beträffande
866 2171 277 44 Muonionalusta
1166 2171 326 44 kapellförsamling,
1518 2174 43 28 en
1585 2169 187 33 landsända
1796 2177 72 24 som
1893 2168 80 43 med

375 2220 171 46 avseende
578 2223 19 30 å
631 2219 274 46 klimatologiska
920 2216 74 48 och
1018 2215 188 46 biologiska
1230 2215 243 42 förhållanden
1494 2215 95 41 långt
1613 2212 93 40 mera
1730 2210 242 39 överensstäm-
