2199 2658
685 208 254 33 Statsutskottets
969 205 172 35 Utlåtande
1162 205 64 33 N:o
1248 208 76 30 168.
1726 203 40 31 29

320 298 88 38 Man
437 297 119 38 skulle
585 296 156 38 sålunda
767 296 115 37 hafva
910 299 55 33 att
991 294 119 37 räkna
1137 292 86 38 med
1250 291 77 38 lika
1355 296 79 33 stor
1454 289 158 50 fallhöjd
1636 289 64 38 vid
1719 289 87 37 Flo-

216 351 206 39 bodafallet
467 351 71 37 och
578 348 299 49 Laholmsfallet,
920 361 87 24 men
1048 346 182 50 möjligen
1257 345 86 37 med
1370 345 109 49 något
1506 348 123 33 större
1660 347 147 33 vatten-

217 405 144 49 mängd
402 403 63 38 vid
506 404 64 37 det
598 399 131 41 senare
758 407 49 32 än
834 402 63 36 vid
925 401 64 37 det
1015 400 114 37 förra.
1185 397 365 51 Köpeskillingarna
1578 395 121 39 skulle
1727 399 80 34 åter

218 458 129 36 kunna
388 469 108 24 anses
536 456 162 49 ungefär
738 454 78 37 lika
857 459 102 32 stora
988 453 163 48 272,000
1182 452 141 36 kronor
1350 450 59 36 för
1435 448 276 38 Flobodafallet
1739 448 70 37 och

220 511 163 48 274,000
412 509 141 36 kronor
580 509 58 36 för
666 507 299 37 Laholmsfallet.

322 563 58 36 Då
421 562 62 37 det
524 560 205 38 emellertid
769 560 118 49 gäller
927 563 53 32 att
1020 557 158 38 bedöma
1206 557 116 36 saken
1348 569 44 23 ur
1420 554 306 50 affärssynpunkt
1753 554 59 36 för

219 620 133 42 staten,
389 614 69 37 bör
493 628 87 22 man
608 613 179 50 gifvetvis
815 613 82 36 icke
925 615 122 33 såsom
1076 616 91 43 väg-
1196 610 69 36 och
1293 607 517 51 vattenbyggnadsstyrelsen

219 673 133 32 stanna
380 667 63 37 vid
466 666 217 50 jämförelse
712 665 39 37 af
776 664 156 50 fallhöjd
961 664 68 36 och
1057 661 281 50 vattenmängd.

321 719 221 50 Fallhöjden
571 719 132 50 spelar,
733 721 123 34 såsom
884 718 99 36 förut
1012 715 163 50 antydts,
1204 715 58 36 sin
1291 719 99 32 stora
1417 713 69 37 roll
1513 713 12 36 i
1552 712 107 49 fråga
1678 725 60 23 om
1759 716 52 32 ett

219 773 214 37 vattenfalls
460 772 125 37 värde.
641 772 64 36 Ett
733 771 117 48 högre
878 770 65 36 fall
971 775 40 30 är
1039 768 155 37 sålunda
1222 768 12 36 i
1252 767 103 49 regel
1373 766 171 49 billigare
1564 770 52 32 att
1634 764 178 50 bebygga

219 831 47 31 än
304 831 53 31 ett
393 826 116 48 lägre,
538 830 41 44 ty
608 824 78 37 dels
714 823 161 37 fördelas
903 821 210 37 kostnaden
1141 821 58 36 för
1228 818 363 50 dammanläggning
1618 820 48 47 på
1694 822 117 31 större

220 879 100 36 antal
356 877 238 47 hästkrafter,
633 877 78 36 dels
744 876 138 37 erhålla
910 874 167 38 turbiner
1105 873 69 37 och
1202 877 239 45 generatorer
1469 876 117 32 större
1613 869 198 38 rotations-

219 931 192 49 hastighet
439 930 70 37 och
536 930 12 36 i
576 929 92 50 följd
697 928 108 37 däraf
828 928 145 36 mindre
1002 926 260 37 dimensioner.

322 983 88 38 Men
440 983 39 36 af
491 988 117 32 större
630 982 82 37 vikt
732 986 40 32 är
790 980 246 51 möjligheten
1055 980 55 36 till
1129 978 192 50 reglering
1340 977 40 37 af
1395 975 416 50 vattenaftappningen.

220 1038 113 36 Detta
361 1037 118 49 gäller
507 1035 174 37 särskildt
709 1035 63 36 vid
801 1048 46 23 en
875 1032 338 49 kraftanläggning
1241 1031 57 37 för
1326 1030 176 37 elektrisk
1526 1028 287 50 järnvägsdrift,

221 1090 66 36 där
328 1088 417 49 strömförbrukningen
787 1092 40 31 är
855 1089 40 34 så
922 1085 196 47 växlande,
1147 1083 187 38 beroende
1362 1085 48 47 på
1438 1082 139 36 antalet
1604 1084 66 45 tåg
1697 1080 118 36 under

221 1143 164 49 dygnets
422 1142 98 36 olika
553 1141 157 36 timmar.
767 1139 106 36 Efter
900 1139 64 48 låg
990 1135 213 51 beräkning
1230 1136 105 36 torde
1362 1133 453 49 maximiförbrukningen

220 1197 130 48 uppgå
390 1194 55 36 till
483 1193 138 37 dubbla
648 1191 434 48 medelförbrukningen.
1138 1189 53 37 På
1218 1188 123 50 grund
1369 1187 109 37 häraf
1504 1192 40 31 är
1573 1186 61 37 det
1661 1185 155 50 tydligt-

221 1248 57 36 vis
320 1246 243 51 synnerligen
604 1245 255 48 fördelaktigt,
890 1249 52 31 att
969 1243 104 37 såväl
1102 1242 176 37 ofvanför
1306 1254 80 24 som
1414 1239 183 37 nedanför
1625 1251 46 23 en
1700 1238 115 36 sådan

221 1299 340 49 kraftanläggning
597 1298 150 49 förfoga
784 1297 105 37 öfver
924 1296 206 48 bassänger
1166 1295 39 36 af
1231 1292 222 49 tillräckliga
1482 1291 250 37 dimensioner
1759 1290 58 37 för

221 1358 53 31 att
302 1353 128 35 kunna
457 1352 169 48 utjämna
654 1351 45 36 de
727 1350 140 48 nödiga
894 1348 273 37 variationerna
1194 1347 12 35 i
1233 1344 439 49 vattenförbrukningen.

325 1404 65 37 Ett
426 1403 196 38 vattenfall
659 1417 60 23 om
758 1403 111 46 5,000
906 1400 227 38 hästkrafter
1168 1400 86 46 kan,
1284 1412 60 23 om
1374 1398 126 49 dylika
1526 1396 207 50 bassänger
1760 1398 57 34 stå

221 1458 56 36 till
314 1456 237 50 förfogande,
584 1461 188 32 monteras
800 1454 58 37 för
890 1455 136 46 10,000
1054 1452 229 37 hästkrafter
1311 1451 69 37 och
1408 1449 238 49 fullständigt
1673 1453 143 44 utnytt-

218 1511 71 48 jas.
345 1509 17 37 I
389 1514 153 32 motsatt
570 1509 65 36 fall
662 1508 127 36 kunna
817 1506 131 38 endast
977 1507 111 47 5,000
1118 1504 225 37 hästkrafter
1361 1503 220 46 installeras,
1602 1501 69 37 och
1690 1501 127 36 halfva

222 1562 320 49 vattenmängden
578 1561 211 37 bortrinner
821 1558 235 50 obegagnad.
1111 1557 188 37 Monteras
1335 1556 103 36 fallet
1465 1555 58 36 för
1553 1555 135 48 10,000
1716 1553 102 37 häst-

224 1615 152 47 krafter,
418 1614 72 37 blir
531 1613 181 50 därjämte
752 1610 445 51 monteringskostnaden
1229 1623 66 36 per
1322 1608 185 37 hästkraft
1533 1608 117 48 lägre,
1680 1612 47 30 än
1756 1619 60 23 om

223 1668 132 37 endast
385 1668 112 46 5,000
526 1666 227 37 hästkrafter
780 1666 128 35 kunna
935 1669 160 44 uttagas.
1151 1662 66 36 Ett
1244 1660 196 38 vattenfall
1463 1660 85 36 med
1566 1659 251 49 utjämnings-

222 1721 208 49 bassänger
466 1725 40 31 är
542 1719 238 49 följaktligen
817 1718 58 36 för
911 1716 177 38 elektrisk
1120 1713 275 52 järnvägsdrift
1423 1713 70 37 och
1516 1712 143 50 jämväl
1686 1712 59 36 för
1773 1711 45 37 de

223 1773 106 37 flesta
356 1772 232 36 industriella
617 1771 171 37 ändamål
816 1770 108 37 värdt
951 1768 188 50 betydligt
1166 1781 79 23 mer
1272 1771 48 32 än
1348 1771 52 31 ett
1427 1766 76 36 lika
1521 1764 209 37 beskaffadt
1753 1764 65 35 fall

223 1831 90 31 utan
342 1825 139 37 sådana
507 1824 218 49 bassänger.

328 1877 73 37 Vid
428 1877 283 37 Laholmsfallet
739 1880 63 32 äro
832 1875 106 37 dessa
957 1871 470 52 regleringsförhållanden
1447 1871 89 48 föga
1555 1882 260 37 gynnsamma.

225 1930 194 37 Nedanför
445 1930 103 36 fallet
563 1929 120 36 finnes
702 1928 225 48 visserligen
947 1940 46 23 en
1011 1926 166 48 bassäng
1196 1925 40 36 af
1252 1923 234 50 obegränsad
1506 1922 149 47 storlek,
1676 1921 139 37 hafvet.

225 1983 178 36 Däremot
445 1987 40 31 är
524 1981 263 50 uppdämning
827 1994 48 35 på
903 1979 125 49 grund
1057 1978 39 36 af
1120 1977 181 37 närheten
1328 1976 56 36 till
1412 1975 246 37 Karseforsen
1686 1973 133 49 möjlig

227 2035 132 37 endast
386 2034 12 36 i
426 2034 77 36 helt
530 2034 109 49 ringa
668 2033 239 47 omfattning.
962 2031 18 36 I
1008 2031 61 36 det
1096 2029 215 50 uppgjorda
1347 2027 377 50 förslagskontraktet
1752 2026 67 36 har

227 2088 190 36 dessutom
445 2086 165 49 köparen
639 2085 191 37 förbundit
858 2084 60 49 sig
946 2088 53 32 att
1027 2083 147 36 dämma
1202 2081 169 41 endast
1360 2074 25 65 i
1400 2080 71 37 den
1498 2083 87 33 mån
1612 2078 206 50 utnyttjan-

228 2140 61 36 det
318 2139 39 36 af
382 2139 246 36 Karseforsen
670 2138 218 48 därigenom
916 2136 82 37 icke
1025 2135 94 36 lider
1145 2134 152 49 intrång
1325 2134 70 36 och
1422 2133 113 48 högst
1563 2132 55 36 till
1646 2136 52 31 ett
1725 2131 94 36 visst

229 2192 169 49 angifvet
434 2191 214 48 maximum,
686 2191 195 35 hvaremot
917 2189 166 49 köparen
1117 2186 249 37 tillförbundit
1394 2185 59 49 sig
1481 2190 52 31 att
1562 2184 144 49 åtnöjas
1733 2183 85 37 med

228 2245 73 36 den
330 2244 225 50 aftappning
583 2243 39 37 af
647 2247 144 33 vattnet
818 2242 12 36 i
858 2242 165 49 Lagaån,
1053 2253 79 24 som
1160 2240 164 36 kronans
1349 2237 276 50 anläggningar
1643 2236 64 37 vid
1725 2236 94 36 Kar-

228 2298 169 37 geforsen
424 2296 156 50 betinga
607 2317 49 6 —
685 2309 46 23 en
759 2295 58 36 för
844 2295 144 36 kronan
1017 2292 242 50 synnerligen
1287 2291 202 49 förmånlig
1515 2289 237 50 uppgörelse.
