1876 2842
288 158 19 30 6
635 161 393 37 Bevillningsutskottets
1054 160 216 31 betänkande
1295 160 49 30 Nr
1372 160 48 31 38.

1441 274 63 24 Tull

322 290 148 38 Statistiskt
1392 308 41 23 för
1452 306 50 25 100
1521 308 17 23 k
1616 290 138 23 Tulltaxe-

380 334 33 17 nr
1364 374 2 10 |
1421 342 102 23 kronor
1540 313 15 25 2
1665 330 34 17 nr

1364 385 2 19 |

287 472 3 24 |
559 443 200 36 kalldragna,
783 442 78 30 med
883 452 41 20 en
947 442 229 37 godstjocklek
1198 451 54 21 av:

497 494 2 23 I
601 486 18 29 2
641 494 70 20 mm
734 485 80 29 eller
836 484 157 30 däröver:
1788 489 3 42 i

287 548 3 28 |
357 528 78 29 1429
496 518 3 16 |
641 526 275 38 ångpannetuber
939 527 63 29 och
1026 525 122 37 ångrör
1172 550 131 7 .......
1323 526 28 29 N
1429 526 28 29 6:
1482 544 31 4 —
1556 524 21 83 i
1660 549 60 29 84

357 570 78 30 1430
642 569 106 29 ANAIA,.
756 592 548 8 ..sseesrsesssrrere
1132 565 61 46 ser
1215 565 93 46 torra
1323 567 28 30 N
1429 568 28 29 6:
1471 586 41 4 —

600 610 130 30 mindre
754 611 45 29 än
823 611 18 29 2
864 620 83 20 mm:

357 654 76 29 1431
642 651 275 39 ångpannetuber
940 652 64 30 och
1027 650 123 38 ångrör
1173 676 132 7 .......
1323 651 43 30 N;
1429 652 83 29 8&—
1574 608 3 91 |
1677 676 35 29 85

356 696 78 30 14382
497 703 2 31 |
642 695 106 29 ANTA.
755 718 549 8 ..sssesessesssssrer
1169 677 33 63 rr
1212 677 96 63 rerna
1324 694 42 39 N|
1429 694 83 29 &
1574 715 3 18 fl
1657 677 59 29 785

336 817 14 29 I
370 816 162 31 skrivelse
552 816 66 30 den
640 816 38 30 13
697 824 94 22 mars
814 815 80 30 1937
916 815 141 31 anhöllo
1078 814 214 31 Sandvikens
1312 814 178 37 jernverks
1510 814 195 37 aktiebolag
1725 814 67 30 och

292 867 210 30 Uddeholms
522 866 195 36 aktiebolag
736 875 58 21 om
814 865 82 31 ökat
913 865 180 38 tullskydd
1112 874 123 28 genom
1253 864 216 38 påläggande
1489 874 43 22 av
1551 864 242 37 tilläggstullar

290 917 21 31 å
332 918 90 30 vissa
441 918 58 29 rör
518 926 44 21 av
584 916 167 31 smidbart
771 915 79 37 järn
871 916 64 30 och
956 915 76 36 stål,
1054 916 152 30 fallande
1226 916 112 30 under
1357 916 305 30 tulltaxenummer
1683 916 110 30 782—

291 969 74 34 785,
385 968 49 30 till
452 967 117 31 vilken
588 966 257 37 framställning
863 966 138 31 Wirsbo
1020 967 194 36 aktiebolag
1232 966 11 30 i
1263 966 163 31 skrivelse
1446 966 66 30 den
1534 966 39 30 15
1593 975 92 21 mars
1706 966 83 30 1937

290 1019 113 30 anslöt
424 1018 58 37 sig.

334 1068 124 31 Vidare
485 1068 206 31 hemställde
719 1067 120 31 Victor
866 1067 94 37 Berg,
990 1068 204 35 aktiebolag,
1224 1067 237 36 Aktiebolaget
1490 1066 206 31 Stahlunion
1724 1066 67 31 och

289 1120 136 36 bolaget
445 1119 134 31 Harald
599 1119 75 30 Pihl
694 1118 11 31 i
726 1118 164 31 skrivelse
911 1118 65 30 den
997 1119 40 29 21
1062 1118 179 30 december
1264 1118 82 30 1937
1369 1126 57 22 om
1446 1117 208 37 vidtagande
1674 1126 43 21 av
1738 1115 52 32 så-

290 1170 69 30 dan
380 1169 145 37 ändring
546 1170 11 30 i
577 1169 178 36 tulltaxan,
777 1171 50 28 att
847 1168 197 31 helvalsade
1065 1167 219 32 stålmuffrör
1303 1168 80 30 med
1404 1169 109 30 större
1533 1167 164 37 invändig
1719 1167 71 31 dia-

288 1223 109 28 meter
415 1221 43 30 än
479 1221 62 30 150
561 1229 72 21 mm
663 1219 66 31 och
749 1220 97 30 delar
861 1219 51 30 till
931 1219 119 37 dylika
1069 1220 57 29 rör
1143 1222 89 27 samt
1250 1219 156 30 svetsade
1424 1218 141 37 järnrör
1582 1218 78 30 med
1679 1227 42 22 en
1738 1218 52 30 in-

288 1270 127 37 vändig
434 1270 169 31 diameter
620 1280 42 21 av
681 1270 64 31 600
765 1279 74 21 mm
869 1270 65 30 och
954 1270 147 30 däröver
1118 1270 97 30 bleve
1234 1269 69 31 fria
1321 1268 80 32 från
1420 1269 73 31 tull.

334 1321 96 31 Efter
455 1320 124 32 remiss
607 1320 130 37 avgåvo
766 1320 365 37 kommerskollegium
1159 1320 65 31 och
1254 1320 371 37 generaltullstyrelsen
1654 1327 135 29 gemen-

287 1376 92 27 samt
397 1373 66 30 den
483 1373 39 30 19
541 1372 153 31 februari
715 1372 84 31 1938
817 1371 203 31 utlåtanden
1037 1372 83 30 över
1138 1371 100 30 dessa
1254 1370 246 37 ansökningar.
1521 1366 270 34 Ämbetsverken

289 1423 147 30 anförde
451 1422 124 31 därvid
591 1422 105 31 bland
712 1424 118 33 annat,
847 1425 48 27 att
911 1422 161 36 gällande
1087 1422 174 31 tullsatser
1276 1420 21 31 å
1313 1422 58 29 rör
1386 1430 42 21 av
1445 1420 169 31 smidbart
1629 1420 79 36 järn
1724 1420 67 30 och

289 1472 66 32 stål
376 1473 30 36 ej
427 1473 109 31 borde
556 1473 180 36 väsentligt
756 1473 128 30 ändras
904 1475 84 28 utan
1009 1474 51 29 att
1079 1472 220 30 tullsatserna
1320 1470 21 32 å
1361 1471 78 30 hela
1461 1471 66 30 den
1550 1471 148 30 berörda
1718 1471 72 30 rör-

288 1532 156 28 gruppen
462 1523 273 31 underkastades
753 1532 44 21 en
816 1524 145 36 översyn
980 1522 67 31 och
1066 1522 203 30 hemställde
1289 1521 129 36 därför,
1439 1523 48 29 att
1507 1520 159 38 åtgärder
1684 1519 108 32 måtte

288 1574 155 36 vidtagas
460 1574 11 30 i
489 1574 95 30 detta
601 1574 88 37 syfte
705 1573 113 31 under
833 1573 287 37 hänsyntagande
1135 1572 51 31 till
1204 1573 42 30 de
1265 1571 190 36 önskemål,
1475 1581 76 21 som
1568 1572 98 30 blivit
1683 1571 107 31 fram-

286 1624 113 31 förda.

332 1671 180 35 Ärendena
537 1675 11 30 i
573 1673 99 38 fråga
694 1675 91 30 hava
810 1674 194 31 sedermera
1029 1674 89 30 varit
1141 1672 147 32 föremål
1312 1673 56 31 för
1391 1673 263 36 överväganden
1679 1681 42 22 av
1748 1672 43 30 de

285 1726 98 31 inom
400 1726 389 36 finansdepartementet
805 1725 190 31 tillkallade
1012 1724 218 37 sakkunniga
1246 1724 58 31 för
1320 1724 68 31 viss
1406 1725 147 35 översyn
1571 1733 43 21 av
1631 1723 160 37 gällande

285 1777 145 30 tulltaxa
458 1776 99 39 (1938
581 1775 55 32 års
656 1774 321 40 tulltaxerevision).

334 1827 200 31 Sedermera
555 1827 66 30 har
640 1826 363 37 kominerskollegium
1026 1826 67 30 den
1113 1826 42 30 20
1175 1826 90 36 april
1289 1825 83 31 1939
1392 1825 129 36 avgivit
1542 1825 140 37 förnyat
1702 1824 87 32 utlå-

288 1878 104 30 tande
418 1878 81 30 över
523 1877 355 37 framställningarna.

333 1927 279 31 Vidkommande
639 1928 65 30 den
733 1937 43 21 av
806 1927 215 31 Sandvikens
1049 1926 178 37 jernverks
1256 1926 196 37 aktiebolag
1481 1926 66 30 och
1577 1925 212 31 Uddeholms

287 1978 195 37 aktiebolag
504 1978 123 37 gjorda
648 1978 300 36 framställningen
969 1987 59 21 om
1050 1978 82 30 ökat
1153 1976 179 37 tullskydd
1352 1976 56 31 för
1428 1976 92 31 vissa
1542 1977 58 30 rör
1620 1986 42 21 av
1684 1976 104 31 smid-

286 2029 80 30 bart
389 2028 77 37 järn
491 2030 68 29 och
584 2027 64 32 stål
671 2028 105 31 anför
800 2028 364 36 kommerskollegium
1187 2027 247 36 inledningsvis
1459 2027 109 30 bland
1593 2029 106 28 annat
1723 2026 65 31 föl-

286 2079 119 37 jande:

332 2137 215 32 Sandvikens
568 2138 66 31 och
655 2137 213 31 Uddeholms
888 2137 163 36 järnverk
1073 2146 80 21 vore
1172 2137 56 30 för
1247 2136 218 31 närvarande
1486 2136 42 31 de
1547 2136 89 30 enda
1656 2136 132 30 rörver-

286 2180 69 31 ken
372 2180 12 31 i
403 2180 145 37 Sverige,
569 2189 75 22 som
661 2180 204 30 tillverkade
882 2180 149 35 valsade,
1051 2180 149 30 sömlösa
1217 2179 59 30 rör
1294 2188 42 21 av
1354 2177 73 32 stål.
1463 2178 67 30 Vid
1549 2178 128 31 Hofors
1694 2177 94 37 järn-

286 2223 84 30 verk
391 2223 221 30 tillverkades
633 2223 139 30 valsade
795 2222 208 36 rörformiga
1025 2222 136 34 ämnen,
1183 2221 94 30 vilka
1298 2221 11 30 i
1329 2221 185 30 huvudsak
1536 2230 81 21 vore
1638 2220 151 31 avsedda

286 2267 51 28 att
359 2265 116 31 vidare
496 2265 194 31 förarbetas
712 2264 53 31 till
789 2264 253 37 kullagerdelar
1063 2264 66 30 och
1151 2273 75 21 som
1248 2263 11 31 i
1283 2263 229 31 förevarande
1535 2262 254 37 sammanhang

285 2307 154 30 saknade
464 2307 184 36 betydelse,
676 2306 171 37 varjämte
871 2307 57 30 vid
953 2306 141 31 Wirsbo
1119 2306 88 31 bruk
1234 2305 220 31 tillverkades
1481 2305 157 31 svetsade
1662 2305 57 29 rör
1745 2314 43 21 av

286 2348 76 36 stål,
382 2358 73 22 som
474 2350 11 30 i
503 2350 93 30 vissa
615 2350 221 30 hänseenden
856 2349 260 30 konkurrerade
1134 2349 78 30 med
1231 2348 140 31 valsade
1392 2348 57 30 rör
1467 2357 81 21 men
1567 2347 222 31 beträffande

285 2391 95 31 vilka
398 2391 171 32 särskilda
589 2392 216 37 synpunkter
822 2392 11 30 i
851 2390 172 38 åtskilliga
1042 2391 220 30 hänseenden
1281 2389 109 31 måste
1408 2390 174 36 anläggas.
1618 2389 49 30 De
1685 2389 102 31 först-

286 2433 153 31 nämnda
456 2433 58 32 två
532 2434 127 31 verken
676 2443 81 22 vore
775 2443 43 22 av
836 2434 165 37 gammalt
1019 2433 171 31 inriktade
1207 2432 46 37 på
1270 2432 221 37 tillverkning
1508 2442 44 21 av
1571 2431 218 31 kvalitetsrör

286 2476 66 31 och
376 2476 138 31 särskilt
536 2476 129 37 ihåliga
687 2477 187 30 rörämnen
898 2485 41 22 av
962 2476 158 30 material
1144 2485 42 21 av
1208 2475 68 36 hög
1299 2474 151 36 kvalitet,
1475 2475 95 30 vilka
1592 2476 195 34 exportera-
