1921 2837
365 143 189 30 Allmänna
573 144 398 39 beredningsutskottets
992 146 179 30 utlåtande
1189 156 43 20 nr
1251 149 20 28 8
1290 148 38 28 år
1350 149 83 28 1969
1629 151 20 29 3

809 283 182 33 Utskottet

200 374 14 29 I
229 375 180 30 motionen
426 376 181 31 hemställs
625 386 56 21 om
699 378 188 40 utredning
902 379 11 29 i
931 379 89 40 syfte
1038 381 50 29 att
1105 380 178 40 klarlägga
1301 381 217 40 ungdomens
1537 382 106 30 situa-

155 427 84 35 tion,
264 429 53 29 att
340 428 102 31 finna
465 429 131 30 former
621 430 55 30 för
701 440 43 20 en
767 440 74 21 mer
866 432 311 31 individualiserad
1201 433 86 30 vård
1312 443 42 21 av
1377 435 265 40 missanpassad

160 481 155 40 ungdom
332 482 66 30 och
416 484 49 29 att
484 483 99 31 finna
600 484 105 40 vägar
723 485 54 30 för
796 495 42 20 en
856 486 256 40 förebyggande
1130 487 270 40 ungdomsvård.

202 535 171 30 Motioner
402 536 11 29 i
440 536 167 31 liknande
636 538 90 39 syfte
753 539 64 30 har
845 538 207 32 behandlats
1082 549 43 21 av
1152 541 170 30 utskottet
1350 541 84 30 åren
1464 541 83 31 1967
1578 543 65 29 och

157 587 84 32 1968
262 589 66 30 och
347 589 64 30 har
432 589 11 30 i
462 590 153 40 enlighet
634 591 81 30 med
736 592 188 31 utskottets
945 593 211 30 hemställan
1177 594 30 39 ej
1232 594 165 30 föranlett
1418 594 114 40 någon
1553 595 88 30 riks-

155 640 130 40 dagens
303 641 132 40 åtgärd.

199 748 176 31 Utskottet
397 750 61 29 vill
482 750 115 30 erinra
621 759 58 22 om
703 752 50 29 att
777 752 350 41 socialutredningen,
1152 762 79 21 vars
1256 754 151 30 direktiv
1430 754 176 40 återgivits
1631 755 12 30 i

156 800 93 31 årets
273 802 349 40 riksdagsberättelse
653 803 43 35 (s.
723 804 204 36 133—141),
953 805 65 30 har
1043 806 12 29 i
1079 806 160 40 uppdrag
1264 809 51 28 att
1338 807 45 30 bl.
1398 817 29 20 a.
1452 808 191 31 verkställa

154 863 43 22 en
221 855 149 41 översyn
395 866 42 20 av
460 856 484 43 barnavårdslagstiftningen
969 860 66 29 och
1059 859 122 31 därvid
1207 860 140 31 studera
1373 861 41 30 de
1439 862 204 30 nuvarande

155 908 389 41 barnavårdsorganens
573 910 204 31 funktioner
806 912 67 30 och
900 912 345 41 funktionsförmåga
1276 915 89 28 samt
1395 914 248 41 lämpligheten

153 961 66 31 och
240 962 261 41 verkningarna
522 973 42 20 av
586 963 11 30 i
618 964 101 40 lagen
741 964 150 40 angivna
913 965 170 40 åtgärder,
1105 966 87 30 vård
1214 967 65 30 och
1301 967 213 41 behandling
1535 978 45 20 m.
1594 978 47 20 m.

152 1015 54 29 En
232 1014 148 31 effektiv
404 1016 226 40 samordning
655 1026 43 21 av
722 1017 93 30 olika
840 1018 161 40 åtgärder
1026 1019 66 30 och
1116 1027 107 32 organ
1249 1020 236 30 eftersträvas.
1512 1021 13 29 I
1552 1030 89 21 sam-

155 1067 93 31 band
271 1068 82 30 med
375 1069 192 40 översynen
591 1070 62 30 bör
677 1070 117 40 frågor
819 1080 58 21 om
900 1072 463 39 ungdomsvårdsskolornas
1387 1073 167 31 funktion
1578 1075 66 30 och

154 1121 167 40 ställning
337 1121 137 40 prövas.
492 1122 201 41 Väsentliga
710 1123 98 31 delar
825 1133 43 21 av
883 1124 279 32 motionärernas
1180 1125 182 31 önskemål
1380 1126 98 31 torde
1497 1127 144 30 därmed

154 1173 37 31 få
211 1183 101 21 anses
334 1174 48 31 bli
403 1175 263 40 tillgodosedda.

201 1227 178 31 Utskottet
397 1228 61 30 vill
479 1229 86 30 även
586 1229 189 31 framhålla
796 1232 50 28 att
865 1230 100 30 vård-
987 1231 65 30 och
1072 1231 388 41 behandlingsmetoder
1480 1233 59 30 vid
1559 1241 85 33 ung-

153 1280 375 32 domsvårdsskolorna
545 1282 179 30 utvecklas
742 1290 124 32 genom
884 1283 364 32 försöksverksamhet
1266 1285 65 30 och
1349 1286 194 31 samarbete
1561 1287 78 31 med

152 1334 263 40 vetenskapliga
450 1335 249 30 institutioner.
735 1336 53 29 En
824 1336 409 42 klientelundersökning
1267 1339 149 30 rörande
1453 1339 188 40 ungdoms-

152 1386 291 32 vårdsskolornas
464 1388 112 30 elever
595 1389 124 30 väntas
740 1389 97 30 inom
857 1390 79 30 kort
956 1390 48 30 bli
1025 1390 230 40 färdigställd.

198 1440 127 31 Vidare
353 1441 60 30 må
440 1442 159 34 nämnas,
629 1443 50 29 att
709 1443 339 40 samarbetsorganet
1077 1444 54 30 för
1161 1444 160 40 åtgärder
1350 1447 74 28 mot
1453 1447 188 39 ungdoms-

152 1493 267 41 brottsligheten
447 1495 96 30 inom
571 1495 80 30 kort
678 1496 124 30 väntas
832 1496 193 40 framlägga
1055 1496 131 41 förslag
1213 1507 57 21 om
1300 1498 186 31 förbättrat
1513 1500 128 30 brotts-

154 1547 256 40 förebyggande
433 1548 194 30 samarbete
648 1548 46 40 på
713 1549 59 30 det
793 1549 116 30 lokala
930 1551 128 38 planet.

199 1600 13 29 I
240 1600 91 30 årets
361 1601 411 40 statsverksproposition
806 1601 73 35 (bil.
911 1602 49 35 10,
990 1612 25 21 s.
1047 1603 189 35 105—112)
1269 1604 64 30 har
1362 1604 279 41 föredraganden

154 1653 127 30 uttalat
297 1655 50 28 att
363 1653 204 31 nuvarande
584 1654 65 30 och
665 1654 212 31 kommande
894 1655 433 40 ungdomsgenerationers
1346 1658 167 30 situation
1530 1659 111 30 måste

152 1705 166 31 bedömas
333 1706 80 30 från
428 1707 108 30 delvis
552 1707 110 30 andra
676 1707 303 40 utgångspunkter
995 1709 44 29 än
1054 1709 157 40 tidigare.
1226 1710 291 40 Föredraganden
1533 1712 107 30 fram-

156 1759 110 30 håller
288 1759 87 30 bl.a.
399 1760 147 29 behovet
569 1769 43 20 av
634 1760 93 30 olika
751 1761 121 29 försök
895 1761 66 29 och
984 1762 303 39 undersökningar
1311 1763 55 29 för
1390 1765 50 28 att
1464 1764 178 40 klarlägga

153 1811 69 30 hur
248 1812 184 30 samhället
457 1811 114 31 bättre
595 1812 72 30 kan
692 1821 168 32 anpassas
885 1813 54 30 till
964 1813 219 40 ungdomens
1207 1815 113 30 behov
1345 1818 90 28 samt
1459 1817 102 31 berör
1587 1818 52 30 så-

152 1865 93 30 dana
264 1866 384 40 attitydförändringar,
670 1875 75 21 som
763 1867 71 29 kan
853 1868 35 29 ta
908 1867 52 39 sig
979 1868 141 40 uttryck
1138 1868 12 30 i
1168 1868 178 31 bristande
1366 1870 105 30 social
1491 1871 149 40 integra-

152 1919 74 29 tion
245 1919 65 30 och
328 1919 91 30 ökad
437 1919 203 40 markering
657 1929 43 20 av
717 1920 359 39 ungdomskulturens
1096 1920 274 42 främlingsskap
1389 1923 13 29 i
1418 1923 222 31 förhållande

153 1971 52 31 till
228 1972 57 30 det
308 1972 195 30 etablerade
527 1972 194 30 samhället.
744 1973 73 29 Mot
838 1973 229 40 bakgrunden
1090 1983 43 21 av
1155 1974 53 30 sin
1229 1974 218 41 redogörelse
1470 1976 54 30 för
1547 1977 94 31 olika

153 2025 333 40 ungdomsproblem
503 2025 156 30 anmäler
678 2025 277 41 föredraganden
974 2027 114 29 avsikt
1106 2029 50 28 att
1174 2027 128 31 föreslå
1321 2029 125 40 Kungl.
1464 2030 107 40 Maj:t
1590 2031 51 29 att

152 2078 72 30 låta
242 2078 124 30 utreda
385 2078 120 40 frågor
523 2087 58 21 om
601 2078 41 30 de
662 2078 95 30 olika
775 2078 150 30 insatser
946 2088 75 21 som
1041 2080 70 29 kan
1130 2080 151 31 behövas
1303 2081 55 30 för
1377 2083 50 29 att
1446 2082 113 31 bättre
1579 2093 61 21 an-

151 2140 105 31 passa
276 2131 269 30 förhållandena
567 2131 52 30 till
641 2131 217 40 ungdomens
881 2132 177 30 situation.

198 2185 49 29 De
270 2184 157 40 problem
451 2193 76 21 som
550 2184 177 40 upptagits
750 2184 13 29 i
784 2184 178 30 motionen
986 2185 100 30 faller
1110 2186 95 30 inom
1228 2186 158 32 området
1410 2188 54 30 för
1488 2191 48 28 ett
1560 2190 81 30 fler-

153 2238 47 30 tal
223 2237 246 40 utredningars
491 2237 84 30 eller
596 2237 286 40 arbetsgruppers
903 2238 234 31 verksamhet.
1159 2239 277 32 Motionärernas
1459 2242 182 31 önskemål

150 2290 71 31 kan
242 2290 207 30 förutsättas
469 2289 49 31 bli
544 2289 5 30 i
568 2289 189 31 huvudsak
775 2290 254 39 tillgodosedda
1048 2292 85 29 utan
1153 2292 105 40 något
1279 2292 151 32 initiativ
1451 2294 79 31 från
1550 2295 89 31 riks-

151 2344 130 39 dagens
303 2342 85 31 sida.
407 2342 178 31 Utskottet
603 2342 118 30 finner
741 2342 51 40 sig
812 2343 30 39 ej
864 2343 85 30 böra
967 2343 179 40 tillstyrka
1163 2344 100 31 bifall
1282 2346 53 30 till
1355 2347 179 31 motionen
1554 2350 86 29 utan

150 2396 213 34 hemställer,
