1900 2844
592 174 229 29 Statsutskottets
844 172 146 29 utlåtande
1013 171 48 28 Nr
1084 171 48 29 33.
1580 163 37 30 11

834 256 22 41 $
877 258 29 29 4.

171 312 130 33 Staden
326 311 86 33 skall
434 311 52 31 för
509 309 95 32 tiden
627 309 73 31 från
724 307 65 32 och
813 306 77 32 med
913 304 280 41 tillträdesdagen
1207 301 156 43 uppbära
1375 299 247 41 avkastningen

118 356 73 32 från
216 356 89 31 samt
328 354 134 41 erlägga
485 352 67 32 alla
574 352 129 31 skatter
726 350 64 32 och
814 359 103 22 onera
939 348 52 32 för
1014 347 41 31 de
1079 345 175 33 överlåtna
1276 342 192 33 områdena.

835 434 23 42 $
878 437 28 29 5.

176 491 129 33 Staden
341 490 85 32 skall
450 500 117 21 ensam
590 487 190 33 vidkännas
804 486 66 32 alla
892 484 139 42 utgifter
1054 483 51 32 för
1128 480 222 41 erforderliga
1373 477 252 44 avstycknings-

123 535 82 32 eller
227 534 105 32 andra
356 530 417 44 mätningsförrättningar
796 530 88 30 samt
906 527 122 42 lagfart
1050 527 18 30 å
1092 525 41 32 de
1157 524 176 32 överlåtna
1355 521 192 33 områdena.

834 613 22 42 $
878 617 28 28 6.

176 670 129 33 Staden
340 668 127 33 befrias
501 668 74 31 från
609 666 63 32 och
699 665 79 32 med
802 665 66 31 den
893 665 14 30 1
931 663 64 42 juli
1019 662 78 32 1931
1122 661 74 31 från
1220 660 116 32 vidare
1360 656 204 43 erläggande
1587 667 40 20 av

123 713 67 32 den
213 724 26 21 s.
264 713 29 31 k.
319 710 311 41 servisersättning,
655 720 72 20 som
758 707 121 32 staden
902 706 53 31 för
977 703 210 34 närvarande
1210 705 45 40 på
1277 701 111 43 grund
1411 711 40 21 av
1474 700 65 31 den
1564 700 63 30 sta-

122 756 68 31 den
212 754 180 75 åliggande
414 751 386 42 inkvarteringsbördan
823 750 61 31 har
907 750 50 29 att
979 747 116 41 utgiva
1117 747 52 31 för
1192 744 161 43 personal
1376 743 57 31 vid
1457 740 170 34 Gotlands

122 798 212 33 artillerikår.

177 926 52 32 Av
252 925 113 33 denna
387 922 332 35 överenskommelse
743 921 79 32 med
844 918 207 34 tillhörande
1074 918 115 31 kartor
1211 918 58 30 äro
1286 917 56 30 två
1357 913 173 43 exemplar
1546 923 83 32 upp-

123 968 133 34 rättade
279 968 64 32 och
366 966 151 33 växlade.

178 1018 201 34 Stockholm
402 1017 67 33 den
492 1017 40 32 29
556 1016 143 32 oktober
723 1015 90 32 1930.

664 1077 67 38 För
753 1080 340 35 kasernkommittén:

677 1159 158 33 JOHAN
859 1152 221 39 JÖNSSON.

733 1267 4 4 |
1314 1222 76 32 Sten
1416 1220 162 34 Grönvall.

179 1301 110 42 Visby
313 1300 66 32 den
405 1301 36 30 11
465 1298 185 33 november
674 1297 90 32 1930.

600 1375 50 31 På
673 1372 328 42 stadsfullmäktiges
1025 1372 137 40 vägnar:

729 1441 121 32 CARL
874 1439 157 33 BOLIN.

1283 1512 78 32 Carl
1382 1511 197 32 Lindström.
