1878 2808
556 144 307 33 Bankoutskottets
887 143 178 33 utlåtande
1087 153 42 22 nr
1157 146 46 30 71.
1607 139 18 30 T

163 232 54 31 Nu
237 231 149 37 angivna
404 230 340 37 kostnadsökningar
760 230 61 30 äro
839 229 106 37 enligt
962 230 67 30 vad
1047 230 43 30 de
1106 228 220 37 sakkunniga
1343 227 187 33 framhålla
1546 227 77 32 icke

118 292 42 21 av
177 283 67 31 den
262 281 303 36 storleksordning,
584 283 50 30 att
652 281 138 36 hänsyn
807 280 51 31 till
876 280 179 31 desamma
1071 280 152 30 behöver
1243 281 93 34 tagas
1357 278 56 32 vid
1431 277 191 37 beräkning

117 343 43 21 av
184 336 127 28 statens
334 331 308 37 pensionsanstalts
666 331 253 36 anslagsbehov
943 330 111 31 under
1077 329 95 32 tiden
1195 329 155 31 närmast
1373 329 88 31 efter
1481 336 139 28 genom-

119 383 161 31 förandet
305 392 43 21 av
370 381 387 38 pensionsregleringen.
786 381 120 30 Denna
932 380 110 30 skulle
1067 380 56 30 för
1148 379 110 37 övrigt
1285 380 142 31 konima
1453 381 49 29 att
1527 378 93 31 med-

117 434 77 31 föra
216 443 44 21 en
283 433 130 37 ökning
434 442 43 22 av
500 431 469 38 tjänstepensionsavdragen
992 431 65 30 och
1080 429 455 36 huvudmannaavgifterna,
1559 428 60 30 vil-

116 486 68 29 ken
208 484 131 37 ökning
362 501 44 5 —
429 484 143 31 bortsett
596 482 81 32 från
698 481 242 38 övergångsvis
964 480 327 38 ifrågakommande
1314 478 307 38 avdragsbefrielse

114 534 193 36 respektive
322 533 331 37 avdragsreduktion
676 550 22 5 —
717 542 44 22 av
775 533 42 31 de
831 531 219 36 sakkunniga
1061 530 186 32 beräknats
1258 529 116 38 uppgå
1386 529 50 30 till
1447 536 172 24 samman-

116 586 70 36 lagt
206 585 161 36 omkring
390 585 137 35 100,000
548 584 130 31 kronor
698 583 55 32 för
773 583 48 32 år.
842 583 76 31 Vad
938 582 187 37 utgifterna
1148 581 54 32 för
1223 580 319 37 familjepensioner
1563 579 55 32 be-

117 636 126 31 träffar
264 637 40 30 är
323 635 114 37 någon
459 635 129 37 ökning
609 634 47 37 på
676 634 111 37 grund
808 643 42 21 av
870 632 378 38 pensionsregleringen
1269 631 75 32 icke
1365 633 49 29 att
1436 633 118 29 motse.

648 756 222 35 Utskottets
894 754 198 44 yttrande.

159 840 121 32 Såsom
311 839 246 37 inledningsvis
589 839 143 35 berörts,
765 839 64 30 har
858 838 236 30 innevarande
1125 836 55 32 års
1210 836 141 36 riksdag
1382 834 157 37 beslutat,
1572 836 50 30 att

113 890 161 32 definitiv
297 889 248 39 lönereglering
571 890 89 30 skall
685 889 80 31 från
790 890 66 30 och
882 888 80 31 med
986 889 67 29 den
1080 889 14 29 1
1121 886 64 38 juli
1214 887 82 30 1943
1320 885 221 38 genomföras
1567 884 56 33 för

112 942 112 31 lärare
249 942 57 30 vid
332 941 43 31 de
399 942 105 35 högre
528 941 229 30 kommunala
780 939 177 36 skolorna,
987 939 31 31 d.
1046 948 28 21 v.
1102 948 24 21 s.
1153 937 228 31 kommunala
1405 935 214 36 flickskolor,

112 991 229 33 kommunala
357 991 256 36 mellanskolor,
633 990 181 37 praktiska
833 989 248 31 mellanskolor
1099 989 66 30 och
1184 989 106 36 högre
1308 987 203 36 folkskolor,
1532 986 88 31 dock

110 1042 33 37 ej
167 1043 55 31 för
242 1041 269 38 övningslärare,
534 1041 109 31 vilkas
665 1041 242 36 anställnings-
930 1040 65 31 och
1018 1037 425 38 avlöningsförhållanden
1466 1037 56 31 för
1543 1037 76 30 när-

112 1093 153 31 varande
289 1093 61 30 äro
375 1092 147 31 föremål
545 1092 56 31 för
624 1091 194 37 utredning.
843 1091 132 30 Genom
999 1089 268 38 ifrågavarande
1289 1087 247 39 lönereglering
1560 1097 59 21 an-

111 1144 108 30 slutas
243 1143 346 31 löneförhållandena
613 1142 57 31 för
692 1142 298 36 lärarpersonalen
1015 1141 58 30 vid
1097 1141 41 30 de
1162 1141 106 35 högre
1291 1139 227 31 kommunala
1541 1139 78 29 sko-

111 1195 100 30 lorna
234 1193 50 31 till
307 1194 41 30 de
370 1193 184 37 principer,
579 1202 74 21 som
677 1193 107 30 sedan
808 1193 66 30 den
899 1193 13 29 1
939 1191 64 37 juli
1030 1192 82 30 1939
1133 1191 93 36 gälla
1250 1190 55 31 för
1328 1189 210 37 tjänstemän
1563 1188 57 31 vid

112 1246 66 29 den
204 1244 101 32 civila
330 1244 351 36 statsförvaltningen.

156 1296 64 30 Det
239 1305 47 20 nu
305 1295 233 37 föreliggande
557 1293 427 38 pensioneringsförslaget
1004 1292 134 37 åsyftar
1157 1295 48 28 att
1225 1301 149 27 anpassa
1393 1290 225 37 befattnings-

111 1347 174 30 havarnas
310 1344 408 38 pensionsförhållanden
742 1344 88 30 efter
852 1344 57 30 det
932 1353 68 27 nya
1024 1343 302 36 pensionssystem,
1351 1351 75 21 som
1451 1341 80 31 från
1552 1341 68 31 och

111 1397 78 30 med
212 1397 66 30 den
303 1397 13 29 1
340 1395 64 36 juli
428 1396 82 30 1942
531 1395 98 30 blivit
648 1395 162 36 gällande
833 1394 56 31 för
908 1393 378 36 statstjänstemännen.
1310 1392 78 31 Med
1410 1393 137 35 hänsyn
1569 1391 51 31 till

113 1447 202 36 riksdagens
341 1447 112 30 beslut
478 1445 178 37 angående
683 1445 248 36 lönereglering
957 1444 56 31 för
1038 1444 299 36 lärarpersonalen
1364 1443 57 30 vid
1447 1443 43 30 de
1515 1443 107 35 högre

113 1497 228 30 kommunala
356 1496 162 31 skolorna
532 1496 189 36 tillstyrker
735 1495 173 35 utskottet,
924 1498 49 27 att
988 1504 42 20 en
1046 1493 159 31 definitiv
1219 1493 332 37 pensionsreglering
1566 1492 55 31 för

112 1548 206 36 personalen
344 1556 48 21 nu
418 1546 229 37 genomföres.

157 1598 49 30 De
227 1597 283 36 grundläggande
532 1596 222 37 principerna
776 1597 10 29 i
810 1597 55 29 det
887 1595 197 36 föreslagna
1106 1605 69 26 nya
1197 1593 423 37 pensioneringssystemet

113 1649 45 30 ha
183 1648 77 30 icke
284 1647 85 37 givit
393 1648 165 30 utskottet
584 1647 186 36 anledning
797 1647 49 30 till
873 1646 110 36 saklig
1008 1646 150 30 erinran.
1185 1646 13 29 I
1224 1645 150 36 enlighet
1399 1645 145 30 härmed
1570 1644 49 30 bi-

114 1699 115 30 träder
258 1699 165 30 utskottet
452 1698 173 36 förslagen
656 1707 57 21 om
747 1696 304 37 pensioneringens
1082 1696 211 36 omfattning
1322 1699 90 27 samt
1442 1694 178 37 angående

112 1748 332 39 pensionsunderlag
467 1749 67 30 och
558 1747 304 38 pensionsavdrag.
889 1747 128 31 Likaså
1041 1747 188 36 tillstyrker
1254 1747 162 30 utskottet
1442 1746 42 30 de
1507 1746 10 30 i
1541 1755 78 27 pro-

113 1799 195 36 positionen
329 1799 185 31 förordade
534 1799 197 36 grunderna
751 1798 56 30 för
826 1799 67 29 rätt
913 1798 51 30 till
984 1798 174 37 personlig
1178 1796 299 37 pensionsfyllnad
1499 1797 10 29 i
1531 1796 90 31 vissa

112 1850 71 30 fall.

158 1900 64 30 Det
239 1899 234 36 föreliggande
491 1899 163 35 förslaget
671 1899 154 37 innebär,
844 1901 50 27 att
910 1899 42 29 de
969 1907 67 27 nya
1054 1897 470 37 pensionsbestämmelserna
1541 1896 79 31 från

113 1950 292 30 ikraftträdandet
425 1950 101 35 göras
550 1948 204 37 tillämpliga
778 1948 20 31 å
820 1948 122 37 lärare,
967 1957 74 21 som
1065 1947 116 36 avgått
1201 1957 44 20 ur
1266 1947 106 36 tjänst
1391 1947 115 30 under
1527 1946 94 31 tiden

117 2003 9 27 1
161 2001 63 36 juli
256 2000 171 30 1939—30
457 1999 76 36 juni
564 1999 94 31 1943.
688 2000 13 30 I
732 1999 113 30 denna
873 1999 55 30 del
956 1999 66 30 har
1048 1998 164 36 förslaget
1239 1997 198 31 motiverats
1465 1997 79 31 med
1572 2000 49 28 att

112 2050 214 37 provisorisk
344 2050 246 36 lönereglering
611 2050 88 30 varit
715 2049 207 36 genomförd
942 2049 56 30 för
1015 2048 266 37 ifrågavarande
1300 2047 253 37 lärarpersonal
1572 2057 48 22 se-

114 2102 68 30 dan
212 2102 66 29 den
309 2103 14 27 1
353 2100 63 37 juli
447 2101 93 34 1939,
570 2100 119 31 varvid
717 2100 251 36 lönebeloppen
997 2103 180 32 anpassats
1206 2099 87 31 efter
1321 2099 41 30 de
1389 2108 68 27 nya
1484 2098 136 36 statliga

114 2151 152 30 lönerna.
293 2146 94 34 Även
411 2151 164 30 utskottet
601 2159 101 22 anser
726 2150 55 30 det
807 2159 82 22 vara
917 2149 124 36 skäligt
1066 2153 49 27 att
1140 2150 9 29 i
1174 2149 227 31 förevarande
1426 2149 196 30 hänseende

114 2201 159 35 medgiva
298 2210 134 22 samma
458 2200 186 35 förmåner,
671 2210 75 21 som
773 2200 195 31 tillkomma
994 2200 40 30 de
1058 2200 112 30 under
1196 2199 92 31 tiden
1318 2200 13 29 1
1357 2199 64 36 juli
1450 2198 173 32 1939—30

113 2251 76 35 juni
218 2252 82 29 1942
326 2251 104 36 enligt
453 2250 102 31 civila
581 2250 514 36 tjänstepensionsreglementet
1121 2249 248 36 pensionerade
1395 2248 225 36 statstjänste-

115 2302 160 30 männen.

161 2351 72 31 Vad
255 2350 259 36 propositionen
536 2350 9 30 i
567 2349 110 36 övrigt
699 2349 116 36 angår,
838 2350 65 30 har
923 2350 203 31 densamma
1146 2349 83 36 givit
1249 2349 166 30 utskottet
1437 2349 185 35 anledning

116 2401 49 29 till
185 2400 138 31 erinran
343 2401 9 29 i
372 2400 89 32 vissa
482 2399 230 31 hänseenden.
735 2399 130 31 Härom
886 2398 56 32 får
960 2400 165 30 utskottet
1144 2399 124 31 anföra
1288 2399 165 36 följande.

161 2452 12 29 I
199 2460 43 21 en
271 2451 64 30 den
366 2451 37 29 14
431 2450 70 36 maj
534 2451 81 30 1943
644 2450 215 36 dagtecknad
888 2449 224 37 proposition,
1141 2459 42 21 nr
1210 2451 73 33 286,
1311 2450 45 30 ha
1382 2450 106 30 bland
1517 2452 106 28 annat

116 2502 181 35 framlagts
328 2501 127 36 förslag
488 2501 48 30 till
567 2501 223 36 kungörelser
821 2510 55 21 om
908 2501 147 35 ändring
1087 2501 8 29 i
1127 2500 90 31 vissa
1249 2500 95 30 delar
1373 2509 43 22 av
1446 2500 176 31 allmänna
