1902 2852
533 175 278 32 Bankoutskottets
832 173 164 32 memorial
1020 174 51 30 Ny
1093 176 51 29 28.
1534 177 8 27 1

763 317 57 39 Nr
848 316 64 39 28.

503 419 124 30 Ankom
651 419 49 30 till
726 418 182 38 riksdagens
930 417 103 30 kansli
1056 418 60 29 den
1142 418 13 28 1
1182 417 80 39 april
1290 417 77 30 1924
1393 417 41 29 kl.
1461 418 12 28 1
1500 427 23 20 e.
1549 427 40 19 m.

233 515 197 43 Menvwrial,
459 514 175 44 angående
662 513 231 34 användande
921 524 42 22 av
991 512 225 34 riksbankens
1238 511 91 33 vinst
1342 510 66 43 för
1426 512 40 32 år
1484 512 107 33 1923.

157 614 116 42 Enligt
309 614 21 41 &
371 616 14 29 1
426 614 7 30 i
471 613 65 32 den
572 613 53 31 för
658 611 279 32 bankoutskottet
965 610 156 42 gällande
1150 610 205 31 instruktion
1379 609 127 42 åligger
1534 609 57 31 det

83 666 162 31 utskottet
273 667 48 29 att
349 664 48 31 till
421 663 179 42 riksdagen
629 662 155 32 meddela
811 661 158 42 yttrande
997 661 62 31 och
1083 660 127 41 förslag
1229 671 55 20 om
1303 659 226 33 användande
1549 669 43 22 av

83 717 65 31 den
176 715 109 32 under
311 714 202 43 föregående
540 715 70 30 året
637 712 179 43 upplupna
843 711 261 32 bankovinsten.

159 766 15 31 I
212 766 66 32 den
302 765 49 32 till
378 776 47 20 nu
452 763 205 33 församlade
685 763 137 41 riksdag
849 762 138 32 avlåtna
1015 761 253 42 propositionen
1296 760 175 42 angående
1498 763 93 29 stats-

83 817 133 32 verkets
244 816 151 31 tillstånd
423 815 62 32 och
514 814 111 32 behov
653 814 62 31 har
743 813 126 41 Kungl.
899 812 97 41 Maj:t
1023 812 182 41 föreslagit,
1234 814 48 28 att
1305 821 42 22 av
1368 810 224 32 riksbankens

83 868 91 31 vinst
201 867 53 31 för
282 868 37 29 år
350 866 91 31 1923
472 867 104 29 måtte
604 865 52 31 för
684 863 290 42 budgetändamål
1002 865 94 38 tagas
1125 862 8 31 i
1158 861 147 42 anspråk
1333 864 46 29 ett
1407 861 122 42 belopp
1549 871 42 21 av

88 919 43 29 14
172 916 157 42 miljoner
364 916 132 31 kronor.
552 914 147 32 Berörda
739 914 123 41 belopp
903 913 62 31 har
1005 913 61 31 ock
1100 912 157 42 uppförts
1285 911 9 31 i
1323 911 127 41 Kungl.
1479 910 113 41 Maj:ts

82 967 127 42 förslag
236 967 51 32 till
315 966 135 32 riksstat
476 966 53 31 för
556 964 202 42 budgetåret
786 963 256 32 1924—1925.

159 1017 172 32 Utskottet
358 1017 61 31 har
445 1016 11 31 i
483 1016 91 31 detta
602 1015 124 31 ärende
754 1014 167 31 inhämtat
949 1013 157 41 yttrande
1130 1013 78 30 från
1235 1011 215 42 fullmäktige
1478 1011 10 31 i
1512 1011 81 32 riks-

86 1068 142 36 banken,
266 1067 92 33 vilka
385 1067 10 31 i
423 1066 161 32 skrivelse
620 1065 66 32 den
721 1065 43 31 20
798 1075 90 21 mars
915 1064 94 31 1924
1038 1062 180 38 meddelat,
1244 1065 47 29 att
1318 1062 215 41 fullmäktige
1562 1061 30 41 ej

84 1119 86 32 hade
207 1121 103 40 något
346 1121 48 29 att
425 1117 110 32 erinra
571 1119 70 29 mot
678 1115 127 42 Kungl.
843 1114 113 42 Maj:ts
992 1114 127 42 förslag
1154 1117 88 28 samt
1278 1113 163 31 förklarat
1472 1111 123 33 hinder

83 1170 72 32 icke
184 1173 91 28 möta
298 1172 48 28 att
373 1167 258 33 tillhandahålla
658 1166 242 32 statskontoret
927 1164 219 33 statsverkets
1174 1163 101 32 andel
1302 1164 10 30 i
1340 1163 252 32 bankovinsten

83 1220 78 32 med
202 1231 40 21 en
285 1219 165 42 fjärdedel
491 1217 78 32 eller
614 1213 60 48 3!/,
715 1216 157 41 miljoner
898 1216 126 31 kronor
1051 1215 110 31 under
1188 1224 105 22 envar
1315 1224 43 22 av
1387 1213 207 32 månaderna

84 1271 62 40 juli
174 1271 65 32 och
267 1270 139 32 oktober
433 1269 93 31 1924
551 1270 87 30 samt
665 1267 133 41 januari
827 1266 64 32 och
918 1266 85 42 april
1035 1266 104 31 1925.

160 1320 173 33 Utskottet
359 1320 61 31 har
447 1320 52 33 för
522 1318 51 32 sin
602 1318 52 32 del
682 1318 116 31 funnit
821 1317 52 42 sig
891 1317 81 32 böra
991 1316 169 42 tillstyrka
1180 1315 126 41 Kungl.
1327 1314 112 41 Maj:ts
1457 1313 136 42 förslag.

159 1370 136 33 Medlen
335 1370 94 32 torde
470 1369 81 32 böra
587 1368 274 31 tillhandahållas
900 1367 239 32 statskontoret
1178 1367 19 30 å
1224 1365 94 38 tider,
1348 1376 73 21 som
1449 1374 43 22 av
1518 1364 76 31 full-

86 1421 150 43 mäktige
263 1420 200 43 föreslagits.

162 1471 173 34 Utskottet
362 1470 193 34 hemställer
582 1469 106 38 alltså,

436 1574 48 29 att
507 1570 181 42 riksdagen
716 1571 56 30 må
799 1568 140 38 besluta,

435 1622 29 41 a)
506 1624 47 29 att
593 1631 43 21 av
671 1620 223 32 riksbankens
919 1619 90 32 vinst
1036 1618 54 32 för
1116 1618 38 31 år
1186 1617 90 32 1923
1306 1617 93 33 skola
1424 1616 49 33 till
1500 1619 95 29 stats-

385 1672 116 34 verket
531 1671 213 33 överlämnas
777 1669 213 40 14,000,000
1019 1668 133 39 kronor,
1181 1671 88 29 samt

434 1720 34 47 b)
511 1725 48 29 att
599 1721 219 33 statsverkets
855 1720 101 32 andel
983 1719 10 31 i
1021 1718 251 33 bankovinsten
1313 1717 85 33 skall
1439 1727 43 22 av
1517 1717 77 31 full-

385 1773 148 42 mäktige
561 1773 10 31 i
595 1772 207 32 riksbanken
839 1770 276 33 tillhandahållas
1157 1769 240 32 statskontoret
1438 1767 78 32 med
1552 1778 42 21 en

385 1823 165 42 fjärdedel
578 1823 80 32 eller
687 1822 192 39 3,500,000
907 1821 126 32 kronor
1059 1820 110 31 under
1192 1829 104 22 envar
1323 1830 43 21 av
1385 1818 208 32 månaderna

384 1874 63 42 juli
475 1874 62 33 och
562 1873 141 33 oktober
735 1874 93 31 1924
857 1875 88 29 samt
971 1871 134 42 januari
1133 1870 64 33 och
1225 1870 84 42 april
1341 1869 104 33 1925.

161 1976 197 34 Stockholm
385 1975 66 33 den
483 1976 15 31 1
528 1974 86 43 april
646 1974 105 32 1924.

569 2075 47 32 På
644 2074 297 33 bankoutskottets
968 2077 142 37 vägnar:

617 2174 171 33 BERNH.
819 2172 241 34 ERIKSSON.

169 2326 56 27 Vid
244 2326 79 27 detta
341 2325 120 27 ärendes
479 2324 236 32 slutbehandling
732 2323 75 26 hava
825 2322 139 26 närvarit:

169 2369 35 17 av
231 2361 110 26 första
369 2361 207 25 kammaren:
597 2359 100 25 herrar
718 2356 176 32 Gustafsson,
914 2354 35 27 K.
972 2353 30 28 J.
1026 2355 43 32 A.,
1089 2353 129 34 Lindley,
1238 2353 164 33 Björnsson,
1421 2351 175 34 Enhörning,

89 2393 129 33 Vindahl,
235 2394 158 27 Johansson
411 2394 9 25 i
439 2393 193 33 Friggeråker,
651 2391 124 30 Dalberg
794 2391 52 25 och
868 2388 157 32 Bondeson;
1321 2416 13 5 -

169 2437 35 17 av
223 2428 108 26 andra
352 2429 208 25 kammaren:
579 2426 100 26 herrar
696 2423 137 28 Eriksson
851 2424 8 25 i
879 2423 210 33 Grängesberg,
1111 2421 169 33 Gustafsson
1298 2422 3 25 i
1316 2421 115 32 Örebro,
1445 2421 152 32 Borggren,

85 2461 156 33 Bäcklund,
265 2461 133 32 Winkler,
418 2461 101 31 Lovén,
539 2460 108 33 Ryberg
666 2459 53 26 och
738 2459 121 25 Jönsson
877 2458 8 25 i
905 2457 129 26 Fridhill.

127 2537 134 41 Bihang
286 2536 50 32 till
356 2536 191 40 riksdagens
564 2534 156 41 protokoll
741 2536 92 29 1924.
879 2536 21 29 8
921 2533 89 31 saml.
1055 2534 42 29 24
1121 2530 82 42 häft.
1227 2531 68 40 (Nr
1316 2530 69 39 28)
