1896 2814
68 697 139 24 Utskottets

73 732 122 29 yttrande.

58 1382 103 23 Motion
181 1389 39 15 om

59 1416 93 30 anslag
172 1415 41 24 till

60 1451 151 22 understöd-

70 1485 84 30 jande
173 1493 31 14 av

76 1520 85 22 rektor
179 1520 24 21 J.

47 1554 178 22 Henrikssons

63 1588 158 23 verksamhet

33 1623 44 29 för
95 1622 143 30 insamling

60 1656 44 24 och
124 1656 88 30 odling

35 1698 31 15 ev
88 1690 149 24 medicinal-

85 1727 98 21 växter.

72 1809 135 23 Utskottets

77 1843 118 30 yttrande.

255 184 60 31 108
741 188 228 29 Statsutskottets
991 190 148 27 utlåtande
1161 191 48 26 Nr
1231 189 28 30 ÖJ.

252 259 273 40 Västerbottens,
559 261 195 33 Jämtlands
788 262 83 32 eller
894 263 307 33 Västernorrlands
1223 265 66 39 län,
1314 277 75 20 som
1413 266 135 42 deltoge
1571 267 12 31 i
1606 267 149 32 fortsätt-

252 310 278 41 ningskurserna.

293 402 126 43 Kungl.
455 403 115 42 Maj:ts
604 416 47 20 nu
673 406 234 41 föreliggande
929 407 128 41 förslag
1079 407 152 39 innebär,
1255 410 51 30 att
1329 409 255 41 stipendiernas
1608 411 150 32 maximi-

250 452 130 43 belopp
404 454 109 31 skulle
536 454 207 33 bestämmas
767 456 53 31 till
843 456 63 32 250
927 457 127 31 kronor
1076 459 51 30 att
1149 459 82 40 utgå
1252 459 54 31 till
1329 459 41 31 23
1382 459 265 43 kursdeltagare.
1670 461 84 32 Här-

251 503 53 31 för
337 504 110 31 skulle
481 505 145 31 sålunda
657 506 120 32 krävas
811 508 50 30 ett
894 507 128 41 belopp
1056 519 41 20 av
1119 508 94 38 5,750
1235 508 136 32 kronor.
1418 509 178 42 Härjämte
1620 512 61 31 har
1703 511 55 32 till

251 553 199 42 resebidrag
482 555 53 31 för
567 555 11 31 i
611 556 325 42 fortsättningskurs
970 557 204 42 deltagande
1196 559 303 41 provinsialläkare
1522 561 74 31 från
1620 562 42 31 de
1685 562 73 41 fyra

252 604 212 41 nordligaste
485 605 101 32 länen
609 606 182 32 beräknats
815 609 49 29 ett
887 607 127 42 belopp
1038 619 40 20 av
1101 608 91 32 intill
1214 609 62 32 650
1298 610 137 32 kronor.

309 688 76 31 Vad
418 688 126 42 Kungl.
568 689 98 42 Maj:t
700 690 145 32 sålunda
878 691 184 42 föreslagit,
1098 692 61 31 har
1182 693 169 32 utskottet
1373 693 113 32 funnit
1510 695 52 41 sig
1584 695 85 32 böra
1691 695 64 32 till-

258 738 125 41 styrka.
428 738 180 32 Utskottet
637 739 67 39 vill,
737 742 45 39 på
816 742 69 30 sätt
918 741 11 31 i
952 742 379 42 statsrådsprotokollet
1354 744 65 31 ock
1441 744 98 38 skett,
1564 745 122 39 erinra,
1709 747 50 30 att

256 788 152 31 sistlidet
440 791 54 29 års
521 789 139 42 riksdag
681 790 11 31 i
714 790 187 42 anledning
923 803 41 20 av
987 794 49 29 ett
1058 793 45 30 då
1125 793 203 32 motionsvis
1351 794 100 31 väckt
1472 795 129 42 förslag
1624 807 55 20 om
1702 796 55 31 be-

252 838 149 41 viljande
424 850 40 20 av
486 839 119 42 anslag
627 840 53 31 till
703 841 192 40 stipendier
916 842 53 31 för
990 842 203 32 bevistande
1215 855 40 19 av
1271 844 213 32 medicinska
1501 845 256 43 fortsättnings-

253 888 122 31 kurser
396 900 43 20 m.
463 900 42 21 m.
529 908 42 4 —
596 890 105 32 vilket
722 891 128 42 förslag
871 892 75 31 icke
968 904 88 19 vann
1080 893 201 42 riksdagens
1304 894 98 31 bifall
1425 913 40 4 —
1487 895 193 39 förutsatte,
1706 899 51 29 att

254 939 125 41 Kungl.
414 939 98 41 Maj:t
545 940 109 32 skulle
687 941 52 31 till
772 941 231 33 innevarande
1036 944 55 30 års
1128 943 138 41 riksdag
1288 946 78 39 taga
1389 945 109 31 under
1520 946 237 42 omprövning,

253 989 170 31 huruvida
455 990 30 41 ej
527 991 118 41 anslag
677 991 52 31 för
762 992 195 32 ändamålet
989 993 108 31 borde
1131 994 99 31 äskas
1259 996 19 29 å
1301 994 185 32 riksstaten
1510 996 53 31 för
1585 997 170 31 nästkom-

253 1039 124 32 mande
401 1040 177 41 budgetår.

306 1089 181 32 Utskottet
508 1091 51 31 får
581 1091 102 32 alltså
704 1092 191 38 hemställa,

575 1169 50 30 att
657 1168 183 42 riksdagen
874 1171 54 29 må
962 1169 51 31 till
1035 1171 180 39 stipendier
1228 1170 60 41 för
1310 1172 191 40 deltagande
1523 1173 13 31 i
1559 1173 198 32 medicinska

514 1217 352 42 fortsättningskurser
901 1231 39 20 m.
964 1231 39 20 m.
1038 1220 53 31 för
1124 1220 204 42 budgetåret
1363 1223 181 39 1929/1930
1566 1223 120 32 anvisa
1708 1226 50 29 ett

524 1270 94 29 extra
640 1269 119 41 anslag
780 1281 41 19 av
844 1271 95 35 6,400
964 1271 136 31 kronor.

310 1368 83 41 79:0)
426 1369 7 31 I
467 1379 41 21 en
542 1369 93 32 inom
668 1371 105 31 andra
806 1371 195 32 kammaren
1035 1383 42 20 av
1113 1373 78 31 herr
1213 1373 40 32 B.
1278 1374 32 31 J.
1335 1374 177 41 Holmgren
1534 1386 42 20 m.
1601 1375 32 31 fl.
1658 1376 101 31 väckt

257 1418 141 39 motion,
432 1431 41 19 nr
505 1421 49 38 91,
589 1431 75 21 som
687 1421 177 32 hänvisats
887 1422 50 31 till
963 1423 276 32 statsutskottets
1262 1424 248 32 förberedande
1533 1421 223 50 behandling,

257 1469 61 31 har
340 1469 203 39 hemställts,
567 1472 50 30 att
639 1471 181 42 riksdagen
843 1472 55 31 till
921 1473 292 42 understödjande
1236 1485 40 20 av
1299 1475 117 31 rektor
1437 1475 32 31 J.
1493 1475 264 33 Henrikssons
1734 1465 25 54 i

256 1519 85 31 Dals
364 1520 153 32 Rostock
539 1521 216 32 verksamhet
776 1522 54 31 för
851 1522 185 42 insamling
1059 1523 65 32 och
1148 1524 117 41 odling
1280 1536 41 20 av
1337 1525 301 32 medicinalväxter
1653 1528 104 30 måtte

256 1569 126 42 bevilja
404 1573 50 29 ett
476 1571 118 42 anslag
626 1572 52 31 för
700 1572 205 42 budgetåret
928 1574 181 38 1929/1930
1131 1585 40 20 av
1194 1575 93 38 3,000
1312 1575 136 38 kronor,
1473 1578 50 29 att
1545 1578 82 40 utgå
1649 1577 109 31 under

257 1620 42 31 de
321 1619 131 40 villkor,
477 1621 125 42 Kungl.
626 1622 97 42 Maj:t
745 1623 66 31 kan
834 1624 94 31 finna
950 1624 156 41 lämpligt
1129 1625 199 32 föreskriva.

309 1670 19 31 I
350 1670 93 42 fråga
475 1683 54 20 om
554 1672 41 31 de
619 1672 82 39 skäl,
725 1673 254 32 motionärerna
1001 1674 114 32 anfört
1137 1675 52 31 till
1213 1676 79 30 stöd
1314 1676 54 31 för
1391 1676 61 31 sitt
1474 1677 136 41 förslag,
1635 1677 50 31 får
1709 1680 48 29 ut-

258 1720 129 32 skottet
410 1721 142 32 hänvisa
575 1722 52 31 till
650 1723 188 32 motionen.

313 1805 122 31 Såsom
469 1806 11 30 i
513 1806 175 32 motionen
720 1807 206 39 framhålles,
958 1808 60 31 har
1041 1809 110 31 under
1172 1811 80 29 åren
1276 1810 208 31 1913—1923
1507 1811 191 31 understöd
1719 1823 41 19 av

259 1856 201 31 statsmedel
493 1856 158 42 beviljats
674 1857 115 32 rektor
812 1858 219 32 Henriksson
1054 1859 54 31 till
1129 1859 87 32 hans
1239 1860 217 31 verksamhet
1478 1861 52 31 för
1552 1861 120 42 odling
1694 1861 64 32 och

256 1905 186 42 insamling
464 1917 40 20 av
527 1907 307 39 medicinalväxter,
858 1909 162 41 varjämte
1036 1909 118 41 frågan
1170 1921 55 19 om
1241 1910 192 32 understöd
1448 1913 34 29 åt
1497 1911 260 32 verksamheten

256 1955 107 42 ifråga
396 1967 122 30 genom
552 1957 169 32 motioner
753 1958 87 32 varit
873 1959 141 31 föremål
1036 1960 53 31 för
1113 1960 80 31 1926
1216 1960 63 31 och
1305 1961 80 31 1927
1410 1963 53 29 års
1486 1961 196 42 riksdagars
1705 1962 53 31 be-

256 2006 174 42 handling.
486 2007 112 32 Dessa
635 2008 169 32 motioner
840 2009 199 32 föranledde
1077 2010 190 32 emellertid
1300 2011 75 31 icke
1409 2013 111 40 någon
1553 2012 203 41 riksdagens

256 2057 128 40 åtgärd.

309 2107 120 41 Enligt
450 2108 65 31 vad
542 2108 169 32 utskottet
732 2109 178 39 inhämtat,
934 2110 61 31 har
1017 2110 218 32 Henriksson
1258 2111 74 31 från
1356 2111 65 32 och
1444 2112 77 31 med
1544 2111 67 32 den
1637 2113 14 30 1
1670 2112 87 42 april

259 2158 80 30 1929
363 2158 136 31 erhållit
520 2159 209 41 anställning
750 2159 11 31 i
784 2160 113 41 privat
920 2161 106 40 tjänst
1049 2161 63 31 och
1136 2161 61 31 där
1219 2162 130 31 beretts
1372 2162 134 31 tillfälle
1528 2164 50 30 att
1600 2163 157 31 fortsätta

257 2207 54 32 sin
345 2208 223 32 verksamhet.
613 2209 68 32 Vid
714 2209 123 32 sådant
870 2211 213 31 förhållande
1114 2213 109 30 finner
1255 2212 180 38 utskottet,
1471 2224 73 20 som
1579 2213 53 31 för
1664 2213 93 31 visso

258 2257 146 32 skänker
441 2258 65 31 den
540 2270 40 20 av
613 2259 219 33 Henriksson
871 2261 164 31 bedrivna
1067 2262 261 32 verksamheten
1363 2263 62 31 sitt
1447 2263 227 39 erkännande,
1699 2264 58 30 det

257 2308 74 31 icke
353 2319 79 21 vara
455 2309 120 41 nödigt
597 2312 50 29 att
670 2312 111 30 staten
804 2312 89 40 ånyo
916 2311 114 32 träder
1052 2312 293 42 understödjande
1369 2313 143 31 emellan
1524 2313 53 32 för
1592 2314 165 31 verksam-

257 2358 123 32 hetens
402 2359 159 32 fortsatta
583 2359 217 33 bedrivande.
847 2361 180 32 Utskottet
1048 2362 51 31 får
1122 2362 100 32 alltså
1244 2362 191 39 hemställa,

580 2437 49 29 att
662 2436 77 31 herr
772 2436 210 42 Holmgrens
1005 2449 41 19 m.
1071 2438 32 31 fl.
1129 2438 233 32 ovanberörda
1386 2439 138 38 motion,
1549 2439 47 32 IT:
1611 2441 49 37 91,
1684 2440 73 31 icke

527 2487 54 29 må
604 2486 102 31 vinna
728 2487 202 41 riksdagens
953 2488 105 32 bifall.
