1902 2818
597 200 228 28 Statsutskottets
847 198 147 28 utlåtande
1018 198 47 27 Nr
1087 195 26 29 5.
1584 191 39 28 85

441 276 28 41 a)
503 275 53 31 till
591 275 114 39 bidrag
740 274 50 31 till
822 272 203 41 uppförande
1059 271 74 31 eller
1160 268 188 33 inrättande
1371 279 39 20 av
1435 267 188 31 tuberkulos-

387 325 332 42 sjukvårdsanstalter
742 325 52 30 för
816 323 204 39 budgetåret
1046 320 178 40 1929/1930
1247 319 117 31 anvisa
1387 319 49 29 ett
1460 319 94 29 extra
1577 328 46 19 re-

388 376 313 39 servationsanslag
723 386 39 19 av
790 374 162 38 1,175,000
975 372 134 37 kronor,

439 426 33 40 b)
511 425 163 41 medgiva,
709 426 50 29 att
792 424 72 30 från
899 422 120 40 anslag
1047 421 52 31 till
1133 419 148 32 nämnda
1315 417 155 32 ändamål
1506 418 54 29 må
1582 427 40 20 av

388 476 125 40 Kungl.
537 475 98 40 Maj:t
656 474 145 40 beviljas

440 526 53 30 till
516 524 200 40 föreningen
740 524 52 30 för
814 521 164 32 kustvård
1001 522 34 29 åt
1060 520 192 31 skrofulösa
1274 519 84 30 barn
1375 517 52 30 för
1441 515 180 32 utförande

387 587 40 20 av
450 575 92 31 vissa
575 572 319 43 byggnadsarbeten
918 571 57 31 vid
999 568 269 33 kustsanatoriet
1291 566 189 42 Apelviken
1504 567 49 29 ett
1575 565 46 31 bi-

388 626 82 40 drag
493 637 40 19 av
556 624 103 41 högst
684 623 111 38 17,750
817 622 135 37 kronor,

440 675 51 31 till
528 674 200 40 föreningen
762 673 52 31 för
851 671 193 32 skrofulösa
1071 670 103 31 barns
1197 668 82 32 vård
1302 668 53 30 för
1377 665 182 32 utförande
1582 676 40 20 av

387 727 91 30 vissa
512 725 139 31 arbeten
685 735 41 20 m.
752 735 41 19 m.
818 723 56 31 vid
897 721 300 41 Kronprinsessan
1222 717 169 33 Victorias
1408 717 214 30 kustsanato-

387 777 86 31 rium
502 776 10 31 i
536 775 172 31 Barkåkra
731 776 49 29 ett
802 773 119 40 bidrag
945 784 40 19 av
1008 772 102 41 högst
1132 770 94 38 9,500
1248 769 134 37 kronor,
1408 769 89 29 samt

439 827 52 30 till
514 826 199 40 föreningen
737 825 52 31 för
811 823 81 32 vård
916 834 40 20 av
973 822 192 31 skrofulösa
1176 821 87 31 barn
1276 819 56 31 vid
1344 816 278 33 havskuranstalt

386 878 52 30 för
460 876 181 31 utförande
665 886 39 20 av
730 875 92 31 vissa
848 872 320 42 byggnadsarbeten
1188 881 43 20 m.
1249 880 41 20 m.
1304 869 58 31 vid
1385 868 123 40 Styrsö
1531 866 91 31 kust-

388 927 145 41 sjukhus
557 928 49 28 ett
628 925 121 40 bidrag
772 935 39 20 av
833 923 102 41 högst
959 922 135 37 223,987
1117 921 140 36 kronor;
1282 921 161 28 ävensom

439 976 27 41 ce)
500 975 196 37 föreskriva,
725 976 49 29 att
807 973 147 31 nämnda
988 972 122 40 bidrag
1137 970 97 31 skola
1256 970 81 39 utgå
1358 968 12 31 i
1393 966 229 41 huvudsaklig

386 1025 342 34 överensstämmelse
773 1023 77 32 med
892 1023 43 31 de
977 1021 145 32 rörande
1159 1020 119 40 anslag
1315 1018 53 31 till
1409 1017 123 41 bidrag
1569 1016 52 31 till

385 1076 215 43 uppförande
638 1076 82 31 eller
757 1074 194 32 inrättande
993 1084 38 20 av
1070 1066 552 44 tuberkulossjukvårdsanstalter

385 1128 157 42 gällande
576 1126 194 42 grunderna
803 1125 63 31 och
899 1126 45 39 på
977 1123 42 31 de
1046 1124 154 30 närmare
1223 1120 123 32 villkor
1368 1119 11 30 i
1403 1117 119 41 övrigt,
1548 1127 73 21 som

386 1180 54 30 må
463 1189 40 20 av
530 1177 125 41 Kungl.
686 1176 98 41 Maj:t
816 1175 219 36 bestämmas,
1070 1172 78 32 med
1181 1169 217 42 iakttagande
1432 1167 112 38 likväl,
1573 1169 49 29 att

386 1228 225 32 omförmälda
644 1227 121 41 bidrag
796 1227 52 30 för
882 1225 141 31 arbeten
1057 1223 57 31 vid
1148 1222 122 42 Styrsö
1306 1219 229 41 kustsjukhus
1568 1219 54 29 må

386 1279 175 41 uppbäras
584 1278 78 31 med
685 1279 49 29 ett
756 1277 128 40 belopp
908 1287 40 19 av
973 1274 134 38 100,000
1122 1273 136 36 kronor,
1276 1271 105 31 sedan
1398 1269 107 41 enligt
1520 1263 102 51 medi-

386 1328 280 42 cinalstyrelsens
686 1327 168 41 prövning
877 1326 107 30 minst
1006 1324 130 31 hälften
1159 1334 40 19 av
1223 1321 161 31 arbetena
1407 1319 127 31 utförts
1558 1317 64 32 och

387 1379 57 32 det
466 1379 58 31 vid
546 1378 206 41 besiktning,
773 1376 186 32 verkställd
982 1385 122 31 genom
1128 1372 188 42 styrelsens
1339 1371 142 40 försorg,
1506 1369 116 42 ådaga-

385 1431 99 40 lagts,
512 1431 50 29 att
595 1428 197 32 utförandet
826 1427 91 30 skett
939 1426 12 31 i
974 1423 229 41 huvudsaklig
1230 1422 152 42 enlighet
1404 1422 79 31 med
1506 1433 41 20 av
1570 1423 53 31 de-

386 1479 334 43 partementschefen
744 1478 11 31 i
779 1474 380 44 statsrådsprotokollet
1182 1476 80 29 över
1286 1472 257 33 socialärenden
1556 1472 66 32 den

385 1533 21 29 4
437 1530 134 42 januari
607 1530 80 31 1929
720 1528 152 32 förordat
905 1527 137 41 förslag,
1078 1527 87 30 samt
1198 1524 79 31 med
1309 1522 198 33 återstoden
1542 1523 82 31 eller

387 1582 102 41 högst
514 1581 131 39 123,987
669 1581 128 30 kronor
812 1579 85 31 efter
920 1579 58 30 det
995 1577 162 31 arbetena
1179 1575 100 32 blivit
1301 1575 11 30 i
1336 1574 53 32 sin
1413 1573 119 32 helhet
1551 1574 72 31 full-

387 1632 154 34 bordade
565 1633 87 29 samt
674 1642 122 30 genom
820 1627 374 42 medicinalstyrelsens
1217 1626 134 40 försorg
1370 1624 172 42 avsynade
1559 1624 64 31 och

386 1695 41 19 av
448 1683 169 41 styrelsen
639 1681 189 42 godkända,
846 1681 88 31 dock
956 1680 142 42 tidigast
1121 1680 85 32 efter
1228 1680 170 41 ingången
1421 1689 41 21 av
1484 1676 140 42 budget-

388 1736 72 29 året
485 1733 188 40 1930/1931.

171 1837 86 41 34:0)
290 1837 125 41 Kungl.
451 1836 98 41 Maj:t
576 1836 61 30 har
659 1835 177 41 föreslagit
858 1834 183 41 riksdagen
1064 1833 121 42 (punkt
1207 1833 51 41 56)
1282 1834 49 30 att
1353 1832 81 41 höja
1456 1832 59 31 det
1539 1832 85 31 ordi-

122 1888 95 32 narie
240 1887 306 42 förslagsanslaget
562 1886 52 31 till
630 1886 122 41 bidrag
768 1885 52 31 till
836 1885 316 31 driftkostnaderna
1168 1884 53 32 för
1237 1883 386 41 tuberkulossjukvårds

120 1940 173 37 anstalter,
319 1951 45 19 nu
388 1939 168 38 3,500,000
577 1938 136 38 kronor,
737 1937 78 31 med
838 1936 136 38 200,000
997 1936 125 31 kronor
1145 1935 53 31 till
1221 1934 167 38 3,700,000
1410 1934 136 31 kronor.

172 1990 219 32 Beträffande
425 1989 229 41 utredningen
688 1988 11 31 i
726 1989 114 30 ämnet
862 1987 51 31 får
936 1986 169 31 utskottet
1127 1985 144 31 hänvisa
1294 1985 52 31 till
1370 1984 63 32 sid.
1458 1984 165 32 295—297

119 2041 11 31 i
154 2041 192 41 åberopade
371 2039 388 42 statsrådsprotokollet.

173 2143 68 31 Det
275 2142 171 31 ordinarie
480 2141 302 42 förslagsanslaget
809 2140 52 31 till
884 2140 122 41 bidrag
1028 2140 53 30 till
1104 2138 314 32 driftkostnaderna
1440 2137 53 31 för
1516 2137 110 31 tuber-

121 2192 451 43 kulossjukvårdsanstalter
595 2191 138 41 belöpte
757 2191 52 40 sig
832 2191 51 30 för
905 2190 213 41 budgetåren
1144 2190 187 39 1925/1926,
1358 2188 178 38 1926/1927
1561 2187 64 32 och

123 2244 178 40 1927/1928
335 2243 54 31 till
423 2243 176 38 2,800,000,
633 2242 192 41 respektive
853 2241 168 39 2,950,000
1044 2240 63 32 och
1130 2241 168 38 3,200,000
1320 2241 127 31 kronor
1471 2240 63 31 och
1557 2242 36 29 är
1616 2240 11 30 i

121 2295 186 32 riksstaten
331 2295 53 31 för
406 2293 296 41 budgetperioden
729 2293 177 39 1928/1929
930 2291 142 42 uppfört
1095 2292 77 30 med
1195 2292 168 38 3,500,000
1385 2291 136 32 kronor.

172 2346 53 31 De
246 2345 134 42 jämlikt
402 2344 201 42 riksdagens
625 2344 116 31 beslut
764 2343 162 42 stadgade
949 2343 166 31 villkoren
1138 2343 52 31 för
1213 2342 199 42 åtnjutande
1436 2354 40 20 av
1499 2342 130 41 bidrag-

122 2398 74 30 från
231 2396 148 31 nämnda
413 2395 119 42 anslag
554 2395 185 31 innefattas
762 2395 12 30 i
796 2394 205 42 kungörelse
1025 2395 66 31 den
1115 2395 39 30 28
1176 2393 75 42 juni
1277 2394 79 32 1918
1380 2393 51 42 (nr
1452 2393 74 41 494)
1550 2393 78 31 med

122 2447 74 31 däri
231 2458 121 31 genom
380 2446 224 41 kungörelser
628 2445 66 32 den
719 2446 17 30 7
759 2445 62 41 juli
846 2446 78 31 1921
950 2444 52 42 (nr
1024 2444 72 42 384)
1120 2445 63 31 och
1207 2444 66 32 den
1299 2446 35 29 11
1361 2444 86 41 april
1473 2444 81 32 1924
1577 2444 51 41 (nr

125 2498 68 41 145)
217 2497 120 42 gjorda
359 2497 193 41 ändringar.

1664 1832 101 30 Bidrag
1784 1831 41 23 till

1681 1867 132 29 driftkost-

1659 1901 117 23 naderna
1794 1901 42 29 för

1664 1935 160 23 tuberkulos-

1672 1969 150 32 sjukvårds-

1678 2004 134 24 anstalter.

1700 2046 92 47 [56.]
