1936 2820
653 193 230 29 sStatsutskottets
906 197 147 27 utlåtande
1077 198 48 28 Nr
1148 197 26 31 5.
1636 207 35 30 19

222 260 84 41 21:o)
329 260 125 43 Kungl.
480 262 97 43 Maj:t
601 265 60 32 har
684 267 175 43 föreslagit
882 270 180 43 riksdagen
1087 274 120 40 (punkt
1230 276 50 41 23)
1304 278 162 41 medgiva,
1492 282 50 30 att
1557 292 40 20 av
1613 283 59 31 det

169 309 275 44 förslagsanslag,
470 325 72 20 som
575 315 62 31 kan
674 317 134 32 komma
842 322 49 29 att
925 321 51 31 för
1009 322 203 42 budgetåret
1248 327 178 38 1929/1930
1452 330 143 43 beviljas
1619 333 50 31 till

170 361 130 31 statens
335 361 145 33 kostnad
514 365 52 31 för
599 368 286 43 pensionstillägg
918 372 63 31 och
1005 374 190 32 understöd
1219 377 106 41 enligt
1347 379 97 40 lagen
1469 392 55 20 om
1548 382 123 33 allmän

169 411 367 44 pensionsförsäkring,
572 417 54 29 må
649 417 51 31 för
723 420 156 39 åtgärder
902 421 50 31 till
976 423 252 42 förebyggande
1253 427 62 31 och
1339 428 154 34 hävande
1518 443 40 20 av
1584 433 87 32 inva-

169 459 113 32 liditet
313 461 134 41 jämlikt
480 464 42 31 de
557 465 211 33 föreskrifter
791 480 73 21 som
888 482 40 19 av
952 472 125 42 Kungl.
1103 475 97 40 Maj:t
1223 476 183 41 meddelas,
1431 492 40 20 av
1495 483 176 39 pensions-

169 511 167 39 styrelsen
371 512 109 32 under
514 525 129 22 samma
676 517 166 41 budgetår
875 520 204 42 disponeras
1117 527 49 29 ett
1199 526 126 42 belopp
1348 540 40 20 av
1411 529 103 42 högst
1539 533 132 38 100,000

168 559 134 32 kronor.

221 610 236 43 Utredningen
482 613 10 31 i
516 616 114 31 ämnet
654 619 183 32 återfinnes
861 622 18 29 å
903 621 61 32 sid.
993 624 164 33 105—112
1180 626 10 31 i
1215 625 387 52 statsrådsprotokollet.

220 721 17 31 I
270 722 107 32 likhet
411 724 77 31 med
523 725 376 43 departementschefen
934 733 61 32 har
1018 736 169 33 utskottet
1210 742 121 35 ansett,
1356 743 50 30 att
1427 744 172 33 avvikelse
1623 758 45 20 nu

167 771 73 32 icke
274 773 63 31 bör
371 775 58 31 ske
457 776 73 31 från
555 777 65 32 den
645 779 211 34 beträffande
880 786 130 31 statens
1034 787 292 44 understödjande
1349 803 40 21 av
1412 793 255 43 ifrågavarande

166 821 216 35 verksamhet
416 825 108 32 under
558 838 118 23 senare
710 833 37 29 år
779 832 140 42 intagna
953 837 266 42 ståndpunkten.
1264 841 133 33 Jämväl
1423 844 53 32 för
1499 847 168 33 nästkom-

167 874 121 31 mande
311 875 168 42 budgetår
502 879 98 31 torde
624 881 143 32 sålunda
790 894 40 20 av
853 886 153 41 anslaget
1030 888 52 31 till
1106 891 131 32 statens
1259 892 148 34 kostnaä
1422 896 53 31 för
1490 894 177 50 pensions-

166 923 118 43 tillägg
318 926 62 31 och
409 927 190 34 understöd
623 931 106 42 enligt
751 933 97 42 lagen
873 946 54 21 om
950 937 126 33 allmän
1099 941 359 47 pensionsförsäkring
1480 948 85 32 böra
1587 952 81 40 utgå

166 976 49 29 ett
240 975 127 43 belopp
390 989 40 20 av
452 978 102 42 högst
580 981 133 36 100,000
735 983 126 34 kronor
876 986 53 32 till
945 989 157 41 åtgärder
1116 991 73 32 från
1213 995 356 43 pensionsstyrelsens
1593 1002 74 32 sida

166 1025 51 31 till
240 1026 252 44 förebyggande
516 1031 64 31 och
604 1031 153 34 hävande
781 1046 40 20 av
843 1036 202 35 invaliditet.

218 1076 179 34 Utskottet
420 1080 50 30 får
493 1081 100 32 alltså
616 1082 189 43 hemställa,

486 1169 49 29 att
568 1168 182 44 riksdagen
785 1174 54 30 må
873 1175 163 42 medgiva,
1064 1180 49 30 att
1146 1191 40 20 av
1209 1181 59 32 det
1290 1183 275 47 förslagsanslag,
1590 1200 73 22 som

431 1216 53 31 för
516 1217 202 42 budgetåret
743 1222 179 41 1929/1930
944 1225 144 43 beviljas
1112 1229 52 32 till
1188 1233 130 31 statens
1341 1235 147 34 kostnad
1511 1238 53 32 för
1586 1251 78 30 pen-

412 1289 4 8 »
433 1266 216 45 sionstillägg
683 1272 62 31 och
780 1274 189 33 understöd
1003 1278 107 42 enligt
1139 1280 97 42 lagen
1261 1294 54 21 om
1339 1286 124 33 allmän
1486 1286 177 50 pensions-

431 1317 200 43 försäkring,
667 1324 54 29 må
754 1323 52 32 för
835 1326 151 39 åtgärder
1018 1328 52 33 till
1094 1330 242 43 förebyggande
1369 1337 52 31 och
1455 1338 147 34 håävande
1624 1353 39 20 av

430 1367 187 35 invaliditet
647 1371 135 41 jämlikt
816 1375 42 31 de
892 1376 221 42 föreskrifter,
1143 1392 73 22 som
1240 1395 40 20 av
1302 1384 126 44 Kungl.
1453 1388 98 42 Maj:t
1574 1392 89 32 med-

430 1417 104 40 delas,
560 1431 40 20 av
622 1423 338 44 pensionsstyrelsen
983 1429 111 32 under
1116 1442 128 23 samma
1267 1434 168 43 budgetår
1457 1439 203 43 disponeras

430 1470 49 29 ett
506 1469 128 43 belopp
661 1484 40 20 av
728 1473 101 43 högst
857 1477 134 38 100,000
1016 1479 135 35 kronor.

212 1585 84 42 22:o)
330 1586 125 43 Kungl.
490 1589 97 43 Maj:t
617 1591 62 33 har
701 1594 177 43 föreslagit
900 1598 182 43 riksdagen
1105 1601 121 42 (punkt
1247 1605 51 41 24)
1321 1609 50 29 att
1392 1608 53 31 till
1469 1612 190 43 ersättning

160 1635 52 31 till
234 1638 199 39 postverket
455 1639 52 32 för
529 1642 423 46 pensionsutbetalningar
973 1649 53 31 för
1049 1650 203 43 budgetåret
1276 1656 179 41 1929/1930
1477 1661 118 33 anvisa
1611 1665 48 30 ett

160 1688 93 30 extra
275 1687 266 45 förslagsanslag
563 1703 40 20 av
626 1693 135 39 245,000
783 1696 134 33 kronor.

211 1736 217 35 Beträffande
462 1741 229 44 utredningen
725 1745 10 31 i
769 1748 115 31 ämnet
916 1750 50 31 får
989 1752 169 33 utskottet
1181 1754 141 34 hänvisa
1345 1759 52 31 till
1422 1760 62 32 sid.
1512 1764 59 30 112
1594 1765 63 31 och

160 1787 58 31 113
241 1787 10 31 i
276 1790 385 42 statsrådsprotokollet.

209 1898 68 32 För
298 1899 255 43 ifrågavarande
576 1905 156 33 ändamål
755 1907 61 33 har
841 1910 79 32 1928
944 1914 54 30 års
1021 1913 140 44 riksdag
1176 1916 52 32 för
1243 1917 228 37 innevarande
1488 1923 168 43 budgetår

156 1949 134 33 anvisat
312 1952 48 30 ett
383 1954 95 30 extra
500 1954 265 46 förslagsanslag
787 1971 41 21 av
851 1961 135 39 235,000
1007 1963 136 34 kronor.

208 1999 77 33 Den
319 2013 45 20 nu
398 2003 193 44 föreslagna
623 2006 186 44 höjningen
844 2022 40 20 av
917 2014 154 41 anslaget
1094 2018 36 30 är
1152 2017 179 35 föranledd
1354 2033 40 20 av
1417 2025 125 31 väntad
1566 2027 87 32 ökad

155 2050 195 43 belastning
372 2055 19 29 å
414 2054 162 43 anslaget.

207 2153 179 34 Utskottet
418 2156 61 32 har
512 2158 73 32 icke
619 2159 73 33 haft
725 2163 103 40 något
851 2165 49 30 att
923 2166 111 31 erinra
1058 2170 70 30 mot
1151 2169 124 43 Kungl.
1300 2173 116 42 Maj:ts
1440 2176 126 43 förslag
1589 2180 63 31 och

154 2202 197 34 hemställer
373 2206 108 37 alltså,

474 2287 50 29 att
556 2285 181 45 riksdagen
771 2292 54 30 må
859 2291 52 32 till
944 2295 181 42 ersättning
1156 2297 50 32 till
1223 2302 177 37 postverket
1413 2302 60 41 för
1490 2306 162 39 pensions-

421 2335 242 43 utbetalningar
683 2338 53 33 för
758 2340 202 43 budgetåret
985 2344 179 38 1929/1930
1184 2349 116 32 anvisa
1323 2354 49 29 ett
1387 2356 94 30 extra
1496 2355 155 44 förslags-

420 2385 119 43 anslag
561 2398 40 21 av
625 2389 134 38 245,000
782 2391 134 38 kronor.

1700 290 128 37 Åtgärder
1847 299 40 23 till

1702 332 193 31 förebyggande

1702 367 43 22 och
1767 368 119 23 hävande

1691 408 30 15 av
1740 401 154 24 invaliditet.

1748 435 93 45 [23.]

1723 752 134 24 Utskottets

1731 787 118 30 yttrande,

1677 1627 156 33 Ersättning
1840 1631 41 23 till

1675 1664 146 27 postverket
1839 1665 43 30 för

1707 1698 139 28 pensions-

1679 1731 199 34 utbetalningar.

1733 1765 94 47 [24.]

1710 2199 136 24 Utskottets

1713 2234 120 28 yttrande,
