1896 2820
609 183 230 27 Statsutskottets
862 184 145 26 utlåtande
1030 183 47 27 Nr
1100 181 27 31 5.
1563 180 59 31 113

175 254 114 31 Sedan
323 255 228 31 innehavaren
585 267 40 19 av
659 256 515 41 lanträntmästarbefattningen
1207 256 10 30 i
1252 255 291 32 Södermanlands
1566 255 54 31 län

124 315 139 20 numera
286 305 136 31 erhållit
444 306 136 38 avsked,
605 306 61 31 har
689 307 236 40 befattningen
950 307 104 39 ifråga
1070 306 177 31 uteslutits
1264 317 40 20 ur
1320 308 302 39 övergångsstaten

122 355 63 30 och
221 357 130 29 statens
386 356 204 31 slutsumma
624 357 155 31 nedsatts
814 357 72 30 från
923 357 111 38 14,900
1056 357 126 30 kronor
1205 356 78 32 med
1305 357 94 36 3,800
1421 357 127 30 kronor
1571 356 51 31 till

125 406 111 37 11,100
269 405 133 38 kronor,
438 406 102 31 därav
574 409 19 28 å
626 407 57 31 lön
720 408 92 37 7,500
834 407 126 31 kronor
983 407 62 31 och
1068 407 440 41 tjänstgöringspenningar
1530 407 94 37 3,600

121 455 134 31 kronor.

174 505 165 41 Anslaget
372 506 53 31 till
459 506 336 42 befattningshavare
828 507 56 31 vid
908 507 285 41 länsstyrelserna
1216 507 108 31 skulle
1348 507 145 31 sålunda
1517 506 105 42 enligt

122 554 125 42 Kungl.
272 555 116 42 Maj:ts
411 556 127 41 förslag
562 559 169 39 upptagas
755 557 52 31 till
831 556 177 41 (4,035,500
1025 563 29 29 +
1074 556 123 42 11,100)
1219 557 168 38 4,046,600
1409 557 127 31 kronor
1558 556 64 32 och

121 605 100 32 alltså
243 606 152 32 minskas
419 607 78 31 med
523 607 112 38 11,300
657 607 135 31 kronor.

174 707 68 38 Att,
267 709 43 39 på
338 709 69 30 sätt
439 707 125 42 Kungl.
590 708 98 41 Maj:t
721 708 185 42 föreslagit,
931 720 41 19 en
996 719 44 31 ny
1064 708 171 32 ordinarie
1258 707 364 42 länsbokhållartjänst

122 759 53 30 må
198 758 144 31 inrättas
365 758 56 31 vid
443 759 248 41 länsstyrelsen
715 759 11 30 i
749 759 166 41 Blekinge
939 759 55 31 län
1017 759 73 31 från
1114 759 64 31 och
1201 758 79 32 med
1295 758 169 42 ingången
1482 770 39 20 av
1534 760 87 30 näst-

120 808 204 32 kommande
358 809 176 41 budgetår,
558 809 62 31 har
647 809 170 32 utskottet
839 810 113 31 funnit
981 809 51 42 sig
1054 809 84 32 böra
1160 809 181 42 tillstyrka,
1366 809 64 32 och
1454 809 168 32 utskottet

120 859 153 31 biträder
293 860 124 41 jämväl
443 860 164 41 förslaget
631 860 216 37 därutinnan,
872 863 50 29 att
944 861 150 41 tjänsten
1119 861 54 30 må
1195 860 161 32 hänföras
1380 860 52 31 till
1457 861 50 30 1:a
1529 860 92 32 klass

122 909 63 32 och
209 910 145 31 sålunda
376 911 154 41 placeras
553 911 11 30 i
587 911 209 41 lönegraden
819 911 29 31 B
866 912 48 30 24.

173 960 55 32 Då
250 960 65 32 vad
330 961 11 31 i
358 961 110 42 övrigt
484 961 109 32 under
609 961 221 32 förevarande
847 962 110 40 punkt
972 961 194 42 föreslagits
1183 961 29 41 ej
1230 961 107 32 heller
1353 961 85 42 givit
1453 961 169 32 utskottet

121 1010 186 42 anledning
329 1011 53 32 till
406 1011 145 40 erinran,
575 1012 48 31 får
648 1012 170 32 utskottet
841 1012 101 32 alltså
964 1011 189 39 hemställa,

443 1090 50 30 att
516 1089 181 41 riksdagen
722 1091 55 29 må

441 1147 30 42 a)
493 1147 145 39 besluta,
663 1150 50 29 att
735 1148 58 31 vid
826 1148 246 41 länsstyrelsen
1099 1148 11 31 i
1137 1147 166 42 Blekinge
1336 1148 56 31 län
1427 1147 87 32 skall
1547 1147 73 32 från

389 1198 63 32 och
486 1198 79 32 med
599 1198 66 32 den
675 1194 23 51 1
729 1199 65 41 juli
818 1199 82 31 1929
922 1199 143 32 inrättas
1094 1210 41 20 en
1163 1198 193 42 befattning
1390 1199 114 31 såsom
1534 1198 86 32 läns-

387 1249 201 32 bokhållare
611 1261 41 20 av
676 1250 49 31 1:a
748 1249 107 39 klass;

440 1299 34 42 b)
496 1300 182 41 godkänna
700 1300 42 31 de
765 1311 40 20 av
821 1299 377 42 departementschefen
1214 1299 12 31 i
1242 1299 379 42 statsrådsprotokollet

389 1352 80 31 över
496 1350 258 32 socialärenden
779 1350 66 32 den
868 1352 21 29 4
909 1350 132 41 januari
1067 1351 80 31 1929
1170 1350 181 32 förordade
1373 1350 172 42 förslagen
1568 1350 53 31 till

388 1401 172 32 ordinarie
584 1401 250 42 avlöningsstat
857 1403 89 30 samt
968 1401 52 31 till
1044 1402 259 40 övergångsstat
1324 1401 52 31 för
1398 1400 222 42 befattnings-

388 1452 124 32 havare
527 1452 58 32 vid
607 1452 296 42 länsstyrelserna,
928 1453 50 30 att
999 1451 173 42 tillämpas
1195 1451 74 31 från
1293 1451 63 32 och
1379 1450 79 33 med
1480 1450 141 42 budget-

388 1505 72 30 året
485 1504 192 38 1929/1930;
710 1505 88 30 samt

441 1554 27 42 c)
495 1554 160 32 nedsätta
689 1554 58 32 det
784 1553 170 33 ordinarie
990 1553 302 41 förslagsanslaget
1324 1552 53 32 till
1412 1552 207 41 befattnings-

387 1605 118 32 havare
519 1606 56 31 vid
591 1605 274 41 länsstyrelserna,
884 1616 46 20 nu
946 1604 168 39 4,057,900
1128 1604 135 38 kronor,
1277 1603 77 32 med
1369 1604 113 37 11,300
1493 1603 127 32 kronor

387 1656 53 31 till
462 1656 170 38 4,046,600
653 1656 135 31 kronor.

170 1766 85 42 82:0)
287 1766 126 42 Kungl.
431 1767 98 41 Maj:t
550 1766 62 31 har
635 1766 177 41 föreslagit
827 1765 182 41 riksdagen
1025 1765 120 42 (punkt
1161 1764 51 42 83)
1229 1767 57 36 att,
1304 1764 77 32 med
1398 1763 219 33 uteslutande

118 1829 40 19 ur
180 1817 185 32 riksstaten
389 1828 40 20 av
452 1817 59 31 det
526 1817 110 31 under
651 1816 226 41 avdelningen
894 1815 411 32 överståthållarämbetet
1321 1814 64 32 och
1401 1815 215 31 landsstaten

118 1868 171 42 uppförda
315 1867 171 32 ordinarie
513 1867 155 42 anslaget
694 1867 53 31 till
770 1866 431 42 fögderiförvaltningarna,
1225 1865 109 32 under
1357 1876 130 21 samma
1509 1865 108 32 avdel-

117 1919 84 41 ning
222 1919 78 31 med
324 1918 205 32 oförändrad
552 1918 117 32 rubrik
691 1917 148 42 uppföra
861 1919 49 30 ett
927 1916 169 33 ordinarie
1112 1916 266 42 förslagsanslag
1394 1927 40 21 av
1450 1916 167 38 2,375,000

117 1969 135 32 kronor.

170 2020 239 42 Utredningen
432 2020 11 32 i
467 2022 115 30 ämnet
604 2020 185 31 återfinnes
813 2021 19 29 å
855 2019 62 31 sid.
941 2019 167 31 368—370
1130 2018 11 31 i
1165 2017 388 42 statsrådsprotokollet.

169 2124 18 31 I
209 2124 187 32 riksstaten
430 2123 53 31 för
515 2122 230 32 innevarande
778 2121 168 41 budgetår
974 2122 36 30 är
1036 2122 168 40 upptaget
1232 2121 49 30 ett
1303 2120 172 31 ordinarie
1499 2120 118 41 anslag

117 2175 53 32 till
192 2175 128 41 belopp
343 2185 40 20 av
406 2173 168 39 2,375,000
596 2173 126 31 kronor
745 2172 53 31 till
818 2171 430 42 fögderiförvaltningarna.
1283 2170 88 32 Från
1388 2170 95 32 detta
1498 2170 119 42 anslag

117 2225 171 33 bestrides
311 2224 205 42 avlöningen
540 2224 52 31 till
615 2222 230 41 landsfogdar,
869 2222 237 32 landsfiskaler
1129 2221 64 32 och
1216 2221 287 32 häradsskrivare,

168 2276 127 42 Kungl.
312 2275 117 42 Maj:ts
452 2286 47 20 nu
522 2274 188 42 framlagda
732 2274 129 40 förslag
883 2273 151 38 innebär,
1058 2274 50 30 att
1130 2272 12 31 i
1165 2272 152 42 enlighet
1339 2272 78 32 med
1433 2272 65 31 vad
1519 2274 96 30 stats-

115 2328 161 32 kontoret
297 2326 185 39 hemställt,
507 2326 154 41 anslaget
681 2325 112 32 skulle
808 2325 73 31 från
899 2324 64 32 och
978 2323 78 33 med
1071 2323 205 42 budgetåret
1293 2323 179 41 1929/1930
1488 2323 128 32 erhålla

115 2378 285 42 förslagsanslags
423 2377 166 32 karaktär.

167 2429 67 32 Till
272 2429 78 32 stöd
384 2429 52 31 för
469 2428 112 32 denna
619 2427 204 32 hemställan
861 2426 62 32 har
959 2426 249 32 statskontoret
1245 2425 111 32 anfört
1389 2425 12 31 i
1434 2424 180 33 huvudsak

114 2479 159 43 följande.

166 2542 114 36 Bihang
304 2542 43 27 till
369 2539 169 38 riksdagens
557 2540 144 37 protokoll
723 2537 89 31 1929.
849 2536 21 30 6
892 2539 80 27 saml.
1007 2536 20 29 5
1048 2538 71 37 häft.
1156 2538 63 33 (Nr
1239 2535 44 36 3)
1430 2546 40 18 674
1483 2546 26 18 29
1553 2539 18 27 8

1676 716 136 23 Utskottets

1684 750 121 31 yttrande,

1679 1770 123 31 Fögderi-

1687 1804 108 30 förvalt-

1670 1839 141 31 ningarna.

1692 1881 94 47 [83.]
