1904 2820
614 168 230 26 Statsutskottets
868 169 146 27 utlåtande
1037 170 47 26 Nr
1107 172 27 25 5.
1602 172 33 29 81

145 228 135 31 Hälften
318 229 110 36 därav,
467 231 122 30 kronor
623 233 143 36 366,256:
786 235 48 33 50,
871 236 175 37 överstege
1082 247 154 19 summan
1273 247 37 19 av
1345 237 89 30 förut
1471 237 169 41 beviljade

138 279 209 40 statsbidrag
374 280 62 30 och
462 281 55 30 det
556 293 41 18 nu
628 282 143 39 begärda
809 284 253 40 statsbidraget,
1088 285 104 31 vilket
1221 298 118 18 senare
1364 287 118 39 bidrag
1506 288 134 30 således

140 340 37 18 ur
200 330 103 29 denna
329 331 174 39 synpunkt
528 332 109 30 skulle
664 333 112 30 kunna
800 334 7 30 i
834 335 50 29 sin
915 335 112 30 helhet
1051 338 89 36 utgå.

195 379 66 30 Vad
300 379 152 31 däremot
489 381 184 31 beträffade
708 384 176 40 principen
915 397 52 18 om
1000 385 175 39 bidragets
1209 387 231 40 begränsning
1462 388 49 30 till
1540 389 100 39 högst

137 430 93 34 2,000
266 429 123 30 kronor
425 442 58 28 per
519 432 181 40 vårdplats,
737 436 107 28 mäste
879 447 39 17 en
956 436 181 30 reduktion
1175 437 5 29 i
1218 437 57 30 det
1310 437 146 40 begiärda
1490 439 149 39 bidrags-

139 478 161 41 beloppet
332 480 67 30 ske.
451 481 6 29 I
488 483 87 36 fråga
602 494 53 18 om
681 484 190 30 anstaltens
902 485 183 39 platsantal
1110 486 87 30 hade
1223 487 351 41 medicinalstyrelsen
1601 508 39 2 —

137 529 85 29 efter
245 529 53 30 det
326 531 186 39 styrelsens
537 532 76 29 chef
636 532 63 30 och
725 533 79 30 dess
829 535 245 38 föredragande
1098 536 7 29 i
1133 536 350 32 tuberkulosärenden
1508 539 65 30 den
1600 540 39 29 23

136 578 144 31 oktober
309 581 75 28 1928
408 580 121 31 besökt
546 582 168 30 anstalten
734 583 62 30 och
815 583 118 31 därvid
950 585 85 39 tagit
1051 585 216 31 densammas
1285 587 355 42 beläiggningsmöjlig-

136 628 97 30 heter
258 629 6 29 i
290 629 222 32 betraktande
542 650 32 2 —
600 632 113 31 funnit
742 633 52 39 sig
822 634 79 30 böra
930 635 164 30 fastställa
1121 636 91 30 detta
1239 637 88 30 antal
1354 637 49 30 till
1434 638 56 30 136
1513 638 125 31 helårs-

137 679 128 39 platser
293 680 62 30 och
385 681 39 30 29
453 681 128 40 platser
615 684 115 39 öppna
763 684 121 30 endast
921 685 107 30 under
1052 686 71 40 fyra
1148 688 318 31 sommarmånader.
1513 688 126 31 Direst

136 729 101 31 dessa
272 730 84 31 sista
390 731 128 41 platser
552 733 216 31 evalverades
797 734 48 31 till
877 736 35 29 10
935 735 254 42 helårsplatser,
1215 737 108 31 skulle
1348 738 189 31 anstaltens
1561 739 75 31 hela

135 780 235 41 platstillgång
394 781 110 31 kunna
530 783 122 30 fixeras
677 784 49 30 till
750 786 56 29 146
823 785 137 40 platser.
997 786 225 32 Platsantalet
1243 789 55 29 146
1316 788 117 38 tilläte,
1449 789 83 31 efter
1545 790 94 37 2,000

135 830 126 31 kronor
284 842 60 29 per
366 832 100 40 plats,
491 835 48 28 ett
562 833 269 43 bidragsbelopp
855 847 39 19 av
918 837 135 35 292,000
1076 837 135 31 kronor.
1245 838 219 32 Avräknades
1489 840 147 31 därifrån

135 879 230 40 förenämnda,
390 882 90 30 förut
514 883 153 31 erhållna
702 884 208 42 statsbidrag
934 897 53 19 om
1016 887 145 41 tillhopa
1186 887 124 41 (19,938
1328 894 29 29 +
1376 890 124 40 48,075)
1524 891 115 37 68,013

135 930 134 36 kronor,
295 933 172 30 återstode
491 935 48 28 ett
562 933 128 42 belopp
714 945 39 20 av
777 936 134 36 223,987
936 936 126 32 kronor
1082 939 114 29 såsom
1214 938 57 31 det
1287 939 130 41 högsta,
1432 940 104 31 vilket
1553 941 86 31 efter

136 981 64 31 sist
223 982 142 31 anförda
387 983 134 41 princip
546 984 109 31 skulle
679 985 115 31 kunna
817 986 152 41 beviljas.

189 1031 112 32 Sedan
319 1033 377 41 departementschefen
713 1036 162 31 förklarat
892 1037 52 41 sig
959 1038 181 42 tillstyrka,
1158 1041 50 29 att
1225 1040 208 42 statsbidrag
1448 1041 189 42 beviljades

134 1082 52 31 för
219 1083 281 40 genomförandet
534 1096 39 19 av
596 1085 320 42 huvudsjukhusets
951 1089 216 41 ombyggnad
1195 1089 10 31 i
1233 1090 228 42 huvudsaklig
1484 1094 154 30 överens-

135 1134 196 31 stämmelse
355 1134 77 31 med
456 1134 57 32 det
535 1136 234 41 föreliggande
792 1138 163 42 förslaget
979 1142 88 28 samt
1090 1140 53 31 för
1165 1142 232 39 uppsättande
1418 1154 39 19 av
1474 1143 162 41 stängsel,

134 1183 61 31 har
219 1184 375 41 departementschefen
618 1187 113 31 anfört
754 1188 162 41 följande:

190 1234 237 33 »Beträffande
462 1237 171 31 storleken
668 1249 40 20 av
732 1239 246 42 statsbidraget
1011 1241 89 31 lärer
1134 1252 77 20 man
1235 1242 11 31 i
1270 1243 198 42 anslutning
1495 1245 53 30 till
1571 1245 66 31 vad

136 1285 80 31 1928
250 1287 55 29 års
338 1286 139 41 riksdag
509 1288 123 30 uttalat
661 1288 4 31 i
689 1290 114 30 ämnet
836 1289 84 32 böra
946 1309 41 3 —
1015 1293 113 29 såsom
1164 1292 351 43 medicinalstyrelsen
1551 1296 84 30 även

133 1335 166 42 tillstyrkt
326 1355 39 3 —
388 1337 74 30 från
488 1337 11 31 i
527 1338 186 31 allmänhet
747 1339 199 42 tillämpade
979 1341 358 42 beräkningsgrunder
1370 1346 82 39 göra
1484 1344 66 32 den
1585 1356 50 20 av-

132 1385 162 39 vikelsen,
319 1389 49 28 att
392 1387 245 42 statsbidraget
660 1390 118 30 ställes
801 1390 12 31 i
835 1391 145 31 relation
1005 1392 52 30 till
1078 1393 190 31 anstaltens
1287 1394 97 31 totala
1400 1395 236 42 anläggnings-

132 1435 187 33 kostnader
345 1439 82 29 utan
450 1438 232 43 begränsning
704 1440 52 31 till
780 1440 129 32 hälften
933 1453 40 20 av
997 1442 66 31 den
1086 1443 193 32 beräknade
1303 1445 190 31 kostnaden
1517 1446 53 31 för
1593 1446 42 32 de

132 1498 47 19 nu
201 1486 197 42 ifrågasatta
421 1488 170 33 arbetena.
626 1490 165 32 Däremot
813 1492 110 31 finner
944 1493 64 41 jag,
1031 1493 125 41 jämväl
1172 1494 11 31 i
1200 1496 340 32 överensstimmelse
1557 1497 79 31 med

132 1537 65 31 vad
220 1538 353 43 medicinalstyrelsen
597 1541 171 38 förutsatt,
793 1542 66 31 den
884 1543 132 41 vanliga
1039 1544 274 42 begränsningen
1338 1557 39 20 av
1394 1546 57 32 det
1471 1558 164 21 samman-

131 1588 101 41 lagda
254 1589 305 43 bidragsbeloppet
582 1591 53 31 till
658 1592 102 41 högst
776 1593 93 37 2,000
885 1593 127 32 kronor
1027 1606 61 30 per
1103 1596 174 41 vårdplats
1294 1608 46 19 nu
1356 1597 84 31 böra
1455 1598 178 41 iakttagas,

132 1639 94 31 detta
250 1641 36 29 så
309 1641 134 40 mycket
466 1641 106 32 hellre
596 1653 73 20 som
694 1662 39 2 —
756 1646 43 38 på
824 1646 67 29 sätt
912 1645 56 41 jag
990 1645 92 31 förut
1105 1648 112 39 antytt
1248 1635 21 56 —
1289 1647 91 32 vissa
1401 1650 126 30 smärre
1544 1649 91 31 kom-

132 1689 346 42 pletteringsarbeten
513 1694 120 29 utöver
660 1704 46 20 nu
733 1694 193 41 föreslagna
949 1696 243 42 omändringar
1214 1697 168 32 måhända
1405 1699 114 31 kunna
1542 1700 93 31 bliva

131 1739 182 42 behövliga
347 1741 64 31 och
446 1742 208 42 statsbidrag
688 1745 186 31 eventuellt
896 1745 65 31 kan
986 1757 101 21 anses
1111 1747 84 31 böra
1218 1750 81 39 utgå
1322 1751 83 29 även
1429 1749 52 31 till
1505 1750 129 31 sådana

131 1790 149 32 arbeten.
326 1791 18 31 I
372 1792 93 41 fråga
492 1803 53 20 om
570 1793 58 31 det
654 1794 137 41 belopp,
817 1806 73 20 som
914 1796 78 31 med
1016 1797 102 31 dessa
1140 1799 297 41 utgångspunkter
1459 1800 62 31 bör
1544 1801 90 31 med-

131 1840 103 41 givas,
263 1843 36 29 är
325 1843 50 30 att
408 1843 123 38 märka,
560 1845 49 29 att
632 1844 354 42 medicinalstyrelsen
1010 1847 11 30 i
1045 1847 61 31 sitt
1129 1850 36 29 år
1190 1849 79 31 1928
1292 1849 142 41 avgivna
1457 1851 176 31 utlåtande

131 1891 10 30 i
165 1893 115 29 ämnet
303 1894 113 29 ansett
440 1893 51 41 sig
514 1893 73 32 icke
610 1894 116 31 kunna
741 1895 150 32 beräkna
907 1897 129 31 antalet
1051 1898 353 43 bidragsberättigade
1420 1901 213 42 vårdplatser

131 1941 104 41 högre
263 1944 42 29 än
333 1943 53 30 till
411 1944 67 37 146,
503 1944 122 31 medan
655 1946 167 40 styrelsen
849 1947 204 42 föregående
1078 1951 36 28 år
1138 1950 199 40 uppskattat
1360 1951 147 32 nämnda
1530 1952 103 41 plats-

130 1993 93 30 antal
255 1993 52 31 till
332 1994 67 31 152.
445 1994 220 32 Härutinnan
692 1996 98 31 torde
813 1997 84 31 böra
920 2001 209 36 omnämnas,
1155 2002 49 29 att
1230 2012 121 29 genom
1376 2001 90 32 vissa
1493 2003 139 41 nyligen

130 2043 206 32 verkställda
369 2045 233 40 provisoriska
636 2046 183 42 ändringar
846 2059 40 20 av
909 2048 486 43 beläggningsförhållandena
1429 2064 40 20 en
1505 2054 128 41 ökning

131 2094 90 31 skett
244 2105 40 20 av
306 2095 128 31 antalet
457 2095 253 42 helårsplatser,
735 2098 122 31 medan
882 2100 18 29 å
923 2099 106 31 andra
1053 2100 98 31 sidan
1175 2112 42 20 en
1240 2102 168 41 väsentlig
1430 2103 203 42 reducering

130 2155 39 20 av
193 2145 341 41 sommarplatsernas
557 2147 92 31 antal
673 2149 56 39 ägt
751 2159 84 21 rum.
867 2149 112 32 Dessa
1002 2151 256 42 omläggningar
1273 2152 85 31 hava
1376 2156 256 40 sammantagna

130 2195 147 32 medfört
299 2207 42 20 en
365 2196 197 42 minskning
585 2208 40 20 av
648 2198 222 41 platsantalet
892 2200 53 30 till
964 2201 67 38 146,
1049 2201 11 30 i
1077 2201 114 32 vilken
1209 2202 92 31 siffra
1316 2203 316 43 isoleringsplatser

130 2246 29 40 ej
185 2248 57 30 äro
266 2246 194 32 inräknade.
506 2248 18 31 TI
548 2248 214 32 sistnämnda
796 2250 92 31 antal
921 2250 153 33 kommer
1097 2254 111 40 någon
1233 2253 144 42 ändring
1399 2254 73 32 icke
1496 2257 49 29 att
1569 2257 62 40 äga

128 2308 74 20 rum
226 2308 121 30 genom
372 2298 406 41 ombyggnadsarbetena.
825 2301 81 31 Med
929 2301 134 43 hänsyn
1084 2303 53 30 till
1153 2303 64 31 vad
1233 2315 46 19 nu
1295 2305 130 31 anförts
1442 2305 189 42 tillstyrker

127 2347 56 41 jag
216 2350 50 29 ett
298 2348 278 43 bidragsbelopp,
601 2351 239 31 motsvarande
874 2352 103 41 högst
1010 2353 94 38 2,000
1137 2353 126 32 kronor
1285 2355 52 31 för
1360 2367 41 19 en
1425 2367 57 20 var
1505 2368 40 20 av
1571 2359 59 29 146

129 2398 137 41 platser,
291 2399 64 31 och
379 2399 108 39 alltså,
512 2400 86 31 efter
620 2401 126 42 avdrag
769 2413 39 20 av
831 2402 53 31 till
907 2404 171 31 anstalten
1102 2405 105 30 redan
1223 2405 168 42 beviljade
1409 2407 219 42 statsbidrag,

128 2449 188 41 utgörande
341 2450 57 31 det
421 2461 39 20 av
483 2451 353 42 medicinalstyrelsen
860 2453 181 32 förordade
1064 2454 165 42 beloppet
1251 2456 133 38 223,987
1408 2457 154 32 kronor.»

170 2510 113 37 Bihang
301 2511 43 28 till
359 2511 167 37 riksdagens
538 2513 145 36 protokoll
699 2511 90 31 1929.
825 2512 21 29 6
861 2515 80 27 saml.
977 2513 19 29 5
1011 2515 71 37 häft.
1117 2517 64 36 (Nr
1196 2515 46 37 5.)
1444 2527 39 19 674
1496 2528 26 18 29
1568 2522 17 26 6
