2182 2622
706 197 254 32 Statsutskottets
990 197 169 33 Utlåtande
1183 197 61 32 N:o
1268 200 50 30 41.
1745 198 11 29 1

928 724 78 40 N:o
1035 725 55 39 41,

828 883 81 31 Ank.
934 882 44 31 till
1002 883 102 31 Riksd.
1129 882 98 31 kansli
1250 882 56 30 den
1333 883 39 29 19
1396 892 76 20 mars
1499 882 90 35 1901,
1612 881 41 30 kl.
1678 883 19 28 4
1721 892 23 19 e.
1768 892 37 18 m.

473 1031 205 47 Utlåtande,
710 1032 13 34 i
758 1031 193 45 anledning
988 1029 49 45 af
1055 1030 131 45 Kongl.
1218 1030 129 43 Maj:ts
1370 1030 226 45 proposition
1624 1028 183 46 angående

613 1101 118 45 utbyte
759 1099 47 45 af
824 1101 89 43 jord
939 1099 131 37 mellan
1098 1100 137 35 kronan
1263 1099 61 36 och
1352 1098 228 36 Karlskrona
1608 1098 94 35 stad.

1522 1200 41 50 (L
1591 1200 60 49 A.)

343 1315 131 38 Under
514 1315 239 50 åberopande
782 1315 41 37 af
847 1314 150 50 bilagdt
1023 1313 139 48 utdrag
1192 1312 40 38 af
1256 1311 416 50 statsrådsprotokollet
1702 1312 106 36 öfver

209 1367 603 50 justitiedepartementsärendern
851 1367 61 37 för
952 1367 75 37 den
1064 1368 19 34 1
1110 1364 167 38 februari
1308 1366 95 35 1901
1433 1363 68 37 har
1529 1363 139 49 Kongl.
1699 1363 109 50 Maj:t

212 1420 56 36 uti
305 1433 47 23 en
374 1419 57 37 till
458 1419 219 49 Riksdagen
706 1432 148 24 samma
877 1419 77 48 dag
982 1418 135 37 aflåten
1145 1416 241 51 proposition
1415 1415 76 50 (n:o
1519 1415 63 48 41)
1609 1415 199 49 föreslagit

211 1472 222 49 Riksdagen
462 1477 54 31 att
544 1471 211 49 medgifva:
787 1476 55 32 att
870 1469 390 39 öfverenskommelse
1284 1468 139 38 mellan
1447 1467 140 50 Kongl.
1608 1467 110 50 Maj:t
1738 1468 70 37 och

212 1524 160 48 kronan,
415 1526 20 34 å
477 1536 85 36 ena,
603 1528 100 32 samt
742 1523 234 37 Karlskrona
1005 1522 95 48 stad,
1128 1524 21 34 å
1177 1521 117 37 andra
1321 1520 121 47 sidan,
1471 1520 101 48 finge
1601 1520 133 36 träffas
1759 1523 49 46 på

213 1576 141 37 sådana
393 1575 139 49 vilkor,
573 1581 59 31 att
664 1575 147 37 kronan
846 1575 59 37 till
934 1574 133 38 staden
1096 1573 149 37 afstode
1272 1573 60 36 sin
1358 1577 77 32 rätt
1461 1572 56 36 till
1545 1571 71 37 den
1645 1574 21 34 å
1695 1585 48 24 en
1771 1572 41 36 af

213 1627 330 49 stadsingeniören
570 1627 65 49 Hj.
662 1627 217 37 Thedenius
907 1627 76 36 den
1010 1628 47 35 29
1077 1625 151 50 januari
1251 1626 97 35 1898
1367 1623 204 50 upprättad
1590 1624 111 37 karta
1720 1624 86 36 med

212 1679 63 37 blå
315 1680 87 48 färg
442 1679 157 49 angifna
641 1679 121 48 mark,
790 1681 133 45 243,21
957 1678 293 48 qvadratmeter,
1280 1681 78 31 mot
1386 1676 66 36 det
1480 1681 53 32 att
1562 1676 135 36 staden
1725 1675 80 37 dels

210 1731 60 37 till
311 1731 147 36 kronan
500 1730 151 37 afstode
691 1730 58 37 sin
789 1735 76 31 rätt
898 1729 60 37 till
986 1729 64 37 det
1087 1732 10 33 å
1125 1741 48 24 en
1203 1741 123 24 annan
1355 1728 42 36 af
1422 1727 211 37 Thedenius
1662 1740 146 23 samma

213 1783 76 48 dag
315 1782 207 50 upprättad
550 1782 109 37 karta
685 1782 86 36 med
791 1781 67 49 gul
877 1782 86 47 färg
983 1780 235 38 betecknade
1239 1779 167 48 område,
1432 1780 171 46 1,001,93
1627 1779 179 47 qvadrat-

212 1839 132 43 meter,
389 1834 81 37 dels
512 1835 71 36 ock
622 1833 188 38 förbunde
852 1833 60 49 sig
953 1838 55 32 att
1040 1832 159 37 bekosta
1228 1832 33 48 ej
1293 1830 146 38 mindre
1468 1830 273 49 borttagandet
1770 1831 42 36 af

211 1886 227 38 nordvestra
463 1886 138 37 hörnet
628 1887 41 36 af
693 1899 48 24 en
770 1885 245 49 uthuslänga,
1045 1898 81 23 som
1155 1884 41 36 af
1218 1896 77 37 nya
1322 1882 236 50 gränslinien
1580 1882 153 37 komme
1754 1887 54 32 att

212 1938 143 48 skäras,
385 1939 71 36 och
483 1937 166 37 nämnda
676 1937 138 49 längas
841 1936 265 38 återställande
1135 1935 13 37 i
1176 1935 178 48 behörigt
1381 1934 107 37 skick
1509 1939 45 32 än
1578 1934 112 37 äfven
1711 1948 95 35 upp-

211 1991 158 36 förande
399 1990 41 37 af
464 1989 118 50 plank
609 1989 13 36 i
650 1988 290 50 gränslinierna.

341 2042 66 37 Uti
422 2041 160 37 berörda
597 2039 377 50 statsrådsprotokoll
989 2039 205 47 meddelas,
1206 2038 181 37 hurusom
1407 2036 399 49 fångvårdsstyrelsen

212 2093 12 35 i
265 2092 200 37 skrifvelse
506 2093 73 36 den
617 2094 20 34 6
667 2092 77 48 maj
774 2093 97 35 1898
901 2090 188 49 andragit,
1117 2095 68 42 att,
1215 2089 117 37 sedan
1360 2088 141 48 Kongl.
1534 2088 110 48 Maj:t
1668 2088 13 35 i
1709 2101 95 36 upp-

211 2145 179 36 kommen
418 2144 92 36 tvist
539 2143 139 38 mellan
707 2141 392 50 fångvårdsstyrelsen
1128 2142 71 36 och
1227 2139 235 38 Karlskrona
1489 2139 84 36 stad
1606 2140 199 47 angående

212 2195 59 37 till
311 2195 274 49 länsfängelset
612 2194 12 36 i
651 2194 233 37 Karlskrona
912 2193 179 47 hörande,
1120 2206 139 36 genom
1287 2190 207 49 utfyllning
1523 2190 12 36 i
1563 2191 85 48 sjön
1676 2190 129 37 bildad

213 2248 120 46 mark,
362 2261 79 23 som
471 2247 42 37 af
538 2246 133 37 staden
697 2246 117 48 tagits
842 2246 12 36 i
882 2245 165 49 anspråk
1074 2245 60 37 för
1154 2243 240 50 anläggande
1414 2243 42 36 af
1470 2255 48 24 en
1539 2242 266 49 kajbyggnad,

300 2306 70 32 Bih.
396 2306 49 33 till
467 2306 110 32 Riksd.
603 2305 85 32 Prot.
718 2306 90 32 1901.
854 2308 20 29 4
898 2304 98 32 Saml.
1022 2308 16 28 1
1065 2303 76 40 Afd.
1164 2307 43 30 25
1236 2303 88 38 Töft.
1370 2304 74 39 (N:o
1469 2304 152 38 41—46.)
1748 2302 12 29 1
