2190 2620
461 199 20 31 4
879 200 261 32 Statsutskottets
1173 202 174 32 Utlåtande
1373 203 67 31 N:o
1469 205 53 29 37.

409 279 168 36 anskaffa
617 280 221 48 ytterligare
879 282 139 45 40,000
1059 281 152 37 kronor.
1265 283 55 35 Af
1357 283 101 36 detta
1489 284 136 48 belopp
1653 284 95 37 hade
1775 285 224 37 kommittén

408 331 102 49 hopp
552 344 59 23 om
648 336 54 31 att
729 332 128 35 kunna
885 333 138 35 erhålla
1051 335 139 45 23,000
1218 334 139 36 kronor
1385 348 138 35 genom
1551 336 188 36 anlitande
1766 336 43 36 af
1831 337 168 36 enskilda

408 383 248 36 intresserade
696 397 200 35 personers
938 384 278 49 offervillighet,
1245 386 69 36 och
1341 387 146 48 vågade
1515 387 222 36 kommittén
1763 388 234 48 ifrågasätta,

408 439 55 31 att
489 434 226 47 återstoden,
747 437 137 45 15,000
913 436 151 47 kronor,
1092 437 103 48 finge
1222 440 90 46 utgå
1340 438 43 35 af
1406 439 224 36 statsmedel.

511 486 55 36 De
595 486 92 47 skäl,
724 487 225 36 kommittén
976 488 126 36 anfört
1131 489 58 35 för
1218 488 175 49 Sveriges
1423 490 222 48 deltagande
1672 491 12 35 i
1712 490 287 49 ifrågavarande

407 538 237 47 utställning,
674 543 126 43 syntes
830 539 225 36 kommittén
1083 540 111 36 äfven
1222 541 74 36 tala
1324 543 58 34 för
1410 547 55 30 att
1492 547 123 31 staten
1644 542 118 36 skulle
1789 544 127 35 lämna
1934 543 65 36 sitt

407 588 136 49 bidrag
591 589 56 36 till
695 590 284 48 utställningen.
1048 590 130 37 Såsom
1232 593 178 35 särskildt
1452 598 111 43 tungt
1602 594 174 48 vägande
1817 594 82 36 skäl
1941 595 57 35 för

408 640 232 49 statsbidrag
667 642 85 36 ville
779 641 223 37 kommittén
1029 643 12 35 i
1060 643 301 49 underdånighet
1380 645 142 46 anföra,
1542 650 54 31 att
1614 646 274 48 utställningen
1906 651 92 30 utan

408 692 130 36 tvifvel
564 692 148 37 komme
739 698 55 31 att
822 694 82 36 icke
933 695 229 48 oväsentligt
1191 695 133 49 främja
1352 709 229 24 sommarens
1610 697 70 36 och
1706 697 62 35 väl
1796 698 112 35 äfven
1927 697 71 36 den

409 744 163 48 följande
599 744 167 37 vinterns
795 745 216 36 turistresor
1030 746 56 36 till
1106 745 157 50 Sverige
1283 748 69 35 och
1372 748 220 48 därigenom
1611 748 71 36 öka
1700 749 298 48 persontrafiken

381 812 3 2 '
408 798 46 45 på
482 795 44 37 de
554 796 160 36 svenska
742 797 273 47 statsbanorna,
1045 803 97 31 samt
1169 803 55 31 att
1251 812 46 23 en
1324 800 226 48 utställning
1577 800 42 35 af
1641 800 140 36 alstren
1799 801 43 35 af
1860 800 138 36 svensk

181 1679 206 30 Departements-

234 1714 106 22 chefens

224 1749 128 28 yttrande.

407 847 161 36 industri
609 850 46 46 på
690 848 306 37 idrottsområdet
1031 849 82 36 icke
1149 850 124 36 kunde
1304 851 129 48 undgå
1461 856 55 31 att
1542 852 117 35 blifva
1686 852 111 36 äfven
1824 852 43 35 af
1889 857 109 43 nytta

409 898 56 36 för
493 899 261 37 utvecklandet
781 900 43 35 af
848 899 176 49 Sveriges
1052 901 405 38 handelsförbindelser
1484 903 84 36 med
1596 903 204 48 Tyskland.

509 1000 115 38 Öfver
652 1001 121 37 denna
801 1002 281 49 framställning
1109 1004 69 35 har
1201 1004 383 49 järnvägsstyrelsen,
1612 1005 56 36 till
1696 1005 93 48 följd
1817 1006 42 35 af
1882 1005 116 49 nådig

406 1053 142 46 remiss,
590 1053 152 49 afgifvit
773 1054 192 37 utlåtande
993 1055 69 36 och
1090 1055 132 36 därvid
1250 1056 133 35 uttalat
1411 1057 61 47 sig
1500 1057 57 35 för
1585 1056 103 36 bifall
1715 1057 57 35 till
1798 1057 199 36 ansöknin-

406 1117 75 35 gen
517 1105 118 36 under
668 1105 280 48 framhållande,
978 1106 61 36 det
1080 1107 124 36 lusten
1232 1112 53 31 att
1313 1107 172 49 företaga
1511 1108 215 36 turistresor
1754 1108 57 36 till
1840 1107 157 50 Sverige

407 1156 280 49 otvifvelaktigt
728 1157 117 36 skulle
886 1158 136 36 väckas
1063 1158 69 36 hos
1174 1171 46 23 en
1260 1159 212 48 betydande
1513 1159 59 36 del
1612 1160 41 35 af
1690 1159 62 37 det
1784 1160 213 49 säkerligen

406 1208 148 48 mycket
587 1213 103 31 stora
718 1209 101 35 antal
859 1223 190 35 personer,
1080 1222 81 23 som
1188 1210 148 36 komme
1365 1215 54 31 att
1447 1211 138 36 besöka
1625 1211 286 49 ifrågavarande
1939 1217 57 31 ut-

407 1260 190 47 ställning,
639 1260 142 36 hvilket
820 1261 63 35 väl
922 1261 102 48 finge
1065 1266 158 43 antagas
1251 1262 105 36 skola
1383 1262 139 36 tillföra
1550 1268 140 31 statens
1714 1263 209 49 järnvägar
1951 1277 46 23 en

406 1311 80 36 icke
506 1312 227 48 oväsentligt
760 1312 97 36 ökad
885 1313 260 48 persontrafik.

509 1414 217 37 Sedermera
765 1415 69 36 har
872 1415 142 49 jämväl
1054 1416 395 49 kommerskollegium
1476 1417 55 35 uti
1559 1417 158 48 afgifvet
1744 1417 252 49 underdånigt

405 1466 190 37 utlåtande
636 1469 46 46 på
722 1467 42 35 af
800 1467 288 37 kommitterade
1129 1468 157 36 anförda
1328 1468 81 36 skäl
1437 1468 182 49 tillstyrkt
1645 1469 104 36 bifall
1777 1469 57 35 till
1861 1469 134 36 ansök-

405 1518 153 48 ningen,
587 1518 177 36 särskildt
792 1531 82 23 som
908 1519 223 48 deltagande
1160 1519 82 36 från
1270 1519 177 49 Sveriges
1475 1520 80 36 sida
1582 1525 127 43 syntes
1736 1534 90 22 vara
1853 1521 43 35 af
1918 1521 77 36 viss

404 1569 191 49 betydelse
624 1570 110 36 äfven
761 1584 45 21 ur
835 1571 241 48 synpunkten
1103 1571 43 35 af
1169 1571 227 37 industriens
1425 1572 193 36 intressen.

507 1672 82 36 Den
629 1672 237 49 utställning,
908 1673 155 36 hvarom
1104 1687 50 22 nu
1196 1678 41 31 är
1276 1673 119 49 fråga,
1432 1674 180 47 kommer,
1640 1679 54 31 att
1722 1674 109 37 döma
1858 1675 43 35 af
1924 1675 72 37 den

406 1723 341 49 uppmärksamhet,
777 1737 82 22 som
889 1725 115 35 andra
1030 1725 130 36 länder
1188 1730 114 43 ägnat
1343 1725 226 47 densamma,
1597 1726 78 36 helt
1696 1726 95 37 visst
1811 1731 53 31 att
1882 1726 113 37 vinna

405 1787 45 23 en
492 1775 186 50 storartad
719 1776 238 49 tillslutning.
1013 1775 48 37 Så
1101 1777 80 46 har,
1223 1777 118 48 enligt
1382 1777 99 36 hvad
1514 1778 12 35 i
1556 1777 439 49 utrikesdepartementet

404 1826 184 48 upplysts,
632 1826 190 37 Österrike
864 1828 115 36 redan
1005 1828 118 36 under
1151 1831 40 32 år
1222 1830 94 34 1906
1346 1828 171 49 betingat
1545 1829 61 48 sig
1631 1830 98 48 plats
1758 1830 57 35 för
1843 1843 46 22 en
1918 1835 77 31 sär-

405 1877 96 36 skild
529 1879 205 48 afdelning,
764 1879 69 36 och
862 1879 83 36 från
972 1879 206 37 Frankrike
1207 1880 67 36 och
1293 1880 131 49 Norge
1448 1881 112 35 hafva
1582 1873 191 62 inkommit
1795 1881 199 36 framställ-

404 1929 136 48 ningar
582 1943 60 23 om
684 1930 211 37 beredande
936 1932 41 35 af
1008 1931 141 48 platser
1182 1931 58 37 för
1271 1932 235 48 deltagande.
1552 1930 113 38 Ånnu
1691 1933 97 36 lärer
1817 1933 62 36 det
1905 1946 90 23 vara

405 1980 149 50 möjligt
581 1987 55 31 att
663 1982 136 37 bereda
828 1981 158 50 Sverige
1014 1988 52 31 ett
1093 1983 154 48 värdigt
1273 1997 82 22 rum
1383 1986 47 46 på
1457 1984 282 48 utställningen.
1786 1984 55 36 Då
1865 1985 129 48 Norge

406 2033 69 36 och
502 2033 117 35 andra
647 2034 243 36 turistländer
918 2034 127 36 kunna
1074 2035 192 36 förväntas
1293 2035 118 36 blifva
1438 2035 303 49 representerade
1781 2036 64 36 vid
1873 2036 122 36 denna

407 2084 233 48 utställning,
683 2086 118 36 skulle
838 2090 54 32 ett
932 2085 256 38 uteblifvande
1227 2089 20 33 å
1285 2086 176 49 Sveriges
1489 2087 80 36 sida
1595 2087 138 47 kunna,
1763 2101 111 35 synes
1902 2087 91 47 mig,

404 2136 115 37 verka
546 2136 159 49 menligt
732 2137 58 36 för
818 2137 178 48 Sveriges
1023 2137 195 37 intressen.
1272 2132 126 42 Åfven
1425 2139 43 35 af
1491 2139 62 36 det
1576 2138 92 48 skäl,
1701 2144 54 31 att
1782 2138 212 37 utställnin-

404 2201 75 35 gen
515 2187 177 36 omfattar
719 2193 52 31 ett
800 2189 163 46 område,
991 2188 101 36 inom
1120 2190 142 36 hvilket
1295 2189 157 50 Sverige
1488 2192 147 46 intager
1667 2204 46 23 en
1745 2188 249 39 framstående

404 2238 181 48 ställning
626 2239 68 36 och
723 2239 66 36 där
817 2241 63 36 det
907 2241 69 36 bör
1004 2240 126 36 kunna
1158 2241 83 37 med
1270 2242 203 48 framgång
1500 2242 88 36 täfla
1606 2242 84 36 med
1709 2242 116 36 andra
1851 2240 141 45 länder,

402 2304 90 24 vore
520 2290 73 42 det,
622 2291 118 48 enligt
767 2292 86 36 mitt
882 2292 254 47 förmenande,
1164 2293 222 48 beklagligt,
1415 2307 61 22 om
1496 2293 155 49 Sverige
1671 2294 148 36 komme
1837 2297 55 31 att
1911 2291 82 37 sak-
