2162 2644
671 153 344 33 Jordbruksutskottets
1037 153 162 34 utlåtande
1222 153 53 34 Nr
1297 156 30 31 1.
1715 157 39 32 57

200 236 107 32 extra
347 229 149 39 förmån
536 231 59 37 för
635 231 193 38 Kolbäcks
864 232 228 50 församling
1131 233 70 37 och
1229 233 13 37 i
1270 233 132 49 hvarje
1430 233 68 37 fall
1524 233 84 38 icke
1635 235 74 37 den
1737 249 63 24 an-

200 282 197 49 vändning
425 283 41 37 af
489 283 184 49 anslaget,
702 297 82 24 som
811 285 12 35 i
850 284 347 49 regeringsrättens
1225 285 43 37 af
1291 285 236 38 motionären
1551 285 250 40 omförmälda

199 334 129 49 utslag
367 335 184 49 angifves.
606 334 86 38 Med
721 335 211 50 anledning
958 336 111 37 häraf
1095 336 137 38 tillåter
1259 337 62 49 sig
1348 337 184 38 utskottet
1559 344 55 31 att
1641 339 159 38 relatera

198 385 102 38 hvad
327 385 66 38 vid
432 388 96 36 1909
558 389 61 35 års
647 386 171 50 Riksdag
845 389 12 35 i
886 392 127 33 ämnet
1041 388 250 38 förekommit.
1347 389 57 38 De
1432 389 102 37 delar
1561 390 42 37 af
1627 390 173 50 departe-

199 438 280 37 mentschefens
510 439 178 49 yttrande
712 439 12 37 i
747 439 291 49 ifrågavarande
1062 445 109 32 ämne
1199 440 58 38 till
1286 441 64 37 det
1376 441 64 37 vid
1472 443 97 36 1909
1598 445 60 34 års
1686 449 112 32 stats-

198 490 348 49 verksproposition
565 490 139 50 fogade
728 490 230 50 protokollet
977 492 108 43 öfver
1097 491 374 51 jordbruksärenden
1490 493 73 38 den
1586 496 45 35 12
1647 494 151 49 januari

200 543 98 35 1909
329 541 153 50 (nionde
509 542 259 37 hufvudtiteln
794 543 70 36 sid.
894 543 205 49 83—132),
1128 557 82 24 som
1238 550 85 31 röra
1351 544 447 53 skollärarbefattningen

197 594 64 37 vid
291 593 263 48 Strömsholm,
583 599 65 32 äro
677 594 158 37 sålunda
860 595 44 36 af
927 595 169 50 följande
1123 596 158 49 lydelse:
1743 604 4 2 i

325 697 59 37 Då
412 698 279 37 vederbörande
721 698 373 50 departementschef
1110 700 73 36 den
1204 702 21 34 9
1241 700 152 49 januari
1416 702 99 36 1874
1534 702 99 37 inför
1651 702 146 50 Kungl.

194 749 112 49 Maj:t
347 749 178 48 föredrog
567 750 134 49 frågan
743 763 61 24 om
845 751 240 48 reglerandet
1120 751 42 37 af
1184 752 213 49 utgifterna
1423 753 119 37 under
1568 754 228 38 riksstatens

196 802 112 49 sjätte
344 800 243 50 hufvudtitel,
615 801 219 38 meddelade
872 802 430 50 departementschefen,
1332 809 55 32 att
1420 806 377 50 stuteriöfverstyrel-

196 866 66 24 sen
290 853 185 49 uppgjort
502 854 70 36 och
601 854 84 36 med
713 853 257 51 underdånigt
995 855 194 36 memorial
1218 856 250 37 öfverlämnat
1496 857 145 49 förslag
1668 858 57 37 till
1743 871 53 37 ny

196 911 76 31 stat
299 905 60 36 för
387 904 45 38 de
460 905 70 37 hos
559 906 187 49 styrelsen
775 905 70 37 och
864 906 263 37 stuteristaten
1146 907 12 36 i
1178 911 151 33 orterna
1348 909 186 37 anställda
1551 909 243 49 tjänstemän.

324 956 134 50 Enligt
497 957 191 50 uppgjord
729 957 102 37 tablå
873 957 138 38 funnos
1051 958 48 37 då
1126 981 50 4 —
1203 981 51 4 —
1281 981 50 5 —
1355 982 50 4 —
1432 960 168 50 följande
1642 961 153 49 tjänste-

195 1007 414 51 mannabefattningar,
637 1009 210 49 nämligen:
877 1009 64 37 vid
971 1009 252 38 Strömsholm
1254 1034 44 5 —
1329 1034 49 4 —
1406 1033 49 6 —
1475 1034 50 5 —
1529 1003 27 60 1
1587 1012 207 39 skollärare

326 1112 17 36 I
384 1112 252 50 underdånigt
676 1113 194 37 memorial
911 1113 97 38 hade
1049 1116 186 48 styrelsen
1267 1115 77 37 fäst
1371 1116 144 49 Kungl.
1545 1117 126 50 Maj:ts
1700 1132 94 36 upp-

194 1164 258 37 märksamhet
479 1167 48 47 på
554 1167 121 47 några
701 1165 272 48 förhållanden,
1003 1179 81 24 som
1112 1167 120 49 enligt
1260 1167 208 50 styrelsens
1487 1170 158 48 mening
1663 1169 130 38 visade

194 1215 130 37 hvilka
352 1216 198 48 verkligen
569 1216 253 37 ansvarsfulla
841 1216 231 50 åligganden
1094 1231 47 24 en
1162 1218 59 37 del
1240 1219 228 48 tjänstemän
1487 1220 64 37 vid
1571 1221 222 37 stuterierna

193 1267 192 37 innehade
427 1268 69 36 och
538 1268 97 36 huru
677 1267 239 50 nödvändigt
956 1268 62 37 det
1061 1282 91 24 vore
1193 1276 55 31 att
1275 1271 99 36 förse
1402 1271 83 37 dem
1515 1273 84 36 med
1629 1272 163 37 tillräck-

193 1319 79 49 liga
298 1319 118 37 löner.

323 1422 240 37 Skolläraren
591 1423 64 36 vid
683 1423 251 37 Strömsholm
963 1424 96 37 hade
1086 1424 67 37 full
1181 1426 292 49 sysselsättning
1500 1427 86 36 med
1609 1427 63 37 det
1691 1434 102 31 stora

193 1475 103 36 antal
338 1475 92 36 barn
469 1474 103 37 inom
613 1474 226 49 skolåldern,
868 1489 81 23 som
991 1476 174 37 tillhörde
1198 1477 194 37 stuteriets
1419 1480 186 48 personal.
1661 1478 131 39 Skulle

192 1526 232 37 kommunen
451 1527 12 35 i
491 1539 47 24 en
580 1527 151 37 framtid
774 1527 199 49 öfvertaga
1002 1528 417 50 skolundervisningen,
1448 1529 151 39 komme
1627 1531 165 50 troligen

193 1577 133 37 skolan
354 1578 12 36 i
394 1577 131 50 hvarje
567 1578 66 38 fall
675 1584 56 31 att
770 1579 160 37 inrättas
972 1583 48 46 på
1048 1580 194 37 stuteriets
1269 1586 94 44 ägor
1391 1582 70 36 och
1489 1582 237 38 underhållet
1755 1584 42 37 af

192 1629 221 37 densamma
440 1635 55 31 att
522 1630 57 36 till
607 1635 139 32 största
774 1630 110 38 delen
912 1631 142 37 drabba
1082 1632 181 37 stuteriet.

320 1732 73 37 Det
434 1733 41 36 af
499 1733 433 49 stuteriöfverstyrelsen
960 1734 215 49 uppgjorda
1202 1736 468 50 organisationsförslaget
1696 1753 96 36 upp-

192 1789 86 43 togs
308 1784 41 36 af
372 1783 142 49 Kungl.
543 1784 109 49 Maj:t
679 1785 12 35 i
719 1785 236 49 proposition
983 1786 56 35 till
1071 1787 96 35 1874
1196 1788 61 35 års
1284 1787 158 49 riksdag
1469 1788 71 37 och
1567 1789 223 48 godkändes

191 1835 40 35 af
255 1834 229 49 Riksdagen.

321 1886 147 38 Genom
509 1888 86 37 bref
627 1887 57 38 till
712 1889 428 50 stuteriöfverstyrelsen
1168 1891 72 36 den
1270 1892 46 36 29
1346 1892 73 48 maj
1452 1892 98 36 1874
1580 1893 208 38 fastställde

190 1938 141 49 Kungl.
375 1938 107 50 Maj:t
510 1939 265 50 aflöningsstat
803 1940 59 37 för
890 1940 45 37 de
963 1941 69 36 hos
1060 1942 186 48 styrelsen
1275 1947 98 32 samt
1398 1943 63 37 vid
1490 1944 258 38 stuteristaten
1776 1946 12 35 i

190 1996 149 30 orterna
367 1991 182 37 anställda
577 1992 162 36 ämbets-
767 1992 71 36 och
867 1993 242 48 tjänstemän,
1138 1999 54 31 att
1219 1994 113 37 lända
1360 1994 54 36 till
1438 1995 245 38 efterrättelse
1704 1996 84 37 från

190 2041 70 36 och
288 2041 85 37 med
402 2045 40 33 år
472 2044 107 35 1875.

276 2254 130 43 Bihang
429 2256 49 32 till
502 2255 109 33 Riksd.
630 2260 85 37 prot.
742 2257 93 31 1911.
882 2259 22 31 8
926 2258 97 32 Saml.
1071 2259 18 30 1
1113 2258 96 41 Häft.
1722 2262 18 31 8
