2174 2642
677 149 350 33 Jordbrulksutskottets
1049 148 165 33 utlåtande
1236 147 53 33 Nr
1312 149 29 30 1.
1727 147 42 32 43

209 231 222 48 vändigtvis
458 231 151 36 lärdom
636 243 89 23 men
752 229 62 37 väl
841 230 13 36 i
873 230 132 47 regeln
1024 228 404 37 universitetsstudier.
1471 228 53 46 Ty
1543 230 122 45 något
1682 227 129 37 bättre

209 284 127 36 medel
375 286 84 33 mot
490 282 262 48 halfbildning
784 288 50 30 än
860 281 271 47 vetenskaplig
1156 281 189 47 bildning,
1373 280 291 47 vetenskapligt
1691 279 122 36 allvar

212 336 121 47 gifves
361 335 219 47 säkerligen
609 335 45 47 ej.
702 335 17 35 I
739 333 441 37 landtmannaskolorna
1198 333 123 36 skulle
1340 345 53 23 nu
1413 332 13 35 i
1445 333 76 35 viss
1539 331 273 48 utsträckning

210 388 194 36 meddelas
432 387 325 36 allmänbildande
780 386 278 47 undervisning
1085 385 122 46 (öfver
1236 387 72 34 300
1336 385 159 35 timmar
1523 383 42 36 af
1581 384 100 45 800).
1724 384 89 35 Men

209 440 102 36 intet
351 445 44 31 är
434 439 184 47 stadgadt
659 451 62 23 om
761 439 172 35 lärarnes
973 438 240 46 kompetens.
1268 436 190 37 Skolorna
1491 436 112 36 torde
1632 435 118 37 oftast
1775 435 39 36 få

209 492 159 47 knappa
408 491 253 36 ekonomiska
701 490 227 47 tillgångar;
963 489 73 36 och
1069 488 42 37 af
1134 489 249 47 lärjungarne
1410 488 155 36 kräfves
1593 500 81 23 som
1701 488 113 46 sagdt

211 545 136 35 endast
385 543 113 47 ringa
539 542 294 47 förkunskaper.
888 542 53 35 På
980 541 128 47 grund
1141 540 116 37 häraf
1285 541 177 35 kommer
1489 539 324 47 undervisningen

209 596 14 35 i
251 596 108 36 dessa
398 595 180 36 B-skolor
618 594 131 36 säkert
776 594 14 35 i
817 594 133 47 regeln
978 596 60 33 att
1069 593 195 35 meddelas
1292 591 42 37 af
1356 604 193 35 personer,
1579 603 93 34 som,
1702 591 111 36 äfven

210 660 63 24 om
301 648 47 35 de
375 647 33 47 ej
438 653 69 30 äro
535 646 132 36 direkt
692 646 306 46 inkompetenta,
1028 645 102 36 dock
1148 647 60 34 stå
1225 645 112 46 långt
1354 644 123 36 under
1495 643 319 46 folkhögskolans

209 701 138 35 lärare.
401 699 90 36 Men
532 698 112 36 äfven
684 698 301 47 folkhögskolan
1026 697 92 47 själf
1153 697 60 36 får
1240 697 60 35 till
1328 696 97 47 följd
1454 695 42 37 af
1519 695 294 36 konkurrensen

211 755 154 33 svårare
394 754 61 33 att
481 750 106 36 hålla
614 750 172 36 lärarnes
813 750 90 35 nivå
930 761 114 35 uppe.

339 804 74 35 Det
453 803 235 36 kommittén
729 802 89 36 sökt
844 802 119 35 vinna
989 813 139 35 genom
1156 800 225 36 inrättande
1410 799 42 36 af
1476 799 232 36 B-skolorna
1736 800 78 34 kan

209 856 137 35 vinnas
371 855 82 36 lika
480 854 97 48 godt
603 857 52 44 på
680 854 91 36 vida
798 853 148 36 mindre
973 853 222 47 betänkligt
1222 855 89 33 sätt.

339 908 54 34 De
434 906 306 46 anmärkningar
775 908 83 33 mot
885 905 100 36 vissa
1012 904 378 37 landtbrukslärares
1417 904 230 46 kompetens
1674 903 64 35 vid
1766 903 47 35 de

210 959 223 36 nuvarande
462 957 451 46 landtmannaskolorna,
944 969 82 24 som
1053 957 236 36 kommittén
1314 955 223 45 framställt,
1559 953 155 37 förfalla
1731 955 83 35 helt

211 1011 73 36 och
324 1010 133 46 hållet,
501 1022 62 24 om
604 1022 89 23 man
735 1010 190 47 godtager
959 1009 46 35 de
1033 1007 520 49 kompetensbestämmelser
1579 1007 234 35 kommittén

210 1062 91 48 själf
324 1062 161 36 föreslår
513 1061 73 37 och
613 1061 135 37 hvilka
776 1073 112 36 synas
915 1073 94 24 vara
1036 1061 63 36 väl
1127 1060 209 48 grundade.
1380 1059 87 35 Men
1488 1059 49 35 då
1555 1061 123 33 måste
1698 1058 116 36 också

209 1115 109 36 dessa
359 1114 132 36 skolor
530 1114 125 36 hållas
690 1126 103 35 uppe
820 1114 13 35 i
861 1114 58 35 sin
947 1112 133 37 helhet
1109 1112 72 37 och
1209 1112 32 47 ej
1271 1112 175 47 splittras
1474 1112 13 35 i
1516 1123 47 23 en
1591 1111 120 47 högre
1740 1111 73 35 och

210 1179 48 24 en
285 1167 118 47 lägre.

340 1213 249 41 Önskemålet
621 1221 60 32 att
709 1217 142 47 fattiga
877 1217 203 35 landtmän
1107 1216 60 36 för
1193 1216 89 35 vida
1309 1215 149 35 mindre
1487 1214 169 36 kostnad
1682 1220 49 30 än
1760 1227 52 22 nu

209 1273 64 33 må
313 1270 134 35 kunna
487 1269 39 36 få
566 1269 119 47 nödig
725 1268 509 45 landtbruksundervisning
1261 1272 44 30 är
1331 1266 62 36 för
1420 1267 99 35 visso
1548 1265 262 48 oeftergifligt.

210 1322 89 36 Men
340 1322 66 35 det
446 1322 80 35 kan
553 1321 136 36 vinnas
716 1321 13 35 i
757 1323 81 33 stor
865 1319 275 47 utsträckning
1167 1319 237 46 därigenom,
1434 1321 60 33 att
1522 1320 123 33 större
1672 1318 140 35 under-

210 1374 88 35 stöd
338 1373 41 36 af
416 1372 224 37 statsmedel
680 1372 169 36 tilldelas
890 1372 248 36 obemedlade
1180 1370 73 37 och
1293 1370 150 35 mindre
1485 1369 224 36 bemedlade
1738 1369 74 36 lär-

205 1425 155 47 jungar.
415 1425 221 47 Riksdagen
681 1424 71 36 har
798 1424 117 36 också
959 1424 13 35 i
1018 1423 58 36 sin
1117 1422 198 36 skrifvelse
1357 1421 42 36 af
1437 1425 43 32 år
1525 1424 94 32 1907
1660 1422 150 35 anvisat

210 1478 125 35 denna
361 1482 86 42 väg.

339 1530 73 35 Det
453 1535 44 30 är
538 1528 138 36 härvid
716 1530 62 34 att
818 1528 136 35 märka
995 1529 61 35 att
1096 1526 227 47 föreningen
1364 1525 42 36 af
1437 1525 275 46 folkhögskola
1740 1525 72 35 och

209 1581 367 36 landtmannaskola
603 1582 89 34 rent
720 1579 247 37 ekonomiskt
995 1579 85 36 sedt
1099 1584 43 30 är
1161 1578 156 47 mycket
1336 1577 192 47 praktisk,
1550 1577 12 35 i
1582 1577 66 35 det
1666 1588 146 24 samma

209 1633 161 46 lokaler,
410 1633 13 35 i
464 1632 76 36 viss
580 1634 90 33 mån
711 1643 144 24 samma
896 1632 126 35 lärare
1064 1643 34 23 o.
1141 1643 27 24 s.
1211 1643 34 23 v.
1284 1629 134 36 kunna
1446 1628 147 47 nyttjas
1620 1629 65 35 vid
1712 1629 101 35 båda

210 1684 193 37 skolorna.
459 1684 74 35 Till
577 1683 96 46 följd
714 1683 114 35 däraf
864 1683 79 35 kan
983 1683 277 45 statsanslaget
1287 1681 62 35 till
1376 1681 213 46 stipendier
1618 1683 40 33 åt
1686 1680 126 35 elever

208 1736 194 46 betydligt
443 1735 110 46 höjas
593 1738 97 32 utan
731 1737 61 33 att
832 1734 152 35 ändock
1021 1736 128 34 staten
1176 1733 227 45 härigenom
1433 1731 177 36 åsamkas
1638 1734 41 33 så
1707 1735 105 32 stora

209 1787 212 36 kostnader
449 1799 83 23 som
559 1786 243 35 inrättandet
829 1785 43 36 af
894 1786 181 35 B-skolor
1103 1785 123 35 skulle
1254 1784 148 36 kräfva.
1441 1785 16 33 I
1486 1784 109 35 detta
1622 1795 190 23 samman-

209 1838 105 48 hang
341 1839 68 35 vill
433 1838 70 47 jag
521 1838 206 35 framhålla
746 1840 60 33 att
825 1838 74 35 den
917 1837 164 46 höjning
1100 1836 234 36 kommittén
1352 1835 201 46 föreslagit
1572 1835 12 34 i
1605 1834 206 47 stipendie-

208 1890 187 48 beloppet
432 1893 42 33 åt
502 1889 249 37 obemedlade
778 1890 72 35 bör
876 1893 115 43 göras
1019 1894 103 30 ännu
1150 1890 121 45 något
1299 1891 135 32 större.
1490 1888 74 34 Det
1592 1887 71 35 bör
1690 1886 123 46 enligt

208 1942 81 35 min
330 1942 168 47 mening,
541 1941 84 36 ifall
666 1942 67 35 det
765 1941 98 36 skall
896 1941 134 35 kunna
1061 1940 133 47 hjälpa
1221 1940 99 35 fram
1347 1939 48 35 de
1424 1938 260 45 obemedlade,
1714 1942 98 31 mot-

210 2005 112 24 svara
349 1994 86 35 icke
469 1993 139 36 »minst
635 1992 170 37 hälften»
840 1992 41 36 af
901 1993 151 35 elevens
1073 1991 252 46 oundvikliga
1344 1990 176 46 utgifter,
1541 1992 96 33 utan
1656 2002 156 23 snarare

209 2045 156 36 sträcka
392 2046 59 45 sig
477 2045 99 35 fram
604 2047 83 33 mot
715 2045 74 34 den
817 2044 176 46 verkliga
1020 2044 229 35 kostnaden.
1306 2042 151 36 Samma
1485 2042 196 46 principer
1700 2041 111 35 torde

208 2095 99 37 efter
334 2096 104 35 hand
467 2095 112 36 äfven
607 2095 158 36 komma
793 2098 60 33 att
880 2099 96 42 göra
1003 2095 59 46 sig
1089 2095 179 46 gällande
1296 2094 61 35 för
1375 2093 313 45 folkhögskolan.
1731 2092 80 36 Och

208 2150 41 33 så
277 2147 76 36 blir
385 2148 73 35 den
488 2146 141 46 fattige
657 2146 204 46 lärjungen
888 2146 129 46 hjälpt
1044 2148 97 33 utan
1169 2145 153 46 förfång
1351 2144 60 36 för
1440 2143 372 46 allmänbildningen

210 2199 72 35 och
327 2201 96 33 utan
465 2201 61 33 att
553 2197 13 35 i
595 2197 119 47 högre
741 2198 97 46 grad
865 2198 172 46 betunga
1065 2198 66 35 det
1160 2197 205 43 allmänna,
1394 2201 71 30 när
1493 2195 72 35 den
1595 2194 215 45 konstlade,

210 2250 167 47 onödiga
405 2250 206 46 skoltypen
640 2249 197 35 undvikes.
