2198 2630
390 154 69 32 180.
811 155 343 50 Jordbruksutskottets
1176 155 164 34 utlåtande
1356 156 59 32 Nr
1438 158 30 31 1.

345 233 86 36 lund
459 233 69 35 och
556 234 45 35 A.
633 233 91 38 Pers
751 239 100 31 emot
869 234 204 37 utskottets
1091 234 176 49 yttrande
1285 235 12 36 i
1316 234 100 38 hvad
1445 235 64 36 det
1527 236 199 37 innefattar
1745 237 197 37 uttalande

346 288 79 31 mot
453 284 231 37 inrättandet
712 285 40 36 af
774 285 376 37 landtmannaskolor
1177 287 42 35 af
1241 300 28 23 s.
1301 286 35 37 k.
1365 286 137 51 B-typ;

475 404 64 37 vid
562 407 111 46 punkt
702 409 22 34 6
753 406 101 49 (ang.
884 406 173 49 anslaget
1084 406 55 37 till
1168 406 232 38 skolläraren
1420 407 64 37 vid
1504 407 270 38 Strömsholms
1793 408 148 50 hingst-

347 455 124 50 depå):

476 527 42 34 af
541 526 127 36 herrar
697 528 47 37 D.
773 528 166 54 Persson,
967 527 129 48 grefve
1124 529 45 35 RB.
1202 528 42 37 G.
1273 529 188 37 Hamilton
1488 529 72 37 och
1588 530 37 37 S.
1655 530 177 47 Linders;

476 644 63 39 vid
562 648 113 47 punkt
701 649 52 35 42
782 648 100 49 (ang.
913 648 176 49 åtgärder
1115 649 57 37 för
1194 649 164 49 höjande
1377 650 42 35 af
1442 650 63 37 det
1523 650 146 37 mindre
1683 650 256 49 jordbruket):

477 715 41 36 af
549 715 129 37 herrar
706 717 48 36 D.
782 717 166 47 Persson,
977 718 130 48 grefve
1135 718 46 37 R.
1215 719 44 37 G.
1290 719 197 47 Hamilton,
1520 719 41 38 G.
1587 720 45 36 A.
1661 720 45 36 E.
1734 719 207 46 Kronlund,

349 767 35 36 S.
414 767 158 39 Linders
603 767 71 37 och
705 770 46 35 A.
780 770 103 46 Pers,
912 782 81 23 som
1023 775 135 42 ansett,
1186 776 56 31 att
1269 770 205 37 utskottets
1501 770 194 37 utlåtande
1722 770 86 37 bort
1826 769 116 38 hafva

347 818 166 48 följande
539 819 161 49 lydelse:

477 905 110 37 Hvad
615 905 97 37 först
740 906 174 37 beträffar
942 908 191 36 motionen
1160 908 70 36 har
1257 908 185 37 utskottet
1470 913 125 32 ansett
1622 913 55 32 att
1705 909 72 36 den
1804 908 42 37 af
1859 908 87 37 Nils

347 956 166 38 Larsson
542 960 20 33 å
588 957 94 37 Dala
709 957 110 37 ledda
845 958 354 39 landtmannaskola
1226 964 41 32 är
1294 959 85 38 med
1407 959 148 50 hänsyn
1582 960 59 36 till
1668 960 124 37 denna
1818 959 127 38 skolas

347 1008 205 49 gagnande
583 1009 240 37 verksamhet
856 1010 70 36 och
954 1011 194 37 väckande
1175 1011 195 50 betydelse
1397 1012 61 36 väl
1485 1012 157 50 förtjänt
1670 1012 40 36 af
1733 1012 64 37 det
1824 1011 121 38 ökade

349 1060 230 49 statsanslag
606 1063 21 33 å
654 1062 115 46 4,000
796 1062 151 47 kronor,
967 1075 82 23 som
1068 1063 235 36 motionären
1321 1063 242 49 ifrågasätter
1581 1069 100 31 samt
1700 1068 55 32 att
1774 1063 85 37 med
1879 1077 65 23 an-

348 1111 158 49 ledning
548 1112 111 36 däraf
687 1112 63 37 det
780 1113 120 36 under
925 1113 195 38 rubriken:
1151 1114 177 49 åtgärder
1354 1114 58 36 för
1440 1114 63 37 det
1531 1114 145 37 mindre
1699 1115 247 48 jordbrukets

347 1164 178 48 höjande,
566 1164 122 48 punkt
728 1165 48 35 40
804 1164 12 36 i
845 1164 138 37 nionde
1018 1164 265 48 hufvudtiteln,
1312 1166 217 49 föreslagna
1556 1166 172 49 anslaget
1756 1168 21 34 å
1807 1168 139 46 10,000

349 1215 139 36 kronor
514 1214 57 37 till
598 1215 101 49 öfrig
726 1215 275 50 undervisning
1027 1218 68 36 bör
1120 1217 111 48 höjas
1254 1217 62 37 till
1347 1218 137 46 11,600
1512 1218 150 36 kronor.

480 1267 239 37 Beträffande
746 1289 51 5 —
810 1289 50 5 —
875 1289 49 6 —
941 1289 48 6 —
1018 1269 131 36 erinra.

480 1318 196 37 Utskottet
702 1319 218 37 hemställer
949 1319 108 38 alltså

881 1428 53 31 att
960 1423 219 49 Riksdagen
1208 1426 61 34 må

879 1474 35 49 a)
942 1475 86 37 med
1068 1475 104 38 bifall
1199 1475 57 36 till
1284 1475 142 50 Kungl.
1457 1475 127 49 Maj:ts
1611 1475 235 50 proposition
1875 1476 72 36 och

751 1527 83 48 med
868 1527 206 49 anledning
1105 1527 42 36 af
1174 1526 290 50 ifrågavarande
1491 1528 143 36 motion
1660 1530 50 47 på
1737 1533 107 31 extra
1871 1533 76 31 stat

751 1579 57 36 för
848 1581 40 34 år
931 1579 98 36 1912
1069 1578 57 37 till
1167 1578 176 50 åtgärder
1370 1579 58 36 för
1455 1578 164 49 höjande
1647 1579 41 37 af
1711 1579 62 37 det
1800 1578 150 38 mindre

746 1630 223 48 jordbruket
996 1629 139 50 bevilja
1162 1635 55 32 ett
1244 1630 135 50 anslag
1407 1631 41 36 af
1472 1632 164 46 251,600
1663 1631 152 46 kronor;

879 1681 38 49 b)
947 1681 192 50 medgifva
1167 1688 69 31 etc.
1291 1704 24 5 —
1350 1703 29 6 —
1409 1703 31 6 —
1465 1704 30 6 —
1537 1682 210 50 disponera.

482 1785 63 37 vid
567 1787 114 47 punkt
706 1788 52 35 44
784 1785 100 49 (ang.
915 1785 206 50 bokföring
1148 1785 64 37 vid
1241 1786 146 36 mindre
1410 1785 218 50 jordbruk):

481 1855 40 36 af
544 1855 87 36 herr
657 1856 45 36 E.
732 1857 44 35 A.
806 1855 183 37 Lindblad
1017 1860 79 31 mot
1121 1855 207 37 utskottets
1354 1855 245 50 motivering;

480 1959 65 36 vid
569 1960 110 48 punkt
707 1961 50 36 68
784 1959 101 49 (ang.
914 1958 117 38 rikets
1059 1959 97 36 allm.
1186 1958 210 50 kartverk):

482 2028 40 37 af
546 2027 86 38 herr
660 2029 46 36 D.
736 2028 153 37 Persson
916 2034 81 30 mot
1023 2028 101 37 vissa
1152 2028 103 37 delar
1281 2028 42 36 af
1344 2028 205 42 utskottets
1576 2028 244 50 motivering;

482 2131 63 36 vid
580 2133 115 48 punkt
735 2133 50 42 72
826 2131 101 49 (ang.
972 2131 177 37 särskildt
1176 2131 208 38 understöd
1411 2131 57 36 till
1496 2131 211 49 synnerligt
1734 2132 217 49 betungade

353 2181 452 51 väghållningsdistrikt):

483 2252 40 36 af
559 2252 127 36 herrar
730 2254 41 35 G.
813 2255 45 34 AA.
901 2254 44 35 E.
976 2254 190 36 Kronlund
1200 2253 68 35 och
1296 2254 46 35 A.
1372 2253 44 36 L.
1446 2253 228 46 Lundström,
1704 2265 80 24 som
1813 2256 136 43 ansett,
