2172 2632
407 158 60 31 134
830 156 346 32 Jordbruksutskottets
1199 154 164 33 utlåtande
1386 155 53 31 Nr
1465 155 26 31 1.

360 236 171 36 därifrån
572 236 100 36 dock
704 236 254 46 undantagna
986 235 45 35 de
1059 234 356 46 hamnbyggnader,
1445 246 80 23 som
1555 233 41 35 af
1618 232 341 36 fiskehamnskom-

360 288 205 36 missionen
592 288 218 46 föreslagits
838 287 111 40 skola
976 287 146 35 erhålla
1150 286 212 35 understöd
1390 286 163 35 allenast
1580 285 86 35 med
1694 285 94 35 visst
1815 284 141 46 belopp

361 352 47 23 en
435 342 103 45 gång
566 339 60 36 för
654 339 86 36 alla.
787 340 119 34 Detta
932 339 202 45 undantag
1161 349 109 35 synes
1299 350 59 23 oss
1386 350 94 23 vara
1498 337 148 46 nödigt,
1668 337 48 35 då
1735 337 46 34 de
1801 335 154 46 förslag,

361 404 81 23 som
481 392 237 35 härutinnan
762 390 41 36 af
839 390 300 36 kommissionen
1180 389 133 46 gjorts,
1344 389 86 36 icke
1459 388 42 36 af
1524 388 138 46 Kungl.
1691 387 112 47 Maj:t
1829 386 129 37 blifvit

361 443 195 47 pröfvade.
612 443 185 36 Gifvetvis
826 454 91 24 vore
944 442 60 35 för
1032 442 117 35 saken
1176 441 220 46 lyckligast,
1427 453 61 24 om
1508 440 87 36 hela
1614 440 109 36 detta
1740 439 217 46 föreslagna

361 496 107 34 antal
508 495 344 46 hamnbyggnader
894 494 121 35 skulle
1056 493 133 36 kunna
1230 492 148 36 utföras
1416 496 49 43 på
1492 493 74 34 den
1594 491 43 36 af
1659 492 300 35 kommissionen

361 547 60 35 för
447 547 99 35 båda
586 558 222 35 grupperna
835 546 217 46 föreslagna
1079 545 117 35 korta
1223 544 108 35 tiden
1360 544 42 36 af
1428 547 19 33 5
1478 547 52 42 år,
1559 556 87 23 men
1674 543 42 35 af
1740 543 218 35 statsfinan-

361 599 108 35 siella
496 598 84 36 skäl
607 599 111 35 torde
746 598 227 36 utförandet
1000 598 94 35 böra
1122 596 166 36 fördelas
1316 599 51 44 på
1394 597 133 45 längre
1555 596 69 35 tid.
1671 595 48 36 Vi
1746 595 130 35 tillåta
1901 605 59 24 oss

360 650 140 36 föreslå
530 653 43 32 12
605 653 54 32 år.

491 703 81 34 Den
612 701 253 47 möjligheten
893 713 108 34 synes
1030 713 58 23 oss
1116 700 86 35 icke
1230 712 93 23 vara
1352 700 205 44 utesluten,
1589 702 59 33 att
1675 701 59 34 ett
1760 697 198 47 landsting

361 754 88 35 icke
464 753 170 36 befinnes
654 766 91 23 vara
769 753 129 46 villigt
918 755 116 44 åtaga
1053 753 59 45 sig
1131 753 74 34 den
1224 752 12 34 i
1255 751 506 47 statsverkspropositionen
1780 749 179 36 fordrade

363 806 437 46 ansvarsskyldigheten,
835 817 88 23 men
951 807 59 33 att
1037 804 288 36 vederbörande
1353 802 449 47 hushållningssällskap,
1830 804 129 44 någon

361 857 218 47 bärkraftig
621 857 187 35 kommun
850 857 93 35 eller
979 859 128 43 någon
1136 855 59 36 för
1223 855 221 36 ändamålet
1471 855 131 35 bildad
1629 854 179 45 förening
1835 853 124 35 skulle

361 909 93 46 vilja
481 909 131 35 ikläda
640 909 58 46 sig
726 908 392 46 ansvarsskyldighet,
1149 907 71 35 och
1248 907 113 35 torde
1391 908 107 34 detta
1526 907 49 34 då
1598 906 86 35 icke
1703 907 95 34 böra
1817 908 143 43 utgöra

361 963 121 44 något
509 961 138 35 hinder
674 960 59 36 för
761 961 74 35 den
863 960 230 46 ifrågasatta
1121 959 266 46 statshjälpen,
1417 958 133 46 hvarje
1570 958 183 35 särskildt
1770 957 69 35 fall
1858 956 102 36 dock

362 1013 190 35 beroende
580 1015 51 44 på
658 1012 138 46 Kungl.
827 1011 129 46 Maj:ts
983 1011 194 47 pröfning.

492 1065 16 34 I
535 1064 141 46 Kungl.
705 1063 129 46 Maj:ts
861 1063 144 46 förslag
1031 1063 114 46 ingår
1171 1062 74 35 den
1272 1061 305 45 bestämmelsen,
1598 1064 60 32 att
1677 1060 181 47 samtliga
1876 1059 85 35 från

362 1116 63 35 till
462 1116 245 46 ombyggnad
750 1115 93 35 eller
883 1114 238 46 förbättring
1152 1113 217 47 föreslagna
1397 1113 163 35 hamnar
1587 1112 210 46 inflytande
1825 1112 134 34 hamn-

362 1168 200 46 umgälder
590 1168 123 35 skulle
741 1167 195 35 redovisas
963 1167 61 35 till
1052 1165 245 36 statsverket.
1340 1165 73 35 Det
1441 1177 109 33 synes
1578 1176 59 24 oss
1665 1164 112 44 dock,
1798 1175 82 23 som
1894 1166 66 32 att

362 1220 200 46 undantag
589 1219 238 36 härutinnan
860 1218 123 35 skulle
1011 1218 134 34 kunna
1168 1221 113 42 göras
1309 1216 61 35 för
1397 1216 207 46 landsting,
1634 1228 80 23 som
1743 1215 131 46 afsäga
1902 1215 58 46 sig

361 1274 130 33 rätten
532 1274 60 33 att
633 1271 84 35 utfå
757 1270 238 46 statsbidrag
1035 1269 62 36 till
1136 1268 183 36 framtida
1361 1268 203 35 underhåll
1601 1267 42 35 af
1666 1267 294 47 ifrågavarande

361 1323 174 45 hamnar,
566 1323 72 35 och
666 1322 104 46 själft
799 1322 136 46 åtåger
963 1322 57 46 sig
1048 1324 60 32 att
1136 1333 110 23 svara
1274 1320 60 35 för
1361 1320 110 35 detta
1499 1319 213 35 underhåll.

491 1375 80 35 Den
607 1374 42 36 af
672 1373 535 36 fiskehamnskommissionen
1234 1372 222 35 beräknade
1485 1370 475 47 anläggningskostnaden

361 1426 60 36 för
463 1426 41 35 af
541 1439 59 23 oss
640 1426 217 46 föreslagna
899 1424 341 47 hamnbyggnader
1272 1424 112 35 torde
1413 1423 13 35 i
1455 1422 390 36 öfverensstämmelse
1874 1422 87 34 med

361 1478 140 47 Kungl.
531 1477 130 47 Maj:ts
689 1477 144 47 förslag
862 1477 112 36 äfven
1002 1478 94 34 böra
1124 1475 108 47 höjas
1260 1476 88 34 med
1377 1487 46 23 en
1451 1477 195 44 procent.»

490 1583 97 34 Herr
615 1581 157 36 Linders
799 1594 49 23 m.
878 1581 36 35 f.
944 1580 114 36 hafva
1085 1583 123 32 såsom
1237 1579 84 36 skäl
1349 1579 59 35 för
1436 1578 58 35 sin
1521 1577 285 47 framställning
1831 1577 128 35 anfört

360 1634 185 46 följande:

494 1687 37 33 »I
562 1688 94 33 1911
689 1687 59 33 års
776 1683 457 48 statsverksproposition
1260 1683 166 35 rörande
1444 1681 194 47 reglering
1658 1681 41 35 af
1713 1681 140 35 nionde
1873 1680 86 35 huf-

361 1737 193 36 vudtiteln
592 1737 72 35 har
703 1737 140 46 Kungl.
881 1736 111 46 Maj:t
1019 1736 123 35 under
1169 1748 47 22 nr
1245 1737 45 33 58
1319 1735 63 35 till
1409 1733 245 36 bestridande
1684 1733 41 35 af
1747 1732 213 36 kostnader

361 1789 61 36 för
461 1788 204 36 utförande
694 1788 42 35 af
767 1788 346 46 hamnbyggnader
1139 1787 66 35 vid
1233 1785 151 37 Träslöf
1408 1785 72 36 och
1509 1785 197 36 Glommen
1733 1784 14 35 i
1774 1784 186 35 Hallands

360 1842 76 45 län,
479 1841 230 36 Grundsund
752 1841 72 35 och
866 1839 266 36 Hönö-Klåfva
1159 1839 13 34 i
1200 1838 215 46 Göteborgs
1443 1837 72 36 och
1542 1837 127 35 Bohus
1697 1836 76 45 län,
1803 1835 116 36 Kivik
1947 1835 13 34 i

360 1893 278 35 Kristianstads
680 1892 63 35 län
776 1895 102 32 samt
907 1891 121 36 Gislöf
1051 1891 13 35 i
1092 1890 215 36 Malmöhus
1335 1890 65 35 län
1427 1890 14 34 i
1468 1888 274 46 hufvudsaklig
1771 1887 190 36 öfverens-

362 1945 216 35 stämmelse
619 1944 88 35 med
747 1943 42 36 af
825 1942 534 37 fiskehamnskommissionen
1404 1940 218 48 uppgjorda
1666 1940 136 46 planer
1847 1938 114 36 äskat

361 1997 138 45 nödigt
540 1996 143 46 anslag.
740 1996 72 35 Det
853 1995 123 47 gäller
1011 1995 70 36 här
1109 1998 58 32 ett
1199 1994 281 35 »kustförsvar»
1513 1994 41 33 så
1581 1992 187 46 behöfligt
1797 1990 72 36 och
1896 1990 64 35 be-

361 2048 193 46 rättigadt
583 2060 81 23 som
691 2050 122 44 något
842 2050 130 33 annat.

490 2100 56 34 Då
586 2112 90 23 man
716 2099 240 47 genomläser
995 2096 551 38 fiskehamnskommissionens
1586 2094 219 47 betydande
1832 2094 128 34 berät-

361 2151 106 45 telse,
509 2150 60 35 får
609 2163 89 24 man
740 2153 59 33 ett
840 2150 127 37 starkt
1007 2149 157 47 intryck
1196 2149 94 45 utaf,
1321 2151 61 33 att
1409 2148 72 35 här
1508 2153 44 29 är
1579 2159 63 24 om
1669 2145 190 47 någonsin
1887 2144 74 35 den

363 2215 112 24 snara
514 2202 158 46 hjälpen
712 2202 171 47 liktydig
922 2203 86 34 med
1041 2201 142 36 dubbel
1209 2200 119 47 hjälp.
1384 2199 193 36 Behofven
1605 2198 81 36 tala
1713 2196 160 36 sålunda
1900 2195 61 36 för

362 2256 46 34 de
451 2253 40 37 af
527 2254 301 36 kommissionen
869 2254 217 46 föreslagna
1127 2253 72 36 och
1238 2252 207 36 förordade
1489 2248 472 48 hamnanläggningarnas
