2204 2632
394 166 61 31 172
814 160 344 34 Jordbruksutskottets
1181 158 163 33 utlåtande
1367 159 53 30 Nr
1444 158 27 30 1.

351 245 42 36 af
432 244 140 47 Kungl.
615 242 110 47 Maj:t
765 243 243 43 bestämmas,
1051 240 130 36 ställas
1208 238 63 36 till
1299 237 160 36 svenska
1485 233 459 49 fattigvårdsförbundets

346 296 239 47 förfogande.

477 348 73 35 Till
577 347 86 36 stöd
690 345 132 37 härför
848 345 71 35 har
945 344 245 36 motionären
1219 341 129 36 anfört
1375 340 187 46 följande:

482 400 221 46 »Knappast
744 402 42 30 är
827 399 128 44 någon
997 408 127 22 annan
1159 394 62 35 del
1254 393 42 35 af
1320 393 65 35 det
1412 391 266 46 samhälleliga
1706 390 151 35 arbetet
1883 388 61 34 för

348 451 240 37 närvarande
626 449 160 37 föremål
827 448 59 36 för
926 450 58 33 ett
1024 447 164 46 lifligare
1229 446 161 35 intresse
1433 449 48 30 än
1522 443 75 35 den
1639 441 199 46 offentliga
1872 439 72 36 och

350 503 173 37 enskilda
563 501 278 37 barnavården.
896 499 173 37 Orsaken
1110 497 133 37 härtill
1272 502 42 30 är
1343 496 32 46 ej
1406 496 175 44 allenast,
1611 496 60 34 att
1697 492 247 47 lagstiftning

349 556 165 36 rörande
553 554 100 36 vissa
694 553 107 36 delar
842 551 41 37 af
904 550 269 37 barnavården
1196 547 280 48 jämförelsevis
1503 547 158 46 nyligen
1687 544 167 36 kommit
1882 543 62 35 till

349 607 114 37 stånd
504 606 73 36 och
612 605 227 47 ytterligare
866 604 106 35 inom
999 603 94 35 kort
1119 602 110 35 torde
1256 600 122 36 blifva
1406 598 264 36 underkastad
1696 596 183 44 revision;
1909 595 33 45 ej

350 659 120 36 heller
510 658 72 35 har
622 658 65 35 det
715 656 124 36 ökade
866 656 180 34 intresset
1073 652 325 46 hufvudsakligen
1425 650 57 36 sin
1510 650 126 47 grund
1663 649 13 35 i
1704 649 73 35 den
1805 658 140 35 genom

350 710 243 48 upptäckten
635 708 41 36 af
710 708 152 47 hopade
897 705 360 38 missförhållanden
1297 706 51 44 på
1379 702 285 37 barnavårdens
1693 700 155 36 område
1877 699 68 34 hos

351 763 71 36 allt
449 762 132 35 vidare
608 760 355 46 befolkningslager
990 758 143 36 väckta
1161 756 72 36 och
1261 756 122 35 närda
1410 752 418 43 humanitetskänslan;
1849 753 96 32 utan

351 814 246 47 synbarligen
638 818 42 30 är
720 813 74 35 den
833 811 274 45 väsentligaste
1148 808 164 36 orsaken
1350 809 59 33 att
1437 806 94 36 söka
1558 806 14 34 i
1599 805 66 35 det
1694 803 70 36 allt
1790 803 155 35 klarare

350 866 169 45 insedda,
564 865 41 35 af
640 863 264 47 mångfaldiga
940 861 262 36 erfarenheter
1235 859 106 36 såväl
1373 870 80 24 som
1482 858 42 35 af
1548 856 223 36 statistiken
1797 855 150 45 belysta

350 919 164 44 faktum,
559 920 60 32 att
648 916 74 36 alla
749 914 221 46 kostnader,
1000 925 82 24 som
1109 913 87 35 med
1223 911 117 36 klokt
1368 911 175 35 omdöme
1572 908 208 46 nedläggas
1803 908 50 45 på
1881 906 67 34 det

351 982 104 35 unga
495 969 164 36 släktets
698 967 160 45 fostran,
901 965 145 36 återfår
1086 964 203 36 samhället
1331 962 156 36 tiofaldt
1515 961 13 35 i
1556 960 99 36 form
1683 959 41 36 af
1747 957 201 36 minskade

352 1021 163 48 utgifter
546 1020 61 36 för
633 1019 225 46 fattigvård,
887 1017 186 47 sjukvård
1101 1016 72 36 och
1199 1015 199 46 fingvård,
1428 1013 105 36 såväl
1561 1024 81 23 som
1670 1011 13 35 i
1710 1010 171 36 tillskott
1910 1008 42 36 af

354 1072 286 47 medborgerlig
669 1071 72 36 och
769 1069 228 37 ekonomisk
1024 1067 118 36 kraft.

484 1124 81 36 Och
607 1126 58 33 att
693 1123 66 35 det
786 1122 60 35 för
873 1121 203 35 nationens
1104 1118 159 36 framtid
1292 1117 32 46 ej
1355 1122 42 30 är
1424 1115 194 47 likgiltigt
1645 1114 92 35 eller
1766 1112 181 46 oviktigt,

357 1189 62 25 om
446 1177 46 35 de
513 1175 199 46 offentliga
730 1171 560 47 barnavårdsmyndigheterna
1309 1169 87 35 med
1415 1167 236 46 skicklighet
1671 1166 73 35 och
1762 1165 188 44 framsynt

355 1230 160 35 intresse
555 1226 156 36 handha
753 1226 69 35 sitt
861 1224 94 45 värf,
998 1223 112 36 torde
1149 1222 151 45 framgå
1342 1219 119 45 däraf,
1506 1221 61 33 att
1601 1218 72 35 den
1700 1216 250 36 kommunala

355 1280 276 47 fattigvården,
660 1298 50 4 —
738 1289 78 24 som
860 1276 99 36 dock
1000 1275 136 36 endast
1177 1273 178 36 handhar
1396 1284 47 22 en
1484 1271 62 35 del
1579 1269 42 36 af
1648 1269 74 35 den
1751 1263 199 56 offentliga

355 1332 269 37 barnavården
650 1351 51 5 —
728 1330 123 46 enligt
894 1330 96 34 1908
1034 1329 60 33 års
1135 1325 174 36 statistik
1349 1324 72 35 har
1460 1322 124 36 under
1617 1321 68 35 sitt
1711 1320 105 46 hägn
1845 1319 106 35 öfver

358 1386 136 44 80,000
523 1384 111 34 barn.

485 1436 75 34 Det
578 1433 229 47 nyvaknade
821 1432 120 46 lifliga
956 1431 181 35 intresset
1151 1429 60 35 för
1225 1427 268 37 barnavården
1508 1428 214 33 motsvaras
1737 1422 215 37 emellertid

357 1488 32 46 ej
420 1493 103 30 ännu
552 1486 42 36 af
617 1486 179 45 kunskap
825 1484 72 36 och
925 1482 230 36 erfarenhet.
1201 1481 183 35 Tvärtom
1410 1477 214 36 förmärkes
1643 1479 50 44 på
1711 1478 142 43 många
1872 1470 80 54 håll

358 1542 58 34 ett
457 1538 156 37 osäkert
652 1536 203 45 famlande,
898 1538 57 33 ett
995 1533 170 48 planlöst
1199 1530 394 49 experimenterande,
1627 1540 80 24 som
1735 1526 218 46 säkerligen

358 1592 81 36 ofta
478 1591 99 35 både
618 1589 148 36 medför
808 1590 103 33 stora
947 1585 212 37 kostnader
1185 1584 61 35 för
1273 1584 282 35 kommunerna
1584 1580 72 36 och
1682 1580 106 35 leder
1816 1578 62 35 till
1906 1578 47 34 de

357 1655 122 34 ungas
520 1642 131 35 skada.
707 1640 167 36 Svenska
913 1636 453 48 fattigvårdsförbundet,
1410 1646 81 24 som
1527 1633 116 35 sedan
1671 1632 68 35 sitt
1767 1625 186 56 stiftande

358 1695 89 36 sökt
486 1694 130 35 lämna
656 1693 71 35 råd
767 1692 73 35 och
880 1689 278 48 upplysningar
1197 1690 51 45 på
1280 1685 295 47 ifrågavarande
1608 1684 167 44 område,
1805 1682 71 35 har
1903 1683 51 44 på

357 1745 211 47 flerfaldigt
596 1747 77 33 sätt
701 1743 146 45 erfarit,
877 1745 60 33 att
965 1744 40 33 så
1034 1746 43 30 är
1103 1739 270 36 förhållandet.
1421 1738 73 35 Det
1521 1736 73 35 har
1620 1738 28 33 t.
1679 1747 57 23 ex.
1765 1729 187 54 inträffat,

359 1801 60 33 att
455 1810 41 23 en
523 1797 198 45 kommun,
751 1796 116 35 sedan
895 1795 73 34 den
996 1793 89 35 med
1112 1794 81 33 stor
1219 1790 169 36 kostnad
1415 1788 161 48 uppfört
1605 1790 57 33 ett
1689 1790 122 32 större
1839 1786 115 35 barn-

357 1850 100 44 hem,
495 1851 100 33 måst
628 1850 50 45 på
705 1847 127 47 grund
859 1846 41 36 af
923 1845 137 48 gjorda
1090 1843 262 36 erfarenheter
1379 1844 195 43 utrymma
1602 1840 210 35 detsamma
1842 1837 71 35 och
1942 1836 12 34 i

359 1901 130 36 stället
521 1900 260 36 utackordera
808 1899 158 44 barnen,
995 1897 139 35 medan
1162 1907 39 23 en
1230 1906 131 33 annan,
1392 1892 32 47 ej
1453 1892 113 47 långt
1594 1891 169 35 därifrån
1791 1889 163 45 belägen

358 1954 197 44 kommun,
600 1964 52 23 nu
685 1951 180 46 planerar
896 1948 243 37 inrättandet
1167 1947 41 35 af
1232 1949 58 33 ett
1316 1945 200 36 barnhem.
1572 1944 17 34 I
1617 1955 46 23 en
1692 1954 126 23 annan
1845 1941 109 34 kom-

358 2017 105 33 mun,
496 2016 83 24 som
612 2003 86 35 från
726 2002 148 36 utrikes
901 2001 80 35 håll
1008 1999 215 37 bekommit
1251 2010 47 23 en
1326 2000 81 33 stor
1435 1995 188 36 donation
1650 1994 61 35 till
1738 1994 47 35 de
1812 1991 143 47 fattiga

359 2057 165 35 barnens
551 2056 123 44 bästa,
703 2055 114 35 råder
844 2056 81 33 stor
950 2051 246 47 förlägenhet
1224 2062 63 24 om
1314 2049 101 35 huru
1433 2047 166 36 medlem
1617 2045 210 47 lämpligen
1846 2043 109 36 skola

360 2108 207 36 användas.
621 2108 17 33 I
664 2106 227 47 ytterligare
920 2117 47 23 en
996 2115 129 24 annan
1151 2102 138 36 tvistas
1318 2113 62 23 om
1407 2099 192 36 huruvida
1626 2100 103 33 stora
1758 2096 93 36 eller
1874 2097 81 33 små

359 2159 186 36 barnhem
587 2164 66 30 äro
696 2159 46 34 de
783 2156 331 47 fördelaktigaste.
1167 2155 53 34 På
1260 2156 142 43 många
1442 2151 139 36 ställen
1622 2153 79 32 står
1728 2148 136 46 frågan
1894 2158 62 23 om

360 2209 224 49 inspektion
617 2210 42 35 af
688 2210 46 35 de
762 2207 307 38 utackorderade
1096 2207 146 35 barnen
1270 2207 51 44 på
1349 2203 303 47 dagordningen,
1682 2212 87 24 men
1796 2211 90 23 man
1913 2203 44 30 är

363 2262 174 46 okunnig
565 2273 62 24 om
654 2264 50 43 på
731 2261 102 36 hvad
862 2262 77 34 sätt
968 2272 46 23 en
1043 2258 118 36 sådan
1188 2257 99 36 skall
1316 2255 250 47 organiseras.
1617 2254 17 34 I
1662 2253 70 35 allt
1759 2251 92 35 flera
1879 2253 76 32 stä-
