1864 2836
511 165 103 27 Andra
635 166 215 34 lagutskottets
872 168 159 29 utlåtande
1053 170 43 28 Nr
1116 171 47 27 35.
1541 173 41 30 33

91 239 66 31 den
178 241 75 31 icke
275 242 366 42 hemortsberättigade
662 246 195 38 arbetslöse,
880 249 80 30 med
979 250 199 31 kännedom
1199 261 57 21 om
1279 252 41 31 de
1341 252 144 40 tidigare
1508 253 73 31 svå-

90 293 192 39 righeterna
308 299 49 28 att
382 296 130 32 erhålla
539 299 351 41 arbetslöshetshjälp,
916 301 150 40 mången
1091 302 89 41 gång
1206 304 111 31 direkt
1341 305 157 32 anhåller
1525 316 56 21 om

90 346 186 40 fattigvård
301 352 84 28 utan
410 353 49 28 att
486 351 243 33 dessförinnan
756 353 173 32 efterhöra
957 355 261 41 möjligheterna
1246 357 52 31 till
1323 359 257 31 arbetslöshets-

88 399 106 41 hjälp.

132 462 115 41 Enligt
270 465 182 32 utskottets
476 466 228 33 förmenande
728 478 101 30 synes
852 470 65 37 det,
943 474 84 28 utan
1049 472 123 31 hinder
1194 483 42 21 av
1259 475 247 31 ovannämnda
1529 479 49 27 ut-

88 515 313 41 redningsarbeten,
426 520 86 31 böra
535 522 197 39 övervägas,
757 523 172 32 huruvida
954 525 42 30 de
1019 525 11 30 i
1055 526 177 32 motionen
1257 526 161 41 påtalade
1443 529 136 40 olägen-

87 568 141 33 heterna
258 572 120 31 kunna
405 573 214 41 undanröjas
647 576 81 30 eller
755 576 156 32 minskas
941 586 124 32 genom
1095 580 187 40 ändringar
1310 581 10 30 i
1348 582 230 40 kungörelsen

87 622 65 31 den
174 624 42 31 30
235 625 76 39 juni
334 626 83 31 1934
440 627 179 40 angående
639 629 115 40 statlig
776 631 64 30 och
862 632 300 32 statsunderstödd
1182 634 319 40 hjälpverksamhet
1522 636 57 31 vid

86 676 225 33 arbetslöshet
326 680 81 31 eller
422 688 125 31 genom
563 683 110 30 andra
690 683 276 33 administrativa
982 685 224 33 föreskrifter.
1225 688 130 31 Härvid
1372 689 98 31 torde
1485 690 92 31 olika

86 729 216 40 möjligheter
318 733 85 31 böra
420 734 93 31 bliva
530 735 147 32 föremål
692 736 55 31 för
763 739 320 38 uppmärksamhet.
1102 740 171 32 Utskottet
1290 742 58 30 vill
1364 743 213 31 härutinnan

86 783 121 38 erinra,
227 788 49 28 att
296 786 105 40 enligt
422 788 39 30 18
480 786 20 42 8
519 788 11 31 i
550 790 151 31 nämnda
722 790 206 41 kungörelse
947 793 79 39 äger
1044 794 436 39 arbetslöshetskommitté,
1503 806 74 22 som

84 835 114 33 finner
220 839 50 39 sig
290 838 75 33 icke
385 841 85 31 böra
492 842 117 31 lämna
631 844 342 42 arbetslöshetshjälp
995 846 35 31 åt
1051 848 163 36 sökande,
1237 858 74 21 som
1334 850 105 39 enligt
1461 850 115 40 fattig-

84 889 204 42 vårdslagen
311 893 63 31 har
397 894 222 33 hemortsrätt
640 897 96 31 inom
757 907 117 22 annan
896 900 181 37 kommun,
1100 901 145 31 hänvisa
1268 902 130 32 honom
1420 907 49 27 att
1492 905 84 30 söka

83 943 95 39 dylik
199 945 96 41 hjälp
315 947 9 30 i
346 947 66 31 den
433 949 180 38 kommun,
634 951 62 30 där
716 951 71 31 han
806 953 79 38 äger
905 953 232 37 hemortsrätt,
1159 959 98 33 samt,
1279 956 85 31 efter
1383 966 43 22 av
1446 959 128 29 arbets-

82 996 403 36 löshetskommissionen
503 1003 173 31 meddelat
694 1004 164 38 tillstånd,
880 1006 130 31 tilldela
1029 1008 131 31 honom
1179 1009 189 32 understöd
1386 1010 51 31 till
1455 1011 118 31 bestri-

82 1050 113 32 dande
217 1062 42 21 av
282 1054 194 31 kostnaden
499 1056 54 31 för
572 1057 89 31 hans
682 1067 76 22 resa
780 1059 50 30 till
851 1059 379 34 hemortskommunen.
1254 1063 66 30 Till
1342 1063 125 32 sådant
1486 1074 87 21 rese-

81 1103 188 34 understöd
294 1106 100 40 utgår
421 1109 208 41 statsbidrag
653 1112 81 30 med
760 1112 102 31 halva
887 1114 169 40 beloppet.
1083 1115 116 40 Enligt
1224 1117 183 31 utskottets
1433 1118 140 40 mening

81 1157 110 32 skulle
210 1159 181 41 befintliga
409 1161 330 34 missförhållanden
759 1165 10 30 i
788 1165 173 41 åtskilliga
980 1167 63 31 fall
1061 1168 153 38 mildras,
1235 1170 115 31 därest
1369 1172 204 30 statsverket

81 1213 123 28 ersatte
231 1212 78 31 hela
335 1215 269 32 resekostnaden
632 1218 81 31 eller
743 1220 107 30 större
879 1220 100 31 delen
1007 1221 116 31 därav.
1155 1222 170 32 Utskottet
1353 1224 59 31 vill
1439 1224 11 31 i
1480 1225 92 31 detta

81 1265 252 41 sammanhang
355 1266 123 39 erinra,
502 1273 49 28 att
574 1272 204 31 statsverket
800 1272 105 41 enligt
927 1275 39 29 31
991 1272 20 42 8
1033 1275 11 30 i
1065 1276 154 31 nämnda
1240 1277 207 40 kungörelse
1468 1279 102 30 ersät-

80 1318 49 30 ter
152 1319 104 40 nödig
279 1320 149 32 kostnad
450 1322 55 32 för
526 1323 66 31 den
615 1325 204 32 arbetslöses
841 1336 75 21 resa
940 1327 52 31 till
1015 1329 129 39 statligt
1166 1331 240 37 reservarbete,
1429 1332 50 31 dit
1500 1332 69 31 han

79 1370 185 39 hänvisats,
286 1377 89 28 samt
393 1378 50 28 att
462 1377 189 40 ersättning
671 1387 42 22 av
734 1380 197 31 statsmedel
951 1380 67 37 må,
1040 1383 63 30 när
1124 1383 169 31 särskilda
1314 1381 255 48 omständighe-

78 1426 49 28 ter
155 1425 114 32 därtill
296 1426 192 39 föranleda,
517 1430 85 31 efter
631 1432 536 34 arbetslöshetskommissionens
1196 1437 262 32 bestämmande
1488 1438 81 40 utgå

77 1476 129 38 jämväl
225 1479 55 31 för
301 1480 65 31 den
386 1481 204 33 arbetslöses
609 1484 159 32 hemresa
789 1485 79 31 från
889 1486 125 32 sådant
1034 1489 125 30 arbete.

122 1539 170 33 Utskottet
309 1542 59 31 vill
386 1542 148 34 sålunda
551 1545 126 32 föreslå
695 1547 184 41 riksdagen
896 1552 50 28 att
965 1550 63 31 hos
1048 1550 123 40 Kungl.
1192 1552 100 39 Maj:t
1309 1553 183 31 hemställa
1511 1564 57 21 om

76 1601 41 22 en
139 1592 318 43 förutsättningslös
480 1599 185 41 utredning
685 1600 179 40 angående
886 1602 225 41 möjligheten
1132 1607 49 28 att
1204 1612 123 33 genom
1348 1607 188 40 ändringar
1557 1608 11 30 i

76 1647 244 32 ovannämnda
342 1649 207 40 kungörelse
569 1653 80 31 eller
673 1661 124 32 genom
819 1656 109 31 andra
950 1656 215 33 föreskrifter
1189 1659 194 40 undanröja
1407 1661 81 31 eller
1511 1662 55 29 vä-

78 1700 165 40 sentligen
269 1702 124 32 mildra
419 1704 41 31 de
485 1706 228 39 olägenheter,
740 1718 74 20 som
840 1709 57 30 vid
922 1709 263 41 tillämpningen
1211 1712 10 30 i
1246 1713 254 32 kommunerna
1526 1723 41 21 av

78 1753 56 31 det
155 1757 200 30 nuvarande
377 1760 162 36 systemet
561 1759 54 31 för
637 1760 97 40 hjälp
757 1761 35 31 åt
814 1763 187 31 arbetslösa
1026 1764 87 31 visat
1137 1765 50 39 sig
1209 1766 125 39 uppstå
1358 1766 55 31 för
1437 1766 129 31 sådana

77 1807 197 38 arbetslösa,
300 1819 74 21 som
399 1811 61 30 där
485 1811 75 32 icke
583 1814 64 38 äga
671 1814 230 32 hemortsrätt.

166 1963 42 32 E.
255 1964 261 43 Principerna
541 1967 64 33 för
628 1968 411 45 behovsprövningen
1063 1972 13 32 i
1101 1969 363 52 fattigvårdslagen

642 2024 193 40 (motionen
860 2026 24 30 I:
896 2026 94 41 288).

116 2110 12 29 I
150 2112 175 31 motionen
348 2113 28 30 I:
391 2114 65 30 288
477 2118 108 35 yttrar
605 2116 79 31 herr
707 2117 80 31 Otto
810 2118 187 40 Wangson,
1021 2123 49 28 att
1092 2131 56 20 om
1171 2122 42 30 de
1234 2124 145 39 uppslag
1401 2123 51 31 till
1472 2127 89 36 tryg-

71 2163 110 37 gande
203 2173 42 21 av
268 2166 41 30 de
332 2166 184 40 oförskyllt
539 2169 228 32 nödlidandes
790 2172 66 30 rätt
879 2175 49 27 att
953 2172 129 32 erhålla
1105 2174 97 40 hjälp
1226 2184 42 21 av
1291 2177 192 36 samhället,
1508 2177 54 30 för

70 2215 90 31 vilka
184 2217 191 40 redogjorts
400 2221 110 31 under
534 2221 23 31 C
582 2223 66 30 och
671 2223 31 30 D
727 2223 10 30 i
760 2224 92 31 detta
876 2225 188 38 utlåtande,
1091 2228 110 30 skulle
1222 2229 134 31 behöva
1380 2230 180 31 föranleda

69 2269 194 38 ytterligare
288 2272 194 40 utredning,
512 2275 96 30 torde
635 2276 57 30 vid
720 2277 113 31 denna
860 2279 184 39 utredning
1070 2279 124 40 frågan
1221 2291 57 20 om
1305 2292 41 20 en
1373 2284 186 38 uppmjuk-

70 2321 81 40 ning
179 2332 42 21 av
251 2324 65 30 den
346 2325 9 30 i
386 2326 135 40 princip
550 2328 151 40 orimligt
730 2331 138 38 stränga
899 2332 311 41 behovsprövning,
1242 2344 73 21 som
1346 2345 48 21 nu
1424 2336 136 39 föregår

71 2375 315 40 hjälpbeviljandet,
413 2379 184 40 lämpligen
623 2383 100 37 göras
747 2383 48 30 till
821 2383 146 31 föremål
993 2385 53 30 för
1070 2387 246 37 övervägande.
1345 2389 12 28 I
1384 2389 175 29 motionen

70 2427 215 38 ifrågasättes
305 2434 49 27 atl
376 2431 46 30 till
453 2434 4 27 I
484 2432 19 39 8
524 2433 106 31 första
652 2436 131 37 stycket
802 2436 305 41 fattigvårdslagen
1128 2441 80 36 göra
1230 2442 46 28 ett
1296 2440 117 40 tillägg
1433 2451 42 21 av
1495 2442 63 30 föl-

66 2479 104 39 jande
194 2482 141 39 lydelse:

109 2553 119 35 Bihang
251 2556 44 26 till
320 2556 180 34 riksdagens
524 2560 156 33 protokoll
706 2561 82 27 1936.
822 2564 16 24 9
861 2563 87 26 saml.
984 2564 15 26 2
1022 2564 67 27 avd.
1124 2564 41 27 Nr
1188 2566 46 26 35.
1499 2569 18 28 3
