1894 2802
108 1891 129 24 Utskottet.

286 148 18 30 2
647 156 391 37 Bevillningsutskottets
1060 159 217 32 betänkande
1296 171 42 20 nr
1366 163 49 28 21.

285 236 11 29 i
320 237 117 31 ämnet
464 238 96 30 inom
585 238 109 31 sådan
721 240 59 35 tid,
807 243 49 28 att
882 242 141 30 ärendet
1047 243 117 30 kunde
1192 245 228 31 underställas
1449 247 83 29 1945
1560 246 55 32 års
1641 243 152 47 riksdag,

289 288 65 29 och
379 288 56 30 för
457 289 53 30 sin
532 289 53 31 del
608 289 76 31 icke
706 291 107 30 heller
834 292 119 37 kunde
975 292 172 37 tillstyrka
1168 294 198 31 införandet
1390 305 43 21 av
1456 300 46 27 ett
1526 297 265 36 skatteproviso-

288 337 101 37 rium,
411 339 149 35 grundat
581 340 145 31 allenast
747 341 45 36 på
815 342 56 30 det
892 342 44 31 då
957 343 233 37 föreliggande
1211 346 201 30 materialet.
1436 347 97 30 Efter
1553 345 240 44 övervägande

289 397 43 21 av
352 388 124 37 frågan
496 390 86 30 fann
602 391 51 36 sig
672 391 380 36 departementschefen
1073 395 11 29 i
1102 395 108 30 likhet
1232 397 77 29 med
1329 397 43 29 de
1390 398 219 36 sakkunniga
1627 399 86 31 böra
1733 409 56 21 av-

289 440 119 35 styrka
434 440 275 37 framläggandet
736 452 43 21 av
804 443 132 37 förslag
961 453 58 21 om
1044 446 211 34 provisorisk
1284 440 331 45 skattegruppering,
1643 449 149 32 baserad

288 490 45 35 på
353 489 266 37 ifrågavarande
639 493 371 37 utredningsmaterial.

335 541 83 29 1944
437 541 55 31 års
508 542 337 37 bevillningsutskott
862 546 154 30 uttalade
1032 546 11 30 i
1061 546 220 32 betänkande
1298 557 41 21 nr
1363 549 38 29 14
1421 549 53 30 sin
1494 549 298 33 tillfredsställelse

287 592 81 29 över
392 595 50 27 att
469 592 66 30 den
558 593 151 37 begärda
736 595 228 37 utredningen
988 596 177 36 angående
1188 598 409 38 dyrortsgrupperingens
1623 601 166 32 framtida

286 640 147 33 bestånd
455 644 65 29 och
542 643 216 38 utformning
779 645 198 36 igångsatts.
1002 647 78 34 Med
1104 648 138 36 hänsyn
1266 649 49 30 till
1338 649 142 37 frågans
1502 651 176 37 betydelse
1699 653 92 30 hade

287 693 55 30 det
363 693 89 30 dock
475 694 102 36 enligt
597 696 183 30 utskottets
802 697 142 36 mening
963 698 87 30 varit
1072 699 174 36 önskvärt,
1268 704 47 27 att
1336 700 130 37 förslag
1492 702 5 30 i
1518 703 116 30 ämnet
1654 704 135 30 kunnat

286 742 179 32 förväntas
486 745 50 31 till
558 746 83 29 1945
663 746 56 31 års
739 747 141 37 riksdag
902 748 82 30 eller
1003 752 49 27 att
1071 767 44 3 —
1134 750 107 30 sedan
1261 751 55 30 det
1337 752 90 30 visat
1449 752 59 37 sig,
1531 757 49 26 att
1601 754 92 30 detta
1712 754 79 30 icke

285 793 68 31 läte
377 795 51 36 sig
455 796 82 35 göra
560 813 44 4 —
627 795 209 33 åtminstone
859 802 47 27 ett
930 798 131 37 förslag
1085 800 50 30 till
1161 810 44 21 en
1230 801 210 36 provisorisk
1466 799 323 46 skattegruppering

285 844 136 31 kunnat
439 845 192 38 föreläggas
653 848 82 30 1944
754 848 55 31 års
826 849 151 37 riksdag.
998 850 52 31 Då
1070 850 123 37 Kungl.
1214 851 101 37 Maj:t
1333 853 77 30 icke
1427 858 111 26 ansett
1556 854 50 37 sig
1623 855 86 31 böra
1729 865 58 21 av-

286 894 68 32 låta
385 895 124 32 sådant
538 897 132 37 förslag
699 898 177 37 angående
906 901 210 35 provisorisk
1149 903 331 39 skattegruppering,
1513 905 81 30 ville
1624 906 164 31 utskottet

284 947 111 30 starkt
421 947 230 37 understryka
678 949 115 31 vikten
819 960 43 21 av
889 955 50 26 att
966 952 65 29 den
1056 951 179 37 pågående
1257 955 231 36 utredningen
1517 955 163 32 bedreves
1707 957 80 30 med

282 997 127 31 största
427 998 143 37 möjliga
588 1000 260 37 skyndsamhet,
869 1001 38 31 så
928 1006 50 26 att
998 1006 45 27 ett
1063 1003 129 36 slutligt
1211 1004 130 37 förslag
1360 1005 179 37 angående
1558 1006 229 33 förevarande

283 1048 171 35 spörsmål
471 1049 11 30 i
498 1050 77 30 dess
592 1051 116 30 helhet
725 1056 135 27 snarast
876 1053 118 30 kunde
1009 1053 192 37 föreläggas
1219 1055 194 37 riksdagen.
1433 1056 187 32 Utskottets
1635 1059 150 30 uttalan-

283 1098 41 30 de
347 1099 199 35 godkändes
568 1110 42 21 av
631 1101 194 37 riksdagen.

327 1148 15 30 I
362 1149 164 31 skrivelse
546 1150 66 30 den
636 1152 36 29 11
694 1150 138 37 januari
855 1153 84 31 1945
962 1152 65 32 har
1051 1154 84 31 1943
1156 1154 55 31 års
1232 1155 320 37 dyrortskommitté
1572 1158 141 36 anmält,
1736 1161 50 28 att

284 1198 206 32 kommittén
519 1200 200 32 beräknade
745 1202 120 31 kunna
894 1203 191 37 framlägga
1115 1205 220 31 betänkande
1363 1207 80 30 med
1472 1207 130 37 förslag
1629 1208 11 30 i
1668 1209 117 30 ämnet

282 1250 112 30 under
418 1250 108 31 första
548 1250 156 32 halvåret
730 1252 92 30 1945.
858 1252 51 31 De
931 1254 95 30 ännu
1050 1252 215 33 återstående
1288 1256 174 36 arbetena,
1487 1256 184 32 däribland
1693 1257 91 32 vissa

282 1300 226 37 utredningar
531 1310 57 21 om
611 1302 132 30 verkan
766 1302 44 37 på
834 1303 313 37 skatteunderlaget
1175 1314 43 21 av
1244 1304 93 31 olika
1361 1306 188 37 ändringar
1572 1307 12 30 i
1609 1312 84 26 orts-
1719 1309 66 30 och

283 1349 319 38 familjeavdragen,
627 1352 139 31 komme
789 1353 89 30 dock
900 1356 51 28 att
974 1356 77 33 taga
1074 1353 37 32 så
1137 1353 78 38 lång
1238 1355 49 30 tid
1311 1355 9 30 i
1344 1355 163 37 anspråk,
1532 1359 49 28 att
1602 1375 46 4 —
1670 1357 115 31 såsom

280 1400 207 32 kommittén
508 1400 191 33 framhållit
720 1403 105 30 redan
844 1403 12 30 i
872 1403 55 30 sin
950 1403 162 31 skrivelse
1132 1405 66 30 den
1220 1405 38 30 19
1277 1404 139 37 januari
1440 1406 83 30 1944
1540 1424 45 4 —
1603 1406 113 38 någon
1740 1407 44 38 på

281 1451 223 32 kommitténs
525 1452 129 39 förslag
674 1453 158 36 grundad
851 1454 213 36 proposition
1085 1454 77 31 icke
1181 1454 116 32 kunde
1317 1455 140 36 avgivas
1478 1455 50 32 till
1549 1457 235 31 innevarande

281 1500 55 33 års
355 1502 150 37 riksdag.

324 1587 14 29 I
360 1587 67 30 den
447 1597 48 20 nu
517 1587 234 36 föreliggande
772 1588 259 36 propositionen
1053 1589 65 30 har
1138 1589 381 39 departementschefen
1539 1591 116 31 anfört
1676 1591 109 31 bland

280 1642 117 31 annat,
426 1642 50 26 att
502 1638 67 30 vad
598 1638 156 36 fjolårets
781 1639 142 36 riksdag
951 1639 150 31 uttalade
1128 1639 59 30 vid
1217 1640 256 37 behandlingen
1502 1651 43 21 av
1573 1641 125 37 frågan
1725 1652 59 21 om

280 1688 365 37 skattegrupperingen
671 1689 121 31 endast
816 1689 86 36 gåve
927 1690 378 35 departementschefen
1329 1692 188 36 anledning
1542 1693 240 37 understryka,

279 1743 49 27 att
347 1739 73 30 han
440 1739 119 31 delade
581 1739 266 37 uppfattningen
868 1750 58 20 om
946 1744 48 27 att
1014 1741 128 36 slutligt
1164 1741 130 37 förslag
1314 1742 11 30 i
1346 1742 436 38 dyrortsgrupperingsfrå-

280 1797 67 28 gan
365 1794 136 27 snarast
519 1790 135 37 möjligt
671 1791 109 30 borde
799 1790 193 38 föreläggas
1010 1791 195 37 riksdagen.

323 1881 123 32 Såsom
462 1882 154 37 framgår
632 1893 44 21 av
693 1884 67 30 den
775 1893 91 21 ovan
883 1885 162 30 lämnade
1060 1885 238 36 redogörelsen
1317 1887 65 29 har
1401 1886 380 37 departementschefen

278 1934 11 29 i
313 1934 66 29 den
402 1933 267 36 ifrågavarande
688 1934 261 36 propositionen
969 1935 132 37 uttalat,
1125 1939 49 27 att
1198 1936 69 30 han
1290 1936 122 31 delade
1434 1936 266 38 uppfattningen
1723 1948 58 21 om

279 1988 49 26 att
353 1984 132 36 slutligt
512 1984 130 37 förslag
670 1985 11 29 i
710 1985 491 37 dyrortsgrupperingsfrågan
1229 1991 135 26 snarast
1395 1987 134 36 möjligt
1556 1987 109 32 borde
1691 1988 89 31 före-

277 2037 116 35 läggas
417 2036 193 36 riksdagen.
635 2036 14 29 I
673 2036 187 31 förlitande
880 2036 47 36 på
949 2040 49 27 att
1021 2036 37 31 så
1082 2038 159 30 kommer
1264 2041 48 27 att
1336 2039 60 29 ske
1420 2039 63 30 har
1507 2039 166 32 utskottet
1695 2039 84 32 intet

278 2089 48 26 att
346 2085 115 31 erinra
479 2089 71 27 mot
567 2086 56 30 det
641 2086 10 29 i
671 2086 258 36 propositionen
949 2086 195 37 framlagda
1162 2087 171 37 förslaget.

322 2135 118 31 Under
461 2135 219 37 åberopande
700 2146 42 21 av
763 2137 67 30 vad
850 2136 147 31 sålunda
1018 2137 133 31 anförts
1174 2137 55 32 får
1249 2139 164 31 utskottet
1434 2139 192 38 hemställa,

631 2208 50 26 att
698 2204 184 36 riksdagen
902 2203 106 32 måtte
1025 2204 122 31 bifalla
1169 2205 121 37 Kungl.
1313 2206 119 36 Maj:ts
1452 2207 229 31 förevarande
1702 2217 77 27 pro-

585 2255 151 36 position
755 2264 41 21 nr
822 2256 70 30 121.

319 2323 200 30 Stockholm
539 2323 66 31 den
628 2323 39 30 13
689 2332 91 21 mars
803 2323 94 30 1945.

721 2388 48 32 På
785 2389 388 37 bevillningsutskottets
1192 2391 141 36 vägnar:

904 2465 37 30 A.
968 2466 28 30 J.
1022 2461 123 35 BÄRG.
