2172 2620
418 186 45 46 36
861 192 247 32 Statsutskottets
1136 193 169 33 Utlåtande
1328 195 62 32 N:o
1414 197 52 30 51.

373 281 46 22 en
449 268 314 48 dragningskraft
787 268 59 36 till
872 269 148 36 inträde
1043 268 10 36 i
1080 269 73 36 den
1175 269 131 48 tjänst,
1329 270 66 37 där
1413 273 157 36 sålunda
1593 275 167 47 tryggad
1785 276 183 48 ställning

373 322 76 33 står
478 324 57 31 att
563 319 126 48 vinna,
718 319 134 50 hvarje
880 326 95 42 steg,
1005 333 80 24 som
1114 326 110 42 tages
1252 320 12 37 i
1292 321 175 52 riktning
1494 329 56 31 att
1579 325 208 37 förminska
1808 327 159 37 berörda

371 370 198 49 trygghet,
587 371 168 37 kommer
770 377 57 31 att
842 372 129 36 utöfva
986 385 46 23 en
1048 377 155 31 motsatt
1218 373 146 37 verkan
1378 378 48 46 på
1442 376 68 36 alla
1528 376 98 47 dem,
1647 377 150 37 hvilkas
1813 379 154 49 kompe-

371 427 86 31 tens
486 423 70 35 och
585 422 201 49 duglighet
814 424 125 35 lämna
967 423 84 36 dem
1081 423 202 50 möjlighet
1311 431 54 30 att
1393 428 100 47 välja
1522 428 139 36 mellan
1689 428 101 37 olika
1819 430 83 49 slag
1930 431 41 36 af

371 473 253 37 verksamhet.
680 476 68 35 Att
788 475 121 37 under
949 475 140 36 sådana
1131 476 264 38 förhållanden
1423 479 60 36 för
1511 480 46 36 de
1584 480 382 49 tjänstinnehafvare,

371 525 149 36 hvilkas
556 526 298 48 pensionsväsen
896 526 96 36 skall
1033 527 169 49 regleras
1239 541 139 34 genom
1407 529 290 50 ifrågavarande
1726 533 76 48 lag,
1832 533 135 37 bereda

371 589 46 23 en
460 577 195 49 ställning,
698 591 79 23 som
820 583 41 31 är
902 578 86 37 vida
1031 578 146 37 mindre
1218 579 269 52 betryggande
1529 587 49 31 än.
1618 584 72 35 den
1719 584 47 36 de
1795 585 58 35 för
1880 591 86 30 när-

370 628 166 36 varande
576 634 84 43 äga,
703 643 115 35 synes
860 630 274 36 statskontoret
1176 630 173 38 hvarken
1392 646 88 24 vara
1523 634 107 36 klokt
1671 635 94 37 eller
1793 637 173 45 rättvist;

369 680 70 36 och
485 681 276 37 statskontoret
803 682 75 36 kan
919 682 129 36 därför
1088 682 81 36 icke
1211 683 147 36 ansluta
1401 685 61 49 sig
1505 686 57 36 till
1603 687 170 48 lydelsen
1816 690 41 33 af
1895 688 71 36 den

371 730 274 48 bestämmelse,
688 746 80 23 som
806 733 159 49 intagits
994 733 11 35 1
1036 735 17 33 7
1084 732 23 51 $
1137 734 117 36 andra
1282 736 151 48 stycket
1461 737 57 36 uti
1546 738 247 37 kommitténs
1821 740 146 48 förslag

369 782 56 36 till
462 783 256 50 pensionslag.
776 784 124 37 Sedan
942 785 223 37 kommittén
1206 786 13 35 i
1251 788 18 33 6
1299 787 19 46 8
1347 788 194 49 föreslagit
1583 790 222 47 stadgande,
1844 791 122 49 enligt

368 833 149 38 hvilket
545 835 218 49 ovillkorlig
792 836 220 49 skyldighet
1041 842 54 31 att
1125 837 90 48 afgå
1242 838 86 36 från
1356 839 169 48 tjänsten
1553 841 170 36 inträder
1750 842 60 37 för
1829 844 136 46 tjänst-

370 885 258 43 innehafvare,
671 901 80 23 som
793 888 122 36 under
943 889 74 36 fem
1046 891 47 46 på
1122 889 216 37 hvarandra
1365 891 169 48 följande
1563 895 40 33 år
1630 893 12 35 i
1672 893 94 48 följd
1795 895 42 35 af
1861 895 103 47 sjuk-

368 937 98 47 dom,
509 939 202 36 vanförhet
752 939 92 36 eller
884 940 78 47 lyte
1005 940 95 36 varit
1142 954 45 22 ur
1227 942 112 35 stånd
1368 948 55 30 att
1450 944 212 48 tjänstgöra
1694 945 69 36 och
1793 946 171 37 befinnes

368 1002 87 23 vara
499 990 114 36 äfven
654 990 59 36 för
754 990 202 37 framtiden
997 992 57 36 till
1091 992 265 49 tjänstgöring
1383 995 237 49 oförmögen,
1650 996 212 37 innehåller
1893 1000 18 33 7
1942 998 21 48 8

367 1040 196 37 föreskvift
605 1056 59 22 om
702 1042 75 36 den
814 1043 340 48 pensionsförmån,
1185 1057 80 23 som
1295 1045 97 36 skall
1420 1046 148 37 tillfalla
1599 1047 105 48 dylik
1733 1048 57 36 till
1819 1049 146 49 afgång

366 1092 82 36 från
476 1092 169 49 tjänsten
674 1094 207 48 förpliktad
910 1095 380 48 tjänstinnehafvare.
1346 1097 234 37 Kommittén
1609 1099 69 36 har
1706 1100 10 35 i
1746 1100 134 36 sådant
1910 1102 53 35 af-

366 1144 138 37 seende
547 1144 227 50 visserligen
816 1146 207 49 föreslagit,
1067 1151 55 32 att
1157 1147 164 48 pension
1351 1149 104 36 alltid
1483 1150 96 36 skall
1607 1154 105 46 utgå,
1743 1165 88 23 men
1860 1153 104 48 gjort

365 1196 232 47 pensionens
626 1197 137 49 belopp
793 1200 38 33 så
863 1197 187 37 beroende
1080 1198 40 36 af
1144 1198 234 48 tjänstårens
1406 1202 115 45 antal,
1552 1207 65 41 att,
1638 1203 87 36 med
1746 1205 216 47 antagande

365 1247 42 36 af
443 1247 245 38 kommitténs
730 1249 147 49 förslag
911 1250 10 35 i
950 1249 123 37 denna
1101 1249 61 37 del
1191 1250 258 47 oförändradt,
1479 1253 65 36 fall
1573 1257 120 34 måste
1722 1255 165 47 inträffa,
1917 1256 47 36 då

363 1299 375 51 pensionsbeloppet,
768 1301 156 36 sålunda
954 1301 222 47 beräknadt,
1205 1302 83 37 icke
1316 1303 150 37 komme
1496 1310 56 31 att
1581 1312 189 46 motsvara
1792 1312 55 31 ett
1867 1308 98 35 efter

364 1350 46 37 de
439 1351 236 49 måttligaste
703 1353 167 49 anspråk
898 1357 46 45 på
972 1353 108 37 lifvet
1108 1353 198 49 afpassadt
1332 1355 211 37 underhåll.
1586 1358 127 36 Äfven
1741 1372 62 22 om
1823 1359 141 36 sådana

366 1401 63 37 fall
458 1403 84 36 icke
571 1403 125 38 blefve
725 1404 128 37 alltför
880 1405 148 47 talrika,
1058 1405 121 36 skulle
1208 1405 115 37 däraf
1345 1407 95 36 dock
1469 1408 339 50 nödvändiggöras
1837 1423 47 23 en
1904 1411 60 36 hel

366 1454 60 36 del
468 1455 330 49 framställningar
839 1470 60 22 om
941 1457 342 48 pensionsfyllnad,
1327 1458 125 37 hvilka
1495 1459 207 50 riksdagen
1740 1464 40 33 så
1809 1462 155 48 mycket

365 1505 146 38 mindre
539 1506 121 37 skulle
688 1507 128 36 kunna
845 1508 125 36 lämna
1001 1514 94 31 utan
1122 1509 189 43 afseende,
1341 1524 80 23 som
1451 1516 56 31 ett
1534 1512 125 48 afslag
1687 1516 17 33 å
1736 1513 227 49 riksdagens

364 1557 80 36 sida
486 1558 124 36 skulle
647 1558 151 37 komma
827 1565 54 31 att
910 1563 56 33 stå
995 1560 11 36 i
1035 1560 95 36 strid
1160 1566 79 31 mot
1267 1562 99 36 hvad
1395 1563 208 49 riksdagen
1631 1564 167 37 beslutat
1825 1565 12 35 i
1865 1567 98 35 före-

362 1609 150 47 gående
541 1610 179 37 liknande
750 1611 131 49 frågor
909 1612 70 36 och
1008 1612 171 36 förefalla
1208 1616 41 33 så
1275 1614 155 48 mycket
1449 1628 100 23 mera
1572 1616 254 49 oförklarligt,
1847 1617 115 37 sedan

361 1661 401 47 tjänstinnehafvarne
806 1663 125 49 börjat
973 1669 55 31 att
1069 1664 138 48 själfva
1249 1665 158 50 bidraga
1451 1666 54 36 till
1548 1668 414 48 pensionskostnadens

362 1712 220 38 täckande.»

492 1764 309 38 »Statskontoret
842 1766 70 37 har
953 1770 46 46 på
1041 1767 127 48 grund
1197 1768 43 35 af
1265 1768 63 37 det
1356 1782 49 23 nu
1435 1770 160 36 anförda
1624 1776 126 31 ansett
1778 1772 64 36 det
1871 1786 90 23 vara

361 1815 240 50 nödvändigt
643 1823 55 31 att
741 1818 59 36 för
838 1818 63 36 det
929 1819 12 35 i
971 1821 20 33 6
1020 1820 19 46 8
1068 1819 31 48 ce)
1143 1819 253 38 omhandlade
1424 1821 65 36 fall
1519 1822 133 36 fastslå
1679 1828 57 31 ett
1765 1824 196 48 pensions-

358 1866 212 48 minimum;
613 1869 69 37 och
725 1869 70 36 har
836 1871 276 36 statskontoret
1154 1871 134 36 därvid
1317 1871 79 38 dels
1425 1873 86 37 med
1540 1873 158 49 ledning
1727 1876 41 35 af
1793 1876 47 36 de
1869 1889 91 35 pen-

356 1918 257 52 sionsbelopp,
656 1934 81 24 som
781 1921 207 49 riksdagen
1030 1923 120 36 under
1179 1936 134 24 senare
1341 1923 100 38 tider
1468 1924 159 49 beviljat
1655 1926 167 49 obotligt
1848 1928 113 47 sjuka

356 1969 372 48 tjänstinnehafvare
759 1973 85 37 med
869 1974 282 47 jämförelsevis
1176 1975 88 36 kort
1296 1976 189 48 tjänsttid,
1515 1976 81 37 dels
1616 1978 70 36 ock
1706 1979 84 36 med
1814 1979 148 48 hänsyn

356 2027 117 43 tagen
501 2023 58 36 till
588 2024 46 37 de
663 2024 162 48 afgifter
851 2025 60 36 för
939 2026 284 49 pensionering,
1253 2027 130 37 hvilka
1411 2028 226 37 hädanefter
1664 2030 154 36 komma
1847 2036 56 30 att
1923 2031 40 35 af

357 2072 110 38 dessa
505 2075 367 48 tjänstinnehafvare
911 2077 139 49 själfva
1079 2078 190 48 erläggas,
1300 2082 123 34 såsom
1452 2080 378 48 pensionsminimum
1860 2082 100 35 före-

357 2121 114 51 slagit
515 2131 55 31 ett
610 2127 139 50 belopp
787 2129 268 36 motsvarande
1084 2135 58 31 tre
1170 2130 231 48 fjärdedelar
1429 2132 42 35 af
1496 2131 63 37 det
1587 2132 59 36 för
1674 2133 70 36 den
1777 2133 183 48 afgångs-

356 2176 163 49 pliktige
548 2178 400 48 tjänstinnehafvaren
976 2180 179 49 gällande
1184 2182 408 49 pensionsunderlag.»

486 2228 174 38 Rörande
702 2231 124 37 denna
868 2233 104 48 fråga
1002 2232 211 38 innehåller
1241 2234 417 49 statsrådsprotokollet
1687 2236 171 49 följande
1884 2239 75 44 ytt-

358 2280 114 36 rande
504 2280 40 36 af
569 2278 419 52 departementschefen
1022 2283 82 49 (sid.
1135 2286 186 42 69—70):
