2188 2634
690 187 255 33 Statsutskottets
976 187 168 33 Utlåtande
1166 188 63 32 N:o
1251 190 48 30 51.
1729 189 40 30 13

207 268 207 48 utredning
443 268 11 35 i
482 267 112 49 fråga
623 281 61 22 om
715 267 195 36 storleken
939 267 41 36 af
1004 267 47 37 de
1080 267 167 49 afgifter,
1277 280 80 24 som
1387 267 121 37 skulle
1528 268 129 35 kunna
1676 267 137 49 tjänst-

207 320 278 38 innehafvarna
513 319 58 37 för
600 332 99 35 egen
728 319 278 49 pensionering
1034 320 170 48 åläggas.

336 373 17 36 I
381 371 410 50 riksdagsskrifvelsen
821 376 113 44 göres
963 371 169 37 därefter
1159 372 169 49 följande
1355 371 213 36 uttalande:
1610 389 10 7 -

339 424 97 37 »Det
477 437 115 36 synes
634 423 233 49 Riksdagen,
897 436 81 24 som
1008 423 121 37 skulle
1158 424 63 36 det
1249 437 92 23 vara
1369 429 57 31 att
1453 426 50 45 gå
1531 437 44 23 en
1608 423 117 36 sådan
1753 428 59 31 ut-

209 477 165 49 redning
414 477 13 36 1
464 476 149 48 förväg,
656 474 127 38 därest
823 475 222 49 Riksdagen
1086 489 51 22 nu
1179 476 121 36 skulle
1329 480 174 31 närmare
1531 476 118 35 inlåta
1678 474 60 49 sig
1765 478 48 46 på

208 533 120 45 något
369 527 240 39 bestämdare
650 527 197 36 uttalande
887 527 13 35 i
942 527 109 48 fråga
1079 540 61 23 om
1169 528 194 36 storleken
1392 527 41 36 af
1457 527 46 36 de
1533 527 168 48 afgifter,
1731 540 82 23 som

208 585 60 34 må
315 581 131 36 kunna
491 579 398 50 tjänstinnehafvarne
936 579 60 36 för
1042 592 98 35 egen
1185 579 275 49 pensionering
1505 579 176 48 åläggas;
1724 591 89 24 men

208 634 225 48 Riksdagen
474 632 67 36 har
576 631 97 37 dock
702 631 40 36 af
767 631 46 36 de
840 631 235 36 verkställda
1103 631 303 49 utredningarna
1434 631 163 36 rörande
1625 631 46 36 de
1700 630 114 48 afgif-

208 693 68 40 ter,
319 699 82 23 som
438 684 40 36 af
515 684 204 48 delägarne
751 683 13 36 i
792 682 236 37 civilstatens
1057 683 117 36 änke-
1203 684 71 36 och
1301 683 247 49 pupillkassa,
1578 683 122 48 enligt
1729 682 45 36 de
1802 683 12 35 i

209 738 73 37 den
311 737 134 48 kungl.
475 735 291 50 propositionen
795 734 213 50 åberopade
1028 735 170 48 grunder
1219 735 58 36 för
1296 735 236 48 reglemente
1551 735 60 36 för
1631 748 46 22 en
1696 734 118 37 sådan

208 791 123 46 kassa,
373 788 165 37 behöfde
578 792 167 43 uttagas,
788 792 95 31 trott
912 787 61 48 sig
1001 787 115 47 finna,
1147 792 55 31 att
1229 787 223 36 nuvarande
1481 786 333 48 aflöningsförhål-

209 842 137 36 landen
376 841 233 36 åtminstone
638 839 59 37 för
725 839 46 36 de
790 839 104 48 lägst
914 839 173 36 aflönade
1107 839 313 49 tjänstemännen
1440 838 231 49 näppeligen
1692 837 122 37 skulle

210 893 196 49 medgifva
449 892 107 37 dessa
598 891 178 48 delägare
819 895 66 42 att,
927 891 151 36 utöfver
1120 891 161 36 berörda
1323 890 169 48 afgifter,
1528 890 57 36 till
1618 890 58 36 sin
1715 902 99 36 egen

209 945 278 50 pensionering
528 943 139 37 afsätta
701 945 122 46 några
856 942 195 37 afsevärdt
1079 948 123 31 större
1231 942 148 49 belopp.
1436 942 52 36 På
1517 942 72 36 den
1617 942 196 36 blifvande

209 997 258 48 utredningen
495 995 109 37 torde
632 995 114 36 äfven
774 994 39 37 få
840 995 103 46 bero,
972 995 187 36 huruvida
1188 994 323 50 pensioneringen
1535 994 71 36 bör
1625 993 190 37 bestridas

209 1063 139 35 genom
391 1062 48 23 en
481 1048 86 36 med
610 1047 244 48 erforderligt
895 1046 233 48 statsbidrag
1160 1046 233 37 understödd
1421 1046 307 49 pensionskassa,
1757 1045 60 36 till

210 1101 159 37 hvilken
397 1099 420 50 tjänstinnehafvarnes
847 1098 156 49 afgifter
1030 1098 12 36 i
1071 1101 41 34 så
1140 1098 68 37 fall
1236 1098 122 37 skulle
1390 1098 102 47 ingå,
1523 1098 92 36 eller
1635 1111 72 34 om,
1730 1098 86 36 med

210 1152 267 38 bibehållande
513 1152 40 36 af
582 1165 52 23 nu
671 1156 148 44 gängse
847 1155 76 32 sätt
951 1151 59 35 för
1036 1151 274 48 pensionernas
1338 1150 254 47 utbetalning,
1623 1150 109 36 dessa
1761 1149 54 36 af-

210 1205 118 49 gifter
356 1204 122 37 skulle
507 1204 92 48 ingå
626 1203 60 36 till
714 1202 268 37 statskassan.»

341 1256 74 36 »På
458 1269 144 23 samma
643 1258 107 45 gång
786 1254 222 48 Riksdagen
1049 1254 84 36 icke
1161 1254 102 36 velat
1291 1254 198 36 underlåta
1518 1258 56 31 att
1601 1254 124 35 erinra
1753 1266 62 23 om

211 1307 311 38 önskvärdheten
566 1307 120 45 däraf,
730 1311 54 31 att
825 1306 260 48 utredningen
1114 1305 113 36 äfven
1256 1306 126 35 denna
1410 1308 107 45 gång
1545 1307 60 34 må
1634 1305 67 36 ske
1729 1305 86 35 med

213 1359 249 50 aktgifvande
505 1359 130 48 därpå,
679 1362 55 32 att
762 1362 145 32 statens
935 1358 161 47 utgifter
1124 1358 58 35 för
1210 1357 321 48 pensioneringen
1559 1357 11 35 i
1599 1356 216 49 möjligaste

211 1415 88 33 mån
339 1411 242 46 inskränkas,
624 1411 70 35 har
735 1410 97 36 dock
864 1409 217 48 Riksdagen
1109 1409 249 48 naturligtvis
1387 1409 83 35 icke
1499 1408 146 36 kunnat
1673 1408 143 36 förbise

212 1465 73 35 den
312 1463 188 37 inverkan
527 1465 48 46 på
603 1461 421 50 pensionskostnadens
1052 1460 247 50 totalbelopp,
1329 1460 157 36 hvartill
1508 1460 308 48 förvaltningens

212 1515 116 37 behof
367 1515 41 36 af
446 1514 120 37 ökade
596 1513 276 37 arbetskrafter
900 1513 76 36 kan
1005 1513 106 47 gifva
1143 1513 220 48 anledning,
1393 1512 90 36 eller
1511 1525 80 23 som
1620 1512 75 36 kan
1722 1512 94 48 följa

213 1568 41 36 af
277 1567 342 49 pensioneringens
659 1565 270 37 utsträckande
969 1565 58 35 till
1068 1565 249 36 innehafvare
1360 1564 40 36 af
1425 1564 275 48 befattningar,
1730 1563 86 37 med

208 1619 132 36 hvilka
370 1618 262 49 pensionsrätt
661 1622 100 31 ännu
791 1617 83 36 icke
903 1622 41 30 är
972 1616 195 36 förenad.»

340 1670 112 36 »Med
480 1670 135 35 hittills
645 1669 118 48 följda
783 1668 248 48 grundsatser
1053 1668 67 35 har
1139 1667 220 48 Riksdagen
1374 1666 147 50 jämväl
1541 1666 126 37 funnit
1691 1667 124 36 öfver-

208 1727 244 41 ensstämma,
482 1726 56 31 att
566 1721 45 35 de
640 1734 75 35 nya
743 1719 288 38 bestämmelser
1059 1719 12 35 1
1099 1719 110 48 fråga
1238 1732 60 23 om
1327 1718 377 49 pensionsväsendet,
1735 1730 81 24 som

210 1777 59 34 må
297 1774 154 36 komma
480 1778 55 31 att
564 1772 169 47 föreslås,
765 1771 72 36 och
866 1771 147 36 således
1038 1770 114 36 äfven
1180 1775 55 31 ett
1255 1769 211 37 eventuellt
1486 1769 226 49 stadgande,
1734 1782 81 23 som

208 1825 229 50 förpliktade
457 1847 4 6 -
479 1824 59 36 till
579 1823 235 49 erläggande
857 1823 41 36 af
922 1822 116 48 afgift
1065 1822 59 36 för
1153 1835 99 35 egen
1280 1821 284 49 pensionering,
1594 1821 121 36 skulle
1744 1825 73 44 äga

208 1877 274 48 tillämplighet
523 1876 136 36 endast
698 1878 49 46 på
788 1874 383 50 tjänstinnehafvare,
1215 1887 80 23 som
1338 1874 97 36 efter
1473 1873 46 36 de
1548 1886 75 36 nya
1651 1873 165 36 bestäm-

209 1929 207 37 melsernas
445 1928 184 36 trädande
659 1927 12 36 i
698 1927 103 35 kraft
830 1926 141 36 erhölle
1002 1925 130 49 syssla,
1155 1925 84 36 med
1262 1925 113 36 hvars
1395 1925 283 36 innehafvande
1697 1924 120 36 sådan

207 1980 238 50 förpliktelse
487 1992 91 23 vore
620 1978 227 47 förbunden,
891 1981 41 32 så
967 1978 115 35 framt
1110 1977 82 36 icke
1219 1977 165 48 tidigare
1413 1976 169 37 erhållen
1611 1976 205 36 befordran

209 2033 102 37 skett
339 2031 85 36 med
453 2030 232 49 uttryckligt
714 2029 187 37 förbehåll
930 2033 56 31 att
1013 2042 89 22 vara
1122 2028 380 49 pensionsreglering
1521 2027 292 36 underkastad.»

339 2083 76 36 »På
457 2082 126 48 grund
622 2083 41 34 af
687 2081 99 36 hvad
816 2080 222 48 Riksdagen
1068 2080 169 45 sålunda,
1267 2079 237 36 beträffande
1538 2079 123 35 denna
1690 2078 60 36 del
1779 2078 41 36 af

209 2137 70 36 den
321 2133 266 49 föreliggande
630 2133 147 47 frågan,
821 2131 136 46 anfört,
1000 2130 70 36 har
1098 2130 223 47 Riksdagen
1351 2129 108 37 alltså
1487 2130 127 35 funnit
1643 2129 61 47 sig
1731 2129 84 36 icke

208 2190 131 35 kunna
368 2190 139 43 antaga
534 2185 65 47 lag
633 2197 60 23 om
723 2183 110 37 civile
853 2181 392 49 tjänstinnehafvares
1264 2186 78 31 rätt
1360 2181 59 36 till
1437 2181 162 48 pension
1620 2180 41 36 af
1676 2188 139 38 staten,

209 2242 128 36 förrän
367 2251 47 23 en
443 2237 118 36 sådan
590 2236 227 48 ytterligare
845 2233 208 48 utredning
1081 2234 12 35 i
1123 2238 129 31 ämnet
1271 2233 158 35 vunnits
1450 2245 81 23 som
1553 2232 85 47 den,
1661 2231 155 36 hvilken

210 2291 219 48 Riksdagen
465 2289 69 35 här
563 2288 115 36 ofvan
706 2287 58 35 till
793 2286 86 36 dess
908 2285 391 49 hufvudsynpunkter
1328 2284 147 49 antydt.
1506 2283 223 49 Riksdagen
1748 2283 69 36 har
