2200 2620
410 175 41 32 74

862 177 251 33 Statsutskottets
1141 177 167 32 Utlåtande
1332 177 61 33 N:o
1415 179 53 31 51.

755 253 171 47 versitet,
967 253 58 36 till
1065 253 114 37 hvars
1220 254 249 39 innehafvare
1505 257 230 49 aflöningen,
1766 259 135 49 anslag
1929 260 43 36 af

756 305 286 36 universitetets
1083 305 124 37 medel
1248 305 249 50 oberäknadt,
1538 312 115 45 utgår
1684 311 241 37 uteslutande
1954 312 12 36 i

756 357 99 37 form
885 357 41 36 af
948 356 379 50 prebendepastorat,
1356 358 97 37 dock
1483 365 56 31 att
1566 360 12 36 i
1606 361 111 49 fråga
1745 375 60 24 om
1829 362 136 38 beräk-

756 408 96 49 ning
880 408 41 37 af
936 408 370 50 pensionsunderlag
1325 409 60 38 för
1403 424 48 23 en
1469 411 96 37 hvar
1584 412 43 36 af
1641 414 166 36 nämnda
1820 415 147 48 profes-

757 473 107 24 surer
904 460 97 36 skall
1041 460 112 48 gälla,
1195 465 57 32 att
1291 462 410 51 pensionsunderlaget
1733 465 95 37 skall
1857 479 110 24 anses

757 516 137 44 utgöra
935 511 198 37 enahanda
1173 511 149 50 belopp,
1355 527 81 23 som
1466 515 60 36 för
1554 529 126 23 annan
1706 517 196 49 professur
1930 518 42 36 af

757 563 64 37 det
848 563 123 49 slaget
998 563 64 37 vid
1082 576 144 24 samma
1243 564 237 50 universitet,
1502 567 67 36 där
1588 568 72 37 den
1675 568 291 49 ifrågavarande

756 615 243 49 professuren
1025 615 120 37 finnes
1173 616 177 47 inrättad,
1380 623 98 31 samt
1506 623 57 32 att
1594 620 372 48 tjänstinnehafvare

757 666 132 37 därvid
917 666 84 37 icke
1020 669 62 34 må
1100 666 299 49 tillgodoräknas
1419 669 276 51 ålderstillägg,
1715 672 86 36 med
1821 672 147 36 mindre

757 718 76 36 han
875 717 175 50 fullgjort
1090 718 45 37 de
1163 719 59 36 för
1250 732 125 24 annan
1403 720 169 38 likställd
1600 723 369 49 tjänstinnehafvare

756 770 61 36 för
845 769 286 49 ålderstilläggs
1159 770 226 49 åtnjutande
1412 773 232 37 föreskrifna
1670 775 153 45 villkor;

886 821 74 49 2:0)
998 826 55 32 att
1093 822 33 48 ej
1170 822 147 37 mindre
1359 823 46 37 de
1447 824 287 39 bestämmelser
1774 840 61 24 om
1876 840 91 37 pen-

757 873 182 36 sionsrätt
974 873 71 37 och
1078 873 222 49 skyldighet
1328 879 56 32 att
1412 875 60 37 för
1498 877 360 48 pensionsändamål
1885 879 82 35 vid-

757 924 147 37 kännas
936 924 237 49 löneafdrag,
1215 925 130 37 hvilka
1386 929 174 47 stadgats
1600 942 141 36 genom
1782 930 187 36 särskilda

757 976 143 49 nådiga
924 976 251 49 kungörelser
1202 977 42 36 af
1268 977 73 37 den
1362 980 46 34 27
1435 979 153 49 augusti
1614 982 99 35 1904
1733 981 235 37 beträffande

757 1027 34 49 a)
820 1027 286 37 tillförordnade
1133 1028 172 37 rektorer
1330 1029 65 37 vid
1414 1030 120 37 rikets
1562 1031 190 38 allmänna
1779 1033 189 46 läroverk,

756 1079 39 49 b)
836 1079 132 37 rektor
1001 1079 64 36 vid
1092 1079 121 49 högre
1242 1080 423 51 lärarinneseminariet,
1694 1084 33 49 c)
1755 1084 121 37 lärare
1903 1084 65 37 vid

757 1131 120 36 rikets
917 1130 425 38 folkskoleseminarier:
1379 1133 6 36 i
1426 1134 125 37 musik
1591 1135 70 37 och
1689 1139 107 46 sång,
1824 1137 13 36 i
1865 1136 103 37 teck-

757 1182 107 49 ning,
892 1182 13 36 i
932 1182 220 49 gymnastik
1180 1182 93 37 eller
1300 1183 13 36 i
1341 1184 109 49 slöjd,
1471 1186 199 37 äfvensom
1690 1200 139 36 genom
1849 1188 119 48 nådig

757 1234 227 48 kungörelse
1012 1234 42 36 af
1077 1234 73 36 den
1179 1236 21 35 9
1216 1234 88 49 juni
1325 1237 98 36 1905
1443 1237 237 38 beträffande
1699 1239 268 37 tillförordnad

757 1285 129 37 rektor
913 1285 65 36 vid
1006 1285 448 51 folkskoleseminarium,
1484 1289 118 48 skola,
1623 1291 112 36 äfven
1755 1292 95 36 efter
1870 1292 98 35 före-

757 1337 166 36 nämnda
963 1337 84 49 lags
1080 1338 227 47 antagande,
1336 1339 233 39 fortfarande
1598 1347 73 43 äga
1698 1343 192 48 giltighet,
1919 1347 49 32 än

758 1389 112 36 äfven
898 1388 101 37 hvad
1026 1389 13 36 i
1066 1389 118 49 öfrigt
1211 1402 142 36 genom
1381 1404 144 25 samma
1552 1393 66 48 lag
1643 1393 127 37 blifvit
1789 1394 180 49 stadgadt

758 1440 96 37 skall
886 1440 12 36 i
926 1440 226 50 tillämpliga
1185 1441 105 36 delar
1329 1442 103 48 gälla
1473 1456 46 24 en
1551 1444 96 37 hvar
1674 1445 42 37 af
1744 1446 109 37 dessa
1881 1446 86 36 rek-

757 1497 103 31 torer
888 1492 71 36 och
986 1493 137 45 lärare;

887 1543 74 50 3:0)
992 1549 54 31 att
1074 1544 46 36 de
1147 1545 214 48 pensioner,
1399 1559 81 24 som
1523 1548 85 36 med
1655 1548 243 50 tillämpning
1931 1549 42 36 af

758 1595 166 37 nämnda
964 1596 248 49 pensionslag
1252 1596 153 38 komma
1433 1604 56 31 att
1517 1599 172 49 beviljas,
1719 1601 106 36 skola
1852 1604 114 45 utgå:

757 1647 59 36 till
862 1647 368 48 tjänstinnehafvare
1277 1649 65 36 vid
1382 1655 214 44 poststaten
1638 1652 41 35 af
1714 1652 251 49 postmedlen,

758 1699 58 36 till
856 1699 366 49 tjänstinnehafvare
1262 1700 65 37 vid
1357 1701 197 38 tullstaten
1583 1703 41 36 af
1647 1703 233 48 tullmedlen,
1909 1704 60 37 till

758 1750 366 49 tjänstinnehafvare
1144 1754 21 33 å
1185 1756 146 45 patent-
1351 1753 71 36 och
1441 1754 428 49 registreringsverkets
1889 1760 80 32 stat

758 1802 86 36 från
883 1807 171 44 »patent-
1095 1803 71 36 och
1206 1804 426 50 varumärkesafgifters
1666 1813 98 30 samt
1790 1807 176 49 registre-

758 1853 287 49 ringsafgifters
1084 1854 112 37 fond»
1229 1860 98 31 samt
1360 1856 57 36 till
1446 1857 124 49 öfriga
1597 1858 371 49 tjänstinnehafvare

758 1905 86 36 från
885 1905 127 37 därtill
1054 1906 179 37 särskildt
1269 1908 175 36 anvisadt
1473 1909 150 49 anslag;
1653 1910 86 37 med
1768 1910 197 46 förbehåll,

760 1962 56 31 att
856 1957 47 36 de
943 1957 137 47 medel,
1116 1958 74 37 den
1217 1958 92 37 fond
1337 1959 92 37 eller
1457 1960 65 37 det
1550 1962 145 48 anslag,
1725 1962 82 36 från
1835 1962 132 36 hvilka

758 2008 255 50 pensionerna
1040 2009 159 37 sålunda
1217 2010 193 48 utbetalts,
1439 2011 159 38 beredes
1618 2014 242 49 godtgörelse
1880 2014 86 36 från

759 2060 74 36 den
861 2060 12 36 i
900 2062 43 34 11
966 2060 21 49 $
1006 2061 296 49 pensionslagen
1322 2063 247 37 omförmälda
1587 2065 274 48 pensionsfond
1880 2064 86 37 med

759 2111 148 50 belopp,
950 2125 82 24 som
1067 2126 129 24 svarar
1237 2119 79 31 mot
1357 2115 343 48 pensionsfondens
1741 2118 97 36 efter
1872 2117 89 36 fast-

760 2163 112 36 ställd
912 2163 365 51 fördelningsgrund
1310 2166 209 38 uträknade
1548 2168 111 37 andel
1685 2168 13 36 i
1725 2169 241 49 pensionsut-

759 2215 184 48 gifterna;
