<?xml version="1.0" encoding="UTF-8"?>
<alto xmlns="http://www.loc.gov/standards/alto/ns-v3#" xmlns:xlink="http://www.w3.org/1999/xlink" xmlns:xsi="http://www.w3.org/2001/XMLSchema-instance" xsi:schemaLocation="http://www.loc.gov/standards/alto/ns-v3# http://www.loc.gov/alto/v3/alto-3-0.xsd">
	<Description>
		<MeasurementUnit>pixel</MeasurementUnit>
		<sourceImageInformation>
			<fileName>/tmp/tess_jplkph_s_input.PNG</fileName>
		</sourceImageInformation>
		<OCRProcessing ID="OCR_0">
			<ocrProcessingStep>
				<processingSoftware>
					<softwareName>tesseract 5.3.0</softwareName>
				</processingSoftware>
			</ocrProcessingStep>
		</OCRProcessing>
	</Description>
	<Layout>
		<Page WIDTH="2174" HEIGHT="2620" PHYSICAL_IMG_NR="0" ID="page_0">
			<PrintSpace HPOS="0" VPOS="0" WIDTH="2174" HEIGHT="2620">
				<ComposedBlock ID="cblock_0" HPOS="146" VPOS="1201" WIDTH="202" HEIGHT="59">
					<TextBlock ID="block_0" HPOS="146" VPOS="1201" WIDTH="202" HEIGHT="59">
						<TextLine ID="line_0" HPOS="167" VPOS="1201" WIDTH="158" HEIGHT="31">
							<String ID="string_0" HPOS="167" VPOS="1201" WIDTH="158" HEIGHT="31" WC="0.90" CONTENT="Undantags-"/>
						</TextLine>
						<TextLine ID="line_1" HPOS="146" VPOS="1236" WIDTH="202" HEIGHT="24">
							<String ID="string_1" HPOS="146" VPOS="1236" WIDTH="202" HEIGHT="24" WC="0.94" CONTENT="bestämmelser."/>
						</TextLine>
					</TextBlock>
				</ComposedBlock>
				<ComposedBlock ID="cblock_1" HPOS="163" VPOS="1721" WIDTH="169" HEIGHT="26">
					<TextBlock ID="block_1" HPOS="163" VPOS="1721" WIDTH="169" HEIGHT="26">
						<TextLine ID="line_2" HPOS="163" VPOS="1721" WIDTH="169" HEIGHT="26">
							<String ID="string_2" HPOS="163" VPOS="1721" WIDTH="169" HEIGHT="26" WC="0.85" CONTENT="Motionerna."/>
						</TextLine>
					</TextBlock>
				</ComposedBlock>
				<ComposedBlock ID="cblock_2" HPOS="410" VPOS="193" WIDTH="1070" HEIGHT="33">
					<TextBlock ID="block_2" HPOS="410" VPOS="193" WIDTH="1070" HEIGHT="33">
						<TextLine ID="line_3" HPOS="410" VPOS="193" WIDTH="1070" HEIGHT="33">
							<String ID="string_3" HPOS="410" VPOS="193" WIDTH="41" HEIGHT="31" WC="0.96" CONTENT="26"/><SP WIDTH="425" VPOS="193" HPOS="451"/>
							<String ID="string_4" HPOS="876" VPOS="193" WIDTH="246" HEIGHT="32" WC="0.92" CONTENT="Statsutskottets"/><SP WIDTH="30" VPOS="193" HPOS="1122"/>
							<String ID="string_5" HPOS="1152" VPOS="193" WIDTH="165" HEIGHT="33" WC="0.95" CONTENT="Utlåtande"/><SP WIDTH="24" VPOS="193" HPOS="1317"/>
							<String ID="string_6" HPOS="1341" VPOS="194" WIDTH="60" HEIGHT="32" WC="0.96" CONTENT="N:o"/><SP WIDTH="27" VPOS="194" HPOS="1401"/>
							<String ID="string_7" HPOS="1428" VPOS="196" WIDTH="52" HEIGHT="29" WC="0.92" CONTENT="51."/>
						</TextLine>
					</TextBlock>
				</ComposedBlock>
				<ComposedBlock ID="cblock_3" HPOS="366" VPOS="270" WIDTH="1628" HEIGHT="877">
					<TextBlock ID="block_3" HPOS="366" VPOS="270" WIDTH="1628" HEIGHT="877">
						<TextLine ID="line_4" HPOS="366" VPOS="270" WIDTH="1593" HEIGHT="51">
							<String ID="string_8" HPOS="366" VPOS="270" WIDTH="187" HEIGHT="37" WC="0.91" CONTENT="hafvarne"/><SP WIDTH="27" VPOS="270" HPOS="553"/>
							<String ID="string_9" HPOS="580" VPOS="271" WIDTH="12" HEIGHT="35" WC="0.96" CONTENT="i"/><SP WIDTH="29" VPOS="271" HPOS="592"/>
							<String ID="string_10" HPOS="621" VPOS="270" WIDTH="207" HEIGHT="37" WC="0.96" CONTENT="allmänhet"/><SP WIDTH="27" VPOS="270" HPOS="828"/>
							<String ID="string_11" HPOS="855" VPOS="271" WIDTH="161" HEIGHT="48" WC="0.96" CONTENT="inträda,"/><SP WIDTH="30" VPOS="271" HPOS="1016"/>
							<String ID="string_12" HPOS="1046" VPOS="285" WIDTH="61" HEIGHT="23" WC="0.96" CONTENT="om"/><SP WIDTH="29" VPOS="285" HPOS="1107"/>
							<String ID="string_13" HPOS="1136" VPOS="272" WIDTH="46" HEIGHT="36" WC="0.96" CONTENT="de"/><SP WIDTH="29" VPOS="272" HPOS="1182"/>
							<String ID="string_14" HPOS="1211" VPOS="276" WIDTH="65" HEIGHT="32" WC="0.96" CONTENT="äro"/><SP WIDTH="20" VPOS="276" HPOS="1276"/>
							<String ID="string_15" HPOS="1296" VPOS="276" WIDTH="99" HEIGHT="42" WC="0.96" CONTENT="män,"/><SP WIDTH="20" VPOS="276" HPOS="1395"/>
							<String ID="string_16" HPOS="1415" VPOS="272" WIDTH="66" HEIGHT="36" WC="0.96" CONTENT="vid"/><SP WIDTH="18" VPOS="272" HPOS="1481"/>
							<String ID="string_17" HPOS="1499" VPOS="272" WIDTH="205" HEIGHT="49" WC="0.96" CONTENT="uppnådda"/><SP WIDTH="21" VPOS="272" HPOS="1704"/>
							<String ID="string_18" HPOS="1725" VPOS="274" WIDTH="45" HEIGHT="34" WC="0.93" CONTENT="67"/><SP WIDTH="22" VPOS="274" HPOS="1770"/>
							<String ID="string_19" HPOS="1792" VPOS="272" WIDTH="167" HEIGHT="37" WC="0.92" CONTENT="lefnads-"/>
						</TextLine>
						<TextLine ID="line_5" HPOS="367" VPOS="322" WIDTH="1593" HEIGHT="51">
							<String ID="string_20" HPOS="367" VPOS="322" WIDTH="72" HEIGHT="37" WC="0.96" CONTENT="och"/><SP WIDTH="29" VPOS="322" HPOS="439"/>
							<String ID="string_21" HPOS="468" VPOS="324" WIDTH="47" HEIGHT="34" WC="0.93" CONTENT="35"/><SP WIDTH="30" VPOS="324" HPOS="515"/>
							<String ID="string_22" HPOS="545" VPOS="322" WIDTH="172" HEIGHT="49" WC="0.92" CONTENT="tjänstår,"/><SP WIDTH="30" VPOS="322" HPOS="717"/>
							<String ID="string_23" HPOS="747" VPOS="323" WIDTH="82" HEIGHT="47" WC="0.96" CONTENT="och,"/><SP WIDTH="29" VPOS="323" HPOS="829"/>
							<String ID="string_24" HPOS="858" VPOS="336" WIDTH="62" HEIGHT="23" WC="0.96" CONTENT="om"/><SP WIDTH="21" VPOS="336" HPOS="920"/>
							<String ID="string_25" HPOS="941" VPOS="323" WIDTH="45" HEIGHT="37" WC="0.96" CONTENT="de"/><SP WIDTH="19" VPOS="323" HPOS="986"/>
							<String ID="string_26" HPOS="1005" VPOS="329" WIDTH="65" HEIGHT="31" WC="0.96" CONTENT="äro"/><SP WIDTH="19" VPOS="329" HPOS="1070"/>
							<String ID="string_27" HPOS="1089" VPOS="324" WIDTH="176" HEIGHT="46" WC="0.96" CONTENT="kvinnor,"/><SP WIDTH="20" VPOS="324" HPOS="1265"/>
							<String ID="string_28" HPOS="1285" VPOS="323" WIDTH="63" HEIGHT="36" WC="0.96" CONTENT="vid"/><SP WIDTH="21" VPOS="323" HPOS="1348"/>
							<String ID="string_29" HPOS="1369" VPOS="325" WIDTH="48" HEIGHT="35" WC="0.91" CONTENT="60"/><SP WIDTH="21" VPOS="325" HPOS="1417"/>
							<String ID="string_30" HPOS="1438" VPOS="323" WIDTH="166" HEIGHT="37" WC="0.91" CONTENT="lefnads-"/><SP WIDTH="22" VPOS="323" HPOS="1604"/>
							<String ID="string_31" HPOS="1626" VPOS="324" WIDTH="70" HEIGHT="36" WC="0.96" CONTENT="och"/><SP WIDTH="20" VPOS="324" HPOS="1696"/>
							<String ID="string_32" HPOS="1716" VPOS="326" WIDTH="48" HEIGHT="34" WC="0.92" CONTENT="30"/><SP WIDTH="19" VPOS="326" HPOS="1764"/>
							<String ID="string_33" HPOS="1783" VPOS="324" WIDTH="177" HEIGHT="49" WC="0.92" CONTENT="tjänstår,"/>
						</TextLine>
						<TextLine ID="line_6" HPOS="366" VPOS="374" WIDTH="1595" HEIGHT="50">
							<String ID="string_34" HPOS="366" VPOS="374" WIDTH="71" HEIGHT="36" WC="0.96" CONTENT="bör"/><SP WIDTH="40" VPOS="374" HPOS="437"/>
							<String ID="string_35" HPOS="477" VPOS="374" WIDTH="167" HEIGHT="36" WC="0.92" CONTENT="därefter"/><SP WIDTH="40" VPOS="374" HPOS="644"/>
							<String ID="string_36" HPOS="684" VPOS="374" WIDTH="132" HEIGHT="47" WC="0.91" CONTENT="tillses,"/><SP WIDTH="41" VPOS="374" HPOS="816"/>
							<String ID="string_37" HPOS="857" VPOS="375" WIDTH="12" HEIGHT="35" WC="0.94" CONTENT="i"/><SP WIDTH="41" VPOS="375" HPOS="869"/>
							<String ID="string_38" HPOS="910" VPOS="375" WIDTH="101" HEIGHT="36" WC="0.96" CONTENT="hvad"/><SP WIDTH="32" VPOS="375" HPOS="1011"/>
							<String ID="string_39" HPOS="1043" VPOS="378" WIDTH="87" HEIGHT="33" WC="0.95" CONTENT="mån"/><SP WIDTH="29" VPOS="378" HPOS="1130"/>
							<String ID="string_40" HPOS="1159" VPOS="375" WIDTH="124" HEIGHT="36" WC="0.93" CONTENT="denna"/><SP WIDTH="27" VPOS="375" HPOS="1283"/>
							<String ID="string_41" HPOS="1310" VPOS="375" WIDTH="253" HEIGHT="37" WC="0.92" CONTENT="normalålder"/><SP WIDTH="27" VPOS="375" HPOS="1563"/>
							<String ID="string_42" HPOS="1590" VPOS="375" WIDTH="12" HEIGHT="36" WC="0.82" CONTENT="i"/><SP WIDTH="28" VPOS="375" HPOS="1602"/>
							<String ID="string_43" HPOS="1630" VPOS="376" WIDTH="111" HEIGHT="48" WC="0.96" CONTENT="fråga"/><SP WIDTH="28" VPOS="376" HPOS="1741"/>
							<String ID="string_44" HPOS="1769" VPOS="388" WIDTH="61" HEIGHT="24" WC="0.95" CONTENT="om"/><SP WIDTH="28" VPOS="388" HPOS="1830"/>
							<String ID="string_45" HPOS="1858" VPOS="376" WIDTH="103" HEIGHT="36" WC="0.96" CONTENT="vissa"/>
						</TextLine>
						<TextLine ID="line_7" HPOS="366" VPOS="425" WIDTH="1595" HEIGHT="51">
							<String ID="string_46" HPOS="366" VPOS="437" WIDTH="169" HEIGHT="37" WC="0.96" CONTENT="grupper"/><SP WIDTH="40" VPOS="437" HPOS="535"/>
							<String ID="string_47" HPOS="575" VPOS="425" WIDTH="42" HEIGHT="36" WC="0.92" CONTENT="af"/><SP WIDTH="35" VPOS="425" HPOS="617"/>
							<String ID="string_48" HPOS="652" VPOS="426" WIDTH="368" HEIGHT="49" WC="0.91" CONTENT="tjänstinnehafvare"/><SP WIDTH="41" VPOS="426" HPOS="1020"/>
							<String ID="string_49" HPOS="1061" VPOS="430" WIDTH="60" HEIGHT="33" WC="0.93" CONTENT="må"/><SP WIDTH="32" VPOS="430" HPOS="1121"/>
							<String ID="string_50" HPOS="1153" VPOS="427" WIDTH="123" HEIGHT="36" WC="0.92" CONTENT="tarfva"/><SP WIDTH="27" VPOS="427" HPOS="1276"/>
							<String ID="string_51" HPOS="1303" VPOS="426" WIDTH="314" HEIGHT="37" WC="0.96" CONTENT="modifikationer."/><SP WIDTH="57" VPOS="426" HPOS="1617"/>
							<String ID="string_52" HPOS="1674" VPOS="427" WIDTH="145" HEIGHT="36" WC="0.85" CONTENT="Härvid"/><SP WIDTH="28" VPOS="427" HPOS="1819"/>
							<String ID="string_53" HPOS="1847" VPOS="440" WIDTH="114" HEIGHT="36" WC="0.96" CONTENT="synes"/>
						</TextLine>
						<TextLine ID="line_8" HPOS="367" VPOS="477" WIDTH="1594" HEIGHT="51">
							<String ID="string_54" HPOS="367" VPOS="477" WIDTH="66" HEIGHT="36" WC="0.96" CONTENT="det"/><SP WIDTH="41" VPOS="477" HPOS="433"/>
							<String ID="string_55" HPOS="474" VPOS="477" WIDTH="80" HEIGHT="49" WC="0.96" CONTENT="mig"/><SP WIDTH="40" VPOS="477" HPOS="554"/>
							<String ID="string_56" HPOS="594" VPOS="490" WIDTH="80" HEIGHT="24" WC="0.95" CONTENT="som"/><SP WIDTH="41" VPOS="490" HPOS="674"/>
							<String ID="string_57" HPOS="715" VPOS="478" WIDTH="115" HEIGHT="36" WC="0.95" CONTENT="borde"/><SP WIDTH="42" VPOS="478" HPOS="830"/>
							<String ID="string_58" HPOS="872" VPOS="478" WIDTH="11" HEIGHT="36" WC="0.95" CONTENT="i"/><SP WIDTH="42" VPOS="478" HPOS="883"/>
							<String ID="string_59" HPOS="925" VPOS="478" WIDTH="73" HEIGHT="37" WC="0.96" CONTENT="alla"/><SP WIDTH="41" VPOS="478" HPOS="998"/>
							<String ID="string_60" HPOS="1039" VPOS="479" WIDTH="46" HEIGHT="36" WC="0.95" CONTENT="de"/><SP WIDTH="41" VPOS="479" HPOS="1085"/>
							<String ID="string_61" HPOS="1126" VPOS="478" WIDTH="78" HEIGHT="47" WC="0.96" CONTENT="fall,"/><SP WIDTH="43" VPOS="478" HPOS="1204"/>
							<String ID="string_62" HPOS="1247" VPOS="478" WIDTH="66" HEIGHT="36" WC="0.96" CONTENT="där"/><SP WIDTH="39" VPOS="478" HPOS="1313"/>
							<String ID="string_63" HPOS="1352" VPOS="479" WIDTH="118" HEIGHT="36" WC="0.96" CONTENT="redan"/><SP WIDTH="41" VPOS="479" HPOS="1470"/>
							<String ID="string_64" HPOS="1511" VPOS="481" WIDTH="48" HEIGHT="47" WC="0.96" CONTENT="på"/><SP WIDTH="28" VPOS="481" HPOS="1559"/>
							<String ID="string_65" HPOS="1587" VPOS="479" WIDTH="126" HEIGHT="48" WC="0.96" CONTENT="grund"/><SP WIDTH="28" VPOS="479" HPOS="1713"/>
							<String ID="string_66" HPOS="1741" VPOS="479" WIDTH="42" HEIGHT="35" WC="0.96" CONTENT="af"/><SP WIDTH="23" VPOS="479" HPOS="1783"/>
							<String ID="string_67" HPOS="1806" VPOS="492" WIDTH="155" HEIGHT="23" WC="0.95" CONTENT="vunnen"/>
						</TextLine>
						<TextLine ID="line_9" HPOS="366" VPOS="528" WIDTH="1596" HEIGHT="51">
							<String ID="string_68" HPOS="366" VPOS="528" WIDTH="219" HEIGHT="37" WC="0.96" CONTENT="erfarenhet"/><SP WIDTH="27" VPOS="528" HPOS="585"/>
							<String ID="string_69" HPOS="612" VPOS="529" WIDTH="185" HEIGHT="36" WC="0.96" CONTENT="särskilda"/><SP WIDTH="27" VPOS="529" HPOS="797"/>
							<String ID="string_70" HPOS="824" VPOS="530" WIDTH="284" HEIGHT="37" WC="0.96" CONTENT="bestämmelser"/><SP WIDTH="26" VPOS="530" HPOS="1108"/>
							<String ID="string_71" HPOS="1134" VPOS="530" WIDTH="13" HEIGHT="36" WC="0.96" CONTENT="i"/><SP WIDTH="28" VPOS="530" HPOS="1147"/>
							<String ID="string_72" HPOS="1175" VPOS="543" WIDTH="51" HEIGHT="23" WC="0.96" CONTENT="nu"/><SP WIDTH="27" VPOS="543" HPOS="1226"/>
							<String ID="string_73" HPOS="1253" VPOS="530" WIDTH="249" HEIGHT="37" WC="0.96" CONTENT="förevarande"/><SP WIDTH="28" VPOS="530" HPOS="1502"/>
							<String ID="string_74" HPOS="1530" VPOS="530" WIDTH="216" HEIGHT="37" WC="0.96" CONTENT="hänseende"/><SP WIDTH="28" VPOS="530" HPOS="1746"/>
							<String ID="string_75" HPOS="1774" VPOS="530" WIDTH="99" HEIGHT="37" WC="0.95" CONTENT="visat"/><SP WIDTH="28" VPOS="530" HPOS="1873"/>
							<String ID="string_76" HPOS="1901" VPOS="531" WIDTH="61" HEIGHT="48" WC="0.96" CONTENT="sig"/>
						</TextLine>
						<TextLine ID="line_10" HPOS="366" VPOS="580" WIDTH="1596" HEIGHT="48">
							<String ID="string_77" HPOS="366" VPOS="592" WIDTH="94" HEIGHT="24" WC="0.96" CONTENT="vara"/><SP WIDTH="41" VPOS="592" HPOS="460"/>
							<String ID="string_78" HPOS="501" VPOS="580" WIDTH="41" HEIGHT="36" WC="0.96" CONTENT="af"/><SP WIDTH="35" VPOS="580" HPOS="542"/>
							<String ID="string_79" HPOS="577" VPOS="581" WIDTH="137" HEIGHT="47" WC="0.96" CONTENT="nöden,"/><SP WIDTH="43" VPOS="581" HPOS="714"/>
							<String ID="string_80" HPOS="757" VPOS="581" WIDTH="177" HEIGHT="37" WC="0.96" CONTENT="afseende"/><SP WIDTH="41" VPOS="581" HPOS="934"/>
							<String ID="string_81" HPOS="975" VPOS="595" WIDTH="102" HEIGHT="23" WC="0.96" CONTENT="mera"/><SP WIDTH="28" VPOS="595" HPOS="1077"/>
							<String ID="string_82" HPOS="1105" VPOS="582" WIDTH="119" HEIGHT="36" WC="0.95" CONTENT="fästas"/><SP WIDTH="28" VPOS="582" HPOS="1224"/>
							<String ID="string_83" HPOS="1252" VPOS="581" WIDTH="63" HEIGHT="37" WC="0.96" CONTENT="vid"/><SP WIDTH="29" VPOS="581" HPOS="1315"/>
							<String ID="string_84" HPOS="1344" VPOS="582" WIDTH="110" HEIGHT="36" WC="0.93" CONTENT="dessa"/><SP WIDTH="29" VPOS="582" HPOS="1454"/>
							<String ID="string_85" HPOS="1483" VPOS="582" WIDTH="308" HEIGHT="37" WC="0.91" CONTENT="erfarenhetsrön"/><SP WIDTH="29" VPOS="582" HPOS="1791"/>
							<String ID="string_86" HPOS="1820" VPOS="587" WIDTH="49" HEIGHT="31" WC="0.96" CONTENT="än"/><SP WIDTH="28" VPOS="587" HPOS="1869"/>
							<String ID="string_87" HPOS="1897" VPOS="582" WIDTH="65" HEIGHT="36" WC="0.96" CONTENT="vid"/>
						</TextLine>
						<TextLine ID="line_11" HPOS="366" VPOS="632" WIDTH="1597" HEIGHT="50">
							<String ID="string_88" HPOS="366" VPOS="632" WIDTH="353" HEIGHT="48" WC="0.96" CONTENT="upprätthållandet"/><SP WIDTH="29" VPOS="632" HPOS="719"/>
							<String ID="string_89" HPOS="748" VPOS="633" WIDTH="39" HEIGHT="36" WC="0.96" CONTENT="af"/><SP WIDTH="38" VPOS="633" HPOS="787"/>
							<String ID="string_90" HPOS="825" VPOS="646" WIDTH="47" HEIGHT="23" WC="0.96" CONTENT="en"/><SP WIDTH="34" VPOS="646" HPOS="872"/>
							<String ID="string_91" HPOS="906" VPOS="634" WIDTH="108" HEIGHT="47" WC="0.94" CONTENT="teori,"/><SP WIDTH="30" VPOS="634" HPOS="1014"/>
							<String ID="string_92" HPOS="1044" VPOS="634" WIDTH="58" HEIGHT="36" WC="0.96" CONTENT="för"/><SP WIDTH="26" VPOS="634" HPOS="1102"/>
							<String ID="string_93" HPOS="1128" VPOS="633" WIDTH="156" HEIGHT="37" WC="0.95" CONTENT="hvilken"/><SP WIDTH="27" VPOS="633" HPOS="1284"/>
							<String ID="string_94" HPOS="1311" VPOS="633" WIDTH="223" HEIGHT="48" WC="0.96" CONTENT="tillräckligt"/><SP WIDTH="23" VPOS="633" HPOS="1534"/>
							<String ID="string_95" HPOS="1557" VPOS="633" WIDTH="190" HEIGHT="49" WC="0.96" CONTENT="praktiskt"/><SP WIDTH="27" VPOS="633" HPOS="1747"/>
							<String ID="string_96" HPOS="1774" VPOS="633" WIDTH="189" HEIGHT="49" WC="0.96" CONTENT="underlag"/>
						</TextLine>
						<TextLine ID="line_12" HPOS="366" VPOS="683" WIDTH="1628" HEIGHT="50">
							<String ID="string_97" HPOS="366" VPOS="688" WIDTH="103" HEIGHT="31" WC="0.95" CONTENT="ännu"/><SP WIDTH="43" VPOS="688" HPOS="469"/>
							<String ID="string_98" HPOS="512" VPOS="683" WIDTH="82" HEIGHT="37" WC="0.95" CONTENT="icke"/><SP WIDTH="40" VPOS="683" HPOS="594"/>
							<String ID="string_99" HPOS="634" VPOS="684" WIDTH="111" HEIGHT="36" WC="0.96" CONTENT="torde"/><SP WIDTH="41" VPOS="684" HPOS="745"/>
							<String ID="string_100" HPOS="786" VPOS="685" WIDTH="128" HEIGHT="35" WC="0.96" CONTENT="kunna"/><SP WIDTH="29" VPOS="685" HPOS="914"/>
							<String ID="string_101" HPOS="943" VPOS="698" WIDTH="109" HEIGHT="24" WC="0.93" CONTENT="anses"/><SP WIDTH="29" VPOS="698" HPOS="1052"/>
							<String ID="string_102" HPOS="1081" VPOS="685" WIDTH="215" HEIGHT="36" WC="0.92" CONTENT="förefinnas."/><SP WIDTH="55" VPOS="685" HPOS="1296"/>
							<String ID="string_103" HPOS="1351" VPOS="685" WIDTH="90" HEIGHT="36" WC="0.96" CONTENT="Man"/><SP WIDTH="28" VPOS="685" HPOS="1441"/>
							<String ID="string_104" HPOS="1469" VPOS="688" WIDTH="119" HEIGHT="35" WC="0.96" CONTENT="måste"/><SP WIDTH="28" VPOS="688" HPOS="1588"/>
							<String ID="string_105" HPOS="1616" VPOS="685" WIDTH="195" HEIGHT="48" WC="0.92" CONTENT="nämligen"/><SP WIDTH="28" VPOS="685" HPOS="1811"/>
							<String ID="string_106" HPOS="1839" VPOS="686" WIDTH="121" HEIGHT="35" WC="0.81" CONTENT="förut-"/>
						</TextLine>
						<TextLine ID="line_13" HPOS="368" VPOS="735" WIDTH="1594" HEIGHT="51">
							<String ID="string_107" HPOS="368" VPOS="739" WIDTH="111" HEIGHT="43" WC="0.96" CONTENT="sätta,"/><SP WIDTH="44" VPOS="739" HPOS="479"/>
							<String ID="string_108" HPOS="523" VPOS="741" WIDTH="65" HEIGHT="42" WC="0.96" CONTENT="att,"/><SP WIDTH="42" VPOS="741" HPOS="588"/>
							<String ID="string_109" HPOS="630" VPOS="735" WIDTH="69" HEIGHT="37" WC="0.96" CONTENT="där"/><SP WIDTH="40" VPOS="735" HPOS="699"/>
							<String ID="string_110" HPOS="739" VPOS="736" WIDTH="134" HEIGHT="36" WC="0.96" CONTENT="hittills"/><SP WIDTH="29" VPOS="736" HPOS="873"/>
							<String ID="string_111" HPOS="902" VPOS="737" WIDTH="12" HEIGHT="35" WC="0.93" CONTENT="i"/><SP WIDTH="28" VPOS="737" HPOS="914"/>
							<String ID="string_112" HPOS="942" VPOS="737" WIDTH="111" HEIGHT="48" WC="0.96" CONTENT="fråga"/><SP WIDTH="27" VPOS="737" HPOS="1053"/>
							<String ID="string_113" HPOS="1080" VPOS="750" WIDTH="63" HEIGHT="23" WC="0.95" CONTENT="om"/><SP WIDTH="36" VPOS="750" HPOS="1143"/>
							<String ID="string_114" HPOS="1179" VPOS="737" WIDTH="286" HEIGHT="49" WC="0.93" CONTENT="pensionsålder"/><SP WIDTH="28" VPOS="737" HPOS="1465"/>
							<String ID="string_115" HPOS="1493" VPOS="737" WIDTH="204" HEIGHT="37" WC="0.91" CONTENT="afvikelser"/><SP WIDTH="27" VPOS="737" HPOS="1697"/>
							<String ID="string_116" HPOS="1724" VPOS="737" WIDTH="124" HEIGHT="49" WC="0.96" CONTENT="gjorts"/><SP WIDTH="28" VPOS="737" HPOS="1848"/>
							<String ID="string_117" HPOS="1876" VPOS="737" WIDTH="86" HEIGHT="36" WC="0.96" CONTENT="från"/>
						</TextLine>
						<TextLine ID="line_14" HPOS="367" VPOS="786" WIDTH="1594" HEIGHT="51">
							<String ID="string_118" HPOS="367" VPOS="786" WIDTH="75" HEIGHT="36" WC="0.96" CONTENT="den"/><SP WIDTH="28" VPOS="786" HPOS="442"/>
							<String ID="string_119" HPOS="470" VPOS="787" WIDTH="156" HEIGHT="49" WC="0.96" CONTENT="vanliga"/><SP WIDTH="27" VPOS="787" HPOS="626"/>
							<String ID="string_120" HPOS="653" VPOS="788" WIDTH="146" HEIGHT="48" WC="0.96" CONTENT="regeln,"/><SP WIDTH="29" VPOS="788" HPOS="799"/>
							<String ID="string_121" HPOS="828" VPOS="788" WIDTH="134" HEIGHT="36" WC="0.96" CONTENT="sådant"/><SP WIDTH="28" VPOS="788" HPOS="962"/>
							<String ID="string_122" HPOS="990" VPOS="788" WIDTH="198" HEIGHT="49" WC="0.96" CONTENT="undantag"/><SP WIDTH="27" VPOS="788" HPOS="1188"/>
							<String ID="string_123" HPOS="1215" VPOS="788" WIDTH="158" HEIGHT="37" WC="0.95" CONTENT="kommit"/><SP WIDTH="26" VPOS="788" HPOS="1373"/>
							<String ID="string_124" HPOS="1399" VPOS="788" WIDTH="60" HEIGHT="36" WC="0.95" CONTENT="till"/><SP WIDTH="28" VPOS="788" HPOS="1459"/>
							<String ID="string_125" HPOS="1487" VPOS="789" WIDTH="109" HEIGHT="36" WC="0.96" CONTENT="stånd"/><SP WIDTH="24" VPOS="789" HPOS="1596"/>
							<String ID="string_126" HPOS="1620" VPOS="789" WIDTH="96" HEIGHT="36" WC="0.96" CONTENT="först"/><SP WIDTH="19" VPOS="789" HPOS="1716"/>
							<String ID="string_127" HPOS="1735" VPOS="788" WIDTH="98" HEIGHT="37" WC="0.93" CONTENT="efter"/><SP WIDTH="20" VPOS="788" HPOS="1833"/>
							<String ID="string_128" HPOS="1853" VPOS="801" WIDTH="108" HEIGHT="36" WC="0.92" CONTENT="sorg-"/>
						</TextLine>
						<TextLine ID="line_15" HPOS="367" VPOS="838" WIDTH="1503" HEIGHT="50">
							<String ID="string_129" HPOS="367" VPOS="838" WIDTH="128" HEIGHT="49" WC="0.92" CONTENT="fälligt"/><SP WIDTH="28" VPOS="838" HPOS="495"/>
							<String ID="string_130" HPOS="523" VPOS="839" WIDTH="286" HEIGHT="48" WC="0.91" CONTENT="öfvervägande"/><SP WIDTH="29" VPOS="839" HPOS="809"/>
							<String ID="string_131" HPOS="838" VPOS="840" WIDTH="42" HEIGHT="36" WC="0.96" CONTENT="af"/><SP WIDTH="24" VPOS="840" HPOS="880"/>
							<String ID="string_132" HPOS="904" VPOS="840" WIDTH="46" HEIGHT="36" WC="0.96" CONTENT="de"/><SP WIDTH="27" VPOS="840" HPOS="950"/>
							<String ID="string_133" HPOS="977" VPOS="843" WIDTH="49" HEIGHT="45" WC="0.96" CONTENT="på"/><SP WIDTH="28" VPOS="843" HPOS="1026"/>
							<String ID="string_134" HPOS="1054" VPOS="841" WIDTH="138" HEIGHT="47" WC="0.93" CONTENT="frågan"/><SP WIDTH="28" VPOS="841" HPOS="1192"/>
							<String ID="string_135" HPOS="1220" VPOS="839" WIDTH="234" HEIGHT="37" WC="0.91" CONTENT="inverkande"/><SP WIDTH="29" VPOS="839" HPOS="1454"/>
							<String ID="string_136" HPOS="1483" VPOS="840" WIDTH="387" HEIGHT="48" WC="0.96" CONTENT="omständigheterna."/>
						</TextLine>
						<TextLine ID="line_16" HPOS="498" VPOS="890" WIDTH="1465" HEIGHT="50">
							<String ID="string_137" HPOS="498" VPOS="890" WIDTH="303" HEIGHT="49" WC="0.92" CONTENT="Vanskligheten"/><SP WIDTH="28" VPOS="890" HPOS="801"/>
							<String ID="string_138" HPOS="829" VPOS="896" WIDTH="55" HEIGHT="31" WC="0.96" CONTENT="att"/><SP WIDTH="27" VPOS="896" HPOS="884"/>
							<String ID="string_139" HPOS="911" VPOS="892" WIDTH="13" HEIGHT="35" WC="0.96" CONTENT="i"/><SP WIDTH="29" VPOS="892" HPOS="924"/>
							<String ID="string_140" HPOS="953" VPOS="891" WIDTH="249" HEIGHT="37" WC="0.96" CONTENT="förevarande"/><SP WIDTH="27" VPOS="891" HPOS="1202"/>
							<String ID="string_141" HPOS="1229" VPOS="892" WIDTH="217" HEIGHT="36" WC="0.96" CONTENT="hänseende"/><SP WIDTH="27" VPOS="892" HPOS="1446"/>
							<String ID="string_142" HPOS="1473" VPOS="892" WIDTH="112" HEIGHT="36" WC="0.96" CONTENT="träffa"/><SP WIDTH="28" VPOS="892" HPOS="1585"/>
							<String ID="string_143" HPOS="1613" VPOS="891" WIDTH="63" HEIGHT="37" WC="0.96" CONTENT="det"/><SP WIDTH="27" VPOS="891" HPOS="1676"/>
							<String ID="string_144" HPOS="1703" VPOS="892" WIDTH="12" HEIGHT="35" WC="0.84" CONTENT="i"/><SP WIDTH="28" VPOS="892" HPOS="1715"/>
							<String ID="string_145" HPOS="1743" VPOS="891" WIDTH="132" HEIGHT="49" WC="0.96" CONTENT="hvarje"/><SP WIDTH="22" VPOS="891" HPOS="1875"/>
							<String ID="string_146" HPOS="1897" VPOS="892" WIDTH="66" HEIGHT="35" WC="0.96" CONTENT="fall"/>
						</TextLine>
						<TextLine ID="line_17" HPOS="368" VPOS="942" WIDTH="1594" HEIGHT="50">
							<String ID="string_147" HPOS="368" VPOS="945" WIDTH="101" HEIGHT="33" WC="0.95" CONTENT="rätta"/><SP WIDTH="40" VPOS="945" HPOS="469"/>
							<String ID="string_148" HPOS="509" VPOS="942" WIDTH="107" HEIGHT="36" WC="0.95" CONTENT="torde"/><SP WIDTH="42" VPOS="942" HPOS="616"/>
							<String ID="string_149" HPOS="658" VPOS="942" WIDTH="209" HEIGHT="37" WC="0.95" CONTENT="emellertid"/><SP WIDTH="32" VPOS="942" HPOS="867"/>
							<String ID="string_150" HPOS="899" VPOS="943" WIDTH="108" HEIGHT="49" WC="0.96" CONTENT="ligga"/><SP WIDTH="27" VPOS="943" HPOS="1007"/>
							<String ID="string_151" HPOS="1034" VPOS="944" WIDTH="12" HEIGHT="35" WC="0.94" CONTENT="i"/><SP WIDTH="29" VPOS="944" HPOS="1046"/>
							<String ID="string_152" HPOS="1075" VPOS="948" WIDTH="125" HEIGHT="44" WC="0.96" CONTENT="öppen"/><SP WIDTH="41" VPOS="948" HPOS="1200"/>
							<String ID="string_153" HPOS="1241" VPOS="944" WIDTH="90" HEIGHT="48" WC="0.96" CONTENT="dag;"/><SP WIDTH="31" VPOS="944" HPOS="1331"/>
							<String ID="string_154" HPOS="1362" VPOS="943" WIDTH="70" HEIGHT="37" WC="0.96" CONTENT="och"/><SP WIDTH="25" VPOS="943" HPOS="1432"/>
							<String ID="string_155" HPOS="1457" VPOS="943" WIDTH="121" HEIGHT="37" WC="0.96" CONTENT="skulle"/><SP WIDTH="27" VPOS="943" HPOS="1578"/>
							<String ID="string_156" HPOS="1605" VPOS="943" WIDTH="12" HEIGHT="36" WC="0.96" CONTENT="i"/><SP WIDTH="28" VPOS="943" HPOS="1617"/>
							<String ID="string_157" HPOS="1645" VPOS="956" WIDTH="47" HEIGHT="23" WC="0.96" CONTENT="en"/><SP WIDTH="29" VPOS="956" HPOS="1692"/>
							<String ID="string_158" HPOS="1721" VPOS="943" WIDTH="154" HEIGHT="36" WC="0.93" CONTENT="framtid"/><SP WIDTH="28" VPOS="943" HPOS="1875"/>
							<String ID="string_159" HPOS="1903" VPOS="956" WIDTH="59" HEIGHT="23" WC="0.91" CONTENT="er-"/>
						</TextLine>
						<TextLine ID="line_18" HPOS="368" VPOS="993" WIDTH="1595" HEIGHT="50">
							<String ID="string_160" HPOS="368" VPOS="993" WIDTH="225" HEIGHT="37" WC="0.92" CONTENT="farenheten"/><SP WIDTH="41" VPOS="993" HPOS="593"/>
							<String ID="string_161" HPOS="634" VPOS="994" WIDTH="253" HEIGHT="49" WC="0.91" CONTENT="ådagalägga,"/><SP WIDTH="44" VPOS="994" HPOS="887"/>
							<String ID="string_162" HPOS="931" VPOS="1001" WIDTH="56" HEIGHT="30" WC="0.96" CONTENT="att"/><SP WIDTH="40" VPOS="1001" HPOS="987"/>
							<String ID="string_163" HPOS="1027" VPOS="995" WIDTH="46" HEIGHT="36" WC="0.92" CONTENT="de"/><SP WIDTH="41" VPOS="995" HPOS="1073"/>
							<String ID="string_164" HPOS="1114" VPOS="995" WIDTH="356" HEIGHT="48" WC="0.90" CONTENT="lagbestämmelser"/><SP WIDTH="41" VPOS="995" HPOS="1470"/>
							<String ID="string_165" HPOS="1511" VPOS="995" WIDTH="243" HEIGHT="46" WC="0.90" CONTENT="härutinnan,"/><SP WIDTH="43" VPOS="995" HPOS="1754"/>
							<String ID="string_166" HPOS="1797" VPOS="1008" WIDTH="83" HEIGHT="23" WC="0.96" CONTENT="som"/><SP WIDTH="32" VPOS="1008" HPOS="1880"/>
							<String ID="string_167" HPOS="1912" VPOS="1008" WIDTH="51" HEIGHT="23" WC="0.96" CONTENT="nu"/>
						</TextLine>
						<TextLine ID="line_19" HPOS="370" VPOS="1044" WIDTH="1593" HEIGHT="51">
							<String ID="string_168" HPOS="370" VPOS="1044" WIDTH="129" HEIGHT="37" WC="0.93" CONTENT="kunna"/><SP WIDTH="42" VPOS="1044" HPOS="499"/>
							<String ID="string_169" HPOS="541" VPOS="1045" WIDTH="116" HEIGHT="36" WC="0.91" CONTENT="varda"/><SP WIDTH="41" VPOS="1045" HPOS="657"/>
							<String ID="string_170" HPOS="698" VPOS="1045" WIDTH="207" HEIGHT="48" WC="0.95" CONTENT="beslutade,"/><SP WIDTH="43" VPOS="1045" HPOS="905"/>
							<String ID="string_171" HPOS="948" VPOS="1047" WIDTH="100" HEIGHT="36" WC="0.96" CONTENT="visat"/><SP WIDTH="35" VPOS="1047" HPOS="1048"/>
							<String ID="string_172" HPOS="1083" VPOS="1046" WIDTH="60" HEIGHT="49" WC="0.96" CONTENT="sig"/><SP WIDTH="28" VPOS="1046" HPOS="1143"/>
							<String ID="string_173" HPOS="1171" VPOS="1047" WIDTH="11" HEIGHT="35" WC="0.96" CONTENT="i"/><SP WIDTH="29" VPOS="1047" HPOS="1182"/>
							<String ID="string_174" HPOS="1211" VPOS="1051" WIDTH="54" HEIGHT="32" WC="0.96" CONTENT="ett"/><SP WIDTH="28" VPOS="1051" HPOS="1265"/>
							<String ID="string_175" HPOS="1293" VPOS="1047" WIDTH="90" HEIGHT="36" WC="0.96" CONTENT="eller"/><SP WIDTH="28" VPOS="1047" HPOS="1383"/>
							<String ID="string_176" HPOS="1411" VPOS="1052" WIDTH="119" HEIGHT="31" WC="0.96" CONTENT="annat"/><SP WIDTH="27" VPOS="1052" HPOS="1530"/>
							<String ID="string_177" HPOS="1557" VPOS="1046" WIDTH="176" HEIGHT="37" WC="0.92" CONTENT="afseende"/><SP WIDTH="28" VPOS="1046" HPOS="1733"/>
							<String ID="string_178" HPOS="1761" VPOS="1046" WIDTH="202" HEIGHT="37" WC="0.91" CONTENT="otillfreds-"/>
						</TextLine>
						<TextLine ID="line_20" HPOS="370" VPOS="1097" WIDTH="1590" HEIGHT="50">
							<String ID="string_179" HPOS="370" VPOS="1097" WIDTH="196" HEIGHT="47" WC="0.96" CONTENT="ställande,"/><SP WIDTH="29" VPOS="1097" HPOS="566"/>
							<String ID="string_180" HPOS="595" VPOS="1097" WIDTH="99" HEIGHT="36" WC="0.95" CONTENT="lärer"/><SP WIDTH="27" VPOS="1097" HPOS="694"/>
							<String ID="string_181" HPOS="721" VPOS="1103" WIDTH="55" HEIGHT="30" WC="0.95" CONTENT="ett"/><SP WIDTH="23" VPOS="1103" HPOS="776"/>
							<String ID="string_182" HPOS="799" VPOS="1098" WIDTH="121" HEIGHT="48" WC="0.96" CONTENT="dylikt"/><SP WIDTH="20" VPOS="1098" HPOS="920"/>
							<String ID="string_183" HPOS="940" VPOS="1098" WIDTH="234" HEIGHT="36" WC="0.96" CONTENT="förhållande"/><SP WIDTH="15" VPOS="1098" HPOS="1174"/>
							<String ID="string_184" HPOS="1189" VPOS="1098" WIDTH="278" HEIGHT="48" WC="0.96" CONTENT="jämförelsevis"/><SP WIDTH="29" VPOS="1098" HPOS="1467"/>
							<String ID="string_185" HPOS="1496" VPOS="1099" WIDTH="70" HEIGHT="35" WC="0.96" CONTENT="lätt"/><SP WIDTH="23" VPOS="1099" HPOS="1566"/>
							<String ID="string_186" HPOS="1589" VPOS="1098" WIDTH="128" HEIGHT="36" WC="0.93" CONTENT="kunna"/><SP WIDTH="19" VPOS="1098" HPOS="1717"/>
							<String ID="string_187" HPOS="1736" VPOS="1098" WIDTH="224" HEIGHT="49" WC="0.90" CONTENT="afhjälpas.»"/>
						</TextLine>
					</TextBlock>
				</ComposedBlock>
				<ComposedBlock ID="cblock_4" HPOS="363" VPOS="1199" WIDTH="1602" HEIGHT="1082">
					<TextBlock ID="block_4" HPOS="363" VPOS="1199" WIDTH="1602" HEIGHT="516">
						<TextLine ID="line_21" HPOS="496" VPOS="1199" WIDTH="1466" HEIGHT="50">
							<String ID="string_188" HPOS="496" VPOS="1199" WIDTH="131" HEIGHT="38" WC="0.95" CONTENT="Såsom"/><SP WIDTH="30" VPOS="1199" HPOS="627"/>
							<String ID="string_189" HPOS="657" VPOS="1200" WIDTH="67" HEIGHT="36" WC="0.96" CONTENT="här"/><SP WIDTH="29" VPOS="1200" HPOS="724"/>
							<String ID="string_190" HPOS="753" VPOS="1200" WIDTH="114" HEIGHT="37" WC="0.96" CONTENT="ofvan"/><SP WIDTH="29" VPOS="1200" HPOS="867"/>
							<String ID="string_191" HPOS="896" VPOS="1201" WIDTH="117" HEIGHT="36" WC="0.93" CONTENT="redan"/><SP WIDTH="29" VPOS="1201" HPOS="1013"/>
							<String ID="string_192" HPOS="1042" VPOS="1201" WIDTH="196" HEIGHT="37" WC="0.92" CONTENT="anmärkts"/><SP WIDTH="28" VPOS="1201" HPOS="1238"/>
							<String ID="string_193" HPOS="1266" VPOS="1201" WIDTH="68" HEIGHT="37" WC="0.96" CONTENT="har"/><SP WIDTH="28" VPOS="1201" HPOS="1334"/>
							<String ID="string_194" HPOS="1362" VPOS="1202" WIDTH="225" HEIGHT="36" WC="0.96" CONTENT="kommittén"/><SP WIDTH="31" VPOS="1202" HPOS="1587"/>
							<String ID="string_195" HPOS="1618" VPOS="1207" WIDTH="136" HEIGHT="42" WC="0.96" CONTENT="ansett,"/><SP WIDTH="31" VPOS="1207" HPOS="1754"/>
							<String ID="string_196" HPOS="1785" VPOS="1206" WIDTH="55" HEIGHT="32" WC="0.96" CONTENT="att"/><SP WIDTH="20" VPOS="1206" HPOS="1840"/>
							<String ID="string_197" HPOS="1860" VPOS="1202" WIDTH="102" HEIGHT="36" WC="0.95" CONTENT="vissa"/>
						</TextLine>
						<TextLine ID="line_22" HPOS="363" VPOS="1251" WIDTH="1602" HEIGHT="51">
							<String ID="string_198" HPOS="363" VPOS="1251" WIDTH="370" HEIGHT="50" WC="0.91" CONTENT="tjänstinnehafvare"/><SP WIDTH="42" VPOS="1251" HPOS="733"/>
							<String ID="string_199" HPOS="775" VPOS="1252" WIDTH="57" HEIGHT="36" WC="0.94" CONTENT="till"/><SP WIDTH="42" VPOS="1252" HPOS="832"/>
							<String ID="string_200" HPOS="874" VPOS="1252" WIDTH="96" HEIGHT="49" WC="0.96" CONTENT="följd"/><SP WIDTH="42" VPOS="1252" HPOS="970"/>
							<String ID="string_201" HPOS="1012" VPOS="1254" WIDTH="41" HEIGHT="35" WC="0.89" CONTENT="af"/><SP WIDTH="36" VPOS="1254" HPOS="1053"/>
							<String ID="string_202" HPOS="1089" VPOS="1253" WIDTH="364" HEIGHT="49" WC="0.89" CONTENT="tjänstgöromålens"/><SP WIDTH="34" VPOS="1253" HPOS="1453"/>
							<String ID="string_203" HPOS="1487" VPOS="1253" WIDTH="265" HEIGHT="37" WC="0.95" CONTENT="beskaffenhet"/><SP WIDTH="42" VPOS="1253" HPOS="1752"/>
							<String ID="string_204" HPOS="1794" VPOS="1253" WIDTH="92" HEIGHT="37" WC="0.95" CONTENT="eller"/><SP WIDTH="38" VPOS="1253" HPOS="1886"/>
							<String ID="string_205" HPOS="1924" VPOS="1254" WIDTH="41" HEIGHT="36" WC="0.96" CONTENT="af"/>
						</TextLine>
						<TextLine ID="line_23" HPOS="366" VPOS="1303" WIDTH="1596" HEIGHT="51">
							<String ID="string_206" HPOS="366" VPOS="1303" WIDTH="117" HEIGHT="37" WC="0.96" CONTENT="andra"/><SP WIDTH="41" VPOS="1303" HPOS="483"/>
							<String ID="string_207" HPOS="524" VPOS="1304" WIDTH="154" HEIGHT="36" WC="0.96" CONTENT="orsaker"/><SP WIDTH="40" VPOS="1304" HPOS="678"/>
							<String ID="string_208" HPOS="718" VPOS="1304" WIDTH="116" HEIGHT="36" WC="0.96" CONTENT="borde"/><SP WIDTH="43" VPOS="1304" HPOS="834"/>
							<String ID="string_209" HPOS="877" VPOS="1304" WIDTH="159" HEIGHT="37" WC="0.95" CONTENT="beredas"/><SP WIDTH="42" VPOS="1304" HPOS="1036"/>
							<String ID="string_210" HPOS="1078" VPOS="1305" WIDTH="150" HEIGHT="37" WC="0.94" CONTENT="tillfälle"/><SP WIDTH="34" VPOS="1305" HPOS="1228"/>
							<String ID="string_211" HPOS="1262" VPOS="1310" WIDTH="55" HEIGHT="31" WC="0.96" CONTENT="att"/><SP WIDTH="28" VPOS="1310" HPOS="1317"/>
							<String ID="string_212" HPOS="1345" VPOS="1305" WIDTH="143" HEIGHT="36" WC="0.96" CONTENT="erhålla"/><SP WIDTH="28" VPOS="1305" HPOS="1488"/>
							<String ID="string_213" HPOS="1516" VPOS="1305" WIDTH="161" HEIGHT="49" WC="0.96" CONTENT="pension"/><SP WIDTH="28" VPOS="1305" HPOS="1677"/>
							<String ID="string_214" HPOS="1705" VPOS="1305" WIDTH="64" HEIGHT="36" WC="0.96" CONTENT="vid"/><SP WIDTH="28" VPOS="1305" HPOS="1769"/>
							<String ID="string_215" HPOS="1797" VPOS="1305" WIDTH="165" HEIGHT="49" WC="0.96" CONTENT="tidigare"/>
						</TextLine>
						<TextLine ID="line_24" HPOS="364" VPOS="1355" WIDTH="1598" HEIGHT="50">
							<String ID="string_216" HPOS="364" VPOS="1355" WIDTH="255" HEIGHT="37" WC="0.91" CONTENT="lefnadsålder"/><SP WIDTH="41" VPOS="1355" HPOS="619"/>
							<String ID="string_217" HPOS="660" VPOS="1355" WIDTH="70" HEIGHT="37" WC="0.95" CONTENT="och"/><SP WIDTH="29" VPOS="1355" HPOS="730"/>
							<String ID="string_218" HPOS="759" VPOS="1356" WIDTH="11" HEIGHT="35" WC="0.96" CONTENT="i"/><SP WIDTH="29" VPOS="1356" HPOS="770"/>
							<String ID="string_219" HPOS="799" VPOS="1355" WIDTH="101" HEIGHT="37" WC="0.96" CONTENT="vissa"/><SP WIDTH="40" VPOS="1355" HPOS="900"/>
							<String ID="string_220" HPOS="940" VPOS="1356" WIDTH="67" HEIGHT="36" WC="0.96" CONTENT="fall"/><SP WIDTH="24" VPOS="1356" HPOS="1007"/>
							<String ID="string_221" HPOS="1031" VPOS="1357" WIDTH="146" HEIGHT="47" WC="0.96" CONTENT="jämväl"/><SP WIDTH="28" VPOS="1357" HPOS="1177"/>
							<String ID="string_222" HPOS="1205" VPOS="1357" WIDTH="65" HEIGHT="36" WC="0.96" CONTENT="vid"/><SP WIDTH="27" VPOS="1357" HPOS="1270"/>
							<String ID="string_223" HPOS="1297" VPOS="1356" WIDTH="108" HEIGHT="49" WC="0.93" CONTENT="lägre"/><SP WIDTH="29" VPOS="1356" HPOS="1405"/>
							<String ID="string_224" HPOS="1434" VPOS="1357" WIDTH="226" HEIGHT="48" WC="0.91" CONTENT="tjänstålder"/><SP WIDTH="27" VPOS="1357" HPOS="1660"/>
							<String ID="string_225" HPOS="1687" VPOS="1361" WIDTH="49" HEIGHT="31" WC="0.96" CONTENT="än"/><SP WIDTH="29" VPOS="1361" HPOS="1736"/>
							<String ID="string_226" HPOS="1765" VPOS="1356" WIDTH="86" HEIGHT="44" WC="0.94" CONTENT="den,"/><SP WIDTH="30" VPOS="1356" HPOS="1851"/>
							<String ID="string_227" HPOS="1881" VPOS="1370" WIDTH="81" HEIGHT="23" WC="0.96" CONTENT="som"/>
						</TextLine>
						<TextLine ID="line_25" HPOS="365" VPOS="1407" WIDTH="1597" HEIGHT="50">
							<String ID="string_228" HPOS="365" VPOS="1407" WIDTH="12" HEIGHT="36" WC="0.96" CONTENT="i"/><SP WIDTH="28" VPOS="1407" HPOS="377"/>
							<String ID="string_229" HPOS="405" VPOS="1407" WIDTH="206" HEIGHT="36" WC="0.95" CONTENT="allmänhet"/><SP WIDTH="30" VPOS="1407" HPOS="611"/>
							<String ID="string_230" HPOS="641" VPOS="1420" WIDTH="89" HEIGHT="23" WC="0.95" CONTENT="vore"/><SP WIDTH="28" VPOS="1420" HPOS="730"/>
							<String ID="string_231" HPOS="758" VPOS="1407" WIDTH="170" HEIGHT="49" WC="0.96" CONTENT="stadgad."/><SP WIDTH="58" VPOS="1407" HPOS="928"/>
							<String ID="string_232" HPOS="986" VPOS="1408" WIDTH="16" HEIGHT="36" WC="0.92" CONTENT="I"/><SP WIDTH="29" VPOS="1408" HPOS="1002"/>
							<String ID="string_233" HPOS="1031" VPOS="1409" WIDTH="172" HEIGHT="48" WC="0.96" CONTENT="enlighet"/><SP WIDTH="27" VPOS="1409" HPOS="1203"/>
							<String ID="string_234" HPOS="1230" VPOS="1408" WIDTH="155" HEIGHT="36" WC="0.96" CONTENT="härmed"/><SP WIDTH="29" VPOS="1408" HPOS="1385"/>
							<String ID="string_235" HPOS="1414" VPOS="1408" WIDTH="70" HEIGHT="37" WC="0.97" CONTENT="har"/><SP WIDTH="28" VPOS="1408" HPOS="1484"/>
							<String ID="string_236" HPOS="1512" VPOS="1407" WIDTH="227" HEIGHT="38" WC="0.96" CONTENT="kommittén"/><SP WIDTH="28" VPOS="1407" HPOS="1739"/>
							<String ID="string_237" HPOS="1767" VPOS="1408" WIDTH="12" HEIGHT="36" WC="0.96" CONTENT="i"/><SP WIDTH="29" VPOS="1408" HPOS="1779"/>
							<String ID="string_238" HPOS="1808" VPOS="1408" WIDTH="66" HEIGHT="36" WC="0.93" CONTENT="sitt"/><SP WIDTH="24" VPOS="1408" HPOS="1874"/>
							<String ID="string_239" HPOS="1898" VPOS="1408" WIDTH="64" HEIGHT="37" WC="0.92" CONTENT="be-"/>
						</TextLine>
						<TextLine ID="line_26" HPOS="366" VPOS="1458" WIDTH="1597" HEIGHT="50">
							<String ID="string_240" HPOS="366" VPOS="1458" WIDTH="193" HEIGHT="37" WC="0.96" CONTENT="tänkande"/><SP WIDTH="44" VPOS="1458" HPOS="559"/>
							<String ID="string_241" HPOS="603" VPOS="1459" WIDTH="197" HEIGHT="48" WC="0.93" CONTENT="föreslagit"/><SP WIDTH="41" VPOS="1459" HPOS="800"/>
							<String ID="string_242" HPOS="841" VPOS="1459" WIDTH="193" HEIGHT="49" WC="0.96" CONTENT="åtskilliga"/><SP WIDTH="40" VPOS="1459" HPOS="1034"/>
							<String ID="string_243" HPOS="1074" VPOS="1460" WIDTH="197" HEIGHT="48" WC="0.95" CONTENT="undantag"/><SP WIDTH="41" VPOS="1460" HPOS="1271"/>
							<String ID="string_244" HPOS="1312" VPOS="1460" WIDTH="84" HEIGHT="36" WC="0.96" CONTENT="från"/><SP WIDTH="30" VPOS="1460" HPOS="1396"/>
							<String ID="string_245" HPOS="1426" VPOS="1460" WIDTH="47" HEIGHT="36" WC="0.96" CONTENT="de"/><SP WIDTH="29" VPOS="1460" HPOS="1473"/>
							<String ID="string_246" HPOS="1502" VPOS="1460" WIDTH="189" HEIGHT="36" WC="0.93" CONTENT="allmänna"/><SP WIDTH="28" VPOS="1460" HPOS="1691"/>
							<String ID="string_247" HPOS="1719" VPOS="1460" WIDTH="244" HEIGHT="36" WC="0.92" CONTENT="bestämmel-"/>
						</TextLine>
						<TextLine ID="line_27" HPOS="367" VPOS="1510" WIDTH="1595" HEIGHT="50">
							<String ID="string_248" HPOS="367" VPOS="1523" WIDTH="122" HEIGHT="24" WC="0.94" CONTENT="serna."/><SP WIDTH="57" VPOS="1523" HPOS="489"/>
							<String ID="string_249" HPOS="546" VPOS="1510" WIDTH="140" HEIGHT="49" WC="0.93" CONTENT="Kungl."/><SP WIDTH="43" VPOS="1510" HPOS="686"/>
							<String ID="string_250" HPOS="729" VPOS="1511" WIDTH="106" HEIGHT="48" WC="0.96" CONTENT="Maj:t"/><SP WIDTH="40" VPOS="1511" HPOS="835"/>
							<String ID="string_251" HPOS="875" VPOS="1511" WIDTH="70" HEIGHT="36" WC="0.96" CONTENT="har"/><SP WIDTH="27" VPOS="1511" HPOS="945"/>
							<String ID="string_252" HPOS="972" VPOS="1511" WIDTH="13" HEIGHT="35" WC="0.85" CONTENT="i"/><SP WIDTH="28" VPOS="1511" HPOS="985"/>
							<String ID="string_253" HPOS="1013" VPOS="1511" WIDTH="291" HEIGHT="49" WC="0.96" CONTENT="ifrågavarande"/><SP WIDTH="33" VPOS="1511" HPOS="1304"/>
							<String ID="string_254" HPOS="1337" VPOS="1512" WIDTH="179" HEIGHT="36" WC="0.95" CONTENT="afseende"/><SP WIDTH="44" VPOS="1512" HPOS="1516"/>
							<String ID="string_255" HPOS="1560" VPOS="1514" WIDTH="84" HEIGHT="46" WC="0.95" CONTENT="gått"/><SP WIDTH="36" VPOS="1514" HPOS="1644"/>
							<String ID="string_256" HPOS="1680" VPOS="1514" WIDTH="120" HEIGHT="46" WC="0.96" CONTENT="något"/><SP WIDTH="27" VPOS="1514" HPOS="1800"/>
							<String ID="string_257" HPOS="1827" VPOS="1512" WIDTH="135" HEIGHT="47" WC="0.95" CONTENT="längre"/>
						</TextLine>
						<TextLine ID="line_28" HPOS="368" VPOS="1562" WIDTH="1595" HEIGHT="46">
							<String ID="string_258" HPOS="368" VPOS="1567" WIDTH="48" HEIGHT="31" WC="0.96" CONTENT="än"/><SP WIDTH="29" VPOS="1567" HPOS="416"/>
							<String ID="string_259" HPOS="445" VPOS="1562" WIDTH="239" HEIGHT="38" WC="0.96" CONTENT="kommittén."/><SP WIDTH="33" VPOS="1562" HPOS="684"/>
							<String ID="string_260" HPOS="717" VPOS="1563" WIDTH="86" HEIGHT="36" WC="0.95" CONTENT="Med"/><SP WIDTH="29" VPOS="1563" HPOS="803"/>
							<String ID="string_261" HPOS="832" VPOS="1562" WIDTH="176" HEIGHT="37" WC="0.93" CONTENT="afseende"/><SP WIDTH="29" VPOS="1562" HPOS="1008"/>
							<String ID="string_262" HPOS="1037" VPOS="1565" WIDTH="21" HEIGHT="33" WC="0.93" CONTENT="å"/><SP WIDTH="28" VPOS="1565" HPOS="1058"/>
							<String ID="string_263" HPOS="1086" VPOS="1563" WIDTH="45" HEIGHT="36" WC="0.96" CONTENT="de"/><SP WIDTH="29" VPOS="1563" HPOS="1131"/>
							<String ID="string_264" HPOS="1160" VPOS="1563" WIDTH="94" HEIGHT="45" WC="0.96" CONTENT="skäl,"/><SP WIDTH="29" VPOS="1563" HPOS="1254"/>
							<String ID="string_265" HPOS="1283" VPOS="1562" WIDTH="131" HEIGHT="37" WC="0.96" CONTENT="hvilka"/><SP WIDTH="29" VPOS="1562" HPOS="1414"/>
							<String ID="string_266" HPOS="1443" VPOS="1563" WIDTH="145" HEIGHT="36" WC="0.96" CONTENT="anförts"/><SP WIDTH="28" VPOS="1563" HPOS="1588"/>
							<String ID="string_267" HPOS="1616" VPOS="1563" WIDTH="60" HEIGHT="36" WC="0.96" CONTENT="för"/><SP WIDTH="28" VPOS="1563" HPOS="1676"/>
							<String ID="string_268" HPOS="1704" VPOS="1564" WIDTH="46" HEIGHT="36" WC="0.96" CONTENT="de"/><SP WIDTH="27" VPOS="1564" HPOS="1750"/>
							<String ID="string_269" HPOS="1777" VPOS="1563" WIDTH="186" HEIGHT="37" WC="0.96" CONTENT="särskilda"/>
						</TextLine>
						<TextLine ID="line_29" HPOS="368" VPOS="1613" WIDTH="1595" HEIGHT="50">
							<String ID="string_270" HPOS="368" VPOS="1614" WIDTH="219" HEIGHT="48" WC="0.93" CONTENT="föreslagna"/><SP WIDTH="44" VPOS="1614" HPOS="587"/>
							<String ID="string_271" HPOS="631" VPOS="1614" WIDTH="568" HEIGHT="48" WC="0.74" CONTENT="undantagsbestämmelserna,"/><SP WIDTH="43" VPOS="1614" HPOS="1199"/>
							<String ID="string_272" HPOS="1242" VPOS="1613" WIDTH="139" HEIGHT="37" WC="0.91" CONTENT="tillåter"/><SP WIDTH="33" VPOS="1613" HPOS="1381"/>
							<String ID="string_273" HPOS="1414" VPOS="1614" WIDTH="61" HEIGHT="49" WC="0.95" CONTENT="sig"/><SP WIDTH="28" VPOS="1614" HPOS="1475"/>
							<String ID="string_274" HPOS="1503" VPOS="1615" WIDTH="187" HEIGHT="36" WC="0.96" CONTENT="utskottet"/><SP WIDTH="30" VPOS="1615" HPOS="1690"/>
							<String ID="string_275" HPOS="1720" VPOS="1621" WIDTH="55" HEIGHT="30" WC="0.96" CONTENT="att"/><SP WIDTH="28" VPOS="1621" HPOS="1775"/>
							<String ID="string_276" HPOS="1803" VPOS="1615" WIDTH="160" HEIGHT="36" WC="0.96" CONTENT="hänvisa"/>
						</TextLine>
						<TextLine ID="line_30" HPOS="367" VPOS="1665" WIDTH="1594" HEIGHT="50">
							<String ID="string_277" HPOS="367" VPOS="1665" WIDTH="59" HEIGHT="36" WC="0.96" CONTENT="till"/><SP WIDTH="16" VPOS="1665" HPOS="426"/>
							<String ID="string_278" HPOS="442" VPOS="1665" WIDTH="64" HEIGHT="37" WC="0.96" CONTENT="det"/><SP WIDTH="15" VPOS="1665" HPOS="506"/>
							<String ID="string_279" HPOS="521" VPOS="1666" WIDTH="72" HEIGHT="36" WC="0.96" CONTENT="den"/><SP WIDTH="16" VPOS="1666" HPOS="593"/>
							<String ID="string_280" HPOS="609" VPOS="1665" WIDTH="132" HEIGHT="49" WC="0.94" CONTENT="kungl."/><SP WIDTH="16" VPOS="1665" HPOS="741"/>
							<String ID="string_281" HPOS="757" VPOS="1666" WIDTH="287" HEIGHT="48" WC="0.93" CONTENT="propositionen"/><SP WIDTH="15" VPOS="1666" HPOS="1044"/>
							<String ID="string_282" HPOS="1059" VPOS="1665" WIDTH="154" HEIGHT="49" WC="0.91" CONTENT="bilagda"/><SP WIDTH="15" VPOS="1665" HPOS="1213"/>
							<String ID="string_283" HPOS="1228" VPOS="1666" WIDTH="418" HEIGHT="49" WC="0.91" CONTENT="statsrådsprotokollet"/><SP WIDTH="11" VPOS="1666" HPOS="1646"/>
							<String ID="string_284" HPOS="1657" VPOS="1666" WIDTH="82" HEIGHT="49" WC="0.92" CONTENT="(sid."/><SP WIDTH="17" VPOS="1666" HPOS="1739"/>
							<String ID="string_285" HPOS="1756" VPOS="1667" WIDTH="205" HEIGHT="48" WC="0.85" CONTENT="89—104)."/>
						</TextLine>
					</TextBlock>
					<TextBlock ID="block_5" HPOS="369" VPOS="1717" WIDTH="1595" HEIGHT="89">
						<TextLine ID="line_31" HPOS="499" VPOS="1717" WIDTH="1465" HEIGHT="50">
							<String ID="string_286" HPOS="499" VPOS="1717" WIDTH="232" HEIGHT="49" WC="0.93" CONTENT="Ytterligare"/><SP WIDTH="28" VPOS="1717" HPOS="731"/>
							<String ID="string_287" HPOS="759" VPOS="1717" WIDTH="508" HEIGHT="49" WC="0.91" CONTENT="undantagsbestämmelser"/><SP WIDTH="32" VPOS="1717" HPOS="1267"/>
							<String ID="string_288" HPOS="1299" VPOS="1717" WIDTH="115" HEIGHT="37" WC="0.93" CONTENT="hafva"/><SP WIDTH="28" VPOS="1717" HPOS="1414"/>
							<String ID="string_289" HPOS="1442" VPOS="1718" WIDTH="188" HEIGHT="49" WC="0.91" CONTENT="härjämte"/><SP WIDTH="28" VPOS="1718" HPOS="1630"/>
							<String ID="string_290" HPOS="1658" VPOS="1718" WIDTH="221" HEIGHT="49" WC="0.93" CONTENT="ifrågasatts"/><SP WIDTH="29" VPOS="1718" HPOS="1879"/>
							<String ID="string_291" HPOS="1908" VPOS="1719" WIDTH="56" HEIGHT="36" WC="0.96" CONTENT="uti"/>
						</TextLine>
						<TextLine ID="line_32" HPOS="369" VPOS="1768" WIDTH="619" HEIGHT="38">
							<String ID="string_292" HPOS="369" VPOS="1769" WIDTH="115" HEIGHT="36" WC="0.93" CONTENT="ofvan"/><SP WIDTH="29" VPOS="1769" HPOS="484"/>
							<String ID="string_293" HPOS="513" VPOS="1768" WIDTH="250" HEIGHT="38" WC="0.92" CONTENT="omförmälda"/><SP WIDTH="28" VPOS="1768" HPOS="763"/>
							<String ID="string_294" HPOS="791" VPOS="1769" WIDTH="197" HEIGHT="36" WC="0.95" CONTENT="motioner."/>
						</TextLine>
					</TextBlock>
					<TextBlock ID="block_6" HPOS="368" VPOS="1820" WIDTH="1596" HEIGHT="398">
						<TextLine ID="line_33" HPOS="501" VPOS="1820" WIDTH="1461" HEIGHT="50">
							<String ID="string_295" HPOS="501" VPOS="1820" WIDTH="47" HEIGHT="37" WC="0.96" CONTENT="Så"/><SP WIDTH="27" VPOS="1820" HPOS="548"/>
							<String ID="string_296" HPOS="575" VPOS="1822" WIDTH="70" HEIGHT="36" WC="0.96" CONTENT="har"/><SP WIDTH="33" VPOS="1822" HPOS="645"/>
							<String ID="string_297" HPOS="678" VPOS="1821" WIDTH="13" HEIGHT="35" WC="0.95" CONTENT="i"/><SP WIDTH="28" VPOS="1821" HPOS="691"/>
							<String ID="string_298" HPOS="719" VPOS="1820" WIDTH="74" HEIGHT="36" WC="0.96" CONTENT="den"/><SP WIDTH="28" VPOS="1820" HPOS="793"/>
							<String ID="string_299" HPOS="821" VPOS="1821" WIDTH="41" HEIGHT="35" WC="0.96" CONTENT="af"/><SP WIDTH="23" VPOS="1821" HPOS="862"/>
							<String ID="string_300" HPOS="885" VPOS="1820" WIDTH="90" HEIGHT="37" WC="0.93" CONTENT="herr"/><SP WIDTH="28" VPOS="1820" HPOS="975"/>
							<String ID="string_301" HPOS="1003" VPOS="1820" WIDTH="41" HEIGHT="38" WC="0.89" CONTENT="C."/><SP WIDTH="31" VPOS="1820" HPOS="1044"/>
							<String ID="string_302" HPOS="1075" VPOS="1820" WIDTH="132" HEIGHT="38" WC="0.93" CONTENT="Wallis"/><SP WIDTH="27" VPOS="1820" HPOS="1207"/>
							<String ID="string_303" HPOS="1234" VPOS="1835" WIDTH="48" HEIGHT="22" WC="0.92" CONTENT="m."/><SP WIDTH="21" VPOS="1835" HPOS="1282"/>
							<String ID="string_304" HPOS="1303" VPOS="1821" WIDTH="33" HEIGHT="37" WC="0.95" CONTENT="fl."/><SP WIDTH="24" VPOS="1821" HPOS="1336"/>
							<String ID="string_305" HPOS="1360" VPOS="1821" WIDTH="138" HEIGHT="37" WC="0.96" CONTENT="väckta"/><SP WIDTH="19" VPOS="1821" HPOS="1498"/>
							<String ID="string_306" HPOS="1517" VPOS="1822" WIDTH="195" HEIGHT="36" WC="0.96" CONTENT="motionen"/><SP WIDTH="18" VPOS="1822" HPOS="1712"/>
							<String ID="string_307" HPOS="1730" VPOS="1822" WIDTH="232" HEIGHT="48" WC="0.95" CONTENT="föreslagits,"/>
						</TextLine>
						<TextLine ID="line_34" HPOS="369" VPOS="1872" WIDTH="1592" HEIGHT="50">
							<String ID="string_308" HPOS="369" VPOS="1876" WIDTH="57" HEIGHT="31" WC="0.93" CONTENT="att"/><SP WIDTH="27" VPOS="1876" HPOS="426"/>
							<String ID="string_309" HPOS="453" VPOS="1872" WIDTH="449" HEIGHT="49" WC="0.91" CONTENT="undantagsstadgandet"/><SP WIDTH="28" VPOS="1872" HPOS="902"/>
							<String ID="string_310" HPOS="930" VPOS="1872" WIDTH="12" HEIGHT="36" WC="0.95" CONTENT="i"/><SP WIDTH="29" VPOS="1872" HPOS="942"/>
							<String ID="string_311" HPOS="971" VPOS="1874" WIDTH="21" HEIGHT="35" WC="0.92" CONTENT="5"/><SP WIDTH="30" VPOS="1874" HPOS="992"/>
							<String ID="string_312" HPOS="1022" VPOS="1872" WIDTH="21" HEIGHT="49" WC="0.63" CONTENT="$"/><SP WIDTH="29" VPOS="1872" HPOS="1043"/>
							<String ID="string_313" HPOS="1072" VPOS="1886" WIDTH="111" HEIGHT="24" WC="0.93" CONTENT="mom."/><SP WIDTH="31" VPOS="1886" HPOS="1183"/>
							<String ID="string_314" HPOS="1214" VPOS="1873" WIDTH="34" HEIGHT="48" WC="0.92" CONTENT="e)"/><SP WIDTH="31" VPOS="1873" HPOS="1248"/>
							<String ID="string_315" HPOS="1279" VPOS="1873" WIDTH="120" HEIGHT="37" WC="0.93" CONTENT="skulle"/><SP WIDTH="19" VPOS="1873" HPOS="1399"/>
							<String ID="string_316" HPOS="1418" VPOS="1874" WIDTH="212" HEIGHT="36" WC="0.92" CONTENT="utsträckas"/><SP WIDTH="21" VPOS="1874" HPOS="1630"/>
							<String ID="string_317" HPOS="1651" VPOS="1879" WIDTH="55" HEIGHT="31" WC="0.96" CONTENT="att"/><SP WIDTH="19" VPOS="1879" HPOS="1706"/>
							<String ID="string_318" HPOS="1725" VPOS="1874" WIDTH="102" HEIGHT="48" WC="0.96" CONTENT="gälla"/><SP WIDTH="19" VPOS="1874" HPOS="1827"/>
							<String ID="string_319" HPOS="1846" VPOS="1873" WIDTH="115" HEIGHT="37" WC="0.96" CONTENT="äfven"/>
						</TextLine>
						<TextLine ID="line_35" HPOS="368" VPOS="1923" WIDTH="1594" HEIGHT="39">
							<String ID="string_320" HPOS="368" VPOS="1923" WIDTH="61" HEIGHT="36" WC="0.96" CONTENT="för"/><SP WIDTH="27" VPOS="1923" HPOS="429"/>
							<String ID="string_321" HPOS="456" VPOS="1923" WIDTH="121" HEIGHT="38" WC="0.96" CONTENT="lärare"/><SP WIDTH="29" VPOS="1923" HPOS="577"/>
							<String ID="string_322" HPOS="606" VPOS="1924" WIDTH="64" HEIGHT="36" WC="0.92" CONTENT="vid"/><SP WIDTH="19" VPOS="1924" HPOS="670"/>
							<String ID="string_323" HPOS="689" VPOS="1923" WIDTH="424" HEIGHT="38" WC="0.91" CONTENT="tandläkareinstitutet."/><SP WIDTH="29" VPOS="1923" HPOS="1113"/>
							<String ID="string_324" HPOS="1142" VPOS="1925" WIDTH="280" HEIGHT="36" WC="0.96" CONTENT="Motionärerna"/><SP WIDTH="21" VPOS="1925" HPOS="1422"/>
							<String ID="string_325" HPOS="1443" VPOS="1925" WIDTH="113" HEIGHT="36" WC="0.96" CONTENT="hafva"/><SP WIDTH="19" VPOS="1925" HPOS="1556"/>
							<String ID="string_326" HPOS="1575" VPOS="1925" WIDTH="58" HEIGHT="36" WC="0.96" CONTENT="till"/><SP WIDTH="19" VPOS="1925" HPOS="1633"/>
							<String ID="string_327" HPOS="1652" VPOS="1926" WIDTH="85" HEIGHT="36" WC="0.96" CONTENT="stöd"/><SP WIDTH="21" VPOS="1926" HPOS="1737"/>
							<String ID="string_328" HPOS="1758" VPOS="1925" WIDTH="59" HEIGHT="37" WC="0.96" CONTENT="för"/><SP WIDTH="19" VPOS="1925" HPOS="1817"/>
							<String ID="string_329" HPOS="1836" VPOS="1926" WIDTH="126" HEIGHT="36" WC="0.96" CONTENT="denna"/>
						</TextLine>
						<TextLine ID="line_36" HPOS="368" VPOS="1975" WIDTH="1594" HEIGHT="51">
							<String ID="string_330" HPOS="368" VPOS="1976" WIDTH="283" HEIGHT="48" WC="0.90" CONTENT="framställning"/><SP WIDTH="42" VPOS="1976" HPOS="651"/>
							<String ID="string_331" HPOS="693" VPOS="1975" WIDTH="187" HEIGHT="47" WC="0.84" CONTENT="andragit,"/><SP WIDTH="44" VPOS="1975" HPOS="880"/>
							<String ID="string_332" HPOS="924" VPOS="1980" WIDTH="55" HEIGHT="31" WC="0.96" CONTENT="att"/><SP WIDTH="41" VPOS="1980" HPOS="979"/>
							<String ID="string_333" HPOS="1020" VPOS="1975" WIDTH="124" HEIGHT="50" WC="0.96" CONTENT="enligt"/><SP WIDTH="34" VPOS="1975" HPOS="1144"/>
							<String ID="string_334" HPOS="1178" VPOS="1976" WIDTH="109" HEIGHT="37" WC="0.96" CONTENT="deras"/><SP WIDTH="31" VPOS="1976" HPOS="1287"/>
							<String ID="string_335" HPOS="1318" VPOS="1977" WIDTH="158" HEIGHT="48" WC="0.96" CONTENT="mening"/><SP WIDTH="27" VPOS="1977" HPOS="1476"/>
							<String ID="string_336" HPOS="1503" VPOS="1977" WIDTH="233" HEIGHT="49" WC="0.96" CONTENT="fullkomligt"/><SP WIDTH="28" VPOS="1977" HPOS="1736"/>
							<String ID="string_337" HPOS="1764" VPOS="1977" WIDTH="198" HEIGHT="37" WC="0.96" CONTENT="enahanda"/>
						</TextLine>
						<TextLine ID="line_37" HPOS="369" VPOS="2026" WIDTH="1592" HEIGHT="51">
							<String ID="string_338" HPOS="369" VPOS="2026" WIDTH="95" HEIGHT="46" WC="0.96" CONTENT="skäl,"/><SP WIDTH="31" VPOS="2026" HPOS="464"/>
							<String ID="string_339" HPOS="495" VPOS="2040" WIDTH="81" HEIGHT="23" WC="0.93" CONTENT="som"/><SP WIDTH="34" VPOS="2040" HPOS="576"/>
							<String ID="string_340" HPOS="610" VPOS="2027" WIDTH="190" HEIGHT="37" WC="0.90" CONTENT="föranledt"/><SP WIDTH="27" VPOS="2027" HPOS="800"/>
							<String ID="string_341" HPOS="827" VPOS="2026" WIDTH="291" HEIGHT="48" WC="0.96" CONTENT="ifrågavarande"/><SP WIDTH="28" VPOS="2026" HPOS="1118"/>
							<String ID="string_342" HPOS="1146" VPOS="2028" WIDTH="249" HEIGHT="49" WC="0.96" CONTENT="nedsättning"/><SP WIDTH="26" VPOS="2028" HPOS="1395"/>
							<String ID="string_343" HPOS="1421" VPOS="2028" WIDTH="60" HEIGHT="37" WC="0.92" CONTENT="för"/><SP WIDTH="27" VPOS="2028" HPOS="1481"/>
							<String ID="string_344" HPOS="1508" VPOS="2028" WIDTH="148" HEIGHT="37" WC="0.92" CONTENT="lärarne"/><SP WIDTH="28" VPOS="2028" HPOS="1656"/>
							<String ID="string_345" HPOS="1684" VPOS="2029" WIDTH="64" HEIGHT="36" WC="0.93" CONTENT="vid"/><SP WIDTH="28" VPOS="2029" HPOS="1748"/>
							<String ID="string_346" HPOS="1776" VPOS="2028" WIDTH="185" HEIGHT="37" WC="0.91" CONTENT="universi-"/>
						</TextLine>
						<TextLine ID="line_38" HPOS="369" VPOS="2078" WIDTH="1594" HEIGHT="50">
							<String ID="string_347" HPOS="369" VPOS="2083" WIDTH="107" HEIGHT="31" WC="0.96" CONTENT="teten"/><SP WIDTH="40" VPOS="2083" HPOS="476"/>
							<String ID="string_348" HPOS="516" VPOS="2079" WIDTH="70" HEIGHT="36" WC="0.96" CONTENT="och"/><SP WIDTH="27" VPOS="2079" HPOS="586"/>
							<String ID="string_349" HPOS="613" VPOS="2079" WIDTH="126" HEIGHT="49" WC="0.96" CONTENT="öfriga"/><SP WIDTH="27" VPOS="2079" HPOS="739"/>
							<String ID="string_350" HPOS="766" VPOS="2078" WIDTH="208" HEIGHT="49" WC="0.96" CONTENT="högskolor"/><SP WIDTH="29" VPOS="2078" HPOS="974"/>
							<String ID="string_351" HPOS="1003" VPOS="2079" WIDTH="41" HEIGHT="36" WC="0.96" CONTENT="af"/><SP WIDTH="24" VPOS="2079" HPOS="1044"/>
							<String ID="string_352" HPOS="1068" VPOS="2079" WIDTH="73" HEIGHT="37" WC="0.96" CONTENT="den"/><SP WIDTH="28" VPOS="2079" HPOS="1141"/>
							<String ID="string_353" HPOS="1169" VPOS="2080" WIDTH="60" HEIGHT="36" WC="0.96" CONTENT="för"/><SP WIDTH="26" VPOS="2080" HPOS="1229"/>
							<String ID="string_354" HPOS="1255" VPOS="2081" WIDTH="180" HEIGHT="47" WC="0.96" CONTENT="pensions"/><SP WIDTH="29" VPOS="2081" HPOS="1435"/>
							<String ID="string_355" HPOS="1464" VPOS="2080" WIDTH="218" HEIGHT="37" WC="0.96" CONTENT="erhållande"/><SP WIDTH="29" VPOS="2080" HPOS="1682"/>
							<String ID="string_356" HPOS="1711" VPOS="2079" WIDTH="252" HEIGHT="49" WC="0.96" CONTENT="erforderliga"/>
						</TextLine>
						<TextLine ID="line_39" HPOS="368" VPOS="2129" WIDTH="1596" HEIGHT="51">
							<String ID="string_357" HPOS="368" VPOS="2129" WIDTH="168" HEIGHT="37" WC="0.92" CONTENT="lefnads-"/><SP WIDTH="40" VPOS="2129" HPOS="536"/>
							<String ID="string_358" HPOS="576" VPOS="2130" WIDTH="70" HEIGHT="36" WC="0.83" CONTENT="och"/><SP WIDTH="41" VPOS="2130" HPOS="646"/>
							<String ID="string_359" HPOS="687" VPOS="2129" WIDTH="285" HEIGHT="51" WC="0.83" CONTENT="tjänsteåldern,"/><SP WIDTH="43" VPOS="2129" HPOS="972"/>
							<String ID="string_360" HPOS="1015" VPOS="2131" WIDTH="113" HEIGHT="36" WC="0.96" CONTENT="äfven"/><SP WIDTH="41" VPOS="2131" HPOS="1128"/>
							<String ID="string_361" HPOS="1169" VPOS="2132" WIDTH="127" HEIGHT="48" WC="0.94" CONTENT="gällde"/><SP WIDTH="36" VPOS="2132" HPOS="1296"/>
							<String ID="string_362" HPOS="1332" VPOS="2132" WIDTH="236" HEIGHT="36" WC="0.96" CONTENT="beträffande"/><SP WIDTH="29" VPOS="2132" HPOS="1568"/>
							<String ID="string_363" HPOS="1597" VPOS="2133" WIDTH="188" HEIGHT="36" WC="0.93" CONTENT="ordinarie"/><SP WIDTH="29" VPOS="2133" HPOS="1785"/>
							<String ID="string_364" HPOS="1814" VPOS="2132" WIDTH="150" HEIGHT="35" WC="0.91" CONTENT="lärarne"/>
						</TextLine>
						<TextLine ID="line_40" HPOS="369" VPOS="2180" WIDTH="513" HEIGHT="38">
							<String ID="string_365" HPOS="369" VPOS="2180" WIDTH="63" HEIGHT="37" WC="0.93" CONTENT="vid"/><SP WIDTH="28" VPOS="2180" HPOS="432"/>
							<String ID="string_366" HPOS="460" VPOS="2180" WIDTH="422" HEIGHT="38" WC="0.91" CONTENT="tandläkareinstitutet."/>
						</TextLine>
					</TextBlock>
					<TextBlock ID="block_7" HPOS="499" VPOS="2232" WIDTH="687" HEIGHT="49">
						<TextLine ID="line_41" HPOS="499" VPOS="2232" WIDTH="687" HEIGHT="49">
							<String ID="string_367" HPOS="499" VPOS="2232" WIDTH="197" HEIGHT="49" WC="0.92" CONTENT="Härjämte"/><SP WIDTH="29" VPOS="2232" HPOS="696"/>
							<String ID="string_368" HPOS="725" VPOS="2233" WIDTH="131" HEIGHT="37" WC="0.96" CONTENT="anföra"/><SP WIDTH="27" VPOS="2233" HPOS="856"/>
							<String ID="string_369" HPOS="883" VPOS="2233" WIDTH="303" HEIGHT="38" WC="0.94" CONTENT="motionärerna:"/>
						</TextLine>
					</TextBlock>
				</ComposedBlock>
			</PrintSpace>
		</Page>
	</Layout>
</alto>
