2178 2618
159 664 159 26 Utskottets

173 701 139 30 yttrande.

126 1962 56 30 4$8i
190 1961 141 31 pensions-

183 1997 89 31 lagen.

149 2067 164 25 Kommitté.

135 2102 192 25 betänkandet

204 2138 73 23 1902.

409 167 39 32 18
850 171 250 32 Stalsutskoltets
1129 172 167 32 Utlåtande
1319 174 61 32 N:o
1401 176 50 31 51.

363 245 221 48 redigering
612 246 42 36 af
678 246 121 37 denna
828 247 21 49 $
878 248 243 49 erforderlig;
1152 250 71 36 och
1251 251 121 37 skulle
1401 253 63 37 det
1491 254 43 36 af
1557 254 81 49 mig
1667 256 157 49 angifna
1839 259 123 48 syftet

363 297 145 47 vinnas,
538 296 140 48 därest,
706 298 85 36 med
818 299 241 37 uteslutande
1087 314 45 23 ur
1158 301 120 38 första
1306 304 151 48 stycket
1484 305 41 37 af
1548 306 119 37 orden
1702 308 91 37 »där
1825 310 33 48 ej
1880 315 81 31 sär-

363 348 115 36 skildt
505 349 368 50 pensionsunderlag
901 350 125 38 blifvit
1053 352 13 36 i
1094 352 214 39 lönestaten
1336 355 243 50 fastställdt»,
1609 363 56 32 ett
1692 365 86 43 nytt
1794 362 126 48 stycke
1946 362 13 36 i

363 400 113 36 slutet
504 400 42 52 af
571 402 21 34 3
622 401 19 47 $
670 401 178 49 tillägges
876 402 42 36 af
942 403 168 50 följande
1138 404 183 49 lydelse:»

489 455 75 33 »År
592 452 12 36 i
632 453 164 37 lönestat
810 454 369 51 pensionsunderlag
1198 457 59 36 för
1275 458 121 49 tjänst
1414 460 178 37 särskildt
1611 461 217 48 fastställdt,
1849 464 109 48 skall,

362 502 211 37 oberoende
602 504 43 36 af
667 505 99 36 hvad
795 505 68 37 här
891 506 112 37 ofvan
1032 507 128 37 blifvit
1179 509 191 49 stadgadt,
1392 511 62 37 det
1473 513 367 50 pensionsunderlag
1853 516 105 48 tjäna

361 554 57 36 till
446 555 254 38 efterrättelse
728 557 62 36 vid
819 557 286 38 bestämmande
1135 560 42 36 af
1200 561 180 48 pensions
1408 563 168 49 belopp.»

489 658 57 37 Då
574 659 98 37 båda
699 660 46 37 de
772 660 252 50 kommittéer,
1053 662 131 38 hvilka
1210 664 204 38 behandlat
1441 666 136 49 frågan
1606 680 61 24 om
1696 682 75 35 nya
1790 669 167 37 bestäm-

361 709 134 37 melser
535 712 163 36 rörande
738 713 320 49 pensioneringen
1102 716 42 35 af
1181 715 110 37 civila
1332 717 384 49 tjänstinnehafvare,
1745 726 125 31 ansett
1899 727 57 30 att

358 761 138 49 högsta
536 763 362 50 pensionsbeloppet
926 765 69 37 bör
1021 771 141 43 utgöra
1192 769 111 45 6,000
1331 769 150 47 kronor,
1510 770 70 36 och
1610 770 47 37 då
1680 771 146 48 jämväl
1857 773 97 36 1906

358 815 60 34 års
447 813 172 49 Riksdag
646 815 62 36 vid
737 815 304 38 bestämmandet
1069 818 42 36 af
1135 818 267 50 aflöningsstat
1425 821 59 37 för
1502 822 454 50 utrikesdepartementet

358 865 70 36 och
468 865 85 37 dess
595 866 233 49 tjänstemän
870 875 98 29 samt
1009 869 59 36 för
1108 869 298 51 beskickningar
1443 873 70 36 och
1549 873 178 37 konsulat
1762 875 193 49 fastslagit

357 917 165 36 nämnda
559 917 140 50 belopp
732 922 122 33 såsom
883 920 139 48 högsta
1050 921 332 51 pensionsbelopp,
1412 937 109 24 anser
1548 925 199 48 utskottet,
1777 940 78 23 som
1887 927 67 36 här

357 968 114 36 ofvan
513 968 64 36 vid
620 969 281 49 behandlingen
930 973 41 35 af
996 974 21 34 2
1047 972 21 49 $
1097 973 209 49 föreslagit,
1337 981 55 30 att
1420 976 297 49 pensionslagen
1745 978 83 36 icke
1857 979 97 36 skall

357 1024 72 44 äga
470 1019 247 51 tillämpning
759 1024 21 34 å
806 1022 271 49 justitieråden
1105 1025 73 35 och
1205 1025 12 36 i
1245 1026 117 48 öfrigt
1390 1027 83 37 icke
1501 1027 69 36 har
1598 1031 120 46 något
1746 1035 54 31 att
1828 1030 125 37 erinra

355 1076 79 31 mot
462 1071 97 37 hvad
589 1072 142 49 Kungl.
760 1073 109 48 Maj:t
896 1074 121 37 under
1045 1077 21 34 3
1092 1075 15 49 $
1134 1076 210 49 föreslagit,
1374 1084 55 31 att
1457 1079 159 36 berörda
1643 1081 19 46 $
1690 1080 70 37 bör
1787 1081 12 36 i
1827 1082 127 37 stället

355 1123 60 36 för
457 1123 71 36 den
571 1124 42 36 af
647 1124 142 49 Kungl.
821 1125 111 48 Maj:t
958 1126 225 48 ifrågasatta
1211 1128 299 51 formuleringen
1538 1130 12 36 i
1578 1131 291 49 ifrågavarande
1899 1134 55 36 af-

356 1175 138 36 seende
535 1175 144 37 erhålla
711 1177 73 36 den
813 1177 217 50 affattning,
1059 1191 82 24 som
1171 1179 226 38 kommittén
1425 1182 211 49 föreslagit.
1692 1186 21 34 3
1743 1183 20 50 $
1792 1184 121 38 skulle
1941 1186 12 36 i

355 1226 172 48 enlighet
555 1227 156 37 härmed
739 1228 141 37 erhålla
909 1229 168 49 följande
1105 1230 161 49 lydelse:

485 1278 159 37 »Såsom
684 1280 187 48 underlag
905 1280 59 37 för
991 1281 287 39 bestämmande
1307 1284 42 36 af
1371 1285 178 48 pensions
1578 1285 138 50 belopp
1746 1288 108 48 skall,
1884 1291 70 34 där

355 1330 33 43 e&
414 1331 173 36 särskildt
610 1334 353 45 pensionsunderlag
992 1334 123 44 blifvit
1142 1336 13 34 i
1185 1336 194 36 lönestaten
1401 1337 220 44 fastställdt,
1654 1339 119 48 tjäna:

482 1381 38 49 a)
548 1382 61 36 för
637 1383 130 49 tjänst,
796 1383 87 37 med
912 1384 156 37 hvilken
1092 1385 122 49 jämte
1243 1386 62 37 lön
1334 1387 502 51 tjänstgöringspenningar
1860 1392 93 36 eller

354 1433 222 49 ortstillägg
604 1439 67 32 äro
700 1435 191 47 förenade,
921 1435 84 37 hela
1032 1437 131 45 lönen;

482 1484 35 48 b)
548 1487 60 35 för
637 1500 124 23 annan
788 1487 131 49 tjänst,
949 1490 64 34 två
1042 1488 230 49 tredjedelar
1299 1490 42 36 af
1364 1490 125 37 lönen.

481 1536 75 37 Vid
585 1537 214 50 beräkning
827 1539 42 36 af
892 1539 368 51 pensionsunderlag
1288 1542 58 36 för
1370 1543 131 49 tjänst,
1522 1544 86 36 med
1628 1543 154 38 hvilken
1801 1545 149 38 förmån

353 1587 42 36 af
431 1587 172 48 boställe,
646 1590 203 49 prebende,
892 1590 182 38 donation
1116 1592 92 37 eller
1249 1606 125 24 annan
1402 1594 103 48 dylik
1534 1595 150 37 förmån
1712 1601 41 32 är
1781 1597 168 48 förenad,

352 1639 95 36 skall
488 1640 127 48 lönen,
659 1641 125 37 därest
825 1641 74 37 den
944 1643 42 35 af
1009 1643 117 36 sådan
1156 1644 207 50 anledning
1390 1646 185 37 minskats
1604 1647 84 37 med
1717 1653 54 32 ett
1798 1649 151 50 belopp,

351 1704 81 23 som
460 1692 377 37 finnes
591 1688 20 64 i
631 1692 206 37 lönestaten
866 1694 176 48 angifvet
1071 1695 93 36 eller
1190 1696 85 36 med
1303 1696 159 50 ledning
1490 1698 108 36 däraf
1612 1699 75 36 kan
1707 1700 241 48 bestämmas,

351 1742 93 37 ökas
472 1743 85 37 med
586 1744 103 36 detta
717 1744 149 50 belopp.

480 1795 45 49 Ej
569 1798 61 34 må
672 1796 58 36 för
769 1799 128 46 någon
940 1798 119 48 tjänst
1099 1799 373 50 pensionsunderlag
1512 1801 189 38 beräknas
1742 1803 58 36 till
1828 1804 121 48 högre

351 1844 138 51 belopp
518 1851 47 32 än
595 1852 180 32 sextusen
803 1848 172 37 kronor.»

479 1949 17 36 I
524 1950 110 49 fråga
662 1964 60 23 om
751 1956 115 32 sättet
895 1952 58 36 för
980 1952 265 51 beräkningen
1274 1955 41 36 af
1336 1955 62 37 hel
1417 1956 159 49 pension
1595 1957 111 37 anför
1724 1958 224 38 kommittén

351 2000 10 36 i
391 2000 58 36 sin
477 2002 233 49 motivering
737 2003 169 49 följande
934 2003 80 49 (sid.
1047 2005 177 50 54—55):

481 2052 97 37 »Vid
607 2054 213 50 beräkning
849 2055 42 36 af
915 2055 63 37 det
1006 2057 334 51 pensionsbelopp,
1371 2072 80 23 som
1480 2060 95 36 skall
1603 2063 95 46 utgå
1725 2061 58 36 till
1810 2062 136 48 tjänst-

350 2102 260 50 innehafvare,
653 2106 154 37 hvarom
840 2120 51 23 nu
921 2111 42 32 är
990 2108 122 49 fråga,
1141 2109 138 37 hänför
1307 2124 88 22 man
1423 2111 61 49 sig
1512 2111 58 37 för
1598 2113 238 37 närvarande
1863 2119 83 30 ute-

350 2155 174 36 slutande
552 2156 59 36 till
639 2157 74 37 den
740 2158 76 48 lön,
845 2158 75 37 han
940 2161 48 47 på
1006 2161 128 46 grund
1154 2162 42 36 af
1211 2163 63 35 vid
1293 2164 99 35 tiden
1405 2164 68 43 för
1491 2164 162 43 afskedet
1673 2166 273 44 innehafvande

350 2210 114 42 tjänst
492 2211 42 32 är
566 2207 215 51 berättigad
809 2215 55 31 att
892 2210 158 49 åtnjuta.
1107 2212 116 37 Detta
1250 2213 312 50 beräkningssätt
1590 2215 109 38 torde
1726 2229 80 37 nog
1833 2216 113 36 också
