2198 2626
730 196 251 33 Statsutskottets
1012 196 169 33 Utlåtande
1207 198 59 30 N:o
1289 197 52 31 51.
1744 196 39 32 7

230 278 116 34 måtte
388 275 41 36 af
451 274 188 38 utskottet
666 275 212 49 tillstyrkas
907 275 71 37 och
1007 275 245 49 följaktligen
1281 279 55 32 att
1363 274 235 37 beträffande
1627 274 201 49 ingressen

230 331 21 33 å
278 327 121 50 punkt
427 327 43 36 A.
501 327 71 37 och
603 325 21 50 $
656 329 20 34 6
706 328 188 36 utskottet
922 329 116 35 måtte
1067 327 213 48 hemställa,

756 431 41 36 ÅA.
841 435 55 32 att
931 430 223 49 Riksdagen
1181 431 12 36 i
1223 430 209 49 anledning
1461 430 43 36 af
1529 430 140 49 Kungl.
1699 429 128 50 Maj:ts

626 482 238 50 proposition
905 488 98 31 samt
1044 482 129 37 herrar
1213 482 141 37 Wallis
1392 496 48 22 m.
1477 482 36 35 fl.
1545 495 62 23 om
1635 481 192 49 Kinbergs

627 534 253 37 omförmälda
899 534 199 48 motioner,
1118 537 73 45 må,
1208 535 85 36 med
1311 534 123 48 afslag
1449 536 21 34 å
1485 534 130 36 herrar
1630 533 198 36 Hammar-

628 591 139 32 ströms
796 585 70 38 och
892 586 239 49 Thylanders
1160 600 47 22 m.
1233 586 36 36 £.
1290 586 12 36 i
1323 591 128 31 ämnet
1471 585 356 48 väcktasmotioner,

629 643 140 44 antaga
796 637 170 49 följande

1188 965 21 50 8
1229 965 43 50 6.

630 1156 274 50 tjänstgöring.

762 1208 176 36 Befinnes
958 1208 370 48 tjänstinnehafvare
1348 1221 91 23 vara
1460 1207 41 36 af
1517 1206 179 49 sjukdom
1714 1227 50 4 —
1782 1227 51 4 —

631 1282 50 3 —
721 1281 50 4 —
811 1260 92 36 eller
940 1259 82 48 ock,
1059 1260 68 36 där
1154 1260 112 48 fråga
1294 1264 41 31 är
1363 1272 62 23 om
1453 1259 172 48 betjänte
1652 1257 65 36 vid
1743 1257 90 36 tull-

632 1311 153 37 verkets
826 1311 353 48 lokalförvaltning,
1221 1313 163 47 uppnått
1425 1323 48 24 en
1514 1309 253 37 lefnadsålder
1799 1308 40 36 af

634 1364 116 35 minst
791 1363 180 36 sextiotre
1009 1365 41 33 år
1078 1363 104 46 eller,
1212 1362 66 36 där
1307 1362 110 49 fråga
1445 1367 43 31 är
1516 1375 60 23 om
1605 1360 228 49 tjänstinne-

633 1414 159 37 hafvare
820 1414 64 37 vid
905 1414 74 37 den
997 1414 127 37 lokala
1144 1413 417 50 skogsförvaltningen,
1582 1412 116 37 minst
1713 1411 121 37 sextio

634 1469 52 45 år,
715 1471 72 44 äge
814 1466 221 48 Konungen
1075 1489 33 4 —
1143 1488 40 4 —
1218 1488 39 4 —
1295 1488 37 4 —
1372 1488 50 4 —
1424 1478 18 23 »

365 1572 41 36 af
434 1572 129 36 herrar
591 1572 47 35 D.
668 1572 169 43 Persson,
866 1571 47 35 K.
944 1571 178 36 Starbäck
1150 1570 71 36 och
1248 1571 34 35 J.
1316 1572 39 34 T.
1385 1571 174 45 Larsson,
1588 1582 82 23 som
1699 1571 135 43 ansett,

235 1628 56 31 att
319 1623 46 36 de
389 1624 12 35 i
421 1623 104 50 $:ens
553 1623 93 37 sista
674 1622 131 48 stycke
834 1622 122 47 enligt
983 1622 208 36 utskottets
1219 1621 144 48 förslag
1382 1621 160 49 intagna
1561 1620 133 37 orden:
1718 1619 117 37 »eller

235 1675 170 49 betjänte
435 1675 64 36 vid
525 1674 228 37 tullverkets
780 1673 360 48 lokalförvaltning»
1168 1673 85 36 bort
1281 1673 168 36 därifrån
1478 1674 104 46 utgå.

365 1777 64 37 vid
456 1780 23 43 $
505 1781 53 33 28
586 1777 214 49 (angående
829 1776 134 48 lagens
991 1775 306 49 tillämplighet):

367 1830 40 35 af
431 1829 132 36 herrar
589 1831 47 34 E.
661 1830 195 45 Fränckel,
876 1829 42 35 P.
940 1829 172 45 Pehrson,
1137 1828 39 35 G.
1204 1828 158 45 Odqvist,
1383 1828 46 35 D.
1451 1828 168 42 Persson,
1641 1826 44 35 L.
1707 1826 128 35 Eriks-

236 1894 76 34 son,
341 1882 34 35 J.
407 1883 47 34 A.
485 1882 76 46 Sjö,
596 1883 37 34 C.
662 1882 169 46 Persson,
859 1881 46 34 A.
943 1880 187 45 Wiklund,
1164 1880 39 35 O.
1232 1881 221 44 Andersson,
1488 1879 39 36 G.
1548 1879 190 44 Lindgren
1766 1876 71 37 och

236 1934 42 35 F.
315 1934 56 35 W.
402 1934 192 43 Thorsson,
637 1932 140 47 hvilka,
810 1934 48 47 på
886 1931 126 49 grund
1043 1930 42 36 af
1110 1930 132 49 kungl.
1272 1930 259 49 kungörelsen
1560 1929 73 37 den
1662 1930 45 35 31
1738 1941 100 23 mars

240 1986 110 44 1900,
379 1997 139 35 genom
545 1984 171 46 hvilken,
746 1984 84 36 med
860 1982 178 37 afseende
1068 1982 90 36 därå
1186 1987 55 31 att
1268 1983 110 47 fråga
1406 1995 61 23 om
1487 1981 136 40 sådant
1643 1979 194 37 ordnande

238 2036 40 36 af
300 2036 63 35 det
391 2035 111 36 civila
521 2034 378 50 pensionsväsendet,
921 2039 54 30 att
994 2033 401 48 tjänstinnehafvarne
1416 2033 122 36 skulle
1559 2032 127 36 lämna
1704 2031 135 48 bidrag

237 2087 113 36 äfven
391 2086 57 36 till
476 2086 59 36 sin
563 2099 98 35 egen
689 2085 285 50 pensionering,
1004 2084 181 49 utgjorde
1214 2084 159 36 föremål
1402 2084 59 36 för
1488 2083 209 48 utredning
1725 2083 40 36 af
1791 2095 47 24 en

239 2139 39 36 af
302 2137 142 48 Kungl.
474 2137 108 49 Maj:t
610 2137 137 36 tillsatt
775 2136 211 47 kommitté,
1017 2135 144 48 Kungl.
1192 2136 108 48 Maj:t
1328 2135 210 46 förordnat,
1568 2139 55 32 att
1651 2135 86 46 den,
1757 2146 81 24 som

239 2190 93 37 efter
372 2188 165 37 nämnda
579 2188 77 49 dag
696 2188 228 36 utnämndes
966 2186 58 36 till
1057 2186 230 49 befattning,
1317 2186 85 36 med
1432 2186 156 36 hvilken
1616 2186 119 49 följde
1763 2189 77 32 rätt

238 2242 58 37 till
336 2240 161 50 pension
541 2240 85 36 från
668 2240 190 36 allmänna
889 2238 397 49 indragningsstaten,
1316 2237 122 37 skulle
1467 2251 91 23 vara
1585 2235 256 39 underkastad

240 2294 45 37 de
328 2290 227 40 förändrade
597 2290 287 38 bestämmelser
924 2290 11 36 i
973 2289 108 49 fråga
1123 2303 60 23 om
1225 2289 171 50 pension,
1439 2301 81 24 som
1562 2289 126 36 kunde
1724 2287 117 37 varda
