1862 2792
568 149 263 32 Statsutskottets
854 146 166 31 utlåtande
1042 155 34 19 nm
1100 146 49 27 77.
1581 135 19 31 9

155 228 177 43 Styrelsen
362 228 53 30 för
444 223 229 44 flygtekniska
703 219 305 34 försöksanstalten
1036 218 62 31 har
1126 216 115 32 vidare
1270 215 11 30 i
1311 212 167 33 särskilda
1505 211 97 31 fram-

103 282 201 41 ställningar
328 280 68 31 den
423 279 18 31 2
468 278 62 31 och
557 277 39 31 16
624 275 175 32 december
827 273 80 31 1948
934 270 182 37 hemställt,
1144 271 50 29 att
1219 266 126 42 Kungl.
1373 265 101 41 Maj:t
1498 264 105 30 måtte

102 334 177 42 uppdraga
297 334 35 30 åt
350 330 275 33 överdirektören
645 328 62 31 och
726 326 119 32 chefen
864 326 53 30 för
935 323 169 32 anstalten
1122 322 39 30 B.
1182 318 192 41 Lundberg,
1397 315 207 41 avdelnings-

104 386 120 32 chefen
252 384 58 32 vid
338 383 171 33 anstalten
536 382 38 31 E.
605 379 189 33 Petersohn
824 378 62 31 och
915 377 104 30 förste
1048 371 400 42 avdelningsingenjören
1477 368 59 32 där
1563 367 40 31 B.

104 438 144 32 Reistad
274 439 51 30 att
351 436 152 40 företaga
530 434 91 31 vissa
649 442 94 21 resor
766 430 55 32 till
848 429 155 32 utlandet
1028 428 54 30 för
1108 429 51 29 att
1184 424 138 32 studera
1349 420 256 34 vindtunnelan-

104 490 198 42 läggningar
319 491 90 29 samt
426 487 99 32 ställa
544 484 222 41 erforderliga
783 482 111 32 medel
913 482 53 30 för
984 489 136 22 resorna
1139 478 53 31 till
1211 475 210 42 förfogande.

157 542 20 31 I
203 545 49 29 ett
278 541 105 31 andra
407 538 222 38 betänkande,
658 535 201 43 dagtecknat
886 534 65 31 den
978 533 37 31 19
1044 531 150 32 februari
1223 529 89 37 1949,
1340 528 63 31 har
1428 525 178 42 flygforsk-

105 592 302 42 ningskommittén
435 591 159 41 framlagt
621 589 129 41 förslag
777 588 54 32 till
860 597 41 21 en
928 597 45 30 ny
1000 581 409 41 vindtunnelanläggning
1437 579 52 31 för
1517 579 90 30 över-

107 646 251 43 ljudhastighet
388 645 53 31 för
471 655 41 21 en
539 642 175 32 beräknad
744 638 233 34 totalkostnad
1008 648 40 20 av
1078 636 18 31 8
1111 635 60 32 180
1184 635 60 31 000
1275 633 124 31 kronor
1429 631 61 31 och
1519 630 89 31 hem-

106 698 96 32 ställt
235 709 54 20 om
323 697 119 41 anslag
474 696 52 31 för
559 693 193 33 ändamålet
785 692 53 31 för
870 690 203 41 budgetåret
1107 687 135 32 1949/50
1274 685 78 31 med
1386 682 223 41 sammanlagt

109 751 91 31 1500
213 751 60 31 000
297 749 133 38 kronor,
456 758 100 21 varav
583 746 165 32 1000000
773 744 124 31 kronor
921 745 19 29 å
963 739 302 44 kapitalbudgeten
1292 737 62 32 och
1380 736 60 31 500
1453 735 59 32 000
1537 734 72 31 kro-

108 814 63 20 nor
190 805 19 29 å
230 801 266 42 driftbudgeten,
518 802 88 29 samt
626 809 55 20 om
699 794 272 44 bemyndigande
993 796 49 29 att
1063 792 109 31 under
1191 790 144 32 nämnda
1354 788 168 41 budgetår
1542 786 68 42 pla-

109 866 76 21 cera
207 854 245 41 beställningar
475 852 88 32 intill
588 854 50 29 ett
660 850 125 41 belopp
810 859 39 21 av
873 848 18 31 3
905 847 60 31 000
977 847 60 30 000
1058 845 134 31 kronor.
1227 843 68 31 För
1316 843 154 30 närmare
1493 839 117 31 känne-

111 908 78 31 dom
220 918 53 20 om
304 905 189 33 innehållet
522 905 11 30 i
563 902 231 43 nyssnämnda
824 898 211 34 betänkande
1066 896 160 33 hänvisas
1256 894 55 33 till
1343 892 267 44 propositionen,

110 971 25 20 s.
159 959 91 31 4—38.

164 1011 88 32 Över
279 1006 491 46 flygforskningskommitténs
798 1005 105 31 andra
930 1001 212 33 betänkande
1169 1001 45 30 ha
1239 998 147 42 begärda
1414 996 198 33 utlåtanden

112 1063 144 42 avgivits
283 1073 40 20 av
350 1060 331 36 överbefälhavaren,
709 1055 331 44 flygförvaltningen,
1067 1050 356 45 byggnadsstyrelsen,
1450 1048 162 32 luftfarts-

113 1115 176 42 styrelsen,
319 1113 245 32 statskontoret
592 1111 62 31 och
683 1108 228 43 flygtekniska
938 1107 95 31 rådet
1065 1106 49 41 (se
1141 1103 260 43 propositionen
1429 1113 24 20 s.
1482 1099 129 42 8—13).

164 1207 261 41 Föredragande
445 1205 185 32 statsrådet
650 1203 62 30 har
733 1201 120 40 anfört,
875 1202 49 29 att
944 1195 486 45 flygforskningskommitténs
1450 1192 89 32 båda
1557 1192 53 31 be-

113 1260 192 32 tänkanden
340 1259 63 31 och
437 1259 40 30 de
511 1257 148 31 militära
692 1254 353 32 remissinstansernas
1067 1250 202 32 uttalanden
1293 1250 175 40 övertygat
1489 1247 126 32 honom

113 1324 56 20 om
190 1315 49 29 att
259 1323 41 20 en
319 1310 193 42 betydande
534 1308 197 42 utbyggnad
753 1318 40 21 av
814 1309 79 29 våra
914 1315 152 21 resurser
1087 1304 53 31 för
1162 1301 259 42 aerodynamisk
1442 1299 175 41 forskning

115 1364 106 33 borde
248 1364 171 40 företagas
445 1363 92 30 inom
565 1372 42 20 en
634 1371 78 21 snar
737 1358 147 32 framtid.
923 1358 69 30 Det
1018 1358 117 40 syntes
1163 1354 127 38 därvid,
1318 1364 74 21 som
1418 1352 199 32 kommittén

115 1418 83 29 även
217 1415 194 37 framhållit,
430 1425 79 20 vara
524 1412 212 41 nödvändigt
749 1414 53 28 att
819 1409 239 42 utbyggnaden
1075 1406 229 43 begränsades
1321 1416 122 31 genom
1457 1407 53 29 att
1526 1404 91 30 vissa

116 1466 360 42 forskningsområden
501 1464 248 42 bortgallrades
776 1463 63 31 och
865 1461 213 42 kapaciteten
1104 1460 64 30 hos
1195 1452 422 50 försöksanläggningarna

116 1519 202 32 minskades.
350 1519 53 31 En
423 1518 93 41 dylik
533 1516 230 42 begränsning
781 1525 41 21 av
841 1513 392 41 forskningsresurserna
1252 1510 112 31 kunde
1384 1509 84 31 dock
1487 1518 131 31 genom-

117 1571 92 33 föras
234 1571 121 31 endast
380 1570 108 31 under
511 1568 247 41 förutsättning
783 1569 49 29 att
856 1566 93 31 vissa
972 1562 340 43 forskningsresultat
1336 1561 111 32 kunde
1472 1559 147 32 erhållas

118 1623 74 31 från
211 1623 163 31 utlandet.
405 1622 106 31 Detta
529 1623 117 39 syntes
666 1620 11 30 i
697 1619 52 31 sin
770 1621 54 29 tur
842 1618 91 32 blott
950 1617 93 31 bliva
1062 1615 143 42 möjligt,
1227 1625 53 20 om
1301 1613 153 42 fullgoda
1475 1611 144 33 svenska

119 1674 343 42 forskningsresultat
487 1673 112 31 kunde
626 1673 129 30 lämnas
782 1671 11 31 i
821 1671 127 41 utbyte.
987 1669 52 31 Bl
1068 1680 27 20 a.
1125 1679 40 21 av
1193 1667 92 31 detta
1312 1666 73 31 skäl
1412 1665 104 31 borde
1542 1674 78 21 man

120 1728 99 31 ställa
242 1727 90 41 höga
355 1727 82 30 krav
462 1727 43 40 på
529 1723 487 42 forskningsanordningarnas
1041 1720 151 32 kvalitet.

174 1779 194 32 Statsrådet
393 1778 88 31 hade
508 1777 142 31 kommit
677 1776 53 31 till
758 1775 64 31 den
851 1773 273 43 uppfattningen,
1154 1774 49 29 att
1230 1770 249 42 utbyggnaden,
1508 1771 113 29 såsom

120 1831 200 31 kommittén
340 1829 186 41 föreslagit,
546 1828 106 31 borde
672 1827 57 32 ske
749 1837 121 30 genom
886 1827 53 30 att
954 1836 77 19 man
1051 1824 97 32 sökte
1167 1825 113 29 närma
1299 1823 53 41 sig
1371 1822 57 32 det
1447 1822 52 30 för
1518 1820 104 31 forsk-

120 1883 123 40 ningen
269 1880 263 41 svåråtkomliga
557 1878 347 42 hastighetsområdet
930 1879 150 28 närmast
1106 1874 293 42 ljudhastigheten
1425 1872 197 32 underifrån

121 1935 63 30 och
206 1933 180 37 överifrån;
407 1932 199 31 underifrån
628 1941 120 31 genom
770 1932 50 29 att
841 1929 109 41 bygga
973 1939 53 19 om
1047 1926 229 42 flygtekniska
1298 1924 325 32 försöksanstaltens

120 1985 196 32 nuvarande
338 1982 381 43 höghastighetstunnel
743 1981 61 31 och
828 1980 168 32 överifrån
1019 1990 121 30 genom
1164 1980 49 29 att
1236 1977 143 41 anlägga
1403 1988 40 19 en
1466 1987 43 30 ny
1532 1975 92 31 vind-

125 2038 115 30 tunnel
265 2037 52 31 för
341 2034 340 43 överljudhastighet.

175 2089 75 30 Den
272 2087 193 32 nuvarande
490 2085 282 33 statsfinansiella
794 2084 209 31 situationen
1026 2083 118 41 gjorde
1170 2082 56 31 det
1248 2081 210 41 nödvändigt
1480 2083 49 28 att
1552 2079 73 31 visa

125 2142 115 38 sträng
266 2139 213 42 sparsamhet
506 2138 75 31 med
610 2138 167 31 allmänna
805 2136 118 31 medel.
962 2136 49 30 På
1037 2134 110 41 grund
1174 2134 101 30 härav
1303 2132 112 31 kunde
1442 2131 183 32 statsrådet

124 2191 71 31 icke
215 2202 44 19 nu
280 2189 135 36 föreslå,
437 2190 48 31 att
504 2190 104 38 något
626 2186 116 40 anslag
761 2184 180 33 anvisades
962 2184 51 30 till
1032 2183 265 41 komplettering
1315 2193 39 20 av
1375 2181 166 31 maskiner
1560 2181 62 31 och

125 2242 196 40 utrustning
345 2241 57 31 vid
428 2240 227 42 flygtekniska
680 2238 314 32 försöksanstalten.
1031 2238 164 30 Däremot
1218 2236 104 31 borde
1349 2238 48 29 ett
1421 2235 127 32 mindre
1573 2235 53 30 be-

126 2293 81 41 lopp
234 2293 134 31 anvisas
396 2293 52 30 för
474 2291 259 41 projekterings-
761 2290 61 31 och
849 2287 448 37 konstruktionskostnader,
1325 2286 192 41 varigenom
1545 2286 82 40 flyg-

129 2344 394 39 forskningskommittén
549 2343 99 30 bleve
675 2342 11 30 i
713 2341 98 32 stånd
839 2344 58 33 att,
925 2340 105 31 ehuru
1056 2340 12 29 i
1095 2338 189 42 begränsad
1314 2338 210 40 omfattning,
1554 2337 73 30 full-

131 2397 81 40 följa
234 2396 57 31 det
314 2395 185 42 påbörjade
522 2392 404 43 planläggningsarbetet.
959 2392 18 30 T
999 2391 116 31 stället
1139 2391 52 30 för
1213 2390 58 31 det
1293 2401 39 19 av
1355 2389 197 31 kommittén
1575 2388 53 31 be-

129 2448 103 40 gärda
261 2447 172 41 beloppet,
467 2446 132 30 180000
629 2445 132 36 kronor,
794 2455 100 20 varav
924 2443 69 31 viss
1025 2443 51 31 del
1112 2443 52 30 för
1195 2441 227 32 innevarande
1452 2440 175 40 budgetår,

128 2512 143 26 2—17249
320 2509 113 36 Bihang
456 2508 44 28 till
522 2507 168 36 riksdagens
712 2506 141 37 protokoll
881 2506 86 27 1949.
1014 2507 18 24 6
1054 2505 83 28 saml.
1183 2504 45 28 Nr
1251 2504 133 28 73—77.
