1896 2776
330 163 38 29 16
616 165 405 36 Bevillningsutskottets
1036 167 221 31 betänkande
1272 178 42 20 nr
1328 171 41 29 48
1385 170 39 29 år
1440 171 80 28 1961

329 250 150 36 påverka
506 252 255 37 bedömningen
789 263 42 20 av
859 255 67 29 den
954 255 236 38 föreliggande
1218 257 104 30 reella
1351 258 255 37 huvudfrågan,
1637 260 176 37 nämligen

326 294 248 38 lämpligheten
588 314 46 4 —
650 297 141 31 särskilt
805 307 46 21 m.
867 299 33 29 h.
917 301 22 27 t.
956 300 199 37 ungdomen
1168 319 44 3 —
1227 304 50 27 att
1292 303 96 29 inom
1407 312 133 21 samma
1556 304 143 31 område
1714 305 96 30 kom-

326 339 120 30 binera
468 340 367 39 rusdrycksservering
856 344 64 29 och
942 344 209 31 dansbanor.
1174 346 193 37 Styrelsens
1389 348 218 30 tveksamhet
1628 350 183 30 motivera-

327 383 61 30 des
411 384 141 30 särskilt
573 386 79 29 med
675 386 118 30 risken
816 387 55 30 för
893 390 50 27 att
964 391 48 27 ett
1033 389 101 30 bifall
1158 390 51 29 till
1232 391 242 37 ansökningen
1497 393 111 29 skulle
1632 393 120 31 kunna
1776 395 35 29 få

325 428 291 36 prejudicerande
639 431 141 30 verkan.
806 431 122 31 Denna
954 433 96 36 fråga
1076 434 107 30 borde
1208 435 165 30 bedömas
1398 445 46 21 m.
1469 436 32 30 h.
1528 439 22 27 t.
1577 437 153 31 rådande
1755 439 55 30 be-

326 472 296 36 kymmersamma
644 474 74 37 läge
738 475 220 31 beträffande
978 477 322 32 alkoholmissbruk
1320 480 107 30 bland
1449 482 163 36 ungdom.
1636 482 175 37 Styrelsen

325 517 109 36 ansåg
453 518 43 36 på
516 519 113 35 grund
650 519 108 29 härav
778 522 51 27 att
849 521 426 39 utskänkningsrättighet
1295 525 71 29 inte
1387 525 106 30 borde
1514 526 148 37 beviljas
1684 528 10 28 i
1717 528 92 29 detta

325 561 62 29 fall
411 562 65 29 och
498 562 207 31 hemställde
728 566 51 28 att
800 565 168 30 besvären
991 567 112 30 skulle
1127 568 140 29 bifallas
1290 569 65 29 och
1378 570 143 30 ärendet
1543 572 93 29 visas
1659 571 74 31 åter
1757 573 52 28 till

325 605 258 38 länsstyrelsen.
607 608 126 36 Kungl.
756 609 105 37 Maj:t
884 610 86 30 fann
992 611 194 31 emellertid
1211 613 74 29 skäl
1309 613 168 40 föreligga
1500 615 54 29 för
1577 618 51 27 att
1652 616 157 30 tillstånd

324 649 52 30 till
400 651 433 39 rusdrycksutskänkning
856 655 219 30 meddelades
1100 657 192 30 försöksvis
1315 658 55 30 för
1393 659 95 30 tiden
1512 662 21 27 t.
1557 669 29 21 o.
1608 669 46 22 m.
1678 662 68 29 den
1768 662 39 29 30

325 695 194 36 september
545 696 98 35 1960;
672 706 34 20 se
730 697 125 37 Kungl.
879 699 123 37 Maj:ts
1026 700 115 31 beslut
1165 702 67 29 den
1256 702 39 30 20
1320 703 72 37 maj
1422 704 92 35 1960,
1541 705 65 29 dnr
1631 702 177 45 864/1960.

324 738 65 30 Det
410 739 145 31 sålunda
576 741 123 36 gjorda
720 742 155 31 försöket
895 744 96 30 torde
1012 745 9 29 i
1041 745 186 30 huvudsak
1247 747 44 29 ha
1312 747 133 31 utfallit
1463 749 66 35 väl,
1550 750 10 29 i
1580 750 58 30 det
1657 752 52 28 att
1729 751 79 37 inga

322 783 192 38 väsentliga
533 786 276 37 anmärkningar
828 787 136 31 kunnat
984 789 110 30 riktas
1115 792 72 28 mot
1207 791 425 39 utskänkningsrörelsen.
1653 795 68 30 För
1741 795 67 30 den

322 836 68 28 nya
414 828 285 38 oktrojperioden
723 831 99 36 gjord
847 833 165 30 anmälan
1034 834 150 31 rörande
1208 835 299 39 årsutskänkning
1531 838 64 30 har
1619 839 189 38 tillstyrkts

321 880 43 21 av
383 872 69 30 alla
472 873 109 31 hörda
601 876 243 36 myndigheter
864 877 64 30 och
948 878 88 30 skall
1057 888 47 21 nu
1125 880 192 31 behandlas
1337 890 42 21 av
1399 882 210 37 rådgivande
1630 884 177 30 nämnden

321 916 65 30 och
405 917 226 31 intendenten
650 919 55 30 för
724 920 423 39 utskänkningsärenden.

365 962 149 31 Solvalla
542 964 186 31 travbanas
754 968 253 36 restauranger,
1033 968 213 31 Stockholm.
1274 970 68 30 För
1367 971 100 30 dessa
1495 974 244 37 restauranger
1764 991 43 4 —

321 1007 56 30 två
394 1008 44 36 på
454 1008 212 31 travbanans
684 1010 109 30 första
809 1011 92 37 plats
916 1012 64 30 och
998 1013 56 29 två
1070 1013 45 37 på
1133 1014 78 30 dess
1228 1015 109 30 andra
1354 1015 91 37 plats
1461 1033 45 5 —
1522 1017 107 37 gäller
1647 1018 23 29 f.
1688 1028 34 20 n.
1739 1018 67 30 till-

321 1052 102 29 stånd
442 1052 52 30 till
512 1053 300 39 årsutskänkning
831 1064 42 21 av
890 1056 59 30 vin
965 1057 65 30 och
1050 1058 143 30 starköl.
1213 1059 12 29 I
1244 1059 65 30 vad
1328 1068 101 22 avser
1447 1061 100 30 nästa
1565 1058 240 46 oktrojperiod

320 1096 185 40 föreligger
528 1098 168 30 anmälan
720 1099 148 31 rörande
892 1100 301 40 årsutskänkning
1217 1104 86 29 även
1327 1113 44 21 av
1396 1105 237 38 spritdrycker
1658 1107 55 30 för
1738 1116 67 29 nya

320 1142 250 36 restaurangen
585 1142 45 37 på
648 1143 109 30 första
775 1144 101 36 plats.
895 1145 12 29 I
923 1146 162 36 yttrande
1103 1147 67 30 den
1187 1148 40 29 26
1245 1148 142 36 januari
1408 1150 79 30 1961
1509 1151 51 29 till
1579 1151 224 31 intendenten

320 1185 55 29 för
404 1185 413 39 utskänkningsärenden
845 1189 10 29 i
885 1189 220 31 Stockholms
1135 1192 76 29 stad
1239 1193 65 29 har
1331 1193 328 39 kontrollstyrelsen
1687 1197 118 29 anfört

319 1229 44 30 bl.
380 1238 31 22 a.
428 1230 166 37 följande,
609 1232 70 29 För
695 1232 441 40 Solvallarestaurangerna
1153 1236 64 30 har
1234 1238 107 29 sedan
1357 1238 119 37 längre
1492 1240 50 29 tid
1559 1240 145 31 tillbaka
1721 1242 84 36 gällt

318 1274 465 39 utskänkningsrättigheter
808 1278 56 29 för
887 1279 60 29 vin
969 1288 90 29 resp.
1083 1281 60 29 vin
1167 1281 65 30 och
1258 1282 143 31 starköl.
1427 1284 59 29 Att
1511 1281 293 46 spriträttigheter

319 1318 72 30 inte
414 1319 64 30 har
501 1320 98 30 sökts
620 1321 147 37 tidigare
790 1322 97 31 torde
909 1323 45 30 ha
977 1325 270 37 sammanhängt
1269 1327 79 30 med
1372 1329 51 28 att
1446 1328 67 30 den
1535 1329 114 37 gamla
1673 1332 131 29 restau-

318 1372 131 29 rangen
468 1365 43 37 på
530 1365 112 31 första
660 1366 91 37 plats
770 1367 71 30 inte
860 1368 64 29 har
942 1368 76 30 haft
1037 1369 110 30 sådan
1167 1370 166 31 standard
1354 1380 74 21 som
1448 1374 152 29 normalt
1618 1374 125 31 kräves
1762 1384 42 21 av

316 1419 43 20 en
379 1410 223 39 förstklassig
621 1413 216 37 restaurang.
857 1413 52 29 En
929 1413 108 31 sådan
1055 1415 67 29 har
1141 1424 46 21 nu
1207 1416 205 31 tillkommit
1431 1425 123 30 genom
1575 1420 66 29 den
1662 1420 39 29 år
1722 1420 82 31 1960

319 1453 242 37 färdigställda
583 1463 68 29 nya
673 1457 259 37 restaurangen,
955 1457 62 30 där
1038 1459 241 41 utskänkning
1301 1461 81 30 sker
1403 1462 53 29 till
1477 1463 115 36 gäster
1613 1472 76 21 som
1711 1464 92 30 intar

317 1497 124 31 måltid
469 1498 236 39 (måltidspris
729 1501 38 29 12
791 1501 83 30 eller
900 1502 38 30 18
962 1502 85 35 kr.).
1071 1503 66 30 Det
1162 1504 173 37 förtjänar
1357 1505 119 31 vidare
1500 1509 51 28 att
1573 1507 155 37 beaktas,
1752 1511 50 27 att

317 1541 136 31 landets
471 1543 89 31 båda
579 1543 120 38 övriga
717 1545 109 30 större
844 1546 196 36 travbanor,
1083 1549 140 36 Jägersro
1241 1550 65 29 och
1323 1549 83 39 Åby,
1426 1551 65 30 har
1510 1548 292 46 spriträttigheter

317 1586 9 28 i
348 1587 76 29 sina
444 1589 255 36 restauranger.
719 1590 112 37 Några
852 1592 276 37 anmärkningar
1149 1602 42 21 ur
1211 1594 218 37 nykterhets-
1450 1596 83 30 eller
1552 1593 249 47 ordningssyn-

316 1631 114 36 punkt
453 1634 73 28 mot
549 1633 286 38 utskänkningen
858 1635 10 29 i
894 1644 67 28 nya
986 1638 250 37 restaurangen
1259 1639 64 29 har
1347 1639 71 31 inte
1443 1641 253 37 framkommit,
1720 1652 81 21 vare

317 1675 51 37 sig
387 1676 82 30 från
487 1676 385 37 nykterhetsnämnden
891 1680 83 30 eller
995 1681 79 30 från
1095 1682 351 38 polismyndigheten.
1469 1681 333 48 Kontrollstyrelsen

316 1720 155 31 uttalade
490 1723 50 28 att
559 1721 58 30 det
636 1723 65 29 här
718 1732 80 21 vore
819 1724 98 37 fråga
938 1734 56 21 om
1013 1735 44 21 en
1076 1727 170 37 befintlig,
1266 1728 154 31 välskött
1440 1732 205 36 restaurang
1665 1733 65 29 och
1751 1734 50 28 att

315 1764 419 39 utskänkningstillstånd
752 1768 120 30 därför
890 1778 45 21 m.
954 1770 32 30 h.
1005 1772 23 28 t.
1049 1771 218 31 förarbetena
1287 1773 51 30 till
1359 1773 39 31 36
1420 1775 17 42 8
1456 1776 110 29 andra
1586 1777 135 35 stycket
1739 1777 62 30 Rfr

315 1809 105 30 borde
438 1809 120 31 kunna
575 1811 187 31 meddelas.
781 1813 289 32 Restauratörens
1088 1817 165 29 anmälan
1270 1817 38 30 är
1326 1818 24 30 f.
1369 1828 34 20 n.
1423 1819 146 31 föremål
1588 1821 56 29 för
1661 1822 138 29 remiss-

314 1854 221 38 behandling.

359 1904 11 27 I
391 1904 203 41 anslutning
614 1906 52 29 till
687 1906 66 30 den
772 1907 160 31 lämnade
952 1909 242 37 redogörelsen
1214 1912 56 30 må
1291 1912 207 32 framhållas
1520 1915 170 37 följande:

359 1958 332 37 Kontrollstyrelsen
717 1961 94 29 delar
838 1962 67 29 den
931 1963 51 29 till
1009 1965 113 35 grund
1151 1965 53 29 för
1230 1969 202 28 nuvarande
1458 1969 149 36 ordning
1634 1970 44 36 på
1706 1970 92 29 detta

313 2011 142 30 område
471 2012 159 36 gällande
648 2015 278 37 uppfattningen,
944 2019 50 27 att
1010 2018 365 39 rusdrycksförtäring
1391 2039 44 3 —
1451 2022 69 29 inte
1537 2024 108 28 minst
1662 2033 44 20 m.
1725 2024 32 29 h.
1775 2027 22 26 t.

313 2065 197 36 ungdomen
527 2084 44 4 —
589 2067 9 29 i
618 2068 197 37 möjligaste
835 2070 82 29 mån
935 2071 61 29 bör
1016 2072 172 30 undvikas
1210 2074 8 28 i
1239 2075 169 29 samband
1427 2076 77 29 med
1526 2077 271 38 idrottstävling-

312 2128 48 25 ar,
383 2119 441 40 dansbanetillställningar
845 2132 29 21 o.
896 2124 31 29 d.
949 2125 11 28 I
983 2125 92 30 detta
1098 2127 90 35 syfte
1210 2128 62 29 har
1294 2128 212 37 tillkommit,
1529 2133 95 27 utom
1647 2132 67 29 den
1734 2133 64 29 här

313 2172 265 37 ifrågavarande
599 2174 269 32 bestämmelsen
891 2178 8 28 i
923 2178 37 29 36
986 2180 16 41 $
1025 2179 62 29 Rfl
1108 2189 55 20 om
1189 2181 149 30 särskild
1360 2183 170 37 prövning
1554 2185 147 30 rörande
1723 2195 73 20 rus-

312 2226 370 39 drycksutskänkning
707 2230 94 28 inom
825 2231 114 36 nöjes-
962 2232 64 29 och
1050 2233 266 37 idrottsplatser,
1343 2236 227 31 föreskriften
1594 2239 9 28 i
1630 2239 37 30 16
1695 2240 17 42 $
1736 2240 59 28 all-

311 2280 130 29 männa
465 2281 316 38 ordningsstadgan
804 2292 56 21 om
887 2285 238 37 regelmässigt
1151 2287 203 38 förtärings-
1380 2290 64 29 och
1470 2290 326 41 förvaringsförbud

313 2333 53 29 för
391 2334 210 37 rusdrycker
626 2335 57 30 vid
710 2336 183 38 offentliga
918 2338 262 38 tillställningar
1206 2350 72 20 som
1306 2342 79 30 sker
1411 2345 84 28 utan
1523 2346 168 29 samband
1717 2346 78 28 med

312 2387 133 30 tillåten
468 2388 239 38 utskänkning
729 2399 41 20 av
792 2390 130 31 sådana
944 2391 156 38 drycker.
1124 2394 64 29 Det
1209 2395 38 29 är
1269 2395 57 30 det
1348 2396 217 32 sistnämnda
1590 2395 205 45 stadgandet

311 2449 73 20 som
403 2441 64 30 har
484 2442 66 29 den
569 2442 127 30 största
713 2443 200 37 betydelsen
930 2445 10 29 i
959 2445 93 31 detta
1071 2448 262 38 sammanhang.
