1892 2774
310 190 21 30 4
596 191 406 37 Bevillningsutskottets
1017 192 220 31 betänkande
1251 202 43 21 nr
1308 194 41 30 48
1365 193 40 30 år
1421 194 81 30 1961

355 279 13 29 I
389 279 271 38 fortsättningen
678 280 140 31 anföres
839 281 10 28 i
869 281 220 31 motionerna
1107 282 45 30 bl.
1173 291 29 20 a.
1223 284 51 28 att
1293 282 87 30 även
1399 291 57 21 om
1476 291 82 21 man
1576 282 58 30 vid
1653 282 140 30 bedöm-

311 332 129 37 ningen
459 341 43 21 av
521 332 399 37 nykterhetstillståndet
941 334 125 31 sådant
1084 335 94 30 detta
1200 335 181 37 avspeglar
1402 336 50 36 sig
1474 335 10 29 i
1505 335 287 37 fyllerisiffrorna

312 387 51 27 tar
382 385 138 37 hänsyn
539 386 52 29 till
611 387 51 29 att
681 386 294 38 fylleriökningen
995 387 52 30 till
1065 388 171 37 väsentlig
1257 388 54 30 del
1332 388 292 37 sammanhänger
1643 389 79 30 med
1744 391 50 28 att

310 438 408 31 alkoholmissbrukarna
736 449 47 20 nu
801 440 45 37 på
865 440 113 37 grund
997 449 42 21 av
1057 441 124 30 lättare
1199 441 144 37 tillgång
1362 441 53 30 till
1433 441 291 37 alkoholdrycker
1741 442 52 29 of-

309 493 74 28 tare
401 491 105 38 begår
522 491 116 38 fylleri
655 492 65 30 och
738 494 51 28 att
805 493 133 30 antalet
956 493 188 37 fyllerister
1162 494 39 29 är
1218 494 169 37 betydligt
1404 494 94 37 lägre
1516 495 45 29 än
1579 494 131 30 antalet
1730 495 63 37 fyl-

306 544 261 36 leriförseelser,
591 546 39 29 är
652 546 477 37 nykterhetsförhållandena
1152 546 191 38 långtifrån
1366 547 326 30 tillfredsställande
1714 547 83 30 eller

309 597 179 31 tolerabla.
510 598 75 30 Den
606 600 88 28 trots
716 598 67 30 den
805 599 197 30 successiva
1022 599 249 38 minskningen
1292 600 154 37 alltjämt
1469 600 139 37 mycket
1630 602 94 28 stora
1745 600 48 30 al-

309 650 390 37 koholkonsumtionen,
724 651 275 31 alkoholismens
1022 653 210 37 utbredning
1255 653 65 30 och
1344 653 58 30 det
1425 653 110 30 ökade
1559 653 146 30 kvinno-
1729 653 64 30 och

309 703 327 41 ungdomsfylleriet
658 705 39 29 är
721 704 115 31 direkt
859 705 241 31 alarmerande
1124 706 85 37 drag
1232 706 12 30 i
1268 707 130 36 dagens
1423 706 370 38 nykterhetspolitiska

309 757 86 37 läge.
417 757 76 30 Vad
515 766 74 21 som
610 757 107 38 ligger
739 758 128 30 bakom
890 758 67 30 den
979 758 156 38 stigande
1157 759 334 30 vinkonsumtionen
1513 759 39 30 är
1572 760 118 35 ovisst,
1712 768 82 21 men

310 809 57 31 det
388 810 179 30 förefaller
587 810 120 31 alltför
726 810 232 39 optimistiskt
977 813 52 28 att
1049 820 35 22 se
1105 811 68 31 den
1194 812 126 30 främst
1341 821 75 21 som
1436 821 43 21 en
1498 813 65 37 väg
1583 814 51 28 att
1653 812 139 31 minska

309 863 274 31 konsumtionen
604 872 43 22 av
669 864 198 38 starksprit.
888 864 77 30 Den
985 864 71 31 kan
1077 864 73 31 lika
1172 865 108 37 gärna
1302 865 56 30 för
1379 865 195 38 ungdomar
1596 866 65 30 och
1682 866 110 29 andra

308 916 47 30 bli
374 925 44 21 en
433 916 66 38 väg
516 916 52 31 till
585 916 372 32 alkoholkonsumtion
973 917 65 31 och
1055 917 118 31 vidare
1191 918 53 30 till
1264 918 170 38 förtäring
1453 928 43 21 av
1513 919 197 38 starksprit.

352 969 70 31 För
438 970 52 30 att
507 969 143 32 komma
666 970 54 30 till
736 970 92 31 rätta
845 971 81 30 med
944 970 101 31 dessa
1062 971 65 30 och
1145 971 111 30 andra
1274 971 156 38 problem
1448 972 111 30 måste
1576 981 44 21 en
1636 972 156 30 aktivare

308 1022 333 38 nykterhetspolitik
660 1023 105 30 föras.
784 1023 133 31 Härvid
936 1023 63 30 bör
1018 1024 170 37 ingående
1207 1024 126 38 prövas
1353 1024 174 31 huruvida
1547 1025 71 30 inte
1638 1025 155 30 metoder

308 1075 71 30 kan
399 1075 120 31 finnas
540 1084 74 22 som
634 1075 185 39 möjliggör
838 1076 114 31 bättre
971 1076 377 39 kontrollmöjligheter
1368 1078 81 30 över
1469 1078 238 30 missbrukare
1727 1078 65 30 och

308 1128 153 38 langare.
479 1129 101 30 Detta
596 1129 39 30 är
652 1138 44 21 en
712 1138 42 21 av
771 1129 41 31 de
829 1130 245 37 angelägnaste
1092 1130 224 38 uppgifterna
1335 1130 56 31 för
1407 1131 385 38 nykterhetspolitiken.

307 1181 170 38 Åtgärder
494 1182 62 30 bör
572 1182 159 41 vidtagas
749 1182 10 31 i
778 1182 92 38 syfte
887 1184 52 29 att
956 1183 169 37 begränsa
1145 1183 68 30 den
1230 1183 62 31 allt
1309 1184 212 31 intensivare
1539 1184 254 30 alkoholrekla-

308 1243 92 23 men.
423 1235 363 38 Vårdmöjligheterna
810 1236 56 30 för
889 1236 298 31 alkoholskadade
1210 1237 111 31 måste
1346 1237 199 36 förbättras,
1571 1237 143 30 särskilt
1738 1237 55 30 för

307 1287 299 32 alkoholskadade
630 1288 205 38 ungdomar.
860 1289 76 30 Den
960 1289 282 38 framgångsrika
1267 1290 327 38 opinionsbildande
1618 1291 65 30 och
1709 1290 83 30 fost-

308 1341 108 31 rande
445 1341 223 31 verksamhet
699 1351 73 21 som
804 1342 42 31 de
878 1342 165 38 frivilliga
1074 1343 529 38 nykterhetsorganisationerna
1633 1343 159 31 bedriver

308 1395 80 30 med
404 1394 45 38 på
467 1403 120 22 senare
603 1395 39 30 år
658 1395 64 30 allt
736 1396 113 29 bättre
866 1396 147 30 resultat
1029 1396 111 30 måste
1157 1396 36 30 få
1210 1396 83 31 ökat
1311 1397 77 30 stöd
1406 1396 80 31 från
1503 1397 289 30 statsmakternas

308 1447 86 31 sida.

350 1555 181 31 Yrkandet
553 1556 10 29 i
586 1556 219 31 motionerna
828 1557 28 29 1:
874 1557 62 30 477
960 1558 65 29 och
1049 1558 44 29 II:
1111 1558 61 30 567
1197 1566 57 21 om
1277 1557 234 38 begränsning
1533 1567 43 21 av
1599 1557 192 31 alkoholre-

307 1608 143 31 klamen
468 1609 186 31 motiveras
674 1609 142 31 särskilt
834 1610 80 30 med
933 1612 52 28 att
1003 1610 113 31 denna
1134 1610 135 31 reklam
1289 1610 55 31 för
1362 1611 219 32 närvarande
1598 1611 86 30 ökar
1704 1610 88 31 efter

306 1663 52 29 att
375 1662 59 30 vid
457 1662 202 31 1950-talets
678 1663 80 30 mitt
777 1670 125 30 genom
924 1664 290 30 statsmakternas
1234 1664 162 37 åtgärder
1416 1664 45 30 ha
1482 1664 224 37 nedbringats
1727 1664 64 30 och

307 1724 43 21 en
368 1715 52 30 tid
439 1715 73 31 helt
530 1716 169 30 uteblivit.
719 1716 193 31 Reklamen
929 1717 163 30 bekostas
1112 1717 53 30 till
1183 1717 143 31 alldeles
1345 1718 238 37 övervägande
1602 1718 56 30 del
1677 1727 43 20 av
1739 1719 52 28 ut-

307 1768 149 31 ländska
481 1769 123 30 firmor
628 1770 82 30 eller
735 1771 101 30 deras
860 1772 151 35 agenter.
1036 1771 122 30 Denna
1182 1780 43 21 av
1248 1772 42 29 de
1314 1771 259 30 kommersiella
1597 1772 194 29 intressena

305 1822 169 31 bedrivna
491 1823 275 30 alkoholreklam
782 1823 65 31 har
864 1824 196 37 säkerligen
1075 1824 11 30 i
1103 1824 126 37 många
1247 1825 61 29 fall
1326 1834 42 21 en
1384 1825 132 29 verkan
1533 1834 73 21 som
1624 1825 60 39 går
1703 1824 89 30 stick

306 1876 10 28 i
337 1876 76 30 stäv
431 1878 75 28 mot
523 1877 202 30 samhällets
744 1877 341 38 nykterhetspolitik.

350 1929 351 31 Alkoholreklamens
728 1930 143 37 omfång
899 1931 65 29 och
992 1931 218 37 utformning
1237 1932 64 29 har
1328 1931 44 38 på
1401 1933 76 36 nytt
1503 1932 99 29 blivit
1627 1931 163 30 anmärk-

306 1983 222 36 ningsvärda.
551 1984 13 28 I
585 1984 49 29 ett
654 1983 89 30 enda
763 1992 163 22 nummer
947 1993 43 21 av
1010 1993 42 21 en
1073 1984 139 30 relativt
1234 1984 119 38 spridd
1377 1985 125 30 svensk
1523 1984 268 30 veckotidskrift

306 2036 160 30 förekom
487 2036 140 37 nyligen
648 2036 134 37 sjutton
802 2046 176 21 annonser
998 2046 56 21 om
1075 2037 301 38 alkoholdrycker,
1399 2038 72 30 dvs.
1492 2047 42 21 en
1555 2037 171 37 fjärdedel
1749 2047 42 20 av

307 2089 162 37 samtliga
485 2098 174 21 annonser
676 2090 10 29 i
705 2092 149 28 numret.
873 2090 52 30 Av
942 2090 100 30 dessa
1059 2090 105 38 avsåg
1182 2091 48 30 tio
1249 2091 197 37 starksprit.
1466 2092 64 29 Det
1550 2093 92 28 stora
1660 2091 130 30 antalet

306 2151 177 22 annonser
502 2143 11 29 i
534 2144 99 36 dags-
653 2144 64 29 och
737 2143 209 38 veckopress
967 2144 39 29 är
1025 2144 10 29 i
1058 2144 50 37 sig
1129 2144 162 31 oroande.
1313 2145 80 29 Men
1413 2145 87 30 även
1521 2144 100 31 deras
1643 2145 147 29 utform-

305 2196 84 37 ning
411 2196 98 37 inger
529 2196 285 38 betänkligheter.
837 2196 67 31 Om
928 2198 48 29 ett
999 2197 156 30 starkvin
1176 2197 96 30 heter
1294 2197 71 30 det:
1393 2198 91 29 >»Har
1506 2198 41 29 Ni
1568 2198 61 29 XX
1650 2199 139 28 hemma

305 2250 65 29 har
391 2249 43 30 Ni
458 2249 99 31 alltid
579 2258 43 21 en
644 2250 158 30 exklusiv
824 2250 106 30 drink
951 2251 51 29 att
1023 2250 109 37 bjuda
1153 2250 45 38 på
1220 2250 57 30 vid
1299 2250 98 37 varje
1421 2251 136 30 tillfälle
1579 2251 44 37 på
1647 2251 140 37 dagen.»

304 2303 285 37 Formuleringar
610 2312 44 21 av
675 2303 93 30 detta
792 2303 74 37 slag
888 2303 111 30 måste
1023 2303 178 30 förmodas
1224 2304 44 29 ha
1291 2313 43 20 en
1358 2304 175 37 suggestiv
1554 2304 170 30 inverkan
1745 2304 44 36 på

305 2364 93 32 unga
416 2356 122 35 läsare,
555 2355 113 31 vilkas
686 2356 124 38 attityd
829 2356 53 30 till
902 2356 132 37 spriten
1051 2357 95 29 ännu
1164 2357 71 29 inte
1254 2357 155 30 fixerats.
1428 2357 89 30 Gåve
1535 2356 254 31 alkobolrekla-

304 2418 81 21 men
401 2409 72 30 inte
490 2409 111 30 effekt
616 2409 11 30 i
643 2410 92 29 form
751 2418 43 22 av
809 2409 91 30 ökad
919 2409 219 37 försäljning,
1158 2409 112 30 skulle
1287 2409 118 38 dylika
1422 2419 173 21 annonser
1612 2410 76 29 icke
1705 2418 84 21 vara

305 2462 37 30 så
360 2462 139 31 talrika.
517 2463 81 29 Man
614 2463 71 29 kan
702 2463 107 30 heller
827 2463 72 30 inte
915 2463 116 30 bortse
1049 2462 80 31 från
1148 2462 66 30 den
1234 2463 309 37 »överspridande»
1564 2462 131 31 verkan
1714 2471 73 21 som
