2197 2699
624 213 247 32 Konstilutions-
881 213 163 30 Utskottets
1073 212 166 31 Utlåtande
1262 213 59 31 N:o
1344 213 29 33 5.
1733 216 15 27 3

204 305 202 36 Kamrarne
436 302 182 38 bereddes
646 301 144 36 tillfälle
818 305 66 38 att,
912 298 91 37 efter
1031 305 51 31 ett
1111 300 271 49 mångsidigare
1401 300 302 49 meningsutbyte
1724 300 66 36 och

205 357 96 36 efter
340 354 233 37 inhemtande
614 353 38 36 af
692 352 43 36 de
776 350 165 37 rådande
977 352 234 36 tänkesätten
1240 352 101 35 inom
1370 351 136 43 landet,
1535 351 102 36 bilda
1664 352 57 47 sig
1749 366 43 22 cn

206 409 115 46 härpå
360 405 171 48 grundad
573 404 257 48 öfvertygelse,
870 416 77 22 som
988 402 114 36 borde
1131 403 11 34 i
1171 403 55 34 sin
1255 405 82 32 mån
1368 402 151 47 bidraga
1549 407 53 31 att
1628 402 101 47 gifva
1757 406 38 33 åt

206 459 125 47 hvarje
359 461 39 33 så
426 455 211 38 behandlad
666 454 102 50 fråga
797 467 41 23 cen
867 453 175 47 tidsenlig
1068 454 157 47 lösning.

339 509 71 34 Det
442 508 138 46 förslag
609 519 58 23 om
696 507 131 46 tillägg
855 505 55 34 till
948 501 8 49 $
987 506 43 34 59
1061 505 9 34 i
1101 503 405 48 Riksdagsordningen,
1535 517 78 22 som
1641 504 154 36 Utskot-

207 566 55 31 tet
291 559 59 36 vid
383 561 93 35 1873
506 561 57 33 års
591 556 150 48 riksdag
769 554 178 37 framlade
977 556 10 34 i
1015 556 68 35 här
1111 553 107 37 ofvan
1249 554 243 37 omförmälda
1519 554 180 49 syftning,
1721 555 77 36 blef

208 612 214 45 visserligen
451 610 92 43 icke,
573 612 46 45 på
647 607 122 47 grund
799 606 38 36 af
862 606 177 45 åtskilliga
1069 607 97 34 inom
1196 604 131 37 Andra
1356 605 221 36 Kammaren
1607 606 108 49 hysta
1732 606 63 35 be-

208 661 260 49 tänkligheter,
496 659 258 46 förnämligast
782 663 100 29 emot
911 657 97 35 vissa
1036 656 102 35 delar
1166 656 36 35 af
1228 656 192 49 förslaget,
1450 655 38 36 af
1513 656 207 48 Riksdagen
1742 657 52 35 bi-

206 714 119 42 fallet;
360 724 80 23 men
470 710 127 47 frågan
626 710 155 35 tillvann
811 709 56 45 sig
895 708 108 34 likväl
1032 707 209 36 sedermera
1271 707 63 35 allt
1363 713 116 29 större
1512 708 282 47 uppmärksam-

207 766 70 43 het,
318 763 144 36 hvilket
490 761 158 48 framgår
678 760 76 36 dels
783 757 115 46 deraf,
929 764 53 30 att
1009 758 211 36 densamma
1249 757 62 36 vid
1342 760 95 33 1874
1467 759 66 34 och
1565 760 93 34 1875
1688 761 108 33 årens

206 815 194 47 riksdagar
440 813 95 36 varit
563 813 10 34 i
603 810 231 37 omarbetadt
862 810 99 35 skick
990 808 155 37 föremål
1174 808 54 36 för
1255 809 218 48 ytterligare
1502 808 188 49 pröfning,
1719 809 78 36 dels

208 867 66 36 ock
304 867 8 33 i
342 873 97 28 ännu
468 865 115 46 högre
611 862 91 48 grad
733 860 113 44 deraf,
874 866 65 37 att,
969 859 132 37 medan
1130 860 130 35 Första
1276 859 222 36 Kammaren
1520 860 122 35 städse
1659 859 138 36 bifallit

208 915 378 50 ändringsförslagen,
627 913 127 36 Andra
782 911 242 36 Kammarens
1055 910 186 36 motstånd
1270 911 63 36 vid
1375 910 123 46 hvarje
1528 910 163 45 riksdag,
1721 923 75 23 som

208 970 128 47 frågan
378 966 188 44 förevarit,
593 965 230 45 småningom
864 962 140 48 aftagit,
1042 965 38 32 så
1108 967 61 36 att,
1199 961 46 36 då
1273 961 216 36 densamma
1517 960 64 36 föll
1610 961 60 35 vid
1704 963 93 35 1873

209 1025 57 31 års
306 1018 148 45 riksdag
495 1023 86 30 utan
624 1015 232 46 omröstning
890 1014 67 35 och
988 1013 60 35 vid
1081 1014 93 34 1874
1204 1016 57 32 års
1290 1012 151 46 riksdag
1470 1012 84 36 med
1587 1014 66 34 111
1683 1017 115 30 röster

209 1076 100 32 emot
338 1071 57 43 32,
413 1068 192 50 utgjordes
634 1067 70 36 den
734 1065 197 48 majoritet,
960 1077 76 23 som
1067 1063 59 37 vid
1159 1065 93 34 1875
1282 1067 57 32 års
1354 1063 150 49 riksdag
1520 1063 191 35 åstadkom
1729 1062 68 37 frå-

207 1136 88 34 gans
323 1119 248 45 förkastande,
599 1118 39 36 af
663 1119 154 35 allenast
848 1116 43 36 10
920 1120 134 31 rösters
1082 1114 195 48 öfvervigt.

342 1172 109 36 Emot
491 1171 61 35 det
593 1169 149 48 förslag,
782 1181 79 22 som
905 1166 59 36 vid
1002 1168 92 34 1875
1125 1168 58 33 års
1211 1165 149 48 riksdag
1388 1164 194 36 framlades
1612 1165 67 35 och
1707 1178 91 30 som,

209 1225 92 36 efter
330 1223 94 36 hvad
454 1221 115 37 redan
599 1221 99 35 förut
725 1227 39 28 är
792 1218 117 49 sagdt,
939 1231 47 21 nu
1015 1216 124 36 blifvit
1168 1216 38 36 af
1231 1217 227 34 motionären
1488 1219 94 45 ånyo
1600 1216 119 44 väckt,
1735 1216 64 35 har

210 1276 117 36 under
356 1272 375 48 öfverläggningarne
760 1271 98 35 inom
888 1268 126 36 Andra
1036 1267 221 36 Kammaren
1276 1266 306 47 hufvudsakligen
1600 1267 202 35 anmärkts:

211 1333 53 30 att
293 1339 44 23 en
367 1323 174 49 vidlyftig
569 1323 67 36 och
666 1321 217 37 tidsödande
912 1319 206 36 diskussion
1148 1318 120 36 kunde
1297 1319 10 34 i
1335 1317 129 48 sjelfva
1493 1316 307 49 uppskofstrågan

214 1377 172 48 utspinna
425 1376 56 48 sig
522 1380 87 30 utan
652 1379 54 30 att
746 1373 84 35 leda
858 1372 53 35 till
942 1373 110 43 något
1080 1370 170 43 resultat,
1280 1371 10 33 i
1318 1368 65 36 fall
1412 1368 134 36 endera
1576 1368 222 36 Kammaren

211 1428 138 47 afsloge
390 1426 326 47 framställningen
757 1437 55 21 om
856 1420 178 50 uppskof;
1064 1426 64 38 att,
1159 1420 121 35 derest
1309 1425 53 30 ett
1390 1419 137 36 ärende
1557 1419 95 36 hade
1681 1418 120 36 blifvit

213 1479 218 49 uppskjutet
471 1477 57 35 till
569 1490 46 22 en
656 1474 246 48 nästföljande
943 1472 159 46 riksdag,
1130 1470 271 47 förvecklingar
1435 1471 68 34 lätt
1530 1470 118 36 skulle
1677 1471 124 34 kuuna

211 1531 87 46 följa
342 1527 117 40 deraf,
488 1533 54 30 att
570 1540 71 35 nya
670 1527 183 34 motioner
882 1524 147 35 väcktes
1057 1523 10 34 i
1096 1535 140 22 samma
1265 1521 146 42 ärende,
1437 1534 77 22 som
1543 1521 60 35 det
1632 1521 170 35 hvilande

212 1578 417 39 utskottsbetänkandet
669 1576 233 42 afhandlade,
945 1574 45 35 då
1031 1573 188 47 svårighet
1259 1572 123 36 kunde
1412 1575 132 45 uppstå
1578 1577 54 30 att
1661 1571 140 47 afgöra,

213 1631 185 37 huruvida
440 1630 107 35 dessa
587 1629 182 35 motioner
809 1626 105 36 stode
951 1625 54 35 till
1034 1636 86 37 nyss
1149 1623 160 36 berörda
1336 1623 234 36 betänkande
1600 1623 51 34 uti
1682 1628 54 29 ett
1763 1626 39 31 så

212 1682 185 37 bestämdt
425 1679 238 43 förhållande,
693 1685 55 28 att
777 1677 44 37 de
850 1676 129 37 endast
1007 1676 10 34 i
1045 1674 268 47 sammanhang
1342 1673 83 36 med
1456 1673 200 36 detsamma
1676 1672 125 36 kunde

212 1734 230 48 handläggas
484 1732 69 35 och
596 1736 54 30 att
691 1729 143 37 således
868 1726 248 38 betänkandet
1145 1728 116 33 måste
1291 1726 10 34 i
1330 1728 120 44 någon
1480 1728 84 32 mån
1593 1723 209 45 förändras;

214 1791 56 30 att
311 1798 44 23 en
399 1784 189 46 majoritet
616 1783 98 34 inom
743 1779 210 49 Riksdagen
983 1777 123 35 kunde
1135 1776 166 47 begagna
1330 1776 55 47 sig
1413 1775 39 36 af
1478 1781 52 30 ett
1558 1774 245 49 uppskofsbe-

213 1837 76 35 slut
317 1835 58 36 för
404 1839 55 31 att
487 1833 197 36 såmedelst
712 1831 249 47 undanskjuta
990 1841 43 23 en
1061 1827 55 35 för
1145 1827 231 47 majoriteten
1405 1827 153 46 ömtålig
1577 1826 118 47 fråga;
1709 1831 96 30 samt

213 1893 55 30 att
309 1887 185 46 slutligen,
526 1885 46 35 då
601 1884 59 35 vid
691 1883 108 36 väckt
827 1882 140 47 förslag
995 1892 58 22 om
1084 1878 152 36 ärendes
1266 1877 270 49 uppskjutande
1567 1878 56 34 till
1653 1878 153 34 nästföl-

210 1938 113 48 jande
356 1936 164 47 riksdag,
555 1934 330 48 öfverläggningen
914 1933 30 46 ej
975 1932 145 34 komme
1149 1935 52 29 att
1228 1929 86 48 ingå
1343 1932 45 44 på
1417 1928 131 47 sjelfva
1577 1929 113 34 saken
1719 1933 84 30 utan

215 1989 131 36 endast
386 1987 119 36 skulle
546 1993 84 28 röra
664 1985 55 46 sig
754 1984 168 46 omkring
951 1978 374 52 uppskofsförslaget,
1354 1980 111 47 ginge
1495 1992 83 21 man
1608 1979 107 35 miste
1746 1992 60 21 om

215 2040 168 35 fördelen
425 2043 54 30 att
519 2038 75 35 lära
635 2037 122 34 känna
801 2035 44 35 de
888 2034 95 35 olika
1012 2032 135 46 åsigter
1176 2031 8 34 i
1216 2029 289 48 hufvudfrågan,
1535 2030 120 34 hvilka
1683 2029 123 35 kunde

215 2092 96 34 inom
340 2089 343 47 representationen
711 2086 211 36 förefinnas.

349 2139 180 36 Häremot
570 2139 135 35 tillåter
733 2139 55 46 sig
817 2136 190 36 Utskottet
1035 2134 136 35 erinra:
1202 2138 55 29 att
1285 2133 124 47 hvarje
1438 2131 281 48 öfverläggning
1748 2144 57 21 om

217 2190 306 50 uppskofsbeslut
564 2190 10 34 i
615 2189 101 46 regel
758 2189 30 47 ej
826 2189 63 34 bör
917 2187 127 34 kunna
1073 2183 189 36 förorsaka
1292 2186 117 44 någon
1438 2182 205 36 nämnvärd
1673 2182 133 35 tidsut-

218 2243 124 47 drägt;
373 2247 53 30 att
455 2240 143 36 mindre
627 2240 143 48 nyttiga
800 2239 88 36 eller
917 2238 55 34 till
1001 2236 64 35 och
1096 2234 82 35 med
1207 2234 268 35 ändamålslösa
1503 2233 250 35 diskussioner
1774 2233 31 46 ej

218 2293 181 49 någonsin
428 2293 80 34 lära
535 2292 123 34 kunna
687 2289 223 42 förhindras,
940 2295 88 28 utan
1059 2292 53 29 att
1143 2297 192 36 omsorgen
1357 2285 126 35 härom
1487 2279 17 67 i
1528 2285 64 35 allt
1607 2283 65 36 fall
1692 2287 115 32 måste
