2218 2654
710 212 250 52 Statsutskottets
987 228 173 33 Utlåtande
1183 228 62 33 N:o
1269 228 49 32 65.
1733 226 42 31 29

627 322 80 25 som
737 308 91 38 böra
856 313 113 45 tagas
996 307 12 37 i
1037 307 215 51 beräkning
1272 311 125 34 såsom
1414 305 225 52 påräknelig
1653 305 168 50 tillgång

627 362 9 36 i
667 361 104 38 detta
800 359 234 46 hänseende,
1063 360 58 37 för
1148 360 290 50 ifrågavarande
1459 357 361 51 kasernbyggnads-

627 414 156 37 arbeten
799 413 198 37 äfvensom
1013 413 59 36 för
1087 411 247 38 anordnande
1349 412 42 37 af
1402 410 219 39 exercisfält
1634 410 58 38 för
1702 410 118 37 andra

626 471 94 44 göta
762 465 70 37 och
870 464 119 38 andra
1017 477 92 24 svea
1137 464 412 50 artilleriregementen
1577 468 100 32 samt
1704 462 115 37 Norr-

627 518 110 37 lands
766 517 371 49 dragonregemente
1166 516 139 49 bevilja
1336 516 253 37 tillsammans
1619 516 202 46 2,791,160

627 570 153 47 kronor,
811 574 56 31 att
895 572 97 45 utgå
1019 568 85 37 med
1129 570 199 46 1,411,925
1345 568 141 36 kronor
1501 567 37 36 af
1553 565 268 51 försäljnings-

628 621 150 38 medlen
807 621 58 37 för
889 620 264 50 nyssnämnda
1169 626 140 31 tomter
1324 619 70 38 och
1410 618 228 51 byggnader
1652 618 13 36 i
1680 617 139 38 Malmö

628 674 70 37 och
742 673 124 37 Ystad
908 672 196 38 äfvensom
1135 671 58 38 för
1221 672 45 36 de
1295 672 11 37 i
1331 670 424 51 statsrådsprotokollet
1783 670 42 37 af

627 727 73 36 den
729 729 21 34 9
781 739 100 23 mars
927 727 97 35 1894
1053 724 249 37 omförmälda
1332 729 137 32 tomter
1497 723 72 37 och
1598 722 224 51 lägenheter

627 792 49 23 m.
706 792 47 22 m.
783 777 12 36 i
824 776 224 38 Stockholm
1078 776 71 37 och
1179 776 211 50 Göteborg,
1411 781 100 32 samt
1525 775 42 37 af
1578 774 242 38 återstående
1847 803 1 3 .

630 831 200 47 1,379,235
874 829 141 37 kronor
1054 832 48 46 på
1143 834 107 31 extra
1292 834 76 31 stat
1404 828 58 36 för
1489 830 41 34 år
1561 828 97 36 1895
1688 826 133 38 anvisa

627 883 165 47 400,000
820 881 158 48 kronor;

730 937 28 42 t)
786 939 56 31 att
870 932 222 49 Riksdagen
1120 935 61 34 må
1210 931 194 51 medgifva
1432 936 67 44 att,
1528 931 130 37 derest
1686 930 95 37 brist
1800 933 22 34 å

627 985 64 38 det
719 985 151 50 belopp,
901 998 79 24 som
1012 985 58 36 för
1094 990 55 31 ett
1168 983 432 38 kasernetablissement
1620 982 200 49 anslagits,

627 1037 126 38 skulle
780 1039 152 48 uppstå,
953 1036 57 37 till
1027 1036 186 38 täckande
1233 1036 104 37 deraf
1362 1038 47 35 må
1424 1034 198 38 användas
1638 1034 181 50 möjligen

627 1089 310 51 uppkommande
966 1088 215 38 öfverskott
1210 1091 20 34 å
1249 1088 63 53 det
1328 1088 57 36 för
1400 1092 118 32 annat
1533 1086 288 38 etablissement

627 1141 187 49 anslagna
833 1141 157 50 belopp;
1012 1140 96 37 dock
1124 1140 121 37 under
1260 1140 124 37 vilkor
1401 1145 55 32 att
1472 1138 181 49 samtliga
1668 1138 152 38 etablis-

627 1201 149 30 sement
817 1193 116 37 varda
975 1193 85 36 med
1101 1192 159 37 sålunda
1302 1191 187 49 anslagna
1528 1191 140 49 belopp
1696 1190 12 37 i
1736 1190 84 37 full-

627 1246 160 37 bordadt
828 1245 109 37 skick
966 1244 189 51 uppförda
1182 1244 12 36 i
1223 1243 276 49 hufvudsaklig
1527 1243 293 37 öfverensstäm-

628 1298 118 37 melse
776 1297 85 37 med
890 1296 217 48 framlagda
1133 1296 148 49 planer;

755 1349 37 49 u)
822 1354 55 31 att
920 1348 222 49 Riksdagen
1185 1350 59 34 må
1280 1346 238 49 bemyndiga
1546 1345 139 50 Kongl.
1714 1346 106 48 Maj:t

626 1407 55 31 att
723 1400 84 37 utaf
847 1400 58 37 för
946 1400 153 37 handen
1136 1399 168 37 varande
1340 1398 211 50 tillgångar
1579 1398 57 36 för
1664 1398 157 37 kasérn-

627 1452 387 50 byggnadsarbetena
1043 1451 186 49 förskjuta
1257 1456 55 32 ett
1340 1450 140 50 belopp
1501 1450 40 36 af
1553 1452 164 46 913,925
1735 1450 85 36 kro-

628 1519 81 33 nor,
735 1503 271 38 motsvarande
1035 1503 75 37 den
1139 1502 237 50 behållning,
1405 1515 80 24 som
1517 1502 188 37 beräknas
1726 1515 95 36 upp-

628 1557 151 37 komma
821 1556 64 37 vid
929 1555 280 50 försäljningen
1250 1555 42 37 af
1328 1555 46 37 de
1413 1557 41 34 så
1482 1554 151 37 kallade
1662 1553 159 50 gardes-

628 1614 200 42 tomterna,
859 1607 42 38 af
924 1607 101 37 förut
1053 1607 248 37 omförmälda
1330 1612 140 31 tomter
1499 1606 72 36 och
1594 1605 227 49 lägenheter

627 1661 87 36 med
753 1673 102 24 mera
879 1660 11 36 i
921 1659 200 49 Göteborg
1149 1659 71 38 och
1248 1659 37 36 af
1312 1658 469 37 kasernetablissementet
1809 1657 11 37 i

626 1712 138 45 Ystad;

756 1763 37 48 v)
822 1769 67 38 att,
933 1763 64 36 vid
1026 1762 105 37 bifall
1160 1761 58 37 till
1248 1761 217 49 punkterna
1494 1760 35 50 e)
1559 1760 71 38 och
1658 1760 46 49 s),
1732 1760 87 37 herr

625 1816 204 48 Nyströms
871 1814 114 37 ofvan
1027 1813 250 37 omförmälda
1315 1812 145 37 motion
1502 1815 60 34 må
1603 1826 113 23 anses
1758 1811 62 38 be-

626 1866 148 39 svarad.

354 1972 223 37 Stockholm
607 1972 73 37 den
710 1973 46 34 27
788 1969 97 50 april
913 1971 111 36 1894.

735 2075 52 37 På
816 2074 310 37 statsutskottets
1155 2078 161 43 vägnar:

804 2177 202 38 GUSTAF
1036 2176 204 36 SPARRE.
