2218 2654
653 224 245 34 Statsutskottets
926 226 167 33 Utlåtande
1116 228 64 32 N:o
1203 228 50 32 65.
1743 232 41 32 27

629 310 106 32 ment
780 305 59 39 för
879 306 119 38 andra
1041 312 94 46 göta
1176 307 384 51 artilleriregemente
1601 314 60 34 må
1698 312 127 38 anslås

632 358 165 48 868,000
826 358 158 48 kronor;
1014 365 99 32 samt
1622 365 10 7 ”

759 415 56 32 att
842 410 133 38 herrar
997 411 241 39 Jakobssons
1259 412 72 38 och
1351 413 203 52 Rydbergs
1575 415 251 39 omförmälda

629 461 188 39 motioner
859 463 33 49 ej
935 466 60 35 må
1036 464 199 38 föranleda
1263 468 129 46 någon
1420 466 245 51 Riksdagens
1695 468 131 38 vidare

630 514 150 48 åtgärd;

755 566 41 51 g)
826 572 56 32 att
911 567 59 37 för
997 567 237 50 uppförande
1262 569 42 36 af
1314 575 56 31 ett
1384 576 86 43 nytt
1486 570 339 40 kasernetablisse-

629 623 106 32 ment
767 619 58 37 för
858 619 211 39 Norrlands
1097 620 286 51 trängbataljon
1413 625 61 34 må
1502 623 127 37 anslås
1658 626 165 48 340,000

630 669 157 47 kronor;
808 688 3 4 :

755 722 40 49 h)
827 728 69 44 att,
929 723 58 38 för
1016 724 286 38 verkställande
1330 725 42 37 af
1394 725 387 51 inredningsarbeten
1811 729 11 36 i

626 773 474 40 kasernetablissementet
1127 775 12 37 i
1154 776 265 50 Helsingborg
1434 778 59 37 för
1508 778 262 50 inrymmande
1786 781 43 36 af

625 826 170 38 skånska
824 827 376 51 husarregementets
1230 829 129 37 skolor
1388 830 70 37 och
1487 830 334 51 chefsexpedition

625 880 60 34 må
713 879 127 38 anslås
867 881 137 47 10,000
1034 881 156 46 kronor;

726 931 26 49 i)
795 937 56 31 att
884 932 235 50 Riksdagen,
1168 933 84 37 med
1295 933 125 50 afslag
1461 937 21 33 å
1520 934 139 50 Kongl.
1694 935 126 50 Maj:ts

625 981 296 51 framställning,
963 987 41 34 så
1045 984 83 38 vidt
1160 984 73 37 den
1258 986 101 36 afser
1387 985 216 50 beviljande
1631 987 42 37 af
1696 987 123 38 medel

624 1033 56 37 till
723 1035 285 38 verkställande
1049 1037 43 37 af
1128 1036 104 37 vissa
1265 1037 390 49 inredningsarbeten
1684 1039 12 37 i
1725 1039 94 37 slut-

625 1090 132 34 värnet
800 1090 20 34 å
853 1088 214 50 Karlsborg
1096 1094 99 32 samt
1223 1089 57 36 till
1304 1102 47 24 en
1381 1090 350 50 beväringsbarack
1761 1092 59 36 för

621 1143 95 44 göta
758 1140 300 50 trängbataljon,
1101 1143 62 34 må
1197 1140 57 37 för
1287 1142 239 49 uppförande
1560 1143 42 36 af
1631 1149 55 31 ett
1714 1143 104 38 stall-

623 1190 100 49 skjul
752 1194 38 34 åt
817 1197 93 44 göta
934 1192 347 50 ingeniörbataljon
1311 1193 108 38 anslå
1451 1196 110 44 1,500
1589 1195 158 47 kronor;

751 1243 38 49 k)
824 1249 56 31 att
909 1244 142 49 Kongl.
1081 1245 128 47 Maj:ts
1237 1245 251 37 förevarande
1518 1246 298 50 framställning,

621 1296 41 34 så
691 1295 80 37 vidt
799 1296 73 36 den
902 1296 102 37 afser
1033 1296 216 49 beviljande
1277 1297 42 36 af
1342 1297 124 37 medel
1491 1298 56 37 till
1568 1299 249 38 anskaffande

621 1345 42 36 af
700 1346 175 50 skjutfält
908 1347 58 37 för
1000 1348 117 37 andra
1145 1352 93 45 göta
1267 1349 396 50 artilleriregemente,
1693 1351 31 50 ej
1756 1354 61 34 må

620 1397 42 36 af
686 1398 219 49 Riksdagen
935 1398 165 47 bifallas;

748 1450 28 50 1)
819 1457 56 31 att
916 1451 59 37 för
1016 1451 246 38 anordnande
1304 1453 42 36 af
1382 1453 218 38 exercisfält
1633 1454 58 37 för
1728 1454 88 38 sist-

621 1502 163 37 nämnda
813 1509 225 43 regemente
1066 1507 61 33 må
1154 1504 127 37 anslås
1312 1506 112 46 6,000
1452 1505 156 47 kronor;

748 1555 50 48 m)
836 1561 57 31 att
930 1556 58 36 för
1020 1556 247 38 anordnande
1296 1557 42 37 af
1361 1558 220 37 exercisfält
1609 1559 58 36 för
1695 1558 119 38 andra

619 1619 90 24 svea
737 1606 383 50 artilleriregemente
1150 1611 60 34 må
1237 1608 129 38 anslås
1397 1611 137 46 14,000
1562 1610 159 46 kronor;

746 1658 37 48 n)
827 1665 55 30 att
923 1659 58 37 för
1017 1660 244 37 anordnande
1294 1660 42 37 af
1367 1661 217 37 exercisfält
1612 1662 58 37 för
1698 1663 116 37 Norr-

616 1709 110 37 lands
756 1710 373 49 dragonregemente
1157 1715 60 33 må
1245 1712 128 37 anslås
1405 1715 136 45 15,000
1570 1714 158 46 kronor;

745 1761 35 49 0)
797 1768 56 30 att
868 1762 222 49 Riksdagen
1111 1766 59 33 må
1190 1763 207 50 medgifva,
1413 1771 68 42 att,
1497 1765 128 37 derest
1643 1766 170 37 skånska

616 1812 411 51 dragonregementets
1043 1814 129 37 skolor
1187 1815 71 37 och
1270 1815 331 51 chefsexpedition
1613 1817 199 50 förläggas

616 1864 58 37 till
704 1865 134 49 Ystad,
858 1866 411 49 dragonregementets
1286 1868 221 37 nuvarande
1524 1869 288 38 etablissement

614 1916 12 36 i
668 1917 121 37 Ystad
833 1920 60 34 må
925 1918 176 50 försäljas
1134 1924 80 31 mot
1242 1932 47 24 en
1317 1920 267 50 köpeskilling
1612 1921 32 49 ej
1674 1922 137 37 under-

614 1968 178 50 stigande
821 1971 139 46 35,000
989 1970 157 46 kronor;

742 2021 38 49 p)
810 2026 56 32 att
894 2021 223 49 Riksdagen
1147 2025 60 34 må
1237 2023 205 49 medgifva,
1460 2030 56 31 att
1532 2025 278 49 kronprinsens

613 2072 362 49 husarregementes
1017 2074 221 37 nuvarande
1274 2074 151 49 kasern,
1460 2076 87 36 stall
1577 2076 79 37 och
1677 2076 133 37 ridhus

614 2129 98 30 samt
754 2123 107 36 vakt-
904 2124 71 37 och
1017 2125 395 50 sjukhusbyggnader
1454 2127 85 36 med
1579 2127 231 38 tillhörande

612 2181 137 30 tomter
791 2175 199 37 äfvensom
1033 2176 124 48 öfriga
1197 2177 86 37 med
1324 2182 98 44 grön
1465 2178 86 49 färg
1585 2182 20 33 å
1638 2179 72 37 den
1746 2180 62 37 vid

613 2226 421 49 statsrådsprotokollet
1075 2229 58 36 för
1172 2228 74 37 den
1284 2231 16 34 1
1332 2229 165 37 februari
1530 2232 94 35 1889
1655 2230 153 50 bilagda

612 2277 108 38 karta
762 2278 205 48 utmärkta,
1010 2279 147 38 kronan
1191 2280 197 49 tillhöriga
1416 2281 181 37 områden
1627 2282 11 36 i
1667 2282 140 38 Malmö

611 2330 96 49 stad,
751 2330 87 37 med
880 2330 199 51 undantag
1113 2332 135 37 endast
1276 2332 42 37 af
1343 2332 45 38 de
1418 2333 85 37 med
1531 2333 275 39 bokstäfverna
