2102 2660
309 196 18 30 6
487 194 119 32 Andra
628 194 217 33 Kammarens
870 194 188 41 Tillfälliga
1086 194 145 33 Utskotts
1254 195 78 43 (N:o
1356 196 33 41 1)
1418 195 175 33 Utlåtande
1615 196 64 32 N:o
1705 198 29 29 4.

305 276 145 50 ojemna
477 276 287 50 kunskapsmått
793 276 259 37 sönderbrötes
1080 277 69 37 och
1176 276 62 38 det
1265 277 167 50 åsyftade
1460 277 319 38 arbetsresultatet
1805 278 107 38 förfe-

304 327 114 49 lades,
446 328 117 37 finner
591 327 60 51 sig
677 328 192 38 Utskottet
895 328 90 37 böra
1011 328 206 49 hemställa,

808 436 54 31 att
901 431 99 36 hvad
1032 431 228 37 motionären
1291 431 157 37 rörande
1475 431 177 50 mildring
1681 432 38 36 af
1741 432 170 37 vilkoren

706 482 55 37 för
800 482 143 37 inträde
982 496 13 23 1
1034 482 370 50 fortsättningsskola
1443 483 13 36 i
1495 483 205 37 motionens
1727 483 98 38 förra
1852 484 59 37 del

707 533 131 50 anfört,
866 537 60 34 må
953 534 40 37 af
1014 534 218 50 Riksdagen
1259 535 142 37 lemnas
1428 539 91 32 utan
1546 534 181 38 afseende.

437 636 110 37 Hvad
574 636 164 37 deremot
765 640 117 46 angår
908 637 207 37 motionens
1144 651 129 23 scnare
1301 637 71 48 del,
1401 651 108 23 anser
1536 637 191 38 Utskottet
1754 637 155 38 berörda

302 688 104 48 fråga
435 701 90 23 vara
551 688 150 48 förtjent
729 688 40 36 af
791 688 50 36 all
858 688 339 49 uppmärksamhet.
1243 689 57 36 Då
1318 689 63 36 vid
1402 691 94 34 1882
1517 691 59 34 års
1594 689 158 48 riksdag
1771 702 140 24 samma

300 739 106 49 fråga
432 738 145 38 förevar
603 738 57 38 till
686 738 241 51 behandling,
955 739 258 38 omförmäldes
1240 739 13 37 i
1280 739 46 37 då
1352 739 135 37 väckta
1513 739 199 49 motionen,
1736 739 136 38 liksom
1898 740 12 36 i

301 790 276 37 vederbörande
604 791 175 37 Utskotts
807 791 167 36 deröfver
1002 791 141 49 afgifna
1168 791 202 48 utlåtande,
1386 796 54 32 att
1457 791 129 37 Lunds
1607 791 98 37 stifts
1724 791 186 37 allmänna

301 841 401 38 folkskoleläraremöte
730 842 71 36 den
830 844 46 35 30
904 842 204 37 December
1135 845 90 34 1881
1261 856 136 36 genom
1428 842 155 37 utsedde
1607 842 227 38 komiterade
1852 843 58 36 till

303 893 135 50 Kongl.
481 893 106 50 Maj:t
617 893 151 50 ingifvit
799 907 46 23 en
875 894 155 49 petition
1061 894 13 36 1
1101 894 151 37 alldeles
1280 894 195 37 enahanda
1503 893 105 50 syfte.
1664 894 17 36 I
1707 894 202 50 petitionen

302 945 184 43 anfördes,
522 945 178 36 hurusom
749 945 60 37 det
859 946 40 35 af
941 946 137 36 inemot
1129 948 70 35 600
1248 945 231 37 folkskolans
1523 946 129 48 lärare,
1705 946 205 37 lärarimnor

302 997 69 36 och
397 1001 140 33 vänner
555 996 192 37 bevistade
774 1001 116 33 mötet
915 997 114 36 bland
1056 997 115 37 andra
1197 997 125 49 frågor
1349 997 194 49 öfvervägt
1570 997 109 37 äfven
1697 997 83 49 den,
1800 997 109 37 hvar-

301 1048 55 36 för
394 1048 398 49 fortsättningsskolan
831 1048 100 37 inom
972 1048 113 37 stiftet
1114 1049 132 36 vunnit
1275 1052 40 33 så
1341 1049 110 49 ringa
1477 1048 212 50 framgång;
1718 1049 69 37 och
1814 1049 95 37 hade

302 1103 122 33 såsom
463 1099 351 49 hufvudsakligaste
855 1100 119 36 skälet
1006 1100 179 50 angifvits
1211 1100 260 49 »svårigheten
1499 1105 53 32 att
1578 1100 84 37 med
1689 1100 173 37 afseende
1890 1104 20 33 å

300 1151 320 48 tidsindelningen
648 1154 40 33 så
716 1151 115 36 ordna
858 1151 102 36 detta
987 1152 103 48 slags
1119 1151 124 37 skolor
1270 1154 46 46 på
1331 1151 274 49 landsbygden,
1626 1157 54 31 att
1698 1151 45 37 de
1762 1152 146 36 komme

302 1202 12 36 i
353 1201 67 37 full
448 1201 385 37 öfverensstämmelse
861 1202 84 37 med
972 1201 278 38 föreskrifterna
1277 1202 11 36 1
1315 1202 136 49 Kongl.
1481 1202 254 49 kungörelsen
1761 1202 71 37 den
1863 1205 41 34 11

304 1252 216 50 September
551 1254 123 35 1877».
729 1253 51 37 På
807 1253 124 49 grund
958 1253 106 37 deraf
1085 1253 80 37 blef
1185 1253 205 50 petitionen
1417 1253 180 37 besluten.

434 1304 86 37 Med
548 1304 172 37 afseende
748 1307 20 33 å
795 1304 103 37 tiden
916 1304 55 37 för
989 1304 390 49 fortsättningsskolas
1403 1305 171 36 hållande
1595 1305 153 49 stadgas
1767 1305 13 36 i
1798 1318 109 36 nyss-

300 1355 134 36 nämda
461 1355 137 49 Kongl.
628 1355 226 49 kungörelse
881 1355 113 37 bland
1022 1356 45 36 de
1096 1356 185 36 allmänna
1299 1356 178 49 grunder,
1496 1356 149 36 hvilkas
1663 1356 245 49 iakttagande

300 1406 192 37 förutsatts
531 1406 56 37 för
627 1406 211 37 erhållande
879 1406 40 37 af
954 1407 240 49 statsbidrag,
1236 1411 53 32 att
1327 1410 48 47 på
1401 1406 262 50 landsbygden
1691 1407 72 37 den
1790 1407 118 49 årliga

299 1457 396 49 undervisningstiden
724 1457 120 37 skulle
871 1461 126 46 uppgå
1024 1458 56 36 till
1107 1458 114 36 minst
1249 1471 64 24 sex
1340 1458 137 37 veckor
1495 1458 83 37 med
1596 1458 124 37 trettio
1738 1458 169 37 timmars

299 1508 273 49 undervisning
598 1508 12 36 i
637 1509 128 48 hvarje
783 1509 129 48 vecka,
932 1509 154 36 hvilken
1103 1509 347 49 undervisningstid
1470 1509 178 49 antingen
1666 1510 101 48 finge
1785 1509 121 49 fortgå

300 1559 12 36 1
351 1572 46 23 en
428 1559 92 50 följd
551 1559 87 37 eller
665 1559 159 37 fördelas
852 1563 47 46 på
925 1563 63 33 två
1014 1560 185 48 terminer,
1228 1560 67 37 och
1323 1560 12 36 i
1363 1560 183 48 städerna,
1575 1560 64 37 der
1665 1560 147 37 fortsatt
1837 1574 68 22 un-

300 1610 219 49 dervisning
544 1610 215 50 lämpligast
787 1611 235 37 meddelades
1049 1611 12 37 1
1089 1611 219 48 aftonskola,
1348 1611 57 37 till
1433 1614 40 34 så
1500 1614 137 46 många
1667 1611 238 49 lärotimmar,

300 1675 79 23 som
408 1662 155 36 svarade
590 1666 77 32 mot
694 1662 247 37 ofvannämda
967 1663 64 35 tid.
1085 1662 56 37 Då
1169 1663 62 36 det
1252 1663 44 49 ju
1322 1663 82 36 icke
1423 1663 152 36 härmed
1592 1676 88 23 vore
1698 1663 207 48 förnekadt,

300 1717 53 32 att
380 1713 30 49 ej
441 1713 117 36 under
584 1712 12 36 i
624 1712 112 48 öfrigt
762 1713 182 36 likartade
971 1713 256 37 förhållanden
1255 1727 140 23 samma
1422 1713 221 50 anordning,
1673 1727 79 23 som
1770 1713 135 37 förkla-

299 1764 107 37 rades
433 1764 218 49 lämpligast
677 1763 56 37 för
761 1764 191 37 städernas
979 1764 400 50 fortsättningsskolor,
1408 1764 109 37 äfven
1543 1764 126 38 kunde
1696 1764 122 51 lämpa
1846 1764 60 50 sig

299 1815 55 36 för
394 1815 227 49 landsbygd,
661 1819 25 32 t.
729 1828 54 23 ex.
826 1815 10 36 i
879 1820 116 32 större
1034 1816 94 49 byar
1159 1816 69 36 och
1254 1819 21 33 å
1301 1816 221 49 fiskelägen;
1552 1816 46 36 då
1625 1817 31 48 ej
1686 1816 93 37 blott
1806 1816 98 36 inom

302 1866 126 36 Lunds
469 1865 91 49 stift,
587 1871 90 31 utan
718 1866 109 36 äfven
858 1867 11 35 1
897 1867 120 49 öfriga
1044 1867 101 36 delar
1173 1867 40 36 af
1234 1866 126 37 landet
1386 1867 140 49 platser
1552 1867 146 48 funnos,
1727 1867 64 36 der
1817 1867 87 36 fort-

300 1917 322 49 sättningsskolan
662 1921 91 32 utan
783 1931 81 23 men
895 1918 124 36 kunde
1047 1918 184 36 anordnas
1261 1921 121 33 såsom
1410 1917 220 47 aftonskola,
1659 1918 67 37 och
1754 1918 58 48 då,
1840 1918 65 36 der

300 1971 39 33 så
378 1981 87 24 vore
505 1968 113 48 fallet,
658 1967 76 37 lika
774 1968 254 37 förhållanden
1067 1968 114 37 borde
1208 1968 151 50 betinga
1387 1969 76 36 lika
1490 1974 87 40 rätt;
1606 1969 46 36 då
1679 1969 126 36 vidare
1832 1969 72 36 far-

298 2019 125 49 hågan
459 2023 53 33 att
548 2018 196 37 skolråden
779 2019 64 36 vid
874 2020 214 36 indelandet
1119 2020 40 36 af
1185 2020 395 49 undervisningstiden
1611 2020 124 37 kunde
1766 2020 138 37 förbise

299 2070 98 36 hvad
428 2070 144 37 läraren
602 2075 90 31 utan
723 2070 379 50 öfveransträngning
1128 2084 87 24 vore
1242 2071 12 36 i
1282 2071 108 36 stånd
1417 2076 54 31 att
1497 2074 110 46 åtaga
1635 2071 71 49 sig,
1735 2076 168 44 motväg-

298 2121 66 37 des
405 2121 40 36 af
480 2121 71 37 den
590 2121 261 50 betryggande
890 2122 234 36 föreskriften
1164 2122 13 36 i
1216 2122 190 48 förslaget,
1435 2127 53 31 att
1514 2122 123 37 beslut
1663 2122 12 36 i
1703 2122 111 37 dessa
1839 2122 64 36 fall

299 2172 120 36 skulle
458 2172 111 37 fattas
610 2172 11 36 i
662 2173 146 36 samråd
848 2173 83 37 med
958 2173 207 37 distriktets
1192 2173 389 50 folkskoleinspektör,
1609 2173 154 37 hvilken
1789 2173 114 37 redan

299 2223 40 36 af
374 2223 59 36 sin
472 2223 227 37 instruktion
730 2237 87 23 vore
844 2224 266 37 tillförbunden
1137 2229 54 32 att
1217 2224 156 36 utverka
1399 2224 149 37 rättelse
1575 2224 12 36 i
1614 2225 129 48 hvarje
1771 2224 130 37 anord-

297 2274 105 49 ning,
431 2288 79 23 som
536 2274 187 50 förbisåge
750 2274 72 38 den
849 2275 120 50 öfriga
983 2275 338 50 undervisningens
1341 2275 150 37 ostörda
1509 2278 104 47 gång
1630 2295 50 4 —
1698 2274 202 50 tillstyrkte
