<?xml version="1.0" encoding="UTF-8"?>
<alto xmlns="http://www.loc.gov/standards/alto/ns-v3#" xmlns:xlink="http://www.w3.org/1999/xlink" xmlns:xsi="http://www.w3.org/2001/XMLSchema-instance" xsi:schemaLocation="http://www.loc.gov/standards/alto/ns-v3# http://www.loc.gov/alto/v3/alto-3-0.xsd">
	<Description>
		<MeasurementUnit>pixel</MeasurementUnit>
		<sourceImageInformation>
			<fileName>/tmp/tess_w55xd9qd_input.PNG</fileName>
		</sourceImageInformation>
		<OCRProcessing ID="OCR_0">
			<ocrProcessingStep>
				<processingSoftware>
					<softwareName>tesseract 5.3.0</softwareName>
				</processingSoftware>
			</ocrProcessingStep>
		</OCRProcessing>
	</Description>
	<Layout>
		<Page WIDTH="2176" HEIGHT="2585" PHYSICAL_IMG_NR="0" ID="page_0">
			<PrintSpace HPOS="0" VPOS="0" WIDTH="2176" HEIGHT="2585">
				<ComposedBlock ID="cblock_0" HPOS="715" VPOS="216" WIDTH="1088" HEIGHT="36">
					<TextBlock ID="block_0" HPOS="715" VPOS="216" WIDTH="1088" HEIGHT="36">
						<TextLine ID="line_0" HPOS="715" VPOS="216" WIDTH="1088" HEIGHT="36">
							<String ID="string_0" HPOS="715" VPOS="216" WIDTH="99" HEIGHT="33" WC="0.87" CONTENT="Stats-"/><SP WIDTH="8" VPOS="216" HPOS="814"/>
							<String ID="string_1" HPOS="822" VPOS="216" WIDTH="162" HEIGHT="33" WC="0.96" CONTENT="Utskottets"/><SP WIDTH="23" VPOS="216" HPOS="984"/>
							<String ID="string_2" HPOS="1007" VPOS="217" WIDTH="171" HEIGHT="32" WC="0.95" CONTENT="Memorial"/><SP WIDTH="26" VPOS="217" HPOS="1178"/>
							<String ID="string_3" HPOS="1204" VPOS="218" WIDTH="64" HEIGHT="32" WC="0.95" CONTENT="N:o"/><SP WIDTH="26" VPOS="218" HPOS="1268"/>
							<String ID="string_4" HPOS="1294" VPOS="219" WIDTH="53" HEIGHT="31" WC="0.93" CONTENT="49."/><SP WIDTH="442" VPOS="219" HPOS="1347"/>
							<String ID="string_5" HPOS="1789" VPOS="221" WIDTH="14" HEIGHT="31" WC="0.96" CONTENT="1"/>
						</TextLine>
					</TextBlock>
				</ComposedBlock>
				<ComposedBlock ID="cblock_1" HPOS="883" VPOS="856" WIDTH="865" HEIGHT="190">
					<TextBlock ID="block_1" HPOS="883" VPOS="856" WIDTH="865" HEIGHT="190">
						<TextLine ID="line_1" HPOS="943" VPOS="856" WIDTH="174" HEIGHT="41">
							<String ID="string_6" HPOS="943" VPOS="857" WIDTH="79" HEIGHT="40" WC="0.93" CONTENT="N:o"/><SP WIDTH="30" VPOS="857" HPOS="1022"/>
							<String ID="string_7" HPOS="1052" VPOS="856" WIDTH="65" HEIGHT="41" WC="0.82" CONTENT="49."/>
						</TextLine>
						<TextLine ID="line_2" HPOS="883" VPOS="1017" WIDTH="865" HEIGHT="29">
							<String ID="string_8" HPOS="883" VPOS="1017" WIDTH="69" HEIGHT="24" WC="0.91" CONTENT="Ank,"/><SP WIDTH="19" VPOS="1017" HPOS="952"/>
							<String ID="string_9" HPOS="971" VPOS="1017" WIDTH="46" HEIGHT="25" WC="0.93" CONTENT="till"/><SP WIDTH="19" VPOS="1017" HPOS="1017"/>
							<String ID="string_10" HPOS="1036" VPOS="1017" WIDTH="94" HEIGHT="24" WC="0.92" CONTENT="Riksd."/><SP WIDTH="21" VPOS="1017" HPOS="1130"/>
							<String ID="string_11" HPOS="1151" VPOS="1018" WIDTH="99" HEIGHT="24" WC="0.93" CONTENT="Kansli"/><SP WIDTH="19" VPOS="1018" HPOS="1250"/>
							<String ID="string_12" HPOS="1269" VPOS="1018" WIDTH="54" HEIGHT="24" WC="0.87" CONTENT="åen"/><SP WIDTH="21" VPOS="1018" HPOS="1323"/>
							<String ID="string_13" HPOS="1344" VPOS="1020" WIDTH="13" HEIGHT="22" WC="0.96" CONTENT="4"/><SP WIDTH="20" VPOS="1020" HPOS="1357"/>
							<String ID="string_14" HPOS="1377" VPOS="1019" WIDTH="65" HEIGHT="23" WC="0.96" CONTENT="Juni"/><SP WIDTH="21" VPOS="1019" HPOS="1442"/>
							<String ID="string_15" HPOS="1463" VPOS="1019" WIDTH="73" HEIGHT="26" WC="0.96" CONTENT="1883,"/><SP WIDTH="18" VPOS="1019" HPOS="1536"/>
							<String ID="string_16" HPOS="1554" VPOS="1020" WIDTH="37" HEIGHT="24" WC="0.96" CONTENT="kl."/><SP WIDTH="23" VPOS="1020" HPOS="1591"/>
							<String ID="string_17" HPOS="1614" VPOS="1021" WIDTH="30" HEIGHT="22" WC="0.70" CONTENT="18"/><SP WIDTH="19" VPOS="1021" HPOS="1644"/>
							<String ID="string_18" HPOS="1663" VPOS="1020" WIDTH="85" HEIGHT="26" WC="0.92" CONTENT="midd,"/>
						</TextLine>
					</TextBlock>
				</ComposedBlock>
				<ComposedBlock ID="cblock_2" HPOS="419" VPOS="1150" WIDTH="1431" HEIGHT="54">
					<TextBlock ID="block_2" HPOS="419" VPOS="1150" WIDTH="1431" HEIGHT="54">
						<TextLine ID="line_3" HPOS="419" VPOS="1150" WIDTH="1431" HEIGHT="54">
							<String ID="string_19" HPOS="419" VPOS="1150" WIDTH="206" HEIGHT="46" WC="0.96" CONTENT="Memorial,"/><SP WIDTH="40" VPOS="1150" HPOS="625"/>
							<String ID="string_20" HPOS="665" VPOS="1151" WIDTH="81" HEIGHT="36" WC="0.95" CONTENT="med"/><SP WIDTH="25" VPOS="1151" HPOS="746"/>
							<String ID="string_21" HPOS="771" VPOS="1151" WIDTH="152" HEIGHT="49" WC="0.95" CONTENT="förslag"/><SP WIDTH="40" VPOS="1151" HPOS="923"/>
							<String ID="string_22" HPOS="963" VPOS="1153" WIDTH="55" HEIGHT="35" WC="0.95" CONTENT="till"/><SP WIDTH="27" VPOS="1153" HPOS="1018"/>
							<String ID="string_23" HPOS="1045" VPOS="1151" WIDTH="188" HEIGHT="51" WC="0.95" CONTENT="åtskilliga"/><SP WIDTH="28" VPOS="1151" HPOS="1233"/>
							<String ID="string_24" HPOS="1261" VPOS="1154" WIDTH="231" HEIGHT="49" WC="0.96" CONTENT="stadganden"/><SP WIDTH="27" VPOS="1154" HPOS="1492"/>
							<String ID="string_25" HPOS="1519" VPOS="1155" WIDTH="15" HEIGHT="35" WC="0.96" CONTENT="i"/><SP WIDTH="24" VPOS="1155" HPOS="1534"/>
							<String ID="string_26" HPOS="1558" VPOS="1156" WIDTH="58" HEIGHT="35" WC="0.96" CONTENT="det"/><SP WIDTH="24" VPOS="1156" HPOS="1616"/>
							<String ID="string_27" HPOS="1640" VPOS="1169" WIDTH="74" HEIGHT="34" WC="0.93" CONTENT="nya"/><SP WIDTH="28" VPOS="1169" HPOS="1714"/>
							<String ID="string_28" HPOS="1742" VPOS="1157" WIDTH="108" HEIGHT="47" WC="0.92" CONTENT="regle-"/>
						</TextLine>
					</TextBlock>
				</ComposedBlock>
				<ComposedBlock ID="cblock_3" HPOS="622" VPOS="1211" WIDTH="1127" HEIGHT="94">
					<TextBlock ID="block_3" HPOS="622" VPOS="1211" WIDTH="1127" HEIGHT="94">
						<TextLine ID="line_4" HPOS="622" VPOS="1211" WIDTH="614" HEIGHT="48">
							<String ID="string_29" HPOS="622" VPOS="1216" WIDTH="127" HEIGHT="30" WC="0.94" CONTENT="mentet"/><SP WIDTH="19" VPOS="1216" HPOS="749"/>
							<String ID="string_30" HPOS="768" VPOS="1211" WIDTH="69" HEIGHT="48" WC="0.93" CONTENT="för"/><SP WIDTH="30" VPOS="1211" HPOS="837"/>
							<String ID="string_31" HPOS="867" VPOS="1211" WIDTH="369" HEIGHT="48" WC="0.90" CONTENT="Riksgäldskontoret."/>
						</TextLine>
						<TextLine ID="line_5" HPOS="1621" VPOS="1264" WIDTH="128" HEIGHT="41">
							<String ID="string_32" HPOS="1621" VPOS="1264" WIDTH="52" HEIGHT="41" WC="0.60" CONTENT="(RB."/><SP WIDTH="25" VPOS="1264" HPOS="1673"/>
							<String ID="string_33" HPOS="1698" VPOS="1265" WIDTH="51" HEIGHT="40" WC="0.53" CONTENT="A.)"/>
						</TextLine>
					</TextBlock>
				</ComposedBlock>
				<ComposedBlock ID="cblock_4" HPOS="213" VPOS="1359" WIDTH="1639" HEIGHT="954">
					<TextBlock ID="block_4" HPOS="214" VPOS="1359" WIDTH="1637" HEIGHT="397">
						<TextLine ID="line_6" HPOS="352" VPOS="1359" WIDTH="1499" HEIGHT="46">
							<String ID="string_34" HPOS="352" VPOS="1359" WIDTH="283" HEIGHT="33" WC="0.90" CONTENT="Stats-Utskottet"/><SP WIDTH="24" VPOS="1359" HPOS="635"/>
							<String ID="string_35" HPOS="659" VPOS="1360" WIDTH="50" HEIGHT="32" WC="0.96" CONTENT="får"/><SP WIDTH="23" VPOS="1360" HPOS="709"/>
							<String ID="string_36" HPOS="732" VPOS="1360" WIDTH="141" HEIGHT="34" WC="0.92" CONTENT="härmed"/><SP WIDTH="25" VPOS="1360" HPOS="873"/>
							<String ID="string_37" HPOS="898" VPOS="1362" WIDTH="205" HEIGHT="33" WC="0.92" CONTENT="öfverlemna"/><SP WIDTH="29" VPOS="1362" HPOS="1103"/>
							<String ID="string_38" HPOS="1132" VPOS="1363" WIDTH="125" HEIGHT="40" WC="0.95" CONTENT="förslag"/><SP WIDTH="23" VPOS="1363" HPOS="1257"/>
							<String ID="string_39" HPOS="1280" VPOS="1364" WIDTH="49" HEIGHT="31" WC="0.95" CONTENT="till"/><SP WIDTH="23" VPOS="1364" HPOS="1329"/>
							<String ID="string_40" HPOS="1352" VPOS="1363" WIDTH="169" HEIGHT="42" WC="0.96" CONTENT="åtskilliga"/><SP WIDTH="20" VPOS="1363" HPOS="1521"/>
							<String ID="string_41" HPOS="1541" VPOS="1365" WIDTH="310" HEIGHT="40" WC="0.96" CONTENT="stadganden"/><SP WIDTH="-93" VPOS="1365" HPOS="1851"/>
							<String ID="string_42" HPOS="1758" VPOS="1355" WIDTH="21" HEIGHT="54" WC="0.95" CONTENT="i"/><SP WIDTH="16" VPOS="1355" HPOS="1779"/>
							<String ID="string_43" HPOS="1795" VPOS="1355" WIDTH="59" HEIGHT="54" WC="0.96" CONTENT="det"/>
						</TextLine>
						<TextLine ID="line_7" HPOS="216" VPOS="1410" WIDTH="1634" HEIGHT="46">
							<String ID="string_44" HPOS="216" VPOS="1421" WIDTH="65" HEIGHT="29" WC="0.96" CONTENT="nya"/><SP WIDTH="34" VPOS="1421" HPOS="281"/>
							<String ID="string_45" HPOS="315" VPOS="1410" WIDTH="225" HEIGHT="40" WC="0.95" CONTENT="reglementet"/><SP WIDTH="40" VPOS="1410" HPOS="540"/>
							<String ID="string_46" HPOS="580" VPOS="1411" WIDTH="53" HEIGHT="31" WC="0.93" CONTENT="för"/><SP WIDTH="40" VPOS="1411" HPOS="633"/>
							<String ID="string_47" HPOS="673" VPOS="1411" WIDTH="353" HEIGHT="43" WC="0.85" CONTENT="Riksgäldskontoret,"/><SP WIDTH="35" VPOS="1411" HPOS="1026"/>
							<String ID="string_48" HPOS="1061" VPOS="1413" WIDTH="114" HEIGHT="33" WC="0.93" CONTENT="hvilka"/><SP WIDTH="30" VPOS="1413" HPOS="1175"/>
							<String ID="string_49" HPOS="1205" VPOS="1416" WIDTH="89" HEIGHT="38" WC="0.90" CONTENT="angå"/><SP WIDTH="23" VPOS="1416" HPOS="1294"/>
							<String ID="string_50" HPOS="1317" VPOS="1414" WIDTH="355" HEIGHT="41" WC="0.92" CONTENT="Riksgäldskontorets"/><SP WIDTH="26" VPOS="1414" HPOS="1672"/>
							<String ID="string_51" HPOS="1698" VPOS="1416" WIDTH="152" HEIGHT="40" WC="0.96" CONTENT="skulder;"/>
						</TextLine>
						<TextLine ID="line_8" HPOS="215" VPOS="1461" WIDTH="1636" HEIGHT="46">
							<String ID="string_52" HPOS="215" VPOS="1461" WIDTH="357" HEIGHT="39" WC="0.91" CONTENT="Riksgäldskontorets"/><SP WIDTH="29" VPOS="1461" HPOS="572"/>
							<String ID="string_53" HPOS="601" VPOS="1461" WIDTH="193" HEIGHT="41" WC="0.96" CONTENT="fordringar"/><SP WIDTH="28" VPOS="1461" HPOS="794"/>
							<String ID="string_54" HPOS="822" VPOS="1463" WIDTH="52" HEIGHT="31" WC="0.96" CONTENT="för"/><SP WIDTH="25" VPOS="1463" HPOS="874"/>
							<String ID="string_55" HPOS="899" VPOS="1463" WIDTH="41" HEIGHT="32" WC="0.96" CONTENT="de"/><SP WIDTH="31" VPOS="1463" HPOS="940"/>
							<String ID="string_56" HPOS="971" VPOS="1464" WIDTH="36" HEIGHT="32" WC="0.96" CONTENT="af"/><SP WIDTH="20" VPOS="1464" HPOS="1007"/>
							<String ID="string_57" HPOS="1027" VPOS="1463" WIDTH="76" HEIGHT="33" WC="0.96" CONTENT="dess"/><SP WIDTH="20" VPOS="1463" HPOS="1103"/>
							<String ID="string_58" HPOS="1123" VPOS="1464" WIDTH="111" HEIGHT="32" WC="0.96" CONTENT="medel"/><SP WIDTH="25" VPOS="1464" HPOS="1234"/>
							<String ID="string_59" HPOS="1259" VPOS="1464" WIDTH="177" HEIGHT="33" WC="0.96" CONTENT="utbetalda"/><SP WIDTH="19" VPOS="1464" HPOS="1436"/>
							<String ID="string_60" HPOS="1455" VPOS="1466" WIDTH="81" HEIGHT="32" WC="0.93" CONTENT="eller"/><SP WIDTH="15" VPOS="1466" HPOS="1536"/>
							<String ID="string_61" HPOS="1551" VPOS="1466" WIDTH="209" HEIGHT="41" WC="0.91" CONTENT="godtgjorda"/><SP WIDTH="18" VPOS="1466" HPOS="1760"/>
							<String ID="string_62" HPOS="1778" VPOS="1467" WIDTH="73" HEIGHT="39" WC="0.95" CONTENT="lån;"/>
						</TextLine>
						<TextLine ID="line_9" HPOS="216" VPOS="1512" WIDTH="1635" HEIGHT="46">
							<String ID="string_63" HPOS="216" VPOS="1512" WIDTH="215" HEIGHT="32" WC="0.95" CONTENT="återstående"/><SP WIDTH="38" VPOS="1512" HPOS="431"/>
							<String ID="string_64" HPOS="469" VPOS="1512" WIDTH="139" HEIGHT="41" WC="0.93" CONTENT="utgifter"/><SP WIDTH="32" VPOS="1512" HPOS="608"/>
							<String ID="string_65" HPOS="640" VPOS="1513" WIDTH="50" HEIGHT="31" WC="0.95" CONTENT="till"/><SP WIDTH="29" VPOS="1513" HPOS="690"/>
							<String ID="string_66" HPOS="719" VPOS="1513" WIDTH="82" HEIGHT="41" WC="0.96" CONTENT="följd"/><SP WIDTH="26" VPOS="1513" HPOS="801"/>
							<String ID="string_67" HPOS="827" VPOS="1513" WIDTH="35" HEIGHT="33" WC="0.96" CONTENT="af"/><SP WIDTH="21" VPOS="1513" HPOS="862"/>
							<String ID="string_68" HPOS="883" VPOS="1513" WIDTH="113" HEIGHT="32" WC="0.95" CONTENT="beslut"/><SP WIDTH="23" VPOS="1513" HPOS="996"/>
							<String ID="string_69" HPOS="1019" VPOS="1514" WIDTH="53" HEIGHT="32" WC="0.96" CONTENT="vid"/><SP WIDTH="29" VPOS="1514" HPOS="1072"/>
							<String ID="string_70" HPOS="1101" VPOS="1514" WIDTH="205" HEIGHT="41" WC="0.96" CONTENT="föregående"/><SP WIDTH="29" VPOS="1514" HPOS="1306"/>
							<String ID="string_71" HPOS="1335" VPOS="1515" WIDTH="193" HEIGHT="42" WC="0.96" CONTENT="riksdagar;"/><SP WIDTH="25" VPOS="1515" HPOS="1528"/>
							<String ID="string_72" HPOS="1553" VPOS="1517" WIDTH="74" HEIGHT="32" WC="0.93" CONTENT="från"/><SP WIDTH="25" VPOS="1517" HPOS="1627"/>
							<String ID="string_73" HPOS="1652" VPOS="1517" WIDTH="199" HEIGHT="41" WC="0.93" CONTENT="Riksgälds-"/>
						</TextLine>
						<TextLine ID="line_10" HPOS="215" VPOS="1561" WIDTH="1636" HEIGHT="47">
							<String ID="string_74" HPOS="215" VPOS="1561" WIDTH="158" HEIGHT="33" WC="0.96" CONTENT="kontoret"/><SP WIDTH="27" VPOS="1561" HPOS="373"/>
							<String ID="string_75" HPOS="400" VPOS="1563" WIDTH="168" HEIGHT="39" WC="0.93" CONTENT="utgående"/><SP WIDTH="29" VPOS="1563" HPOS="568"/>
							<String ID="string_76" HPOS="597" VPOS="1562" WIDTH="171" HEIGHT="42" WC="0.92" CONTENT="riksdags-"/><SP WIDTH="26" VPOS="1562" HPOS="768"/>
							<String ID="string_77" HPOS="794" VPOS="1564" WIDTH="63" HEIGHT="31" WC="0.93" CONTENT="och"/><SP WIDTH="25" VPOS="1564" HPOS="857"/>
							<String ID="string_78" HPOS="882" VPOS="1564" WIDTH="362" HEIGHT="40" WC="0.90" CONTENT="revisionskostnader,"/><SP WIDTH="23" VPOS="1564" HPOS="1244"/>
							<String ID="string_79" HPOS="1267" VPOS="1566" WIDTH="198" HEIGHT="41" WC="0.92" CONTENT="aflöningar,"/><SP WIDTH="16" VPOS="1566" HPOS="1465"/>
							<String ID="string_80" HPOS="1481" VPOS="1566" WIDTH="370" HEIGHT="42" WC="0.91" CONTENT="förvaltningsutgifter"/>
						</TextLine>
						<TextLine ID="line_11" HPOS="214" VPOS="1613" WIDTH="1636" HEIGHT="46">
							<String ID="string_81" HPOS="214" VPOS="1623" WIDTH="42" HEIGHT="20" WC="0.86" CONTENT="m."/><SP WIDTH="39" VPOS="1623" HPOS="256"/>
							<String ID="string_82" HPOS="295" VPOS="1623" WIDTH="54" HEIGHT="29" WC="0.88" CONTENT="m.;"/><SP WIDTH="28" VPOS="1623" HPOS="349"/>
							<String ID="string_83" HPOS="377" VPOS="1613" WIDTH="353" HEIGHT="40" WC="0.91" CONTENT="Riksgäldskontorets"/><SP WIDTH="30" VPOS="1613" HPOS="730"/>
							<String ID="string_84" HPOS="760" VPOS="1614" WIDTH="183" HEIGHT="32" WC="0.95" CONTENT="inkomster"/><SP WIDTH="24" VPOS="1614" HPOS="943"/>
							<String ID="string_85" HPOS="967" VPOS="1616" WIDTH="64" HEIGHT="31" WC="0.95" CONTENT="och"/><SP WIDTH="30" VPOS="1616" HPOS="1031"/>
							<String ID="string_86" HPOS="1061" VPOS="1616" WIDTH="109" HEIGHT="40" WC="0.95" CONTENT="öfriga"/><SP WIDTH="27" VPOS="1616" HPOS="1170"/>
							<String ID="string_87" HPOS="1197" VPOS="1616" WIDTH="183" HEIGHT="41" WC="0.96" CONTENT="tillgångar"/><SP WIDTH="27" VPOS="1616" HPOS="1380"/>
							<String ID="string_88" HPOS="1407" VPOS="1621" WIDTH="91" HEIGHT="28" WC="0.93" CONTENT="utom"/><SP WIDTH="25" VPOS="1621" HPOS="1498"/>
							<String ID="string_89" HPOS="1523" VPOS="1618" WIDTH="327" HEIGHT="41" WC="0.90" CONTENT="lånefordringarne;"/>
						</TextLine>
						<TextLine ID="line_12" HPOS="215" VPOS="1663" WIDTH="1636" HEIGHT="47">
							<String ID="string_90" HPOS="215" VPOS="1666" WIDTH="87" HEIGHT="29" WC="0.96" CONTENT="samt"/><SP WIDTH="23" VPOS="1666" HPOS="302"/>
							<String ID="string_91" HPOS="325" VPOS="1663" WIDTH="223" HEIGHT="42" WC="0.95" CONTENT="Fullmäktige"/><SP WIDTH="24" VPOS="1663" HPOS="548"/>
							<String ID="string_92" HPOS="572" VPOS="1664" WIDTH="202" HEIGHT="33" WC="0.95" CONTENT="tillhörande"/><SP WIDTH="19" VPOS="1664" HPOS="774"/>
							<String ID="string_93" HPOS="793" VPOS="1664" WIDTH="169" HEIGHT="33" WC="0.96" CONTENT="särskilda"/><SP WIDTH="18" VPOS="1664" HPOS="962"/>
							<String ID="string_94" HPOS="980" VPOS="1666" WIDTH="204" HEIGHT="40" WC="0.94" CONTENT="åligganden"/><SP WIDTH="20" VPOS="1666" HPOS="1184"/>
							<String ID="string_95" HPOS="1204" VPOS="1667" WIDTH="63" HEIGHT="32" WC="0.96" CONTENT="och"/><SP WIDTH="18" VPOS="1667" HPOS="1267"/>
							<String ID="string_96" HPOS="1285" VPOS="1667" WIDTH="168" HEIGHT="42" WC="0.95" CONTENT="uppdrag;"/><SP WIDTH="18" VPOS="1667" HPOS="1453"/>
							<String ID="string_97" HPOS="1471" VPOS="1668" WIDTH="170" HEIGHT="32" WC="0.93" CONTENT="äfvensom"/><SP WIDTH="17" VPOS="1668" HPOS="1641"/>
							<String ID="string_98" HPOS="1658" VPOS="1669" WIDTH="193" HEIGHT="41" WC="0.92" CONTENT="aflönings-,"/>
						</TextLine>
						<TextLine ID="line_13" HPOS="214" VPOS="1714" WIDTH="1085" HEIGHT="42">
							<String ID="string_99" HPOS="214" VPOS="1714" WIDTH="236" HEIGHT="41" WC="0.92" CONTENT="indragnings-"/><SP WIDTH="28" VPOS="1714" HPOS="450"/>
							<String ID="string_100" HPOS="478" VPOS="1715" WIDTH="63" HEIGHT="32" WC="0.93" CONTENT="och"/><SP WIDTH="28" VPOS="1715" HPOS="541"/>
							<String ID="string_101" HPOS="569" VPOS="1715" WIDTH="273" HEIGHT="41" WC="0.91" CONTENT="pensionsstater"/><SP WIDTH="22" VPOS="1715" HPOS="842"/>
							<String ID="string_102" HPOS="864" VPOS="1716" WIDTH="54" HEIGHT="32" WC="0.93" CONTENT="vid"/><SP WIDTH="28" VPOS="1716" HPOS="918"/>
							<String ID="string_103" HPOS="946" VPOS="1716" WIDTH="353" HEIGHT="40" WC="0.91" CONTENT="Riksgäldskontoret."/>
						</TextLine>
					</TextBlock>
					<TextBlock ID="block_5" HPOS="214" VPOS="1764" WIDTH="1637" HEIGHT="96">
						<TextLine ID="line_14" HPOS="351" VPOS="1764" WIDTH="1500" HEIGHT="46">
							<String ID="string_104" HPOS="351" VPOS="1764" WIDTH="213" HEIGHT="41" WC="0.90" CONTENT="Stadgandet"/><SP WIDTH="41" VPOS="1764" HPOS="564"/>
							<String ID="string_105" HPOS="605" VPOS="1766" WIDTH="11" HEIGHT="32" WC="0.96" CONTENT="i"/><SP WIDTH="40" VPOS="1766" HPOS="616"/>
							<String ID="string_106" HPOS="656" VPOS="1776" WIDTH="118" HEIGHT="22" WC="0.96" CONTENT="senare"/><SP WIDTH="34" VPOS="1776" HPOS="774"/>
							<String ID="string_107" HPOS="808" VPOS="1770" WIDTH="185" HEIGHT="29" WC="0.96" CONTENT="momentet"/><SP WIDTH="36" VPOS="1770" HPOS="993"/>
							<String ID="string_108" HPOS="1029" VPOS="1767" WIDTH="36" HEIGHT="32" WC="0.96" CONTENT="af"/><SP WIDTH="34" VPOS="1767" HPOS="1065"/>
							<String ID="string_109" HPOS="1099" VPOS="1769" WIDTH="19" HEIGHT="39" WC="0.86" CONTENT="8"/><SP WIDTH="36" VPOS="1769" HPOS="1118"/>
							<String ID="string_110" HPOS="1154" VPOS="1770" WIDTH="17" HEIGHT="29" WC="0.96" CONTENT="3"/><SP WIDTH="31" VPOS="1770" HPOS="1171"/>
							<String ID="string_111" HPOS="1202" VPOS="1768" WIDTH="148" HEIGHT="40" WC="0.96" CONTENT="grundar"/><SP WIDTH="28" VPOS="1768" HPOS="1350"/>
							<String ID="string_112" HPOS="1378" VPOS="1769" WIDTH="51" HEIGHT="40" WC="0.96" CONTENT="sig"/><SP WIDTH="23" VPOS="1769" HPOS="1429"/>
							<String ID="string_113" HPOS="1452" VPOS="1771" WIDTH="44" HEIGHT="39" WC="0.96" CONTENT="på"/><SP WIDTH="26" VPOS="1771" HPOS="1496"/>
							<String ID="string_114" HPOS="1522" VPOS="1769" WIDTH="209" HEIGHT="41" WC="0.96" CONTENT="Riksdagens"/><SP WIDTH="25" VPOS="1769" HPOS="1731"/>
							<String ID="string_115" HPOS="1756" VPOS="1770" WIDTH="95" HEIGHT="33" WC="0.96" CONTENT="bifall"/>
						</TextLine>
						<TextLine ID="line_15" HPOS="214" VPOS="1814" WIDTH="1404" HEIGHT="46">
							<String ID="string_116" HPOS="214" VPOS="1814" WIDTH="49" HEIGHT="32" WC="0.95" CONTENT="till"/><SP WIDTH="31" VPOS="1814" HPOS="263"/>
							<String ID="string_117" HPOS="294" VPOS="1814" WIDTH="60" HEIGHT="32" WC="0.95" CONTENT="den"/><SP WIDTH="26" VPOS="1814" HPOS="354"/>
							<String ID="string_118" HPOS="380" VPOS="1816" WIDTH="36" HEIGHT="31" WC="0.91" CONTENT="af"/><SP WIDTH="22" VPOS="1816" HPOS="416"/>
							<String ID="string_119" HPOS="438" VPOS="1815" WIDTH="284" HEIGHT="33" WC="0.91" CONTENT="Stats-Utskottet"/><SP WIDTH="26" VPOS="1815" HPOS="722"/>
							<String ID="string_120" HPOS="748" VPOS="1817" WIDTH="9" HEIGHT="31" WC="0.96" CONTENT="i"/><SP WIDTH="31" VPOS="1817" HPOS="757"/>
							<String ID="string_121" HPOS="788" VPOS="1816" WIDTH="76" HEIGHT="33" WC="0.96" CONTENT="dess"/><SP WIDTH="29" VPOS="1816" HPOS="864"/>
							<String ID="string_122" HPOS="893" VPOS="1817" WIDTH="192" HEIGHT="33" WC="0.95" CONTENT="Utlåtande"/><SP WIDTH="25" VPOS="1817" HPOS="1085"/>
							<String ID="string_123" HPOS="1110" VPOS="1818" WIDTH="63" HEIGHT="33" WC="0.95" CONTENT="N:o"/><SP WIDTH="26" VPOS="1818" HPOS="1173"/>
							<String ID="string_124" HPOS="1199" VPOS="1822" WIDTH="41" HEIGHT="29" WC="0.96" CONTENT="48"/><SP WIDTH="24" VPOS="1822" HPOS="1240"/>
							<String ID="string_125" HPOS="1264" VPOS="1819" WIDTH="122" HEIGHT="41" WC="0.96" CONTENT="gjorda"/><SP WIDTH="22" VPOS="1819" HPOS="1386"/>
							<String ID="string_126" HPOS="1408" VPOS="1819" WIDTH="210" HEIGHT="33" WC="0.96" CONTENT="hemställan."/>
						</TextLine>
					</TextBlock>
					<TextBlock ID="block_6" HPOS="214" VPOS="1865" WIDTH="1637" HEIGHT="134">
						<TextLine ID="line_16" HPOS="347" VPOS="1865" WIDTH="1504" HEIGHT="47">
							<String ID="string_127" HPOS="347" VPOS="1865" WIDTH="116" HEIGHT="33" WC="0.93" CONTENT="Under"/><SP WIDTH="28" VPOS="1865" HPOS="463"/>
							<String ID="string_128" HPOS="491" VPOS="1868" WIDTH="17" HEIGHT="41" WC="0.83" CONTENT="$"/><SP WIDTH="36" VPOS="1868" HPOS="508"/>
							<String ID="string_129" HPOS="544" VPOS="1869" WIDTH="39" HEIGHT="30" WC="0.96" CONTENT="78"/><SP WIDTH="24" VPOS="1869" HPOS="583"/>
							<String ID="string_130" HPOS="607" VPOS="1866" WIDTH="63" HEIGHT="33" WC="0.96" CONTENT="har"/><SP WIDTH="25" VPOS="1866" HPOS="670"/>
							<String ID="string_131" HPOS="695" VPOS="1867" WIDTH="177" HEIGHT="33" WC="0.96" CONTENT="Utskottet"/><SP WIDTH="27" VPOS="1867" HPOS="872"/>
							<String ID="string_132" HPOS="899" VPOS="1868" WIDTH="102" HEIGHT="32" WC="0.96" CONTENT="infört"/><SP WIDTH="28" VPOS="1868" HPOS="1001"/>
							<String ID="string_133" HPOS="1029" VPOS="1880" WIDTH="39" HEIGHT="20" WC="0.96" CONTENT="en"/><SP WIDTH="30" VPOS="1880" HPOS="1068"/>
							<String ID="string_134" HPOS="1098" VPOS="1869" WIDTH="186" HEIGHT="40" WC="0.96" CONTENT="föreskrift,"/><SP WIDTH="29" VPOS="1869" HPOS="1284"/>
							<String ID="string_135" HPOS="1313" VPOS="1870" WIDTH="154" HEIGHT="41" WC="0.96" CONTENT="grundad"/><SP WIDTH="29" VPOS="1870" HPOS="1467"/>
							<String ID="string_136" HPOS="1496" VPOS="1873" WIDTH="43" HEIGHT="39" WC="0.96" CONTENT="på"/><SP WIDTH="23" VPOS="1873" HPOS="1539"/>
							<String ID="string_137" HPOS="1562" VPOS="1871" WIDTH="213" HEIGHT="40" WC="0.93" CONTENT="Riksdagens"/><SP WIDTH="27" VPOS="1871" HPOS="1775"/>
							<String ID="string_138" HPOS="1802" VPOS="1872" WIDTH="49" HEIGHT="32" WC="0.91" CONTENT="bi-"/>
						</TextLine>
						<TextLine ID="line_17" HPOS="214" VPOS="1915" WIDTH="1635" HEIGHT="44">
							<String ID="string_139" HPOS="214" VPOS="1915" WIDTH="58" HEIGHT="33" WC="0.96" CONTENT="fall"/><SP WIDTH="24" VPOS="1915" HPOS="272"/>
							<String ID="string_140" HPOS="296" VPOS="1916" WIDTH="49" HEIGHT="31" WC="0.93" CONTENT="till"/><SP WIDTH="26" VPOS="1916" HPOS="345"/>
							<String ID="string_141" HPOS="371" VPOS="1916" WIDTH="249" HEIGHT="35" WC="0.91" CONTENT="Sammansatta"/><SP WIDTH="30" VPOS="1916" HPOS="620"/>
							<String ID="string_142" HPOS="650" VPOS="1918" WIDTH="115" HEIGHT="38" WC="0.91" CONTENT="Stats-,"/><SP WIDTH="24" VPOS="1918" HPOS="765"/>
							<String ID="string_143" HPOS="789" VPOS="1918" WIDTH="133" HEIGHT="33" WC="0.91" CONTENT="Banko-"/><SP WIDTH="25" VPOS="1918" HPOS="922"/>
							<String ID="string_144" HPOS="947" VPOS="1919" WIDTH="64" HEIGHT="32" WC="0.93" CONTENT="och"/><SP WIDTH="15" VPOS="1919" HPOS="1011"/>
							<String ID="string_145" HPOS="1026" VPOS="1919" WIDTH="280" HEIGHT="40" WC="0.91" CONTENT="Lag-Utskottets"/><SP WIDTH="17" VPOS="1919" HPOS="1306"/>
							<String ID="string_146" HPOS="1323" VPOS="1921" WIDTH="202" HEIGHT="33" WC="0.96" CONTENT="hemställan"/><SP WIDTH="16" VPOS="1921" HPOS="1525"/>
							<String ID="string_147" HPOS="1541" VPOS="1923" WIDTH="9" HEIGHT="30" WC="0.96" CONTENT="i"/><SP WIDTH="18" VPOS="1923" HPOS="1550"/>
							<String ID="string_148" HPOS="1568" VPOS="1921" WIDTH="79" HEIGHT="33" WC="0.96" CONTENT="dess"/><SP WIDTH="17" VPOS="1921" HPOS="1647"/>
							<String ID="string_149" HPOS="1664" VPOS="1922" WIDTH="185" HEIGHT="33" WC="0.96" CONTENT="Utlåtande"/>
						</TextLine>
						<TextLine ID="line_18" HPOS="214" VPOS="1966" WIDTH="115" HEIGHT="33">
							<String ID="string_150" HPOS="214" VPOS="1966" WIDTH="60" HEIGHT="32" WC="0.93" CONTENT="N:o"/><SP WIDTH="29" VPOS="1966" HPOS="274"/>
							<String ID="string_151" HPOS="303" VPOS="1969" WIDTH="26" HEIGHT="30" WC="0.92" CONTENT="1."/>
						</TextLine>
					</TextBlock>
					<TextBlock ID="block_7" HPOS="213" VPOS="2018" WIDTH="1639" HEIGHT="93">
						<TextLine ID="line_19" HPOS="349" VPOS="2018" WIDTH="1503" HEIGHT="45">
							<String ID="string_152" HPOS="349" VPOS="2018" WIDTH="191" HEIGHT="33" WC="0.96" CONTENT="Innehållet"/><SP WIDTH="40" VPOS="2018" HPOS="540"/>
							<String ID="string_153" HPOS="580" VPOS="2020" WIDTH="11" HEIGHT="30" WC="0.96" CONTENT="i"/><SP WIDTH="35" VPOS="2020" HPOS="591"/>
							<String ID="string_154" HPOS="626" VPOS="2030" WIDTH="119" HEIGHT="22" WC="0.96" CONTENT="senare"/><SP WIDTH="42" VPOS="2030" HPOS="745"/>
							<String ID="string_155" HPOS="787" VPOS="2020" WIDTH="97" HEIGHT="32" WC="0.96" CONTENT="delen"/><SP WIDTH="40" VPOS="2020" HPOS="884"/>
							<String ID="string_156" HPOS="924" VPOS="2020" WIDTH="35" HEIGHT="33" WC="0.93" CONTENT="af"/><SP WIDTH="24" VPOS="2020" HPOS="959"/>
							<String ID="string_157" HPOS="983" VPOS="2020" WIDTH="16" HEIGHT="41" WC="0.66" CONTENT="$"/><SP WIDTH="27" VPOS="2020" HPOS="999"/>
							<String ID="string_158" HPOS="1026" VPOS="2024" WIDTH="41" HEIGHT="29" WC="0.92" CONTENT="80"/><SP WIDTH="35" VPOS="2024" HPOS="1067"/>
							<String ID="string_159" HPOS="1102" VPOS="2021" WIDTH="194" HEIGHT="33" WC="0.91" CONTENT="föranledes"/><SP WIDTH="44" VPOS="2021" HPOS="1296"/>
							<String ID="string_160" HPOS="1340" VPOS="2021" WIDTH="36" HEIGHT="33" WC="0.96" CONTENT="af"/><SP WIDTH="28" VPOS="2021" HPOS="1376"/>
							<String ID="string_161" HPOS="1404" VPOS="2022" WIDTH="226" HEIGHT="41" WC="0.96" CONTENT="Riksdagens,"/><SP WIDTH="29" VPOS="2022" HPOS="1630"/>
							<String ID="string_162" HPOS="1659" VPOS="2024" WIDTH="74" HEIGHT="32" WC="0.95" CONTENT="med"/><SP WIDTH="26" VPOS="2024" HPOS="1733"/>
							<String ID="string_163" HPOS="1759" VPOS="2024" WIDTH="93" HEIGHT="33" WC="0.95" CONTENT="bifall"/>
						</TextLine>
						<TextLine ID="line_20" HPOS="213" VPOS="2067" WIDTH="1059" HEIGHT="44">
							<String ID="string_164" HPOS="213" VPOS="2068" WIDTH="49" HEIGHT="31" WC="0.92" CONTENT="till"/><SP WIDTH="30" VPOS="2068" HPOS="262"/>
							<String ID="string_165" HPOS="292" VPOS="2067" WIDTH="299" HEIGHT="35" WC="0.91" CONTENT="Stats-Utskottets"/><SP WIDTH="28" VPOS="2067" HPOS="591"/>
							<String ID="string_166" HPOS="619" VPOS="2069" WIDTH="179" HEIGHT="33" WC="0.96" CONTENT="Utlåtande"/><SP WIDTH="30" VPOS="2069" HPOS="798"/>
							<String ID="string_167" HPOS="828" VPOS="2071" WIDTH="62" HEIGHT="32" WC="0.96" CONTENT="N:o"/><SP WIDTH="29" VPOS="2071" HPOS="890"/>
							<String ID="string_168" HPOS="919" VPOS="2072" WIDTH="52" HEIGHT="39" WC="0.96" CONTENT="45,"/><SP WIDTH="25" VPOS="2072" HPOS="971"/>
							<String ID="string_169" HPOS="996" VPOS="2071" WIDTH="128" HEIGHT="33" WC="0.96" CONTENT="fattade"/><SP WIDTH="26" VPOS="2071" HPOS="1124"/>
							<String ID="string_170" HPOS="1150" VPOS="2071" WIDTH="122" HEIGHT="33" WC="0.96" CONTENT="beslut."/>
						</TextLine>
					</TextBlock>
					<TextBlock ID="block_8" HPOS="214" VPOS="2119" WIDTH="1637" HEIGHT="97">
						<TextLine ID="line_21" HPOS="349" VPOS="2119" WIDTH="1502" HEIGHT="46">
							<String ID="string_171" HPOS="349" VPOS="2119" WIDTH="48" HEIGHT="32" WC="0.95" CONTENT="Ur"/><SP WIDTH="41" VPOS="2119" HPOS="397"/>
							<String ID="string_172" HPOS="438" VPOS="2120" WIDTH="57" HEIGHT="32" WC="0.94" CONTENT="det"/><SP WIDTH="41" VPOS="2120" HPOS="495"/>
							<String ID="string_173" HPOS="536" VPOS="2120" WIDTH="192" HEIGHT="41" WC="0.94" CONTENT="föreslagna"/><SP WIDTH="28" VPOS="2120" HPOS="728"/>
							<String ID="string_174" HPOS="756" VPOS="2121" WIDTH="227" HEIGHT="40" WC="0.96" CONTENT="reglementet"/><SP WIDTH="31" VPOS="2121" HPOS="983"/>
							<String ID="string_175" HPOS="1014" VPOS="2122" WIDTH="100" HEIGHT="32" WC="0.95" CONTENT="hafva"/><SP WIDTH="29" VPOS="2122" HPOS="1114"/>
							<String ID="string_176" HPOS="1143" VPOS="2122" WIDTH="114" HEIGHT="33" WC="0.96" CONTENT="vidare"/><SP WIDTH="29" VPOS="2122" HPOS="1257"/>
							<String ID="string_177" HPOS="1286" VPOS="2123" WIDTH="169" HEIGHT="31" WC="0.95" CONTENT="uteslutits"/><SP WIDTH="26" VPOS="2123" HPOS="1455"/>
							<String ID="string_178" HPOS="1481" VPOS="2134" WIDTH="40" HEIGHT="21" WC="0.96" CONTENT="en"/><SP WIDTH="33" VPOS="2134" HPOS="1521"/>
							<String ID="string_179" HPOS="1554" VPOS="2123" WIDTH="55" HEIGHT="33" WC="0.96" CONTENT="del"/><SP WIDTH="30" VPOS="2123" HPOS="1609"/>
							<String ID="string_180" HPOS="1639" VPOS="2125" WIDTH="212" HEIGHT="40" WC="0.96" CONTENT="stadganden"/>
						</TextLine>
						<TextLine ID="line_22" HPOS="214" VPOS="2169" WIDTH="1636" HEIGHT="47">
							<String ID="string_181" HPOS="214" VPOS="2169" WIDTH="64" HEIGHT="32" WC="0.96" CONTENT="och"/><SP WIDTH="30" VPOS="2169" HPOS="278"/>
							<String ID="string_182" HPOS="308" VPOS="2169" WIDTH="213" HEIGHT="34" WC="0.96" CONTENT="föreskrifter"/><SP WIDTH="28" VPOS="2169" HPOS="521"/>
							<String ID="string_183" HPOS="549" VPOS="2172" WIDTH="176" HEIGHT="39" WC="0.96" CONTENT="angående"/><SP WIDTH="29" VPOS="2172" HPOS="725"/>
							<String ID="string_184" HPOS="754" VPOS="2182" WIDTH="141" HEIGHT="22" WC="0.96" CONTENT="numera"/><SP WIDTH="19" VPOS="2182" HPOS="895"/>
							<String ID="string_185" HPOS="914" VPOS="2173" WIDTH="183" HEIGHT="41" WC="0.96" CONTENT="fullgjorda"/><SP WIDTH="13" VPOS="2173" HPOS="1097"/>
							<String ID="string_186" HPOS="1110" VPOS="2173" WIDTH="249" HEIGHT="40" WC="0.96" CONTENT="utbetalningar"/><SP WIDTH="14" VPOS="2173" HPOS="1359"/>
							<String ID="string_187" HPOS="1373" VPOS="2172" WIDTH="82" HEIGHT="33" WC="0.93" CONTENT="eller"/><SP WIDTH="15" VPOS="2172" HPOS="1455"/>
							<String ID="string_188" HPOS="1470" VPOS="2173" WIDTH="192" HEIGHT="34" WC="0.92" CONTENT="verkstälda"/><SP WIDTH="16" VPOS="2173" HPOS="1662"/>
							<String ID="string_189" HPOS="1678" VPOS="2176" WIDTH="172" HEIGHT="40" WC="0.96" CONTENT="åtgärder."/>
						</TextLine>
					</TextBlock>
					<TextBlock ID="block_9" HPOS="218" VPOS="2220" WIDTH="1633" HEIGHT="93">
						<TextLine ID="line_23" HPOS="348" VPOS="2220" WIDTH="1503" HEIGHT="44">
							<String ID="string_190" HPOS="348" VPOS="2220" WIDTH="15" HEIGHT="31" WC="0.96" CONTENT="I"/><SP WIDTH="35" VPOS="2220" HPOS="363"/>
							<String ID="string_191" HPOS="398" VPOS="2221" WIDTH="101" HEIGHT="41" WC="0.95" CONTENT="öfrigt"/><SP WIDTH="37" VPOS="2221" HPOS="499"/>
							<String ID="string_192" HPOS="536" VPOS="2224" WIDTH="58" HEIGHT="29" WC="0.96" CONTENT="äro"/><SP WIDTH="31" VPOS="2224" HPOS="594"/>
							<String ID="string_193" HPOS="625" VPOS="2221" WIDTH="41" HEIGHT="33" WC="0.96" CONTENT="de"/><SP WIDTH="26" VPOS="2221" HPOS="666"/>
							<String ID="string_194" HPOS="692" VPOS="2222" WIDTH="194" HEIGHT="40" WC="0.93" CONTENT="föreslagna"/><SP WIDTH="29" VPOS="2222" HPOS="886"/>
							<String ID="string_195" HPOS="915" VPOS="2223" WIDTH="237" HEIGHT="41" WC="0.90" CONTENT="stadgandena"/><SP WIDTH="29" VPOS="2223" HPOS="1152"/>
							<String ID="string_196" HPOS="1181" VPOS="2223" WIDTH="36" HEIGHT="32" WC="0.96" CONTENT="af"/><SP WIDTH="24" VPOS="2223" HPOS="1217"/>
							<String ID="string_197" HPOS="1241" VPOS="2224" WIDTH="68" HEIGHT="32" WC="0.96" CONTENT="lika"/><SP WIDTH="28" VPOS="2224" HPOS="1309"/>
							<String ID="string_198" HPOS="1337" VPOS="2224" WIDTH="149" HEIGHT="33" WC="0.96" CONTENT="innehåll"/><SP WIDTH="28" VPOS="2224" HPOS="1486"/>
							<String ID="string_199" HPOS="1514" VPOS="2236" WIDTH="73" HEIGHT="22" WC="0.96" CONTENT="som"/><SP WIDTH="25" VPOS="2236" HPOS="1587"/>
							<String ID="string_200" HPOS="1612" VPOS="2226" WIDTH="239" HEIGHT="33" WC="0.95" CONTENT="motsvarande"/>
						</TextLine>
						<TextLine ID="line_24" HPOS="218" VPOS="2270" WIDTH="721" HEIGHT="43">
							<String ID="string_201" HPOS="218" VPOS="2270" WIDTH="255" HEIGHT="33" WC="0.96" CONTENT="bestämmelser"/><SP WIDTH="26" VPOS="2270" HPOS="473"/>
							<String ID="string_202" HPOS="499" VPOS="2272" WIDTH="10" HEIGHT="31" WC="0.96" CONTENT="i"/><SP WIDTH="26" VPOS="2272" HPOS="509"/>
							<String ID="string_203" HPOS="535" VPOS="2274" WIDTH="81" HEIGHT="30" WC="0.96" CONTENT="1882"/><SP WIDTH="25" VPOS="2274" HPOS="616"/>
							<String ID="string_204" HPOS="641" VPOS="2273" WIDTH="53" HEIGHT="31" WC="0.95" CONTENT="års"/><SP WIDTH="28" VPOS="2273" HPOS="694"/>
							<String ID="string_205" HPOS="722" VPOS="2272" WIDTH="217" HEIGHT="41" WC="0.96" CONTENT="reglemente."/>
						</TextLine>
					</TextBlock>
				</ComposedBlock>
				<ComposedBlock ID="cblock_5" HPOS="319" VPOS="2338" WIDTH="1480" HEIGHT="45">
					<TextBlock ID="block_10" HPOS="319" VPOS="2338" WIDTH="1480" HEIGHT="45">
						<TextLine ID="line_25" HPOS="319" VPOS="2338" WIDTH="1480" HEIGHT="45">
							<String ID="string_206" HPOS="319" VPOS="2338" WIDTH="73" HEIGHT="34" WC="0.52" CONTENT="Bih."/><SP WIDTH="24" VPOS="2338" HPOS="392"/>
							<String ID="string_207" HPOS="416" VPOS="2339" WIDTH="49" HEIGHT="32" WC="0.93" CONTENT="till"/><SP WIDTH="22" VPOS="2339" HPOS="465"/>
							<String ID="string_208" HPOS="487" VPOS="2340" WIDTH="108" HEIGHT="32" WC="0.89" CONTENT="Riksd."/><SP WIDTH="25" VPOS="2340" HPOS="595"/>
							<String ID="string_209" HPOS="620" VPOS="2340" WIDTH="85" HEIGHT="32" WC="0.92" CONTENT="Prot."/><SP WIDTH="24" VPOS="2340" HPOS="705"/>
							<String ID="string_210" HPOS="729" VPOS="2344" WIDTH="90" HEIGHT="29" WC="0.95" CONTENT="1883."/><SP WIDTH="45" VPOS="2344" HPOS="819"/>
							<String ID="string_211" HPOS="864" VPOS="2345" WIDTH="20" HEIGHT="28" WC="0.92" CONTENT="4"/><SP WIDTH="23" VPOS="2345" HPOS="884"/>
							<String ID="string_212" HPOS="907" VPOS="2341" WIDTH="96" HEIGHT="33" WC="0.90" CONTENT="Saml."/><SP WIDTH="48" VPOS="2341" HPOS="1003"/>
							<String ID="string_213" HPOS="1051" VPOS="2345" WIDTH="18" HEIGHT="29" WC="0.93" CONTENT="1"/><SP WIDTH="27" VPOS="2345" HPOS="1069"/>
							<String ID="string_214" HPOS="1096" VPOS="2343" WIDTH="75" HEIGHT="40" WC="0.87" CONTENT="Afd."/><SP WIDTH="43" VPOS="2343" HPOS="1171"/>
							<String ID="string_215" HPOS="1214" VPOS="2345" WIDTH="42" HEIGHT="28" WC="0.91" CONTENT="39"/><SP WIDTH="23" VPOS="2345" HPOS="1256"/>
							<String ID="string_216" HPOS="1279" VPOS="2342" WIDTH="89" HEIGHT="41" WC="0.37" CONTENT="Häöft."/><SP WIDTH="418" VPOS="2342" HPOS="1368"/>
							<String ID="string_217" HPOS="1786" VPOS="2346" WIDTH="13" HEIGHT="28" WC="0.76" CONTENT="1"/>
						</TextLine>
					</TextBlock>
				</ComposedBlock>
			</PrintSpace>
		</Page>
	</Layout>
</alto>
