2184 2586
710 206 266 34 Stats-Utskottets
999 208 170 32 Memorial
1192 210 63 31 N:o
1279 212 49 30 49.
1775 217 17 28 5

203 289 69 29 rätt
294 287 53 32 för
371 288 106 32 sådan
501 288 175 42 låntagare
701 292 60 39 att,
785 301 50 21 om
859 301 41 30 ny
924 290 109 42 oktroj
1060 291 157 42 erhölles,
1239 293 34 32 få
1297 297 145 29 omsätta
1464 295 90 32 lånet
1569 297 50 32 till
1636 308 130 28 senare,
1781 298 53 32 vid

205 337 109 32 lånets
339 338 188 42 beviljande
553 340 108 31 under
685 340 106 32 sådan
815 341 242 41 förutsättning
1081 342 152 33 bestämd
1261 345 46 31 tid
1332 346 89 31 inom
1445 348 169 40 utgången
1633 348 35 31 af
1683 351 36 29 år
1738 352 97 35 1893;

308 390 31 40 e)
377 392 49 29 att
463 390 231 33 lånevilkoren
716 390 106 33 skulle
847 391 202 33 bestämmas
1078 394 153 40 sålunda,
1256 399 49 28 att
1334 400 121 35 staten,
1477 397 101 41 jemte
1603 398 74 32 fullt
1699 399 136 42 betryg-

204 439 111 40 gande
345 439 157 33 säkerhet
525 441 52 31 för
601 441 40 32 de
667 441 165 42 beviljade
857 443 118 31 lånens
1001 444 245 41 återbetalning
1269 448 44 39 på
1336 448 123 31 utfästa
1483 448 85 31 tider
1592 453 85 28 samt
1700 450 52 32 för
1775 450 58 33 be-

204 490 112 41 hörigt
354 491 166 40 gäldande
558 491 36 32 af
626 492 62 31 den
729 494 18 30 å
782 493 100 32 lånen
920 494 182 40 betingade
1139 498 109 37 ränta,
1273 498 124 32 erhölle
1422 498 57 32 full
1506 501 185 40 ersättning
1715 501 52 31 för
1791 502 41 32 de

203 544 113 29 ränte-
341 541 62 32 och
429 542 108 40 öfriga
561 543 146 40 utgifter,
731 554 71 21 som
828 548 128 28 statens
981 545 51 31 för
1055 545 257 41 ifrågavarande
1339 549 154 32 ändamål
1513 550 119 41 gjorda
1649 552 183 41 upplåning

203 592 187 39 medförde
375 588 18 47 ;

303 642 25 41 f)
358 646 48 28 att
442 643 193 41 utlåningen
674 644 105 32 skulle
809 645 35 32 af
880 645 222 43 Fullmäktige
1146 648 10 31 i
1184 648 339 42 Riksgäldskontoret
1551 652 200 33 verkställas
1776 664 55 21 en-

200 693 62 39 ligt
287 693 39 31 de
351 696 165 37 närmare,
543 694 61 32 här
628 695 98 32 ofvan
751 696 29 40 ej
807 696 136 40 angifna
971 697 265 40 bestämmelser,
1263 711 82 29 som,
1372 701 86 32 efter
1487 702 56 31 det
1567 703 128 41 förslag
1720 704 112 32 dertill

201 743 35 32 af
256 743 222 41 Fullmäktige
504 745 157 41 afgifvits,
686 746 35 32 af
741 746 120 41 Kongl.
885 747 94 41 Maj:t
1006 748 130 33 komme
1161 753 50 28 att
1235 750 203 40 fastställas;
1464 757 83 27 samt

301 796 34 39 g)
374 798 50 27 att
458 794 40 33 de
534 796 142 32 sålunda
707 797 131 31 utlånta
878 798 132 32 medlen
1042 799 85 32 efter
1157 800 99 32 deras
1282 802 250 41 återbetalniog
1557 804 49 31 till
1630 804 200 41 Riksgälds-

199 844 160 32 kontoret
382 844 117 40 skulle,
524 846 114 33 derest
662 847 40 32 de
729 847 42 32 då
796 848 28 40 ej
848 847 120 33 funnes
994 849 221 42 erforderliga
1228 863 77 21 vare
1322 854 50 39 sig
1386 852 52 32 för
1450 854 218 42 fortsättning
1681 855 36 32 af
1728 858 101 30 stam-

199 890 336 46 banebyggnaderna
564 897 82 32 eller
668 897 51 33 för
742 897 240 42 nybyggnader
1005 900 53 32 vid
1083 901 317 43 statsjernvägarne,
1426 905 171 32 användas
1622 905 49 32 till
1685 906 144 42 påskyn-

200 945 111 33 dande
336 946 35 32 af
392 948 250 41 amorteringen
668 949 34 31 af
723 950 130 32 statens
877 949 107 32 skuld.

323 1294 243 50 Angående
593 1296 458 52 Riksgäldskontoret
1079 1300 239 52 åliggande
1342 1302 359 53 utbetalningar.

259 1404 61 33 1:0o.
366 1393 244 45 Återstående
634 1405 159 41 utgifter
816 1407 62 32 till
901 1406 93 43 följd
1019 1409 41 33 af
1080 1410 123 32 beslut
1227 1410 59 33 vid
1310 1411 218 41 föregående
1553 1413 205 42 riksdagar.

973 1523 17 39 $
1015 1522 31 31 5.

330 1602 61 31 Till
418 1601 217 43 fortsättning
658 1605 34 29 af
713 1604 164 32 arbetena
901 1607 19 30 å
942 1608 185 31 stambanan
1145 1619 112 30 genom
1280 1609 166 33 Norrland
1465 1610 71 31 från
1550 1610 130 33 Bräcke
1695 1613 126 31 station

192 1651 49 31 till
266 1652 217 41 Helgumsjön
511 1654 62 31 och
599 1654 113 32 vidare
738 1654 49 32 till
812 1655 164 33 Sollefteå
998 1656 62 32 har
1084 1658 155 31 sistlidna
1270 1660 53 30 års
1348 1659 150 41 Riksdag
1521 1661 52 31 för
1596 1663 37 30 år
1664 1665 79 29 1883
1764 1674 58 20 an-

192 1702 85 31 visat
310 1704 56 30 två
389 1703 167 32 millioner
580 1704 133 39 kronor,
737 1716 71 21 som
838 1706 57 31 det
923 1707 127 40 åligger
1073 1706 342 42 Riksgäldskontoret
1438 1714 58 35 att,
1532 1712 1 31 i
1563 1712 65 32 den
1658 1714 76 31 mån
1763 1725 58 20 an-

193 1752 107 40 slaget
329 1756 89 29 ännu
448 1754 29 41 ej
502 1755 129 41 lyftats,
659 1756 103 39 enligt
785 1756 120 41 Kongl.
929 1757 112 41 Maj:ts
1067 1758 202 41 disposition
1292 1760 160 32 utbetala.

964 1879 19 37 &
1005 1876 29 31 6.

328 1954 62 31 Till
426 1954 219 34 bestridande
680 1957 34 32 af
746 1957 225 34 kostnaderna
1006 1960 52 31 för
1092 1961 211 41 uppförande
1339 1964 18 30 å
1389 1967 126 29 statens
1538 1965 279 41 jernvägstrafiks

190 2007 123 28 tomter
335 2004 10 32 i
367 2009 155 38 qvarteret
542 2008 123 33 Svanen
689 2009 11 31 i
722 2007 172 35 Stockholm
923 2010 36 32 af
984 2022 40 20 en
1049 2010 167 42 byggnad,
1239 2013 242 33 innehållande
1508 2016 228 40 expeditions-
1752 2018 65 31 och

188 2054 259 41 tjenstelokaler
472 2057 105 41 jemte
610 2057 352 43 boställslägenheter,
996 2061 60 32 har
1078 2063 173 32 nästlidna
1283 2065 54 31 års
1361 2064 150 42 Riksdag
1531 2067 81 31 stält
1631 2067 50 32 till
1693 2064 123 50 Kongl.

188 2104 109 41 Maj:ts
320 2106 335 41 förfogande
547 2106 108 41 under
678 2111 38 30 år
744 2112 78 30 1883
851 2112 198 32 återstoden
1073 2112 289 34 tvåhundratusen
1385 2115 126 32 kronor
1530 2116 35 33 af
1580 2117 56 32 det
1650 2118 167 33 särskilda

190 2155 265 43 anslagsbelopp
493 2160 19 30 å
546 2158 301 42 fyrahundratusen
881 2161 138 39 kronor,
1050 2174 71 21 som
1154 2167 76 28 1881
1259 2166 53 30 års
1335 2165 150 41 Riksdag
1508 2167 52 31 för
1589 2167 94 34 detta
1711 2169 106 32 ända-

187 2206 66 32 mål
288 2206 153 42 beviljat;
473 2209 178 40 åliggande
676 2210 56 32 det
755 2211 339 41 Riksgäldskontoret
1118 2217 49 29 att
1196 2215 104 37 enligt
1324 2216 119 40 Kongl.
1467 2217 113 41 Maj:ts
1606 2219 207 42 disposition

186 2257 153 33 utbetala
363 2259 146 32 nämnda
533 2260 52 31 för
608 2262 36 30 år
671 2264 78 29 1883
775 2263 158 32 anvisade
955 2264 287 33 tvåhundratusen
1267 2265 133 33 kronor.
