2218 2703
433 176 40 32 20
864 175 341 32 Jordbruksutskottets
1228 174 160 32 utlåtande
1412 175 50 32 Nr
1487 176 27 31 I.

389 256 72 37 den
503 255 97 38 afser
640 255 258 50 bekämpande
941 255 68 37 och
1051 255 307 38 förekommande
1400 256 40 37 af
1464 256 276 37 smittosamma
1768 256 219 51 sjukdomar

389 310 87 37 eller
504 309 158 37 farsoter
691 314 40 31 är
759 313 54 33 ett
842 309 166 50 statsligt
1035 309 171 49 intresse,
1236 323 86 23 men
1351 309 170 37 däremot
1548 310 12 36 i
1588 310 100 37 hvad
1708 313 119 47 angår
1845 309 141 38 vården

390 363 11 36 i
431 362 203 37 allmänhet
676 362 40 37 af
753 362 45 37 de
839 361 182 38 särskilda
1062 362 487 50 kreatursbesättningarna
1590 363 90 37 eller
1721 363 132 49 djuren
1894 368 40 32 är
1975 363 11 36 i

388 416 156 36 främsta
571 421 162 31 rummet
762 428 45 23 en
841 414 280 38 vederbörande
1150 415 219 50 djurägares
1400 416 175 37 enskilda
1598 416 245 37 ekonomiska
1873 429 113 35 ange-

387 468 178 51 lägenhet
586 468 70 37 och
672 468 180 50 därjämte
873 468 109 36 äfven
1003 473 54 32 ett
1077 482 78 23 mer
1175 469 87 37 eller
1281 468 146 38 mindre
1448 468 214 50 betydande
1682 469 250 37 ortsintresse.
1968 468 17 37 I

387 520 262 39 förstnämnda
677 521 175 37 afseende
880 522 67 35 har
976 521 408 50 husdjurssjukvården
1405 522 71 37 ock
1498 522 40 36 af
1550 527 123 32 staten
1692 521 163 48 ordnats,
1874 521 112 37 bland

388 580 114 31 annat
544 587 136 36 genom
723 574 232 37 anställande
998 574 40 36 af
1075 574 311 37 länsveterinärer
1427 580 96 31 samt
1551 574 436 51 veterinärstipendiater

387 627 85 37 med
502 626 219 51 skyldighet
749 631 55 32 att
831 627 12 36 i
871 626 82 38 viss
977 626 267 51 utsträckning
1272 633 189 43 emottaga
1489 627 264 48 förordnande,
1784 628 65 37 där
1877 627 108 37 deras

387 680 288 49 tjänstebiträde
716 679 197 48 erfordras,
956 680 195 36 äfvensom
1194 693 137 36 genom
1375 680 71 37 den
1489 681 119 49 enligt
1648 681 174 49 gällande
1864 681 121 48 regle-

388 738 124 31 mente
542 732 12 35 1
582 732 116 36 första
725 732 101 36 hand
856 733 120 35 stads-
1006 733 70 35 och
1105 733 368 46 distriktsveterinär,
1503 734 93 34 hvar
1615 734 101 34 inom
1738 733 66 35 sitt
1822 733 163 46 distrikt,

388 797 86 24 men
515 783 183 51 därjämte
731 784 101 36 såväl
860 785 119 36 lärare
1007 784 60 36 vid
1099 784 388 49 veterinärinstitutet,
1518 785 46 37 då
1592 784 108 37 deras
1729 784 258 51 tjänstgöring

389 838 62 37 det
479 837 222 48 medgifver,
744 850 80 24 som
860 837 70 37 ock
958 837 122 49 öfriga
1109 837 258 50 legitimerade
1394 839 230 36 veterinärer
1652 837 203 50 åliggande
1884 837 102 49 skyl-

388 890 183 48 digheten
613 895 65 41 att,
724 895 78 31 mot
842 890 244 48 godtgörelse
1120 890 119 49 enligt
1267 889 190 37 fastställd
1485 896 98 41 taxa,
1612 893 48 47 på
1688 890 142 48 Kungl.
1860 889 127 51 Maj:ts

387 942 440 49 befallningshafvandes
870 942 89 37 eller
1000 942 408 50 medicinalstyrelsens
1450 943 252 37 förordnande
1743 942 147 37 biträda
1922 942 63 36 vid

388 995 224 37 hämmande
655 995 40 36 af
731 995 277 37 smittosamma
1049 995 220 49 sjukdomar
1310 995 89 37 eller
1441 996 158 37 farsoter
1626 995 113 38 bland
1768 995 217 49 husdjuren.

517 1048 54 36 Af
584 1048 108 36 dessa
710 1048 229 36 veterinärer
955 1052 64 32 äro
1035 1048 363 37 länsveterinärerna
1409 1048 69 37 och
1490 1048 496 50 veterimärstipendiaterna,

387 1101 129 36 hvilka
545 1100 135 37 liksom
709 1101 146 36 lärarna
877 1100 63 37 vid
961 1101 379 36 veterinärinstitutet
1361 1102 145 48 åtnjuta
1526 1101 167 49 aflöning
1713 1101 41 35 af
1770 1100 217 37 statsmedel

389 1153 120 49 enligt
538 1153 40 36 af
603 1152 219 50 Riksdagen
852 1153 209 37 fastställda
1080 1153 177 48 grunder,
1278 1154 12 35 i
1310 1153 157 37 främsta
1485 1159 163 31 rummet
1668 1153 152 37 afsedda
1839 1152 58 38 för
1916 1153 71 36 den

391 1208 47 46 på
459 1210 122 32 staten
611 1206 274 35 ankommande
914 1206 210 36 veterinära
1152 1206 300 36 verksamheten.
1509 1206 164 35 Därnäst
1700 1206 107 35 torde
1825 1205 164 36 nämnda

390 1257 240 37 verksamhet
658 1257 209 37 tillkomma
895 1257 458 37 distriktsveterinärerna.
1409 1257 118 37 Dessa
1554 1258 113 36 hafva
1696 1257 205 37 emellertid
1931 1257 58 36 för

391 1311 57 35 sin
476 1309 217 50 befattning
713 1309 154 37 härmed
888 1310 132 36 hittills
1042 1310 217 49 egentligen
1280 1310 31 50 ej
1333 1310 182 49 uppburit
1534 1324 125 22 annan
1678 1310 243 49 godtgörelse
1941 1315 46 31 än

390 1375 99 24 rege-
506 1362 69 36 och
591 1363 474 49 traktamentsersättning,
1082 1363 148 36 hvadan
1246 1363 106 35 deras
1367 1363 237 49 ingripande,
1621 1363 96 36 efter
1732 1362 257 48 vederbörligt

391 1414 264 48 förordnande,
698 1414 11 36 i
739 1414 62 37 det
844 1414 205 37 allmännas
1091 1415 159 36 intresse
1291 1415 64 36 vid
1396 1415 219 49 uppkomna
1656 1414 203 50 epidemier
1899 1414 89 36 eller

390 1467 109 49 eljest
526 1467 12 36 i
567 1467 202 36 allmänhet
806 1467 57 36 för
892 1467 83 37 dem
1004 1468 13 36 1
1046 1473 119 31 större
1193 1468 89 36 eller
1310 1467 146 37 mindre
1484 1467 95 49 grad
1607 1467 190 38 inneburit
1825 1481 46 22 en
1899 1467 88 36 eko-

390 1519 149 37 nomisk
577 1519 220 50 uppoffring
838 1523 47 46 på
927 1521 123 48 grund
1092 1520 40 36 af
1170 1520 109 36 däraf
1304 1520 175 36 orsakadt
1509 1520 141 37 afbrott
1677 1520 12 36 i
1719 1520 71 36 den
1818 1519 170 37 enskilda

389 1572 211 49 praktiken.

519 1623 231 50 Billigheten
792 1624 106 37 torde
940 1624 95 38 dock
1063 1625 143 47 kräfva,
1236 1630 54 32 att
1318 1624 455 38 distriktsveterimärerna
1803 1624 39 37 af
1866 1629 122 32 staten

389 1677 158 36 beredas
589 1676 141 50 skäligt
771 1677 179 49 vederlag
992 1677 58 37 för
1091 1678 46 36 de
1175 1678 169 49 tjänster,
1375 1690 80 23 som
1485 1678 40 35 af
1550 1677 84 37 dem
1663 1677 159 37 fordras.
1877 1677 112 36 Detta

390 1729 180 49 vederlag
599 1729 119 37 skulle
748 1729 119 49 enligt
896 1730 62 36 det
989 1730 262 48 föreliggande
1280 1730 180 48 förslaget
1487 1734 156 44 utgöras
1673 1730 40 36 af
1730 1729 79 37 dels
1829 1729 160 37 kontant

389 1781 138 49 bidrag
566 1782 58 36 till
666 1782 384 37 distriktsveterinärs
1094 1782 180 49 aflöning,
1318 1783 72 36 600
1433 1781 138 37 kronor
1611 1782 58 36 till
1711 1782 63 36 lön
1815 1782 70 36 och
1914 1782 74 36 200

390 1834 138 36 kronor
568 1833 57 37 till
667 1838 53 32 ett
762 1834 272 49 ålderstillägg,
1077 1834 78 37 dels
1198 1835 70 36 ock
1310 1839 54 32 ett
1405 1847 140 36 genom
1587 1839 142 32 statens
1762 1833 227 50 ingripande

390 1885 236 50 åvägabragt
645 1886 192 37 ordnande
854 1887 40 36 af
905 1886 558 48 distriktsveterinärväsendet,
1481 1889 40 34 så
1537 1891 54 32 att
1610 1886 109 38 dessa
1738 1886 250 37 veterinärers

391 1937 184 59 ställning
603 1938 124 37 blefve
757 1939 206 49 väsentligt
992 1945 182 44 tryggare
1204 1944 47 31 än
1284 1939 102 37 förut
1413 1961 49 4 —
1491 1952 46 24 en
1566 1940 78 46 sak,
1674 1952 82 24 som
1784 1939 59 36 för
1871 1938 118 49 öfrigt

391 1991 10 35 1
431 1991 70 36 och
531 1990 57 37 för
616 1990 61 50 sig
704 1993 119 35 måste
852 2005 107 23 anses
987 2005 91 23 vara
1106 1991 40 36 af
1170 1996 53 32 ett
1252 1992 31 48 ej
1315 1991 214 49 obetydligt
1558 1991 156 37 allmänt
1742 1991 170 37 intresse.

520 2020 240 60 Beträffande
789 2044 95 36 först
913 2048 142 32 statens
1084 2044 134 49 bidrag
1248 2044 55 36 till
1332 2044 376 37 distriktsveterinärs
1738 2043 179 49 aflöning,
1948 2045 40 34 så

390 2096 121 36 finner
552 2096 186 37 utskottet
779 2096 85 36 med
906 2096 177 37 afseende
1112 2099 20 33 å
1161 2076 113 57 ofvan
1316 2096 157 49 angifna
1514 2096 237 50 synpunkter
1780 2096 209 36 detsamma

391 2147 62 37 väl
490 2148 159 49 afvägdt
686 2151 123 34 såsom
839 2148 123 50 skälig
991 2149 209 48 ersättning
1228 2149 57 36 för
1314 2149 117 36 sådan
1459 2149 206 36 veterinärs
1695 2148 126 37 arbete
1849 2147 12 37 i
1888 2147 101 37 hvad

393 2200 62 36 det
482 2200 12 35 i
524 2200 205 36 allmänhet
767 2201 123 36 direkt
918 2202 40 34 af
983 2205 124 32 staten
1134 2206 109 45 tages
1271 2201 12 35 i
1312 2201 175 50 anspråk,
1517 2201 150 37 hvadan
1695 2200 184 37 utskottet
1906 2200 83 37 icke

392 2252 68 37 har
501 2254 118 48 något
661 2258 54 32 att
743 2253 12 36 i
783 2252 103 38 detta
928 2253 174 37 afseende
1130 2253 122 37 erinra
1280 2258 102 32 emot
1410 2253 63 37 det
1500 2253 264 50 föreliggande
1792 2253 195 49 förslaget.

522 2304 145 39 Genom
696 2305 98 37 hvad
823 2306 156 37 sålunda
1007 2306 143 37 anförts
1178 2306 11 36 1
1210 2306 106 49 fråga
1337 2319 60 24 om
1419 2306 382 37 distriktsveterinärs
1822 2304 166 51 aflöning
