2204 2691
679 170 344 33 Jordbruksutskottets
1046 173 163 32 utlåtande
1232 174 52 31 Nr
1306 175 29 31 1.
1740 178 40 32 39

626 250 389 50 göringspenningar,
1058 266 85 23 men
1185 254 119 37 under
1332 254 95 38 hans
1461 263 176 31 semester
1665 263 53 31 ett
1746 264 79 31 mot

628 315 144 24 samma
800 307 496 48 tjänstgörimgspenningar
1325 308 184 37 svarande
1537 308 147 52 belopp.

355 405 74 37 Vid
470 405 106 37 bifall
617 407 57 36 till
714 408 99 36 hvad
856 409 154 37 sålunda
1051 410 213 51 föreslagits
1306 412 120 37 skulle
1468 414 261 49 anslagstiteln
1766 416 57 36 till

224 457 367 37 landtmäteristaten
634 459 142 37 således
819 461 168 48 undergå
1028 462 162 50 höjning
1231 464 83 36 från
1357 465 163 47 535,400
1563 467 139 36 kronor
1737 469 85 36 med

226 509 112 47 1,000
366 508 140 38 kronor
533 509 56 37 till
619 511 164 48 536,400
812 513 148 36 kronor.

694 752 154 40 Rikets
877 752 224 41 allmänna
1128 754 222 41 kartverk.

354 874 98 50 13:0)
510 875 142 50 Kungl.
683 876 108 49 Maj:t
819 877 68 36 har
915 877 196 49 föreslagit
1138 877 218 51 Riksdagen
1386 885 55 31 att

352 928 75 35 dels
456 927 204 49 godkänna
689 928 45 37 de
761 929 12 36 i
802 929 416 49 statsrådsprotokollet
1247 931 210 50 framlagda
1481 933 192 50 förslagen
1692 935 57 37 till
1770 936 51 36 af-

222 978 231 49 löningsstat
474 980 71 36 och
565 980 311 49 öfvergångsstat
896 981 58 36 för
970 981 72 37 den
1060 983 108 36 civila
1182 984 223 48 personalen
1419 985 65 36 vid
1499 986 118 37 rikets
1633 987 187 38 allmänna

222 1030 180 38 kartverk
444 1037 54 31 att
540 1032 102 49 gälla
669 1033 85 36 från
783 1033 70 36 och
882 1034 84 36 med
995 1036 41 34 år
1067 1036 96 35 1913
1194 1035 194 37 äfvensom
1418 1037 45 36 de
1491 1039 136 36 villkor
1656 1039 70 37 och
1753 1040 66 37 be-

222 1084 245 47 stämmelser,
511 1097 80 23 som
633 1085 216 49 föreslagits
891 1086 59 36 för
978 1086 222 49 åtnjutande
1230 1088 41 36 af
1295 1088 45 37 de
1368 1088 12 36 i
1409 1102 143 24 samma
1581 1096 116 32 stater
1723 1106 95 36 upp-

220 1139 118 45 tagna
367 1135 397 50 aflöningsförmåner;

351 1189 74 35 dels
453 1189 209 48 medgifva,
692 1195 65 42 att,
787 1190 126 36 därest
940 1197 191 41 gravören
1159 1191 42 38 C.
1230 1191 40 37 F.
1298 1191 216 52 Söderberg
1532 1195 63 36 vid
1615 1195 204 39 befordran

220 1238 58 37 till
306 1240 219 49 befattning
553 1244 20 33 å
602 1241 72 37 den
703 1256 74 35 nya
805 1242 317 49 aflöningsstaten
1151 1244 58 36 för
1232 1257 144 24 samma
1405 1245 125 38 arbete
1559 1260 80 24 som
1668 1249 62 36 det
1761 1250 57 36 till

221 1291 165 49 tjänsten
415 1292 168 37 hörande
610 1294 120 36 under
757 1294 227 49 föregående
1013 1298 39 34 år
1081 1296 154 49 åtnjutit
1264 1297 153 37 arfvode
1446 1298 56 36 till
1533 1299 140 51 belopp
1693 1301 124 37 öfver-

221 1344 188 48 stigande,
439 1345 98 36 hvad
568 1346 121 48 enligt
717 1352 122 31 staten
868 1347 95 37 skall
991 1350 94 46 utgå
1113 1348 57 37 till
1197 1348 282 50 innehafvaren,
1510 1350 214 52 Söderberg
1743 1357 73 45 må,

221 1398 42 34 så
302 1396 114 49 länge
452 1397 77 36 han
556 1397 12 36 i
597 1398 166 49 tjänsten
791 1399 185 48 kvarstår,
1005 1400 158 37 beredas
1191 1401 143 49 fyllnad
1362 1402 12 36 i
1403 1402 216 50 aflöningen
1646 1405 58 37 för
1732 1406 84 37 dess

218 1448 292 50 uppbringande
537 1449 58 37 till
624 1450 190 37 arfvodets
843 1451 152 50 belopp;

349 1502 75 37 dels
453 1504 63 35 ock
544 1502 89 49 höja
661 1503 46 36 de
735 1503 120 37 under
884 1504 277 49 anslagstiteln:
1195 1506 139 36 »rikets
1365 1507 185 37 allmänna
1574 1509 199 38 kartverk»
1796 1513 21 34 å

220 1552 189 38 ordinarie
438 1558 75 32 stat
540 1554 122 37 under
689 1555 137 37 nionde
854 1556 257 37 hufvudtiteln
1135 1557 188 50 uppförda
1342 1559 184 37 särskilda
1544 1562 146 48 anslag,
1711 1566 105 33 näm-

218 1604 119 49 ligen:
381 1605 196 37 bestämda
618 1607 173 48 anslaget
832 1608 83 35 från
953 1609 137 46 67,900
1120 1610 140 35 kronor
1287 1611 94 47 med
1403 1612 162 47 100,020
1593 1612 139 38 kronor
1759 1615 57 36 till

222 1657 163 47 167,920
427 1658 151 47 kronor,
608 1658 342 50 förslagsanslaget
978 1660 83 36 från
1091 1663 137 45 21,400
1256 1661 140 38 kronor
1423 1664 86 35 med
1539 1667 111 45 7,180
1678 1666 138 37 kronor

219 1706 57 38 till
318 1710 139 47 28,580
500 1709 139 38 kronor
676 1715 99 32 samt
802 1711 430 51 reservationsanslaget
1261 1714 81 37 från
1373 1716 163 47 131,500
1564 1717 139 37 kronor
1730 1718 85 37 med

221 1761 149 50 12,800
388 1761 142 37 kronor
557 1762 58 36 till
647 1764 161 46 144,300
837 1764 149 36 kronor.

349 1812 117 38 Ofver
507 1813 125 37 denna
672 1814 281 50 framställning
994 1816 193 38 äfvensom
1230 1831 47 23 en
1319 1819 41 36 af
1397 1819 86 37 herr
1512 1821 173 37 Starbäck
1713 1822 101 38 inom

219 1863 129 38 Andra
388 1864 220 39 kammaren
642 1866 12 36 i
691 1871 127 32 ämnet
859 1868 113 36 väckt
1000 1869 158 48 motion,
1187 1883 45 23 nr
1261 1872 59 46 63,
1350 1871 171 38 kommer
1548 1873 184 39 utskottet
1760 1880 55 32 att

219 1915 202 38 framdeles
450 1918 121 36 under
598 1917 205 50 riksdagen
832 1920 218 48 afgifvande
1083 1922 189 48 yttrande,
1293 1923 144 36 hvilket
1456 1924 185 38 utskottet
1659 1926 156 38 härmed

218 1967 124 38 skolat
370 1969 58 36 för
454 1969 221 50 Riksdagen

747 2077 157 36 anmäla.

349 2177 71 38 Vid
439 2178 104 38 bifall
563 2179 56 37 till
638 2179 99 38 hvad
758 2181 158 37 sålunda
936 2182 42 36 af
987 2183 142 50 Kungl.
1147 2184 109 49 Maj:t
1271 2184 226 51 föreslagits,
1515 2186 118 37 skulle
1647 2188 165 49 anslags-

217 2228 129 38 titelns
388 2231 236 48 slutsumma,
667 2246 50 22 nu
759 2235 165 46 220,800
962 2234 151 49 kronor,
1147 2237 170 49 undergå
1345 2237 162 50 höjning
1535 2239 84 37 med
1650 2241 162 46 120,000

216 2281 142 37 kronor
386 2283 56 36 till
472 2285 165 45 340,800
665 2284 140 37 kronor
834 2286 70 36 och
933 2286 140 38 erhålla
1101 2287 165 50 följande
1293 2290 192 37 utseende:

1903 903 80 24 Rikets

1882 939 121 23 allmänna

1882 972 119 26 kartverk.

1898 1009 91 47 [12.]
