2208 2701
222 1102 125 24 Utskottet.

440 178 41 32 32
889 173 345 34 Jordbruksutskottets
1257 171 164 33 utlåtande
1444 171 53 32 Nr
1522 172 26 31 1.

397 258 146 38 hvilket
571 257 126 37 kunde
726 257 40 36 af
791 252 481 51 hushållningssällskapen
1300 251 194 50 uppfattas
1521 252 121 35 såsom
1665 254 53 32 ett
1737 249 155 48 intrång
1912 248 81 37 från

398 317 142 32 statens
570 311 80 37 sida
677 310 10 36 i
717 306 505 51 hushållningssällskapens
1252 304 70 37 fria
1349 303 252 38 verksamhet.
1656 302 179 37 Däremot
1864 306 130 45 syntes

398 365 62 37 det
487 365 12 37 i
527 362 247 39 förevarande
815 361 66 37 fall
921 360 86 37 med
1048 364 99 32 rätta
1181 358 128 37 kunna
1342 356 146 38 fordras
1518 355 70 37 och
1617 358 123 34 såsom
1769 354 136 37 villkor
1934 353 58 37 för

397 417 221 51 åtnjutande
661 416 40 37 af
739 414 230 49 statsbidrag
1007 412 116 38 borde
1158 410 219 51 uppställas,
1408 415 54 31 att
1490 407 504 50 hushållningssällskapens

396 469 303 39 fiskeribiträden
742 468 117 48 skola,
902 466 98 37 hvad
1043 468 118 47 angår
1197 462 236 39 insamlande
1467 462 40 37 af
1538 461 198 50 uppgifter
1764 460 58 37 till
1849 459 145 38 fiskeri-

397 523 225 47 statistiken,
665 535 91 24 vara
797 520 177 50 skyldiga
1002 524 54 32 att
1084 517 108 38 ställa
1221 517 58 49 sig
1307 516 58 36 till
1394 514 248 38 efterrättelse
1671 514 45 37 de
1745 512 248 48 föreskrifter,

399 575 281 39 vederbörande
708 572 327 39 fiskeriintendent
1064 571 199 37 meddelar.

526 629 80 37 Mot
648 627 181 50 förslaget
868 626 86 36 med
992 626 72 36 den
1098 624 41 36 af
1164 622 289 39 ämbetsverken
1483 621 137 50 gjorda
1643 619 255 51 jämkningen
1926 619 69 36 har

399 681 415 52 departementschefen
857 680 58 35 för
952 678 58 37 sin
1052 677 57 37 del
1152 677 81 36 icke
1261 676 81 36 haft
1370 680 114 31 annat
1512 679 54 31 att
1596 674 123 36 erinra
1747 678 47 31 än
1823 678 55 31 att
1906 672 86 47 han,

398 735 233 37 beträffande
676 731 407 51 primäruppgifternas
1125 729 245 45 insamlande,
1414 732 123 30 ansett
1579 729 37 32 åt
1644 724 352 48 hushållningssäll-

399 788 141 49 skapen
577 786 91 36 böra
696 785 144 36 lämnas
875 796 45 24 en
948 782 77 37 viss
1055 781 113 37 frihet
1197 786 53 31 att
1283 780 6 36 i
1319 778 147 39 samråd
1496 778 84 37 med
1609 776 282 38 vederbörande
1919 780 76 32 äm-

397 840 176 37 betsverk
600 840 12 35 i
641 843 114 33 sättet
784 837 56 36 för
867 835 265 50 uppgifternas
1161 833 232 37 insamlande
1421 837 95 43 göra
1536 831 45 37 de
1610 830 274 48 förändringar,
1914 842 81 23 som

398 893 127 36 kunna
553 891 170 50 påkallas
752 890 40 36 af
817 888 124 38 lokala
969 886 274 47 förhållanden,
1275 886 102 36 detta
1407 884 95 37 dock
1531 883 132 37 endast
1691 882 120 37 under
1831 882 71 36 den
1922 881 74 36 för-

398 945 229 48 utsättning,
663 949 54 31 att
740 941 266 51 uppgifternas
1035 938 287 48 tillförlitlighet
1351 937 70 37 och
1450 936 292 49 fullständighet
1770 934 83 37 icke
1883 934 111 49 därpå

399 998 117 36 blifva
544 997 162 37 lidande.

531 1103 16 36 I
576 1101 198 38 skrifvelse
803 1101 72 36 den
905 1102 47 34 20
981 1098 73 48 maj
1088 1098 109 47 1902,
1227 1110 45 22 nr
1303 1097 83 46 142,
1417 1094 176 37 framhöll
1621 1092 228 49 Riksdagen,
1883 1092 113 36 huru-

403 1170 79 24 som
511 1155 192 38 bristande
731 1154 130 48 tillsyn
891 1155 19 34 å
939 1150 272 39 efterlefnaden
1240 1148 40 37 af
1306 1148 44 37 de
1378 1148 60 36 för
1467 1145 334 48 fiskerinäringens
1826 1144 90 37 vård
1936 1149 59 31 ut-

401 1208 154 37 färdade
598 1206 236 37 föreskrifter
874 1218 89 23 vore
1007 1208 52 31 att
1101 1201 172 37 betrakta
1307 1203 124 33 såsom
1465 1213 45 22 en
1539 1197 233 49 bidragande
1800 1196 112 37 orsak
1940 1196 57 36 till

403 1261 127 37 fiskets
559 1258 199 38 märkbara
786 1257 275 48 tillbakagång.
1116 1253 130 37 Ehuru
1279 1252 210 37 sedermera
1510 1249 192 50 åtskilliga
1721 1248 176 50 åtgärder
1915 1248 82 37 vid-

401 1313 117 49 tagits
554 1312 57 37 för
640 1309 333 51 åvägabringande
1003 1309 39 35 af
1068 1321 45 23 en
1140 1307 124 36 bättre
1292 1304 163 49 ordning
1484 1303 63 37 vid
1576 1301 335 50 fiskerinäringens
1940 1306 58 31 ut-

404 1365 162 38 öfvande
674 1362 193 37 däribland
895 1360 250 49 tillskapande
1174 1358 42 36 af
1232 1362 143 32 statens
1396 1355 217 38 nuvarande
1631 1354 366 37 fiskeriadministra-

402 1419 79 35 tion
509 1439 50 4 —
587 1415 106 37 torde
735 1414 95 37 dock
871 1414 164 36 nämnda
1075 1412 129 47 tillsyn
1242 1411 124 35 lämna
1399 1408 185 48 åtskilligt
1611 1406 119 49 öfrigt
1758 1411 53 31 att
1840 1406 117 36 önska
1985 1405 10 35 i

403 1471 108 48 fråga
540 1482 59 24 om
629 1467 285 47 effektiviteten,
943 1465 145 37 hvilket
1115 1463 58 37 till
1202 1463 33 48 ej
1266 1462 212 48 oväsentlig
1506 1460 58 36 del
1593 1472 112 35 synes
1734 1459 88 37 bero
1843 1458 42 36 af
1902 1457 95 38 brist

402 1525 48 48 på
479 1522 122 37 medel
630 1520 58 37 för
715 1519 224 47 ändamålet,
970 1532 46 22 en
1043 1516 106 46 brist,
1184 1514 109 37 som
1273 1510 17 67 i
1317 1514 58 36 sin
1395 1516 87 34 mån
1504 1511 185 37 föranledt
1707 1509 289 51 ifrågavarande

404 1573 359 50 anslagsäskanden.
818 1571 86 36 Med
941 1569 176 38 afseende
1150 1568 91 36 härå
1270 1567 70 36 och
1368 1566 46 36 då
1443 1566 63 35 det
1529 1564 144 49 jämväl
1702 1569 40 31 är
1770 1563 42 36 af
1835 1563 81 36 vikt
1945 1568 52 30 att

403 1626 227 49 tillräckliga
672 1624 120 37 medel
830 1626 59 34 stå
920 1622 57 37 till
1005 1620 141 50 Kungl.
1177 1619 126 50 Maj:ts
1333 1617 226 50 förfogande
1588 1616 59 36 för
1676 1614 320 50 understödjande

405 1679 40 36 af
468 1676 431 49 hushållningssällskap
943 1675 68 36 och
1054 1673 117 37 andra
1213 1671 364 48 ortskorporationer
1607 1668 65 36 vid
1706 1668 108 36 deras
1842 1680 155 36 synner-

402 1732 105 48 ligen
536 1729 231 37 omfattande
795 1727 247 37 sträfvanden
1071 1731 54 31 att
1152 1727 48 46 på
1229 1736 79 23 mer
1332 1723 88 36 eller
1441 1721 145 37 mindre
1606 1720 122 37 skilda
1747 1724 119 45 vägar
1884 1719 114 37 verka

404 1784 59 36 för
499 1783 205 48 näringens
742 1779 257 51 befrämjande
1028 1778 111 37 äfven
1167 1777 12 35 i
1208 1775 122 50 öfriga
1359 1774 216 46 afseenden,
1605 1772 67 37 har
1700 1772 186 37 utskottet
1913 1771 85 37 icke

403 1839 116 46 något
548 1839 55 32 att
631 1833 121 37 erinra
780 1839 100 30 emot
908 1832 73 36 den
1010 1828 264 50 föreliggande
1303 1827 331 47 framställningen
1661 1825 12 36 i
1702 1825 122 36 denna
1852 1820 69 56 del.

534 1887 133 37 Såsom
709 1898 90 36 nyss
840 1889 152 32 nämnts
1021 1882 113 37 hafva
1162 1878 485 49 hushållningssällskapen
1675 1879 48 48 på
1752 1876 99 37 olika
1879 1880 118 44 vägar

404 1940 86 37 sökt
526 1939 135 49 främja
688 1936 315 50 fiskerinäringen
1032 1935 71 37 och
1126 1931 146 53 jämväl
1301 1937 122 32 staten
1451 1931 67 36 har
1546 1929 104 50 gjort
1679 1928 197 38 afsevärda
1904 1941 93 37 upp-

404 1993 183 48 offringar
628 1991 59 36 för
730 1995 54 31 att
813 1989 83 37 med
925 1989 101 36 olika
1052 1987 58 36 till
1138 1985 95 37 buds
1264 1984 154 37 stående
1445 1982 122 37 medel
1595 1984 48 34 nå
1671 1995 143 23 samma
1842 1980 83 36 mål.
1982 1980 15 35 I

404 2045 99 36 hvad
545 2046 87 34 mån
661 2043 45 36 de
734 2042 114 37 redan
892 2041 136 49 gjorda
1068 2037 315 51 uppoffringarna
1423 2036 132 35 krönts
1584 2034 84 37 med
1697 2034 204 48 framgång
1929 2033 65 36 och

405 2097 144 37 hvilket
585 2095 113 37 värde
726 2108 80 23 som
836 2093 132 37 därvid
996 2095 60 34 må
1084 2091 179 37 tillmätas
1291 2089 46 36 de
1365 2088 99 37 olika
1493 2088 58 36 för
1579 2086 210 38 ändamålet
1816 2085 182 49 vidtagna

405 2149 235 48 åtgärderna,
671 2147 128 36 därom
829 2146 105 36 torde
962 2159 87 23 man
1078 2141 219 46 emellertid,
1326 2141 97 36 huru
1453 2140 124 48 viktig
1605 2153 46 23 en
1679 2137 117 38 sådan
1825 2137 172 50 kunskap

404 2207 48 32 än
493 2204 60 34 må
595 2213 87 23 vara
724 2200 58 35 för
815 2199 62 36 det
912 2197 125 37 vidare
1071 2196 143 37 arbetet
1243 2197 20 33 å
1290 2193 206 49 näringens
1525 2191 206 47 förkofran,
1760 2189 83 38 icke
1870 2190 129 36 kunna

406 2254 144 48 afgifva
577 2255 116 46 något
722 2251 190 37 bestämdt
940 2250 173 36 omdöme
1142 2246 86 38 med
1256 2259 51 23 nu
1335 2244 221 50 tillgänglig
1585 2243 180 46 statistik;
1793 2242 70 37 och
1883 2241 115 37 andra

405 2306 121 37 medel
567 2305 59 36 för
668 2303 242 51 spörsmålets
952 2300 236 39 besvarande
1230 2298 107 37 torde
1377 2298 60 35 väl
1478 2297 188 49 knappast
1694 2296 128 36 kunna
1849 2294 147 36 tänkas.
