2200 2700
699 165 339 33 Jordbruksutskottets
1062 166 161 33 utlåtande
1247 168 51 31 Nr
1321 168 30 31 1.
1714 169 59 31 117

827 453 394 41 Reservationer:

354 558 73 37 Vid
449 561 121 44 punkt
599 563 23 34 3
652 558 99 50 (ang.
783 559 239 36 landtbruks-
1051 559 69 37 och
1148 560 400 49 landtmannaskolor):

353 611 40 36 af
436 613 37 34 C.
517 612 42 35 LI.
604 613 188 46 Olausson,
822 624 79 24 som
931 617 122 31 ansett
1081 611 134 37 endast
1243 614 112 43 4,000
1384 613 139 36 kronor
1550 613 91 37 böra
1671 614 148 37 anvisas

224 663 55 36 till
308 663 217 50 inspektion
554 664 108 37 öfver
690 664 45 36 de
762 664 105 48 lägre
895 663 767 51 landtbruksundervisningsanstalterna;

352 768 73 37 Vid
448 771 120 44 punkt
599 773 23 33 7
649 768 101 50 (ang.
781 768 575 51 distriktsveterinärväsendet):

353 821 40 36 af
416 822 46 36 A.
494 823 39 35 T.
569 822 181 46 Odelberg,
781 834 81 24 som
891 821 138 37 anfört:

355 873 175 50 »Frågan
572 886 60 24 om
674 878 142 32 statens
857 874 226 49 ingripande
1124 874 59 36 för
1224 874 211 38 ordnandet
1470 876 40 36 af
1533 876 147 36 landets
1708 876 111 37 civila

223 926 356 36 veterinärväsende
608 927 67 35 har
703 925 63 36 vid
794 925 88 37 flere
911 926 228 48 föregående
1168 926 184 48 tillfällen,
1382 941 80 22 som
1492 927 71 37 ock
1592 928 170 49 framgår
1781 930 42 35 af

223 977 73 38 den
337 977 132 50 kungl.
512 978 297 50 propositionen,
852 978 96 37 varit
989 978 155 37 föremål
1186 979 102 37 såväl
1320 979 59 37 för
1411 979 140 50 Kungl.
1582 980 127 50 Maj:ts
1738 994 80 24 som

222 1030 241 48 Riksdagens
486 1031 190 49 pröfning,
698 1031 69 35 och
787 1030 132 36 hittills
940 1031 67 35 har
1028 1031 72 36 den
1119 1031 294 49 uppfattningen
1432 1032 104 48 gjort
1556 1032 60 48 sig
1631 1033 186 48 gällande,

224 1088 53 30 att
319 1087 144 32 statens
506 1082 177 49 åtgärder
719 1083 31 48 ej
782 1082 114 37 borde
926 1083 148 36 sträcka
1103 1084 60 48 sig
1191 1084 133 47 längre
1353 1089 47 31 än
1427 1084 57 36 till
1512 1084 240 37 bestridande
1781 1086 41 36 af

222 1134 256 38 kostnaderna
523 1135 59 37 för
623 1135 331 36 länsveterinärers
988 1135 70 36 och
1086 1135 455 49 veterinärstipendiaters
1571 1137 246 50 anställande,

222 1187 121 37 under
385 1187 62 37 det
489 1193 53 31 att
583 1187 206 50 landsting,
823 1187 444 50 hushållningssällskap,
1297 1189 224 36 kommuner
1550 1189 69 37 och
1649 1190 169 37 enskilda

222 1239 116 37 borde
368 1240 100 49 sörja
499 1240 57 37 för
576 1239 470 37 distriktsveterinärernas
1070 1240 215 49 antagande
1305 1241 70 36 och
1396 1241 179 49 aflöning.
1614 1242 58 36 En
1693 1256 125 23 annan

222 1291 249 51 uppfattning
499 1305 113 37 synes
640 1305 51 23 nu
719 1291 111 37 hafva
859 1292 103 49 gjort
989 1292 60 49 sig
1077 1293 187 48 gällande,
1292 1293 13 36 i
1333 1293 63 36 det
1423 1293 187 37 utskottet
1634 1294 183 50 tillstyrkt

222 1344 140 49 Kungl.
405 1345 127 49 Maj:ts
574 1344 235 50 proposition
837 1358 61 23 om
927 1348 53 33 ett
1007 1344 301 50 förslagsanslag
1335 1345 56 36 till
1420 1345 137 50 belopp
1586 1346 42 36 af
1655 1348 161 47 146,000

223 1396 138 37 kronor
390 1400 123 34 såsom
542 1396 135 49 bidrag
704 1397 57 36 till
790 1397 473 37 distriktsveterinärernas
1293 1397 209 38 aflönande.

352 1448 68 37 Ett
460 1449 227 50 ingripande
730 1449 81 36 från
841 1453 145 33 statens
1016 1449 81 37 sida
1125 1454 40 31 är
1193 1462 157 24 numera
1379 1450 146 37 mindre
1554 1456 47 31 än
1630 1451 189 38 tillförene

224 1501 41 36 af
289 1501 181 38 behofvet
497 1501 202 50 påkalladt,
729 1501 115 37 sedan
872 1502 102 35 inom
1003 1502 147 37 landets
1171 1502 177 49 samtliga
1368 1503 63 36 län
1451 1503 370 38 veterinärväsendet

224 1553 152 37 ordnats
418 1557 50 46 på
509 1558 53 33 ett
595 1553 85 37 fullt
708 1554 175 49 lämpligt
912 1559 75 31 sätt
1015 1554 70 37 och
1114 1554 474 38 distriktsveterinärernas
1617 1556 204 51 aflönings-

223 1605 274 49 förhållanden,
535 1610 113 32 sättet
674 1606 59 36 för
761 1606 109 37 deras
899 1606 216 49 antagande
1143 1607 70 36 och
1242 1607 266 48 entledigande
1536 1608 161 50 lämpats
1725 1610 96 36 efter

223 1657 45 36 de
311 1657 99 38 olika
452 1658 373 37 ortsförhållandena.
882 1658 16 36 I
933 1659 70 36 alla
1031 1658 199 38 händelser
1256 1659 75 36 kan
1354 1659 71 49 jag
1453 1660 32 49 ej
1516 1660 103 37 finna
1645 1660 176 52 lämpligt

224 1714 54 32 att
306 1712 48 48 på
383 1714 53 33 ett
466 1710 135 37 sådant
629 1714 86 44 sätt,
746 1723 81 23 som
856 1710 12 36 i
896 1711 72 36 den
987 1710 132 50 kungl.
1141 1711 286 49 propositionen
1449 1711 227 51 föreslagits,
1696 1713 125 37 lämna

223 1762 207 37 understöd
472 1762 58 37 till
572 1762 473 38 distriktsveterinärernas
1089 1763 178 49 aflöning,
1309 1763 261 50 hvarigenom,
1608 1771 90 31 utan
1728 1767 89 35 att
1797 1758 23 59 i

224 1816 129 47 någon
394 1814 209 37 nämnvärd
631 1815 96 48 grad
754 1815 93 36 lätta
874 1815 188 37 bördorna
1090 1815 59 37 för
1177 1815 46 37 de
1252 1815 99 38 olika
1380 1816 211 50 distrikten,
1622 1823 54 31 ett
1704 1818 117 37 första

223 1866 284 49 betydelsefullt
541 1871 86 44 steg
656 1867 116 49 tagits
800 1867 57 37 till
885 1868 165 36 nämnda
1077 1868 247 44 veterinärers
1353 1869 243 50 upphöjande
1625 1869 57 38 till
1710 1875 111 33 stats-

224 1918 158 50 tjänare,
411 1919 80 37 helt
519 1920 68 36 och
617 1919 114 37 hållet
759 1919 169 38 aflönade
956 1920 84 37 med
1069 1920 226 37 statsmedel.

353 1971 56 37 Af
451 1986 45 23 en
538 1971 138 37 nionde
717 1972 255 37 hufvudtiteln
1013 1972 131 50 bilagd
1185 1973 242 50 förteckning
1470 1975 105 36 öfver
1618 1974 202 51 »Sveriges

223 2023 355 49 veterinärdistrikt,
608 2024 107 37 deras
743 2024 241 50 tillsättning,
1015 2025 170 50 aflöning
1213 2040 47 22 m.
1291 2039 72 23 m.»
1396 2027 178 50 framgår,
1597 2033 54 31 att
1671 2028 150 37 distrik-

223 2081 85 31 tens
350 2077 101 36 antal
492 2077 63 36 vid
598 2077 113 36 slutet
753 2077 41 36 af
833 2080 39 33 år
916 2078 95 35 1911
1049 2078 177 49 utgjorde
1256 2080 71 34 208
1358 2084 96 31 samt
1483 2085 54 31 att
1565 2080 190 37 storleken
1784 2082 41 35 af

222 2128 302 38 veterinärernag
565 2128 183 37 kontanta
776 2129 106 37 löner
910 2130 160 36 växlade
1098 2131 116 47 högst
1241 2130 190 50 betydligt
1459 2132 81 36 icke
1569 2133 159 36 allenast
1756 2133 64 36 vid

219 2180 221 50 jämförelse
485 2181 44 37 de
571 2180 99 37 olika
711 2181 111 37 länen
863 2181 160 38 emellan
1055 2188 90 31 utan
1173 2182 111 37 äfven
1312 2183 100 36 hvad
1442 2183 177 38 beträffar
1647 2184 45 37 de
1720 2185 102 36 olika

229 2233 203 36 distrikten
473 2234 103 36 inom
605 2246 144 23 samma
775 2234 74 47 län,
878 2234 187 37 beroende
1094 2235 78 36 helt
1199 2235 183 49 naturligt
1410 2238 48 46 på
1486 2236 71 36 den
1586 2241 120 32 större
1733 2237 89 37 eller

226 2285 146 37 mindre
413 2285 250 50 möjligheten
701 2290 56 32 att
785 2286 139 37 erhålla
951 2285 162 50 praktik.
1170 2286 127 38 Under
1325 2287 62 37 det
1414 2293 55 31 att
1496 2288 11 36 i
1536 2295 53 30 ett
1616 2289 121 37 flertal
1760 2289 62 36 län
