2230 2705
173 487 80 24 Civila
271 487 90 24 veteri-

180 522 174 32 närstipendi-

236 560 64 24 ater.

233 594 67 48 [6]

433 186 42 32 14
860 184 340 32 Jordbrulksutskottets
1224 182 161 33 utlåtande
1408 182 52 32 Nr
1483 183 30 32 1.

960 366 455 43 Veterinärväsendet.

522 476 72 51 6:0)
622 477 127 38 Under
776 476 124 51 punkt
930 479 19 34 6
980 476 41 37 af
1045 476 138 36 nionde
1211 474 256 37 hufvudtiteln
1495 473 68 37 har
1590 473 142 50 Kungl.
1762 472 107 50 Maj:t
1892 472 97 37 före-

391 531 114 49 slagit
545 530 219 49 Riksdagen
806 535 64 42 att,
914 529 57 36 för
1011 528 211 38 beredande
1252 528 41 36 af
1317 527 121 37 medel
1479 526 57 37 till
1578 526 233 37 anställande
1853 525 40 37 af
1923 538 67 24 sex

389 583 262 50 legitimerade
683 582 229 38 veterinärer
941 584 125 35 såsom
1095 579 438 51 veterinärstipendiater
1560 579 85 37 med
1673 578 220 51 skyldighet
1922 583 66 43 att,

391 641 80 33 mot
513 636 115 48 årligt
656 635 154 37 arfvode
839 635 41 36 af
907 636 111 47 1,000
1047 635 139 36 kronor
1214 633 56 37 till
1299 633 85 37 dem
1412 633 106 47 hvar,
1547 634 48 48 på
1623 632 156 37 kallelse
1806 631 42 37 af
1871 631 118 37 medi-

391 689 288 50 cinalstyrelsen
721 688 147 36 biträda
908 688 64 36 vid
1010 688 73 36 den
1112 686 110 37 civila
1245 685 424 50 husdjurssjukvården,
1698 685 88 49 höja
1815 683 176 49 anslaget

390 741 57 36 till
488 741 316 35 länsveterinärer
845 740 68 35 och
956 738 439 48 veterinärstipendiater
1434 737 88 35 med
1563 738 113 46 3,600
1717 737 140 35 kronor
1899 736 92 35 eller

391 793 143 37 således
563 792 83 37 från
676 793 138 47 82,900
843 792 140 36 kronor
1010 790 60 37 till
1099 791 138 44 86,500
1265 790 151 36 kronor.

521 844 439 50 (Statsrådsprotokollet
988 844 68 36 sid.
1088 842 176 50 34—36).

519 898 98 36 Från
659 896 290 50 ifrågavarande
991 896 133 48 anslag
1152 896 12 36 i
1192 895 100 36 hvad
1334 894 62 37 det
1425 894 100 37 afser
1551 893 440 49 veterinärstipendiater

390 954 93 46 utgå
523 950 58 37 för
622 949 234 37 närvarande
884 971 49 4 —
962 949 117 36 sedan
1124 949 95 35 1899
1263 950 58 34 års
1363 946 171 49 Riksdag
1575 946 86 37 med
1704 945 208 49 anledning
1952 944 44 37 af

391 1002 283 49 framställning
703 1001 41 37 af
767 1001 142 49 Kungl.
940 1001 109 49 Maj:t
1078 1003 20 34 å
1129 1001 172 48 anslaget
1329 999 157 50 beviljat
1514 998 121 37 medel
1663 998 58 37 till
1746 998 83 50 fyra
1849 997 141 50 stipen-

391 1056 80 37 dier
498 1057 21 35 3
546 1056 76 36 400
650 1055 140 36 kronor
832 1060 96 30 samt
973 1055 96 35 1908
1112 1056 60 33 års
1213 1052 174 49 Riksdag
1419 1051 181 37 likaledes
1627 1053 49 47 på
1704 1050 131 49 Kungl
1862 1050 128 49 Maj:ts

390 1108 284 48 framställning
701 1107 85 49 höjt
814 1106 374 50 stipendiebeloppen
1215 1127 50 4 —
1294 1105 84 49 fyra
1407 1104 216 49 stipendier,
1653 1103 203 36 hvartdera
1876 1105 21 33 å
1916 1103 74 35 600

390 1162 150 36 kronor.
595 1160 87 36 Med
711 1159 248 37 förevarande
987 1157 283 49 framställning
1299 1157 98 37 afses
1425 1156 110 37 alltså
1563 1160 54 32 att
1647 1155 72 37 öka
1747 1155 77 37 dels
1849 1154 141 50 stipen-

391 1214 190 35 diaternas
623 1212 100 36 antal
763 1212 84 35 från
888 1211 83 48 fyra
1012 1210 56 36 till
1111 1223 65 23 sex
1219 1210 79 36 dels
1337 1209 70 36 ock
1436 1208 277 49 stipendiernas
1741 1207 139 48 belopp
1909 1207 83 35 från

393 1267 73 35 600
510 1264 140 37 kronor
691 1263 56 37 till
791 1264 111 47 1,000
931 1263 157 44 kronor;
1132 1262 71 36 och
1244 1267 40 30 är
1312 1260 330 48 framställningen
1670 1257 322 49 hufvudsakligen

392 1316 197 38 föranledd
631 1316 41 36 af
709 1315 246 49 svårigheten
997 1319 55 32 att
1093 1314 86 37 med
1211 1312 300 38 hittillsvarande
1540 1311 323 50 stipendiebelopp
1891 1310 101 37 hålla

391 1368 517 51 stipendiatbefattningarna
927 1367 148 36 besatta
1095 1367 199 36 äfvensom
1315 1366 40 36 af
1373 1364 324 50 angelägenheten
1717 1363 116 48 däraf,
1855 1367 54 32 att
1927 1362 64 37 vid

392 1422 205 36 eventuellt
637 1421 146 35 utbrott
823 1420 102 36 inom
966 1419 128 36 landet
1137 1419 40 35 af
1215 1419 72 35 den
1327 1432 50 22 nu
1406 1417 195 37 ferstädes
1629 1416 12 35 i
1671 1416 167 36 utlandet
1866 1417 125 35 såsom

394 1474 117 36 farsot
554 1472 183 50 härjande
780 1472 95 36 mul-
917 1470 70 38 och
1028 1470 220 50 klöfsjukan
1291 1468 388 50 medicinalstyrelsen
1712 1471 61 33 må
1802 1467 56 37 för
1886 1466 105 50 sjuk-

392 1526 158 37 domens
592 1524 225 38 hämmande
854 1523 57 37 till
940 1524 64 36 sitt
1032 1523 226 49 förfogande
1286 1523 115 36 hafva
1429 1527 53 32 ett
1505 1520 225 50 tillräckligt
1758 1520 100 37 antal
1886 1524 107 33 extra

392 1579 241 36 veterinärer.

522 1630 52 36 På
616 1630 46 36 de
704 1629 41 36 af
784 1628 417 50 departementschefen
1228 1628 12 35 i
1268 1632 127 31 ämnet
1431 1625 156 37 anförda
1616 1625 131 36 skälen
1774 1623 220 38 hemställer

391 1683 198 47 utskottet,

922 1789 55 32 att
1018 1784 221 48 Riksdagen
1280 1785 71 45 må,
1387 1783 58 35 för
1476 1781 215 37 beredande
1720 1781 40 36 af
1785 1779 122 37 medel
1936 1778 58 37 till

793 1837 235 36 anställande
1057 1836 40 36 af
1122 1849 65 23 sex
1215 1834 260 50 legitimerade
1494 1834 235 36 veterinärer
1749 1835 121 34 såsom
1890 1836 103 32 vete-

793 1888 353 50 rinärstipendiater
1174 1887 84 37 med
1283 1886 218 50 skyldighet
1520 1891 66 42 att,
1608 1891 79 30 mot
1707 1885 112 48 årligt
1839 1883 155 37 arfvode

796 1941 41 37 af
864 1942 111 47 1,000
1004 1941 141 36 kronor
1172 1940 56 36 till
1248 1939 84 37 dem
1352 1939 106 46 hvar,
1479 1941 48 46 på
1546 1937 155 37 kallelse
1721 1937 42 36 af
1778 1935 215 38 medicinal-

795 1994 185 49 styrelsen
1022 1992 148 37 biträda
1210 1991 64 37 vid
1316 1991 72 36 den
1431 1990 110 36 civila
1569 1987 423 51 husdjurssjukvården,

795 2046 89 49 höja
925 2046 175 47 anslaget
1137 2045 58 35 till
1222 2042 315 38 länsveterinärer
1565 2042 70 36 och
1662 2040 331 49 veterinärstipen-

796 2098 118 37 diater
955 2097 84 37 med
1083 2098 112 47 3,600
1237 2097 140 35 kronor
1418 2095 88 36 eller
1548 2094 143 37 således
1733 2093 83 36 från
1855 2093 138 47 82,900

796 2150 140 36 kronor
963 2149 57 37 till
1050 2150 138 47 86,500
1216 2149 150 35 kronor.

523 2254 241 38 Beträffande
793 2259 114 31 sättet
935 2254 58 36 för
1021 2252 291 49 ifrågavarande
1332 2251 154 48 anslags
1504 2249 237 51 uppförande
1760 2249 13 36 i
1792 2248 203 37 riksstaten

395 2308 252 37 återkommer
675 2306 186 37 utskottet
887 2306 120 36 under
1035 2304 254 49 nästföljande
1318 2304 133 49 punkt.
