1898 2822
329 180 19 30 6
652 184 395 34 Jordbruksutskottets
1077 186 185 32 utlåtande
1290 187 52 32 Nr
1369 188 73 30 40.

283 258 77 32 med
395 259 280 36 genomförandet
709 270 44 21 av
786 261 236 37 föreliggande
1050 263 129 36 förslag
1202 274 54 21 om
1281 265 140 31 särskilt
1444 266 270 32 statsunderstöd
1737 268 55 31 till

284 310 214 37 anläggande
521 321 45 20 av
589 311 246 37 odlingsvägar
857 313 104 32 borde
984 316 107 30 anstå.
1206 311 8 9 ”

328 363 88 35 Väg-
450 363 62 30 och
547 363 465 39 vattenbyggnadsstyrelsen
1036 367 62 31 har
1122 369 11 29 i
1156 368 177 31 utlåtande
1356 369 65 31 den
1446 370 40 30 18
1510 370 172 31 december
1706 372 84 31 1926

281 415 126 35 anfört,
432 416 51 29 att
505 415 213 37 anläggning
740 426 44 20 av
800 416 245 39 odlingsvägar
1061 420 72 30 icke
1149 430 80 21 vore
1245 422 112 34 någon
1373 422 418 38 kommunikationsfråga

282 468 86 29 utan
402 467 109 30 måste
544 477 96 21 anses
675 469 110 30 såsom
820 478 42 21 en
885 479 60 21 ren
968 470 444 39 jordbruksangelägenhet,
1437 474 114 31 vadan
1576 475 38 30 de
1636 485 46 20 av
1706 475 85 31 riks-

282 518 108 36 dagen
426 519 55 30 till
513 519 214 37 anläggning
756 531 45 20 av
835 521 237 37 utfartsvägar
1094 524 13 30 i
1130 524 183 37 Norrland,
1337 525 153 31 Dalarna
1513 527 62 30 och
1598 527 191 32 Värmland

278 571 165 31 anvisade
478 571 133 32 medlen
646 572 74 31 icke
754 573 102 31 borde
890 574 53 30 för
971 575 91 31 detta
1085 576 162 31 ändamål
1269 578 178 30 användas
1471 579 63 30 och
1556 580 51 30 att
1629 580 30 36 ej
1684 580 106 30 heller

282 623 206 31 kommande
511 624 119 36 anslag
655 625 54 30 till
733 625 234 37 utfartsvägar
989 627 103 32 borde
1114 629 44 35 på
1180 630 103 35 något
1305 631 68 29 sätt
1395 631 301 36 sammankopplas
1713 632 76 31 med

280 676 120 36 anslag
424 676 55 30 till
503 676 252 37 odlingsvägar.
801 678 72 31 Mot
896 678 194 37 beviljande
1112 691 44 20 av
1180 681 122 36 bidrag
1326 682 60 30 och
1410 682 60 31 lån
1494 683 56 30 till
1573 683 216 37 anläggning

279 738 46 20 av
360 728 245 36 odlingsvägar
640 739 40 20 ur
715 730 56 30 till
805 730 234 37 avdikningar
1073 732 61 31 och
1166 733 159 37 odlingar
1348 734 212 37 förefintliga
1583 736 120 35 anslag
1727 736 62 31 och

280 780 120 31 fonder
423 780 88 31 hade
534 783 81 34 väg-
638 782 62 30 och
725 783 466 37 vattenbyggnadsstyrelsen
1214 786 153 31 däremot
1383 786 54 31 för
1454 787 54 30 sin
1525 787 53 31 del
1594 788 74 31 icke
1685 789 103 35 något

277 834 52 29 att
352 832 126 31 erinra.
525 833 165 31 Tvärtom
714 836 116 35 syntes
852 835 93 31 detta
969 836 125 37 riktigt
1116 837 61 31 och
1201 838 298 37 ändamålsenligt.

323 885 497 38 Kolonisationssakkunnigas
855 887 226 32 förenämnda
1115 889 127 37 förslag
1277 890 194 32 föranledde
1505 892 74 30 icke
1602 892 185 31 framställ-

277 937 87 36 ning
388 937 56 31 till
468 938 85 30 1927
577 939 56 29 års
656 939 150 36 riksdag.

322 989 17 30 I
373 990 60 30 två
465 990 59 30 vid
560 990 84 31 1927
679 992 55 29 års
766 992 138 36 riksdag
928 993 124 31 väckta
1076 994 219 36 likalydande
1318 996 177 35 motioner,
1520 995 62 31 den
1606 1006 62 21 ena
1692 997 94 30 inom

278 1042 107 30 första
409 1042 210 36 kammaren,
643 1052 42 21 nr
710 1043 52 36 86,
786 1054 44 20 av
853 1044 119 31 herrar
996 1044 36 32 O.
1058 1046 182 36 Bergqvist
1262 1047 62 30 och
1347 1046 35 32 C.
1407 1048 26 30 I.
1459 1048 158 36 Asplund
1641 1049 63 30 och
1721 1049 66 31 den

274 1094 110 31 andra
406 1095 96 30 inom
525 1095 107 30 andra
656 1096 212 36 kammaren,
893 1107 42 20 nr
958 1098 75 35 157,
1057 1109 44 20 av
1125 1099 77 30 herr
1225 1099 40 31 N.
1291 1100 38 30 E.
1353 1100 139 31 Nilsson
1508 1101 13 30 i
1537 1101 135 31 Antnäs
1688 1111 46 21 m.
1751 1102 33 30 fl.

278 1146 219 31 hemställdes
531 1147 200 37 emellertid,
766 1150 51 29 att
840 1149 183 37 riksdagen
1052 1152 106 30 måtte
1182 1152 133 31 besluta
1339 1155 50 29 att
1413 1153 71 31 dels
1508 1154 53 30 för
1584 1154 201 36 budgetåret

279 1199 216 30 1927—-1928
519 1199 80 36 höja
622 1199 54 31 det
700 1200 109 31 under
832 1201 100 36 sjätte
957 1202 221 32 huvudtiteln
1202 1204 167 36 uppförda
1393 1205 157 37 anslaget
1573 1206 56 30 till
1644 1206 141 36 anlägg-

276 1251 87 36 ning
387 1261 43 20 av
455 1252 238 36 utfartsvägar
717 1253 12 30 i
752 1253 182 36 Norrland,
959 1254 154 32 Dalarna
1136 1256 62 31 och
1212 1256 201 37 Värmland,
1430 1268 48 20 nu
1496 1259 138 35 225,000
1649 1259 134 36 kronor,

276 1303 78 31 med
388 1305 48 29 ett
472 1304 117 36 belopp
623 1315 45 20 av
693 1306 139 35 100,000
856 1306 125 31 kronor
1006 1307 55 31 till
1085 1307 138 37 325,000
1247 1309 135 36 kronor,
1407 1310 12 30 i
1443 1310 90 37 syfte
1556 1312 50 29 att
1627 1311 157 36 anslaget

277 1357 106 29 måtte
399 1356 36 30 få
451 1356 178 31 användas
644 1357 134 36 jämväl
794 1358 54 30 till
864 1359 225 32 utlämnande
1107 1378 38 3 —
1162 1361 110 36 enligt
1287 1362 13 30 i
1315 1362 210 37 tillämpliga
1541 1363 93 31 delar
1650 1373 134 21 samma

276 1408 267 36 bestämmelser,
567 1418 70 21 som
662 1409 114 36 gällde
799 1410 52 31 för
874 1411 225 32 utlämnande
1122 1423 43 20 av
1190 1414 207 36 statsbidrag
1420 1415 55 30 till
1499 1415 217 36 anläggande
1740 1426 45 20 av

276 1461 238 35 utfartsvägar
540 1479 38 2 —
602 1471 44 20 av
669 1462 209 36 statsbidrag
906 1463 56 31 till
986 1464 215 36 anläggande
1224 1476 46 20 av
1293 1466 246 37 odlingsvägar
1563 1468 11 29 i
1598 1467 184 37 Norrland,

276 1512 151 31 Dalarna
450 1513 63 30 och
536 1513 203 37 Värmland,
764 1514 31 30 d.
819 1525 32 20 v.
868 1525 24 20 s.
911 1518 120 34 vägar,
1048 1526 70 21 som
1135 1518 271 31 sammanbundo
1422 1529 69 26 nya
1508 1519 273 37 odlingsmarker

277 1565 76 30 med
377 1565 65 30 den
467 1566 114 35 gamla
603 1565 144 36 bygden.

320 1617 269 36 Statsutskottet,
624 1617 55 31 till
714 1618 109 31 vilket
857 1619 215 31 motionerna
1107 1620 213 38 hänvisades,
1355 1623 133 36 yttrade
1517 1624 12 29 i
1552 1624 61 30 sitt
1636 1624 145 31 häröver

275 1670 155 35 avgivna
453 1669 177 31 utlåtande
653 1680 42 20 nr
720 1670 18 30 6
763 1671 110 35 punkt
897 1672 40 30 17
961 1672 166 35 följande:

323 1721 112 32 »Utan
470 1723 51 29 att
556 1722 223 31 underskatta
812 1723 119 30 vikten
966 1734 44 20 av
1046 1725 50 30 att
1119 1725 249 38 nybildningen
1391 1738 45 20 av
1459 1728 168 35 jordbruk
1650 1730 44 34 på
1716 1729 65 31 allt

274 1766 70 29 sätt
378 1765 187 36 befrämjas
599 1765 61 31 och
688 1767 85 29 utan
797 1767 51 30 att
871 1767 143 31 förneka
1037 1768 266 36 ifrågavarande
1326 1770 261 37 odlingsvägars
1609 1772 172 36 betydelse

275 1809 54 30 för
352 1809 227 35 uppkomsten
602 1820 45 20 av
670 1810 166 36 nyodling
860 1810 62 30 och
946 1811 211 37 bebyggelse,
1174 1814 108 30 måste
1298 1813 83 32 dock
1397 1815 165 31 utskottet
1578 1816 203 36 ifrågasätta

275 1852 246 36 lämpligheten
556 1862 44 21 av
622 1854 51 29 att
696 1853 266 36 ifrågavarande
986 1855 122 36 anslag
1132 1856 95 36 gives
1251 1867 41 20 en
1315 1857 97 37 dylik
1436 1860 169 30 utsträckt
1628 1859 153 31 använd-

275 1896 95 35 ning.
418 1895 63 32 Om
516 1898 44 28 än
584 1897 81 35 inga
689 1897 213 36 uttryckliga
925 1898 215 32 föreskrifter
1164 1899 213 33 härutinnan
1401 1903 194 35 uppställts,
1619 1903 54 30 får
1696 1903 84 31 dock

273 1939 203 31 nuvarande
499 1940 153 36 anslaget
675 1940 54 31 till
754 1940 237 38 utfartsvägar
1015 1943 11 29 i
1050 1942 181 32 huvudsak
1254 1954 98 21 anses
1380 1956 85 20 vara
1488 1948 111 29 avsett
1621 1948 51 29 att
1695 1947 85 36 möj-

276 1983 135 36 liggöra
445 1984 213 30 tillkomsten
692 1994 45 20 av
772 1985 212 36 vägföretag,
1021 1996 72 20 som
1131 1989 122 29 närma
1291 1989 51 35 sig
1379 1989 133 31 allmän
1546 1992 84 34 vägs
1664 1993 114 33 natur,

275 2027 110 30 såsom
418 2027 206 36 exempelvis
658 2037 42 21 en
733 2028 276 36 vägförbindelse
1039 2030 125 30 mellan
1187 2041 43 20 en
1253 2031 45 37 by
1321 2032 61 31 och
1405 2034 239 35 angränsande
1667 2034 113 31 lands-

273 2072 157 34 vägsnät.
478 2071 126 30 Genom
639 2072 172 36 anslagets
845 2073 227 36 användning
1095 2074 131 35 jämväl
1250 2075 52 30 för
1325 2076 216 37 anläggning
1564 2087 44 21 av
1631 2077 148 36 odlings-

272 2116 109 33 vägar
414 2114 114 31 skulle
561 2116 127 29 statens
722 2115 280 37 understödjande
1035 2118 215 31 verksamhet
1273 2119 137 32 komma
1433 2122 52 29 att
1508 2121 191 30 utsträckas
1722 2121 56 31 till

272 2159 49 29 ett
343 2157 72 31 helt
438 2159 79 35 nytt
540 2158 144 31 område.
732 2159 65 30 Det
820 2160 93 30 torde
938 2161 73 30 icke
1034 2161 117 30 kunna
1175 2161 166 38 förnekas,
1365 2165 50 29 att
1438 2164 227 31 förevarande
1678 2165 100 36 fråga

272 2211 56 20 om
362 2202 268 31 statsunderstöd
665 2202 53 31 för
753 2203 245 36 odlingsvägar
1032 2204 133 31 mindre
1188 2205 164 32 framstår
1374 2217 71 21 som
1469 2210 48 29 ett
1541 2208 237 31 kommunika-

272 2245 259 36 tionsspörsmål
562 2248 44 28 än
629 2255 72 21 som
724 2256 42 21 en
790 2247 446 38 jordbruksangelägenhet,
1261 2252 152 29 närmast
1436 2252 178 36 jämförlig
1638 2252 77 30 med
1739 2252 39 31 de

270 2289 123 35 övriga
426 2289 287 36 understödjande
740 2291 159 35 åtgärder
922 2291 12 30 i
957 2291 91 31 form
1072 2302 44 20 av
1139 2292 197 37 odlingslån
1359 2295 62 30 och
1444 2295 333 37 avdikningsanslag

271 2342 45 20 m.
340 2342 57 26 m.,
421 2342 72 21 som
519 2332 104 31 redan
646 2333 52 30 för
723 2334 213 31 närvarande
959 2335 221 31 förekomma.

315 2375 99 31 Inom
439 2376 85 31 1925
547 2377 56 30 års
626 2377 466 38 kolonisationssakkunniga
1115 2379 61 31 har
1199 2381 61 30 ock
1284 2382 69 29 stor
1376 2382 128 30 tvekan
1528 2382 89 36 gjort
1638 2383 51 36 sig
1707 2383 71 35 gäl-

272 2418 100 31 lande
400 2419 117 37 ifråga
541 2430 54 20 om
618 2420 247 37 lämpligheten
887 2423 52 29 att
962 2423 79 30 från
1064 2423 349 38 utfartsväganslaget
1437 2425 117 31 lämna
1576 2426 121 37 bidrag
1721 2426 56 31 till

271 2462 254 37 odlingsvägar,
561 2464 122 31 därvid
719 2464 170 32 dessutom
924 2466 225 36 framhållits,
1184 2467 163 32 hurusom
1381 2469 110 31 andra
1518 2470 62 30 och
1603 2470 174 37 viktigare
