2194 2634
458 177 19 29 4
930 181 228 42 Lagutskottets
1187 184 165 32 Utlåtande
1376 185 62 31 N:o
1465 187 46 31 19.

416 271 184 41 papperet,
630 267 152 36 uteslöte
810 269 79 35 icke
918 270 383 49 häradshöfdingarne,
1331 286 83 23 men
1442 274 153 37 faktiskt
1622 278 103 35 torde
1753 279 39 35 af
1818 280 81 36 dem
1920 281 106 47 högst

415 314 39 36 få
480 315 165 49 begagna
672 317 56 47 sig
755 318 39 36 af
813 324 122 31 rätten
963 326 53 30 att
1043 322 94 47 köpa
1164 322 41 36 af
1229 323 100 35 detta
1357 338 147 35 papper.

550 366 74 36 Hos
665 371 131 44 många
836 369 40 36 af
912 370 83 36 dem
1036 374 186 36 användes
1262 374 214 48 visserligen
1516 377 55 35 till
1603 378 129 47 sjelfva
1760 385 181 32 stommen
1969 384 57 35 till

415 416 220 37 domböcker
675 419 65 35 och
781 421 181 47 protokoll
992 435 146 36 papper,
1167 437 78 24 som
1274 425 56 35 till
1359 427 193 36 utseendet
1578 441 85 23 vore
1690 430 156 48 ungefär
1868 432 157 47 jemför-

415 467 69 46 ligt
525 467 79 36 med
647 468 278 48 ifrågavarande
967 481 284 40 papperssorter,
1285 489 82 23 men
1395 480 47 44 på
1469 478 79 35 icke
1575 478 35 36 få
1637 481 128 35 ställen
1795 477 230 58 begagnades

415 523 120 36 tunnt,
575 520 83 45 gult
699 532 145 37 papper,
887 523 84 35 med
1012 529 76 30 stor
1128 526 232 36 sannolikhet
1387 528 212 36 tillverkadt
1629 530 39 36 af
1691 532 116 47 slipad
1835 539 188 40 trämassa,

415 567 138 37 hvilket
581 571 167 35 material
776 573 167 35 lemnade
971 573 61 36 det
1060 581 135 31 sämsta
1223 583 183 42 papperet.

549 619 379 48 Rådstufvurätterna,
959 637 77 23 som
1063 626 79 35 icke
1172 627 121 36 kunde
1320 629 136 34 erhålla
1484 629 60 36 det
1571 630 39 36 af
1634 637 118 31 staten
1773 634 81 35 med
1871 635 154 36 Lessebo

415 669 108 47 bolag
551 670 195 48 betingade
774 680 186 41 papperet,
989 677 165 35 använde
1183 678 213 46 visserligen
1423 680 12 33 i
1463 679 45 35 de
1535 686 115 31 större
1678 683 170 36 städerna
1876 682 149 55 papper,

414 731 78 23 som
532 727 124 42 syntes
694 735 85 23 vara
815 724 195 47 jemngodt
1050 727 82 35 med
1165 734 148 37 statens,
1348 742 82 22 men
1460 733 45 45 på
1533 735 131 45 många
1692 735 130 35 ställen
1850 749 86 23 vore
1964 737 62 35 det

413 771 165 35 använda
606 779 173 42 papperet
806 776 289 49 uppenbarligen
1124 777 40 36 af
1188 779 238 49 underhaltig
1453 781 258 39 beskaffenhet.

548 822 68 36 Det
656 824 115 36 skulle
812 826 184 36 måhända
1036 827 123 37 kunna
1200 829 242 48 ifrågasättas,
1477 838 54 30 att
1559 833 207 38 kontrollen
1796 836 102 36 öfver
1925 837 100 37 det
2004 818 24 64 i

413 872 381 39 underdomstolarnes
822 877 219 46 handlingar
1067 880 170 36 använda
1265 894 135 35 papper
1428 895 86 23 vore
1542 884 142 36 mindre
1711 887 212 48 nödvändig
1942 888 83 37 der-

412 921 69 45 för,
524 928 54 31 att
609 924 43 36 de
680 925 197 50 vigtigaste
906 927 40 36 af
969 929 102 36 dessa
1099 929 218 49 handlingar
1343 933 12 33 i
1383 945 26 22 s.
1440 934 32 34 k.
1502 936 222 36 renoverade
1752 939 189 47 exemplar
1967 939 59 35 in-

413 973 127 36 sändes
567 975 57 35 till
652 975 224 38 hofrätterna
903 979 67 34 och
998 979 139 37 således
1166 980 211 38 förefunnes
1405 983 11 34 i
1444 987 62 32 två
1533 987 196 46 exemplar.
1776 987 54 36 Då
1858 991 167 34 emeller-

412 1023 55 36 tid
495 1025 57 34 till
580 1026 104 35 dessa
711 1027 220 49 handlingar
958 1036 127 29 nästan
1116 1032 280 48 undantagslöst
1423 1035 184 36 användes
1630 1050 137 35 papper
1786 1038 40 35 af
1842 1039 183 47 billigaste

412 1075 90 46 slag,
530 1088 84 23 vore
643 1076 70 36 den
741 1077 200 49 betydelse,
971 1080 44 35 de
1042 1081 104 46 eljest
1175 1082 121 36 kunde
1322 1095 67 34 ega
1417 1085 10 34 i
1456 1098 48 22 nu
1534 1086 162 49 antydda
1716 1089 217 44 hänseende,
1950 1091 75 36 helt

412 1125 67 35 och
508 1126 108 36 hållet
643 1125 165 38 förfelad.
865 1129 183 48 Derjemte
1077 1145 85 22 vore
1191 1138 52 29 att
1272 1134 136 43 märka,
1438 1140 54 30 att
1511 1136 60 35 det
1592 1137 75 35 helt
1686 1139 66 35 och
1775 1140 108 36 hållet
1905 1140 120 38 öfver-

412 1176 154 36 lemnats
607 1180 36 32 åt
684 1177 44 36 de
768 1181 364 48 statsmyndigheter,
1175 1196 77 22 som
1293 1184 11 35 i
1346 1185 218 37 kontraktet
1605 1188 82 35 med
1728 1189 156 38 Lessebo
1917 1192 110 48 bolag

411 1225 152 48 afsåges,
598 1234 53 29 att
685 1229 212 45 bestämma,
936 1232 56 35 till
1020 1232 124 36 hvilka
1173 1234 216 48 handlingar
1419 1236 65 34 och
1517 1237 10 34 i
1557 1237 145 36 hvilken
1731 1241 224 48 omfattning
1982 1243 44 36 de

412 1277 117 35 skulle
564 1279 166 35 använda
762 1280 103 36 dessa
894 1289 282 41 papperssorter,
1206 1285 66 34 och
1300 1286 56 34 till
1386 1286 127 36 hvilka
1539 1288 169 37 ändamål
1737 1290 45 36 de
1810 1291 122 37 kunde
1960 1306 65 22 an-

413 1327 118 36 vända
558 1329 8 34 i
597 1342 121 23 annan
746 1331 159 48 ordning
932 1333 206 37 anskaffadt
1165 1347 145 36 papper.

546 1379 50 35 Af
620 1379 95 36 hvad
742 1381 141 37 anförts
912 1390 125 42 syntes
1063 1384 156 50 framgå,
1248 1391 54 30 att
1329 1385 57 37 för
1413 1388 180 36 ernående
1620 1388 40 37 af
1684 1392 111 35 målet
1814 1398 54 31 att
1887 1397 38 32 så
1944 1394 80 35 vidt

412 1429 143 47 möjligt
594 1430 122 36 kunna
744 1435 36 32 åt
807 1432 199 37 framtiden
1035 1435 132 36 bevara
1195 1439 85 33 våra
1307 1437 198 47 vigtigaste
1534 1439 228 49 handlingar,
1793 1443 230 38 erfordrades

412 1479 112 36 andra
552 1482 171 46 åtgärder
750 1490 45 28 än
823 1484 57 43 de,
909 1497 77 23 som
1015 1485 8 35 i
1054 1487 130 36 sådant
1213 1475 211 63 hänseende"
1439 1475 135 63 hittills
1594 1490 124 37 blifvit
1737 1493 184 49 vidtagna.
1968 1495 54 36 En

410 1531 153 35 rationel
592 1534 433 50 pappersundersökning
1052 1538 65 35 och
1147 1538 187 36 bestämda
1361 1538 229 38 föreskrifter
1618 1555 60 22 om
1706 1543 123 37 hvilka
1848 1558 174 35 pappers-

411 1587 116 30 sorter
566 1586 86 32 våra
687 1583 187 49 offentliga
916 1587 258 48 myndigheter
1215 1590 115 35 skulle
1371 1591 169 35 använda
1566 1610 48 5 —
1642 1592 92 37 efter
1771 1602 178 30 mönstret
1986 1597 40 35 af

410 1631 71 36 den
521 1634 207 46 preussiska
765 1636 67 35 och
874 1636 137 37 danska
1050 1639 278 47 Jagstiftningen
1370 1641 223 36 härutinnan
1621 1662 48 4 —
1697 1651 126 41 syntes
1863 1660 87 22 vara
1977 1647 45 36 de

411 1683 90 35 enda
531 1684 227 36 verksamma
785 1687 144 36 medlen
957 1688 54 35 till
1040 1690 131 35 målets
1199 1691 194 35 vinnande.

545 1734 13 35 I
599 1736 158 35 nämnda
795 1737 129 36 länder
964 1738 92 36 hade
1096 1746 138 31 ansetts
1274 1741 128 48 nödigt
1442 1748 54 30 att
1519 1743 136 46 jemväl
1684 1746 119 35 lemna
1832 1747 190 37 bestämda

409 1783 228 49 föreskrifter
676 1787 186 47 angående
903 1789 104 35 bläck
1047 1791 65 35 och
1154 1791 279 49 stämpelfärger
1473 1793 55 35 till
1569 1796 237 49 användning
1838 1799 11 34 i
1883 1804 138 32 statens

410 1835 123 47 tjenst.
588 1833 123 39 Åfven
752 1838 64 35 hos
856 1852 59 23 oss
956 1840 103 37 torde
1090 1842 137 36 sådana
1258 1842 229 37 föreskrifter
1514 1844 77 37 icke
1619 1846 124 36 kunna
1770 1861 104 23 anses
1901 1848 120 37 öfver-

409 1885 147 48 flödiga.
611 1885 72 37 Om
711 1901 43 23 en
784 1889 277 49 undersökning
1087 1894 189 47 angående
1304 1893 160 37 kontroll
1492 1894 102 37 öfver
1616 1897 269 49 skrifpapperet
1903 1900 118 36 skulle

409 1936 119 36 finnas
556 1937 123 47 nödig,
709 1939 111 36 borde
843 1940 141 46 jemväl
1012 1941 126 50 frågan
1168 1957 59 22 om
1256 1944 298 37 beskaffenheten
1581 1946 40 36 af
1644 1948 61 35 det
1732 1948 56 36 för
1816 1951 96 35 vissa
1939 1951 81 46 vig-

410 1987 118 47 tigare
556 1989 260 37 statsändamål
844 1992 170 36 använda
1040 1994 246 49 tryckpapper
1313 1996 146 36 komma
1488 1997 115 36 under
1631 1998 184 49 pröfning.

544 2038 51 36 På
620 2040 122 46 grund
769 2040 41 37 af
833 2042 96 37 hvad
959 2044 151 36 sålunda
1138 2046 153 43 anförts,
1320 2046 201 37 hemstälde
1544 2043 474 57 justitieombudsmannen,

410 2093 55 30 att
492 2088 208 48 Riksdagen
728 2095 111 33 måtte
866 2093 13 35 i
908 2094 230 49 underdånig
1165 2096 190 37 skrifvelse
1383 2098 156 43 anhålla,
1569 2104 53 31 att
1642 2100 128 48 Kongl.
1792 2100 114 48 Maj:t,
1927 2101 93 38 efter

409 2139 113 46 nödig
562 2141 207 48 utredning,
812 2143 186 49 behagade
1038 2151 85 43 taga
1155 2147 11 35 i
1200 2147 127 48 nådigt
1354 2147 279 49 öfvervägande,
1663 2150 31 46 ej
1723 2151 143 36 mindre
1894 2152 126 37 hvilka

409 2189 228 37 föreskrifter
676 2196 149 44 ansåges
864 2207 86 24 vara
990 2195 40 36 af
1065 2196 171 37 behofvet
1268 2199 186 47 påkallade
1484 2200 54 35 till
1568 2201 182 35 vinnande
1778 2201 40 35 af
1843 2204 175 48 trygghet

409 2240 136 44 derför,
584 2247 53 30 att
676 2243 55 36 till
772 2246 184 36 allmänna
996 2247 218 48 handlingar
1245 2248 40 37 af
1312 2249 69 35 den
1411 2250 90 46 vigt,
1529 2255 54 30 att
1609 2251 45 35 de
1681 2251 112 37 borde
1821 2251 57 38 för
1904 2253 113 36 fram-
