1906 2784
548 150 289 30 Statsutskottets
861 149 181 31 utlåtande
1064 160 43 20 nr
1129 151 51 29 11.
1578 151 40 30 75

112 228 216 41 Avlöningar
360 229 57 30 för
452 230 154 30 nämnda
642 230 170 39 budgetår
847 231 122 29 anvisa
1004 233 49 27 ett
1088 231 276 40 förslagsanslag
1400 241 43 20 av
1480 230 139 31 130400

114 283 141 30 kronor.

155 337 165 39 Anslaget
344 337 39 29 är
405 337 12 29 i
440 337 161 39 gällande
624 336 147 31 riksstat
795 337 145 39 uppfört
963 337 80 30 med
1069 337 60 30 100
1144 337 63 30 000
1230 337 143 31 kronor.

154 390 398 39 Departementschefen
569 390 173 34 förordar,
759 392 51 28 att
826 400 44 20 en
888 390 152 30 särskild
1057 391 112 39 tjänst
1186 391 151 30 inrättas
1354 391 55 30 för
1426 391 192 39 handlägg-

109 443 84 39 ning
217 452 42 21 av
281 443 42 29 de
347 443 289 30 socialvårdande
660 444 238 39 uppgifterna.
923 444 243 30 Innehavaren
1189 453 103 21 anses
1316 444 85 30 böra
1424 453 84 21 vara
1531 444 87 30 assi-

109 498 93 28 stent
220 496 79 30 med
317 496 180 40 placering
515 498 11 29 i
545 497 46 39 Cg
611 497 40 30 20
677 497 47 34 (+
739 497 19 30 9
773 497 97 33 948).
890 497 66 30 Det
974 497 194 40 tillstyrkes
1186 497 130 34 vidare,
1336 500 51 27 att
1406 497 212 30 direktions-

109 550 242 29 sekreteraren
371 550 231 30 tillerkännes
624 550 144 30 särskilt
789 551 128 29 arvode
938 551 56 30 för
1015 551 55 29 sin
1091 551 198 39 befattning
1310 551 80 30 med
1412 551 206 29 alkoholist-

109 603 195 30 anstaltens
320 604 169 38 göromål.
506 604 152 30 Arvodet
675 613 103 21 anses
794 604 11 29 i
820 604 155 39 enlighet
991 605 80 28 med
1087 604 279 30 lönenämndens
1384 604 132 39 förslag
1531 604 85 30 böra

109 658 173 37 upptagas
302 657 80 29 med
403 656 65 30 420
489 657 131 29 kronor
640 666 63 30 per
723 657 49 30 år.
793 658 130 29 Posten
943 657 53 30 till
1017 657 122 39 rörligt
1160 657 120 39 tillägg
1301 666 103 21 anses
1424 657 85 30 böra
1530 666 87 30 upp-

108 710 132 29 räknas
265 710 80 29 med
370 710 41 30 20
426 710 64 30 000
516 710 142 30 kronor.
684 710 188 40 Ökningen
897 710 20 30 å
941 710 81 30 hela
1048 711 157 38 anslaget
1231 710 113 30 skulle
1371 710 103 30 alltså
1500 710 117 40 uppgå

111 763 50 28 till
181 763 12 29 i
212 765 83 27 runt
314 763 48 29 tal
383 763 41 30 30
439 763 64 30 400
523 764 143 29 kronor.

154 851 177 30 Utskottet
353 852 194 40 tillstyrker
569 853 127 39 Kungl.
718 853 125 39 Maj:ts
865 853 132 39 förslag
1019 854 65 28 och
1105 853 204 29 hemställer
1330 853 115 33 alltså,

466 907 51 29 att
538 905 190 40 riksdagen
750 907 58 29 må

467 959 36 33 a)
530 959 188 39 godkänna
740 959 158 39 följande
920 959 256 40 avlöningsstat
1197 959 55 30 för
1274 961 134 28 statens
1429 959 96 29 inom
1548 959 70 29 sin-

422 1012 547 39 nessjukvårdsorganisationen
991 1012 203 30 anordnade
1217 1011 335 34 alkoholistanstalt,
1567 1012 51 28 att

421 1065 180 40 tillämpas
623 1065 73 30 tills
717 1065 120 31 vidare
859 1065 44 30 fr.
926 1075 31 21 o.
980 1075 46 20 m.
1049 1065 205 39 budgetåret
1280 1065 158 33 1952/53:

879 1164 277 38 Avlöningsstat.

423 1227 27 28 1.
488 1226 215 40 Avlöningar
729 1227 51 29 till
806 1226 178 31 ordinarie
1009 1226 228 40 tjänstemän,
1262 1225 168 40 förslags-

487 1280 50 29 vis
814 1306 2 2 a
1477 1278 40 30 57
1533 1278 63 30 000

422 1333 29 29 2.
489 1333 162 29 Arvoden
678 1334 65 29 och
771 1333 176 30 särskilda
973 1333 247 38 ersättningar,
1246 1332 185 30 bestämda

489 1395 42 20 av
559 1386 127 39 Kungl.
715 1386 107 39 Maj:t
1504 1384 94 30 1470

421 1439 29 29 3.
488 1439 216 39 Avlöningar
736 1439 52 29 till
821 1439 98 39 övrig
950 1438 271 30 icke-ordinarie
1255 1412 175 65 SR

486 1491 207 39 förslagsvis
1478 1490 42 30 40
1534 1490 64 30 000

420 1544 30 30 4.
488 1544 134 40 Rörligt
646 1545 130 39 tillägg,
800 1518 207 66 ORSRE
1479 1544 39 29 31
1535 1543 63 30 930

828 1616 146 29 Summa
999 1615 276 39 förslagsanslag
1299 1615 133 29 kronor
1460 1614 61 30 130
1535 1613 80 35 400;

465 1696 38 33 b)
539 1696 52 29 till
621 1696 142 30 Statens
795 1696 95 29 inom
922 1695 603 40 sinnessjukvårdsorganisationen
1555 1703 62 20 an-

421 1748 155 30 ordnade
590 1748 344 31 alkoholistanstalt:
949 1748 217 40 Avlöningar
1180 1748 55 30 för
1249 1748 208 39 budgetåret
1474 1747 142 31 1952/53

421 1802 121 30 anvisa
565 1804 48 28 ett
637 1802 276 39 förslagsanslag
937 1811 43 20 av
1005 1801 61 30 130
1080 1801 63 30 400
1167 1802 141 28 kronor.

152 1899 114 34 127:0)
293 1898 137 30 Statens
453 1899 94 29 inom
570 1897 597 36 sinnessjukvårdsorganisationen
1188 1898 202 29 anordnade
1413 1896 204 30 alkoholist-

107 1951 143 31 anstalt:
280 1951 267 31 Omkostnader.
575 1953 13 28 I
617 1952 155 39 enlighet
799 1952 80 29 med
907 1951 128 39 Kungl.
1062 1951 125 39 Maj:ts
1217 1950 132 40 förslag
1383 1951 131 39 (punkt
1544 1950 73 34 146,

108 2016 25 18 s.
165 2006 64 30 269
258 2006 65 29 och
355 2005 97 34 270),
483 2006 108 29 vilket
621 2005 148 30 innebär
799 2005 217 30 oförändrad
1047 2004 333 39 medelsanvisning,
1411 2003 205 31 hemställer

108 2059 181 33 utskottet,

465 2113 50 28 alt
534 2111 189 39 riksdagen
741 2112 58 29 må
818 2111 51 30 till
887 2111 141 29 Statens
1048 2111 93 28 inom
1161 2109 456 39 sinnessjukvårdsorgani-

420 2163 160 30 sationen
597 2164 204 29 anordnade
819 2163 341 30 alkoholistanstalt:
1180 2162 262 30 Omkostnader
1459 2163 55 29 för
1530 2162 87 30 bud-

420 2217 133 37 getåret
579 2217 142 32 1952/53
745 2217 123 29 anvisa
891 2218 49 28 ett
965 2216 275 38 förslagsanslag
1263 2225 43 19 av
1329 2215 43 29 46
1386 2215 63 29 000
1473 2215 143 29 kronor.

152 2313 114 34 128:0)
293 2313 137 29 Statens
461 2312 320 30 alkoholistanstalt
811 2314 19 28 å
861 2311 203 35 Venngarn:
1096 2311 225 34 Avlöningar.
1352 2312 127 37 Kungl.
1511 2311 107 38 Maj:t

107 2368 64 28 har
193 2367 131 39 (punkt
344 2366 72 34 147,
435 2376 26 20 s.
480 2365 192 33 270—275)
697 2365 180 39 föreslagit
894 2365 190 38 riksdagen
1101 2367 50 27 att
1169 2365 74 29 dels
1260 2363 211 40 bemyndiga
1488 2364 127 38 Kungl.

108 2420 105 39 Maj:t
235 2421 50 28 att
309 2419 9 29 i
341 2418 437 40 personalförteckningen
802 2419 55 28 för
881 2419 134 28 statens
1037 2417 323 30 alkoholistanstalt
1384 2417 19 30 å
1426 2417 189 38 Venngarn
