1914 2832
546 165 275 31 Statsutskottets
847 165 178 31 utlåtande
1050 165 48 31 Nr
1123 166 72 30 201.
1609 159 19 31 3

161 248 390 37 Departementschefen
573 249 65 30 har
659 258 49 21 nu
731 249 177 31 verkställt
932 259 44 21 en
997 249 193 37 beräkning
1214 259 42 21 av
1281 250 42 30 de
1346 249 93 30 olika
1463 251 162 35 posterna

115 298 13 31 i
152 301 121 34 staten,
297 299 64 31 och
385 298 57 31 får
463 299 165 31 utskottet
651 299 214 31 härutinnan
886 299 148 31 hänvisa
1057 300 51 30 till
1132 299 62 31 sid.
1221 300 107 29 3—14
1351 299 11 30 i
1386 299 239 31 ovanberörda

117 349 351 37 statsrådsprotokoll.

162 450 72 31 Mot
255 450 123 37 Kungl.
400 450 120 37 Maj:ts
541 450 129 38 förslag
691 450 52 31 till
764 453 66 28 stat
848 449 56 32 för
924 449 338 32 försvarsväsendets
1282 449 269 38 fastighetsfond
1571 449 56 32 för

117 502 101 30 nästa
245 500 167 38 budgetår
438 501 66 31 har
531 501 165 30 utskottet
723 501 76 30 icke
827 500 118 31 funnit
974 501 187 38 anledning
1189 501 52 30 till
1270 501 138 32 erinran
1438 501 127 31 liksom
1593 500 31 37 ej

115 551 110 31 heller
245 555 73 28 mot
338 553 43 30 de
401 552 57 30 för
477 551 237 37 vederbörliga
736 551 181 31 delfonder
937 552 131 30 äskade
1087 551 320 37 anslagsbeloppen.

162 602 171 31 Utskottet
358 602 209 36 hemställer,

472 706 50 28 att
547 703 185 36 riksdagen
757 702 58 31 må

476 752 32 40 a)
538 753 188 37 godkänna
761 754 56 30 det
849 763 43 21 av
926 752 384 37 departementschefen
1343 752 189 32 förordade
1566 753 57 31 vid

428 803 377 37 statsrådsprotokollet
836 805 81 30 över
951 804 309 32 försvarsärenden
1292 803 55 31 för
1379 804 67 30 den
1482 804 15 30 1
1533 813 93 21 mars

430 855 86 31 1940
544 854 125 37 fogade
695 854 164 36 förslaget
887 855 51 30 till
968 858 67 27 stat
1062 854 56 31 för
1143 854 337 31 försvarsväsendets
1508 854 117 38 fastig-

429 904 165 31 hetsfond
614 904 57 31 för
690 903 203 38 budgetåret
915 901 153 42 1940/41;

474 953 34 40 b)
538 957 111 30 under
679 956 116 36 fjärde
823 956 221 31 huvudtiteln
1075 956 56 30 för
1159 956 204 36 budgetåret
1395 953 140 34 1940/41
1568 966 59 21 an-

428 1006 74 31 visa
528 1006 157 37 följande
711 1007 129 36 anslag,
867 1006 178 36 nämligen

473 1058 111 30 under
612 1057 261 31 Lantförsvaret
902 1057 52 30 till
983 1056 200 37 Ersättning
1213 1055 51 31 till
1291 1056 336 38 försvarsväsendets

428 1107 284 38 fastighetsfond:
747 1107 378 38 Arméförvaltningens
1159 1106 144 39 delfond
1336 1110 46 28 ett
1416 1106 209 38 förslagsan-

429 1158 72 37 slag
527 1168 43 21 av
595 1158 175 35 6,196,000
796 1158 139 36 kronor,

472 1209 112 30 under
619 1208 232 37 Sjöförsvaret
883 1208 52 31 till
971 1208 201 37 Ersättning
1209 1207 51 31 till
1292 1207 335 38 försvarsväsendets

429 1257 284 38 fastighetsfond:
747 1257 388 38 Marinförvaltningens
1166 1257 143 38 delfond
1341 1261 47 29 ett
1418 1259 209 37 förslagsan-

428 1309 74 38 slag
526 1318 42 21 av
593 1309 175 36 3,555,000
793 1309 138 36 kronor,
958 1312 90 28 samt

473 1360 112 30 under
605 1359 214 37 Flygvapnet
839 1360 49 30 till
910 1359 200 37 Ersättning
1131 1359 51 30 till
1202 1359 337 37 försvarsväsendets
1559 1360 69 37 fas-

429 1409 226 37 tighetsfond:
678 1409 363 37 Flygförvaltningens
1063 1408 142 39 delfond
1229 1413 46 28 ett
1296 1410 269 37 förslagsanslag
1586 1420 42 21 av

430 1460 173 36 1,542,900
629 1460 139 30 kronor.

167 1560 201 31 Stockholm
388 1560 67 30 den
473 1560 19 29 4
514 1559 75 37 juni
611 1559 94 30 1940.

615 1660 50 31 På
690 1661 268 31 statsutskottets
985 1661 142 36 vägnar:

670 1761 87 30 PER
781 1761 295 31 GUSTAFSSON.

152 2060 54 25 Vid
230 2059 181 26 förestående
438 2060 120 25 ärendes
583 2060 232 32 slutbehandling
840 2060 78 25 inom
944 2060 139 25 utskottet
1107 2060 74 25 hava
1207 2060 136 25 närvarit:

151 2119 67 25 från
240 2119 136 26 första
407 2120 179 24 kammaren:
608 2119 99 25 herrar
731 2119 169 31 Gustafsson
923 2120 7 24 i
952 2120 150 29 Benestad,
1125 2120 118 24 Nilsson
1263 2120 8 24 i
1295 2119 113 30 Malmö,
1431 2120 166 25 Johansson
1619 2120 8 24 i

118 2161 215 30 Fredrikslund,
369 2162 88 25 Oscar
491 2162 112 30 Olsson,
630 2162 137 32 Asplund,
791 2162 116 25 Nilsson
934 2163 8 23 i
970 2162 159 32 Landeryd,
1155 2162 123 30 Andrén,
1305 2162 94 25 Ström
1424 2162 9 24 i
1458 2161 168 33 Lidköping,

118 2204 177 31 Magnusson
312 2204 8 25 i
340 2205 123 29 Kalmar,
484 2205 119 29 Boman,
621 2205 121 30 friherre
762 2204 40 25 De
822 2205 67 24 Geer
909 2205 54 24 och
983 2205 97 29 Ohlin;
1098 2207 74 22 samt

152 2262 66 25 från
237 2271 45 17 an
295 2264 67 24 dra
381 2264 179 24 kammaren:
579 2264 99 23 herrar
696 2264 126 24 Jansson
840 2263 8 24 i
867 2263 100 28 Falun,
986 2263 176 31 Magnusson
1180 2264 7 24 i
1207 2263 119 29 Skövde,
1347 2263 161 30 Törnkvist,
1527 2263 100 25 Svens-

117 2312 61 23 son,
199 2305 140 25 Eriksson
358 2306 7 24 i
388 2305 175 29 Stockholm,
584 2305 181 30 Danielsson,
783 2306 123 24 Persson
928 2305 7 24 i
956 2305 87 29 Falla,
1065 2306 127 24 Jonsson
1213 2306 8 23 i
1241 2305 171 29 Eskilstuna,
1436 2305 163 25 Andersson
1619 2305 8 24 i

116 2346 142 30 Prästbol,
276 2347 141 32 Närlinge,
435 2348 134 24 Isacsson
585 2347 54 25 och
655 2347 189 25 Mårtensson.

1667 456 127 26 Utskottet.
