2306 2763
630 248 207 42 Bevillnings-
849 243 159 51 Utskottets
1032 243 204 35 Betänkande
1261 247 60 31 N:o
1345 248 26 29 $&.
1772 246 12 30 1

900 564 250 86 Förslag

406 702 55 40 till
484 699 210 52 Förordning
718 704 177 47 angaende
928 702 154 40 vilkoren
1106 700 52 42 för
1176 701 225 50 tillverkning
1425 702 40 39 af
1483 702 156 41 bränvin.

966 864 70 39 Art.
1067 864 22 39 I.

442 952 55 31 Om
522 952 141 42 rättighet
685 952 43 30 till
751 952 336 42 bränvinstillverkning
1111 953 49 30 och
1186 953 79 30 tiden
1288 953 52 39 för
1363 953 66 29 dess
1451 954 152 42 utöfning.

990 1073 69 39 ED

361 1156 146 31 Bränvin
538 1159 50 28 må
618 1155 167 31 tillverkas
815 1156 35 29 af
873 1167 38 19 en
941 1155 89 38 hvar,
1064 1167 68 20 som
1162 1162 34 24 är
1224 1155 139 43 behörig
1392 1161 45 25 att
1465 1156 78 31 idka
1578 1156 247 32 fabriksrörelse

218 1207 80 30 eller
327 1206 61 31 ock
417 1217 78 32 eger
524 1207 80 31 eller
632 1206 137 31 innehar
793 1207 8 29 i
826 1206 120 31 mantal
976 1213 64 24 satt
1069 1207 79 30 eller
1176 1206 155 32 särskildt
1358 1207 168 42 skattlagd
1550 1207 90 41 jord;
1675 1206 73 33 Och
1774 1211 50 28 må

217 1258 78 30 flere
330 1258 48 30 till
413 1257 372 42 bränvinstillverkning
822 1257 204 42 berättigade
1060 1258 112 30 förena
1207 1259 49 41 sig
1291 1259 8 29 i
1334 1257 99 43 bolag
1466 1257 49 32 för
1549 1257 212 33 bedrifvande
1795 1261 34 29 af

218 1309 102 31 sådan
349 1308 222 43 tillverkning.

361 1351 327 46 Öfverståthållaren,
728 1358 330 39 underståthållaren,
1092 1359 243 42 landshöfding,
1369 1359 310 38 landssekreterare,
1713 1360 112 31 lands-

219 1410 216 37 kamererare,
469 1411 214 41 kronofogde,
716 1410 158 37 länsman,
905 1409 111 32 lands-
1049 1410 60 31 och
1139 1410 195 37 stadsfiskal,
1367 1410 294 41 polistjensteman,
1689 1411 135 31 domare

217 1464 42 38 på
287 1461 122 37 landet,
439 1460 228 44 borgmästare
701 1461 79 31 eller
809 1472 107 19 annan
945 1462 307 41 magistratsperson
1282 1462 6 29 i
1320 1461 82 37 stad,
1437 1460 210 32 ecklesiastik
1682 1461 143 32 embets-

218 1512 79 30 eller
334 1513 206 40 tjensteman,
576 1511 243 42 kyrkobetjent,
854 1511 280 37 folkskolelärare,
1164 1512 6 30 i
1203 1513 95 39 tjenst
1335 1512 140 31 varande
1503 1511 123 37 läkare,
1655 1511 169 32 bränneri-

219 1563 183 30 kontrollör
431 1563 79 31 eller
539 1563 275 41 tillsyningsman,
843 1564 35 29 så
906 1562 61 31 ock
997 1563 8 29 i
1034 1562 179 31 allmänhet
1241 1562 142 31 embets-
1413 1562 79 31 eller
1521 1563 206 40 tjensteman,
1755 1574 68 20 som

220 1613 47 31 till
292 1613 81 41 följd
398 1614 34 30 af
452 1614 48 31 sin
530 1613 184 42 befattning
739 1612 63 32 kan
831 1612 131 31 komma
987 1619 45 25 att
1057 1613 132 42 deltaga
1213 1614 8 29 i
1246 1612 109 32 beslut
1379 1624 50 20 om
1455 1612 371 43 bränvinstillverkning

218 1664 79 30 eller
323 1664 142 31 kontroll
489 1665 87 36 derå,
602 1667 48 28 må
676 1664 84 31 dock
785 1664 72 30 icke
883 1663 121 31 befatta
1028 1664 49 41 sig
1106 1664 72 31 med
1204 1664 91 41 dylik
1320 1664 220 41 tillverkning.

362 1704 28 41 Å
416 1715 241 37 ecklesiastika,
682 1715 96 30 civila
802 1713 58 32 och
888 1714 140 31 militära
1052 1713 173 38 boställen,
1249 1717 35 28 så
1307 1714 61 31 ock
1393 1716 18 29 å
1435 1725 106 20 annan
1565 1714 155 32 Kronans
1741 1715 85 40 jord,

217 1777 68 19 som
321 1767 28 39 ej
385 1766 73 31 med
494 1766 138 42 stadgad
668 1765 127 31 åborätt
832 1764 143 38 besittes,
1010 1777 75 20 vare
1122 1765 369 42 bränvinstillverkning
1518 1764 188 42 förbjuden;
1740 1766 84 31 dock

218 1817 98 30 varde
340 1817 72 37 den,
442 1829 68 19 som
536 1818 18 29 å
577 1817 62 30 den
664 1816 56 36 tid,
749 1815 123 43 Kongl.
902 1815 109 41 Maj:ts
1040 1817 119 41 nådiga
1183 1815 210 43 Förordning
1417 1816 62 31 den
1506 1817 37 30 18
1571 1815 138 32 Januari
1737 1817 88 36 1855,

215 1868 171 41 angående
412 1867 148 31 vilkoren
583 1867 49 31 för
656 1866 154 32 bränvins
836 1866 213 42 tillverkning
1077 1867 212 42 kungjordes,
1316 1869 43 39 på
1382 1867 107 42 grund
1518 1867 33 30 af
1570 1867 157 30 kontrakt
1750 1868 73 30 med

217 1917 148 37 Kronan,
391 1917 246 32 vederbörande
662 1917 201 43 myndighet,
888 1917 212 42 korporation
1125 1918 79 31 eller
1228 1917 361 37 boställsinnehafvare,
1612 1920 106 29 såsom
1749 1917 75 31 bru-

218 1970 76 30 kare
319 1969 80 31 eller
424 1969 192 31 arrendator
643 1969 101 31 sådan
769 1969 74 40 jord
870 1968 172 37 innehade,
1071 1969 47 31 för
1142 1970 48 30 sin
1214 1980 119 30 person
1357 1967 188 33 bibehållen
1570 1968 53 32 vid
1648 1968 176 31 tillåtelsen

217 2029 45 21 att
289 2020 150 31 tillverka
472 2019 148 38 bränvin,
649 2023 39 38 på
714 2025 61 25 sätt
805 2030 51 19 om
881 2019 290 41 jordinnehafvare
1200 2020 153 41 stadgadt
1382 2025 44 31 är,
1454 2019 102 31 likväl
1585 2020 72 30 icke
1687 2019 7 30 i
1725 2021 101 39 något

218 2071 53 30 fall
298 2071 113 41 längre
436 2076 41 26 än
502 2082 124 19 samma
649 2070 156 32 kontrakt
828 2070 112 42 gäller.

987 2191 13 39 $
1022 2172 34 63 2.

362 2275 84 37 Den,
485 2286 68 20 som
583 2275 54 30 vill
675 2274 152 31 tillverka
856 2273 143 32 bränvin.
1032 2280 76 24 utan
1146 2279 45 25 att
1215 2284 117 30 genom
1360 2272 91 41 jords
1482 2272 237 32 innehafvande
1749 2284 75 20 vara

218 2326 107 32 dertill
359 2326 146 42 behörig,
534 2331 79 36 göre
642 2325 109 31 derom
784 2324 194 41 ansökning,
1007 2336 50 19 om
1093 2324 61 30 han
1185 2327 16 28 å
1232 2324 105 30 landet
1372 2324 66 36 bor,
1469 2323 56 31 hos
1555 2322 122 43 Kongl
1716 2322 108 42 Maj:ts

218 2377 372 42 Befallningshafvande
615 2377 7 29 i
650 2377 87 29 länet
771 2375 70 37 och,
867 2388 50 18 om
949 2376 61 29 han
1042 2377 6 28 i
1078 2377 71 29 stud
1179 2381 32 24 är
1242 2374 136 37 bocnde,
1403 2374 57 31 hos
1491 2376 222 40 magistraten.
1759 2374 65 31 Vid

302 2433 72 31 Bih,
401 2433 46 30 till
470 2432 110 31 Riksd.
606 2431 78 32 Prot
718 2432 84 29 1810.
849 2432 18 29 3
892 2431 94 30 Saml.
1037 2433 13 27 1
1075 2431 75 37 Ajfd.
1198 2431 14 29 I
1239 2429 89 43 Häjft
1727 2431 16 29 1
