1930 2820
443 251 225 38 (Nuvarande
687 249 155 38 lydelse.)

626 167 449 31 :Konstitutionsutskotteis
1098 168 182 30 memorial
1303 167 49 31 Nr
1375 168 29 30 1.

1212 249 224 38 (Föreslagen
1463 250 155 37 lydelse.)

1045 317 245 38 redskapsstat,
1323 317 220 37 upptagande
1575 318 41 30 de
1648 318 129 38 anslag,

1045 376 76 22 som
1144 368 119 30 kunna
1289 368 176 37 erfordras
1490 368 57 30 vid
1573 368 205 31 ekonomisk

1045 417 73 30 kris
1159 418 81 29 eller
1275 421 108 27 annat
1421 418 159 37 nödläge;
1607 419 66 30 och
1699 420 79 36 äger

1044 468 185 36 riksdagen
1255 468 123 30 därvid
1405 468 170 37 fastställa
1604 469 67 30 den
1702 469 75 31 ord-

1042 519 93 36 ning,
1161 520 10 28 i
1197 518 113 30 vilken
1337 518 193 37 Konungen
1555 519 59 30 må
1637 519 137 38 förfoga

1042 569 81 29 över
1150 569 41 30 de
1216 570 10 29 i
1252 568 321 38 beredskapsstaten
1600 569 174 38 uppförda

1043 619 173 36 anslagen.

842 714 384 33 Riksdagsordningen.

434 788 225 38 (Nuvarande
690 785 155 39 lydelse.)

589 865 19 37 8
637 866 53 29 39.

319 935 26 28 1.
396 932 267 36 Statsutskottet,
688 941 74 20 som
787 930 87 31 skall
895 927 113 33 undfå

274 984 53 30 del
347 994 43 20 av
414 984 208 35 Konungens
646 981 177 37 angående
847 983 158 28 statsver-

273 1035 73 30 kets
365 1033 157 32 tillstånd
538 1034 65 29 och
621 1033 114 30 behov
753 1032 49 30 till
819 1031 188 36 riksdagen

273 1084 139 31 avlåtna
439 1083 214 38 proposition
681 1083 66 30 och
774 1083 63 35 äga
864 1080 142 38 tillgång

273 1135 48 30 till
345 1136 70 29 alla
441 1134 218 31 statsverkets
682 1132 237 37 räkenskaper
941 1131 65 31 och

272 1185 218 37 handlingar,
513 1184 127 37 åligger
662 1186 58 33 att,
735 1183 10 30 i
759 1183 66 30 den
844 1182 85 31 mån
951 1182 55 30 det

272 1236 76 30 icke
387 1236 106 36 gäller
529 1234 353 40 jordbruksärenden,
924 1241 81 28 pen-

273 1287 208 30 sionsstaten
514 1286 80 30 eller
628 1285 171 35 riksdags-
822 1284 77 30 .och
920 1282 85 31 revi-

273 1336 282 31 sionskostnader
605 1336 83 29 eller
713 1334 188 31 kostnader
951 1332 54 31 för

271 1388 203 35 riksdagens
499 1387 64 29 hus
590 1386 67 30 och
683 1385 201 35 riksdagens
910 1383 93 35 verk,

270 1438 160 36 granska,
450 1437 119 30 utreda
587 1436 67 30 och
674 1434 151 38 uppgiva
844 1436 159 28 statsver-

269 1488 72 31 kets
356 1487 157 31 tillstånd
536 1487 65 30 och
615 1485 210 36 förvaltning
850 1486 90 29 samt
953 1483 50 30 fö-

269 1538 88 31 reslå
379 1538 70 30 vad
469 1537 50 31 till
539 1536 171 38 fyllandet
732 1545 41 21 av
793 1535 76 30 dess
890 1534 113 30 behov

269 1589 186 35 erfordras,
482 1587 119 31 varvid
629 1586 128 36 nödiga
780 1584 221 37 indragning-

269 1649 37 21 ar
325 1640 66 30 och
413 1638 225 37 besparingar
659 1638 86 29 böra
764 1636 181 36 iakttagas,
965 1632 39 31 så

269 1689 63 31 ock
359 1692 51 27 att
436 1687 126 39 föreslå
588 1687 161 36 beloppet
773 1695 41 20 av
841 1685 42 30 de
910 1693 91 21 sum-

269 1750 84 28 mor,
375 1739 105 37 vilka,
499 1737 138 40 jämlikt
655 1737 43 30 63
719 1737 20 36 $
757 1734 243 38 regeringsfor-

268 1800 89 28 men,
374 1789 101 31 skola
490 1788 55 38 för
557 1786 175 32 särskilda
746 1785 186 32 händelser
945 1794 55 21 av-

268 1842 116 30 sättas.
434 1840 170 31 Utskottet
656 1838 128 37 åligger
829 1837 172 38 därjämte

268 1895 56 33 att,
345 1891 166 37 antingen
527 1890 11 30 i
557 1890 67 30 den
643 1888 146 37 ordning
809 1888 18 37 8
847 1889 41 29 47
910 1887 89 30 stad-

267 1951 59 28 gar
348 1945 213 33 gemensamt
585 1940 83 30 med
690 1939 81 31 eller
793 1938 97 38 eljest
915 1937 85 31 efter

267 1992 141 31 samråd
432 1992 80 30 med
533 1991 41 30 de
598 1990 120 36 övriga
741 1989 142 35 utskott,
907 1988 93 30 vilka

265 2043 198 36 handlägga
495 2038 400 39 statsregleringsfrågor,
930 2038 68 31 för-

266 2093 142 37 slagsvis
435 2092 151 31 beräkna
613 2090 220 31 statsverkets
861 2089 137 31 ordina-

267 2144 46 31 rie
341 2144 201 34 inkomster,
568 2141 154 36 uppgiva
745 2141 91 29 huru
861 2139 138 37 mycket

265 2195 62 30 bör
350 2203 126 27 genom
498 2191 229 35 bevillningar
748 2191 139 35 utgöras
911 2191 88 28 samt

265 2245 159 36 uppgöra
442 2242 127 36 förslag
589 2241 51 31 till
660 2241 150 30 riksstat.

1213 785 225 38 (Föreslagen
1458 786 155 37 lydelse.)

1363 863 18 37 $
1411 864 51 30 39.

1092 929 27 30 1.
1169 929 266 36 Statsutskottet,
1461 939 72 21 som
1559 930 88 31 skall
1669 929 111 32 undfå

1045 979 55 30 del
1120 989 44 21 av
1186 980 210 36 Konungens
1420 979 177 38 angående
1620 984 156 27 statsver-

1045 1029 74 31 kets
1139 1030 154 31 tillstånd
1310 1031 67 30 och
1395 1031 111 30 behov
1524 1031 51 30 till
1592 1031 187 36 riksdagen

1045 1079 140 32 avlåtna
1211 1081 216 36 proposition
1454 1082 65 29 och
1546 1082 65 35 äga
1638 1080 139 38 tillgång

1045 1130 50 30 till
1119 1131 69 30 alla
1213 1131 220 30 statsverkets
1456 1131 235 37 räkenskaper
1713 1132 65 30 och

1044 1181 218 36 handlingar,
1284 1180 131 38 åligger
1435 1184 58 34 att,
1507 1182 10 29 i
1531 1182 68 30 den
1618 1181 83 32 mån
1723 1182 55 30 det

1044 1231 78 30 icke
1160 1232 104 36 gäller
1301 1232 354 38 jordbruksärenden,
1697 1242 80 27 pen-

1045 1281 207 31 sionsstaten
1286 1282 82 30 eller
1402 1282 171 36 riksdags-
1606 1283 67 30 och
1693 1283 84 30 revi-

1045 1331 283 31 sionskostnader
1380 1333 81 29 eller
1486 1332 189 31 kostnader
1724 1333 54 30 för

1044 1381 203 37 riksdagens
1272 1383 66 29 hus
1365 1383 67 30 och
1457 1383 202 36 riksdagens
1685 1383 92 36 verk,

1044 1432 160 36 granska,
1223 1433 121 30 utreda
1362 1433 67 30 och
1449 1433 151 36 uppgiva
1619 1436 157 28 statsver-

1043 1481 74 31 kets
1132 1481 154 32 tillstånd
1310 1483 67 30 och
1391 1482 210 38 förvaltning
1625 1486 89 28 samt
1727 1483 50 31 fö-

1044 1531 89 32 reslå
1155 1533 67 30 vad
1242 1533 50 29 till
1313 1533 171 36 fyllandet
1505 1543 42 21 av
1567 1534 77 30 dess
1666 1534 111 30 behov

1043 1582 185 37 erfordras,
1255 1583 121 31 varvid
1404 1584 126 36 nödiga
1555 1584 221 37 indragning-

1042 1641 38 21 ar
1119 1634 66 29 och
1222 1633 226 37 besparingar
1485 1635 85 30 böra
1594 1635 180 36 iakttagas.

1043 1684 172 30 Utskottet
1230 1683 129 37 åligger
1376 1685 170 38 därjämte
1562 1689 59 32 att,
1642 1685 132 37 anting-

1042 1743 43 21 en
1113 1734 12 30 i
1155 1735 67 30 den
1252 1735 149 36 ordning
1431 1736 18 36 8
1479 1736 39 29 47
1550 1736 141 36 stadgar
1721 1744 52 28 ge-

1040 1788 172 27 mensamt
1238 1785 80 30 med
1344 1786 82 30 eller
1451 1785 95 39 eljest
1572 1786 89 30 efter
1686 1795 87 21 sam-

1041 1833 63 32 råd
1142 1836 81 29 med
1261 1836 42 30 de
1342 1836 118 36 övriga
1496 1836 143 36 utskott,
1681 1837 92 30 vilka

1039 1886 196 36 handlägga
1271 1886 401 37 statsregleringsfrågor,
1704 1887 68 30 för-

1039 1935 144 37 slagsvis
1197 1936 154 30 beräkna
1364 1937 223 35 statsverkets
1603 1937 173 30 ordinarie

1041 1987 200 37 inkomster,
1264 1988 153 36 uppgiva
1439 1988 89 30 huru
1552 1988 140 37 mycket
1712 1989 62 30 bör

1039 2046 125 27 genom
1214 2038 229 36 =<:bevillningar
1491 2040 140 35 utgöras
1684 2041 87 28 samt

1039 2090 158 34 uppgöra
1217 2088 129 37 förslag
1367 2088 51 31 till
1436 2089 149 30 riksstat.

307 2353 207 33 Hänvisning:
547 2350 111 35 Kungl.
684 2349 103 34 Maj:ts
811 2347 194 36 proposition
1029 2355 37 19 nr
1089 2347 58 27 239
1170 2347 46 27 till
1239 2346 75 27 1940
1336 2345 52 28 års
1410 2346 125 35 lagtima
1557 2346 134 35 riksdag.

548 2391 395 29 Konstitutionsutskottets
963 2389 157 27 utlåtande
1141 2398 37 18 nr
1199 2389 35 26 23
1254 2389 50 26 vid
1327 2389 76 27 1940
1426 2388 49 27 års
1494 2389 126 34 lagtima
1641 2388 132 35 riksdag.

547 2436 110 27 Första
682 2435 198 26 kammarens
904 2432 155 35 protokoll
1083 2432 61 26 den
1166 2432 18 26 8
1207 2431 66 35 juni
1299 2432 85 26 1940.

546 2478 105 27 Andra
678 2477 199 26 kammarens
901 2474 155 36 protokoll
1080 2474 60 27 den
1164 2474 18 27 8
1206 2473 66 35 juni
1300 2474 85 27 1940.
