2170 2618
407 176 17 25 2
936 178 252 30 Bankoutskottets
1209 181 151 28 utlåtande
1382 181 48 29 Nr
1451 184 28 27 3.

506 250 50 36 På
584 250 44 36 de
656 264 43 22 av
723 251 234 50 fullmäktige
982 254 155 37 anförda
1160 257 76 34 skäl
1256 257 65 35 har
1341 260 181 35 utskottet
1541 265 121 31 ansett
1681 263 56 46 sig
1756 262 88 36 böra
1863 263 145 36 biträda

406 298 239 39 förevarande
673 300 283 51 framställning,
985 306 67 34 och
1080 305 46 36 då
1153 306 62 36 det
1243 308 105 35 torde
1375 322 86 23 vara
1487 311 182 48 lämpligt,
1690 317 52 30 att
1761 311 71 37 den
1852 327 73 35 nya
1943 314 63 35 be-

405 352 234 34 stämmelsen
667 357 143 30 snarast
837 354 148 47 möjligt
1003 356 130 35 vinner
1151 358 247 48 tillämpning,
1417 359 65 35 har
1502 362 179 36 utskottet
1701 361 125 37 funnit
1846 364 57 47 sig
1921 364 86 36 böra

404 399 143 45 föreslå,
577 406 53 30 att
657 402 398 48 ändringsstadgandet
1082 407 123 35 träder
1231 408 11 35 i
1272 408 98 36 kraft
1397 415 129 42 genast
1553 411 95 36 efter
1676 412 246 37 utfärdandet.

505 450 126 36 Under
659 452 232 48 åberopande
919 467 43 23 av
989 456 67 35 vad
1085 457 154 36 sålunda
1266 457 142 38 anförts
1435 460 213 37 hemställer
1675 464 192 43 utskottet,

907 510 53 30 att
987 506 207 49 riksdagen,
1223 509 11 34 i
1262 510 202 48 anledning
1491 523 43 23 av
1552 511 241 38 förevarande
1813 512 194 38 framstall-

803 555 101 47 ning,
934 558 58 32 må
1018 557 155 44 besluta,

908 603 71 48 1:0)
1007 612 52 30 att
1086 607 58 36 för
1171 610 56 34 sin
1255 609 57 36 del
1342 615 132 43 antaga
1501 611 166 48 följande

1363 678 91 41 Lag

827 751 57 23 om
913 740 146 36 ändrad
1086 742 130 47 lydelse
1243 756 44 23 av
1314 744 49 36 13
1388 745 28 43 $
1441 746 14 35 i
1480 746 105 46 lagen
1614 747 67 35 den
1708 748 48 34 12
1783 748 77 47 maj
1886 748 92 37 1897

1168 793 68 47 för
1263 793 163 48 Sveriges
1452 796 178 36 riksbank.

901 941 95 36 Från
1024 955 45 22 en
1097 943 118 36 under
1242 945 240 37 riksbankens
1509 947 229 49 förvaltning
1756 950 151 36 stående
1926 959 76 28 sär-

801 990 96 35 skild
938 990 90 37 fond
1067 990 511 53 (avbetalningslånefonden)
1606 998 83 36 med
1717 1005 51 30 ett
1795 1000 138 48 kapital
1961 1015 42 22 av

800 1039 141 38 femton
969 1044 171 46 miljoner
1167 1045 135 36 kronor
1330 1050 59 32 må
1420 1048 220 36 riksbanken
1669 1051 164 34 utlämna
1846 1052 62 34 lån
1928 1058 75 29 mot

801 1089 223 39 förbindelse
1064 1095 56 34 till
1161 1096 269 49 återbetalning
1467 1101 44 45 på
1552 1100 96 35 vissa
1686 1100 190 36 bestämda
1907 1102 96 36 tider

799 1147 95 30 samt
922 1148 76 31 mot
1025 1145 178 44 säkerhet,
1232 1158 78 23 som
1338 1148 10 34 i
1377 1161 108 22 mom.
1515 1148 39 43 d)
1582 1162 93 23 ovan
1703 1157 92 41 sägs.

901 1259 128 37 Denna
1055 1263 61 47 lag
1143 1263 123 36 träder
1293 1265 12 34 i
1334 1264 98 36 kraft
1457 1265 117 48 dagen
1599 1265 94 37 efter
1712 1268 82 42 den,
1816 1268 46 35 då
1880 1271 119 46 lagen,

802 1309 117 48 enligt
952 1310 86 37 därå
1067 1312 193 37 meddelad
1288 1315 161 48 uppgift,
1479 1315 80 37 från
1589 1318 145 48 trycket
1762 1319 200 36 utkommit
1988 1321 11 34 i

799 1358 139 37 Svensk
966 1360 417 53 författningssamling;
1413 1372 93 30 samt

901 1425 73 47 2:0)
1001 1434 66 38 att,
1096 1430 117 36 under
1239 1431 268 51 förutsättning
1525 1448 44 22 av
1588 1435 214 47 riksdagens
1821 1435 103 37 bifall
1944 1439 57 34 till

797 1477 69 34 vad
909 1478 117 35 under
1068 1483 54 32 1:o
1162 1481 66 35 här
1267 1495 94 23 ovan
1388 1483 219 50 föreslagits,
1636 1498 92 23 ovan
1756 1486 244 37 omförmälda

797 1527 140 48 ökning
976 1541 43 23 av
1054 1530 480 50 avbetalningslånefonden
1562 1539 60 32 må
1648 1537 62 35 ske
1736 1550 134 35 genom
1899 1545 100 28 över-

795 1576 126 48 föring
960 1592 42 22 av
1039 1581 197 43 2,500,000
1265 1583 135 36 kronor
1428 1583 81 37 från
1537 1586 203 49 räkningen
1768 1588 231 36 reserverade

795 1627 120 36 medel
943 1629 57 35 till
1027 1631 490 49 avbetalningslånefonden.
1636 1635 3 5 |

494 1691 213 37 Stockholm
736 1694 70 36 den
831 1697 46 33 24
902 1696 148 47 januari
1081 1699 106 35 1918.

909 1780 52 35 På
988 1781 319 38 bankoutskottets
1335 1792 154 41 vägnar:

914 1863 151 37 ERNST
1093 1866 384 39 HEDENSTIERNA.

497 2006 62 32 Vid
582 2007 89 32 detta
693 2009 129 32 ärendes
845 2010 260 42 slutbehandling
1128 2014 80 32 hava
1230 2016 157 32 närvarit:

496 2049 34 31 af
550 2049 98 32 första
681 2051 198 32 kammaren:
904 2053 109 32 herrar
1043 2055 247 43 Hedenstierna,
1314 2059 127 39 Hallin,
1464 2060 142 42 Ekman,
1631 2062 208 42 Gustafsson,
1863 2065 132 32 friherre

390 2091 253 41 Langenskiöld,
665 2093 149 39 Sandler,
847 2094 163 35 Wickman
1032 2097 57 31 och
1111 2097 88 32 Roos
1221 2103 81 28 samt
1565 2136 7 7 .

500 2144 38 20 av
560 2135 100 31 andra
693 2136 199 32 kammaren:
916 2137 109 32 herrar
1047 2139 224 40 Kristensson,
1295 2142 198 40 Gustafsson
1516 2145 10 30 i
1549 2132 129 56 Örebro,
1702 2147 150 38 Persson,
1878 2149 85 42 Berg
1986 2150 9 30 i

391 2175 173 39 Munkfors,
589 2177 99 42 Borg,
711 2178 202 40 Sommelius,
936 2180 132 44 Bogren
1090 2182 57 32 och
1169 2183 130 33 Edbom.

796 2271 152 26 Stockholm
969 2273 72 31 1918,
1060 2274 61 25 Ivar
1139 2275 177 33 Heggströms
1334 2277 169 33 Boktryckeri
1521 2280 72 25 A.-B.
