1864 2782
393 171 452 31 Konstitutionsutskottets
865 169 179 31 utlåtande
1062 179 43 20 nr
1125 169 14 29 1
1160 169 40 29 år
1219 167 82 30 1957
1577 166 12 28 1

784 435 122 40 Nr
872 431 36 55 I

301 546 454 31 Konstitutionsutskottets
784 544 179 30 utlåtande
992 544 10 29 i
1029 542 190 39 anledning
1245 551 43 20 av
1314 540 127 40 Kungl.
1469 539 125 39 Maj:ts

501 608 217 40 proposition
747 607 80 30 med
854 606 132 40 förslag
1017 606 52 29 till
1097 604 264 39 kommunallag
1390 603 56 39 för
1474 601 121 31 Stock-

502 671 94 30 holm
623 672 164 29 ävensom
815 671 10 29 i
848 670 119 29 ämnet
993 668 102 30 väckt
1120 668 142 29 motion.

148 781 67 29 Till
238 779 428 31 konstitutionsutskottet
689 779 45 29 ha
757 778 89 29 båda
869 777 190 29 kamrarna
1083 775 67 30 den
1176 775 38 29 16
1237 773 142 40 januari
1405 772 80 31 1957
1511 772 86 29 hän-

102 835 92 30 visat
222 844 43 20 en
293 844 42 20 av
364 833 125 39 Kungl.
518 832 106 40 Maj:t
652 832 53 29 till
733 831 188 39 riksdagen
949 830 137 29 avlåten
1114 827 227 41 proposition,
1371 836 42 20 nr
1444 826 49 34 16,
1521 825 75 30 vari

104 889 127 38 Kungl.
264 888 117 39 Maj:t,
413 887 111 29 under
556 886 220 39 åberopande
809 894 41 20 av
882 886 49 28 ett
962 883 264 40 propositionen
1257 881 107 39 bilagt
1396 880 125 38 utdrag
1555 888 42 20 av

104 940 386 41 statsrådsprotokollet
512 941 80 28 över
615 938 288 30 inrikesärenden
926 937 54 30 för
1003 937 67 29 den
1093 936 18 30 3
1134 935 142 40 januari
1301 934 93 33 1957,
1418 932 180 39 föreslagit

104 995 190 39 riksdagen
317 997 50 27 att
390 995 126 38 antaga
538 993 57 30 vid
618 992 262 40 propositionen
906 991 94 39 fogat
1024 989 131 39 förslag
1179 989 52 29 till
1255 986 264 39 kommunallag
1543 985 54 30 för

105 1048 215 31 Stockholm.

151 1101 228 30 Beträffande
407 1100 254 39 motiveringen
688 1099 53 29 till
770 1098 165 39 förslaget
963 1097 54 30 får
1046 1096 181 33 utskottet,
1264 1095 3 29 i
1295 1095 67 29 den
1390 1094 83 29 mån
1501 1093 98 29 redo-

106 1155 134 40 görelse
259 1155 121 30 därför
399 1154 76 30 icke
495 1153 136 30 lämnas
651 1153 11 29 i
682 1153 57 29 det
759 1152 167 39 följande,
946 1151 147 29 hänvisa
1112 1150 52 29 till
1183 1149 57 29 det
1259 1149 57 29 vid
1336 1147 263 40 propositionen

106 1209 127 39 fogade
256 1208 161 39 utdraget
440 1217 41 20 av
504 1205 393 40 statsrådsprotokollet.

152 1263 14 28 I
190 1262 170 30 samband
381 1261 79 30 med
481 1260 263 40 propositionen
766 1260 64 29 har
853 1259 170 29 utskottet
1046 1257 52 30 till
1120 1255 212 40 behandling
1355 1254 154 31 förehaft
1532 1253 68 30 den

106 1316 99 29 inom
234 1315 110 31 andra
372 1315 206 30 kammaren
606 1314 11 29 i
646 1313 187 39 anledning
862 1322 43 20 av
931 1311 264 40 propositionen
1221 1309 136 33 väckta,
1386 1308 53 29 till
1467 1307 134 30 konsti-

107 1368 310 30 tutionsutskottet
438 1367 190 30 hänvisade
651 1366 178 29 motionen
851 1375 43 20 nr
916 1365 62 30 296
1001 1374 42 20 av
1064 1365 81 28 herr
1168 1361 162 32 Carlsson
1353 1362 10 29 i
1388 1360 212 31 Stockholm.

109 1422 76 30 Vad
210 1422 11 29 i
245 1422 180 29 motionen
448 1420 198 30 hemställts
671 1419 169 39 återgives
864 1419 12 29 i
901 1419 57 29 det
983 1417 157 39 följande
1166 1417 11 29 i
1203 1415 165 30 avsnittet
1393 1414 111 30 under
1530 1414 18 29 2
1576 1414 25 28 B

108 1475 151 30 rörande
288 1475 41 29 de
357 1473 227 30 kommunala
614 1473 237 29 nämndernas
880 1472 75 29 inre
985 1470 238 40 organisation
1252 1469 65 29 och
1345 1467 257 30 verksamhets-

109 1528 143 30 former.
278 1528 13 29 I
315 1528 100 39 fråga
438 1537 57 19 om
519 1527 41 29 de
585 1536 42 20 av
650 1526 219 29 motionären
895 1524 148 30 anförda
1069 1523 121 30 skälen
1215 1522 54 29 får
1295 1521 179 33 utskottet,
1499 1520 11 29 i
1535 1520 67 29 den

110 1582 85 30 mån
211 1581 218 39 redogörelse
445 1580 119 30 därför
579 1580 77 30 icke
673 1579 135 30 lämnas
826 1579 10 29 i
853 1577 153 31 nämnda
1023 1577 140 33 avsnitt,
1181 1576 146 29 hänvisa
1344 1575 52 29 till
1413 1574 188 30 motionen.

728 1736 34 34 1.
792 1734 199 46 Inledning

158 1805 73 29 Den
261 1804 38 30 år
332 1804 82 30 1953
445 1805 151 37 antagna
625 1801 310 40 kommunallagen
970 1801 91 33 (SFS
1094 1799 210 33 1953:753),
1337 1807 74 21 som
1441 1797 122 30 trädde
1593 1796 11 29 i

110 1858 100 29 kraft
236 1858 67 29 den
333 1858 14 28 1
376 1857 141 39 januari
548 1856 93 33 1955,
670 1864 98 21 avser
794 1855 75 29 icke
899 1853 217 34 Stockholm;
1147 1853 55 29 för
1230 1851 202 30 Stockholm
1459 1850 107 39 gäller
1594 1849 10 29 i

112 1910 118 30 stället
253 1910 100 39 lagen
377 1910 67 29 den
470 1910 36 29 15
531 1909 79 38 juni
637 1909 82 29 1935
744 1918 56 19 om
825 1906 354 39 kommunalstyrelse
1203 1905 11 29 i
1240 1904 211 30 Stockholm.
1477 1903 13 28 I
1516 1912 90 20 sam-

112 1964 96 29 band
231 1963 79 29 med
335 1965 49 27 att
409 1962 165 39 förslaget
599 1962 52 29 till
676 1971 46 29 ny
746 1960 263 38 kommunallag
1034 1958 201 33 framlades,
1260 1958 129 29 beslöts
1413 1955 193 31 emellertid

115 2019 51 27 att
193 2018 86 28 även
306 2015 474 39 kommunallagstiftningen
808 2014 54 29 för
890 2013 202 30 Stockholm
1121 2011 111 30 skulle
1260 2011 147 33 överses,
1436 2010 64 29 och
1528 2008 79 30 med

114 2071 80 28 stöd
219 2079 41 21 av
285 2069 125 39 Kungl.
435 2069 124 38 Maj:ts
583 2067 277 40 bemyndigande
885 2067 68 29 den
979 2066 38 29 10
1042 2065 89 40 april
1159 2065 82 29 1953
1266 2063 191 30 tillkallade
1482 2062 126 29 chefen

115 2123 55 29 för
196 2123 420 38 inrikesdepartementet,
644 2121 187 29 statsrådet
857 2119 172 34 Hedlund,
1058 2118 172 30 särskilda
1256 2117 232 38 sakkunniga,
1514 2116 94 29 vilka

115 2176 126 33 skulle,
268 2176 10 28 i
305 2176 67 29 den
399 2174 244 39 utsträckning
671 2174 37 29 så
735 2174 171 29 befunnes
933 2172 168 39 lämpligt,
1130 2172 85 28 söka
1242 2170 244 29 åstadkomma
1514 2169 95 29 över-

117 2228 265 29 ensstämmelse
406 2227 127 30 mellan
560 2227 82 29 1935
667 2227 56 29 års
748 2226 53 38 lag
824 2236 56 19 om
904 2223 355 39 kommunalstyrelse
1283 2224 11 28 i
1319 2222 200 30 Stockholm
1544 2221 65 29 och

115 2282 70 29 den
209 2290 67 29 nya
299 2280 319 38 kommunallagen.

165 2334 112 29 Sedan
299 2334 41 29 de
364 2332 221 38 sakkunniga
609 2331 142 30 slutfört
775 2332 58 28 sitt
857 2331 126 32 arbete,
1007 2329 206 30 avlämnade
1236 2328 41 29 de
1300 2328 67 29 den
1394 2328 37 28 10
1456 2326 154 30 februari

122 2388 84 28 1956
225 2386 221 30 betänkande
466 2385 77 29 med
564 2385 44 29 bl.
629 2395 29 19 a.
680 2384 129 38 förslag
831 2384 49 29 till
901 2382 264 39 kommunallag
1187 2382 53 28 för
1262 2380 211 33 Stockholm,
1494 2380 116 28 vilken

119 2440 56 38 lag
196 2449 60 20 var
277 2439 128 29 avsedd
426 2440 49 28 att
496 2439 129 28 ersätta
648 2447 46 19 nu
716 2437 158 39 gällande
895 2435 263 31 bestämmelser
1180 2444 56 19 om
1258 2433 353 38 kommunalstyrelse

119 2493 11 29 i
157 2492 212 30 Stockholm.

125 2556 10 27 1
211 2555 135 38 Bihang
371 2555 52 28 till
446 2553 204 38 riksdagens
674 2552 175 39 protokoll
875 2552 91 28 1957.
992 2552 18 28 5
1035 2550 98 29 saml.
1158 2551 19 28 2
1202 2550 75 29 avd.
1302 2550 47 28 Nr
1376 2550 13 27 I
