1920 2800
490 151 421 37 Bevillningsutskottets
930 153 223 33 betänkande
1172 156 51 31 Nr
1248 158 51 30 47.
1587 160 18 29 1

822 484 58 40 Nr
907 484 63 41 47.

702 593 110 24 Ankom
831 594 44 24 till
893 595 161 31 riksdagens
1073 596 90 24 kansli
1183 596 53 24 den
1257 597 31 24 20
1308 598 55 31 maj
1383 599 65 23 1926
1468 599 36 24 kl.
1525 601 31 23 12
1576 607 35 16 m.

250 682 413 37 Bevillningsutskottets
698 685 230 38 betänkande,
952 689 13 29 i
987 689 191 36 anledning
1201 699 45 21 av
1270 690 130 37 Kungl.
1424 691 121 37 Maj:ts
1569 703 76 26 pro-

450 737 221 35 proposition
707 739 77 30 med
811 739 135 36 förslag
970 740 55 31 till
1047 741 209 37 förordning
1279 752 57 21 om
1359 744 133 30 ändrad
1515 744 132 36 lydelse

450 797 45 21 av
520 782 66 42 1$
610 790 18 29 2
653 799 104 21 mom.
782 791 13 29 i
817 790 252 38 förordningen
1093 793 65 30 den
1183 794 40 30 22
1247 795 74 35 maj
1346 796 80 30 1925
1459 797 79 29 med
1558 796 88 35 före-

450 838 144 36 skrifter
617 840 181 36 angående
821 843 231 35 medgivande
1075 845 13 29 i
1111 845 93 30 vissa
1228 845 66 34 fall
1310 856 44 20 av
1371 847 179 36 undantag
1566 848 79 35 från

450 890 163 36 gällande
642 891 261 33 bestämmelser
932 903 57 21 om
1012 895 167 31 inkomst-
1204 896 64 31 och
1291 897 355 37 förmögenhetsskatt

451 951 45 21 m.
521 952 45 20 m.

185 1044 18 30 I
226 1054 42 21 en
297 1045 64 31 den
390 1047 40 29 14
455 1046 70 36 maj
551 1047 83 30 1926
660 1047 211 36 dagtecknad
894 1051 217 36 proposition,
1135 1062 42 20 nr
1202 1053 73 36 225,
1299 1053 62 31 har
1385 1054 128 36 Kungl.
1538 1055 108 36 Maj:t,

142 1096 110 32 under
275 1097 212 37 åberopande
511 1109 43 20 av
577 1100 251 36 propositionen
853 1101 109 37 bilagt
986 1104 124 36 utdrag
1125 1115 46 20 av
1188 1106 363 36 statsrådsprotokollet
1567 1110 80 29 över

142 1149 262 32 finansärenden
429 1151 54 30 för
506 1161 132 21 samma
662 1152 76 36 dag,
762 1153 176 37 föreslagit
961 1155 182 37 riksdagen
1166 1159 51 29 att

186 1202 75 30 dels
284 1204 126 34 antaga
434 1203 161 37 följande,
620 1204 59 31 vid
701 1206 253 35 propositionen
977 1207 120 36 fogade

778 1350 234 50 Förslag

869 1441 54 30 till

144 1512 217 43 förordning
386 1522 57 24 om
468 1515 134 32 ändrad
626 1516 133 40 lydelse
782 1527 42 23 av
848 1518 18 32 1
890 1519 18 41 $
931 1519 19 32 2
974 1529 104 23 mom.
1104 1521 13 31 i
1141 1519 259 43 förordningen
1425 1522 65 32 den
1514 1522 40 32 22
1572 1522 72 43 maj

200 1565 83 33 19253
312 1567 59 40 (nr
385 1566 76 41 155)
485 1567 80 33 med
590 1568 232 34 föreskrifter
845 1572 180 40 angående
1048 1573 233 40 medgivande
1305 1574 13 31 i
1342 1575 93 32 vissa
1457 1575 69 32 fall
1549 1585 40 23 av

299 1618 188 41 undantag
518 1619 82 32 från
633 1621 163 39 gällande
831 1623 270 33 bestämmelser
1133 1633 56 23 om
1223 1625 170 33 inkomst-
1425 1627 66 31 och

644 1672 374 42 förmögenhetsskatt
1040 1687 44 21 m.
1109 1687 44 21 m.

188 1782 218 36 Härigenom
442 1784 193 36 förordnas,
664 1787 53 29 att
742 1787 17 29 1
784 1782 18 37 $
827 1787 18 29 2
870 1796 103 21 mom.
998 1788 12 29 i
1034 1788 251 38 förordningen
1310 1791 66 31 den
1401 1792 39 30 22
1465 1792 70 35 maj
1562 1792 83 30 1925

144 1834 79 31 med
257 1834 221 32 föreskrifter
512 1836 181 36 angående
728 1838 233 35 medgivande
997 1839 11 30 i
1043 1840 94 31 vissa
1172 1841 65 31 fall
1273 1852 43 20 av
1352 1843 180 36 undantag
1566 1843 80 30 från

146 1885 164 36 gällande
346 1887 261 32 bestämmelser
642 1898 56 22 om
733 1889 169 32 inkomst-
937 1890 63 31 och
1034 1890 356 38 förmögenhetsskatt
1413 1905 44 20 m.
1483 1904 44 21 m.
1554 1895 92 30 skall

143 1937 137 31 erhålla
304 1939 156 36 följande
483 1939 153 32 ändrade
660 1940 147 37 lydelse:

866 2060 70 37 15.

188 2147 19 29 2
231 2156 105 21 mom.
376 2146 121 32 Under
525 2147 258 37 förutsättning
807 2159 45 20 av
876 2150 248 36 ömsesidighet
1149 2151 12 30 i
1186 2151 216 36 tillämpliga
1426 2152 221 31 hänseenden

145 2198 58 30 må
227 2197 136 37 Kungl.
386 2198 104 37 Maj:t
514 2200 120 30 tillika
656 2200 177 36 förordna,
858 2202 51 30 att
933 2201 41 31 de
998 2202 176 31 lättnader
1191 2203 12 30 i
1219 2203 427 37 beskattningsavseende,

145 2249 100 31 vilka
269 2250 113 36 enligt
399 2251 254 37 förordningen
670 2262 56 21 om
743 2252 169 31 inkomst-
929 2253 63 31 och
1009 2254 367 36 förmögenhetsskatt,
1394 2255 253 37 förordningen

144 2302 180 36 angående
341 2303 200 36 bevillning
555 2313 44 21 av
613 2304 69 31 fast
698 2304 170 36 egendom
884 2307 91 29 samt
989 2315 43 21 av
1047 2306 155 31 inkomst
1215 2309 164 28 ävensom
1394 2307 253 37 förordningen

145 2362 56 21 om
217 2353 206 32 kommunal
440 2356 299 35 progressivskatt
755 2356 200 31 tillkomma
972 2357 64 31 här
1053 2358 12 30 i
1078 2358 91 31 riket
1183 2358 300 32 mantalsskrivna
1496 2361 152 30 svenska

144 2404 239 37 medborgare,
408 2407 37 30 så
468 2407 63 30 ock
555 2407 66 31 den
645 2408 242 36 begränsning
909 2408 12 30 i
937 2408 100 36 fråga
1054 2419 55 21 om
1127 2410 202 36 skyldighet
1347 2412 51 29 att
1414 2412 131 35 avgiva
1563 2421 84 26 upp-

144 2456 70 36 gift
237 2457 57 31 till
318 2457 146 38 ledning
489 2458 54 31 för
567 2468 85 28 egen
677 2460 175 35 taxering,
876 2470 73 21 som
973 2461 111 36 enligt
1107 2462 252 36 förordningen
1380 2473 53 20 om
1451 2464 197 36 taxerings-

145 2518 109 31 Bihang
271 2521 40 24 till
327 2521 167 29 riksdagens
510 2522 142 29 protokoll
669 2523 76 26 1926.
785 2525 14 23 7
819 2525 81 23 saml.
937 2525 34 23 30
991 2525 68 30 häft.
1096 2521 55 32 (Nr
1168 2523 125 31 47—48.)
1600 2526 12 24 1
