2245 2673
446 140 20 30 4
931 136 230 42 Lagutskottets
1185 134 160 31 utlåtande
1368 133 52 32 Nr
1443 133 52 31 33.

405 229 170 50 gällande
617 230 56 35 sin
714 233 84 39 rätt,
840 228 77 35 lära
958 226 285 49 olägenheterna
1283 224 57 37 för
1381 224 70 36 den
1492 222 164 37 enskilde
1688 223 180 48 knappast
1896 220 118 38 blifva

406 281 155 44 mindre,
591 294 60 23 om
678 280 71 36 den
785 279 208 48 föreslagna
1015 279 317 47 inskränkningen
1359 276 12 36 i
1398 275 318 36 häfdeinstitutets
1743 274 133 35 verkan
1906 278 107 44 gent-

406 338 96 32 emot
530 334 142 35 kronan
699 332 80 35 icke
807 332 145 35 komme
979 330 58 36 till
1065 329 124 44 stånd;
1219 329 102 36 detta
1345 328 118 37 skulle
1491 326 197 49 nämligen,
1710 329 122 32 såsom.
1847 325 165 49 departe-

405 383 252 38 mentschefen
699 385 154 47 påvisar,
896 382 188 36 föranleda
1123 380 324 48 nödvändigheten
1489 378 57 37 för
1582 379 157 35 kronans
1768 377 246 36 ombudsmän

406 442 63 40 att,
498 437 58 35 till
584 434 206 38 bevarande
818 433 40 37 af
883 435 157 34 kronans
1069 433 209 36 eventuella
1305 435 83 40 rätt,
1417 430 124 36 inleda
1568 434 51 31 ett
1638 429 121 36 flertal
1777 431 238 46 rättegångar

405 488 109 37 äfven
555 489 12 34 i
608 486 78 45 fall,
720 486 65 36 där
813 486 120 35 denna
960 490 73 31 rätt
1061 498 87 23 vore
1175 485 106 35 oviss.
1336 482 130 47 Någon
1494 483 98 34 vinst
1618 480 60 36 för
1704 480 310 36 rättssäkerheten

408 540 118 36 skulle
554 537 123 38 därför
705 538 79 36 icke
810 536 110 37 häraf
944 539 142 46 uppstå.
1142 535 196 37 Gentemot
1365 534 44 36 de
1438 539 98 31 stora
1563 532 173 44 fördelar,
1766 545 78 22 som
1873 539 61 28 äro
1962 536 53 30 att

405 593 113 35 vinna
557 590 58 37 för
656 589 61 37 det
749 590 185 35 allmänna
962 587 39 37 af
1025 588 160 36 kronans
1213 585 212 51 frigörande
1454 584 82 37 från
1564 589 63 39 att,
1656 583 133 36 medan
1818 583 44 36 de
1888 583 127 49 igång-

407 648 94 31 satta
540 641 292 48 utredningarna
864 643 102 46 pågå,
1002 652 85 23 vara
1114 638 151 36 bunden
1293 637 39 36 af
1357 634 223 46 häfdetiden,
1610 648 110 36 synas
1748 635 107 35 alltså
1882 634 44 36 de
1954 647 62 22 an-

407 694 107 36 förda
541 693 287 48 olägenheterna
854 692 80 36 icke
962 691 89 36 böra
1078 691 238 35 tillerkännas
1345 688 201 48 afgörande
1573 687 201 49 betydelse.

542 743 161 37 Härmed
747 742 109 37 hafva
887 743 109 35 också
1024 742 43 36 de
1095 742 77 36 skäl
1199 739 124 38 blifvit
1351 740 173 43 bemötta,
1555 752 77 23 som
1660 737 191 37 framförts
1879 736 57 37 för
1964 735 52 38 af-

408 799 79 47 slag
525 800 21 33 å
585 795 279 50 propositionen
905 795 56 35 uti
998 794 70 36 den
1095 795 13 34 i
1136 792 151 36 ärendet
1314 792 128 36 väckta
1470 792 199 41 motionen,
1698 789 150 36 hvilken
1875 790 142 34 motion

408 848 126 37 därför
571 848 81 36 icke
688 848 81 43 kan,
811 848 116 46 enligt
967 846 197 36 utskottets
1205 845 162 46 mening,
1396 842 100 49 gifva
1528 842 82 36 stöd
1650 841 57 36 för
1746 844 123 45 någon
1897 853 121 22 annan

407 899 242 50 uppfattning
689 906 46 28 än
777 898 81 45 den,
900 910 78 24 som
1019 896 108 37 ofvan
1173 897 118 48 gjorts
1332 894 180 50 gällande.
1567 892 83 37 Med
1682 893 143 48 hänsyn
1857 892 58 35 till
1947 891 70 36 den

408 951 200 49 betydelse,
651 963 78 23 som
771 954 51 31 ett
863 948 234 47 fullföljande
1138 947 40 36 af
1216 948 158 34 kronans
1402 945 229 49 berättigade
1658 944 264 47 rättsanspråk,
1952 943 66 36 har

408 1003 84 37 med
532 1001 169 37 afseende
742 1005 46 45 på
819 998 504 51 besittningsförhållandena
1350 998 58 36 till
1436 997 44 36 de
1508 997 79 48 slag
1614 994 40 37 af
1679 994 232 50 egendomar,
1941 1007 77 23 som

408 1056 13 35 i
448 1055 279 48 propositionen
755 1051 107 46 afses,
893 1064 108 37 synes
1041 1051 62 36 det
1131 1049 207 37 emellertid
1366 1049 181 36 utskottet
1576 1048 203 47 angeläget,
1808 1051 53 30 att
1888 1046 44 35 de
1960 1050 59 31 ut-

408 1106 211 48 redningar,
648 1117 78 24 som
754 1104 103 36 skola
884 1111 67 41 äga
978 1116 95 32 rum,
1103 1103 67 35 och
1198 1102 44 35 de
1269 1104 248 44 rättegångar,
1547 1112 80 23 som
1654 1102 46 45 på
1719 1097 122 49 grund
1860 1096 39 37 af
1915 1097 105 36 dessa

408 1159 148 35 komma
599 1160 54 32 att
693 1156 183 42 anställas,
918 1154 183 48 fullföljas
1142 1154 67 35 och
1250 1151 177 37 slutföras
1455 1151 83 36 med
1567 1151 47 35 all
1643 1150 70 35 den
1741 1148 276 48 skyndsamhet,

409 1221 78 23 som
528 1215 39 28 är
607 1207 131 48 möjlig
778 1210 53 31 att
871 1205 262 43 åstadkomma,
1164 1208 94 32 samt
1285 1207 53 32 att
1367 1202 57 36 för
1451 1202 101 35 detta
1579 1200 170 36 ändamål
1777 1198 244 49 erforderliga

407 1259 142 36 krafter
576 1260 12 34 i
624 1258 198 48 görligaste
851 1260 85 32 mån
964 1258 123 34 ställas
1114 1256 58 35 till
1200 1254 218 48 förfogande
1446 1253 58 36 för
1531 1253 44 35 de
1604 1250 415 50 ämbetsmyndigheter,

407 1314 47 45 på
481 1310 124 36 hvilka
632 1309 61 36 det
721 1310 215 34 ankommer
963 1312 54 32 att
1044 1309 12 34 i
1084 1307 101 36 detta
1211 1307 127 48 stycke
1365 1305 233 47 tillvarataga
1625 1304 158 35 kronans
1810 1306 86 31 rätt.

542 1377 51 37 På
620 1376 123 50 grund
771 1376 40 36 af
835 1376 94 36 hvad
960 1375 155 37 sålunda
1142 1373 140 38 anförts
1310 1373 58 36 får
1395 1373 180 36 utskottet
1608 1371 202 43 hemställa,

945 1467 53 30 att
1030 1460 219 49 Riksdagen,
1279 1459 83 36 med
1389 1458 106 37 bifall
1522 1458 57 35 till
1607 1457 134 47 Kungl.
1771 1455 123 48 Maj:ts
1921 1454 96 37 före-

811 1513 158 37 varande
998 1513 230 48 proposition
1246 1511 67 36 och
1333 1510 83 36 med
1437 1508 118 48 afslag
1576 1512 19 32 å
1615 1508 69 35 den
1704 1509 11 34 i
1736 1511 123 32 ämnet
1877 1507 139 43 väckta,

812 1566 65 34 här
910 1564 108 36 ofvan
1048 1563 243 36 omförmälda
1318 1562 199 42 motionen,
1549 1563 111 32 måtte
1688 1559 194 47 godkänna
1909 1557 109 36 ofvan

813 1617 153 47 intagna
993 1614 137 49 förslag
1156 1615 57 34 till

949 1664 35 48 1)
1029 1667 61 47 lag
1129 1664 255 37 innefattande
1425 1662 158 48 ändring
1613 1664 13 33 i
1654 1660 267 49 förordningen
1949 1660 69 35 den

813 1721 45 33 22
887 1720 93 47 april
1011 1719 91 34 1881
1134 1730 58 22 om
1220 1716 192 48 tjuguårig
1438 1713 105 44 häfd;
1571 1713 67 36 och

949 1766 37 48 2)
1013 1770 63 47 lag
1102 1781 59 23 om
1190 1767 139 36 ändrad
1354 1766 140 49 lydelse
1522 1764 40 36 af
1589 1766 44 34 10
1661 1762 23 46 $
1712 1765 12 34 i
1752 1762 267 48 förordningen

814 1821 69 35 den
927 1822 42 34 16
1009 1819 85 48 juni
1136 1820 94 34 1875
1271 1816 185 50 angående
1496 1814 138 50 lagfart
1674 1818 20 32 å
1734 1813 88 49 fång
1862 1814 56 35 till
1947 1813 73 35 fast

813 1871 190 49 egendom.

544 1956 211 38 Stockholm
784 1957 69 36 den
883 1958 45 34 28
958 1968 96 23 mars
1086 1956 106 35 1912.

989 2058 51 36 På
1068 2058 199 36 utskottets
1295 2063 154 41 vägnar:

1032 2142 165 37 JOHAN
1226 2131 172 47 WIDÉN.
