2205 2576
203 490 100 23 Hattar.

355 167 39 28 36
805 164 207 41 Bevillnings-
1024 160 163 49 Utskottets
1198 165 202 31 Betänkande
1422 164 64 31 N:o
1510 166 48 29 11.

355 244 124 36 finner
516 243 200 38 Utskottet
756 244 74 36 den
872 243 297 49 ifrågavarande
1211 243 270 48 ansökningen
1522 243 85 37 icke
1648 243 95 37 böra
1774 244 58 36 till
1860 248 128 45 någon

357 294 134 37 vidare
520 294 139 49 åtgärd
688 294 211 48 föranleda,
927 294 151 36 hvilket
1104 294 201 39 Utskottet
1333 294 139 37 endast

869 375 100 49 21:0)
999 378 128 43 skolat
1153 378 72 37 hos
1254 378 227 49 Riksdagen
1509 378 163 37 anmäla.

460 480 18 36 I
515 480 110 47 fråga
660 493 62 22 om
751 479 166 36 artikeln
944 479 141 36 Hattar
1112 479 239 37 förekomma
1378 479 11 36 i
1418 480 183 48 gällande
1629 480 164 36 tulltaxa
1820 479 170 50 följande

357 531 315 36 bestämmelser:

471 614 3 58 |
1619 607 130 49 Qvantitet
1769 632 38 22 för
1987 624 3 24 |

471 676 3 28 |
1643 664 136 24 tullberäk-
1805 660 22 41 |
1842 664 117 25 Tullsats.

471 708 3 40 |
696 728 14 5 on
766 723 6 6 Ar
1079 728 14 5 -
1150 723 6 6 .
1663 698 99 31 ningen.

495 724 152 46 Hattar,
676 723 154 48 färdiga
858 723 93 36 eller
980 723 249 48 halffärdiga:
1608 720 207 56 EINER
1828 720 162 56 FR

472 792 3 52 |
549 774 41 36 af
605 774 112 36 siden
737 774 94 36 eller
851 773 207 48 halfsiden,
1079 773 207 37 felbhattar
1305 774 278 48 inberäknade,
1825 775 153 24 Se

600 824 200 36 äfvensom
830 824 89 36 med
949 824 201 46 blommor,
1178 825 152 48 plymer
1359 825 93 36 eller
1481 831 103 43 spet-
1929 862 2 2 |

600 888 63 22 sar
704 875 224 36 monterade
961 875 404 45 fruntimmershattar,
1395 875 74 37 alla
1498 876 87 48 slag
1629 880 16 32 |1
1669 877 152 48 stycke!)
1880 879 17 34 1
1929 880 55 34 |50

549 925 121 37 andra
689 925 97 47 slag,
807 925 194 36 derunder
1021 925 232 49 inbegripna
1268 926 208 46 vaxduks-,
1493 939 92 23 vax-
1929 928 3 52 |

600 975 109 37 tafts-
738 976 71 35 och
839 976 127 48 oljade
995 976 126 36 hattar
1150 976 93 36 eller
1267 989 29 23 s.
1317 977 36 35 k.
1379 976 208 49 sydvester
1605 992 5 28 |
1630 980 15 33 1
1670 978 152 48 stycke)
1851 1001 50 3 —
1937 980 47 34 40

363 1024 2 48 |
550 1042 88 29 Anm.
684 1035 67 35 Äro
785 1042 140 28 hattarne
963 1047 216 23 sammansatta
1217 1042 33 28 af
1284 1043 72 27 flera
1393 1043 192 35 materialier,
1930 1040 2 16 |

363 1088 3 24 |
604 1084 142 28 förtullas
770 1084 35 27 de
822 1086 99 26 såsom
938 1085 100 27 hattar
1054 1084 33 28 af
1100 1085 49 28 det
1166 1089 97 31 ämne,
1279 1085 111 28 hvaraf
1404 1085 35 28 de
1455 1085 132 28 hufvud-
1930 1104 2 4 |

605 1126 138 36 sakligen
767 1127 93 27 bestå.
1930 1109 3 57 |

463 1203 18 35 I
523 1202 252 37 förenämnda
815 1201 246 50 proposition
1101 1203 69 36 har
1205 1202 139 48 Kongl.
1375 1202 108 49 Maj:t
1510 1202 11 36 1
1550 1202 231 38 hithörande
1811 1203 183 38 afseende

362 1253 215 48 föreslagit,

466 1308 55 32 att
548 1303 276 37 taxerubriken
852 1304 151 43 »hattar,
1026 1304 159 47 färdiga
1214 1303 84 36 eller
1316 1304 243 48 halffärdiga»
1580 1307 61 33 må
1660 1304 146 37 erhålla
1825 1304 169 50 följande

362 1354 167 36 lydelse:

377 1367 25 35 7
465 1404 160 48 »hattar,
667 1403 153 49 färdiga
861 1404 94 37 eller
996 1403 244 49 halffärdiga,
1283 1404 192 37 derunder
1515 1404 233 50 inbegripna
1783 1405 59 36 till
1870 1406 127 36 hattar

364 1455 255 48 synbarligen
647 1455 163 36 ämnade
840 1468 29 23 s.
901 1455 34 36 k.
966 1455 264 48 filtstumparv.

466 1505 55 36 Af
557 1505 66 36 det
663 1505 293 49 propositionen
1001 1505 159 48 bilagda
1205 1505 194 49 protokoll
1444 1505 108 36 öfver
1596 1506 300 37 finansärenden
1940 1506 56 36 in-

363 1556 168 36 hemtas:

466 1613 65 41 att,
573 1619 83 23 som
691 1606 67 36 vid
793 1605 251 50 tillämpning
1072 1606 41 36 af
1137 1606 74 36 den
1240 1608 10 33 i
1280 1606 181 48 gällande
1490 1606 162 37 tulltaxa
1680 1606 316 38 förekommande

364 1656 186 37 rubriken
589 1657 132 43 hattar,
756 1656 160 49 färdiga
947 1657 85 36 eller
1059 1657 234 48 halffärdiga,
1324 1656 200 49 svårighet
1551 1657 102 36 visat
1681 1657 62 48 sig
1772 1662 102 32 möta
1902 1663 55 31 att
1984 1658 12 36 i

365 1706 199 49 åtskilliga
605 1707 66 36 fall
712 1707 181 48 särskilja
934 1707 232 47 halffärdiga
1206 1707 126 37 hattar
1364 1708 82 35 från
1475 1707 197 47 väfnader,
1702 1721 82 23 som
1814 1708 62 37 väl
1904 1721 91 24 vore

365 1757 162 37 afkedda
569 1762 55 31 att
665 1758 198 36 användas
899 1758 57 35 för
984 1757 255 49 tillverkning
1267 1758 41 36 af
1330 1758 138 44 hattar,
1497 1771 88 23 men
1614 1763 101 31 ännu
1744 1758 86 37 icke
1858 1759 139 36 under-

364 1810 84 46 gått
489 1810 131 46 någon
657 1808 119 36 sådan
810 1808 254 48 behandling,
1094 1821 83 23 som
1206 1808 130 37 kunde
1365 1821 113 24 anses
1507 1808 91 37 falla
1625 1809 104 36 inom
1760 1809 74 36 den
1862 1815 134 43 egent-

364 1859 81 47 liga
486 1858 428 47 hatt-tillverkningens
957 1858 169 48 område,
1168 1859 98 36 Herr
1308 1858 308 38 Statsministern
1659 1872 142 35 genom
1831 1861 166 35 embets-

365 1908 207 37 skrifvelse
611 1908 41 36 af
676 1909 74 36 den
781 1911 44 34 12
855 1910 216 36 December
1100 1909 169 37 sistlidet
1297 1912 39 33 år
1365 1909 182 37 anmodat
1575 1910 422 48 Kommerskollegium

365 1959 73 36 och
481 1959 440 48 Generaltullstyrelsen
962 1966 55 30 att
1061 1960 58 36 till
1165 1960 456 49 Finansdepartementet
1666 1961 197 36 inkomma
1908 1961 89 36 med

364 2010 195 48 yttrande,
601 2010 98 36 huru
737 2010 89 36 vida
855 2010 85 36 icke
969 2010 296 49 ifrågavarande
1293 2010 134 37 rubrik
1455 2010 173 37 tarfvade
1658 2011 168 47 ändring
1853 2011 11 36 1
1894 2012 100 48 syfte

366 2065 54 31 att
449 2060 36 36 få
513 2065 175 32 närmare
717 2060 179 37 bestämd
926 2061 75 36 den
1030 2061 267 48 bearbetning,
1327 2074 47 24 en
1403 2061 138 37 artikel
1570 2061 125 36 skulle
1723 2061 116 36 hafva
1859 2063 138 36 under-

366 2113 84 45 gått
478 2110 59 37 för
565 2116 55 32 att
648 2111 130 37 kunna
805 2111 182 37 hänföras
1016 2112 59 36 till
1103 2112 219 48 halffärdig,
1352 2111 199 37 äfvensom
1581 2117 65 42 att,
1681 2112 5 36 i
1708 2111 74 37 den
1810 2113 187 36 händelse

366 2162 301 36 embetsverken
697 2161 116 38 funne
844 2176 45 23 en
921 2162 108 49 dylik
1059 2162 167 49 ändring
1254 2162 193 50 påkallad,
1476 2167 48 46 på
1554 2175 147 24 samma
1724 2166 108 46 gång
1852 2163 146 50 afgifva

367 2211 149 49 förslag
545 2212 146 46 dertill;
