2184 2589
648 189 367 40 Bevillnings-Utskottets
1040 191 201 32 Betänkande
1266 191 62 32 N:o
1355 192 45 32 11.
1819 200 17 26 9

206 273 117 29 taxan
353 267 313 41 förekommande
695 270 194 35 tullsatser
918 271 11 34 i
958 270 92 48 följd
1080 271 41 36 af
1146 272 46 36 de
1223 273 138 34 mellan
1391 271 169 50 Sverige,
1582 277 20 32 å
1623 287 68 22 ena
1715 275 120 44 sidan,

206 324 98 30 samt
346 319 81 35 dels
470 319 219 44 Frankrike,
728 320 80 36 dels
837 320 164 48 Spanien
1033 323 70 34 och
1134 323 81 36 dels
1243 323 198 47 Portugal,
1471 327 20 32 å
1520 324 72 36 den
1622 325 130 44 andra,
1782 327 53 34 in-

205 372 150 44 gångna
392 370 347 36 handelstraktater
772 372 82 35 icke
897 372 128 35 kunna
1067 373 39 35 af
1145 386 60 23 oss
1240 374 167 48 ensidigt
1444 373 181 49 förhöjas,
1655 379 40 32 så
1724 377 110 46 länge

206 420 110 35 dessa
345 420 189 36 traktater
564 428 99 28 ännu
694 435 67 34 ega
789 422 193 48 giltighet,
1012 424 10 34 i
1052 423 146 36 hvilket
1227 425 230 44 hänseende,
1488 426 84 35 med
1604 426 230 36 bortseende

205 469 82 36 från
312 471 132 46 möjlig
471 470 245 49 förlängning
744 472 40 35 af
808 472 290 49 ifrågavarande
1120 474 167 48 fördrag,
1306 478 59 33 må
1386 476 156 44 erinras,
1560 483 56 29 att
1640 477 193 36 traktaten

205 521 85 35 med
334 521 209 36 Frankrike
587 522 93 35 skall
723 523 190 48 tillämpas
949 524 58 35 till
1043 525 72 35 den
1147 528 16 33 1
1196 525 184 36 Februari
1413 529 94 34 1892
1538 528 70 34 och
1639 528 194 36 traktaten

205 572 85 34 med
334 570 165 48 Spanien
542 573 59 34 till
642 573 72 35 och
757 574 82 35 med
872 575 72 35 den
974 577 47 34 30
1050 575 91 36 Juni
1173 578 109 42 1887,
1312 582 98 30 samt
1438 582 56 31 att
1523 578 193 35 traktaten
1747 579 87 35 med

203 621 186 48 Portugal
418 623 61 34 väl
508 622 176 37 afslutats
714 624 56 35 för
800 638 44 21 en
873 625 55 35 tid
960 624 40 36 af
1025 627 53 34 tio
1109 630 51 40 år,
1197 627 144 35 räknad
1371 627 83 36 från
1484 629 349 47 utvexlingsdagen

204 672 71 35 den
322 675 45 33 10
407 672 82 36 Juli
533 676 107 41 1885,
677 688 82 22 men
789 681 55 30 att
872 676 227 47 giltigheten
1130 676 40 36 af
1195 678 72 34 den
1298 678 10 34 i
1338 679 235 35 sistnämnda
1602 680 144 35 traktat
1775 680 60 35 till

203 722 207 48 Portugals
451 722 123 37 fördel
617 725 201 48 betingade
860 726 373 37 tariffbestämmelse
1275 729 163 35 rörande
1483 729 165 35 artikeln
1682 731 62 34 vin
1779 731 55 34 in-

203 773 178 36 skränkts
409 774 59 35 till
498 774 72 35 den
599 775 68 44 tid,
697 776 122 35 under
848 777 155 35 hvilken
1031 778 76 44 vin,
1137 791 80 22 som
1248 779 82 35 icke
1359 780 213 35 innehåller
1593 793 104 22 mera
1718 788 45 27 än
1786 783 47 33 20

203 829 161 42 procent
391 824 167 45 alkohol,
588 826 63 34 vid
682 826 153 36 införsel
866 827 56 35 hit
951 828 180 48 belägges
1161 829 84 35 med
1276 829 97 36 fasta
1397 831 208 43 tullsatser,
1628 837 91 29 utan
1742 832 91 34 hän-

202 887 70 34 syn
310 875 60 34 till
398 875 300 45 alkoholhalten,
728 877 70 35 och
828 878 159 35 sålunda
1015 877 60 36 för
1104 880 237 34 närvarande
1370 887 42 28 är
1440 879 58 36 för
1526 884 85 32 vårt
1640 882 88 34 land
1758 881 75 35 för-

202 925 193 35 bindande
426 925 135 37 endast
589 929 40 32 så
657 927 111 48 länge
797 928 194 36 traktaten
1021 930 84 34 med
1135 929 165 47 Spanien
1331 943 89 34 eger
1450 931 170 36 bestånd.

303 975 80 35 Här
412 975 167 45 afsedda,
609 977 11 34 i
650 978 236 36 traktaterna
917 978 252 36 omförmälda
1198 981 159 34 artiklar
1393 982 118 45 jemte
1541 982 46 35 de
1617 981 58 36 för
1704 983 85 35 dem
1821 983 9 34 i

201 1026 176 45 gällande
408 1027 163 35 tulltaxa
601 1027 197 36 bestämda
827 1029 70 35 och
928 1029 41 35 af
993 1030 284 36 motionärerne
1307 1031 216 48 föreslagna
1543 1033 196 35 tullsatser
1764 1037 66 31 äro

202 1076 45 35 de
276 1076 302 36 nedanstående:

225 1192 11 22 I
255 1191 95 24 Herrar
369 1193 186 23 Reuterswärds
575 1201 31 16 m.
626 1194 36 23 fl:s
682 1194 44 24 och
746 1196 87 22 Grefve
854 1196 27 22 E.
902 1196 103 31 Sparres
1026 1204 31 15 m.
1077 1196 37 23 fl:s

1136 1219 2 5 I
1467 1214 118 24 Gällande
1642 1199 11 22 I
1668 1199 154 23 motionerna

235 1226 123 23 motioner
378 1228 126 29 upptagna
522 1235 79 20 varor,
622 1226 13 25 å
654 1227 83 24 hvilka
757 1228 192 32 tullförhöjning
970 1229 100 24 hindras
1091 1230 25 23 af
1136 1232 1 15 '

1182 1213 130 25 Qvantitet
1331 1215 39 22 för
1663 1233 138 31 föreslagen

1165 1247 225 32 tullberäkningen.
1471 1249 108 23 tullsats.

330 1260 110 28 franska,
459 1260 105 31 spanska
584 1261 59 23 eller
662 1262 168 31 portugisiska
849 1262 162 24 traktaterna.
1418 1269 1 51 |
1680 1266 107 24 tullsats.

1766 1313 62 44 —

1440 1383 97 23 Kronor
1561 1384 49 25 jöre
1618 1379 11 38 |
1645 1384 97 23 Kronor
1766 1370 49 60 öre

215 1429 190 47 APS
434 1461 82 5 ooerrer
535 1462 49 4 srrrr
603 1462 49 5 ärar
672 1463 71 4 sr
763 1463 70 5 rear
866 1465 218 4 iarsansnnnnnnnnnnn
1102 1465 35 17 on
1162 1436 15 33 1
1211 1434 186 48 kilogram
1419 1469 1 3 |
1474 1454 48 4 —
1571 1438 52 33 101
1678 1455 50 4 —
1775 1439 53 34 25|

200 1479 147 41 Band:
1136 1483 2 46 |
1416 1482 3 55 |
1621 1525 2 12 |

200 1522 1 14 |
265 1531 314 35 silkessammets-
608 1532 70 34 och
705 1532 432 37 helsiden-...........
1162 1537 16 32 1
1292 1548 12 15 >
1501 1538 19 33 2
1569 1538 46 34 180
1706 1540 114 32 5

267 1580 205 36 halfsidel-
490 1612 127 5 moss
679 1613 40 5 rar
738 1613 152 6 srsranarsrnssr
900 1615 35 5 sara
970 1615 56 5 reser
1045 1615 80 5 sisrase.
1162 1588 15 31 I
1292 1599 11 14 >
1501 1589 19 32 2
1561 1589 53 36 35
1706 1590 19 32 2
1765 1590 62 33 150|

199 1630 312 51 Bijouterivaror,
533 1631 38 35 af
589 1638 115 30 annat
725 1640 108 28 ämne
861 1641 45 28 än
936 1635 93 46 guld
1058 1633 80 42 och

264 1680 143 46 silfver,
437 1682 112 35 enkla
579 1683 92 35 eller
698 1690 271 30 sammansatta
1000 1716 59 4 .....
1078 1716 49 5 ....
1161 1688 16 32 1
1292 1699 11 15 >
1473 1705 48 4 —
1560 1685 55 38 180
1706 1691 15 32 1
1764 1701 56 10 —

198 1730 224 41 Blommor:
1415 1737 3 4 |

265 1782 261 48 konstgjorda,
547 1782 40 36 af
603 1789 78 43 tyg,
699 1797 156 35 papper,
874 1785 112 45 halm,
1008 1785 121 47 fjäder
1415 1813 2 12 |

198 1826 2 37 |
316 1833 92 35 eller
436 1834 118 35 andra
583 1834 130 48 dylika
742 1842 135 28 ämnen
907 1866 117 6 ......
1047 1867 78 4 =...
1163 1839 13 32 I
1291 1851 11 14 >
1499 1840 19 33 2
1560 1837 61 36 150
1680 1840 44 34 15
1763 1841 55 21 —

264 1883 106 35 delar
398 1884 59 35 till
486 1884 250 48 konstgjorda
766 1885 224 36 blommor...
1009 1918 116 4 .........
1161 1890 15 31 1
1290 1901 11 15 ?
1500 1891 15 32 1
1704 1891 19 33 6
1771 1912 47 4 —

212 1932 93 48 Bly:
1559 1935 1 45 |
1823 1933 3 48 |

196 1984 272 40 OArbetadt
487 2017 26 4 mi
532 2017 118 5 snsnmse
667 2016 457 6 sesrrrrssssrrersrrsssrrrsrrrna
1071 1980 12 57 a
1096 1980 30 57 saa
1159 1991 17 32 1
1290 2002 11 14 >
1468 1984 99 56 fritt.
1675 2008 49 4 —
1748 1985 21 56 |
1797 1993 27 33 5

196 2026 2 31 |
211 2033 210 37 Broderade
449 2035 151 45 arbeten,
631 2036 73 36 alla
732 2037 94 46 slag,
855 2036 148 49 färdiga
1037 2038 91 34 eller

263 2085 221 46 påbörjade,
514 2086 117 47 draga
660 2087 76 35 lika
763 2088 71 34 tull
857 2088 84 34 med
964 2088 65 35 det
1049 2094 86 41 tyg,

195 2176 2 5 |
264 2136 116 34 hvarå
408 2135 196 38 broderiet
642 2145 41 27 är
720 2137 172 48 anbragt,
931 2139 85 35 med
1055 2139 81 35 till-|

195 2186 2 46 :
261 2185 90 47 lägg
386 2185 40 36 af
461 2189 46 34 20
538 2193 178 42 procent;
745 2201 85 22 men
860 2201 60 22 om
951 2195 108 42 tyget
1088 2197 41 27 är

262 2235 173 46 tullfritt,
465 2242 114 43 utgår
615 2239 121 35 tullen
775 2239 84 35 med
893 2242 44 34 10
968 2246 161 41 procent

294 2300 66 25 Bih.
380 2300 43 25 till
441 2300 99 26 Riksd.
562 2302 75 26 Prot.
661 2302 84 26 1886.
782 2302 18 25 53
819 2302 84 25 Saml.
944 2303 13 24 1
978 2302 69 34 Afd.
1084 2303 18 25 9
1121 2303 81 33 Häft.
1710 2309 14 22 2
