2136 2672
584 172 341 32 Jordbruksutskottets
948 171 163 33 utlåtande
1134 171 52 32 Nr
1209 172 51 31 42.
1665 171 40 31 13

277 267 44 22 nr
361 255 73 34 273
474 253 41 36 af
552 253 87 36 herr
684 253 133 36 Olsson
857 252 12 36 i
897 251 112 50 Berg,
1038 251 13 36 1
1079 251 153 37 hvilken
1261 251 142 36 motion
1432 250 227 48 hemställts,
1691 256 55 31 att

148 306 216 49 Riksdagen
405 304 198 49 behagade
640 304 159 47 besluta,
830 309 54 32 att
912 304 63 36 vid
1003 303 335 49 utarrenderingen
1367 303 41 37 af
1430 303 314 48 Kastellegården

148 373 45 22 nr
210 360 18 35 1
246 359 85 36 med
344 357 283 50 underlydande
643 357 45 37 de
701 357 56 37 till
772 356 227 50 försäljning
1014 356 215 49 föreslagna
1246 356 272 49 lägenheterna
1533 369 46 23 nr
1593 357 151 35 24-—32

149 410 198 50 (Ch—Cq)
388 409 208 38 bibehållas
629 410 62 36 vid
720 409 173 37 arrendet
921 409 70 36 och
1020 408 262 37 arrendatorns
1312 408 134 49 afdrag
1474 408 59 36 för
1560 408 188 49 mistning

148 463 41 36 af
219 462 224 48 afkastning
476 462 83 36 från
588 462 163 35 försålda
778 467 84 43 torp
891 462 12 35 i
932 461 206 47 anledning
1165 460 110 36 däraf
1297 460 290 48 vederbörligen
1614 464 131 32 rättas.

278 515 74 36 Till
381 514 84 37 stöd
494 514 57 37 för
579 513 58 37 sin
666 513 279 49 framställning
973 512 114 37 hafva
1114 513 86 36 herr
1229 512 233 49 Uddenberg
1491 526 48 22 m.
1561 511 36 37 f.
1621 512 126 36 anfört

148 567 183 49 följande:

277 619 169 37 »Genom
474 618 287 51 propositionen
788 632 45 22 nr
862 619 47 35 64
935 618 67 36 har
1021 618 218 48 föreslagits
1259 616 228 50 försäljning
1507 617 119 48 enligt
1647 618 96 35 1909

149 675 59 33 års
236 671 237 37 föreskrifter
501 670 41 37 af
571 672 48 35 32
656 676 84 44 torp
771 670 70 37 och
868 670 220 49 lägenheter
1116 669 83 37 från
1227 669 307 36 kronodomänen
1562 668 184 37 Kastelle-

150 724 156 49 gården,
348 724 155 36 hvilken
530 723 12 36 i
570 723 285 50 propositionen
884 722 204 37 betecknas
1117 725 121 34 såsom
1269 735 45 23 en
1344 722 40 36 af
1408 721 45 37 de
1480 721 269 37 värdefullaste

146 775 449 51 jordbruksegendomar,
625 788 81 23 som
734 775 121 36 finnas
883 775 12 35 1
922 775 163 36 kronans
1114 780 84 43 ägo.

279 827 219 37 Emellertid
539 828 68 35 har
648 827 130 36 Andra
818 827 217 36 kammaren
1068 833 126 30 senast
1227 826 62 36 vid
1318 826 122 37 denna
1467 826 158 48 riksdag
1652 838 95 36 upp-

149 886 107 45 repat
284 880 63 37 det
375 879 128 49 gamla
531 879 147 36 krafvet
706 892 61 24 om
795 879 145 48 förslag
968 879 56 36 till
1051 892 75 36 nya
1154 878 138 37 former
1320 878 59 36 för
1407 878 128 49 dylika
1562 878 185 48 upplåtel-

150 946 59 24 ser
249 933 83 36 från
374 932 165 36 kronans
567 931 386 49 jordbruksdomäner
988 931 69 36 och
1086 931 177 36 särskildt
1290 944 45 23 en
1363 944 52 36 ny
1444 930 92 36 form
1569 929 56 36 för
1652 943 96 36 upp-

149 986 129 36 låtelse
307 984 85 37 med
420 984 169 49 tryggad
621 983 304 49 besittningsrätt
952 984 69 36 och
1051 984 67 35 har
1147 983 127 36 därom
1304 983 109 36 äfven
1432 983 82 35 från
1533 983 215 47 regerings-

149 1037 76 37 håll
266 1037 159 49 nyligen
467 1036 215 37 förebådats
723 1041 53 31 ett
817 1036 239 36 förestående
1096 1034 377 50 regeringsinitiativ.
1542 1034 205 49 Meningen

149 1089 154 37 därmed
345 1095 52 40 är,
428 1093 55 31 att
510 1088 58 48 de,
608 1101 80 23 som
717 1088 49 36 ha
793 1088 65 36 råd
888 1093 54 31 att
968 1088 126 37 betala
1121 1087 256 50 köpeskilling
1405 1087 58 36 för
1492 1086 166 47 marken,
1687 1089 58 33 må

148 1141 101 37 hålla
277 1142 62 48 sig
367 1141 57 36 till
453 1140 72 37 den
556 1140 172 37 enskilda
751 1140 147 49 jorden,
929 1140 118 36 under
1075 1140 63 36 det
1165 1140 167 36 kronans
1354 1138 106 37 mark
1480 1139 68 36 bör
1565 1152 91 22 vara
1675 1138 74 37 för-

148 1193 176 37 behållen
353 1193 45 36 de
428 1192 146 49 fattiga.
623 1192 137 37 Vidare
788 1192 166 49 skyddas
983 1192 132 36 endast
1143 1194 48 47 på
1220 1191 102 37 detta
1342 1195 73 32 sätt
1434 1191 211 36 ändamålet
1664 1190 84 36 med

150 1245 248 51 upplåtelsen,
428 1247 41 33 så
498 1250 54 31 att
574 1244 136 49 jorden
730 1244 33 48 ej
785 1258 139 35 genom
945 1244 289 50 spekulationen
1254 1243 172 49 fördyras
1448 1244 56 35 för
1522 1242 226 37 kommande

151 1297 146 37 släkten
340 1296 88 37 eller
467 1299 70 46 går
578 1296 57 37 till
664 1296 115 37 andra
816 1296 184 47 ändamål,
1031 1300 48 32 än
1106 1296 147 36 kronan
1283 1296 122 35 afsett.
1462 1295 72 36 Det
1562 1300 40 31 är
1629 1294 122 36 under

152 1350 141 36 sådana
322 1349 260 36 förhållanden
610 1348 224 50 beklagligt,
865 1354 54 31 att
947 1348 113 37 sedan
1088 1350 140 47 många
1260 1350 39 33 år
1319 1347 155 37 tillbaka
1494 1359 46 24 en
1558 1346 191 48 utförsälj-

151 1402 96 48 ning
275 1402 39 36 af
339 1401 166 36 kronans
534 1400 179 37 småbruk
740 1403 122 46 pågår
890 1406 90 31 utan
1005 1400 176 36 omtanke
1200 1400 13 36 i
1233 1399 280 36 ofvannämnda
1533 1398 215 37 afseenden.

280 1453 131 38 Under
440 1453 140 37 sådana
608 1452 259 37 förhållanden
896 1452 71 37 och
995 1452 86 37 med
1110 1452 147 50 hänsyn
1286 1451 57 37 till
1364 1451 127 36 Andra
1511 1451 241 36 kammarens

151 1505 282 37 ofvannämnda
462 1506 157 48 nyligen
647 1505 143 36 fattade
817 1504 136 49 beslut,
984 1517 112 37 synes
1126 1504 369 36 företänksamheten
1523 1503 143 47 kräfva,
1697 1508 54 31 att

151 1559 72 36 den
265 1558 227 49 myckenhet
532 1557 225 48 välbelägna
797 1557 350 47 kronolägenheter,
1191 1569 80 23 som
1314 1556 118 48 enligt
1470 1555 281 49 propositionen

151 1610 119 36 skulle
298 1609 178 48 utbjudas
504 1609 57 36 till
590 1609 92 47 salu,
711 1609 176 49 upplåtas
915 1611 48 46 på
992 1608 158 36 arrende
1178 1608 75 36 tills
1272 1608 128 35 vidare
1420 1607 70 36 och
1510 1607 56 36 till
1585 1607 84 36 dess
1689 1606 63 37 det

150 1675 75 35 nya
252 1661 328 50 upplåtelsesättet
607 1661 171 36 kommer
805 1661 57 36 till
891 1660 119 37 stånd.
1068 1659 126 37 Saken
1218 1659 125 37 kunde
1364 1659 229 51 exempelvis
1612 1658 137 37 ordnas

152 1716 52 45 så,
234 1719 54 31 att
315 1713 271 49 lägenheterna
612 1712 310 38 utarrenderades
941 1715 48 47 på
1010 1714 47 35 20
1078 1715 39 33 år
1137 1712 88 37 eller
1245 1725 103 24 mera
1366 1712 85 36 med
1470 1711 282 37 företrädesrätt

152 1765 251 50 (optionsrätt)
442 1766 56 35 till
531 1779 51 35 ny
618 1765 210 48 upplåtelse
856 1766 58 35 för
940 1765 188 36 brukaren
1158 1764 70 36 och
1255 1764 94 36 hans
1379 1764 132 48 familj,
1541 1769 98 30 samt
1667 1763 84 36 med

151 1817 267 37 bestämmelse
446 1817 132 48 tillika,
610 1821 54 32 att
692 1817 173 37 arrendet
893 1817 119 36 skulle
1039 1816 154 49 utbytas
1222 1821 79 31 mot
1330 1816 62 36 det
1419 1829 75 36 nya
1521 1814 231 51 upplåtelse-

153 1874 123 43 sättet,
304 1874 67 32 när
399 1870 103 36 detta
530 1882 129 24 senare
687 1868 127 37 blifvit
840 1869 151 49 lagfäst,
1022 1869 124 36 därest
1173 1868 244 37 arrendatorn
1442 1871 40 33 så
1502 1868 148 37 önskar.
1693 1867 58 36 Då

152 1922 103 36 detta
286 1935 76 35 nya
392 1921 288 50 upplåtelsesätt
708 1921 182 48 gifvetvis
918 1921 71 36 blir
1016 1921 117 36 minst
1160 1921 75 35 lika
1263 1920 250 48 fördelaktigt
1540 1920 58 36 för
1625 1932 127 23 arren-

152 1974 137 35 datorn
330 1987 80 23 som
453 1973 183 47 arrendet,
679 1974 95 35 lärer
814 1976 117 46 något
964 1973 132 36 hinder
1139 1973 56 35 för
1223 1978 54 30 ett
1305 1972 135 36 sådant
1467 1972 154 36 villkors
1651 1971 101 36 stad-

151 2026 127 48 gande
307 2026 32 47 ej
369 2030 102 32 möta
500 2025 120 48 enligt
647 2038 76 35 nya
750 2025 421 50 nyttjanderättslagen,
1201 2024 70 36 och
1301 2024 11 36 i
1340 2024 131 49 hvarje
1500 2023 64 37 fall
1583 2024 170 35 kommer

151 2077 244 49 naturligtvis
424 2082 123 31 staten
576 2082 54 31 att
657 2077 103 36 finna
787 2077 61 49 sig
866 2077 153 37 bunden
1040 2077 41 36 af
1096 2082 53 31 ett
1169 2077 134 36 sådant
1323 2076 146 36 villkor.
1514 2075 239 37 Stockholms

152 2129 84 37 stad
278 2130 68 35 har
386 2129 149 36 förfarit
576 2132 47 46 på
664 2134 54 31 ett
758 2128 178 37 liknande
969 2134 74 31 sätt
1071 2129 84 36 med
1181 2129 175 35 afseende
1384 2130 48 47 på
1460 2132 180 42 tomträtt,
1671 2140 81 23 som

150 2181 12 36 1
192 2181 109 49 fråga
344 2194 60 24 om
445 2181 208 50 upplåtelse
695 2181 40 36 af
771 2186 136 32 tomter
950 2181 82 36 från
1060 2181 138 36 allmän
1227 2180 106 36 mark
1369 2186 190 30 motsvara
1587 2180 61 36 det
1676 2180 76 36 för-

151 2234 162 36 väntade
354 2247 75 35 nya
469 2233 323 50 upplåtelsesättet
834 2233 40 36 af
912 2233 136 36 allmän
1085 2233 86 49 jord
1214 2232 55 36 till
1311 2231 439 50 jordbrukslägenheter.

151 2285 120 36 Innan
300 2285 195 49 stadsplan
524 2285 134 37 hunnit
686 2291 209 44 upprättas,
924 2285 68 36 har
1010 2285 193 48 nämligen
1223 2284 179 48 inträffat,
1424 2289 54 31 att
1503 2288 136 32 tomter
1657 2296 96 37 upp-
