2138 2671
615 152 341 32 Jordbruksutskottets
982 151 160 32 utlåtande
1166 150 52 32 Nr
1241 152 50 31 42.
1675 150 38 32 15

161 233 70 37 ock
267 233 156 37 emedan
466 232 61 37 det
556 233 10 36 i
596 245 46 24 en
679 231 152 37 framtid
859 231 125 37 kunde
1012 230 117 38 blifva
1158 231 40 36 af
1222 231 193 49 betydelse
1444 231 58 37 för
1528 232 146 37 kronan
1703 238 57 31 att

152 291 80 44 äga
260 284 256 38 strandrätten
544 285 64 36 vid
635 284 148 37 Nordre
808 284 54 37 älf
888 282 179 38 orubbad.
1123 283 72 37 Det
1223 283 74 37 kan
1326 283 183 49 därjämte
1538 284 221 38 framhållas

158 338 220 49 ytterligare
420 340 64 34 två
518 337 92 48 skäl,
640 337 151 36 hvarför
820 341 54 32 ett
902 336 132 37 sådant
1062 336 269 37 kvarhållande
1360 336 40 36 af
1424 336 102 37 vissa
1553 342 85 44 torp
1666 351 90 24 vore

159 390 223 37 önskvärdt:
426 403 138 36 genom
606 390 73 36 den
711 403 51 22 nu
802 389 190 37 forcerade
1026 388 256 49 föryttringen
1311 389 41 36 af
1375 395 84 44 torp
1488 389 269 50 undandrager

160 456 86 23 man
288 443 82 35 från
410 442 236 47 egendomen
687 455 48 23 en
777 447 78 31 stor
897 442 60 35 del
999 441 41 35 af
1070 441 86 36 dess
1185 441 300 37 hittillsvarande
1514 442 240 46 arbetskraft,

159 495 144 36 hvilket
344 494 156 48 medför,
537 496 122 34 såsom
687 493 565 50 uppskattningsinstrumentet
1279 492 112 48 visar,
1421 493 335 49 nödvändigheten

160 552 55 31 att
251 547 163 49 uppföra
450 552 52 31 ett
539 546 121 37 flertal
700 559 76 36 nya
816 544 359 48 arbetarebostäder,
1217 545 129 36 vidare
1386 545 125 36 afskär
1551 559 87 23 man
1684 547 73 36 den

158 598 235 50 ifrågasatta,
436 599 40 36 af
513 598 256 50 egendomens
811 597 269 49 skogsområde
1109 597 147 37 bildade
1283 597 266 50 kronoparken
1581 598 78 37 helt
1687 599 70 37 och

158 651 117 37 hållet
305 651 82 36 från
416 651 83 36 dess
529 651 188 48 naturliga
745 650 228 37 förbindelse
1001 650 84 36 med
1115 649 137 37 älfven.

290 704 67 36 Att
399 704 102 36 detta
541 703 82 36 icke
664 703 75 36 kan
781 716 88 23 vara
902 707 51 32 ett
981 706 75 32 rätt
1084 702 245 49 aktgifvande
1357 706 48 46 på
1433 703 130 36 vikten
1592 704 41 35 af
1656 705 102 63 goda

161 757 352 48 afsättningsvägar
541 756 59 36 för
630 755 284 49 kronoparkens
944 754 175 36 framtida
1139 731 225 73 atkastning
1383 755 189 37 förefaller
1591 756 81 48 mig
1686 759 71 46 'på-

160 809 149 49 tagligt.
344 785 147 60 ”Åfven
533 808 58 36 för
631 807 287 59 kronoparkens
946 811 98 32 rätta
1073 807 140 36 skötsel
1241 807 76 37 kan
1336 784 173 73 tillgång
1535 810 49 46 på
1612 808 144 37 arbets-

159 861 101 36 kraft
301 861 83 36 visa
426 861 61 48 sig
527 860 179 48 behöflig,
736 860 12 36 i
778 859 49 37 all
855 859 208 50 synnerhet
1092 872 80 24 som
1201 858 104 38 vissa
1333 865 149 44 torpare
1511 859 57 37 till
1597 860 94 49 följd
1721 861 41 36 af

158 914 102 48 läget
275 914 100 36 helst
393 913 173 49 uppsöka
586 912 62 37 det
666 912 233 48 närbelägna
917 911 173 49 Kungälf
1106 912 58 35 för
1184 917 54 31 att
1258 912 36 36 få
1309 912 144 38 arbetet
1468 912 118 47 högre
1601 913 152 36 betaldt.

289 965 71 37 Om
397 979 51 23 nu
477 979 46 23 en
553 965 59 36 del
640 970 83 45 torp
752 964 231 37 fortfarande
1010 964 150 36 komme
1188 968 55 32 att
1270 964 208 38 bibehållas
1508 964 62 37 vid
1599 965 156 48 gården,

159 1018 120 37 skulle
309 1018 142 37 antalet
480 1018 68 36 här
575 1016 148 38 bildade
748 1030 99 35 egna
866 1017 87 35 hem
972 1016 117 37 blifva
1108 1016 157 48 mindre,
1288 1021 47 32 än
1355 1030 61 23 om
1435 1017 130 48 kungl.
1586 1018 170 48 proposi-

158 1071 129 36 tionen
329 1071 78 36 helt
434 1070 161 46 bifalles,
625 1069 145 36 hvilket
798 1070 40 48 ju
865 1069 75 36 kan
969 1081 114 37 synas
1111 1068 145 37 mindre
1285 1069 221 44 tilltalande,
1538 1069 46 36 då
1612 1069 61 36 det
1696 1070 60 36 för

158 1124 100 36 visso
302 1128 40 31 är
383 1121 208 38 önskvärdt
634 1127 54 31 att
715 1121 13 36 i
756 1124 40 33 så
836 1121 208 36 vidsträckt
1084 1123 87 33 mån
1213 1134 81 23 som
1332 1121 151 50 möjligt
1510 1121 101 37 bilda
1639 1135 114 36 egna-

158 1175 347 49 hems-lägenheter
534 1174 41 36 af
598 1174 360 36 kronodomänerna.
1013 1173 87 36 Men
1129 1175 20 33 å
1178 1173 117 36 andra
1322 1173 107 36 sidan
1458 1186 112 37 synes
1591 1173 62 37 det
1670 1180 85 30 rent

159 1228 41 36 af
238 1227 131 37 oklokt
408 1232 65 43 att,
516 1227 46 36 då
596 1226 292 49 hufvudgården
916 1225 70 37 och
1015 1225 288 49 skogsområdet
1331 1225 231 37 fortfarande
1589 1225 166 37 behållas

159 1280 41 36 af
239 1280 156 48 kronan,
439 1278 180 50 frånsälja
660 1277 301 38 strandområdet
998 1277 56 37 till
1094 1277 148 37 Nordre
1279 1277 62 47 älf,
1370 1278 145 36 hvilket
1544 1278 212 49 säkerligen

161 1332 123 49 aldrig
312 1332 120 36 skulle
462 1331 159 37 kommit
648 1334 48 46 på
725 1331 121 48 fråga,
875 1331 11 36 i
915 1330 177 36 händelse
1121 1329 147 37 enskild
1287 1330 127 36 varit
1405 1335 113 43 ägare
1538 1330 42 36 af
1599 1331 154 48 gården.

288 1384 17 36 I
345 1384 153 48 frågans
527 1383 219 37 nuvarande
770 1383 86 48 läge
885 1382 136 37 tilltror
1063 1396 49 35 jag
1132 1383 79 48 mig
1230 1382 83 36 icke
1333 1388 54 30 att
1403 1383 151 36 utöfver
1574 1360 181 71 förslaget

160 1437 137 37 föreslå
326 1413 208 72 styckning
561 1436 12 36 i
601 1412 230 59 utkanterna
857 1438 48 46 på
929 1434 234 49 egendomen
1184 1411 115 59 sådan
1320 1434 72 37 den
1412 1448 48 22 nu
1482 1440 41 30 är
1543 1434 212 50 föreslagen

161 1495 53 31 att
255 1488 207 37 bibehållas
504 1501 80 24 som
627 1488 166 46 arrende,
833 1487 58 36 för
919 1463 54 60 att
1002 1486 202 37 såmedelst
1231 1492 94 43 göra
1352 1486 134 50 utbyte
1514 1492 79 31 mot
1621 1501 46 23 en
1696 1487 58 37 del

159 1549 96 42 torp.
312 1540 88 37 Men
442 1540 63 37 det
547 1540 174 49 erbjuder
762 1540 61 49 sig
864 1540 67 35 här
971 1539 159 36 faktiskt
1172 1544 53 31 ett
1266 1539 110 36 osökt
1416 1538 145 37 tillfälle
1599 1544 55 31 att
1681 1540 75 35 låta

159 1594 112 36 äfven
300 1593 108 36 dessa
436 1598 148 43 torpare
613 1592 152 36 komma
793 1592 56 36 till
878 1592 57 36 sin
963 1596 76 31 rätt
1068 1596 53 31 att
1150 1591 199 49 spekulera
1376 1594 47 46 på
1444 1604 99 35 egna
1556 1591 198 49 jordbruk.

159 1645 45 49 Ej
248 1644 145 37 mindre
435 1649 47 31 än
526 1646 43 34 11
614 1657 74 37 nya
725 1643 429 64 jordbrukslägenheter
1194 1643 12 36 1
1247 1643 182 36 närheten
1475 1643 41 37 af
1552 1644 202 49 järnvägs-

160 1698 188 36 stationen
386 1697 155 36 föreslås
585 1697 56 35 till
682 1696 228 49 nybildning
938 1698 20 33 å
987 1695 331 47 Kastellegårdens
1347 1695 217 37 nuvarande
1594 1696 159 36 område.

160 1750 193 49 Torparne
395 1749 48 36 ha
481 1749 157 36 sålunda
666 1749 112 36 äfven
806 1748 67 36 här
902 1753 53 31 ett
984 1747 150 50 mycket
1155 1725 181 71 lämpligt
1365 1748 157 47 tillfälle,
1552 1761 61 23 om
1643 1748 44 36 de
1716 1751 40 33 så

161 1800 115 38 hellre
317 1801 103 48 vilja,
465 1806 53 31 att
560 1801 120 36 skaffa
722 1801 61 48 sig
823 1813 99 35 egna
963 1800 96 35 hem.
1117 1798 80 37 Och
1239 1799 45 36 de
1326 1799 128 36 kunna
1495 1804 25 31 t.
1564 1813 32 23 o.
1631 1813 47 22 m.
1708 1803 48 46 på

160 1849 173 58 lämpligt
362 1826 75 79 sätt
465 1853 137 48 själfva
631 1830 151 70 deltaga
809 1853 12 35 i
846 1852 128 36 dessas
995 1851 241 37 anordnande
1256 1852 69 36 och
1344 1852 265 49 bebyggande,
1631 1865 60 23 om
1711 1852 46 36 de

160 1919 52 23 nu
240 1906 118 35 under
385 1908 65 33 två
478 1908 40 33 år
542 1905 187 37 bibehålla
749 1905 82 36 sina
850 1910 84 43 torp
955 1904 69 36 och
1044 1903 198 49 samtidigt
1262 1904 117 36 ordna
1400 1904 83 36 med
1504 1903 253 50 bebyggande

160 1957 42 36 af
226 1957 72 36 den
327 1957 203 36 eventuellt
557 1956 157 50 inköpta
742 1956 238 49 lägenheten.
1014 1955 76 49 Jag
1118 1955 63 36 vill
1212 1955 162 47 förorda,
1404 1960 54 31 att
1487 1956 44 35 de
1563 1956 58 36 vid
1642 1956 115 36 sådan

160 2009 240 49 spekulation
427 2008 126 37 kunde
581 2008 246 37 tillerkännas
855 2008 96 36 visst
979 2007 183 37 företräde
1191 2007 157 36 framför
1377 2008 124 36 andra.

290 2061 83 36 Den
402 2060 390 49 arrendeminskning,
822 2073 81 24 som
933 2059 244 37 arrendatorn
1205 2059 64 37 vid
1298 2060 118 36 sådan
1434 2060 141 36 ändrad
1597 2060 159 49 disposi-

160 2114 79 36 tion
268 2113 76 36 kan
372 2113 256 47 tillerkännas,
658 2115 118 34 måste
804 2112 12 36 i
845 2113 58 36 sin
933 2111 163 50 ordning
1124 2111 287 49 vederbörligen
1435 2112 196 49 justeras.»

290 2217 72 37 Det
390 2216 158 50 förslag,
578 2230 80 23 som
685 2217 205 37 innefattas
919 2217 11 36 i
959 2217 72 36 den
1059 2217 41 36 af
1124 2216 86 37 herr
1235 2216 232 49 Uddenberg
1486 2230 47 22 m.
1554 2217 36 35 fl.
1614 2216 143 49 afgifna

159 2269 194 38 motionen
395 2269 12 36 i
449 2283 50 22 nu
543 2269 246 37 förevarande
832 2275 119 42 ämne,
994 2268 69 37 har
1103 2269 185 37 utskottet
1316 2269 83 37 icke
1426 2269 143 37 kunnat
1597 2269 158 37 biträda.

1823 2225 119 25 Utskottet.
