1892 2794
502 117 437 32 Koni.titutionsutskottets
962 117 175 32 utlåtande
1158 127 42 22 nr
1228 117 48 31 11.
1627 113 19 29 5

818 297 60 40 Nr
906 298 60 40 14.

361 415 453 31 Konstitutionsutskottets
834 416 180 30 utlåtande
1034 417 10 29 i
1062 416 190 40 anledning
1269 425 43 21 av
1331 416 123 30 väckta
1473 416 172 29 motioner

584 467 179 40 angående
803 467 391 40 mandatfördelningen
1234 467 129 30 mellan
1405 466 239 30 valkretsarna

585 519 56 29 vid
662 519 55 29 val
737 519 53 29 till
809 518 197 40 riksdagen.

186 620 56 29 Uti
269 620 41 29 de
338 620 235 39 likalydande,
600 620 53 29 till
681 620 427 30 konstitutionsutskottet
1136 620 192 30 hänvisade
1357 620 219 29 motionerna
1603 629 42 19 nr

143 670 60 30 142
223 671 10 29 i
252 671 111 30 första
381 671 208 29 kammaren
607 680 42 21 av
667 671 81 29 herr
767 671 196 30 Gustavson
981 681 46 20 m.
1045 671 39 40 fl.
1103 671 64 29 och
1187 680 42 20 nr
1248 670 60 30 241
1330 671 11 29 i
1361 671 109 29 andra
1488 671 157 29 kamma-

140 731 62 20 ren
225 732 43 20 av
289 722 81 29 herr
392 722 165 30 Hedlund
579 722 12 28 i
614 722 134 29 Rådom
770 732 46 20 m.
839 722 38 40 fl.
901 722 202 30 hemställes
1129 724 71 28 »att
1223 722 188 39 riksdagen
1434 721 55 30 för
1514 721 53 30 sin
1590 721 53 29 del

140 772 108 31 måtte
272 773 121 34 uttala,
417 774 50 28 att
489 773 11 29 i
523 773 67 29 den
612 773 217 39 folkmängd,
854 782 74 20 som
951 773 107 39 ligger
1081 773 52 29 till
1158 773 113 39 grund
1294 772 55 30 för
1372 772 274 29 mandatfördel-

141 823 128 40 ningen
288 824 45 40 på
351 824 94 29 olika
462 824 205 34 valkretsar,
687 824 123 29 endast
829 824 211 29 medräknas
1060 824 150 29 svenska
1228 823 226 39 medborgare
1475 824 90 28 samt
1584 824 60 32 att,

141 875 117 30 därest
277 875 150 39 ändring
446 884 42 21 av
507 875 100 39 lagen
627 884 56 20 om
704 875 55 29 val
778 874 53 30 till
851 875 187 38 riksdagen
1059 874 112 30 skulle
1191 883 84 21 vara
1296 873 206 39 erforderlig
1521 873 11 29 i
1552 873 93 29 detta

140 926 181 33 avseende,
346 926 428 29 konstitutionsutskottet
799 925 107 30 måtte
932 925 160 30 utarbeta
1116 925 133 38 förslag
1272 925 54 28 till
1351 924 161 38 lagtext».

185 976 228 30 Beträffande
435 976 253 39 motiveringen
709 976 55 30 får
786 977 171 29 utskottet
978 976 147 30 hänvisa
1146 976 53 29 till
1222 975 230 30 motionerna.

186 1106 117 38 Enligt
335 1105 37 37 88
405 1105 19 29 6
454 1105 65 30 och
551 1105 38 29 15
620 1105 359 39 riksdagsordningen
1009 1105 88 30 skall
1128 1105 132 29 antalet
1290 1104 145 30 mandat
1465 1104 55 29 för
1549 1103 97 39 varje

140 1156 291 29 förstakammar-
454 1165 90 31 resp.
571 1156 431 29 andrakammarvalkrets
1028 1156 53 29 stå
1106 1155 12 30 i
1142 1155 149 30 relation
1316 1155 53 29 till
1395 1154 250 39 folkmängden

139 1207 96 29 inom
255 1207 173 34 området;
451 1206 90 30 dock
562 1206 88 29 skall
673 1206 57 29 vid
755 1206 54 30 val
835 1206 52 29 till
909 1206 110 29 andra
1039 1206 208 29 kammaren
1269 1204 104 39 ingen
1394 1204 153 30 valkrets
1568 1205 77 27 utse

141 1258 94 30 färre
259 1259 45 29 än
327 1260 52 28 tre
402 1258 257 38 riksdagsmän.
683 1257 258 40 Fördelningen
964 1267 43 20 av
1029 1257 191 30 mandaten
1245 1256 192 30 fastställes
1461 1256 11 29 i
1496 1256 151 38 enlighet

139 1310 80 28 med
245 1310 41 29 de
312 1309 11 29 i
350 1308 149 30 anförda
525 1308 203 40 paragrafer
754 1309 163 29 närmare
943 1308 150 39 angivna
1118 1307 228 39 riktlinjerna
1372 1315 41 21 av
1440 1307 204 38 Konungen.

140 1360 67 29 Till
235 1360 114 39 grund
375 1360 55 29 för
457 1360 95 29 detta
579 1359 264 30 bestämmande
871 1360 91 38 ligga
989 1358 407 39 folkmängdsuppgifter
1423 1357 81 30 från
1532 1357 114 29 statis-

140 1410 93 30 tiska
258 1410 256 39 centralbyrån.
541 1410 116 39 Enligt
683 1410 68 29 den
776 1410 58 30 vid
858 1410 213 39 tidpunkten
1096 1409 56 29 för
1177 1408 376 39 riksdagsordningens
1579 1407 68 29 till-

137 1461 118 30 komst
273 1461 159 39 gällande
451 1460 232 37 kungörelsen
700 1469 43 20 av
762 1460 65 30 den
847 1460 20 29 4
883 1460 186 30 november
1089 1459 79 29 1859
1187 1468 56 20 om
1261 1458 224 30 meddelande
1504 1466 41 20 av
1563 1466 84 28 upp-

142 1512 103 39 gifter
273 1512 53 30 till
355 1512 110 29 rikets
495 1511 168 30 officiella
693 1512 155 29 statistik
878 1511 112 30 skulle
1020 1511 55 29 för
1104 1509 428 40 befolkningsstatistiken
1561 1517 85 31 upp-

141 1563 103 38 gifter
265 1572 57 20 om
342 1563 109 29 rikets
472 1562 207 39 folkmängd
699 1562 178 30 meddelas
900 1562 194 30 statistiska
1116 1560 246 39 centralbyrån
1384 1560 54 29 för
1460 1559 96 39 varje
1577 1559 70 29 för-

142 1614 150 39 samling
318 1614 11 29 i
357 1613 92 30 form
478 1623 42 20 av
547 1613 126 39 utdrag
699 1622 42 20 ur
768 1612 363 39 husförhörslängden
1160 1612 83 29 eller
1271 1610 267 39 förteckningen
1566 1610 80 29 över

141 1664 253 39 församlingen
413 1664 211 30 tillhörande
644 1673 176 30 personer.
842 1663 255 39 Fördelningen
1119 1672 42 20 av
1181 1662 191 30 mandaten
1393 1661 80 39 äger
1494 1660 152 39 alltjämt

141 1724 80 21 rum
249 1715 135 30 utifrån
412 1716 41 29 de
481 1725 43 20 av
551 1715 325 40 pastorsämbetena
904 1715 52 29 till
987 1714 195 30 statistiska
1210 1711 246 40 centralbyrån
1485 1710 161 30 lämnade

141 1766 225 39 uppgifterna
389 1766 178 38 angående
592 1765 161 39 samtliga
775 1766 96 29 inom
895 1765 158 30 området
1075 1764 299 39 kyrkobokförda.
1399 1764 12 28 I
1434 1764 102 29 dessa
1558 1763 89 29 folk-

140 1817 329 39 mängdsuppgifter
493 1816 82 39 ingå
599 1816 120 29 därför
743 1817 87 29 även
853 1815 289 40 kyrkobokförda
1166 1815 238 38 utlänningar.

186 1868 13 28 I
222 1877 48 19 nu
293 1867 230 29 förevarande
547 1867 172 29 motioner
742 1866 148 30 föreslås
915 1866 109 30 sådan
1048 1866 150 38 ändring
1221 1865 227 33 härutinnan,
1473 1866 50 28 att
1546 1865 11 28 i
1580 1865 66 28 den

141 1918 218 38 folkmängd,
382 1927 74 20 som
479 1917 89 30 skall
589 1917 117 39 läggas
728 1917 52 29 till
804 1917 112 39 grund
938 1917 55 29 för
1014 1915 392 39 mandatfördelningen
1427 1915 130 30 mellan
1577 1915 71 30 val-

141 1968 195 34 kretsarna,
363 1968 123 29 endast
514 1968 149 29 svenska
688 1967 227 39 medborgare
943 1967 97 29 skola
1066 1966 223 30 medräknas.
1318 1966 257 29 Motionärerna
1603 1966 44 28 ha

142 2020 101 29 tänkt
266 2019 60 39 sig,
349 2019 49 29 att
420 2028 42 20 en
485 2018 109 30 sådan
616 2018 150 39 ändring
788 2018 112 30 skulle
921 2018 121 29 kunna
1063 2017 102 30 träda
1185 2017 11 29 i
1217 2016 224 40 tillämpning
1462 2016 108 29 redan
1591 2015 56 30 vid

142 2070 237 29 innevarande
407 2069 56 30 års
491 2069 342 30 andrakammarval.
862 2069 176 29 Utskottet
1064 2068 59 30 vill
1151 2068 10 29 i
1189 2067 190 38 anledning
1405 2067 109 29 härav
1541 2066 107 29 fram-

142 2120 104 34 hålla,
269 2122 50 28 att
340 2121 94 28 detta
456 2120 219 29 sistnämnda
696 2120 76 29 icke
793 2129 62 20 ens
875 2120 38 29 är
933 2119 156 29 tekniskt
1111 2118 148 39 möjligt.
1281 2118 65 28 Vid
1367 2117 215 29 bedömande
1604 2116 44 39 på

143 2170 118 38 längre
286 2171 69 29 sikt
380 2180 41 20 av
445 2179 43 20 en
511 2170 131 29 reform
666 2170 11 29 i
700 2170 239 29 motionernas
964 2169 89 38 syfte
1077 2169 62 28 bör
1163 2168 107 38 enligt
1294 2167 190 30 utskottets
1507 2167 141 37 mening

143 2221 154 33 beaktas,
321 2223 49 27 att
393 2221 131 28 antalet
546 2220 226 38 utlänningar
794 2220 11 29 i
826 2220 76 29 vårt
924 2220 82 29 land
1028 2219 54 29 för
1105 2218 219 29 närvarande
1347 2218 37 28 är
1406 2216 242 40 exceptionellt

144 2273 97 27 stort.
265 2271 102 29 Detta
390 2271 95 29 antal
508 2271 98 28 torde
628 2270 193 29 emellertid
845 2270 88 29 efter
955 2270 94 28 hand
1072 2270 143 28 komma
1238 2270 50 27 att
1312 2268 111 38 nedgå
1446 2275 122 31 genom
1592 2277 56 19 av-

143 2321 178 38 flyttning,
341 2320 271 30 naturalisation
631 2330 44 19 m.
696 2329 45 20 m.
762 2320 128 29 Därför
909 2321 38 28 är
966 2320 56 28 det
1041 2319 80 38 föga
1141 2318 179 38 antagligt,
1341 2319 49 28 att
1409 2317 66 29 den
1496 2317 152 29 omstän-

141 2371 174 38 digheten,
335 2373 49 27 att
401 2370 226 37 utlänningar
645 2370 211 28 medräknas
873 2369 10 28 i
903 2369 40 29 de
962 2367 414 39 befolkningsuppgifter,
1397 2376 72 19 som
1489 2366 87 38 ligga
1598 2365 49 29 lill

144 2423 112 37 grund
282 2422 55 29 för
363 2421 401 38 mandatfördelningen,
791 2420 70 29 kan
888 2420 173 38 varaktigt
1087 2419 143 29 komma
1257 2420 50 28 att
1335 2418 103 29 utöva
1464 2417 103 38 något
1593 2418 56 28 vä-
