2232 2616
626 152 396 33 Jordbruksutskottets
1054 153 188 33 utlåtande
1274 154 52 32 Nr
1348 155 53 30 26.
1726 154 41 31 23

845 231 2 13 |
879 249 41 24 Av
939 245 110 38 stuteri-
1441 233 2 55 |
1664 284 95 25 Minsk
1806 232 3 80 |

1696 292 72 17 insk-

486 301 5 5 :
651 309 6 6 ,
859 284 208 31 överstyrelsen
1145 284 45 32 Ny
1283 284 137 25 Blivande
1439 280 18 40 |
1482 295 67 12 Ar.:

308 300 267 33 FJOSEOGERNEER
615 309 37 16 NEN
669 308 62 17 ENG
884 318 159 33 föreslagen
1066 314 17 42 '
1103 319 135 32 lönegrad
1259 328 1 7 '
1283 320 135 32 avlöning
1477 302 113 33 Ökning
1682 319 69 32 ning

214 384 3 13 |
844 379 2 5 :
899 354 134 32 avlöning
1074 376 2 10 |
1442 352 2 35 |
1623 352 2 36 I
1806 364 4 72 |

214 416 3 10 |
245 430 55 27 Vid
319 431 129 35 Flyinge
467 431 179 34 hingstdepå
659 432 53 27 och
724 432 123 27 stuteri.'

360 492 20 26 I.
417 492 291 36 Begynnelselön.
1807 480 3 18 i

239 535 108 27 Chefeh
352 556 485 5 ...ssssesssssessreree
610 529 10 40 >
632 556 161 5 rrreereerrrrrr
797 529 43 40 rna
923 538 94 28 10,200
1325 530 78 43 9,500
1518 553 30 3 —
1718 539 51 25 700

238 570 152 28 Beridaren
421 591 415 5 osssennssesrersrereererereesr
762 564 50 44 sens
825 564 14 44 a
935 566 86 44 53,300
1130 572 22 26 B
1175 574 32 25 10
1324 574 78 30 4,122
1520 588 28 3 —
1693 574 75 31 1,178

238 605 189 28 Bokhållaren
457 627 133 4 o.ssssossoos
610 600 144 39 sososserrrrers
763 627 26 4 sis
798 627 15 4 sr
821 627 16 4 ar
939 602 78 41 5,300
1129 607 23 27 B
1190 609 16 24 9
1325 609 77 28 3,816
1517 623 31 3 —
1693 609 76 29 1,484

238 641 183 27 Veterinären
438 636 9 43 =
456 662 381 5 sssssrerersesrrsrerrerer
752 636 28 43 ror
784 636 20 43 rr
809 636 33 43 rna
939 644 78 30 5,300
1130 643 23 26 B
1174 643 33 26 10
1324 643 78 31 4,122
1517 658 32 3 --
1692 645 76 31 1,178

336 702 33 27 I.
407 701 133 36 Slutlig
560 703 175 35 avlöning.
1807 724 3 36 |

239 745 104 28 Chefen
353 766 121 5 ...........
922 748 95 31 10,200
1152 763 30 3 —
1325 748 78 31 9,500
1518 763 31 3 =
1718 750 51 24 700
1808 768 2 12 |

239 781 152 27 Beridaren
421 801 28 5 ...
821 802 16 4 os
939 783 78 30 5,900
1130 783 22 26 B
1175 784 32 25 10
1325 784 78 29 5,370
1517 798 31 3 —
1718 784 51 25 530

216 832 1 12 |
239 816 189 27 Bokhållaren
939 818 77 30 5,900
1129 818 23 26 B
1190 819 16 24 9
1325 818 77 31 5,058
1517 833 31 3 —
1717 819 51 25 842

240 847 182 42 Veterinären
938 848 81 41 5,900
1130 852 23 27 B
1174 854 32 25 10
1325 853 77 31 5,370
1518 868 29 3 —
1718 854 51 26 530
1806 856 5 27 |

342 905 70 31 Den
446 904 203 32 verkställda
683 904 215 41 utredningen
922 904 88 33 visar
1033 905 106 39 alltså,
1166 907 50 30 att
1240 905 62 32 den
1325 904 185 42 föreslagna
1532 905 279 42 löneregleringen

213 948 133 33 innebär
369 959 39 21 en
432 949 137 41 avgjord
592 948 60 32 och
676 949 242 41 genomgående
940 948 198 43 försämring
1161 960 42 21 av
1226 948 235 33 lönevillkoren
1484 948 51 33 för
1550 949 193 42 personalen
1759 950 53 32 vid

213 992 231 32 Strömsholms
467 992 204 42 hingstdepå,
696 992 61 32 och
778 992 125 42 jämväl
929 1011 39 4 —
992 1003 52 22 om
1067 992 127 41 hänsyn
1218 994 95 40 tages
1335 992 52 33 till
1409 993 61 32 den
1493 992 11 32 i
1528 995 100 30 annat
1648 1004 164 21 samman-

212 1036 89 41 hang
334 1035 186 41 föreslagna
552 1035 61 33 och
649 1046 42 21 av
725 1035 162 33 särskilda
919 1035 73 33 skäl
1014 1036 172 42 påkallade
1210 1034 314 44 löneförbättringen
1547 1037 52 32 för
1621 1037 191 42 personalen

214 1080 54 32 vid
291 1080 135 41 Flyinge
449 1079 198 42 hingstdepå
670 1079 60 32 och
755 1079 118 33 stuteri
898 1099 40 3 —
963 1080 51 32 för
1037 1080 203 32 sistnämnda
1262 1080 159 42 personal.

342 1123 63 32 Till
440 1123 244 42 förebyggande
708 1134 41 21 av
773 1134 40 21 en
836 1123 102 33 sådan
962 1125 124 40 utgång
1109 1135 41 21 av
1174 1124 279 41 löneregleringen
1475 1124 93 33 torde
1592 1124 140 33 allenast
1754 1125 58 32 två

214 1167 197 32 alternativa
434 1169 140 39 utvägar
596 1168 110 31 kunna
730 1167 129 32 anlitas.
905 1168 71 31 Den
999 1178 61 21 ena
1083 1172 45 35 är,
1154 1169 51 31 att
1228 1168 153 32 cheferna
1403 1167 141 33 tilldelas
1568 1168 101 41 högre
1693 1169 119 32 arvode

214 1211 60 32 och
309 1211 115 40 övriga
458 1211 198 41 tjänstemän
686 1211 179 41 uppflyttas
889 1210 51 33 till
964 1211 100 41 högre
1087 1211 156 41 lönegrad
1266 1212 87 31 inom
1376 1212 60 31 den
1460 1211 50 33 till
1534 1212 277 41 avlöningsregle-

214 1256 123 31 mentet
359 1255 144 32 hörande
526 1253 373 42 tjänsteförteckningen
923 1259 41 27 än
987 1254 61 32 den
1071 1265 41 21 av
1135 1254 118 41 Kungl.
1278 1255 95 42 Maj:t
1395 1255 196 41 föreslagna.
1625 1256 71 32 Den
1713 1256 100 32 andra

214 1303 46 34 är,
296 1300 49 30 att
379 1298 191 41 personalen
599 1297 168 41 medgives
790 1297 163 33 bibehålla
976 1298 207 32 förmånerna
1207 1310 42 21 av
1272 1299 42 31 fri
1337 1298 115 32 bostad
1476 1300 73 31 med
1571 1299 157 41 trädgård
1751 1300 61 31 och

214 1341 73 32 fritt
321 1341 137 32 bränsle.
505 1342 114 31 Denna
651 1351 115 22 senare
801 1343 102 39 utväg
937 1341 104 32 skulle
1075 1342 193 41 visserligen
1302 1342 154 32 innebära
1478 1344 50 31 ett
1550 1342 167 41 undantag
1739 1343 73 32 från

214 1385 95 41 eljest
342 1385 190 41 tillämpade
566 1385 212 41 grundsatser
806 1384 55 33 vid
883 1396 44 30 ny
951 1385 255 41 lönereglerings
1229 1386 262 41 genomförande,
1515 1396 74 22 men
1613 1386 39 32 de
1675 1391 138 37 säregna

213 1428 246 40 förhållandena
493 1428 54 32 vid
578 1428 275 42 hingstdepåerna
876 1429 61 32 och
961 1429 153 33 stuteriet
1137 1430 93 32 torde
1253 1429 51 33 till
1327 1429 112 42 fyllest
1461 1429 150 33 försvara
1635 1432 49 31 ett
1707 1430 106 42 dylikt

214 1473 175 40 undantag.

347 1516 69 32 Vad
448 1516 155 41 slutligen
635 1516 155 32 beträffar
813 1517 62 31 den
898 1515 11 32 i
933 1517 225 32 ovannämnda
1181 1516 124 33 motion
1328 1517 187 40 föreslagna
1535 1517 213 42 jämkningen
1772 1529 40 21 av

213 1559 277 42 löneregleringen
513 1559 11 32 i
547 1560 88 41 syfte
659 1561 51 31 att
732 1560 242 32 vederbörande
992 1560 190 33 bokhållare
1198 1561 114 38 skulle,
1330 1562 106 31 såsom
1453 1561 129 40 hittills,
1599 1561 11 32 i
1627 1561 184 42 avlönings-

214 1604 181 32 hänseende
418 1603 162 32 likställas
603 1604 73 31 med
694 1603 170 32 beridaren
881 1604 19 31 å
916 1615 125 21 samma
1058 1604 302 41 tjänstgöringsort,
1377 1604 59 32 har
1452 1605 360 41 stuteriöverstyrelsen

214 1647 50 33 för
297 1647 50 32 sin
381 1647 52 32 del
467 1647 73 31 icke
573 1648 103 39 något
709 1648 51 31 att
794 1647 108 32 erinra
933 1647 156 32 däremot.
1136 1648 105 32 Dessa
1263 1648 325 41 befattningshavare
1611 1649 87 32 hava
1721 1649 92 32 alltid

214 1691 88 32 förut
336 1690 135 41 åtnjutit
504 1689 207 33 sinsemellan
744 1689 68 33 lika
845 1693 92 29 stora
966 1690 336 42 avlöningsförmåner
1325 1691 61 32 och
1409 1702 106 30 synes,
1540 1692 10 31 i
1574 1691 143 42 enlighet
1740 1692 73 32 med

214 1734 62 32 vad
301 1734 162 41 styrelsen
486 1733 88 32 förut
597 1733 11 32 i
632 1734 134 31 ärendet
790 1733 118 39 anfört,
933 1734 104 32 denna
1059 1733 219 42 likställighet
1301 1735 79 32 böra
1403 1734 188 33 bibehållas.

345 1863 241 41 Fullmäktigen
620 1863 60 32 hos
714 1863 372 42 stuteriöverstyrelsen,
1122 1866 152 31 översten
1310 1864 137 34 friherre
1477 1865 54 33 W.
1556 1865 41 33 H.
1623 1876 64 22 von
1711 1865 101 33 Essen

214 1908 60 32 har
297 1907 148 33 närvarit
469 1907 53 32 vid
545 1907 238 40 behandlingen
807 1918 41 21 av
872 1907 91 33 detta
987 1908 126 33 ärende.

345 1951 190 33 Stockholm
558 1951 61 33 den
644 1952 18 31 8
687 1962 87 21 mars
801 1952 92 31 1923.

826 2038 93 31 ALB.
945 2030 258 40 LINDSTRÖM.

415 2081 107 31 Mart.
547 2080 154 32 NYBORG.

1374 2124 135 27 Lennart
1530 2125 82 26 Idén.
