2205 2647
732 187 263 32 Statsutskottets
1025 188 176 32 Utlåtande
1224 188 63 31 N:o
1311 190 47 29 51.
1779 187 19 31 3

354 275 73 37 Vid
469 276 179 36 ärendets
692 275 275 49 föredragning
1003 275 100 37 inför
1132 275 140 50 Kongl.
1304 275 105 49 Maj:t
1438 276 67 36 har
1535 275 206 37 statsrådet
1771 275 70 36 och

252 329 136 36 chefen
427 329 60 35 för
529 329 129 47 kongl.
690 328 392 49 civildepartementet
1111 328 307 48 tillkännagifvit,
1450 334 54 30 att
1532 328 147 48 förslag
1707 328 56 36 till
1791 342 50 34 ny

253 381 86 49 plan
370 381 61 36 för
460 381 133 36 staden
623 380 56 36 till
708 381 164 36 nämnda
901 380 263 49 departement
1192 380 201 37 inkommit
1421 381 73 35 den
1524 383 20 34 3
1574 380 11 36 i
1614 380 124 37 denna
1767 383 74 33 må-

251 433 86 45 nad,
380 433 195 36 hvarefter
617 433 177 35 deröfver
835 433 207 35 infordrats
1086 433 521 35 öfverintendentsembetets
1650 433 189 48 yttrande,

253 485 146 36 hvilket
441 485 96 36 dock
581 490 98 30 ännu
714 484 32 48 ej
776 485 134 35 hunnit
939 485 176 48 afgifvas.
1172 485 128 36 Ehuru
1330 485 71 36 den
1431 485 244 36 understälda
1703 485 139 48 planen

254 538 60 35 för
342 552 51 34 ny
422 537 195 48 reglering
645 537 42 36 af
712 537 134 36 staden
875 537 239 49 följaktligen
1145 542 98 31 ännu
1266 537 81 36 icke
1365 537 132 36 hunnit
1512 537 118 36 blifva
1653 537 35 37 af
1700 537 139 48 Kongl.

254 590 106 48 Maj:t
401 590 162 48 pröfvad
606 590 70 35 och
719 590 189 47 faststäld,
951 590 67 35 har
1056 590 423 48 departementschefen
1508 595 126 31 ansett
1663 590 60 48 sig
1750 590 92 36 böra

254 643 116 35 redan
400 655 49 23 nu
478 642 60 36 för
567 642 139 48 Kongl.
737 641 105 49 Maj:t
870 642 147 36 anmäla
1045 642 369 49 stadsfullmägtiges
1443 642 258 48 underdåniga
1729 642 112 36 fram-

256 694 225 49 ställningar
522 694 196 48 angående
761 694 214 36 beredande
1019 695 41 35 af
1099 695 232 48 statsbidrag
1367 695 58 35 för
1455 708 142 22 samma
1625 695 214 48 reglering;

256 747 72 36 och
363 752 90 31 enär
482 747 60 36 för
570 747 103 36 visso
703 752 159 42 antagas
892 747 136 48 kunde,
1059 747 100 37 såväl
1192 753 54 31 att
1275 747 45 36 de
1350 747 218 48 kostnader,
1598 747 128 36 hvilka
1755 748 85 36 med

256 799 243 49 regleringen
542 799 126 36 blefve
711 799 194 47 förenade,
948 800 82 35 icke
1072 800 150 35 komme
1253 805 54 31 att
1334 800 11 35 i
1373 800 191 48 väsentlig
1593 803 84 32 mån
1706 800 136 36 under-

257 852 100 47 stiga
387 852 63 36 det
476 851 216 37 beräknade
722 851 193 49 beloppet,
946 865 79 22 som
1058 852 81 47 ock,
1170 852 99 36 hvad
1290 851 141 49 Kongl.
1449 852 127 48 Maj:ts
1592 851 249 49 befallnings-

256 904 188 36 hafvande
486 904 200 47 vitsordat,
729 909 55 30 att
824 904 117 35 Luleå
983 904 179 37 samhälle
1201 905 98 35 efter
1337 904 71 36 den
1444 907 109 33 svåra
1583 904 145 48 olycka,
1759 917 80 23 som

256 957 159 35 drabbat
459 956 220 47 detsamma,
722 956 82 36 icke
847 956 197 36 förmådde
1087 962 65 42 att,
1195 962 89 30 utan
1325 957 209 35 understöd
1573 956 82 36 från
1684 957 64 35 det
1776 957 64 36 all-

255 1014 157 31 männas
444 1008 92 48 sida,
566 1008 91 36 bära
686 1008 112 36 dessa
826 1008 219 48 kostnader,
1076 1015 97 30 samt
1193 1009 204 48 angeläget
1421 1022 90 23 vore
1529 1014 55 30 att
1600 1008 245 49 regleringen

256 1062 41 34 af
323 1061 72 36 den
424 1060 221 36 nedbrända
674 1060 219 37 stadsdelen
922 1060 126 37 blefve
1079 1064 40 33 så
1139 1061 225 49 skyndsamt
1386 1074 80 23 som
1484 1061 150 48 möjligt
1650 1061 193 48 vidtagen,

256 1113 68 36 har
353 1113 425 48 departementschefen
807 1113 191 46 hemstält,
1029 1118 54 31 att
1112 1113 139 48 Kongl.
1282 1113 106 48 Maj:t
1416 1116 126 44 måtte,
1585 1113 83 36 med
1696 1113 148 49 hänsyn

250 1165 143 48 jemväl
436 1165 55 35 till
534 1165 99 36 hvad
674 1165 103 36 förut
810 1165 10 35 i
856 1165 176 37 liknande
1063 1165 66 36 fall
1158 1172 65 42 egt
1251 1180 92 33 rum,
1374 1165 141 37 föreslå
1541 1165 218 49 Riksdagen
1791 1171 54 31 att

255 1221 37 33 åt
334 1217 136 36 staden
511 1217 116 36 Luleå
667 1217 139 48 bevilja
840 1218 46 36 de
915 1218 386 49 understödsbelopp,
1333 1231 81 23 som
1442 1218 12 36 i
1484 1218 73 36 den
1587 1218 139 48 Kongl.
1757 1232 87 35 pro-

255 1270 220 48 positionen
515 1269 122 36 finnas
663 1270 168 47 angifna,
865 1270 158 36 hvarvid
1053 1270 424 49 departementschefen
1507 1275 126 31 ansett
1662 1270 180 49 följande,

258 1322 120 48 enligt
414 1321 99 36 hvad
561 1322 113 35 ofvan
705 1335 127 36 synes,
861 1322 11 35 i
902 1322 72 37 den
1004 1323 128 48 kongl.
1162 1323 287 49 propositionen
1481 1320 220 52 åberopade
1722 1322 122 37 vilkor

256 1374 59 36 för
356 1374 345 48 tillgodonjutande
744 1374 42 36 af
823 1375 100 35 lånet
964 1375 103 48 böra,
1102 1376 10 35 i
1141 1375 269 48 hufvudsaklig
1440 1375 402 37 öfverensstämmelse

255 1427 86 36 med
371 1426 98 36 hvad
498 1426 62 36 vid
588 1426 178 37 liknande
795 1426 66 37 fall
890 1427 101 36 förut
1020 1433 65 42 egt
1113 1441 92 34 rum,
1237 1428 167 48 stadgas,
1434 1427 207 49 nemligen:

360 1484 54 31 att
443 1479 348 48 stadsfullmägtige
820 1479 12 35 i
863 1480 154 36 stadens
1045 1493 113 23 namn
1189 1480 71 36 och
1288 1484 45 45 på
1364 1480 87 36 dess
1481 1485 144 43 vägnar
1654 1481 59 35 för
1743 1480 99 36 låne-

257 1544 170 23 summan
469 1531 145 48 afgifva
643 1531 57 36 sin
729 1531 55 36 till
814 1531 375 37 riksgäldskontoret
1218 1533 91 35 eller
1338 1533 131 35 ordres
1501 1533 122 36 stälda
1653 1532 188 37 skuldför-

254 1583 186 47 bindelse,
470 1583 288 36 innnefattande
788 1584 46 35 de
864 1583 42 36 af
929 1584 219 48 Riksdagen
1178 1585 59 35 för
1257 1585 120 35 lånets
1395 1585 247 35 användande
1660 1585 70 35 och
1747 1588 94 33 åter-

255 1635 197 48 betalning
481 1635 184 48 stadgade
694 1635 142 47 vilkor;

361 1693 53 30 att
456 1687 98 36 hvad
598 1688 40 35 af
676 1687 101 37 lånet
817 1688 83 36 icke
928 1688 126 36 blifvit
1082 1688 70 36 hos
1182 1688 373 49 riksgäldskontoret
1582 1694 150 43 uttaget
1762 1690 79 35 före

257 1739 115 36 slutet
406 1739 42 36 af
471 1743 40 32 år
543 1741 94 35 1889
667 1740 84 36 icke
781 1740 56 36 får
866 1740 167 37 derefter
1060 1741 280 45 utbekommas;

360 1797 54 30 att
444 1792 63 35 det
535 1792 11 35 i
575 1791 372 48 riksgäldskontoret
976 1793 144 47 lyftade
1151 1793 266 49 lånebeloppet
1446 1793 56 36 får
1530 1800 88 29 utan
1647 1798 108 31 ränta
1771 1794 70 35 och

255 1843 386 49 kapitalafbetalning
681 1844 226 36 innehafvas
949 1844 56 36 till
1050 1847 95 34 1892
1190 1848 58 33 års
1291 1845 84 46 slut,
1418 1845 193 37 hvarefter
1647 1846 70 36 och
1745 1846 96 35 intill

257 1896 88 36 dess
388 1896 101 36 lånet
517 1896 125 36 blifvit
670 1896 56 36 till
755 1896 91 36 fullo
875 1897 226 48 godtgjordt
1130 1897 75 36 fem
1235 1903 159 43 procent
1414 1901 19 33 å
1462 1898 87 36 dess
1574 1898 269 48 ursprungliga

257 1948 140 48 belopp
440 1948 69 36 bör
550 1948 56 36 till
648 1948 372 48 riksgäldskontoret
1063 1950 143 47 årligen
1244 1950 197 47 inbetalas,
1472 1950 110 36 deraf
1607 1955 107 31 ränta
1744 1951 97 35 efter

257 2000 84 48 fyra
370 2000 59 36 för
456 2000 147 36 hundra
631 2003 20 33 å
680 2001 63 36 det
772 2000 165 49 oguldna
967 2001 181 49 kapitalet
1177 2002 98 36 först
1295 2002 187 36 beräknas
1506 2002 70 36 och
1601 2002 119 49 afgår,
1744 2008 98 31 samt

256 2051 257 37 öfverskottet
540 2058 114 43 utgör
682 2052 403 49 kapitalafbetalning;
1118 2060 96 30 samt

361 2110 55 30 att
443 2104 237 49 inbetalning
709 2105 40 36 af
768 2105 72 36 den
860 2105 53 36 uti
933 2106 320 48 nästföregående
1269 2107 121 48 punkt
1406 2106 249 37 omförmälda
1671 2107 171 36 annuitet

256 2156 69 37 bör
353 2157 64 36 vid
445 2157 130 48 hvarje
605 2160 59 33 års
695 2157 73 36 slut
789 2158 225 36 verkställas
1031 2158 62 36 vid
1110 2158 144 49 påföljd
1271 2159 59 36 för
1346 2159 288 36 underlåtenhet
1652 2159 118 47 deraf,
1787 2165 55 31 att

254 2212 20 33 å
303 2209 219 36 annuiteten
551 2210 187 36 beräknas
767 2211 76 35 fem
872 2216 159 43 procent
1059 2216 108 31 ränta
1195 2211 83 36 från
1307 2211 292 48 förfallodagen.

358 2262 200 36 Utskottet
599 2262 56 36 får
696 2262 57 36 till
794 2276 46 22 en
877 2262 132 49 början
1042 2263 12 36 i
1088 2263 143 36 minnet
1261 2264 190 47 återkalla,
1482 2269 65 40 att,
1578 2264 116 36 sedan
1722 2264 119 36 under

254 2313 133 50 loppet
416 2313 42 37 af
482 2317 39 33 år
552 2316 95 35 1876
680 2314 279 49 ödeläggande
979 2315 202 37 eldsvådor
1213 2316 177 36 hemsökt
1419 2316 178 36 städerna
1627 2316 215 37 Strömstad
