1880 2842
90 745 173 27 Utskottet.

344 173 39 32 18
671 173 129 34 Första
821 173 253 40 lagutskottets
1093 174 187 34 utlåtande
1301 176 51 33 Nr
1377 175 50 33 49.

302 252 58 32 ket
380 252 337 38 justeringsplikten
736 254 13 30 i
770 253 235 38 lagförslaget
1026 254 210 36 begränsats
1256 264 104 28 synes
1381 256 200 32 emellertid
1598 256 92 31 intet
1711 266 87 22 vara

303 305 53 31 att
381 304 122 32 erinra
527 304 170 32 häremot.
723 324 41 4 —
788 305 52 31 De
865 315 49 21 nu
939 305 207 37 föreslagna
1171 306 249 37 ändringarna
1445 307 101 32 torde
1573 307 127 32 liksom
1728 308 70 31 för-

301 356 113 36 slaget
432 356 57 31 till
509 356 60 37 lag
588 367 55 21 om
661 358 91 30 mått
771 356 63 32 och
853 357 76 31 vikt
948 358 86 31 böra
1056 358 102 31 träda
1179 358 11 31 i
1208 358 100 31 kraft
1327 359 68 31 den
1413 360 18 29 1
1450 359 69 36 juli
1536 359 105 32 1935.»

340 501 240 37 Lagrådet
607 503 64 31 har
699 503 139 31 lämnat
863 504 57 31 det
944 512 127 28 genom
1098 504 266 37 propositionen
1393 505 203 36 framlagda
1625 505 172 37 förslaget

301 554 13 31 i
338 553 77 32 dess
435 553 121 32 helhet
581 557 88 29 utan
693 555 249 37 anmärkning.

340 736 180 32 Utskottet
547 738 176 36 upptager
752 738 92 32 först
870 739 56 31 till
952 738 218 37 behandling
1200 740 173 36 förslaget
1400 740 12 30 i
1440 740 268 36 propositionen
1737 750 60 20 an-

299 788 132 37 gående
450 787 216 34 åtalsrätten
687 790 63 31 vid
770 790 258 38 förskingring.

338 839 122 33 Såsom
480 840 13 31 i
516 841 268 37 propositionen
807 841 219 38 framhålles,
1047 843 67 30 har
1137 844 68 30 den
1225 843 207 37 utveckling
1456 843 339 37 avbetalningshan-

298 891 82 32 deln
399 892 94 37 tagit
514 893 14 31 i
551 894 80 30 vårt
651 893 87 32 land
761 893 96 32 varit
878 895 120 36 ägnad
1020 896 54 30 att
1096 895 113 31 väcka
1229 895 124 32 starka
1373 895 296 37 betänkligheter.
1693 895 102 32 Riks-

299 944 114 36 dagen
436 944 91 31 fann
549 947 91 29 även
664 947 40 29 år
729 945 79 32 1927
833 945 194 38 anledning
1050 947 54 31 att
1128 947 13 31 i
1162 946 173 32 skrivelse
1360 947 56 31 till
1440 947 134 37 Kungl.
1600 947 110 38 Maj:t
1736 958 59 21 an-

299 995 96 32 hålla
416 1006 57 21 om
499 996 193 38 utredning
717 997 152 32 rörande
893 997 442 38 avbetalningssystemets
1358 999 220 37 omfattning
1604 1000 64 31 och
1696 1000 99 31 verk-

297 1048 187 36 ningssätt.
534 1049 18 30 I
601 1049 174 32 samband
813 1050 145 31 därmed
985 1050 211 32 omnämnde
1225 1050 204 37 riksdagen,
1457 1054 55 29 att
1540 1051 136 37 förslag
1703 1052 92 32 hade

296 1099 247 32 framkommit
573 1101 53 31 att
652 1100 85 32 söka
768 1101 195 31 inskränka
992 1102 321 38 avbetalningsköp
1344 1113 46 21 av
1419 1103 220 37 lyxartiklar
1668 1112 126 28 genom

296 1152 54 31 att
366 1151 176 37 begränsa
562 1153 67 31 den
647 1152 53 32 tid
719 1154 47 36 på
787 1153 118 31 vilken
922 1154 52 30 ett
993 1153 321 38 avbetalningsköp
1335 1155 98 36 finge
1452 1156 171 31 avslutas.
1661 1156 132 31 Tillika

297 1203 169 32 framhöll
489 1203 204 38 riksdagen,
718 1206 55 30 att
799 1206 50 31 ett
875 1215 45 21 av
944 1205 42 32 de
1013 1205 248 37 allvarligaste
1287 1206 225 37 klagomålen
1538 1210 73 29 mot
1637 1208 156 32 avbetal-

296 1255 264 37 ningsrörelsen
588 1256 140 32 riktade
755 1256 55 37 sig
838 1259 72 29 mot
936 1257 383 37 agentverksamheten
1347 1258 63 31 och
1438 1259 238 36 agentkårens
1703 1270 89 20 sam-

295 1307 255 38 mansättning.

332 1359 52 32 De
402 1359 228 38 olägenheter
651 1370 45 22 av
717 1360 410 37 avbetalningshandeln
1146 1371 75 22 som
1243 1362 207 33 föranledde
1471 1364 211 36 riksdagens
1704 1365 88 31 skri-

295 1412 92 31 velse
409 1414 64 30 äro
494 1412 254 37 otvivelaktigt
771 1413 13 30 i
805 1413 189 32 huvudsak
1014 1413 158 37 alltjämt
1197 1414 196 32 bestående.

332 1463 51 32 De
405 1464 294 37 förhoppningar,
721 1474 77 22 som
818 1465 46 37 på
883 1464 79 32 sina
983 1465 76 31 håll
1079 1467 132 35 yppats
1232 1466 124 32 därom
1376 1468 54 30 att
1451 1468 341 37 avbetalningshan-

294 1516 81 31 deln
402 1516 115 31 skulle
545 1516 198 31 reformera
771 1516 55 38 sig
854 1517 104 36 själv,
986 1526 110 27 synas
1120 1517 79 32 icke
1226 1518 48 31 ha
1301 1518 156 32 infriats.
1505 1519 171 33 Tvärtom
1701 1521 90 32 före-

294 1567 104 32 faller
418 1568 58 32 det
498 1568 180 37 antagligt
700 1569 54 30 att
778 1577 125 28 genom
925 1568 442 38 avbetalningsaffärerna
1389 1571 12 30 i
1423 1571 201 37 betydande
1647 1573 144 32 omfatt-

291 1617 87 38 ning
424 1618 170 38 försäljas
630 1630 116 26 varor,
780 1621 99 31 vilka
914 1621 56 31 för
1007 1621 158 37 köparen
1200 1624 63 29 äro
1299 1623 56 30 till
1393 1623 85 37 föga
1514 1625 105 35 nytta
1654 1644 39 4 —
1730 1635 61 21 un-

289 1668 231 34 derstundom
549 1671 146 32 alldeles
726 1672 264 32 oanvändbara.
1043 1672 55 32 Då
1128 1673 324 38 avbetalningarna
1485 1675 100 32 skola
1616 1675 176 38 fullgöras

290 1721 115 33 vållas
440 1722 164 38 köparna
640 1723 201 32 avsevärda
878 1723 229 38 olägenheter
1145 1725 64 31 och
1249 1725 42 31 de
1328 1726 143 37 tvingas
1498 1726 125 33 ibland
1649 1729 54 30 att
1732 1739 60 21 av-

290 1775 56 31 stå
369 1774 82 32 från
476 1775 72 32 vad
569 1775 41 32 de
631 1775 186 37 verkligen
846 1775 141 32 behöva.
1032 1775 240 33 Fortfarande
1296 1778 148 31 kvarstå
1468 1779 106 31 också
1597 1779 195 38 allvarliga

289 1825 180 38 klagomål
504 1829 75 30 mot
615 1827 58 31 det
710 1829 83 34 sätt,
819 1828 45 36 på
890 1827 112 32 vilket
1030 1829 380 34 agentverksamheten
1435 1830 165 33 bedrives
1626 1832 63 31 och
1716 1834 75 30 mot

289 1878 238 36 agentkårens
550 1879 335 37 sammansättning.

329 1930 122 32 Såsom
471 1931 117 32 medel
607 1932 73 31 mot
700 1931 68 31 här
792 1932 160 36 antydda
975 1932 65 31 och
1064 1932 96 31 inom
1184 1933 172 32 utskottet
1380 1935 116 31 starkt
1520 1935 172 33 betonade
1715 1937 70 31 olä-

289 1983 167 36 genheter
481 1984 68 30 har
572 1983 391 37 departementschefen
989 1984 151 32 allenast
1165 1984 163 33 förordat
1353 1987 50 30 ett
1429 1986 84 32 från
1538 1987 248 32 landsfiskals-

287 2035 210 38 föreningen
517 2035 217 32 framkastat
753 2035 152 37 uppslag
924 2037 54 30 att
999 2036 84 31 från
1100 2036 151 32 allmänt
1267 2038 75 30 åtal
1358 2038 210 38 undantaga
1585 2039 111 33 sådan
1715 2040 70 31 för-

287 2086 199 39 skingring,
510 2088 65 31 där
600 2087 329 37 gärningsmannen
952 2088 150 31 kommit
1122 2088 12 31 i
1159 2088 198 38 besittning
1382 2100 45 21 av
1450 2091 122 36 godset
1596 2093 46 35 på
1666 2094 117 34 grund

262 2135 72 35 av
354 2139 107 37 avtal,
484 2139 115 37 enligt
621 2139 110 32 vilket
754 2139 261 37 äganderätten
1034 2140 91 31 skall
1147 2142 133 35 övergå
1302 2142 21 30 å
1345 2141 127 32 honom
1494 2143 111 32 sedan
1625 2143 56 32 för
1703 2144 81 36 god-

287 2193 53 29 set
367 2191 171 37 betingad
564 2191 184 37 betalning
777 2191 106 32 blivit
909 2191 74 32 helt
1011 2191 86 32 eller
1125 2192 113 32 delvis
1265 2192 131 38 erlagd.

326 2242 182 33 Utskottet
533 2243 66 31 har
625 2243 59 32 vid
708 2243 57 31 sin
789 2243 222 37 granskning
1038 2254 45 21 av
1109 2244 99 32 detta
1234 2244 136 38 förslag
1393 2246 77 31 icke
1496 2247 140 31 kunnat
1662 2249 121 36 undgå

285 2296 55 31 att
368 2295 324 37 uppmärksamma,
721 2297 55 30 att
805 2295 196 32 detsamma
1029 2295 150 32 innebär
1205 2298 51 30 ett
1286 2297 342 38 anmärkningsvärt
1657 2302 126 35 avsteg

285 2348 84 31 från
390 2347 66 32 den
479 2357 152 21 numera
653 2348 12 30 i
690 2347 197 31 allmänhet
911 2347 209 37 tillämpade
1144 2348 199 38 principen,
1366 2350 54 31 att
1444 2351 120 32 staten
1586 2361 74 22 som
1684 2353 96 36 regel

285 2408 125 28 genom
430 2407 93 29 egna
545 2408 112 28 organ
679 2398 126 37 tillser,
826 2399 53 32 att
900 2399 78 31 dess
998 2400 272 37 straffanspråk
1291 2401 76 31 icke
1390 2401 69 32 blir
1482 2403 184 32 åsidosatt.
1697 2404 84 31 För-

283 2451 350 37 skingringsbrotten
657 2461 87 21 voro
769 2451 77 31 före
869 2452 39 30 år
934 2451 79 31 1893
1035 2451 329 37 målsägandebrott
1389 2453 65 32 och
1479 2455 113 37 därpå
1617 2455 98 33 intill
1739 2457 42 31 år

284 2502 77 32 1923
390 2502 288 37 angivelsebrott,
708 2502 160 31 varefter
898 2502 40 32 de
969 2502 96 31 varit
1094 2503 261 32 underkastade
1382 2504 150 34 allmänt
1562 2507 83 31 åtal.
1696 2508 84 32 För-
