1878 2842
332 181 40 32 16
665 183 126 31 Första
814 182 255 38 lagutskottets
1091 183 188 31 utlåtande
1299 184 54 32 Nr
1375 183 51 31 49.

327 258 79 32 Den
428 258 179 32 särskilda
630 258 218 37 åtalsregeln
869 277 41 5 —
934 258 120 32 vilken
1076 259 95 31 skall
1194 258 138 33 införas
1355 259 14 31 i
1391 260 39 30 22
1454 259 79 37 kap.
1557 260 41 30 21
1622 258 18 37 $
1665 259 123 32 straff-

288 310 107 36 lagen
414 329 41 5 —
474 319 105 28 synes
601 310 88 31 böra
710 310 101 36 givas
834 310 69 32 den
923 310 144 38 lydelse,
1088 312 55 30 att
1165 311 96 32 brott
1282 320 125 22 varom
1428 311 14 31 i
1461 311 38 31 11
1521 310 18 37 $
1563 311 170 32 förmäles
1754 311 34 37 ej

287 363 59 30 må
364 361 119 32 åtalas
502 372 45 20 av
565 371 123 22 annan
706 364 47 29 än
771 362 242 36 målsägande,
1032 362 64 32 där
1117 361 332 37 gärningsmannen
1467 362 149 32 kommit
1637 363 13 31 i
1669 362 120 32 besitt-

290 414 86 36 ning
396 423 48 21 av
463 414 122 36 godset
605 415 48 35 på
673 413 118 37 grund
809 424 46 21 av
876 414 101 31 avtal
996 413 114 37 enligt
1132 413 111 33 vilket
1263 414 262 36 äganderätten
1545 413 95 33 skall
1659 416 131 35 övergå

288 466 21 30 å
326 465 131 31 honom
473 465 108 32 sedan
599 465 57 31 för
674 465 123 36 godset
813 465 172 37 betingad
1001 465 186 37 betalning
1204 465 106 32 blivit
1326 466 75 31 helt
1419 465 86 32 eller
1523 466 116 32 delvis
1655 466 133 37 erlagd.

287 516 71 32 Till
376 516 101 32 avtal
492 526 76 22 som
586 516 156 32 sålunda
760 516 232 33 omförmälas
1010 517 100 31 skola
1129 517 163 37 tydligen
1311 518 173 31 hänföras
1503 518 34 37 ej
1557 517 154 33 allenast
1730 528 59 21 av-

288 568 51 31 tal
357 578 77 22 som
450 578 45 22 av
512 570 174 35 parterna
701 568 118 37 själva
836 568 207 32 betecknats
1060 570 119 30 såsom
1194 569 332 37 avbetalningsköp,
1545 570 92 30 utan
1653 569 136 37 jämväl

288 620 101 31 avtal
414 629 75 23 som
513 620 147 32 erhållit
686 630 120 21 annan
828 620 227 37 benämning,
1081 621 24 31 t.
1132 630 53 22 ex.
1211 620 219 38 hyresavtal,
1455 631 81 21 men
1561 622 13 31 i
1600 621 189 32 realiteten

288 671 175 32 innebära
490 672 175 36 antingen
691 672 68 36 köp
787 671 86 32 eller
902 672 66 31 ock
993 672 68 37 köp
1089 672 13 31 i
1132 672 166 37 förening
1325 673 82 31 med
1434 683 122 21 annan
1583 673 205 32 rättshand-

288 722 86 38 ling.
418 723 189 32 Dessutom
632 726 42 29 är
698 724 54 30 att
775 723 137 37 märka,
937 724 53 32 att
1015 724 58 32 det
1098 725 82 31 med
1203 724 68 32 den
1295 724 207 37 föreslagna
1526 725 163 37 lydelsen
1712 725 76 32 icke

289 774 68 33 blir
378 784 46 22 en
444 775 263 37 förutsättning
730 775 56 32 för
807 775 289 32 bestämmelsens
1118 775 258 38 tillämplighet
1396 778 55 30 att
1472 777 69 31 den
1562 777 58 31 för
1639 777 58 32 det
1720 777 69 32 för-

287 826 194 37 skingrade
504 827 122 36 godset
650 826 166 32 avtalade
840 827 231 36 betalningen
1093 827 119 32 skolat
1234 828 166 36 erläggas
1423 829 13 30 i
1457 828 182 32 särskilda
1661 830 128 35 poster.

287 876 227 34 Ätalsrätten
539 878 216 32 förbehålles
779 879 258 36 målsäganden
1061 889 125 21 ensam
1211 879 137 37 jämväl
1373 880 14 31 i
1409 881 52 30 ett
1486 880 130 32 sådant
1644 880 67 32 fall
1735 881 55 31 att

288 931 137 31 avtalet
451 949 41 4 —
518 932 117 30 såsom
663 930 34 37 ej
725 931 100 31 torde
853 941 90 21 vara
969 930 163 37 ovanligt
1159 931 63 32 vid
1250 931 219 37 försäljning
1497 933 47 36 på
1572 932 152 31 auktion
1749 951 41 5 —

287 983 155 30 allenast
467 982 202 37 innehållit,
695 984 53 30 att
773 982 186 37 betalning
983 982 117 32 skolat
1125 983 166 36 erläggas
1315 983 99 32 inom
1441 984 72 31 viss
1536 983 55 32 tid
1616 986 93 30 samt
1733 985 56 31 att

287 1034 261 36 äganderätten
568 1034 59 31 till
649 1034 79 31 dess
747 1034 185 37 betalning
954 1035 133 35 erlagts
1109 1034 116 32 skulle
1246 1035 157 31 förbliva
1423 1036 63 31 hos
1507 1035 169 37 säljaren.
1717 1035 72 32 An-

287 1085 148 37 ledning
457 1095 104 27 synes
583 1086 79 31 icke
684 1085 177 37 föreligga
882 1087 55 31 att
958 1086 13 31 i
992 1086 59 32 det
1072 1086 201 32 hänseende
1293 1096 125 22 varom
1439 1097 49 21 nu
1510 1090 41 28 är
1573 1088 108 36 fråga
1702 1090 87 34 göra

287 1137 160 32 skillnad
472 1137 132 31 mellan
631 1137 126 37 dylika
782 1138 101 31 avtal
906 1138 66 31 och
997 1147 88 22 rena
1113 1138 332 37 avbetalningsköp.
1471 1158 40 4 —
1537 1139 127 32 Såsom
1691 1140 98 31 förut

287 1189 162 36 angivits
469 1189 92 31 skall
583 1189 69 31 den
673 1190 13 30 i
708 1190 104 35 lagen
833 1200 58 21 om
910 1189 322 38 avbetalningsköp
1255 1191 186 36 upptagna
1463 1191 325 32 tretusenkronors-

287 1243 156 34 gränsen
467 1241 77 31 icke
569 1243 71 34 äga
666 1241 230 37 tillämpning
923 1241 229 32 beträffande
1179 1242 288 36 begränsningen
1492 1253 46 21 av
1562 1242 226 33 åtalsrätten.

287 1292 149 32 Jämväl
460 1293 12 31 i
497 1292 66 32 fall
588 1293 46 31 då
659 1292 112 38 priset
794 1293 190 36 överstigit
1008 1293 88 37 3,000
1121 1294 132 31 kronor
1277 1293 94 32 skall
1394 1294 155 32 sålunda
1573 1294 216 32 åtalsrätten

288 1354 88 22 vara
399 1344 223 32 förbehållen
642 1344 259 37 målsäganden
921 1354 130 22 ensam.

325 1396 80 32 Den
427 1406 73 27 nya
520 1397 219 36 åtalsregeln
762 1396 151 32 föreslås
936 1396 100 32 skola
1059 1397 108 32 träda
1189 1397 13 31 i
1225 1397 99 32 kraft
1348 1398 69 32 den
1439 1398 19 31 1
1481 1398 69 36 juli
1575 1398 89 31 1934.
1708 1399 80 32 Sär-

286 1448 87 32 skilt
392 1448 401 36 övergångsstadgande
812 1458 106 27 synes
938 1448 33 37 ej
993 1459 87 21 vara
1099 1449 242 36 erforderligt.
1380 1449 282 32 Bestämmelsen
1681 1451 13 31 i
1712 1451 39 30 14
1770 1449 18 37 $

286 1499 238 37 strafflagens
553 1500 500 37 promulgationsförordning
1085 1501 101 31 torde
1217 1501 184 36 nämligen
1430 1501 123 32 kunna
1584 1502 204 36 analogiskt

287 1551 194 37 tillämpas.
528 1551 127 37 Enligt
682 1552 115 31 denna
823 1552 246 32 bestämmelse
1096 1554 60 30 må
1184 1552 134 32 allmän
1345 1553 171 37 åklagare
1541 1554 77 31 tala
1644 1556 22 29 å
1693 1554 96 31 brott

287 1613 45 22 av
353 1603 284 37 ifrågavarande
658 1604 77 36 slag
755 1613 75 22 som
851 1604 162 32 förövats
1033 1604 114 31 innan
1168 1605 68 31 den
1255 1615 73 27 nya
1349 1604 218 37 åtalsregeln
1587 1605 107 32 blivit
1715 1606 73 36 gäl-

287 1655 105 31 lande
414 1655 125 32 endast
561 1666 58 21 om
641 1656 111 31 åtalet
774 1656 169 31 anställts
965 1656 75 31 före
1063 1656 69 32 den
1153 1658 19 29 1
1193 1656 68 37 juli
1281 1657 106 31 1934.»

326 1733 19 31 I
372 1734 224 31 motionerna
624 1734 153 36 anföres,
806 1734 54 31 att
887 1734 59 32 det
971 1734 117 32 kunde
1117 1736 115 29 sättas
1260 1735 12 30 i
1301 1735 107 36 fråga
1436 1735 183 32 huruvida
1648 1736 68 32 den
1743 1747 44 21 av

286 1785 136 37 Kungl.
442 1784 109 37 Maj:t
571 1785 190 32 förordade
781 1786 177 36 åtgärden
974 1786 80 31 med
1072 1786 175 31 avseende
1267 1787 21 30 å
1305 1786 371 38 avbetalningsköpen
1695 1788 93 31 kom-

287 1847 54 21 me
357 1838 55 30 att
430 1837 12 31 i
460 1836 199 37 tillräcklig
677 1837 252 37 utsträckning
945 1837 110 32 verka
1071 1838 214 31 hämmande
1303 1839 47 36 på
1368 1838 419 38 avbetalningshandeln.

286 1888 269 32 Motionärerna
578 1888 134 32 föreslå
736 1889 223 31 fördenskull
981 1889 12 31 i
1013 1889 74 31 viss
1109 1889 210 37 anslutning
1344 1890 58 31 till
1424 1890 364 39 kommerskollegiets

287 1940 147 36 förslag,
452 1942 53 30 att
524 1940 415 36 äganderättsförbehåll
955 1941 61 31 vid
1034 1941 322 37 avbetalningsköp
1375 1943 111 30 måtte
1504 1943 180 32 förklaras
1703 1944 85 36 ogil-

284 1990 70 37 tigt
371 1992 68 31 där
456 1993 122 36 godset
595 1993 146 35 utgöres
759 2002 45 21 av
820 1992 88 31 äkta
924 1993 120 36 pärlor
1062 1992 86 32 eller
1167 1993 81 32 ädla
1266 1994 132 36 stenar,
1418 2004 46 21 av
1482 1994 160 38 föremål,
1660 1995 12 31 i
1688 1995 100 32 vilka

283 2044 139 30 sådana
443 2045 119 35 pärlor
585 2044 87 31 eller
695 2045 119 30 stenar
835 2047 63 29 äro
922 2044 179 32 infattade
1122 2044 86 32 eller
1231 2056 45 20 av
1298 2046 170 36 smycken
1491 2057 45 20 av
1559 2047 97 37 guld,
1678 2047 109 32 silver

284 2095 64 31 och
372 2096 149 37 platina,
543 2096 86 31 eller
654 2107 46 21 av
723 2096 85 32 fick-
832 2097 86 31 eller
942 2097 238 31 armbandsur
1206 2097 84 31 eller
1314 2108 47 21 av
1384 2098 403 37 beklädnadspersedlar

284 2147 86 31 eller
390 2148 143 32 skodon.
571 2148 77 32 När
667 2148 271 37 sammanlagda
958 2149 162 37 beloppet
1138 2160 47 21 av
1204 2150 41 31 de
1265 2151 119 35 poster
1404 2160 75 22 som
1496 2151 159 37 köparen
1675 2151 112 37 enligt

284 2199 138 31 avtalet
444 2201 90 32 hade
556 2202 55 30 att
632 2201 147 36 erlägga
802 2201 77 31 icke
900 2202 181 35 överstege
1103 2201 61 31 400
1185 2201 138 38 kronor,
1345 2202 115 31 skulle
1482 2203 305 36 äganderättsför-

284 2252 156 32 behållet
459 2253 33 36 ej
513 2252 112 32 heller
645 2262 91 22 vara
754 2253 176 37 gällande.
