1856 2766
245 121 19 30 2
561 118 119 30 Andra
697 117 245 40 lagutskottets
961 117 177 30 utlåtande
1154 127 43 20 nr
1214 119 38 29 17
1269 118 39 29 år
1325 119 84 29 1965

290 197 12 28 I
323 197 169 29 samband
513 197 77 29 med
611 197 259 38 propositionen
890 197 64 29 har
975 197 169 29 utskottet
1164 197 187 29 behandlat
1372 197 57 29 två
1449 197 9 28 i
1480 197 186 38 anledning
1689 207 40 19 av

246 250 205 29 densamma
468 250 124 29 väckta
610 250 171 29 motioner
800 259 41 20 nr
859 250 64 30 632
943 251 10 29 i
973 251 110 28 första
1102 250 205 30 kammaren
1326 259 41 20 av
1386 250 81 29 herr
1486 250 120 39 Virgin
1626 259 45 21 m.
1691 251 37 28 fl.

247 304 89 28 samt
358 313 40 19 nr
421 303 63 30 748
505 304 12 29 i
538 303 109 29 andra
668 303 205 29 kammaren
896 312 41 21 av
958 303 81 29 herr
1061 303 115 29 Cassel
1198 312 45 21 m.
1266 303 47 34 fl.,
1337 303 103 29 såvitt
1463 303 107 39 angår
1593 303 55 39 lag
1670 312 59 20 an-

246 357 129 37 gående
396 356 150 39 ändring
564 357 10 28 i
595 357 100 37 lagen
717 364 56 21 om
793 356 232 39 finansiering
1046 366 40 19 av
1107 356 377 39 folkpensioneringen.
1507 357 13 28 I
1540 357 114 29 denna
1675 357 54 29 del

247 410 63 28 har
339 410 219 29 motionerna
587 409 165 29 hänvisas
781 409 50 29 till
863 410 192 38 lagutskott
1086 412 90 26 samt
1206 410 9 29 i
1246 410 110 38 övrigt
1386 410 51 28 till
1468 410 262 37 bevillningsut-

247 463 137 30 skottet.

291 587 64 29 Det
376 587 57 30 vid
455 587 262 38 propositionen
741 586 122 39 fogade
887 586 166 39 förslaget
1075 586 50 29 till
1149 587 55 39 lag
1226 587 177 38 angående
1426 587 150 39 ändring
1599 587 8 29 i
1631 587 98 39 lagen

248 647 55 21 om
326 640 231 39 finansiering
580 649 43 20 av
644 639 368 40 folkpensioneringen
1035 640 36 29 är
1096 649 41 20 av
1160 640 156 39 följande
1340 640 140 39 lydelse.

915 803 146 43 Förslag

961 871 53 29 till

952 936 75 43 Lag

312 1008 185 42 angående
517 1008 150 41 ändring
682 1008 13 32 i
709 1007 103 42 lagen
829 1008 68 32 den
913 1007 45 33 25
974 1007 73 43 maj
1066 1007 89 34 1962
1172 1008 62 44 (nr
1250 1007 85 45 398)
1353 1020 60 20 om
1429 1007 238 43 finansiering

794 1089 44 21 av
853 1078 371 43 folkpensioneringen

294 1180 211 40 Härigenom
524 1180 195 34 förordnas,
739 1182 49 28 att
806 1180 85 30 2—5
910 1179 38 38 $$
969 1180 101 39 lagen
1084 1181 69 30 den
1171 1180 41 30 25
1231 1181 70 39 maj
1324 1181 83 30 1962
1427 1190 57 20 om
1503 1181 229 40 finansiering

249 1234 42 21 av
306 1224 367 40 folkpensioneringen
690 1224 97 30 skola
804 1224 132 30 erhålla
951 1224 134 30 ändrad
1101 1224 129 40 lydelse
1247 1224 44 40 på
1308 1225 68 29 sätt
1392 1225 114 30 nedan
1524 1225 149 40 angives.

407 1313 227 34 (Nuvarande
660 1312 146 40 lydelse)

1182 1313 224 40 (Föreslagen
1423 1313 148 39 lydelse)

958 1375 66 36 28.

294 1428 119 30 Såsom
434 1427 123 41 bidrag
578 1428 51 29 till
650 1428 238 29 kostnaderna
908 1427 55 30 för

250 1471 369 40 folkpensioneringen
653 1472 100 34 skall,
790 1471 103 30 såvitt
928 1471 30 40 ej

250 1518 105 27 annat
379 1516 106 39 följer
507 1525 42 21 av
571 1515 66 30 vad
660 1515 11 30 i
695 1516 109 30 andra
828 1515 135 40 stycket

250 1560 87 39 sägs,
366 1569 106 21 envar
497 1560 139 40 erlägga
663 1560 301 39 folkpensionsav-

250 1603 65 40 gift
350 1603 55 30 för
441 1603 49 35 år,
527 1604 45 30 då
607 1603 55 30 för
685 1604 130 30 honom
839 1604 123 30 beräk-

249 1650 77 28 nats
345 1648 52 30 till
415 1648 118 40 statlig
550 1649 252 30 inkomstskatt
821 1648 143 31 taxerad

249 1692 164 35 inkomst,
431 1693 112 29 under
559 1692 252 41 förutsättning
827 1694 50 29 att
892 1693 71 30 han

249 1736 57 30 vid
326 1737 177 39 utgången
522 1746 42 21 av
584 1737 94 30 detta
699 1737 38 30 år
758 1737 77 39 fyllt
855 1737 108 30 minst

250 1780 143 30 aderton
421 1781 66 30 och
513 1781 101 40 högst
641 1781 171 30 sextiosex
838 1781 48 34 år,
913 1783 50 28 att

249 1825 70 29 han
336 1825 93 30 varit
447 1826 64 29 här
529 1825 13 30 i
560 1825 90 30 riket
669 1825 294 30 mantalsskriven

250 1868 54 30 för
321 1868 73 31 året
412 1869 81 30 näst
511 1869 73 31 före
603 1869 251 40 taxeringsåret
872 1871 92 28 samt

250 1914 49 28 att
313 1913 69 29 han
395 1913 59 30 vid
469 1913 212 40 tidpunkten
695 1913 55 30 för
764 1913 199 40 tryckning-

250 1966 41 20 en
314 1967 42 20 av
378 1959 148 28 stomme
550 1958 51 29 till
623 1958 262 39 inkomstlängd
909 1958 55 29 för

249 2001 253 40 taxeringsåret
525 2011 61 20 var
611 2002 129 29 svensk
761 2002 202 39 medborga-

250 2055 46 20 re.

295 2089 366 40 Folkpensionsavgift
691 2090 89 30 skall
808 2090 76 30 icke
912 2100 52 20 er-

251 2133 115 39 läggas
382 2143 43 20 av
441 2134 76 34 den,
536 2143 73 20 som
627 2134 55 30 för
697 2135 179 29 december
892 2135 72 29 må-

250 2177 68 30 nad
342 2178 74 30 året
439 2178 80 29 näst
543 2178 74 30 före
640 2178 252 40 taxeringsåret
915 2178 50 30 åt-

251 2222 106 39 njutit
380 2222 223 40 folkpension
625 2222 11 30 i
659 2223 91 29 form
772 2232 42 21 av
836 2222 129 30 ålders-

251 2266 144 38 pension
412 2266 83 30 eller
511 2266 284 39 förtidspension,
812 2267 82 30 eller
910 2266 55 30 för

252 2310 75 33 den,
360 2319 74 20 som
466 2310 122 30 avlidit
616 2310 74 30 före
720 2311 172 39 ingången
923 2320 42 21 av

250 2353 73 30 året
345 2354 79 29 näst
447 2354 74 30 före
544 2354 261 40 taxeringsåret.
828 2355 45 39 Ej
893 2354 73 30 hel-

251 2398 48 28 ler
320 2397 91 30 skall
433 2398 355 40 folkpensionsavgift
809 2399 156 39 erläggas

250 2450 42 20 av
311 2441 76 36 den,
407 2442 56 39 för
484 2442 114 30 vilken
619 2442 66 30 den
707 2443 52 29 till
777 2443 117 39 statlig
914 2443 51 30 in-

1064 1428 120 30 Såsom
1205 1428 121 40 bidrag
1347 1429 52 29 till
1421 1429 237 30 kostnaderna
1680 1429 53 30 för

1022 1472 365 40 folkpensioneringen
1422 1472 102 35 skall,
1561 1473 103 30 såvitt
1700 1474 29 39 ej

1021 1518 105 27 annat
1150 1516 104 40 följer
1278 1526 42 20 av
1341 1517 67 30 vad
1431 1517 11 29 i
1466 1517 109 30 andra
1601 1518 132 39 stycket

1022 1560 86 39 sägs,
1136 1569 105 21 envar
1269 1561 137 39 erlägga
1433 1561 301 40 folkpensionsav-

1022 1603 63 40 gift
1122 1604 54 30 för
1212 1604 47 35 år,
1297 1604 45 31 då
1377 1605 55 30 för
1456 1605 131 30 honom
1611 1605 121 30 beräk-

1021 1650 77 28 nats
1114 1649 52 30 till
1183 1649 116 40 statlig
1314 1649 253 31 inkomstskatt
1584 1649 150 30 beskatt-

1020 1692 167 40 ningsbar
1216 1693 165 35 inkomst,
1412 1694 112 30 under
1555 1695 179 29 förutsätt-

1021 1736 82 40 ning
1127 1738 49 29 att
1200 1737 70 30 han
1294 1737 58 31 vid
1375 1738 175 39 utgången
1575 1748 41 20 av
1640 1739 94 30 detta

1021 1780 38 30 år
1076 1781 78 39 fyllt
1171 1781 108 30 minst
1297 1782 144 30 aderton
1459 1783 66 29 och
1542 1783 101 38 högst
1661 1792 73 20 sex-

1022 1825 108 30 tiosex
1156 1825 49 34 år,
1232 1827 50 28 att
1306 1826 70 30 han
1402 1826 91 30 varit
1518 1827 63 29 här
1608 1827 10 28 i
1644 1827 90 30 riket

1022 1869 295 30 mantalsskriven
1351 1870 54 29 för
1439 1870 75 30 året
1548 1871 78 29 näst
1660 1871 74 30 före

1022 1913 250 40 taxeringsåret
1299 1916 90 28 samt
1415 1916 50 28 att
1491 1915 70 30 han
1588 1915 56 30 vid
1670 1915 64 30 tid-

1021 1957 157 39 punkten
1199 1957 54 30 för
1273 1959 231 39 tryckningen
1526 1969 41 19 av
1588 1961 146 28 stomme

1023 2001 51 29 till
1103 2001 263 40 inkomstlängd
1398 2003 54 29 för
1483 2004 251 39 taxeringsåret

1021 2055 61 20 var
1101 2046 126 30 svensk
1248 2047 236 39 medborgare.

1066 2090 365 40 Folkpensionsavgift
1461 2092 89 29 skall
1579 2092 75 30 icke
1684 2102 51 20 er-

1022 2134 115 39 läggas
1154 2144 42 20 av
1212 2135 76 34 den,
1306 2144 74 20 som
1397 2135 54 30 för
1468 2135 180 31 december
1663 2137 73 29 må-

1023 2178 66 29 nad
1113 2178 74 30 året
1211 2179 78 30 näst
1313 2179 74 30 före
1411 2180 251 40 taxeringsåret
1686 2181 50 29 åt-

1022 2222 108 39 njutit
1152 2222 222 40 folkpension
1395 2224 12 29 i
1430 2224 92 29 form
1545 2234 41 20 av
1608 2224 128 30 ålders-

1022 2266 145 39 pension
1183 2267 82 30 eller
1282 2266 285 41 förtidspension,
1584 2269 81 29 eller
1682 2268 54 31 för

1023 2310 76 34 den,
1130 2319 75 21 som
1237 2310 119 31 avlidit
1387 2312 74 30 före
1492 2312 170 40 ingången
1695 2322 41 20 av

1022 2354 72 29 året
1115 2355 78 29 näst
1214 2354 73 30 före
1306 2356 263 39 taxeringsåret.
