1918 2836
528 130 381 32 Jordbruksutskottets
935 130 176 31 utlåtande
1136 130 49 31 Nr
1209 131 49 30 82.
1598 124 39 30 23

126 218 69 30 hov
221 227 42 21 av
287 217 158 30 kemiska
469 217 159 35 analyser
650 215 59 31 må
733 216 120 30 kunna
878 215 104 36 fyllas
1006 218 85 27 utan
1115 214 166 37 väsentlig
1305 215 181 35 olägenhet
1510 221 123 28 genom

127 268 112 31 andra
259 268 197 35 föreslagna
477 266 365 37 analysinstitutioner,
866 266 139 30 särskilt
1027 266 66 30 den
1116 265 153 31 centrala
1291 265 180 35 anstalten,
1496 263 139 31 fortsatt

130 318 277 31 statsunderstöd
431 317 35 31 åt
490 317 158 30 kemiska
673 316 171 31 stationen
870 316 11 30 i
906 316 107 36 Visby
1037 315 59 31 må
1121 316 173 29 beräknas
1320 315 111 30 under
1456 313 104 37 något
1585 313 48 31 år.

130 369 160 31 Därefter
305 369 97 30 torde
417 368 124 37 frågan
557 378 56 20 om
629 367 328 31 statsunderstödets
971 365 245 32 bibehållande
1230 366 82 30 eller
1329 365 205 36 indragning
1549 365 86 30 böra

129 423 172 34 upptagas
321 420 51 30 till
392 429 47 27 ny
461 419 179 37 prövning.

169 471 14 30 I
203 470 218 31 motionerna
440 470 66 30 har
526 470 128 37 yrkats,
677 472 49 27 att
747 469 275 30 statsunderstöd
1042 468 86 30 efter
1148 468 337 37 omorganisationen
1507 466 56 31 må
1583 470 52 27 ut-

126 520 41 38 gå
184 521 131 37 jämväl
332 521 50 30 till
401 521 66 30 den
484 520 157 31 kemiska
660 520 170 30 stationen
846 520 10 30 i
875 514 142 36 Örebro.

170 572 172 30 Utskottet
360 571 59 31 vill
437 571 221 31 beträffande
677 570 274 31 motionärernas
971 570 256 36 framställning
1248 569 45 38 på
1311 570 41 30 de
1372 569 9 30 i
1400 569 235 30 huvudutred-

123 621 128 38 ningen
274 622 150 36 angivna
447 622 119 30 skälen
589 622 138 30 ansluta
751 621 50 38 sig
823 621 51 30 till
900 620 163 37 förslaget
1088 630 57 21 om
1169 620 227 36 indragandet
1420 629 42 21 av
1487 622 147 28 statsun-

123 672 140 31 derstöd
282 674 51 30 till
351 674 66 29 den
435 673 156 30 kemiska
610 672 172 31 stationen
799 672 11 30 i
829 667 142 35 Örebro.
1013 671 52 31 Då
1083 671 181 31 avståndet
1281 670 80 31 från
1379 671 127 36 platser
1524 670 10 30 i
1554 665 81 36 Öre-

124 723 63 31 bro
208 725 59 29 län
287 724 51 30 till
359 723 211 36 Stockholm,
593 724 63 29 där
677 723 68 30 den
766 723 152 30 centrala
940 722 136 37 statliga
1097 722 325 30 kontrollanstalten
1444 721 192 36 föreslagits

125 775 99 30 skola
250 774 183 37 förläggas,
460 774 30 37 ej
518 775 39 29 är
583 775 109 29 större
718 774 44 29 än
789 776 48 27 att
864 773 41 30 de
932 773 107 30 lokalt
1065 773 131 36 viktiga
1221 781 170 28 proverna
1417 775 84 27 utan
1529 772 107 30 större

124 824 174 37 svårighet
318 828 128 28 ansetts
468 825 120 30 kunna
608 824 184 31 försändas
814 824 50 30 till
886 824 114 30 denna
1022 824 136 35 anstalt,
1181 824 64 29 har
1266 823 174 36 nämligen
1461 821 175 32 utrednin-

125 882 64 30 gen
209 876 33 37 ej
267 875 116 31 funnit
406 878 46 28 ett
474 873 244 32 bibehållande
740 884 43 21 av
808 874 171 31 stationen
1002 884 83 20 vara
1107 873 278 38 oundgängligen
1407 873 228 37 erforderligt.

128 926 126 31 Vidare
277 927 188 30 framhöllo
487 926 367 36 utredningsmännen,
878 929 50 27 att
949 925 324 37 upprätthållandet
1295 934 42 21 av
1359 935 41 20 en
1425 924 209 31 statsunder-

125 977 102 31 stödd
251 977 126 30 station
403 977 11 30 i
438 971 132 36 Örebro
594 976 111 31 skulle
730 976 119 31 kunna
874 976 158 30 medföra
1057 975 30 37 ej
1114 975 176 30 önskvärd
1314 975 217 30 konkurrens
1557 974 80 30 med

128 1028 67 30 den
217 1028 136 36 statliga
373 1028 181 30 anstalten.
594 1027 124 36 Kungl.
740 1026 119 37 Maj:ts
881 1027 130 36 förslag
1032 1027 9 29 i
1063 1036 47 20 nu
1132 1027 148 30 berörda
1301 1026 95 30 delar
1417 1026 154 30 biträdas
1594 1034 42 22 av

123 1078 177 31 utskottet.

173 1132 14 29 I
213 1131 187 36 anledning
426 1140 42 21 av
496 1133 47 27 ett
571 1133 82 27 utav
681 1129 153 36 Sveriges
861 1128 302 36 utsädesförening
1192 1127 102 31 väckt
1321 1127 139 36 förslag,
1489 1129 48 28 att
1564 1126 70 30 för-

126 1182 166 36 eningens
316 1181 158 31 kemiska
495 1181 65 30 och
584 1179 378 32 cereal-laboratorium
985 1179 11 29 i
1018 1179 123 30 Svalöv
1163 1177 107 32 måtte
1292 1177 131 31 erhålla
1446 1176 188 31 auktorise-

127 1233 77 36 ring
223 1242 75 21 som
318 1231 299 32 statsunderstödd
637 1230 136 31 kemisk
793 1230 137 35 station,
950 1229 59 30 vill
1029 1230 166 29 utskottet
1215 1228 124 36 erinra,
1361 1231 48 27 att
1429 1228 92 30 detta
1540 1227 94 30 labo-

129 1283 171 31 ratorium
323 1283 55 30 för
401 1282 218 30 närvarande
644 1282 39 29 är
705 1281 57 30 det
785 1280 89 31 enda
897 1280 11 30 i
930 1280 118 30 landet
1069 1279 144 31 utanför
1235 1279 203 35 industrien,
1464 1287 75 21 som
1564 1278 71 30 kan

130 1334 102 36 åtaga
250 1334 50 36 sig
318 1332 301 36 undersökningar
637 1332 149 30 rörande
806 1330 335 37 bakningsförmåga
1159 1340 45 20 m.
1225 1339 45 21 m.
1290 1330 64 30 hos
1372 1328 152 31 brödsäd
1545 1331 91 28 samt

130 1386 162 35 analyser
313 1383 177 37 angående
514 1383 220 30 sockerbetor
758 1383 65 29 och
846 1381 316 36 sockerhantering.
1201 1380 53 31 Då
1277 1381 114 30 denna
1414 1380 220 36 analysverk-

130 1436 136 30 samhet
285 1435 175 36 knappast
479 1434 96 30 torde
592 1434 122 29 kunna
732 1434 178 34 övertagas
928 1442 42 20 av
989 1441 116 21 annan
1123 1431 136 30 kemisk
1277 1431 136 35 station,
1434 1430 201 30 förutsätter

130 1487 176 34 utskottet,
331 1488 49 27 att
404 1485 122 35 Kungl.
553 1483 102 36 Maj:t
684 1484 3 29 i
710 1483 170 30 samband
904 1483 80 30 med
1007 1482 216 36 övergången
1247 1482 50 30 till
1321 1482 65 29 den
1409 1491 69 29 nya
1500 1481 135 36 organi-

130 1536 159 31 sationen
315 1536 178 29 meddelar
520 1534 223 30 laboratoriet
773 1533 253 36 auktorisering
1053 1533 10 29 i
1092 1533 109 30 likhet
1229 1533 79 29 med
1336 1532 299 30 statsunderstödd

130 1587 136 30 kemisk
292 1586 135 31 station.

175 1635 390 38 Departementschefen
586 1636 65 29 har
672 1635 11 30 i
707 1634 99 37 fråga
827 1644 57 21 om
908 1634 189 36 ersättning
1118 1634 52 30 till
1191 1633 171 37 personal,
1388 1642 74 21 som
1485 1633 11 29 i
1519 1633 115 30 anled-

130 1687 83 37 ning
234 1697 43 21 av
298 1686 339 37 omorganisationen
661 1686 115 30 ställes
798 1688 82 27 utan
906 1684 270 37 sysselsättning,
1200 1685 10 29 i
1231 1684 109 30 likhet
1360 1685 79 29 med
1463 1684 171 30 statskon-

130 1741 89 27 toret
242 1738 187 36 föreslagit,
452 1740 49 28 att
523 1736 85 37 årlig
629 1736 190 36 ersättning
840 1737 64 29 bör
925 1736 135 36 utgivas
1082 1735 51 30 till
1156 1736 171 36 personal,
1352 1745 75 20 som
1450 1735 57 29 vid
1530 1735 105 29 entle-

131 1789 164 36 digandet
310 1788 149 36 uppnått
475 1798 42 20 en
534 1786 241 31 levnadsålder
791 1796 42 21 av
853 1787 40 30 50
910 1786 39 31 år
966 1787 65 29 och
1050 1786 46 31 då
1110 1787 65 29 har
1191 1789 49 28 att
1257 1786 254 36 tillgodoräkna
1530 1785 106 30 minst

133 1840 39 29 15
195 1838 277 36 anställningsår.
508 1838 14 30 I
542 1841 48 27 ett
611 1838 51 30 till
686 1838 166 30 utskottet
874 1837 193 30 inkommet
1090 1837 161 36 yttrande
1274 1836 89 36 från,
1385 1836 108 31 bland
1514 1836 121 34 andra,

130 1889 301 36 landshövdingen
451 1888 10 30 i
481 1888 307 30 Västernorrlands
808 1888 58 29 län
886 1888 65 29 har
973 1887 191 36 anmärkts,
1188 1890 49 28 att
1258 1888 99 29 dessa
1376 1887 260 30 bestämmelser

131 1940 112 29 skulle
267 1939 169 36 medföra,
465 1942 48 27 att
538 1941 21 27 t.
586 1938 23 31 f.
638 1937 264 31 föreståndaren
929 1937 55 30 för
1010 1937 158 30 kemiska
1194 1937 171 31 stationen
1389 1937 11 30 i
1426 1937 210 30 Härnösand

132 1990 62 29 Th.
223 1989 136 35 Tholin,
387 1998 74 21 som
487 1989 56 29 vid
570 1988 190 30 stationens
785 1988 237 36 nedläggande
1049 1988 66 29 den
1135 1988 43 29 30
1204 1987 75 39 juni
1308 1988 83 29 1939
1418 1987 149 36 uppnått
1594 1987 42 30 46

130 2039 186 31 levnadsår
341 2042 89 27 samt
454 2049 43 20 en
523 2038 279 36 anställningstid
827 2048 42 21 av
897 2039 81 29 över
1004 2039 38 29 21
1073 2038 47 36 år,
1148 2039 122 29 endast
1297 2038 110 30 skulle
1434 2037 131 31 erhålla
1586 2047 49 21 er-

131 2090 153 36 sättning
308 2090 55 30 för
386 2092 46 27 ett
457 2089 47 31 år.
542 2089 51 30 Då
617 2089 200 36 billigheten
842 2089 134 35 kräver,
997 2092 48 27 att
1070 2088 130 38 jämväl
1226 2089 111 29 denne
1362 2088 273 37 befattningsha-

131 2150 81 21 vare
235 2141 86 30 efter
342 2140 127 30 mistad
492 2139 210 36 anställning
721 2140 142 29 beredes
886 2139 85 36 årlig
992 2139 199 36 ersättning,
1214 2139 59 30 vill
1295 2140 166 29 utskottet
1483 2139 152 35 förorda,

130 2194 50 27 alt
201 2191 123 35 Kungl.
349 2190 100 38 Maj:t
469 2193 170 33 upptager
658 2189 375 36 ersättningsfrågorna
1053 2190 51 29 till
1127 2199 46 27 ny
1194 2190 211 35 behandling
1426 2190 65 29 och
1511 2190 124 29 under-

131 2241 117 29 ställer
271 2241 78 29 dem
375 2241 83 29 1939
481 2240 55 30 års
559 2240 149 36 riksdag.

170 2289 124 37 Kungl.
320 2289 118 37 Maj:ts
466 2289 295 35 framställningar
787 2290 9 29 i
823 2289 109 37 övrigt
958 2290 44 29 ha
1029 2290 74 29 icke
1129 2289 162 30 föranlett
1317 2289 112 36 någon
1455 2290 182 30 utskottets

126 2341 150 29 erinran.

173 2390 116 30 Under
307 2389 220 37 åberopande
545 2399 41 20 av
606 2390 56 29 det
682 2389 147 30 anförda
849 2389 197 30 hemställer
1065 2390 176 35 utskottet,
