1922 2830
276 120 19 29 8
660 126 379 32 Jordbruksutskottets
1065 128 176 31 utlåtande
1266 129 49 30 Nr
1342 131 49 29 82.

282 209 217 30 närvarande
516 209 189 38 anledning
722 213 152 34 upptaga
893 211 10 30 i
923 211 90 31 vissa
1032 213 185 35 yttranden
1237 212 218 32 framstälida
1474 213 131 38 förslag
1624 224 57 21 om
1701 215 85 30 auk-

281 258 181 30 torisering
481 267 42 21 av
545 260 159 30 enskilda
726 261 143 30 utövare
891 270 43 21 av
954 262 173 36 analytisk
1149 263 229 31 verksamhet.

325 308 122 31 Såsom
464 310 190 36 ersättning
671 310 55 30 för
743 311 42 30 de
804 311 220 36 olägenheter
1041 312 56 30 för
1115 316 147 33 orterna,
1282 314 67 29 den
1368 314 196 37 föreslagna
1584 315 200 37 indragnin-

280 367 64 28 gen
367 369 43 21 av
432 360 115 30 lokala
569 361 166 30 stationer
757 362 70 30 kan
849 362 177 36 innebära,
1051 362 129 32 föreslå
1204 364 365 37 utredningsmännen,
1594 366 107 30 bland
1725 376 58 21 an-

281 413 70 32 nat,
372 413 49 27 att
441 411 171 30 särskilda
649 415 304 33 provtagare
991 414 166 30 anställas
1178 423 42 21 av
1239 415 120 30 därför
1382 415 228 31 intresserade
1631 417 154 30 hushåll-

281 460 265 37 ningssällskap.
590 461 361 38 Utredningsmännen
969 463 195 36 förutsätta,
1185 467 48 27 att
1255 468 202 34 provtagare
1477 467 88 29 skall
1584 467 91 30 hava
1694 467 90 36 skyl-

280 510 117 36 dighet
420 513 49 27 att
491 510 93 31 hålla
608 511 50 38 sig
680 519 88 29 noga
789 513 227 30 underrättad
1040 523 57 20 om
1121 514 93 30 vilka
1238 515 299 37 undersökningar
1562 517 42 30 de
1628 517 157 30 kemiska

280 560 213 31 stationerna
513 561 119 31 utföra
654 565 89 27 samt
764 571 57 21 om
844 563 159 36 gällande
1025 565 232 35 analystaxor.
1305 565 164 31 Däremot
1491 567 146 31 föreslås
1661 568 31 36 ej
1717 568 69 31 viss

280 611 205 36 kompetens
506 612 82 30 eller
610 613 252 30 auktorisation
884 623 42 21 av
947 613 109 32 sådan
1078 618 213 33 provtagare.
1338 616 63 36 Jag
1426 617 132 30 erinrar
1579 618 134 36 härvid,
1736 621 50 28 att

280 661 106 36 enligt
414 662 235 36 föreliggande
677 663 128 36 förslag
832 664 51 30 till
912 664 298 38 fodermedelslag,
1240 667 171 30 särskilda
1439 668 260 31 bestämmelser
1727 678 58 21 om

280 712 102 30 sättet
402 712 56 30 för
477 713 229 36 provtagning
727 714 54 30 för
801 714 117 37 tillsyn
939 715 20 31 å
979 716 116 35 lagens
1116 716 213 31 efterlevnad
1349 718 202 31 förutsättas
1573 719 142 31 komma
1736 722 50 28 att

281 763 176 30 meddelas
479 772 42 21 av
543 763 122 37 Kungl.
686 764 110 36 Maj:t.
840 765 64 31 Det
923 767 96 29 torde
1040 767 90 35 ligga
1149 767 10 29 i
1179 768 124 30 sakens
1323 771 102 27 natur
1445 772 49 27 att
1514 769 58 30 vid
1592 770 46 29 all
1658 769 126 30 offent-

280 813 60 35 ligt
366 814 182 30 anordnad
573 815 275 36 analyskontroll
874 817 272 36 provtagningen
1173 817 174 32 anförtros
1374 819 145 30 allenast
1545 829 136 27 person,
1710 829 75 21 som

280 863 188 31 förklarats
486 865 116 30 därtill
619 865 152 37 behörig.
812 866 76 30 Hur
905 867 166 31 önskvärt
1089 868 57 30 det
1163 869 45 29 än
1226 868 58 31 må
1301 878 93 27 vara,
1414 873 48 27 att
1479 871 87 29 även
1585 870 98 36 eljest
1703 880 81 21 ana-

279 914 92 35 lyser
387 914 56 30 vid
460 915 136 36 statliga
613 916 81 30 eller
711 917 322 31 statsunderstödda
1052 919 357 35 analysinstitutioner
1426 920 134 31 utföras
1579 921 87 30 efter
1684 931 100 26 prov-

279 964 142 36 tagning
442 974 41 21 av
505 974 126 27 person
652 967 78 30 med
750 969 207 34 garanterad
978 969 237 36 sakkunskap,
1238 979 101 27 synes
1361 970 114 31 såsom
1496 971 126 30 villkor
1643 972 55 29 för
1718 972 66 29 den

279 1015 155 30 enskilde
460 1019 49 27 att
535 1016 133 31 erhålla
695 1018 120 35 analys
842 1018 58 30 vid
928 1018 132 32 sådana
1088 1020 232 31 institutioner
1346 1020 31 37 ej
1406 1021 10 30 i
1444 1022 191 30 allmänhet
1664 1023 120 29 kunna

278 1064 211 32 föreskrivas
517 1070 49 27 att
593 1068 228 36 provtagning
848 1069 89 30 skett
963 1079 43 21 av
1034 1070 240 31 auktoriserad
1302 1080 134 27 person.
1488 1072 52 30 Då
1567 1073 216 35 utrednings-

278 1116 153 29 männen
451 1116 137 37 föreslå,
612 1121 50 27 att
683 1122 213 33 provtagare,
918 1129 75 21 som
1014 1121 163 30 anställes
1201 1131 42 20 av
1264 1121 408 37 hushållningssällskap,
1696 1123 89 30 skall

278 1166 66 35 äga
367 1167 68 29 rätt
458 1170 49 27 att
530 1167 11 30 i
566 1169 277 31 taxehänseende
866 1169 194 37 jämställas
1086 1172 79 29 med
1190 1172 96 30 kund
1311 1173 65 29 och
1401 1173 202 36 därigenom
1628 1173 56 30 för
1708 1174 77 29 sina

278 1217 313 36 uppdragsgivares
612 1219 148 37 räkning
780 1220 143 31 komma
942 1221 11 30 i
974 1221 206 36 åtnjutande
1201 1232 42 20 av
1264 1223 123 36 rabatt,
1409 1233 100 27 synes
1534 1224 70 36 mig
1625 1233 42 21 en
1688 1224 96 36 dylik

278 1267 196 36 anordning
494 1268 154 37 lämplig,
672 1279 78 20 men
771 1270 56 30 för
848 1274 50 27 att
919 1271 118 36 dylika
1059 1272 294 31 rabattförmåner
1374 1274 98 30 skola
1493 1274 92 36 utgå,
1609 1275 96 30 torde
1728 1275 56 30 det

278 1326 84 21 vara
385 1318 123 36 skäligt
529 1322 50 27 att
600 1323 247 33 provtagarens
868 1322 204 35 kompetens
1094 1324 139 34 prövats
1256 1333 42 20 av
1323 1323 159 37 offentlig
1504 1325 212 35 myndighet.

321 1366 72 31 Mot
409 1368 40 29 de
466 1377 41 21 av
524 1369 356 37 utredningsmännen
898 1372 147 30 anförda
1061 1374 196 35 grunderna
1273 1373 55 30 för
1356 1375 230 29 rabatter
1614 1374 20 31 å
1663 1376 119 29 lant-

276 1417 390 33 brukskemiska
700 1421 208 36 analyser
968 1423 63 29 har
1048 1422 58 37 jag
1123 1423 75 30 icke
1215 1423 104 36 något
1338 1427 49 27 att
1404 1425 123 29 erinra.
1570 1425 140 30 Samma
1730 1435 52 20 ra-

276 1467 204 37 battsystem
501 1469 98 30 torde
622 1469 84 31 böra
728 1471 174 36 tillämpas
925 1472 56 30 vid
1004 1473 66 30 den
1093 1474 152 30 centrala
1267 1475 66 29 och
1357 1475 41 29 de
1421 1475 115 30 lokala
1559 1476 222 30 anstalterna.

269 1516 196 32 Definitiva
487 1519 258 31 bestämmelser
767 1521 123 30 härom
911 1523 97 30 torde
1029 1524 189 29 emellertid
1241 1524 85 31 böra
1349 1525 158 30 utfärdas
1531 1526 9 29 i
1561 1526 220 30 administra-

276 1566 48 30 tiv
346 1568 65 37 väg
430 1571 83 27 utan
534 1570 200 31 bundenhet
757 1571 9 29 i
788 1571 191 37 detaljerna
999 1573 57 30 vid
1077 1574 56 29 det
1153 1574 194 36 framlagda
1368 1575 173 36 förslaget.

321 1616 110 38 Något
448 1620 148 30 bestämt
613 1620 203 37 förslag
776 1612 48 54 om
848 1621 298 39 fördelning
1177 1633 53 21 av
1265 1626 517 36 arbetsuppgifterna

275 1668 128 30 mellan
422 1669 41 29 de
481 1669 94 30 olika
595 1671 403 36 analysinstitutionerna
1019 1673 182 37 föreligger
1223 1674 84 31 icke.
1351 1675 357 38 Huvudutredningen
1729 1687 52 27 sy-

277 1727 59 21 nes
359 1718 89 30 dock
472 1718 75 31 icke
572 1719 53 31 stå
647 1720 220 32 främmande
890 1722 55 30 för
964 1732 43 21 en
1030 1724 209 38 gruppering
1261 1734 43 21 av
1328 1726 101 30 länen
1454 1726 10 30 i
1488 1726 219 32 förhållande
1730 1728 51 30 till

276 1769 346 35 analysanstalterna.
666 1771 14 29 I
700 1772 450 38 norrbottensutredningen
1170 1774 151 36 påyrkas
1341 1777 230 36 uttryckligen
1594 1787 42 21 en
1658 1787 122 27 rayon-

276 1817 177 39 indelning
476 1829 43 21 av
544 1821 118 31 landet
687 1822 78 30 med
790 1823 138 37 hänsyn
952 1823 50 30 till
1028 1824 56 30 det
1112 1825 342 32 lantbrukskemiska
1482 1828 298 36 analysväsendet.

275 1868 14 29 I
312 1868 91 30 vissa
424 1871 184 35 yttranden
629 1871 211 32 framställas
861 1874 65 29 ock
947 1874 182 36 yrkanden
1152 1876 133 30 härom.

318 1914 95 35 Även
432 1919 58 37 jag
510 1920 116 31 finner
647 1930 43 21 en
712 1922 230 38 begränsning
962 1933 43 21 av
1026 1925 420 37 analysinstitutionernas
1467 1928 312 31 verksamhetsom-

274 1967 108 32 råden
409 1968 163 38 påkallad
599 1970 56 31 för
683 1971 172 32 vinnande
884 1983 43 21 av
954 1973 159 37 jämnare
1143 1976 196 38 fördelning
1365 1986 43 21 av
1434 1974 345 47 analysuppgifterna

274 2019 66 29 och
362 2019 200 36 därigenom
584 2021 142 38 säkrare
747 2023 162 30 ekonomi
930 2023 56 31 för
1005 2024 289 32 institutionerna.
1339 2027 74 30 Den
1434 2029 152 30 centrala
1609 2030 171 30 anstalten

274 2068 63 30 bör
360 2069 10 29 i
394 2069 106 31 likhet
523 2070 79 31 med
626 2071 42 30 de
691 2071 114 31 lokala
829 2073 211 31 stationerna
1063 2074 148 31 tilldelas
1235 2079 47 27 ett
1304 2077 184 36 begränsat
1511 2078 152 37 område,
1685 2080 94 30 inom

274 2118 105 31 vilket
402 2120 66 30 den
489 2121 9 29 i
520 2121 186 31 huvudsak
728 2123 87 30 skall
840 2124 90 30 hava
955 2127 48 28 att
1028 2128 153 34 mottaga
1205 2127 340 32 lantbrukskemiska
1569 2131 209 36 analysupp-

272 2169 101 36 gifter
397 2178 43 22 av
462 2180 134 22 samma
619 2172 72 38 slag
713 2182 74 21 som
809 2174 42 29 de
875 2175 115 30 lokala
1014 2176 221 31 stationerna.
1282 2177 78 31 Men
1384 2178 170 37 därjämte
1578 2180 63 30 bör
1666 2181 113 30 denna

272 2220 128 30 anstalt
419 2221 78 30 med
515 2221 77 31 dess
611 2222 114 31 rikare
743 2224 198 37 utrustning
958 2225 119 31 kunna
1096 2225 192 38 tjänstgöra
1306 2237 75 22 som
1400 2229 378 36 speciallaboratorium

274 2269 55 30 för
358 2270 91 31 vissa
476 2272 299 37 analysuppgifter
804 2274 79 30 med
913 2275 78 31 hela
1021 2276 118 31 landet
1169 2286 74 21 som
1271 2278 391 33 verksamhetsområde.
1715 2281 64 31 Det

273 2320 97 30 torde
388 2321 74 30 icke
480 2330 82 22 vara
582 2323 160 30 uteslutet
762 2326 49 27 att
829 2324 91 31 vissa
937 2334 42 21 av
998 2326 42 30 de
1058 2326 116 31 lokala
1191 2328 211 32 stationerna
1420 2330 119 30 kunna
1556 2332 161 29 utveckla
1736 2341 42 21 en

272 2369 83 31 eller
372 2380 116 22 annan
507 2372 199 36 specialitet.
748 2369 93 35 Även
860 2374 56 31 för
933 2374 124 32 sådant
1076 2376 63 31 fall
1156 2377 64 30 bör
1239 2381 46 27 ett
1304 2380 109 30 större
1431 2380 141 31 område
1591 2382 45 29 än
1658 2382 56 30 det
1733 2383 44 30 el-

271 2418 65 37 jest
357 2420 55 31 för
431 2422 171 31 stationen
619 2423 164 31 anvisade
804 2425 119 31 kunna
943 2426 105 36 draga
1067 2430 97 34 nytta
1182 2438 41 20 av
1241 2429 188 31 stationens
1448 2426 284 47 fackinriktning.
