2224 2685
449 172 41 32 20
903 173 251 33 Statsutskottets
1183 173 170 34 Utlåtande
1376 175 52 32 Nr
1453 176 73 32 100.

405 251 255 51 afdelningen.
730 251 55 38 De
826 253 286 37 tillförordnade
1153 254 385 50 byråingenjörernas
1582 255 71 38 och
1694 256 192 37 mnotariens
1929 256 71 37 lik-

405 304 197 51 ställighet
630 305 84 37 med
742 306 164 37 nämnda
933 307 231 48 tjänstemän
1193 308 107 36 öfver
1328 313 75 32 stat
1430 308 97 38 hade
1555 309 70 37 ock
1652 308 151 38 erkänts
1823 309 42 37 af
1879 309 121 38 Edersg

403 358 145 49 Kungl.
588 358 118 49 Maj:t,
742 358 4 36 i
775 359 63 36 det
874 359 118 37 Eders
1024 359 142 50 Kungl.
1196 361 109 49 Maj:t
1333 368 129 30 senast
1489 375 139 36 genom
1656 361 133 50 nådigt
1816 362 88 37 bref
1927 362 73 38 den

406 412 48 35 30
478 410 73 49 juli
587 413 96 34 1909
715 411 246 50 bemyndigat
989 417 147 45 patent-
1167 413 70 37 och
1260 414 403 49 registreringsverket
1691 419 66 43 att,
1787 414 85 38 med
1900 415 98 37 iakt-

404 463 166 50 tagande
613 463 40 37 af
691 463 45 37 de
765 465 11 36 i
804 464 142 50 nådiga
987 465 255 50 kungörelsen
1277 466 73 37 den
1380 468 20 36 5
1425 467 86 50 juni
1542 469 96 35 1909
1669 468 194 49 angående
1893 473 107 32 extra

403 516 228 50 lönetillägg
673 517 58 36 för
759 520 40 34 år
830 519 96 35 1909
958 520 38 34 åt
1024 531 46 24 en
1099 518 58 37 del
1185 519 232 49 tjänstemän
1445 520 70 37 och
1546 520 166 47 betjänte
1738 534 48 23 m.
1816 535 48 22 m.
1896 521 101 36 stad-

403 569 98 49 gade
529 569 178 49 grunder,
737 570 166 37 utbetala
932 570 79 37 dels
1039 571 58 36 till
1126 584 45 23 en
1195 571 95 37 hvar
1310 573 41 35 af
1366 572 213 37 vikarierna
1599 573 58 37 för
1676 573 45 36 de
1742 573 258 49 adjungerade

402 622 256 37 ledamöterna
686 624 20 34 å
734 623 377 49 patentafdelningen
1140 629 53 32 ett
1222 630 78 31 mot
1328 625 84 37 med
1443 625 84 38 dem
1554 625 190 38 likställda
1767 626 230 50 byråingen-

399 674 106 47 jörer
546 674 103 36 detta
690 678 40 32 år
770 675 190 37 tilldelade
1002 682 104 30 extra
1147 677 225 49 lönetillägg
1405 679 184 36 svarande
1619 678 135 50 belopp
1783 679 85 36 med
1896 680 101 47 fyra-

403 725 278 37 hundrafemtio
710 726 142 36 kronor
881 727 80 36 dels
992 728 70 35 ock
1090 728 57 35 till
1175 729 285 37 tillförordnade
1494 731 172 35 notarien
1695 733 20 33 å
1744 730 253 48 bolagsafdel-

402 778 142 49 ningen
585 784 54 31 ett
680 784 79 31 mot
800 784 107 32 extra
947 780 225 49 lönetillägg
1213 781 181 37 likaledes
1441 782 184 37 svarande
1666 782 136 51 belopp
1831 782 41 37 af
1897 782 100 50 fyra-

402 830 279 38 hundrafemtio
727 832 151 36 kronor.
949 832 119 37 Dessa
1114 834 229 48 tjänstemän
1389 835 107 36 torde
1542 835 125 36 därför
1707 836 92 36 böra
1840 835 156 36 beredas

402 896 145 24 samma
576 883 179 50 aflöning,
786 897 79 24 som
896 885 121 49 enligt
1041 886 243 37 kommitténs
1306 887 145 49 förslag
1470 887 120 37 skulle
1610 887 209 37 tillkomma
1838 888 158 48 tjänste-

400 941 163 31 männen
594 936 104 37 öfver
726 942 85 31 stat.

532 988 188 50 Slutligen
767 989 142 37 erinrar
955 995 148 45 patent-
1149 991 71 36 och
1266 991 415 50 registreringsverket,
1728 992 181 37 hurusom
1951 993 45 37 de

401 1041 257 50 adjungerade
687 1041 259 38 ledamöterna
976 1042 118 50 enligt
1121 1043 122 37 Eders
1272 1044 143 49 Kungl.
1444 1044 127 50 Maj:ts
1599 1045 267 49 medgifvande
1893 1045 103 49 finge

402 1094 145 48 åtnjuta
576 1099 182 32 semester
786 1108 46 23 en
861 1096 71 36 och
961 1108 47 23 en
1037 1096 82 36 half
1144 1096 135 37 månad
1309 1103 99 30 samt
1437 1097 107 37 deras
1572 1098 165 36 vikarier
1765 1111 47 23 en
1840 1098 153 44 månad;

401 1146 70 36 och
512 1146 96 36 hade
650 1147 286 37 tillförordnade
977 1148 173 37 mnotarien
1183 1152 20 33 å
1232 1149 382 50 bolagsafdelningen
1641 1151 12 35 i
1682 1150 117 38 likhet
1840 1150 154 37 härmed

396 1197 145 49 jämväl
569 1198 177 49 beviljats
774 1204 75 31 rätt
877 1199 57 37 till
962 1213 47 23 en
1039 1200 155 37 månads
1224 1206 192 31 semester.

529 1250 111 37 Hvad
681 1250 100 37 förut
822 1252 144 36 anförts
1007 1253 160 36 rörande
1204 1254 212 49 ersättning
1444 1253 56 37 till
1528 1254 165 37 vikarier
1720 1254 65 37 vid
1814 1259 181 32 semester

399 1302 60 37 för
500 1302 187 37 ordinarie
728 1303 230 49 tjänstemän
996 1305 69 36 och
1106 1305 230 49 tjänstemän
1378 1306 107 36 öfver
1513 1311 75 32 stat
1610 1306 116 37 borde
1754 1306 240 50 följaktligen

400 1355 120 48 enligt
560 1360 149 44 patent-
751 1356 70 36 och
862 1357 424 48 registreringsverkets
1328 1358 247 37 förmenande
1610 1364 73 44 äga
1711 1359 283 49 tillämpning
1970 1351 28 61 i

400 1406 109 49 fråga
537 1421 61 22 om
626 1407 163 37 vikarier
817 1408 63 37 vid
909 1414 180 32 semester
1116 1409 59 37 för
1194 1423 51 23 nu
1264 1410 290 48 ifrågavarande
1574 1411 242 49 tjänstemän.
1855 1411 139 37 Härför

400 1458 239 38 erfordrades
669 1460 217 37 äfvenledes
916 1474 46 23 en
991 1461 223 50 förhöjning
1241 1463 12 35 i
1280 1462 291 49 ifrågavarande
1599 1464 146 48 anslag.

527 1564 129 37 Under
697 1565 237 49 åberopande
972 1567 41 35 af
1036 1566 99 36 hvad
1158 1567 72 48 jag
1257 1580 93 34 nyss
1379 1567 155 37 anförde
1565 1568 194 49 angående
1788 1569 72 36 den
1889 1574 105 31 extra

397 1617 225 48 personalen
664 1617 85 37 med
787 1617 187 38 ordinarie
1013 1620 194 47 personals
1249 1619 278 38 löneförmåner
1569 1620 159 37 föreslår
1751 1621 81 50 jag,
1865 1625 54 32 att
1947 1621 45 36 de

399 1668 257 49 adjungerade
697 1669 258 38 ledamöterna
996 1670 71 37 och
1105 1671 105 36 deras
1239 1671 175 48 vikarier,
1443 1672 130 37 hvilka
1596 1673 12 36 i
1637 1673 109 48 fråga
1774 1686 61 23 om
1864 1673 128 37 arbete

398 1721 82 47 och,
510 1733 60 23 om
591 1734 87 23 man
697 1722 144 36 frånser
865 1723 272 49 ålderstillägg,
1175 1725 124 35 jämväl
1318 1724 380 49 aflöningsförmåner
1717 1730 64 32 äro
1800 1725 193 37 likställda

397 1773 85 36 med
523 1774 265 36 motsvarande
829 1775 394 48 befattningshafvare
1250 1779 20 34 å
1299 1781 85 43 stat,
1416 1777 111 36 också
1555 1777 151 37 komma
1733 1778 12 36 i
1774 1777 218 49 åtnjutande

397 1824 43 37 af
476 1824 73 37 den
591 1824 145 50 fyllnad
764 1826 12 36 i
804 1826 227 50 aflöningen,
1070 1840 80 23 som
1193 1829 120 49 enligt
1348 1829 86 35 mitt
1462 1829 146 49 förslag
1635 1843 138 35 genom
1804 1830 73 36 den
1904 1843 87 36 pro-

397 1877 186 36 visoriska
624 1878 332 49 löneregleringen
998 1880 69 35 och
1105 1894 124 22 annan
1269 1880 317 50 löneförbättring
1627 1882 120 36 skulle
1782 1882 210 36 tillkomma

396 1929 394 49 befattningshafvare
819 1934 20 33 å
867 1936 75 31 stat
969 1932 138 36 liksom
1136 1932 70 36 ock
1234 1934 101 35 vissa
1363 1933 228 48 tjänstemän
1621 1934 104 36 öfver
1754 1939 88 32 stat.

525 1981 246 49 Adjungerad
812 1983 165 37 ledamot
1018 1984 122 37 skulle
1182 1984 109 37 alltså
1332 1986 96 36 efter
1470 1985 45 37 de
1555 1986 59 36 för
1654 1986 164 37 ledamot
1860 1989 21 33 å
1917 1991 75 31 stat

396 2033 177 49 gällande
602 2034 169 48 grunder
798 2035 141 37 erhålla
968 2049 47 23 en
1044 2036 171 49 aflöning
1235 2038 40 35 af
1296 2037 278 49 sammanlagdt
1595 2039 112 46 5,800
1727 2039 140 35 kronor
1887 2039 104 46 eller,

397 2086 95 36 efter
538 2085 136 49 afdrag
720 2087 41 35 af
801 2088 297 49 pensionsafgift
1144 2090 266 36 motsvarande
1454 2090 137 49 belopp
1639 2091 41 35 af
1722 2092 74 35 200
1838 2090 151 48 kronor,

396 2139 113 47 5,600
537 2137 149 37 kronor.

526 2189 73 37 Till
645 2190 236 50 adjungerad
926 2192 165 37 ledamot
1131 2192 135 51 plägar
1308 2193 197 38 förordnas
1546 2195 232 49 tjänsteman
1819 2195 12 36 i
1873 2194 117 37 första

393 2241 243 50 lönegraden.

523 2294 250 49 Adjungerad
802 2296 165 37 ledamot
996 2299 20 34 å
1044 2298 380 49 patentafdelningen
1452 2299 206 37 bibehåller
1687 2300 72 36 den
1788 2300 85 36 med
1892 2300 95 36 hans
