2242 2666
724 180 247 34 Statsutskottets
1000 181 166 35 Utlåtande
1198 183 53 32 Nr
1274 185 72 31 100.
1760 187 40 32 13

248 271 49 23 nu
327 263 103 32 stora
463 263 107 32 extra
609 261 176 47 personal
822 261 121 38 skulle
972 267 47 31 än
1046 263 223 49 ytterligare
1298 264 103 48 ökas,
1432 278 113 36 synes
1574 266 80 50 mig
1682 267 12 36 i
1722 266 122 38 likhet

248 310 87 37 med
377 310 280 39 ämbetsverket
691 313 83 37 icke
801 314 91 37 böra
921 315 148 37 anlitas.
1126 316 130 37 Under
1285 317 141 36 sådana
1454 317 263 39 förhållanden
1745 320 99 36 lärer

248 363 81 36 icke
359 366 139 34 återstå
529 370 115 31 annat
674 370 48 32 än
751 372 55 31 att
834 367 87 49 höja
950 367 45 37 de
1023 368 223 37 biträdande
1276 369 289 49 ingenjörernas
1594 371 98 37 fasta
1720 372 124 37 arfvo-

248 415 83 37 den.
387 416 86 37 Med
514 416 150 50 hänsyn
705 418 58 37 till
804 419 164 37 arbetets
1011 426 57 31 art
1110 422 69 35 och
1222 421 231 37 arbetstiden
1481 423 108 36 torde
1617 424 94 47 icke,
1741 424 100 36 hvad

246 472 152 44 patent-
441 469 69 35 och
551 469 406 50 registreringsverket
987 472 13 36 i
1029 473 132 36 sådant
1207 473 176 36 afseende
1424 474 199 49 föreslagit
1670 476 90 37 eller
1788 481 55 32 ett

247 519 314 39 maximiarfvode
604 522 40 36 af
683 524 112 46 2,400
828 524 140 37 kronor
996 525 58 36 för
1082 528 41 33 år
1150 525 173 48 räknadt,
1353 526 128 36 kunna
1510 540 109 24 anses
1648 528 59 36 för
1735 529 108 48 högt,

246 571 100 37 helst
387 586 80 23 som
508 586 139 35 genom
689 575 122 37 denna
853 577 224 48 anordning,
1106 580 49 46 på
1183 583 74 31 sätt
1283 582 149 45 patent-
1461 578 70 37 och
1558 580 285 48 registrerings-

246 624 132 37 verket
408 625 144 50 antydt,
582 626 223 38 biträdande
834 628 177 50 ingenjör
1039 629 147 37 ändock
1213 630 82 36 icke
1314 630 150 37 komme
1485 636 54 31 att
1558 631 12 37 i
1589 632 77 36 fast
1687 632 156 37 arfvode

249 677 71 36 och
362 681 104 33 extra
500 677 209 39 inkomster
752 681 41 35 af
821 681 292 48 ifrågavarande
1142 681 84 49 slag
1255 682 141 37 erhålla
1424 688 121 32 större
1574 684 192 37 förmåner
1795 690 48 31 än

247 742 81 23 som
357 729 59 37 för
444 731 234 37 närvarande
706 731 12 36 i
746 733 116 36 sådan
890 734 164 48 ordning
1081 734 57 36 till
1166 734 138 37 honom
1333 738 102 45 utgå.

375 782 112 36 Hvad
525 782 163 38 därefter
717 788 119 46 angår
864 785 182 50 förslaget
1073 786 58 36 till
1159 786 222 50 förhöjning
1410 788 40 36 af
1474 788 154 37 arfvode
1655 789 58 36 till
1742 803 100 22 ama-

246 847 122 23 nuens
410 835 68 36 har
516 836 80 48 jag,
640 836 46 36 då
727 837 210 37 detsamma
974 839 167 36 ansluter
1169 839 61 49 sig
1257 839 56 36 till
1347 840 5 35 i
1381 840 134 36 sådant
1545 840 176 37 afseende
1750 841 93 37 läm-

246 886 98 37 nade
371 886 238 38 föreskrifter
637 887 12 37 i
678 888 108 50 fråga
814 903 60 23 om
903 891 117 36 redan
1049 891 249 48 nyreglerade
1325 892 103 48 verk,
1457 892 82 37 icke
1567 893 119 37 heller
1713 896 129 46 någon

246 939 151 51 erinran
426 944 55 31 att
508 945 104 44 göra.
1458 942 6 5 |

377 992 204 48 Ökningen
609 993 11 36 i
649 993 45 36 de
735 994 151 38 verkets
928 996 216 47 kostnader,
1175 1009 80 23 som
1284 1010 138 35 genom
1451 998 164 36 nämnda
1648 999 191 37 arfvodes-

246 1043 268 50 förhöjningar
542 1045 120 37 skulle
689 1049 94 46 utgå
812 1047 83 37 från
922 1048 290 49 ifrågavarande
1242 1049 143 48 anslag,
1415 1050 66 36 har
1508 1055 151 44 patent-
1689 1051 70 36 och
1786 1065 57 23 re-

246 1096 363 49 gistreringsverket
638 1104 123 31 ansett
788 1099 92 37 böra
903 1100 186 37 beräknas
1118 1101 58 36 till
1204 1102 116 35 minst
1350 1103 111 46 5,500
1489 1103 149 36 kronor.

377 1149 182 36 Häremot
600 1150 68 36 har
705 1151 71 49 jag
816 1152 119 49 ingen
978 1153 254 49 anmärkning
1264 1158 54 31 att
1347 1153 218 38 framställa.
1621 1155 222 49 Utgifterna

248 1200 40 37 af
326 1201 165 36 nämnda
534 1202 84 48 slag
659 1203 151 37 komma
851 1204 236 50 visserligen,
1131 1208 123 33 såsom
1283 1205 74 37 den
1384 1205 175 38 lämnade
1586 1208 257 49 utredningen

245 1253 111 48 visar,
379 1257 55 32 att
453 1253 152 37 förenas
620 1255 86 36 med
722 1269 47 22 en
785 1256 190 49 sänkning
991 1257 40 36 af
1041 1257 254 37 kostnaderna
1313 1258 59 36 för
1388 1258 454 50 klassificeringsarbetet,

247 1318 81 23 som
353 1305 144 49 jämväl
524 1309 112 45 utgår
664 1307 86 36 från
768 1307 292 50 ifrågavarande
1081 1310 143 47 anslag.
1254 1309 113 36 Detta
1386 1310 237 38 förhållande
1638 1311 75 37 kan
1728 1313 113 36 emel-

247 1357 111 36 lertid
387 1357 145 37 lämnas
560 1372 44 23 ur
632 1358 214 50 räkningen
873 1361 64 36 vid
965 1361 305 37 bestämmandet
1298 1362 40 36 af
1363 1362 63 37 det
1445 1363 58 37 för
1523 1364 319 49 arfvodesförhöj-

247 1409 188 49 ningarna
477 1410 251 50 erforderliga
769 1412 189 51 beloppet,
998 1418 90 31 enär
1116 1414 119 48 sagda
1262 1414 237 38 förhållande
1529 1416 40 36 af
1593 1421 151 44 patent-
1773 1417 71 36 och

246 1461 407 49 registreringsverket
680 1463 118 49 tagits
827 1465 12 36 i
868 1465 247 37 betraktande
1144 1466 62 36 vid
1234 1466 264 50 beräkningen
1527 1468 40 36 af
1587 1468 170 49 behöflig
1777 1469 66 36 all-

248 1519 87 31 män
363 1514 163 49 höjning
555 1515 40 36 af
620 1516 184 49 anslaget.

376 1567 80 35 När
483 1567 12 35 i
526 1569 96 35 1909
654 1571 59 33 års
741 1569 158 38 riksstat
925 1571 287 48 ifrågavarande
1242 1572 133 48 anslag
1402 1572 235 37 beräknades
1662 1573 70 36 och
1752 1573 91 37 fast-

248 1618 155 36 ställdes
444 1618 59 36 till
545 1620 66 35 sitt
652 1623 218 35 nuvarande
909 1622 138 50 belopp
1091 1623 40 35 af
1157 1624 137 48 98,000
1322 1623 151 49 kronor,
1502 1625 104 37 lades
1635 1625 57 37 till
1720 1626 124 48 grund

248 1671 57 36 för
332 1670 262 50 beräkningen
624 1672 45 37 de
697 1674 159 48 utgifter
884 1678 40 33 år
955 1677 109 46 1906,
1094 1688 82 23 som
1203 1675 99 37 varit
1330 1676 40 36 af
1394 1682 112 31 natur
1531 1683 54 31 att
1605 1678 106 36 skola
1730 1678 114 36 hafva

247 1722 180 37 bestridts
470 1723 42 36 af
548 1724 372 52 vikariatsanslaget,
964 1727 89 36 eller
1086 1729 137 46 82,620
1253 1728 138 36 kronor
1420 1730 46 35 98
1498 1735 62 31 öre
1588 1730 86 36 med
1706 1730 138 49 tillägg

248 1774 80 37 dels
371 1775 40 36 af
450 1777 137 47 11,000
616 1776 152 50 kronor,
799 1792 79 23 som
907 1779 196 50 upptagits
1133 1780 12 36 i
1176 1781 96 35 1908
1303 1783 59 34 års
1392 1785 75 33 stat
1495 1781 58 37 till
1581 1782 262 49 förstärkning

249 1827 40 36 af
328 1827 299 38 ämbetsverkets
662 1830 280 50 arbetskrafter,
973 1832 80 36 dels
1082 1832 70 36 ock
1182 1832 40 36 af
1247 1833 62 36 det
1336 1833 150 50 belopp,
1515 1834 183 37 hvarmed
1725 1835 119 48 utgif-

248 1883 107 32 terna
396 1879 58 36 för
495 1883 41 33 år
567 1882 110 46 1909,
707 1882 235 38 oberäknadt
969 1883 160 37 berörda
1157 1884 262 50 förstärkning
1448 1886 40 36 af
1513 1886 330 48 arbetskrafterna,

249 1930 166 49 antagits
444 1931 153 38 komma
626 1938 56 32 att
711 1934 208 51 öfverstiga
947 1937 266 36 motsvarande
1241 1938 160 49 utgifter
1430 1941 40 33 år
1501 1940 96 35 1906
1620 1939 90 37 eller
1729 1939 117 48 4,200

249 1983 152 36 kronor.
458 1984 74 37 Det
561 1985 120 37 skulle
709 1988 119 36 under
856 1988 140 37 sådana
1027 1988 262 38 förhållanden
1309 1990 129 37 kunna
1456 1990 254 50 ifrågasättas,
1731 1992 115 35 huru-

249 2034 88 37 vida
377 2035 85 37 icke
503 2037 85 37 med
629 2039 254 49 nyreglering
924 2042 40 35 af
991 2042 174 48 anslaget
1192 2041 118 38 borde
1339 2046 120 45 anstå,
1488 2043 78 37 tills
1595 2043 87 37 dess
1709 2044 137 36 räken-

249 2087 145 49 skapen
435 2088 59 37 för
536 2092 41 34 år
621 2092 97 35 1909
748 2092 136 37 funnes
914 2093 233 49 tillgänglig,
1177 2094 110 48 helst,
1317 2097 124 35 såsom
1469 2101 148 43 patent-
1647 2096 71 36 och
1745 2096 101 48 regi-

250 2140 321 49 streringsverket
598 2142 219 50 framhållit,
847 2157 47 24 en
923 2145 59 37 del
1009 2145 160 48 utgifter
1195 2146 121 37 under
1344 2150 40 34 år
1414 2149 98 35 1908
1542 2152 63 32 äro
1635 2148 41 36 af
1691 2148 153 37 beskaf-

249 2192 133 36 fenhet
411 2197 55 32 att
493 2193 85 37 icke
607 2195 246 38 återkomma.
908 2197 113 38 Detta
1050 2199 120 47 gäller
1199 2199 180 37 särskildt
1407 2213 47 24 en
1484 2200 59 37 del
1572 2201 40 36 af
1635 2200 209 50 utgifterna

248 2244 61 37 för
349 2244 460 53 klassificeringsarbetet,
852 2249 136 37 liksom
1030 2251 70 36 ock
1142 2251 73 36 den
1258 2252 234 49 lönefyllnad
1522 2255 38 34 åt
1589 2252 258 50 adjungerade

248 2297 281 38 ledamöternas
559 2301 20 34 å
607 2300 382 51 patentafdelningen
1030 2302 164 38 vikarier
1236 2304 71 36 och
1340 2305 172 36 notarien
1542 2308 20 32 å
1589 2305 255 49 bolagsafdel-
