1918 2850
351 165 17 25 4
552 164 101 28 Första
675 166 189 27 kammarens
883 167 112 26 andra
1016 167 148 35 tillfälliga
1185 169 125 26 utskotts
1330 169 149 27 utlåtande
1499 171 43 25 Nr
1559 172 25 25 9.

316 246 72 38 ken,
426 246 195 39 avgivandet
649 256 40 21 av
713 247 245 40 ifrågavarande
983 249 164 40 uppgifter
1171 251 156 37 inställts,
1352 251 60 31 och
1435 252 122 31 saknar
1580 254 230 40 centralbyrån

316 290 183 31 kännedom
523 300 53 21 om
599 291 82 31 huru
706 291 134 32 härmed
865 293 48 30 för
937 294 36 30 år
999 294 85 31 1925
1108 295 145 31 kommer
1269 297 51 29 att
1338 296 144 31 förfaras.
1531 297 117 33 Därest
1665 299 144 31 emeller-

316 334 48 30 tid
398 335 198 40 stadgandet
629 335 11 31 i
674 336 102 40 sagda
811 337 108 40 kungl.
957 338 193 40 kungörelse
1178 339 72 32 icke
1276 340 175 40 upphäves,
1476 341 107 32 skulle
1607 344 48 30 ett
1678 344 131 31 tillfälle

315 378 135 41 erbjuda
483 379 50 40 sig
567 382 50 29 att
651 381 67 31 låta
742 381 41 31 de
807 382 172 40 uppgifter,
1005 392 71 22 som
1099 383 152 41 samtliga
1275 384 252 34 handelsidkare
1551 386 55 32 vid
1630 387 92 32 detta
1746 387 62 32 till-

315 424 76 30 fälle
414 424 93 31 skola
530 425 124 40 avgiva,
681 426 138 31 omfatta
842 430 83 27 även
949 426 40 32 de
1014 437 40 21 av
1077 427 202 39 motionären
1304 429 137 32 berörda
1464 431 255 33 förhållandena.

360 468 125 31 Genom
520 479 40 21 en
595 469 91 41 dylik
716 470 116 40 åtgärd
855 471 106 32 skulle
985 471 41 32 de
1051 473 143 32 önskade
1219 473 208 41 uppgifterna
1451 475 141 32 erhållas
1617 477 71 31 från
1711 479 97 30 samt-

314 512 66 40 liga
408 512 249 34 handelsidkare
681 515 61 31 och
767 515 64 31 den
854 516 183 39 osäkerhet,
1063 527 79 29 som,
1167 517 105 41 enligt
1296 518 61 31 vad
1381 519 10 30 i
1415 519 58 32 det
1496 520 193 40 föregående
1714 522 93 42 fram-

315 556 121 40 hållits,
472 558 11 30 i
519 558 92 32 detta
634 559 57 31 fall
715 561 105 31 måste
844 560 130 32 vidlåda
998 571 41 22 en
1063 562 130 41 partiell
1217 563 253 41 undersökning,
1496 564 170 33 undvikas.
1714 567 94 30 Även

314 601 104 41 själva
446 603 288 40 tillförlitligheten
757 605 60 31 hos
841 605 184 32 materialet
1048 607 92 31 torde
1164 608 112 31 kunna
1299 608 165 32 förväntas
1488 610 87 31 bliva
1598 612 114 36 större,
1739 610 69 32 där-

314 649 52 29 est
388 646 207 41 uppgifterna
619 648 75 41 ingå
717 659 71 21 som
812 660 41 21 en
876 650 99 41 detalj
1001 650 11 31 i
1036 661 41 21 en
1100 653 113 38 större,
1239 652 162 33 ordinarie
1425 654 243 41 undersökning
1692 659 41 27 än
1755 666 52 21 om

314 691 41 31 de
390 692 212 40 framtvingas
637 694 49 30 för
710 696 49 29 ett
783 694 133 32 särskilt
939 694 159 42 uppgivet
1120 697 160 31 ändamål.
1328 698 118 32 Likaså
1470 699 93 31 torde
1587 700 222 32 kostnaderna

314 736 50 30 för
399 737 223 40 uppgifternas
656 738 215 41 bearbetning
894 740 88 31 bliva
1006 739 134 40 mindre,
1166 752 51 20 om
1243 742 64 31 den
1331 742 75 32 sker
1429 744 10 29 i
1463 744 156 31 samband
1645 744 74 32 med
1742 745 65 32 den

314 780 161 32 ordinarie
499 781 286 42 undersökningen
809 784 48 31 för
880 785 35 30 år
942 786 95 30 1925.

358 843 188 32 Stockholm
571 844 62 32 den
660 846 40 30 18
725 856 86 22 mars
838 847 92 31 1924.

914 937 133 40 Ludvig
1076 939 123 30 Widell.

1592 1038 83 27 Ernst
1694 1039 110 34 Höijer.
