1868 2798
397 176 407 40 Bevillningsutskottets
826 178 219 31 betänkande
1066 188 43 21 nr
1129 179 41 29 52
1191 179 40 30 år
1253 179 85 30 1955
1598 178 15 30 1

797 441 64 40 Nr
893 441 54 41 52

326 551 406 40 Bevillningsutskottets
762 552 220 31 betänkande
1011 554 12 29 i
1049 552 191 41 anledning
1268 562 43 21 av
1338 552 127 41 Kungl.
1493 553 126 40 Maj:ts

524 614 218 40 proposition
766 615 81 30 med
868 614 134 41 förslag
1027 615 52 29 till
1100 615 209 40 förordning
1332 615 178 40 angående
1534 616 85 30 änd-

525 677 64 30 rad
613 675 129 40 lydelse
767 686 43 21 av
835 677 40 30 10
898 676 22 37 $
943 678 20 29 2
987 687 106 21 mom.
1116 677 253 40 förordningen
1394 678 67 30 den
1485 678 42 29 26
1551 677 69 41 juli

527 738 84 31 1947
637 739 61 35 (nr
718 738 83 35 576)
826 749 56 21 om
904 739 120 41 statlig
1045 740 262 37 inkomstskatt,
1330 750 45 20 m.
1397 749 57 28 m.,
1475 740 110 40 jämte
1608 740 12 30 i

524 802 119 29 ämnet
667 802 124 31 väckta
815 801 183 32 motioner.

173 907 13 29 I
205 916 44 21 en
267 908 69 30 den
355 908 40 30 29
415 908 89 40 april
526 908 82 31 1955
629 909 229 39 dagtecknad,
878 909 53 30 till
950 909 382 40 bevillningsutskottet
1351 909 172 31 hänvisad
1541 918 79 32 pro-

128 960 163 40 position,
314 971 42 20 nr
379 961 71 36 196,
472 961 66 31 har
559 962 125 39 Kungl.
707 962 117 40 Maj:t,
848 963 111 30 under
981 962 218 40 åberopande
1223 972 42 21 av
1286 963 264 40 propositionen
1570 962 51 31 bi-

128 1013 71 41 lagt
216 1015 126 39 utdrag
359 1024 42 21 av
417 1015 385 40 statsrådsprotokollet
819 1017 81 29 över
917 1016 275 30 finansärenden
1209 1017 55 30 för
1283 1026 136 21 samma
1436 1017 75 39 dag,
1530 1017 90 29 före-

130 1067 101 39 slagit
250 1067 188 41 riksdagen
458 1070 51 28 att
529 1070 126 38 antaga
673 1069 59 31 vid
752 1069 263 40 propositionen
1035 1070 124 40 fogade
1179 1069 133 41 förslag
1331 1070 53 30 till

176 1119 33 34 1)
240 1119 206 41 förordning
474 1121 178 39 angående
680 1121 136 30 ändrad
842 1122 131 39 lydelse
1000 1131 43 21 av
1071 1122 39 31 10
1140 1121 16 38 8
1185 1122 19 30 2
1232 1131 106 21 mom.
1365 1122 254 40 förordningen

129 1173 67 29 den
215 1173 41 30 26
274 1173 67 40 juli
364 1173 81 30 1947
471 1173 59 35 (nr
549 1174 81 35 576)
654 1184 58 21 om
732 1175 117 40 statlig
868 1175 267 35 inkomstskatt;
1158 1178 92 28 samt

173 1227 36 33 2)
239 1227 207 40 förordning
480 1228 80 30 med
594 1228 265 31 bestämmelser
893 1238 58 21 om
983 1229 194 40 beräkning
1212 1239 44 21 av
1289 1229 68 30 den
1390 1229 228 40 preliminära

130 1280 140 30 skatten
287 1281 94 30 vissa
399 1281 38 30 år
456 1281 56 30 för
532 1282 195 40 aktiebolag
747 1292 45 20 m.
814 1282 37 30 fl.

172 1388 227 31 Beträffande
441 1390 283 39 propositionens
767 1390 257 40 huvudsakliga
1069 1390 157 31 innehåll
1268 1391 58 30 må
1368 1392 65 29 här
1477 1391 143 30 anföras

128 1441 169 40 följande.

173 1494 13 29 I
205 1494 265 39 propositionen
488 1494 147 31 föreslås
655 1505 44 20 en
718 1505 43 20 av
778 1496 391 39 konjunkturpolitiska
1189 1496 77 30 skäl
1285 1496 164 40 betingad
1468 1496 150 40 höjning

128 1556 43 21 av
188 1547 67 30 den
275 1548 139 39 statliga
432 1548 300 31 inkomstskatten
750 1548 55 30 för
823 1549 94 30 vissa
934 1549 176 39 juridiska
1127 1558 177 31 personer.
1324 1549 179 40 Förslaget
1521 1550 98 29 inne-

129 1601 62 29 bär
215 1603 52 28 att
292 1601 138 30 skatten
455 1601 55 30 för
535 1602 195 40 aktiebolag
754 1602 101 40 höjes
880 1602 82 30 från
986 1602 42 30 40
1053 1603 52 29 till
1131 1602 41 30 45
1198 1605 145 37 procent
1366 1603 58 30 vid
1451 1603 83 30 1956
1560 1603 58 30 års

129 1654 158 40 taxering
304 1655 65 29 och
386 1655 52 30 till
456 1655 41 30 50
515 1657 144 38 procent
676 1655 44 30 fr.
737 1665 31 21 o.
786 1665 46 20 m.
852 1656 82 30 1957
953 1656 57 30 års
1028 1656 168 40 taxering.
1215 1657 67 29 För
1300 1656 230 31 ekonomiska
1547 1656 72 31 för-

130 1708 145 39 eningar
293 1708 100 39 höjes
413 1709 140 30 skatten
573 1709 79 29 från
672 1709 42 30 32
733 1709 54 30 till
807 1718 90 31 resp.
918 1710 40 29 36
978 1710 66 29 och
1062 1709 41 31 40
1123 1712 155 37 procent.
1299 1710 75 30 Den
1393 1710 111 30 ökade
1525 1710 94 30 skat-

131 1763 57 28 ten
206 1761 90 30 skall
314 1761 221 40 preliminärt
553 1762 155 39 erläggas
728 1762 43 30 fr.
790 1772 30 20 o.
839 1772 46 20 m.
904 1763 355 39 uppbördsterminen
1276 1763 12 30 i
1307 1763 194 39 september
1523 1763 95 30 1955.

174 1814 132 30 Genom
330 1815 66 29 den
422 1815 198 39 föreslagna
644 1815 195 40 höjningen
863 1816 173 30 beräknas
1062 1816 230 30 statsskatten
1317 1817 107 39 enligt
1452 1816 83 31 1956
1560 1816 58 31 års

130 1868 159 40 taxering
308 1869 66 29 öka
392 1869 80 29 med
491 1869 148 39 ungefär
660 1870 60 29 125
740 1870 165 38 miljoner
923 1870 132 29 kronor
1073 1871 64 29 och
1156 1870 108 39 enligt
1285 1870 82 30 1957
1387 1870 57 30 års
1463 1870 158 40 taxering

130 1921 79 29 med
230 1921 163 39 omkring
414 1921 63 30 250
500 1922 164 39 miljoner
685 1922 142 30 kronor.
850 1922 116 30 Härav
985 1922 72 29 kan
1078 1932 39 20 ca
1139 1922 63 30 200
1225 1922 164 39 miljoner
1410 1923 131 30 kronor
1562 1923 57 30 be-

130 1974 130 30 räknas
279 1974 127 39 inflyta
425 1974 112 30 under
556 1975 204 39 budgetåret
782 1975 151 33 1955/56.

175 2081 48 30 De
242 2082 247 30 ovannämnda
507 2081 409 41 författningsförslagen
934 2083 38 29 är
990 2092 43 20 av
1051 2082 156 40 följande
1226 2083 140 39 lydelse.

133 2559 55 28 1—
217 2557 136 41 Bihang
374 2558 52 30 till
445 2557 206 40 riksdagens
671 2558 177 39 protokoll
869 2559 93 30 1955.
996 2559 18 29 7
1035 2559 98 30 saml.
1166 2559 50 30 Nr
1236 2560 41 29 52
