2170 2636
660 167 340 32 Jordbruksutskottets
1024 167 164 32 utlåtande
1212 167 51 31 Nr
1286 169 50 30 39.
1735 167 18 30 3

331 247 80 36 Den
454 248 43 35 18
536 246 85 49 juni
652 247 96 36 1915
777 245 196 38 utfärdade
1001 246 142 50 Kungl.
1175 246 105 48 Maj:t
1307 246 85 37 med
1419 246 207 49 riksdagen
1655 246 142 36 förord-

204 300 91 48 ning
336 312 59 23 om
434 298 309 37 förekommande
776 312 46 23 av
851 298 222 37 överdriven
1102 298 236 49 avverkning
1365 301 20 33 å
1414 298 179 49 ungskog
1620 298 100 36 inom
1752 298 44 36 de

202 352 104 36 delar
334 365 46 22 av
410 351 289 36 Västerbottens
728 351 69 36 och
826 350 250 37 Norrbottens
1101 351 75 47 län,
1196 364 80 23 som
1298 351 31 49 ej
1352 351 94 36 höra
1464 351 55 36 till
1539 349 256 50 lappmarken,

203 409 53 31 att
297 403 106 36 träda
431 404 11 35 i
470 403 100 36 kraft
611 403 73 36 den
724 405 17 33 1
767 403 150 47 januari
949 404 108 35 1916.
1114 402 133 50 Enligt
1275 403 122 36 denna
1426 402 223 49 förordning
1676 402 73 36 fick
1778 405 19 33 å

202 455 168 37 enskilde
411 455 171 48 tillhörig
623 455 226 48 skogsmark
889 455 101 35 inom
1033 455 164 36 nämnda
1237 454 212 37 landsdelar
1487 454 237 48 avverkning
1753 468 44 22 av

202 507 270 48 undermåliga,
516 507 82 36 icke
640 503 101 40 torra
782 507 167 36 barrträd
992 507 133 36 endast
1153 507 65 36 ske
1246 507 92 36 efter
1366 506 183 49 utsyning
1576 506 120 48 enligt
1724 506 73 36 för-

202 560 229 48 ordningens
460 559 297 36 bestämmelser.
806 558 129 37 Skulle
963 558 208 37 emellertid
1200 559 283 48 avverkningen
1511 558 66 36 ske
1606 558 57 36 för
1682 558 116 36 ound-

202 611 177 49 gängligt
407 611 194 36 husbehov
629 611 100 35 inom
760 610 247 49 skifteslaget,
1038 610 67 37 där
1133 610 225 49 fastigheten
1389 623 90 23 vore
1507 610 171 49 belägen,
1709 610 89 36 eller

202 663 263 49 angränsande
495 662 211 49 skifteslag,
735 676 66 23 var
827 663 186 48 utsyning
1040 663 81 36 icke
1149 663 234 47 erforderlig.

332 714 146 37 Genom
508 728 45 22 av
581 714 141 49 Kungl.
754 715 106 48 Maj:t
887 714 85 37 med
1000 714 207 49 riksdagen
1235 715 72 35 den
1335 717 43 33 19
1396 714 86 49 juni
1507 716 94 34 1917
1623 714 174 36 utfärdad

202 767 222 49 förordning
464 766 210 49 undergick
710 768 96 35 1915
836 769 58 33 års
922 767 226 47 förordning
1175 767 77 36 viss
1281 766 172 49 ändring.
1511 765 163 37 Sålunda
1701 766 98 36 före-

202 819 142 47 skrevs,
388 824 53 31 att
482 818 168 36 tillstånd
692 818 54 36 till
789 818 237 49 avverkning
1061 818 33 48 ej
1124 818 115 37 heller
1267 818 119 37 skulle
1415 818 199 47 erfordras,
1644 817 66 37 där
1738 817 61 37 det

203 870 209 38 avverkade
450 870 124 36 virket
615 871 120 35 skulle
776 871 229 49 upphuggas
1034 871 55 35 till
1117 871 70 36 ved
1216 871 58 36 för
1303 876 53 30 att
1384 869 102 37 inom
1507 869 291 49 förordningens

202 922 413 49 tillämpningsområde
665 922 192 39 användas
898 922 58 36 för
998 922 282 49 oundgängligt
1312 921 205 37 husbehov.
1565 922 231 47 Härigenom

202 976 94 35 hade
343 980 119 31 större
509 974 111 36 frihet
666 974 201 48 medgivits
904 974 11 35 i
955 975 185 36 avseende
1188 977 19 33 å
1253 974 236 47 avverkning
1535 988 45 21 av
1626 974 69 35 ved
1742 973 55 36 till

200 1027 161 36 bränsle.

330 1079 70 36 Det
442 1079 129 49 dröjde
613 1078 208 37 emellertid
862 1079 33 48 ej
938 1079 126 48 länge,
1094 1079 128 35 förrän
1251 1078 55 36 till
1335 1077 143 50 Kungl.
1509 1077 108 48 Maj:t
1634 1077 163 64 började

202 1132 190 36 inkomma
425 1131 337 48 framställningar,
793 1144 79 23 som
902 1136 129 44 syntes
1060 1130 90 49 giva
1178 1130 63 37 vid
1269 1108 180 69 handen,
1456 1136 54 30 att
1538 1130 63 36 det
1630 1132 40 33 år
1700 1131 95 34 1917

201 1184 136 47 gjorda
378 1182 175 49 tillägget
589 1183 56 36 till
686 1185 8 33 1
725 1183 19 46 $
774 1196 46 22 av
851 1184 96 34 1915
977 1185 59 33 års
1064 1182 227 48 förordning
1319 1182 240 49 möjliggjort
1587 1186 120 32 större
1735 1195 61 22 av-

200 1197 189 86 verkning
426 1248 45 22 av
489 1212 262 68 "undermålig
793 1234 97 48 skog
930 1239 47 30 än
1016 1247 81 23 som
1125 1234 126 36 kunde
1278 1246 110 24 anses
1416 1233 165 48 förenlig
1608 1233 85 36 med
1721 1233 75 47 god

201 1267 375 69 skogshushållning.
634 1286 73 35 Det
724 1259 217 78 framhölls,
970 1285 114 36 bland
1114 1291 126 40 annat,
1270 1290 54 31 att
1352 1297 138 36 genom
1523 1263 94 58 1917
1645 1287 57 33 års
1723 1285 74 35 för-

201 1317 164 70 ordning
393 1352 44 22 en
467 1315 185 71 återgång
669 1338 13 35 i
701 1337 62 36 det
791 1343 188 31 närmaste
1008 1337 100 37 skett
1136 1337 56 36 till
1220 1314 285 59 förhållandena
1534 1336 78 37 före
1637 1339 40 33 år
1700 1337 96 35 1916

202 1392 98 35 inom
344 1389 365 49 dimensionslagens
751 1389 430 49 tillämpningsområde.
1237 1389 85 36 Med
1365 1388 208 49 anledning
1611 1401 45 23 av
1690 1388 108 36 dessa

202 1442 325 48 framställningar
556 1442 99 35 avlät
683 1441 140 49 Kungl.
852 1441 108 49 Maj:t
988 1440 55 36 till
1075 1443 96 34 1918
1197 1444 59 34 års
1276 1441 159 49 lagtima
1453 1440 157 49 riksdag
1628 1440 170 49 proposi-

201 1496 92 46 tion,
336 1508 45 22 nr
409 1496 86 45 245,
525 1507 61 23 om
615 1493 144 37 ändrad
786 1493 143 50 lydelse
958 1507 46 22 av
1036 1495 17 34 1
1085 1493 69 36 och
1184 1495 20 35 9
1234 1492 44 50 $$
1306 1493 11 36 i
1347 1494 98 35 1913
1476 1496 59 33 års
1563 1492 233 48 förordning.

331 1546 13 36 I
376 1546 184 36 skrivelse
590 1546 57 35 till
676 1545 141 49 Kungl.
846 1545 108 48 Maj:t
982 1544 74 37 den
1088 1547 44 34 13
1162 1545 80 48 juni
1273 1546 109 46 1918,
1412 1558 44 22 nr
1485 1545 85 46 385,
1600 1544 198 36 tillkänna-

201 1612 75 35 gav
304 1598 218 48 riksdagen,
553 1603 52 30 att
633 1597 122 36 denna
782 1597 238 49 proposition
1049 1597 81 36 icke
1161 1597 144 36 kunnat
1334 1610 46 22 av
1400 1596 206 49 riksdagen
1627 1602 170 42 antagas,

201 1651 68 35 och
312 1627 146 59 anhöll
479 1627 204 70 riksdagen
725 1649 133 46 tillika,
896 1654 55 30 att
992 1649 142 48 Kungl.
1178 1648 108 49 Maj:t
1327 1651 115 34 måtte
1482 1648 76 36 låta
1595 1647 204 37 verkställa

200 1702 220 48 ytterligare
457 1679 207 79 utredning
692 1713 59 23 om
781 1701 69 36 och
879 1700 12 35 i
920 1700 71 36 vad
1020 1703 98 44 mån,
1148 1705 132 32 utöver
1308 1700 71 36 vad
1408 1700 11 35 i
1449 1694 246 42 förenämnda
1723 1699 75 36 för-

200 1731 164 70 ordning
393 1753 68 36 den
496 1754 45 34 18
566 1752 85 48 juni
683 1753 96 35 1915
809 1751 248 48 föreskrivits,
1086 1752 283 36 bestämmelser
1397 1751 127 36 kunde
1553 1763 108 24 anses
1683 1751 115 36 erfor-

201 1805 142 48 derliga
386 1805 52 35 till
483 1803 309 37 förekommande
835 1816 46 22 av
923 1803 221 37 överdriven
1174 1803 238 48 avverkning
1439 1806 21 33 å
1488 1803 181 48 ungskog
1696 1802 101 37 inom

202 1856 285 48 ifrågavarande
529 1855 102 36 delar
673 1869 44 22 av
759 1855 136 36 landet.
951 1855 70 36 Det
1060 1861 129 44 syntes
1219 1855 201 48 riksdagen
1449 1854 193 49 vanskligt
1670 1860 54 30 att
1752 1858 46 45 på

200 1908 123 48 grund
353 1922 44 22 av
426 1908 73 36 den
527 1908 223 46 erfarenhet,
781 1920 78 23 som
890 1907 151 36 vunnits
1070 1907 118 36 under
1216 1907 72 36 den
1317 1907 108 35 korta
1454 1906 64 46 tid,
1540 1920 80 22 som
1642 1906 158 36 förflutit

202 1960 114 36 sedan
349 1962 93 33 1917
476 1962 59 33 års
565 1959 161 47 ändring
755 1959 276 48 genomfördes,
1061 1959 102 35 bilda
1191 1959 60 47 sig
1279 1972 45 22 en
1353 1958 172 37 bestämd
1555 1957 245 50 uppfattoing

201 2026 58 21 om
303 2012 279 46 verkningarna
624 2025 45 21 av
698 2011 122 35 denna
848 2010 173 48 ändring.
1079 2011 58 35 Av
1167 2010 44 36 de
1240 2010 165 47 avgivna
1433 2010 243 35 utlåtandena
1705 2010 95 35 hade

203 2063 200 47 riksdagen
442 2062 8 35 i
463 2042 82 56 allt
587 2062 64 35 fall
693 2062 80 35 icke
815 2062 141 35 kunnat
998 2063 83 35 med
1124 2039 236 58 bestämdhet
1401 2061 171 45 bedöma,
1614 2061 186 35 huruvida

208 2116 90 33 1917
344 2117 57 32 års
443 2113 231 47 lagändring
715 2113 161 35 medfört
917 2113 140 35 sådana
1087 2113 165 47 menliga
1286 2112 145 47 följder,
1463 2125 79 22 som
1564 2090 55 57 då
1647 2111 152 48 gjordes

201 2165 185 47 gällande.
445 2165 71 35 För
558 2164 315 47 genomförandet
915 2178 45 22 av
1003 2177 42 23 en
1092 2164 63 35 för:
1152 2142 138 57 ändrad
1319 2163 246 48 lagstiftning
1594 2163 7 35 1
1632 2162 168 49 enlighet

201 2196 83 57 med
318 2216 139 46 Kunegl.
488 2194 93 70 Maj:
579 2221 34 30 ts
642 2216 145 46 förslag
815 2220 129 44 syntes
973 2216 138 38 därför,
1141 2216 122 46 enligt
1291 2194 222 69 riksdagens
1538 2192 260 68 förmenande,

200 2248 230 68 ytterligare
448 2268 206 45 utredning
683 2246 233 69 erforderlig.

1849 247 132 25 Utskottet.
