2190 2634
428 172 7 27 1
848 169 342 31 Jordbruksutskottets
1213 168 162 32 utlåtande
1402 168 49 31 Nr
1475 170 51 30 39.

512 248 54 35 Då
595 247 185 48 förslaget
811 247 55 36 till
895 247 290 48 ifrågavarande
1214 246 225 50 förordning
1467 260 141 36 genom
1631 247 234 49 proposition
1892 248 94 36 före-

377 299 103 36 lades
513 300 96 35 1915
639 301 62 34 års
713 271 186 80 Tiksdag,
928 298 170 37 uttalade
1127 298 217 49 riksdagen,
1375 304 55 31 att
1458 299 64 36 det
1543 298 100 37 inför
1667 298 71 37 den
1758 299 126 47 kritik,
1906 312 78 24 som

377 351 135 36 riktats
560 356 77 31 mot
683 350 342 50 dimensionslagar
1067 350 11 35 i
1121 350 217 47 allmänhet,
1381 351 164 48 givetvis
1574 350 126 36 kunde
1729 351 256 49 ifrågasättas,

379 402 185 37 huruvida
609 401 244 50 lagstiftning
897 416 47 22 av
955 376 136 80 "detta
1132 402 82 48 slag
1256 403 116 36 borde
1401 402 129 37 vidare
1559 402 194 37 utvecklas
1782 403 71 36 och
1883 403 103 37 bibe-

376 454 130 37 hållas.
564 432 105 59 Det
678 432 196 58 framhölls
920 459 108 41 även,
1072 460 53 30 att
1154 432 69 58 den
1256 454 204 48 meningen
1490 455 105 48 gjort
1625 455 61 48 sig
1714 455 188 48 gällande,
1931 463 53 28 att

376 519 86 23 man
492 507 11 34 i
534 507 101 48 varje
664 505 65 37 fall
773 506 114 37 borde
930 506 164 36 avvakta
1136 506 62 36 det
1241 484 167 70 förslag,
1440 519 80 23 som
1564 512 104 30 snart
1714 519 87 24 vore
1831 513 51 30 att
1913 507 72 36 för-

378 562 112 32 vänta
532 558 81 36 från
646 558 629 49 skogslagstiftningskommittén,
1306 558 57 36 för
1391 564 56 29 att
1476 572 51 33 se,
1560 558 184 36 hurnvida
1773 559 83 35 icke
1885 559 102 36 detta

375 610 84 36 med
508 609 183 49 lämpliga
736 609 140 49 tillägg
913 610 71 36 och
1013 609 267 49 förändringar
1313 610 120 36 skulle
1462 610 131 35 kunna
1620 623 110 35 passa
1760 610 58 36 för
1840 611 144 48 jämväl

376 675 49 22 nu
459 662 292 47 ifrågavarande
797 661 224 37 landsdelar.
1080 640 218 75 Riksdagen
1328 665 120 45 ansåg
1477 662 61 47 sig
1566 661 115 36 likväl
1711 665 46 44 på
1787 662 121 48 grund
1940 676 45 22 av

376 714 46 35 de
456 713 247 49 obestridliga
745 714 287 47 förbättringar,
1076 707 80 42 som
1199 691 63 59 det
1289 714 11 34 i
1331 687 283 79 propositionen
1658 701 211 61 framlagda
1913 714 73 36 för-

375 766 123 48 slaget
539 765 167 46 innebar,
737 766 93 36 böra
859 765 129 37 bifalla
1019 765 138 49 Kungl.
1191 765 124 49 Maj:ts
1331 764 156 50 förslag,
1506 765 71 36 och
1600 765 166 37 uttalade
1781 765 202 50 riksdagen

374 817 199 58 därjämte,
628 822 64 41 att,
737 817 126 36 därest
904 824 116 29 annat
1066 816 125 37 bättre
1225 817 215 48 lagförslag
1483 838 48 5 —
1576 817 221 48 varigenom
1843 817 142 37 dimen-

375 869 301 49 sionsprincipen
722 869 104 36 bleve
869 870 120 35 avlöst
1034 882 45 23 av
1124 870 117 35 andra
1265 849 232 69 ”trygghets:
1495 868 172 49 itgärder
1700 876 76 29 mot
1807 868 180 50 skövling

373 926 100 31 samt
511 920 522 50 skogsvårdssynpunkterna
1063 921 120 37 bättre
1211 898 277 70 tillgodosedda
1517 942 48 3 —
1596 922 9 34 i
1637 934 46 22 en
1712 925 92 32 nära
1833 921 152 36 framtid

373 972 122 36 skulle
526 973 128 36 kunna
684 973 245 48 framläggas,
960 973 96 36 intet
1085 972 135 36 hinder
1248 972 106 37 torde
1383 977 113 41 möta,
1527 978 55 30 att
1611 977 54 31 ett
1685 972 134 36 sådant
1842 973 145 48 förslag

373 1024 94 36 efter
517 1024 238 49 vederbörlig
801 1024 240 48 granskning
1088 1025 151 35 komme
1285 1030 56 30 att
1377 1028 141 31 ersätta
1550 1023 350 49 dimensionslagen
1929 1025 58 34 för

375 1076 249 37 Norrbottens
652 1076 67 36 och
754 1075 288 37 Västerbottens
1076 1076 82 35 läns
1185 1075 190 37 kustland.

510 1129 94 34 1918
635 1130 60 33 års
727 1127 152 49 lagtima
910 1127 158 49 riksdag
1098 1127 157 36 anförde
1284 1127 10 36 i
1325 1140 49 23 nu
1405 1127 292 48 ifrågavarande
1728 1128 185 36 avseende
1929 1128 57 36 för

372 1180 57 35 sin
474 1179 72 46 del,
588 1179 111 37 bland
749 1186 127 39 annat,
919 1186 65 40 att,
1014 1179 122 49 enligt
1166 1178 70 37 vad
1266 1179 229 48 riksdagens
1527 1178 284 38 vederbörande
1840 1179 144 37 utskott

372 1232 201 46 inhämtat,
594 1231 617 49 skogslagstiftningskommittén
1231 1232 103 35 inom
1356 1243 45 23 en
1422 1236 92 31 nära
1537 1231 152 35 framtid
1712 1231 106 37 torde
1832 1232 150 36 komma

373 1289 53 31 att
455 1283 138 48 avgiva
622 1283 63 35 sitt
713 1283 250 37 betänkande.
1009 1282 51 37 På
1089 1282 124 49 grund
1242 1283 116 35 härav
1388 1289 131 43 syntes
1549 1283 62 36 det
1639 1282 205 50 riksdagen
1865 1284 119 48 lämp-

373 1335 71 48 ligt
474 1312 55 59 att
559 1335 161 36 avvakta
751 1334 103 37 detta
885 1313 257 58 betänkandes
1186 1324 288 59 framläggande
1504 1334 58 36 för
1591 1339 54 31 att
1674 1312 140 59 erhålla
1843 1336 140 35 känne-

372 1364 85 58 dom
490 1400 73 33 om,
594 1386 186 37 huruvida
811 1387 103 36 detta
944 1386 191 37 innehölle
1164 1386 146 49 förslag
1337 1386 56 35 till
1423 1399 46 23 en
1500 1399 105 24 mera
1624 1387 174 36 rationell
1817 1386 164 49 lagstift-

372 1438 94 64 ning
512 1441 48 45 på
607 1438 247 37 förevarande
901 1438 164 37 område.
1123 1438 72 36 För
1229 1438 72 36 den
1331 1437 181 37 händelse
1541 1437 101 37 detta
1671 1438 237 37 betänkande
1938 1452 46 22 av

374 1493 124 46 någon
531 1490 208 49 anledning
769 1491 79 36 icke
878 1490 122 37 skulle
1030 1490 127 36 kunna
1200 1502 138 36 genom
1368 1490 238 49 proposition
1638 1489 215 50 föreläggas
1889 1492 94 34 1919

370 1545 60 33 års
478 1542 159 48 riksdag
682 1542 69 36 och
800 1542 71 36 den
914 1542 262 48 föreliggande
1219 1542 135 48 frågan
1384 1541 220 49 därigenom
1635 1542 45 36 då
1709 1543 112 45 lösas,
1852 1547 130 45 syntes

371 1594 62 36 det
460 1593 203 49 riksdagen
696 1594 206 36 emellertid
930 1595 188 48 lämpligt,
1150 1600 54 30 att
1231 1594 221 49 ytterligare
1481 1593 205 49 utredning
1706 1594 10 35 i
1738 1594 245 37 förevarande

371 1645 138 37 ärende
549 1646 258 43 verkställdes,
851 1649 36 33 så
928 1651 54 31 att
1012 1646 83 36 med
1127 1647 66 34 full
1223 1645 192 49 tydlighet
1443 1645 127 36 kunde
1600 1651 167 37 utrönas,
1797 1646 185 36 huruvida

370 1697 72 36 den
472 1700 41 33 år
544 1699 94 34 1917
671 1675 183 69 vidtagna
883 1697 214 49 ändringen
1127 1698 161 36 medfört
1318 1697 173 48 skadliga
1523 1697 147 49 följder.
1728 1698 68 36 Det
1827 1698 155 48 förslag,

371 1749 125 36 vartill
526 1749 122 36 denna
677 1728 206 70 utredning
912 1728 132 58 kunde
1067 1749 204 40 föranleda,
1303 1749 119 46 torde,
1453 1749 120 36 under
1601 1762 90 36 nyss
1721 1750 165 47 angiven
1907 1751 74 34 för-

373 1801 225 49 utsättning,
629 1801 218 48 föreläggas
857 1779 119 58 "1919
1007 1804 60 33 års
1096 1801 168 49 riksdag.

503 1852 217 50 Riksdagen
747 1831 73 58 har
849 1853 157 36 sålunda
1034 1853 116 36 redan
1179 1832 145 66 uttalat,
1354 1859 53 29 att
1437 1853 122 48 enligt
1583 1853 228 49 riksdagens
1828 1855 155 47 mening

371 1904 291 48 ifrågavarande
696 1904 227 49 förordning
954 1905 117 36 borde
1109 1905 193 36 betraktas
1333 1908 122 33 såsom
1485 1905 235 49 provisorisk
1749 1905 67 36 och
1849 1905 133 37 endast

370 1955 113 47 gälla,
505 1956 56 36 till
578 1955 85 38 dess
680 1969 46 24 en
744 1970 100 23 mera
863 1957 173 36 rationell
1052 1957 247 48 lagstiftning
1314 1959 48 47 på
1377 1957 239 47 grundvalen
1634 1971 46 22 av
1697 1957 283 49 skogslagstift-

371 2008 360 46 ningskommitténs
762 2009 145 48 förslag
934 2008 128 36 kunde
1092 2008 256 49 genomföras.

500 2059 74 36 Till
617 2059 59 38 det
720 2060 247 36 förevarande
1009 2060 239 49 proposition
1285 2060 151 48 bilagda
1468 2061 417 48 statsrådsprotokollet
1916 2062 65 35 har

372 2112 275 48 föredragande
689 2112 419 48 departementschefen
1151 2112 137 46 anfört,
1332 2117 54 30 att
1428 2112 165 36 nämnda
1629 2113 198 35 kommitté
1856 2113 70 36 den
1958 2115 20 33 9

370 2163 203 37 december
604 2165 96 35 1918
731 2164 148 47 avgivit
906 2170 53 30 ett
980 2164 85 36 med
1087 2164 60 36 del
1169 2167 17 33 1
1209 2164 213 44 betecknat,
1443 2164 257 47 omfångsrikt
1726 2163 253 37 betänkande.

371 2215 116 36 Delen
534 2218 35 33 2,
611 2228 79 23 som
736 2194 174 70 utgjorde
953 2229 46 22 en
1030 2215 181 50 vidlyftig
1239 2215 236 37 reservation
1504 2229 46 22 av
1576 2194 249 58 kommitténs
1853 2216 127 37 ordfö-

371 2267 114 36 rande
530 2260 67 42 och
629 2267 233 37 innefattade
892 2272 52 31 ett
977 2244 325 72 parallellförslag,
1334 2267 95 36 hade
1458 2273 99 31 ännu
1589 2267 81 37 icke
1700 2267 107 37 blivit
1837 2268 143 48 färdig-
