2234 2612
403 129 19 32 2
614 130 120 34 Första
759 133 202 32 kammarens
984 136 115 32 andra
1125 135 165 41 tillfälliga
1314 138 132 31 utskotts
1469 139 164 32 utlåtande
1658 141 52 31 Nr
1734 141 54 31 12.

401 220 99 48 ning,
532 234 73 24 som
638 234 102 24 avser
769 226 53 33 att
851 223 129 49 främja
1009 226 60 34 det
1099 225 139 36 mindre
1263 226 228 48 jordbruket,
1524 241 81 23 men
1631 242 74 23 som
1726 231 82 36 icke
1828 223 46 56 på
1895 235 109 33 annat

401 278 72 32 sätt
514 275 73 35 kan
630 276 144 35 komma
802 277 13 34 i
844 278 212 47 åtnjutande
1091 291 43 24 av
1164 279 119 47 dylikt
1311 281 208 37 understöd.
1577 283 124 35 Under
1733 288 99 33 1918
1866 308 46 4 —
1944 287 60 35 det

400 331 141 32 senaste
570 331 39 32 år
638 329 55 35 för
721 330 116 35 vilket
866 331 160 36 statistik
1057 332 195 48 föreligger
1272 355 49 4 —
1342 334 220 37 förekommo
1593 336 128 36 kurser
1740 351 44 23 av
1804 352 49 22 nu
1874 340 128 47 ifråga-

400 382 157 34 varande
600 382 78 47 slag
712 383 55 35 till
801 387 52 32 ett
882 385 99 35 antal
1009 398 44 22 av
1082 386 167 47 omkring
1279 389 86 34 240.
1423 389 71 35 Till
1522 390 258 46 kostnaderna,
1812 404 72 24 som
1915 407 87 33 upp-

398 434 109 47 gingo
549 434 57 36 till
651 439 140 41 71,586
835 437 144 45 kronor,
1018 439 129 47 bidrog
1176 444 118 31 staten
1326 442 79 34 med
1434 445 143 42 45,450
1608 444 142 36 kronor.
1809 446 126 35 Under
1964 450 38 32 år

402 490 99 33 1914
544 488 168 48 utgjorde
755 492 136 34 antalet
926 492 129 35 kurser
1083 493 170 47 omkring
1283 496 86 42 325,
1399 497 116 34 under
1544 500 39 32 år
1616 500 97 33 1913
1744 500 154 45 ungefär
1927 500 74 36 lika

398 544 139 45 många.
597 543 124 35 Under
749 544 168 35 krisåren
946 545 209 38 minskades
1184 547 236 45 kursantalet,
1452 549 179 38 beroende
1659 552 76 35 dels
1765 554 45 45 på
1839 556 53 32 att
1920 554 80 34 hus-

397 596 410 47 hållningssällskapens
851 598 235 37 konsulenter
1128 602 65 34 och
1236 602 111 34 andra
1381 602 219 48 tjänstemän
1629 618 83 23 voro
1741 609 187 44 upptagna
1957 620 43 22 av

397 648 470 50 kristidsangelägenheter,
912 654 76 35 dels
1022 654 67 35 ock
1119 657 45 43 på
1193 658 52 32 att
1274 656 60 35 det
1363 658 132 45 ansågs
1525 658 166 47 lämpligt
1718 661 66 34 och
1813 660 187 47 behövligt

396 706 52 32 att
476 704 163 35 anordna
668 705 266 47 endagskurser
962 709 80 33 med
1071 708 250 36 orienterande
1351 710 167 47 föredrag
1546 711 12 35 i
1588 713 43 34 de
1666 715 89 32 mest
1789 713 209 37 brännande

396 756 333 49 kristidsfrågorna.
788 760 176 36 Intresset
1007 761 55 35 för
1094 758 378 50 jordbrukskurserna
1501 777 108 34 synes
1638 778 50 22 nu
1717 766 282 37 flerestädes'ha

396 810 148 47 avtagit.

500 865 86 34 Med
627 866 185 48 undantag
841 879 44 23 av
915 867 95 35 vissa
1039 868 274 46 specialkurser,
1345 873 115 33 såsom
1490 872 332 46 trädgårdskurser,
1854 874 143 35 konser-

393 917 280 47 veringskurser
714 920 66 35 och
809 920 130 35 kurser
968 920 12 35 i
1008 920 187 46 biskötsel,
1226 923 46 35 ha
1302 924 43 34 de
1374 924 140 44 kurser,
1546 938 74 23 som
1650 925 13 35 i
1692 927 59 35 det
1780 927 216 47 föregående

393 970 151 45 berörts,
589 974 57 33 så”
670 977 78 42 gott
789 986 74 23 som
907 975 276 46 undantagslöst
1226 977 121 35 hållits
1389 979 118 34 under
1551 980 69 34 den
1656 980 136 35 kallare
1822 981 170 36 årstiden.

393 1025 110 35 Detta
532 1031 40 29 är
601 1026 248 48 anledningen
879 1027 56 36 till
964 1032 53 32 att
1059 1029 314 49 undervisningen
1394 1032 72 35 fått
1486 1045 43 22 en
1551 1035 249 46 övervägande
1820 1035 175 36 teoretisk

392 1078 186 48 läggning.

498 1132 18 35 I
559 1133 70 35 den
673 1133 146 45 motion,
865 1147 73 23 som
983 1148 50 22 nu
1076 1136 206 48 föreligger,
1328 1138 188 37 framföres
1553 1140 137 36 tanken
1719 1144 52 32 att
1800 1143 80 34 med
1911 1142 83 36 ökat

391 1184 310 49 tillgodogörande
744 1201 43 22 av
830 1189 44 34 de
916 1189 271 45 lärarekrafter,
1232 1204 72 22 som
1348 1193 118 35 finnas
1494 1193 62 35 vid
1586 1195 43 34 de
1659 1196 335 36 statsunderstödda

390 1238 392 47 lantmannaskolorna,
813 1243 116 34 under
958 1245 376 35 sommarmånaderna
1364 1247 159 34 anordna
1552 1247 156 45 kortare,
1739 1249 254 36 ambulerande

385 1292 332 47 jordbrukskurser
745 1294 13 35 i
787 1295 170 47 förening
999 1297 81 34 med
1109 1297 191 46 praktiska
1329 1300 336 37 demonstrationer.
1723 1303 190 35 Utskottet
1942 1325 49 4 —

389 1358 75 23 som
508 1346 158 47 givetvis
704 1360 104 24 anser
837 1362 43 22 en
910 1349 150 47 lämplig
1084 1350 464 51 jordbruksundervisning
1577 1367 86 23 vara
1691 1369 43 23 av
1764 1357 70 34 den
1863 1360 129 32 största

389 1400 198 47 betydelse,
619 1402 66 35 och
715 1414 73 23 som
819 1403 123 35 därför
969 1403 149 36 tilltalas
1148 1417 44 23 av
1221 1405 97 48 varje
1348 1411 146 32 strävan
1524 1410 53 33 att
1604 1408 83 47 giva
1716 1410 119 34 denna
1863 1412 128 34 under-

388 1453 147 47 visning
563 1454 13 35 i
606 1457 79 33 vårt
718 1456 84 35 land
832 1469 45 22 en
907 1469 96 22 mera
1032 1457 133 35 allmän
1194 1459 219 48 omfattning
1441 1462 67 34 och
1537 1462 171 45 praktisk
1736 1463 176 47 läggning
1942 1486 46 3 —

387 1507 118 35 finner
535 1510 52 32 ett
616 1509 128 35 sådant
773 1511 242 45 supplerande
1045 1523 44 23 av
1108 1513 210 34 nuvarande
1339 1513 415 48 undervisningskurser
1774 1517 57 34 för
1851 1518 139 35 mindre

382 1559 242 48 Jordbrukare
666 1565 81 32 värt
788 1566 54 32 att
884 1567 102 43 tagas
1027 1565 117 33 under
1176 1565 249 48 omprövning.
1484 1568 226 47 Visserligen
1739 1571 103 34 torde
1871 1576 118 30 oöver-

386 1613 147 47 stigliga
576 1615 227 47 svårigheter
837 1620 95 32 möta
961 1617 55 34 för
1044 1617 188 36 vinnande
1261 1632 43 22 av
1334 1620 181 36 önskvärd
1544 1622 211 48 anslutning
1784 1623 57 36 till
1869 1625 121 44 längre

384 1667 129 35 kurser
542 1669 117 34 under
688 1681 212 32 sommaren,
932 1671 44 34 då
1000 1670 42 47 ju
1068 1671 465 50 jordbruksbefolkningen
1563 1680 39 30 är
1631 1678 39 32 så
1698 1680 144 43 strängt
1862 1680 126 45 syssel-

385 1724 86 41 satt;
501 1721 13 34 i
543 1722 141 35 landets
713 1723 221 46 nordligaste
963 1724 99 35 delar
1091 1725 160 36 avslutas
1279 1726 81 35 icke
1389 1728 202 36 vårsådden
1611 1729 123 35 förrän
1758 1732 113 34 under
1891 1732 97 35 förra

384 1774 138 35 hälften
566 1787 44 22 av
649 1775 94 47 juni.
801 1777 87 34 Men
931 1777 172 47 förslaget
1136 1782 53 32 att
1226 1781 160 34 anordna
1415 1782 137 36 kortare
1581 1782 139 45 kurser,
1751 1784 12 35 i
1791 1786 98 46 regel
1918 1798 69 22 om-

384 1827 162 36 fattande
590 1830 128 34 endast
759 1832 118 44 någon
921 1831 68 46 dag
1031 1832 117 34 under
1191 1845 200 24 sommaren
1429 1837 20 32 å
1487 1836 70 34 den
1600 1836 63 45 tid,
1700 1849 72 23 som
1805 1838 55 35 för
1889 1839 97 48 varje

383 1886 55 30 ort
484 1881 73 35 kan
604 1894 87 24 vara
736 1883 161 47 lämplig,
942 1896 106 35 synes
1091 1898 86 23 vara
1219 1887 57 35 väl
1318 1887 153 48 förtjänt
1513 1901 44 23 av
1600 1893 53 32 att
1695 1896 139 41 prövas.
1902 1893 84 35 Just

382 1935 270 38 sommartiden.
674 1941 39 30 är
742 1937 70 35 den
841 1937 152 47 tjänliga
1030 1939 81 35 med
1140 1939 141 48 hänsyn
1309 1940 56 36 till
1394 1954 44 22 en
1468 1943 57 34 del
1554 1942 180 48 viktigare
1764 1946 221 35 demonstra-

381 1987 127 45 tioner,
553 2001 74 23 som
672 1990 127 35 endast
841 1991 125 35 kunna
1007 1992 139 35 utföras
1188 1994 114 35 under
1345 1995 119 35 denna
1507 1996 124 45 årstid,
1676 1999 65 34 och
1784 2010 74 24 som
1901 2012 82 22 man

381 2040 223 37 vintertiden
648 2043 105 35 alltså
796 2047 113 33 måste
952 2045 123 35 sakna.
1137 2047 113 35 Dessa
1292 2048 326 37 demonstrationer
1660 2051 117 35 skulle
1816 2055 167 44 mången-

380 2096 120 34 städes
538 2096 229 48 underlättas
809 2110 129 34 genom
982 2099 233 47 förläggning
1256 2101 54 35 till
1344 2102 133 35 sådana
1502 2103 190 47 jordbruk,
1724 2106 64 34 där
1816 2106 168 47 lämpligt

381 2149 162 35 material
587 2150 55 34 för
676 2151 203 36 ändamålet
908 2152 207 44 förefinnes,
1147 2155 67 34 och
1243 2154 110 35 borde
1382 2168 126 34 genom
1540 2159 198 45 exemplets
1767 2159 102 36 makt
1898 2173 84 22 vara

379 2203 138 45 ägnade
561 2205 53 33 att
656 2204 114 35 väcka
812 2209 64 43 ett
907 2206 228 36 förblivande
1178 2208 66 34 och
1286 2209 182 36 verksamt
1506 2210 154 36 intresse
1698 2212 55 35 för
1787 2213 195 47 tidsenliga

378 2256 65 35 och
490 2256 190 36 rationella
729 2258 219 48 bruknings-
995 2261 65 34 och
1109 2261 274 46 byggnadssätt,
1427 2264 157 46 redskap
1628 2266 65 34 och
1736 2266 245 47 anordningar
