1942 2848
586 165 280 31 Statsutskottets
886 163 176 31 utlåtande
1080 162 51 30 Nr
1149 165 26 27 8.
1566 160 60 31 101

175 252 71 33 dels
270 251 51 32 till
345 249 339 43 parallellavdelning
707 259 42 21 av
774 247 145 32 årsklass
944 246 94 32 inom
1062 245 66 32 den
1153 244 151 41 sjuåriga
1327 242 215 32 lärokursens
1558 241 70 31 fem

130 306 110 41 lägsta
275 305 62 32 och
373 304 94 32 inom
503 303 64 32 den
604 302 155 40 sexåriga
793 300 215 32 lärokursens
1043 300 77 39 fyra
1143 298 109 41 lägsta
1276 297 128 32 klasser
1428 295 77 31 med
1530 294 99 38 2,800

130 360 126 31 kronor
289 359 53 31 för
366 360 46 36 år,
438 356 86 33 dock
548 359 48 29 att
620 355 123 33 sådant
765 354 120 41 bidrag
908 355 58 30 må
989 354 81 40 utgå
1094 351 50 32 till
1168 352 100 40 högst
1292 352 37 30 så
1352 351 83 30 stort
1459 347 92 33 antal
1574 357 55 31 pa-

131 413 129 32 rallella
294 410 325 41 klassavdelningar,
657 419 73 21 som
764 408 227 41 uppkommer
1015 405 77 33 med
1116 403 220 42 iakttagande
1361 402 113 37 därav,
1500 403 48 30 att
1571 400 59 33 vid

131 467 139 32 läsårets
305 465 121 41 början
457 464 104 32 minst
584 464 43 31 30
650 463 176 40 lärjungar
850 461 139 32 komma
1013 462 44 39 på
1080 459 95 41 varje
1200 458 106 32 sådan
1329 455 184 41 avdelning
1536 454 94 32 inom

132 520 201 39 årsklassen,
358 520 107 31 innan
489 529 46 30 ny
559 516 278 40 klassavdelning
860 517 176 40 upprättas
1060 514 94 32 inom
1179 512 210 37 densamma,

177 574 72 32 dels
278 574 62 32 ock
365 572 50 33 till
438 570 340 43 parallellavdelning
802 580 41 21 av
868 568 145 33 årsklass
1037 568 93 31 inom
1155 567 42 31 de
1221 567 59 31 två
1302 566 121 40 högsta
1447 563 183 37 klasserna,

132 628 79 32 med
247 626 219 41 iakttagande
502 636 42 21 av
580 625 65 32 den
681 635 89 21 ovan
799 623 150 41 angivna
971 621 284 42 begränsningen,
1282 618 77 33 med
1384 618 99 38 2,800
1507 617 126 31 kronor

132 683 54 31 för
210 683 37 30 år
270 682 54 31 för
347 678 337 44 parallellavdelning
707 678 94 31 inom
826 676 66 32 den
916 675 179 33 teoretiska
1118 674 108 40 linjen
1251 673 63 32 och
1338 671 78 33 med
1443 671 97 39 1,400
1559 670 73 31 kro-

132 746 64 21 nor
218 736 55 31 för
296 736 37 30 år
355 734 54 32 för
432 731 340 43 parallellavdelning
795 731 93 31 inom
914 730 65 31 den
1003 728 176 42 praktiska
1203 727 118 40 linjen.

178 789 59 31 Ett
270 786 270 43 genomförande
575 796 43 22 av
651 783 422 43 granskningsnämndens
1102 793 42 21 av
1169 779 321 42 skolöverstyrelsen
1513 778 12 31 i
1549 779 84 30 stort

134 845 64 30 sett
221 841 182 33 förordade
427 840 127 40 förslag
577 840 199 31 förutsätter
799 837 145 32 sålunda
967 836 146 41 ändring
1137 846 42 21 av
1204 834 40 32 de
1268 837 82 29 utav
1377 833 84 31 1928
1482 833 53 30 års
1552 831 81 31 riks-

134 896 69 42 dag
224 894 194 34 fastställda
440 893 258 33 föreskrifterna
722 892 63 32 och
809 891 169 32 erfordrar
1000 889 218 42 följaktligen
1242 886 227 43 medgivande
1492 895 43 22 av
1552 884 82 32 riks-

134 950 121 41 dagen.
303 949 66 31 Det
401 947 95 33 torde
520 948 36 30 få
579 947 188 32 ankomma
790 947 44 40 på
857 944 129 41 Kungl.
1011 944 98 40 Maj:t
1133 945 58 36 att,
1217 941 58 33 vid
1299 940 98 33 bifall
1420 939 51 32 till
1495 938 67 33 vad
1586 939 48 31 så-

133 1003 107 32 lunda
265 1001 202 42 föreslagits,
492 1000 182 32 framdeles
698 998 138 33 utfärda
859 1003 156 27 närmare
1039 994 255 35 bestämmelser
1316 995 11 31 i
1347 992 168 34 avseende
1531 993 20 30 å
1567 1002 68 30 nya

134 1056 151 42 grunder
309 1056 10 32 i
343 1056 98 40 fråga
465 1065 56 21 om
546 1053 201 33 elevantalet
770 1053 53 31 för
846 1051 228 42 upprättande
1099 1061 43 21 av
1166 1060 47 31 ny
1237 1045 347 45 parallellavdelning.

179 1110 68 32 För
269 1108 213 34 närvarande
505 1109 99 40 utgår
628 1106 120 41 anslag
771 1105 51 33 till
846 1106 45 31 tio
916 1103 223 34 kommunala
1155 1102 202 33 flickskolor.
1406 1099 229 40 Skolöversty-

135 1164 109 32 relsen
278 1163 62 32 har
364 1162 174 38 beräknat,
563 1164 48 29 att
635 1160 110 32 under
768 1159 201 41 budgetåret
994 1156 191 38 1933/1934
1209 1156 66 32 den
1299 1153 224 34 kommunala
1546 1152 89 32 flick-

135 1217 120 33 skolan
279 1217 11 31 i
315 1217 104 31 Borås
443 1215 108 32 skulle
576 1215 167 31 erkännas
766 1215 111 30 såsom
898 1212 106 33 sådan
1028 1212 63 32 och
1115 1214 49 29 att
1188 1211 181 31 därutöver
1384 1207 193 43 ytterligare
1594 1216 41 21 en

135 1271 97 32 skola
255 1270 109 33 skulle
388 1269 201 38 tillkomma,
615 1269 148 32 varefter
786 1267 76 32 hela
886 1266 127 33 antalet
1036 1264 225 33 kommunala
1283 1261 193 34 flickskolor
1500 1261 136 31 komme

136 1328 50 29 att
220 1326 116 40 uppgå
371 1323 52 33 till
459 1323 83 33 elva.
590 1323 76 31 Den
699 1321 224 32 kommunala
946 1319 200 33 flickskolan
1171 1319 11 31 i
1207 1318 102 32 Borås
1334 1315 164 34 erkändes
1524 1315 112 31 såsom

136 1379 108 32 sådan
274 1388 124 31 genom
423 1376 128 42 Kungl.
577 1376 116 41 Maj:ts
717 1375 66 32 den
808 1376 41 30 28
875 1373 140 33 oktober
1040 1374 85 31 1932
1150 1371 128 33 fattade
1302 1370 119 33 beslut.
1470 1369 82 31 Man
1576 1367 62 31 har

137 1432 99 33 alltså
259 1434 49 29 att
331 1432 54 32 för
408 1430 199 42 budgetåret
633 1427 190 38 1933/1934
848 1428 106 32 räkna
978 1426 78 33 med
1080 1426 46 32 tio
1151 1437 42 21 av
1219 1424 127 42 Kungl.
1372 1424 99 40 Maj:t
1488 1420 150 34 erkända

136 1484 225 34 kommunala
384 1483 221 33 flickskolor.»

183 1592 172 33 Utskottet
388 1591 72 38 har,
495 1592 37 30 så
560 1590 64 32 vitt
648 1591 106 39 angår
777 1590 107 31 första
907 1588 132 41 stycket
1063 1598 42 21 av
1129 1585 128 42 Kungl.
1284 1585 114 41 Maj:ts
1422 1583 215 38 hemställan,

138 1647 175 41 uppfattat
336 1644 129 42 Kungl.
491 1644 115 41 Maj:ts
629 1643 130 41 förslag
782 1644 113 30 såsom
918 1640 232 33 innebärande
1174 1639 166 41 följande:

183 1700 122 41 Någon
338 1698 233 42 begränsning
603 1708 42 21 av
674 1696 212 32 totalantalet
905 1694 380 43 parallellavdelningar
1309 1692 108 32 under
1439 1691 200 40 budgetåret

141 1752 200 40 1933/1934,
378 1754 44 40 på
457 1755 66 29 sätt
557 1762 73 21 som
667 1751 88 31 skett
785 1751 11 31 i
827 1751 97 40 fråga
949 1760 55 21 om
1029 1749 41 32 de
1094 1746 225 34 kommunala
1342 1744 296 37 mellanskolorna,

139 1807 109 32 skulle
271 1807 74 31 icke
361 1806 215 32 förekomma
592 1805 78 32 med
687 1803 167 33 avseende
871 1805 19 30 å
907 1803 41 32 de
965 1801 224 33 kommunala
1206 1800 246 32 flickskolorna.
1479 1799 161 31 Däremot

139 1861 110 32 skulle
282 1861 54 31 för
368 1859 153 32 nämnda
544 1859 166 41 budgetår
734 1858 66 32 den
824 1857 190 41 ändringen
1039 1856 155 40 vidtagas
1218 1855 11 31 i
1253 1854 41 32 de
1319 1853 142 33 rörande
1486 1853 154 31 kommu-

139 1914 80 32 nala
242 1913 195 32 flickskolor
460 1912 157 41 gällande
641 1911 311 37 bestämmelserna,
977 1913 47 28 att
1048 1909 126 32 antalet
1198 1908 175 40 lärjungar
1397 1907 10 31 i
1432 1907 94 39 varje
1549 1905 91 32 klass

140 1968 80 32 eller
253 1966 278 41 klassavdelning
562 1966 10 30 i
601 1964 203 32 kommunal
836 1963 175 33 flickskola
1040 1963 74 31 icke
1139 1964 66 36 må,
1230 1961 65 32 vad
1321 1961 160 31 beträffar
1505 1959 40 32 de
1569 1960 71 30 fem

140 2021 92 40 lägre
264 2020 174 32 klasserna
471 2030 42 21 av
537 2019 130 40 sjuårig
691 2018 64 31 och
779 2018 41 31 de
844 2018 75 40 fyra
942 2016 92 41 lägre
1057 2015 174 32 klasserna
1255 2025 41 21 av
1321 2013 132 41 sexårig
1476 2012 164 38 lärokurs,

141 2074 170 41 överstiga
336 2074 41 31 35
403 2073 73 38 och,
501 2072 65 33 vad
591 2072 162 32 beträffar
777 2072 40 31 de
841 2073 57 30 två
922 2071 121 40 högsta
1066 2069 183 37 klasserna,
1269 2067 167 41 överstiga
1453 2067 51 37 30,
1524 2066 118 32 såvida

141 2129 74 31 icke
241 2127 136 32 skolans
403 2127 137 40 styrelse
564 2127 9 30 i
599 2125 135 33 särskilt
756 2125 60 32 fall
841 2125 108 31 finner
973 2123 223 41 nödvändigt,
1222 2125 48 29 att
1294 2121 105 41 sagda
1423 2120 90 32 antal
1538 2121 104 39 något

142 2181 221 38 överskrides,
389 2186 162 26 ävensom
575 2183 58 35 att,
659 2180 85 31 efter
768 2177 337 41 skolöverstyrelsens
1129 2175 216 42 beprövande
1369 2175 10 30 i
1397 2174 94 40 varje
1507 2172 136 32 särskilt

142 2235 70 38 fall,
238 2234 205 40 statsbidrag
468 2235 56 29 må
547 2235 82 39 utgå
652 2232 50 32 till
720 2231 337 42 parallellavdelning
1073 2241 42 21 av
1132 2229 146 32 årsklass
1299 2229 91 30 inom
1409 2227 65 32 den
1491 2226 152 40 sjuåriga

141 2288 216 31 lärokursens
388 2288 70 30 fem
484 2287 106 40 lägsta
614 2286 63 31 och
702 2286 93 30 inom
821 2285 64 31 den
910 2284 153 40 sexåriga
1086 2283 215 31 lärokursens
1325 2283 76 39 fyra
1427 2281 108 40 lägsta
1559 2279 83 31 klas-

143 2352 52 21 ser
237 2340 77 32 med
356 2341 98 37 2,800
495 2340 123 30 kronor
654 2340 53 30 för
742 2341 46 35 år,
829 2337 163 32 skolande
1027 2335 186 33 emellertid
1251 2335 120 31 sådant
1406 2334 120 39 bidrag
1561 2334 82 39 utgå

143 2394 49 31 till
228 2394 101 40 högst
364 2395 37 29 så
436 2396 83 28 stort
551 2392 91 32 antal
667 2391 173 41 parallella
863 2389 325 40 klassavdelningar,
1214 2399 73 20 som
1312 2387 228 41 uppkommer
1564 2385 77 32 med

143 2447 219 40 iakttagande
387 2446 115 36 därav,
527 2448 48 28 att
599 2445 56 32 vid
680 2445 139 31 läsårets
843 2444 118 40 början
988 2443 105 31 minst
1117 2443 42 30 35
1182 2441 175 40 lärjungar
1376 2440 88 37 eller,
1483 2439 60 31 där
1559 2440 85 30 efter

144 2500 262 41 överstyrelsens
432 2499 214 41 beprövande
671 2497 166 32 särskilda
861 2497 71 31 skäl
953 2496 112 32 därtill
1082 2495 186 37 föranleda,
1287 2494 105 31 minst
1409 2494 42 31 30
1468 2492 176 41 lärjungar

1687 1589 155 26 Utskottet.
