1916 2842
316 167 62 31 190
763 165 279 31 Statsutskottets
1062 167 176 30 utlåtande
1258 167 50 30 Nr
1326 171 25 27 8.

312 246 211 42 tionsanslag
546 248 19 30 å
592 248 118 37 10,000
735 248 125 31 kronor
884 249 53 31 för
961 248 220 42 anskaffning
1205 260 42 21 av
1271 250 127 31 utökad
1416 251 179 32 maskinell
1612 253 196 40 utrustning

312 300 110 31 finner
455 300 50 41 sig
538 300 162 32 utskottet
732 301 73 31 icke
839 301 108 32 under
976 302 343 32 förhandenvarande
1344 303 236 33 förhållanden
1606 306 117 31 kunna
1746 306 63 31 till-

313 353 125 41 styrka.

358 415 172 32 Utskottet
554 416 194 32 hemställer
771 416 108 39 alltså,

681 482 47 28 att
753 479 181 41 riksdagen
959 482 56 30 må

679 539 29 42 a)
744 541 51 32 till
831 542 250 41 uppehållande
1117 554 42 21 av
1192 544 261 32 verksamheten
1487 545 58 32 vid
1579 546 184 32 vävskolan
1798 547 10 31 i

634 595 103 31 Borås
768 595 121 32 anvisa
914 597 51 31 för
989 596 199 41 budgetåret
1215 598 189 35 1933/1934
1438 602 46 28 ett
1508 602 93 29 extra
1625 600 117 41 anslag
1766 611 43 21 av

637 649 117 38 13,050
779 649 126 32 kronor
929 653 47 28 att
1000 652 80 39 utgå
1105 651 77 31 med
1209 651 39 31 de
1272 651 134 43 belopp,
1432 652 51 31 till
1507 653 40 31 de
1570 653 158 32 ändamål
1746 654 62 32 och

634 702 107 31 under
774 702 40 32 de
848 703 132 39 villkor,
1014 715 72 21 som
1121 704 108 32 under
1261 705 111 41 punkt
1406 706 61 31 231
1498 706 10 31 i
1537 707 272 41 statsrådsproto-

632 755 103 32 kollet
773 761 80 27 över
893 757 360 33 ecklesiastikärenden
1294 760 54 30 för
1386 759 64 32 den
1492 760 19 31 3
1552 761 134 40 januari
1723 762 84 31 1933

632 809 160 41 angivits;

678 871 32 38 b)
734 872 93 32 avslå
853 872 76 32 herr
954 873 203 40 Björnssons
1176 885 42 20 m.
1238 874 30 32 fl.
1288 875 243 32 ovannämnda
1547 877 130 31 motion
1694 874 35 43 (I:
1742 875 65 42 82).

357 984 108 43 224:0)
498 986 307 42 Dyrtidstillägg
838 987 42 33 åt
911 988 394 42 befattningshavare
1335 990 67 33 vid
1429 991 109 33 vissa
1562 992 245 32 statsunder-

312 1039 142 32 stödda
478 1040 193 32 anstalter
693 1040 62 32 för
778 1041 417 43 yrkesundervisning.
1228 1044 218 32 Beträffande
1471 1045 65 32 vad
1561 1045 127 41 Kungl.
1711 1046 96 40 Maj:t

312 1090 122 44 (punkt
468 1091 74 43 232)
576 1094 173 42 föreslagit
781 1095 184 42 riksdagen
997 1096 9 31 i
1039 1097 98 41 fråga
1168 1108 55 21 om
1252 1097 254 42 dyrtidstillägg
1529 1100 34 30 åt
1586 1098 221 42 befattnings-

310 1147 127 32 havare
470 1147 58 32 vid
561 1148 91 32 vissa
686 1149 315 32 statsunderstödda
1031 1150 160 32 anstalter
1219 1152 53 31 för
1295 1151 352 43 yrkesundervisning
1670 1153 138 41 avgiver

311 1200 164 33 utskottet
499 1212 116 21 senare
640 1202 108 32 under
771 1202 183 41 riksdagen
978 1203 187 39 utlåtande;
1192 1204 104 33 vilket
1320 1205 143 32 härmed

676 1255 162 33 anmäles.

631 1440 614 54 Folkbildningsåtgärder
1271 1443 18 41 i
1318 1442 180 53 övrigt.

354 1546 109 43 225:o)
488 1549 223 33 Understöd
734 1549 40 33 åt
798 1550 501 34 folkbiblioteksväsendet.
1336 1553 128 41 Kungl.
1491 1553 98 41 Maj:t
1606 1554 61 31 har
1683 1552 121 43 (punkt

309 1602 75 39 233,
410 1602 62 32 sid.
498 1601 188 43 549—572)
722 1604 175 42 föreslagit
932 1605 180 41 riksdagen
1145 1610 48 28 att
1218 1606 135 32 minska
1377 1606 57 32 det
1457 1607 168 32 ordinarie
1649 1607 157 42 förslags-

309 1655 155 42 anslaget
498 1655 50 33 till
584 1656 184 33 understöd
805 1659 34 30 åt
874 1657 429 41 folkbiblioteksväsendet,
1328 1671 47 21 nu
1400 1661 144 38 850,000
1568 1661 134 38 kronor,
1728 1661 77 32 med

308 1709 122 38 65,000
463 1709 124 32 kronor
614 1710 51 31 till
690 1711 142 38 785,000
856 1711 126 32 kronor
1004 1715 48 29 att
1076 1712 10 31 i
1111 1712 231 42 huvudsaklig
1366 1714 336 32 överensstämmelse
1726 1715 77 31 med

307 1761 41 33 de
372 1763 162 40 grunder,
561 1774 72 21 som
658 1764 10 31 i
693 1764 365 42 statsrådsprotokollet
1081 1766 159 41 angivits,
1264 1768 83 40 utgå
1371 1767 9 31 i
1405 1767 150 41 enlighet
1578 1767 78 32 med
1673 1767 41 32 de
1730 1773 74 26 när-

311 1826 93 22 mare
430 1816 263 40 bestämmelser,
718 1818 128 41 Kungl.
874 1818 98 41 Maj:t
995 1821 56 29 må
1075 1824 63 36 äga
1162 1820 166 32 meddela.

351 1887 16 32 I
391 1887 167 33 samband
582 1888 142 33 härmed
747 1889 62 32 har
833 1890 162 32 utskottet
1019 1890 49 32 till
1092 1890 210 43 behandling
1325 1892 152 32 förehaft

351 1950 68 32 dels
453 1952 57 30 två
542 1950 218 42 likalydande
795 1952 178 39 motioner,
1007 1953 131 39 väckta,
1172 1953 66 32 den
1268 1965 64 21 ena
1355 1954 94 32 inom
1474 1955 106 32 första
1603 1955 199 32 kammaren

306 2013 43 22 av
388 2003 78 32 herr
515 2004 47 32 W.
606 2004 121 41 Björck
766 2003 35 43 (I:
818 2003 53 42 70)
911 2006 61 32 och
1014 2006 64 32 den
1115 2007 107 32 andra
1255 2007 93 33 inom
1385 2008 106 32 andra
1526 2008 198 33 kammaren
1760 2020 42 21 av

306 2056 77 32 herr
411 2057 35 32 O.
472 2058 179 32 Holmdahl
675 2056 55 42 (II:
748 2057 83 42 163),
857 2059 9 31 i
893 2059 90 32 vilka
1007 2060 166 32 motioner
1196 2060 200 40 hemställts,
1421 2064 49 29 att
1493 2062 180 41 riksdagen
1698 2064 104 30 måtte

305 2109 134 33 besluta
463 2113 48 29 att
535 2112 148 40 uppföra
707 2112 55 32 det
786 2112 170 32 ordinarie
979 2113 299 42 förslagsanslaget
1294 2115 51 31 till
1361 2115 185 32 understöd
1563 2117 34 30 åt
1613 2115 189 33 folkbiblio-

305 2163 239 33 teksväsendet
577 2165 78 32 med
677 2167 141 37 788,000
843 2167 134 36 kronor,
1002 2170 48 29 att
1080 2167 4 32 i
1108 2167 232 42 huvudsaklig
1364 2169 336 33 överensstämmelse
1723 2170 78 32 med

306 2217 40 32 de
370 2218 161 40 grunder,
556 2229 73 21 som
653 2219 11 31 i
689 2220 439 41 statsverkspropositionen
1153 2222 156 40 angivits,
1336 2222 62 32 och
1416 2222 79 32 med
1512 2222 40 33 de
1568 2223 233 40 jämkningar,

305 2282 73 21 som
403 2271 11 31 i
440 2272 211 32 motionerna
674 2273 202 42 föreslagits,
902 2275 81 40 utgå
1006 2274 10 31 i
1041 2274 149 41 enlighet
1213 2275 78 32 med
1308 2276 41 31 de
1366 2280 155 28 närmare
1538 2275 262 38 bestämmelser,

305 2324 129 42 Kungl.
461 2325 99 41 Maj:t
584 2327 56 30 må
665 2331 63 36 äga
752 2327 170 38 meddela;

351 2388 67 31 dels
443 2389 57 31 två
523 2388 218 41 likalydande
765 2390 177 38 motioner,
967 2391 130 38 väckta,
1123 2391 67 32 den
1215 2402 62 21 ena
1300 2392 93 31 inom
1418 2393 107 31 första
1541 2392 200 32 kammaren
1758 2404 42 21 av

306 2440 76 32 herr
406 2442 41 31 E.
476 2442 134 40 Sjödahl
632 2453 40 20 m.
691 2444 40 39 A.
757 2441 35 42 (I:
808 2440 54 43 71)
887 2443 63 32 och
974 2443 64 32 den
1063 2444 107 32 andra
1193 2445 93 32 inom
1311 2445 107 32 andra
1442 2446 199 32 kammaren
1665 2456 42 22 av
1724 2446 77 32 herr

305 2493 40 32 A.
372 2495 186 32 Andersson
593 2496 10 30 i
641 2495 211 42 Falkenberg
887 2495 54 42 (II:
958 2494 84 43 312),
1080 2498 9 30 i
1119 2498 92 32 vilka
1234 2499 167 32 motioner
1424 2499 199 39 hemställts,
1648 2502 48 29 att
1719 2500 81 31 riks-
