1918 2844
316 151 66 31 214
775 150 280 32 Statsutskottets
1076 153 174 30 utlåtande
1269 154 51 30 Nr
1338 157 25 28 8.

361 231 172 33 Utskottet
557 233 195 32 hemställer
777 234 107 40 alltså,

682 290 48 29 att
754 288 182 43 riksdagen
961 292 56 30 må

681 338 30 43 a)
736 341 77 32 med
839 342 98 32 bifall
961 343 50 32 till
1036 343 127 42 Kungl.
1190 344 115 40 Maj:ts
1329 344 128 42 förslag
1481 348 89 29 samt
1594 346 78 32 med
1697 347 119 41 avslag

637 396 19 29 å
691 395 76 32 herr
796 395 139 41 Björcks
960 397 241 32 ovannämnda
1225 398 130 32 motion
1380 396 35 42 (I:
1435 396 63 43 86),
1523 399 11 31 i
1558 400 180 32 riksstaten
1763 402 53 31 för

637 447 199 42 budgetåret
871 448 190 42 1933/1934
1094 451 146 41 uppföra
1273 451 55 32 det
1352 451 108 32 under
1483 453 235 40 gymnastiska
1742 465 73 21 cen-

639 501 231 34 tralinstitutet
902 506 178 38 upptagna
1112 504 166 32 ordinarie
1310 504 301 43 förslagsanslaget
1643 507 51 31 till
1726 507 88 33 avlö-

637 554 122 42 ningar
783 555 78 32 med
885 557 199 32 oförändrat
1107 557 132 42 belopp,
1267 559 141 38 106,000
1432 559 139 39 kronor;

681 606 32 43 b)
751 609 134 32 minska
909 610 56 32 det
988 611 54 32 för
1066 611 234 41 gymnastiska
1324 612 295 33 centralinstitutet
1644 614 170 41 uppförda

637 662 168 33 ordinarie
829 664 376 41 reservationsanslaget
1227 665 52 31 till
1303 666 152 31 materiel
1478 677 45 20 m.
1549 678 57 28 m.,
1629 678 46 20 nu
1695 669 119 37 13,000

636 715 133 40 kronor,
795 717 78 32 med
896 718 66 32 400
985 718 126 32 kronor
1134 718 49 32 till
1209 719 119 38 12,600
1352 719 134 33 kronor.

360 827 106 43 236:0)
502 829 121 33 Extra
658 832 185 39 personal
866 832 65 32 vid
954 833 276 41 gymnastiska
1253 835 353 33 centralinstitutet
1630 846 47 23 m.
1702 846 48 24 m.
1797 838 16 32 I

313 882 149 42 enlighet
495 884 79 32 med
598 885 127 41 Kungl.
752 886 115 41 Maj:ts
890 887 128 42 förslag
1042 885 203 44 (punkterna
1269 889 64 32 245
1358 889 63 32 och
1446 887 76 43 246)
1547 890 194 33 hemställer
1766 895 47 28 ut-

314 936 133 39 skottet,

680 996 48 29 att
752 993 180 41 riksdagen
956 996 66 37 må,
1048 994 10 31 i
1083 994 105 33 likhet
1211 995 78 32 med
1313 996 67 32 vad
1404 996 54 32 för
1480 996 234 34 innevarande
1731 998 81 32 bud-

635 1048 94 39 getår
752 1050 57 38 ägt
833 1058 85 28 rum,

679 1097 30 43 a)
746 1100 51 32 till
835 1104 92 29 extra
964 1101 157 41 personal
1156 1103 53 30 för
1245 1103 236 40 gymnastiska
1514 1096 298 41 centralinstitutet

636 1164 43 21 m.
707 1165 43 20 m.
776 1155 54 31 för
854 1154 198 41 budgetåret
1079 1153 188 42 1933/1934
1290 1156 120 32 anvisa
1433 1159 47 29 ett
1504 1160 95 29 extra
1623 1158 119 42 anslag
1768 1169 43 22 av

637 1208 97 37 7,410
767 1207 124 32 kronor
917 1211 48 29 att
988 1210 82 40 utgå
1094 1209 77 31 med
1195 1209 65 32 den
1284 1210 205 41 fördelning,
1516 1221 73 21 som
1614 1222 43 21 av
1681 1212 128 41 Kungl.

635 1260 98 41 Maj:t
758 1260 217 41 bestämmes;

678 1311 32 43 b)
735 1314 50 32 till
810 1315 78 32 ökat
911 1316 125 32 arvode
1061 1317 34 30 åt
1119 1316 254 33 föreståndaren
1397 1318 54 31 för
1473 1318 237 41 gymnastiska
1738 1330 72 21 cen-

633 1367 232 33 tralinstitutet
899 1369 54 31 för
984 1369 200 41 budgetåret
1210 1371 190 33 1933/1934
1424 1371 119 32 anvisa
1568 1374 46 29 ett
1638 1375 93 29 extra
1755 1383 55 21 an-

632 1420 74 41 slag
728 1432 44 22 av
796 1422 98 38 2,800
918 1423 133 32 kronor.

356 1532 106 44 237:0)
497 1535 342 42 Understödjande
868 1546 50 23 av
941 1538 229 41 gymnastik
1194 1539 74 32 och
1291 1539 132 33 idrott.
1471 1541 128 41 Kungl.
1627 1542 97 40 Maj:t
1748 1542 62 32 har

309 1585 122 44 (punkt
456 1590 74 38 247,
557 1589 62 33 sid.
647 1588 74 43 603)
746 1591 173 42 föreslagit
943 1592 183 41 riksdagen
1150 1595 48 30 att
1221 1593 51 32 till
1296 1593 290 42 understödjande
1611 1606 42 21 av
1669 1606 140 30 gymna-

308 1641 68 32 stik
409 1642 62 32 och
504 1643 104 32 idrott
632 1644 118 32 anvisa
774 1646 53 31 för
851 1645 200 42 budgetåret
1077 1645 189 37 1933/1934
1290 1649 46 30 ett
1360 1650 93 29 extra
1477 1648 121 41 anslag
1621 1659 42 22 av
1688 1650 120 38 80,000

308 1695 134 39 kronor,
479 1696 106 33 därav
621 1697 51 32 till
705 1699 143 31 svenska
879 1700 383 40 gymnastikförbundet
1285 1702 122 34 40,000
1431 1702 135 38 kronor,
1592 1705 48 28 att
1660 1704 81 39 utgå
1765 1704 43 40 på

307 1748 42 33 de
373 1749 131 40 villkor,
531 1750 128 42 Kungl.
686 1752 98 40 Maj:t
807 1753 67 31 kan
898 1753 94 32 finna
1015 1753 74 32 skäl
1113 1753 196 33 bestämma.

352 1830 16 32 I
392 1831 167 32 samband
583 1832 142 32 härmed
750 1833 61 32 har
834 1834 163 31 utskottet
1020 1834 51 32 till
1095 1834 210 42 behandling
1328 1835 149 32 förehaft

352 1885 66 30 dels
441 1886 58 30 två
523 1885 217 41 likalydande
764 1887 175 38 motioner,
965 1888 133 38 väckta,
1123 1887 63 32 den
1212 1899 64 20 ena
1299 1888 94 32 inom
1417 1889 107 32 första
1548 1890 198 32 kammaren
1765 1902 42 22 av

306 1937 77 31 herr
418 1938 42 32 K.
498 1939 193 41 Sandegård
721 1951 38 21 m.
778 1943 50 39 fl,
854 1938 34 43 (I:
908 1938 52 43 87)
986 1941 62 32 och
1074 1941 64 32 den
1163 1941 106 32 andra
1290 1942 94 32 inom
1408 1943 106 32 andra
1539 1944 200 32 kammaren
1764 1955 42 22 av

306 1990 77 32 herr
407 1992 41 31 N.
475 1993 197 32 Holmström
695 2005 39 20 m.
753 1996 39 40 sl.
819 1992 52 42 (II:
893 1992 83 43 175),
1001 1995 11 31 i
1038 1995 92 32 vilka
1152 1995 165 33 motioner
1342 1996 198 40 hemställts,
1559 2000 49 29 att
1625 1998 180 41 riksdagen

305 2046 104 30 måtte
445 2045 140 39 besluta,
623 2049 48 29 att
704 2047 55 32 det
792 2048 108 31 -under
932 2048 138 32 åttonde
1104 2049 226 39 huvudtiteln,
1363 2050 74 32 avd.
1464 2050 36 31 L.
1527 2051 112 40 punkt
1662 2053 20 30 4
1707 2049 97 43 (247),

305 2102 175 38 upptagna
514 2100 154 42 anslaget
700 2101 50 31 till
783 2102 291 41 understödjande
1108 2113 41 22 av
1177 2103 196 41 gymnastik
1398 2104 62 31 och
1485 2104 113 39 idrott,
1624 2107 103 30 måtte
1752 2107 54 30 för

305 2151 198 42 budgetåret
540 2152 191 41 1933/1934
765 2157 81 39 utgå
879 2156 78 31 med
990 2167 133 20 samma
1147 2156 120 41 belopp
1293 2167 73 21 som
1391 2158 53 31 för
1467 2158 232 33 innevarande
1723 2159 81 32 bud-

304 2207 94 39 getår
430 2206 80 32 eller
547 2208 142 37 120,000
722 2209 133 38 kronor,
889 2220 104 21 varav
1026 2209 50 32 till
1105 2210 145 32 svenska
1273 2211 385 40 gymnastikförbundet
1682 2213 122 38 55,000

304 2259 138 39 kronor;

348 2313 67 32 dels
450 2314 54 31 ock
537 2325 41 21 en
612 2315 94 31 inom
739 2316 107 31 andra
878 2316 200 32 kammaren
1111 2328 42 21 av
1185 2317 115 32 herrar
1333 2318 32 32 J.
1392 2318 44 32 H.
1463 2319 182 40 Brädefors
1670 2320 62 31 och
1757 2320 44 32 H.

303 2366 154 41 Hagberg
481 2367 10 31 i
517 2367 106 32 Luleå
648 2369 100 31 väckt
772 2369 129 32 motion
926 2366 53 43 (II:
997 2367 84 43 126),
1107 2370 71 32 vari
1202 2370 199 39 hemställts,
1427 2376 48 27 att
1500 2372 180 41 riksdagen
1700 2375 103 30 måtte

302 2419 132 33 besluta
457 2431 56 21 om
538 2424 46 29 ett
608 2422 119 41 anslag
749 2422 51 32 till
824 2423 193 32 arbetarnas
1041 2423 271 33 idrottsförbund
1336 2426 44 39 på
1406 2426 119 38 10,000
1547 2426 134 37 kronor,
1699 2426 104 32 vilket

303 2473 118 42 anslag
454 2474 108 32 skulle
595 2486 43 22 av
663 2475 183 33 förbundet
869 2476 176 33 användas
1070 2477 69 32 dels
1164 2477 49 31 till
1236 2477 215 33 bestridande
1476 2489 42 22 av
1543 2479 182 32 kostnader
1749 2481 54 30 för
