<?xml version="1.0" encoding="UTF-8"?>
<alto xmlns="http://www.loc.gov/standards/alto/ns-v3#" xmlns:xlink="http://www.w3.org/1999/xlink" xmlns:xsi="http://www.w3.org/2001/XMLSchema-instance" xsi:schemaLocation="http://www.loc.gov/standards/alto/ns-v3# http://www.loc.gov/alto/v3/alto-3-0.xsd">
	<Description>
		<MeasurementUnit>pixel</MeasurementUnit>
		<sourceImageInformation>
			<fileName>/tmp/tess_3tojokdd_input.PNG</fileName>
		</sourceImageInformation>
		<OCRProcessing ID="OCR_0">
			<ocrProcessingStep>
				<processingSoftware>
					<softwareName>tesseract 5.3.0</softwareName>
				</processingSoftware>
			</ocrProcessingStep>
		</OCRProcessing>
	</Description>
	<Layout>
		<Page WIDTH="1928" HEIGHT="2848" PHYSICAL_IMG_NR="0" ID="page_0">
			<PrintSpace HPOS="0" VPOS="0" WIDTH="1928" HEIGHT="2848">
				<ComposedBlock ID="cblock_0" HPOS="559" VPOS="154" WIDTH="1045" HEIGHT="33">
					<TextBlock ID="block_0" HPOS="559" VPOS="154" WIDTH="1045" HEIGHT="33">
						<TextLine ID="line_0" HPOS="559" VPOS="154" WIDTH="1045" HEIGHT="33">
							<String ID="string_0" HPOS="559" VPOS="156" WIDTH="282" HEIGHT="31" WC="0.91" CONTENT="Statsutskottets"/><SP WIDTH="20" VPOS="156" HPOS="841"/>
							<String ID="string_1" HPOS="861" VPOS="155" WIDTH="177" HEIGHT="30" WC="0.96" CONTENT="utlåtande"/><SP WIDTH="19" VPOS="155" HPOS="1038"/>
							<String ID="string_2" HPOS="1057" VPOS="154" WIDTH="51" HEIGHT="30" WC="0.96" CONTENT="Nr"/><SP WIDTH="18" VPOS="154" HPOS="1108"/>
							<String ID="string_3" HPOS="1126" VPOS="157" WIDTH="25" HEIGHT="27" WC="0.96" CONTENT="8."/><SP WIDTH="390" VPOS="157" HPOS="1151"/>
							<String ID="string_4" HPOS="1541" VPOS="154" WIDTH="63" HEIGHT="32" WC="0.96" CONTENT="143"/>
						</TextLine>
					</TextBlock>
				</ComposedBlock>
				<ComposedBlock ID="cblock_1" HPOS="107" VPOS="235" WIDTH="1498" HEIGHT="259">
					<TextBlock ID="block_1" HPOS="107" VPOS="235" WIDTH="1498" HEIGHT="259">
						<TextLine ID="line_1" HPOS="107" VPOS="235" WIDTH="1498" HEIGHT="42">
							<String ID="string_5" HPOS="107" VPOS="239" WIDTH="221" HEIGHT="32" WC="0.89" CONTENT="skolhushåll."/><SP WIDTH="41" VPOS="239" HPOS="328"/>
							<String ID="string_6" HPOS="369" VPOS="239" WIDTH="58" HEIGHT="32" WC="0.94" CONTENT="Ett"/><SP WIDTH="23" VPOS="239" HPOS="427"/>
							<String ID="string_7" HPOS="450" VPOS="239" WIDTH="96" HEIGHT="32" WC="0.96" CONTENT="bifall"/><SP WIDTH="24" VPOS="239" HPOS="546"/>
							<String ID="string_8" HPOS="570" VPOS="239" WIDTH="10" HEIGHT="31" WC="0.96" CONTENT="i"/><SP WIDTH="26" VPOS="239" HPOS="580"/>
							<String ID="string_9" HPOS="606" VPOS="238" WIDTH="113" HEIGHT="32" WC="0.96" CONTENT="denna"/><SP WIDTH="24" VPOS="238" HPOS="719"/>
							<String ID="string_10" HPOS="743" VPOS="238" WIDTH="53" HEIGHT="32" WC="0.95" CONTENT="del"/><SP WIDTH="24" VPOS="238" HPOS="796"/>
							<String ID="string_11" HPOS="820" VPOS="237" WIDTH="52" HEIGHT="32" WC="0.95" CONTENT="till"/><SP WIDTH="25" VPOS="237" HPOS="872"/>
							<String ID="string_12" HPOS="897" VPOS="237" WIDTH="174" HEIGHT="32" WC="0.96" CONTENT="motionen"/><SP WIDTH="25" VPOS="237" HPOS="1071"/>
							<String ID="string_13" HPOS="1096" VPOS="247" WIDTH="100" HEIGHT="30" WC="0.96" CONTENT="synes"/><SP WIDTH="25" VPOS="247" HPOS="1196"/>
							<String ID="string_14" HPOS="1221" VPOS="236" WIDTH="118" HEIGHT="31" WC="0.96" CONTENT="kunna"/><SP WIDTH="16" VPOS="236" HPOS="1339"/>
							<String ID="string_15" HPOS="1355" VPOS="235" WIDTH="153" HEIGHT="32" WC="0.93" CONTENT="medföra"/><SP WIDTH="18" VPOS="235" HPOS="1508"/>
							<String ID="string_16" HPOS="1526" VPOS="235" WIDTH="79" HEIGHT="31" WC="0.92" CONTENT="kon-"/>
						</TextLine>
						<TextLine ID="line_2" HPOS="107" VPOS="290" WIDTH="1128" HEIGHT="42">
							<String ID="string_17" HPOS="107" VPOS="294" WIDTH="181" HEIGHT="32" WC="0.96" CONTENT="sekvenser"/><SP WIDTH="24" VPOS="294" HPOS="288"/>
							<String ID="string_18" HPOS="312" VPOS="294" WIDTH="53" HEIGHT="30" WC="0.93" CONTENT="för"/><SP WIDTH="24" VPOS="294" HPOS="365"/>
							<String ID="string_19" HPOS="389" VPOS="293" WIDTH="210" HEIGHT="38" WC="0.89" CONTENT="statsverket,"/><SP WIDTH="27" VPOS="293" HPOS="599"/>
							<String ID="string_20" HPOS="626" VPOS="292" WIDTH="93" HEIGHT="32" WC="0.96" CONTENT="vilka"/><SP WIDTH="24" VPOS="292" HPOS="719"/>
							<String ID="string_21" HPOS="743" VPOS="292" WIDTH="29" HEIGHT="40" WC="0.95" CONTENT="ej"/><SP WIDTH="27" VPOS="292" HPOS="772"/>
							<String ID="string_22" HPOS="799" VPOS="303" WIDTH="47" HEIGHT="20" WC="0.95" CONTENT="nu"/><SP WIDTH="25" VPOS="303" HPOS="846"/>
							<String ID="string_23" HPOS="871" VPOS="292" WIDTH="117" HEIGHT="30" WC="0.93" CONTENT="kunna"/><SP WIDTH="25" VPOS="292" HPOS="988"/>
							<String ID="string_24" HPOS="1013" VPOS="290" WIDTH="222" HEIGHT="33" WC="0.92" CONTENT="överblickas."/>
						</TextLine>
						<TextLine ID="line_3" HPOS="152" VPOS="343" WIDTH="1141" HEIGHT="44">
							<String ID="string_25" HPOS="152" VPOS="347" WIDTH="16" HEIGHT="31" WC="0.96" CONTENT="I"/><SP WIDTH="24" VPOS="347" HPOS="168"/>
							<String ID="string_26" HPOS="192" VPOS="346" WIDTH="199" HEIGHT="41" WC="0.96" CONTENT="anslutning"/><SP WIDTH="23" VPOS="346" HPOS="391"/>
							<String ID="string_27" HPOS="414" VPOS="346" WIDTH="50" HEIGHT="32" WC="0.96" CONTENT="till"/><SP WIDTH="24" VPOS="346" HPOS="464"/>
							<String ID="string_28" HPOS="488" VPOS="346" WIDTH="66" HEIGHT="32" WC="0.96" CONTENT="vad"/><SP WIDTH="24" VPOS="346" HPOS="554"/>
							<String ID="string_29" HPOS="578" VPOS="345" WIDTH="146" HEIGHT="32" WC="0.96" CONTENT="sålunda"/><SP WIDTH="24" VPOS="345" HPOS="724"/>
							<String ID="string_30" HPOS="748" VPOS="346" WIDTH="130" HEIGHT="31" WC="0.95" CONTENT="anförts"/><SP WIDTH="24" VPOS="346" HPOS="878"/>
							<String ID="string_31" HPOS="902" VPOS="343" WIDTH="194" HEIGHT="33" WC="0.96" CONTENT="hemställer"/><SP WIDTH="24" VPOS="343" HPOS="1096"/>
							<String ID="string_32" HPOS="1120" VPOS="343" WIDTH="173" HEIGHT="38" WC="0.94" CONTENT="utskottet,"/>
						</TextLine>
						<TextLine ID="line_4" HPOS="473" VPOS="395" WIDTH="1132" HEIGHT="45">
							<String ID="string_33" HPOS="473" VPOS="403" WIDTH="48" HEIGHT="28" WC="0.94" CONTENT="att"/><SP WIDTH="32" VPOS="403" HPOS="521"/>
							<String ID="string_34" HPOS="553" VPOS="399" WIDTH="183" HEIGHT="41" WC="0.94" CONTENT="riksdagen"/><SP WIDTH="33" VPOS="399" HPOS="736"/>
							<String ID="string_35" HPOS="769" VPOS="400" WIDTH="56" HEIGHT="30" WC="0.94" CONTENT="må"/><SP WIDTH="31" VPOS="400" HPOS="825"/>
							<String ID="string_36" HPOS="856" VPOS="397" WIDTH="95" HEIGHT="34" WC="0.95" CONTENT="avslå"/><SP WIDTH="23" VPOS="397" HPOS="951"/>
							<String ID="string_37" HPOS="974" VPOS="398" WIDTH="77" HEIGHT="31" WC="0.96" CONTENT="herr"/><SP WIDTH="24" VPOS="398" HPOS="1051"/>
							<String ID="string_38" HPOS="1075" VPOS="397" WIDTH="173" HEIGHT="41" WC="0.95" CONTENT="Lövgrens"/><SP WIDTH="24" VPOS="397" HPOS="1248"/>
							<String ID="string_39" HPOS="1272" VPOS="395" WIDTH="242" HEIGHT="33" WC="0.93" CONTENT="ovannämnda"/><SP WIDTH="24" VPOS="395" HPOS="1514"/>
							<String ID="string_40" HPOS="1538" VPOS="406" WIDTH="67" HEIGHT="21" WC="0.91" CONTENT="mo-"/>
						</TextLine>
						<TextLine ID="line_5" HPOS="429" VPOS="450" WIDTH="257" HEIGHT="44">
							<String ID="string_41" HPOS="429" VPOS="454" WIDTH="69" HEIGHT="31" WC="0.96" CONTENT="tion"/><SP WIDTH="25" VPOS="454" HPOS="498"/>
							<String ID="string_42" HPOS="523" VPOS="451" WIDTH="54" HEIGHT="43" WC="0.95" CONTENT="(II:"/><SP WIDTH="23" VPOS="451" HPOS="577"/>
							<String ID="string_43" HPOS="600" VPOS="450" WIDTH="86" HEIGHT="43" WC="0.96" CONTENT="274)."/>
						</TextLine>
					</TextBlock>
				</ComposedBlock>
				<ComposedBlock ID="cblock_2" HPOS="109" VPOS="556" WIDTH="1499" HEIGHT="476">
					<TextBlock ID="block_2" HPOS="109" VPOS="556" WIDTH="1498" HEIGHT="262">
						<TextLine ID="line_6" HPOS="156" VPOS="556" WIDTH="1451" HEIGHT="46">
							<String ID="string_44" HPOS="156" VPOS="559" WIDTH="107" HEIGHT="43" WC="0.27" CONTENT="178:0)"/><SP WIDTH="46" VPOS="559" HPOS="263"/>
							<String ID="string_45" HPOS="309" VPOS="560" WIDTH="475" HEIGHT="41" WC="0.91" CONTENT="Inackorderingsbidrag"/><SP WIDTH="27" VPOS="560" HPOS="784"/>
							<String ID="string_46" HPOS="811" VPOS="559" WIDTH="62" HEIGHT="32" WC="0.96" CONTENT="för"/><SP WIDTH="24" VPOS="559" HPOS="873"/>
							<String ID="string_47" HPOS="897" VPOS="559" WIDTH="110" HEIGHT="32" WC="0.93" CONTENT="vissa"/><SP WIDTH="28" VPOS="559" HPOS="1007"/>
							<String ID="string_48" HPOS="1035" VPOS="557" WIDTH="260" HEIGHT="41" WC="0.92" CONTENT="skolpliktiga"/><SP WIDTH="27" VPOS="557" HPOS="1295"/>
							<String ID="string_49" HPOS="1322" VPOS="557" WIDTH="99" HEIGHT="32" WC="0.96" CONTENT="barn"/><SP WIDTH="24" VPOS="557" HPOS="1421"/>
							<String ID="string_50" HPOS="1445" VPOS="556" WIDTH="14" HEIGHT="32" WC="0.96" CONTENT="i"/><SP WIDTH="24" VPOS="556" HPOS="1459"/>
							<String ID="string_51" HPOS="1483" VPOS="557" WIDTH="124" HEIGHT="31" WC="0.92" CONTENT="andra"/>
						</TextLine>
						<TextLine ID="line_7" HPOS="109" VPOS="610" WIDTH="1496" HEIGHT="45">
							<String ID="string_52" HPOS="109" VPOS="615" WIDTH="111" HEIGHT="33" WC="0.96" CONTENT="delar"/><SP WIDTH="33" VPOS="615" HPOS="220"/>
							<String ID="string_53" HPOS="253" VPOS="624" WIDTH="48" HEIGHT="23" WC="0.96" CONTENT="av"/><SP WIDTH="23" VPOS="624" HPOS="301"/>
							<String ID="string_54" HPOS="324" VPOS="614" WIDTH="106" HEIGHT="33" WC="0.96" CONTENT="riket"/><SP WIDTH="24" VPOS="614" HPOS="430"/>
							<String ID="string_55" HPOS="454" VPOS="614" WIDTH="50" HEIGHT="32" WC="0.96" CONTENT="än"/><SP WIDTH="28" VPOS="614" HPOS="504"/>
							<String ID="string_56" HPOS="532" VPOS="614" WIDTH="48" HEIGHT="32" WC="0.96" CONTENT="de"/><SP WIDTH="23" VPOS="614" HPOS="580"/>
							<String ID="string_57" HPOS="603" VPOS="613" WIDTH="90" HEIGHT="42" WC="0.96" CONTENT="fyra"/><SP WIDTH="23" VPOS="613" HPOS="693"/>
							<String ID="string_58" HPOS="716" VPOS="612" WIDTH="247" HEIGHT="41" WC="0.96" CONTENT="nordligaste"/><SP WIDTH="23" VPOS="612" HPOS="963"/>
							<String ID="string_59" HPOS="986" VPOS="612" WIDTH="130" HEIGHT="32" WC="0.94" CONTENT="länen."/><SP WIDTH="46" VPOS="612" HPOS="1116"/>
							<String ID="string_60" HPOS="1162" VPOS="612" WIDTH="15" HEIGHT="31" WC="0.90" CONTENT="I"/><SP WIDTH="25" VPOS="612" HPOS="1177"/>
							<String ID="string_61" HPOS="1202" VPOS="611" WIDTH="149" HEIGHT="42" WC="0.95" CONTENT="enlighet"/><SP WIDTH="24" VPOS="611" HPOS="1351"/>
							<String ID="string_62" HPOS="1375" VPOS="610" WIDTH="77" HEIGHT="33" WC="0.96" CONTENT="med"/><SP WIDTH="25" VPOS="610" HPOS="1452"/>
							<String ID="string_63" HPOS="1477" VPOS="610" WIDTH="128" HEIGHT="42" WC="0.96" CONTENT="Kungl."/>
						</TextLine>
						<TextLine ID="line_8" HPOS="109" VPOS="664" WIDTH="1497" HEIGHT="46">
							<String ID="string_64" HPOS="109" VPOS="670" WIDTH="116" HEIGHT="40" WC="0.95" CONTENT="Maj:ts"/><SP WIDTH="35" VPOS="670" HPOS="225"/>
							<String ID="string_65" HPOS="260" VPOS="669" WIDTH="128" HEIGHT="41" WC="0.96" CONTENT="förslag"/><SP WIDTH="32" VPOS="669" HPOS="388"/>
							<String ID="string_66" HPOS="420" VPOS="666" WIDTH="122" HEIGHT="44" WC="0.96" CONTENT="(punkt"/><SP WIDTH="26" VPOS="666" HPOS="542"/>
							<String ID="string_67" HPOS="568" VPOS="669" WIDTH="73" HEIGHT="38" WC="0.96" CONTENT="184,"/><SP WIDTH="26" VPOS="669" HPOS="641"/>
							<String ID="string_68" HPOS="667" VPOS="667" WIDTH="61" HEIGHT="32" WC="0.93" CONTENT="sid."/><SP WIDTH="26" VPOS="667" HPOS="728"/>
							<String ID="string_69" HPOS="754" VPOS="664" WIDTH="199" HEIGHT="43" WC="0.86" CONTENT="424—425),"/><SP WIDTH="25" VPOS="664" HPOS="953"/>
							<String ID="string_70" HPOS="978" VPOS="666" WIDTH="106" HEIGHT="33" WC="0.96" CONTENT="vilket"/><SP WIDTH="23" VPOS="666" HPOS="1084"/>
							<String ID="string_71" HPOS="1107" VPOS="665" WIDTH="143" HEIGHT="32" WC="0.96" CONTENT="innebär"/><SP WIDTH="23" VPOS="665" HPOS="1250"/>
							<String ID="string_72" HPOS="1273" VPOS="676" WIDTH="41" HEIGHT="21" WC="0.96" CONTENT="en"/><SP WIDTH="25" VPOS="676" HPOS="1314"/>
							<String ID="string_73" HPOS="1339" VPOS="664" WIDTH="201" HEIGHT="41" WC="0.96" CONTENT="förändring"/><SP WIDTH="24" VPOS="664" HPOS="1540"/>
							<String ID="string_74" HPOS="1564" VPOS="675" WIDTH="42" HEIGHT="21" WC="0.96" CONTENT="av"/>
						</TextLine>
						<TextLine ID="line_9" HPOS="109" VPOS="717" WIDTH="1498" HEIGHT="47">
							<String ID="string_75" HPOS="109" VPOS="724" WIDTH="63" HEIGHT="31" WC="0.96" CONTENT="här"/><SP WIDTH="34" VPOS="724" HPOS="172"/>
							<String ID="string_76" HPOS="206" VPOS="722" WIDTH="260" HEIGHT="42" WC="0.96" CONTENT="ifrågavarande"/><SP WIDTH="34" VPOS="722" HPOS="466"/>
							<String ID="string_77" HPOS="500" VPOS="722" WIDTH="136" HEIGHT="41" WC="0.95" CONTENT="anslags"/><SP WIDTH="35" VPOS="722" HPOS="636"/>
							<String ID="string_78" HPOS="671" VPOS="725" WIDTH="101" HEIGHT="28" WC="0.88" CONTENT="natur"/><SP WIDTH="32" VPOS="725" HPOS="772"/>
							<String ID="string_79" HPOS="804" VPOS="721" WIDTH="76" HEIGHT="31" WC="0.93" CONTENT="från"/><SP WIDTH="33" VPOS="721" HPOS="880"/>
							<String ID="string_80" HPOS="913" VPOS="731" WIDTH="24" HEIGHT="21" WC="0.90" CONTENT="s."/><SP WIDTH="26" VPOS="731" HPOS="937"/>
							<String ID="string_81" HPOS="963" VPOS="720" WIDTH="31" HEIGHT="32" WC="0.89" CONTENT="k."/><SP WIDTH="27" VPOS="720" HPOS="994"/>
							<String ID="string_82" HPOS="1021" VPOS="719" WIDTH="200" HEIGHT="33" WC="0.91" CONTENT="obetecknat"/><SP WIDTH="25" VPOS="719" HPOS="1221"/>
							<String ID="string_83" HPOS="1246" VPOS="718" WIDTH="119" HEIGHT="41" WC="0.96" CONTENT="anslag"/><SP WIDTH="24" VPOS="718" HPOS="1365"/>
							<String ID="string_84" HPOS="1389" VPOS="717" WIDTH="50" HEIGHT="32" WC="0.93" CONTENT="till"/><SP WIDTH="24" VPOS="717" HPOS="1439"/>
							<String ID="string_85" HPOS="1463" VPOS="728" WIDTH="144" HEIGHT="21" WC="0.91" CONTENT="reserva-"/>
						</TextLine>
						<TextLine ID="line_10" HPOS="110" VPOS="776" WIDTH="640" HEIGHT="42">
							<String ID="string_86" HPOS="110" VPOS="777" WIDTH="220" HEIGHT="41" WC="0.92" CONTENT="tionsanslag,"/><SP WIDTH="25" VPOS="777" HPOS="330"/>
							<String ID="string_87" HPOS="355" VPOS="776" WIDTH="196" HEIGHT="32" WC="0.96" CONTENT="hemställer"/><SP WIDTH="24" VPOS="776" HPOS="551"/>
							<String ID="string_88" HPOS="575" VPOS="776" WIDTH="175" HEIGHT="37" WC="0.96" CONTENT="utskottet,"/>
						</TextLine>
					</TextBlock>
					<TextBlock ID="block_3" HPOS="430" VPOS="824" WIDTH="1178" HEIGHT="208">
						<TextLine ID="line_11" HPOS="476" VPOS="824" WIDTH="1132" HEIGHT="46">
							<String ID="string_89" HPOS="476" VPOS="833" WIDTH="47" HEIGHT="29" WC="0.96" CONTENT="att"/><SP WIDTH="24" VPOS="833" HPOS="523"/>
							<String ID="string_90" HPOS="547" VPOS="829" WIDTH="183" HEIGHT="41" WC="0.96" CONTENT="riksdagen"/><SP WIDTH="25" VPOS="829" HPOS="730"/>
							<String ID="string_91" HPOS="755" VPOS="830" WIDTH="56" HEIGHT="30" WC="0.95" CONTENT="må"/><SP WIDTH="23" VPOS="830" HPOS="811"/>
							<String ID="string_92" HPOS="834" VPOS="828" WIDTH="51" HEIGHT="32" WC="0.92" CONTENT="till"/><SP WIDTH="23" VPOS="828" HPOS="885"/>
							<String ID="string_93" HPOS="908" VPOS="826" WIDTH="400" HEIGHT="42" WC="0.90" CONTENT="inackorderingsbidrag"/><SP WIDTH="25" VPOS="826" HPOS="1308"/>
							<String ID="string_94" HPOS="1333" VPOS="826" WIDTH="52" HEIGHT="31" WC="0.96" CONTENT="för"/><SP WIDTH="25" VPOS="826" HPOS="1385"/>
							<String ID="string_95" HPOS="1410" VPOS="825" WIDTH="88" HEIGHT="32" WC="0.93" CONTENT="vissa"/><SP WIDTH="25" VPOS="825" HPOS="1498"/>
							<String ID="string_96" HPOS="1523" VPOS="824" WIDTH="85" HEIGHT="32" WC="0.92" CONTENT="skol-"/>
						</TextLine>
						<TextLine ID="line_12" HPOS="432" VPOS="879" WIDTH="1176" HEIGHT="47">
							<String ID="string_97" HPOS="432" VPOS="884" WIDTH="143" HEIGHT="42" WC="0.91" CONTENT="pliktiga"/><SP WIDTH="24" VPOS="884" HPOS="575"/>
							<String ID="string_98" HPOS="599" VPOS="883" WIDTH="85" HEIGHT="32" WC="0.96" CONTENT="barn"/><SP WIDTH="24" VPOS="883" HPOS="684"/>
							<String ID="string_99" HPOS="708" VPOS="883" WIDTH="11" HEIGHT="31" WC="0.96" CONTENT="i"/><SP WIDTH="24" VPOS="883" HPOS="719"/>
							<String ID="string_100" HPOS="743" VPOS="882" WIDTH="107" HEIGHT="32" WC="0.96" CONTENT="andra"/><SP WIDTH="24" VPOS="882" HPOS="850"/>
							<String ID="string_101" HPOS="874" VPOS="881" WIDTH="93" HEIGHT="32" WC="0.96" CONTENT="delar"/><SP WIDTH="23" VPOS="881" HPOS="967"/>
							<String ID="string_102" HPOS="990" VPOS="892" WIDTH="42" HEIGHT="21" WC="0.96" CONTENT="av"/><SP WIDTH="25" VPOS="892" HPOS="1032"/>
							<String ID="string_103" HPOS="1057" VPOS="881" WIDTH="87" HEIGHT="31" WC="0.96" CONTENT="riket"/><SP WIDTH="23" VPOS="881" HPOS="1144"/>
							<String ID="string_104" HPOS="1167" VPOS="885" WIDTH="42" HEIGHT="27" WC="0.96" CONTENT="än"/><SP WIDTH="26" VPOS="885" HPOS="1209"/>
							<String ID="string_105" HPOS="1235" VPOS="880" WIDTH="41" HEIGHT="32" WC="0.96" CONTENT="de"/><SP WIDTH="24" VPOS="880" HPOS="1276"/>
							<String ID="string_106" HPOS="1300" VPOS="881" WIDTH="76" HEIGHT="39" WC="0.96" CONTENT="fyra"/><SP WIDTH="24" VPOS="881" HPOS="1376"/>
							<String ID="string_107" HPOS="1400" VPOS="879" WIDTH="208" HEIGHT="41" WC="0.96" CONTENT="nordligaste"/>
						</TextLine>
						<TextLine ID="line_13" HPOS="430" VPOS="932" WIDTH="1178" HEIGHT="45">
							<String ID="string_108" HPOS="430" VPOS="938" WIDTH="101" HEIGHT="32" WC="0.96" CONTENT="länen"/><SP WIDTH="24" VPOS="938" HPOS="531"/>
							<String ID="string_109" HPOS="555" VPOS="938" WIDTH="54" HEIGHT="31" WC="0.96" CONTENT="för"/><SP WIDTH="24" VPOS="938" HPOS="609"/>
							<String ID="string_110" HPOS="633" VPOS="936" WIDTH="200" HEIGHT="41" WC="0.93" CONTENT="budgetåret"/><SP WIDTH="26" VPOS="936" HPOS="833"/>
							<String ID="string_111" HPOS="859" VPOS="933" WIDTH="190" HEIGHT="38" WC="0.90" CONTENT="1933/1934"/><SP WIDTH="17" VPOS="933" HPOS="1049"/>
							<String ID="string_112" HPOS="1066" VPOS="934" WIDTH="119" HEIGHT="33" WC="0.96" CONTENT="anvisa"/><SP WIDTH="16" VPOS="934" HPOS="1185"/>
							<String ID="string_113" HPOS="1201" VPOS="936" WIDTH="46" HEIGHT="30" WC="0.96" CONTENT="ett"/><SP WIDTH="17" VPOS="936" HPOS="1247"/>
							<String ID="string_114" HPOS="1264" VPOS="936" WIDTH="93" HEIGHT="29" WC="0.92" CONTENT="extra"/><SP WIDTH="17" VPOS="936" HPOS="1357"/>
							<String ID="string_115" HPOS="1374" VPOS="932" WIDTH="234" HEIGHT="33" WC="0.88" CONTENT="reservations-"/>
						</TextLine>
						<TextLine ID="line_14" HPOS="431" VPOS="990" WIDTH="489" HEIGHT="42">
							<String ID="string_116" HPOS="431" VPOS="991" WIDTH="119" HEIGHT="41" WC="0.96" CONTENT="anslag"/><SP WIDTH="22" VPOS="991" HPOS="550"/>
							<String ID="string_117" HPOS="572" VPOS="1002" WIDTH="44" HEIGHT="21" WC="0.89" CONTENT="av"/><SP WIDTH="27" VPOS="1002" HPOS="616"/>
							<String ID="string_118" HPOS="643" VPOS="991" WIDTH="119" HEIGHT="38" WC="0.89" CONTENT="15,000"/><SP WIDTH="24" VPOS="991" HPOS="762"/>
							<String ID="string_119" HPOS="786" VPOS="990" WIDTH="134" HEIGHT="31" WC="0.96" CONTENT="kronor."/>
						</TextLine>
					</TextBlock>
				</ComposedBlock>
				<ComposedBlock ID="cblock_3" HPOS="111" VPOS="1091" WIDTH="1500" HEIGHT="369">
					<TextBlock ID="block_4" HPOS="111" VPOS="1091" WIDTH="1500" HEIGHT="369">
						<TextLine ID="line_15" HPOS="159" VPOS="1091" WIDTH="1450" HEIGHT="48">
							<String ID="string_120" HPOS="159" VPOS="1096" WIDTH="107" HEIGHT="43" WC="0.89" CONTENT="179:0)"/><SP WIDTH="46" VPOS="1096" HPOS="266"/>
							<String ID="string_121" HPOS="312" VPOS="1098" WIDTH="148" HEIGHT="40" WC="0.95" CONTENT="Bidrag"/><SP WIDTH="32" VPOS="1098" HPOS="460"/>
							<String ID="string_122" HPOS="492" VPOS="1097" WIDTH="61" HEIGHT="32" WC="0.95" CONTENT="till"/><SP WIDTH="33" VPOS="1097" HPOS="553"/>
							<String ID="string_123" HPOS="586" VPOS="1095" WIDTH="254" HEIGHT="33" WC="0.96" CONTENT="anordnande"/><SP WIDTH="34" VPOS="1095" HPOS="840"/>
							<String ID="string_124" HPOS="874" VPOS="1104" WIDTH="49" HEIGHT="22" WC="0.96" CONTENT="av"/><SP WIDTH="29" VPOS="1104" HPOS="923"/>
							<String ID="string_125" HPOS="952" VPOS="1093" WIDTH="267" HEIGHT="41" WC="0.95" CONTENT="skolskjutsar"/><SP WIDTH="31" VPOS="1093" HPOS="1219"/>
							<String ID="string_126" HPOS="1250" VPOS="1092" WIDTH="64" HEIGHT="33" WC="0.92" CONTENT="för"/><SP WIDTH="34" VPOS="1092" HPOS="1314"/>
							<String ID="string_127" HPOS="1348" VPOS="1091" WIDTH="261" HEIGHT="41" WC="0.91" CONTENT="skolpliktiga"/>
						</TextLine>
						<TextLine ID="line_16" HPOS="111" VPOS="1145" WIDTH="1498" HEIGHT="48">
							<String ID="string_128" HPOS="111" VPOS="1153" WIDTH="111" HEIGHT="32" WC="0.96" CONTENT="barn."/><SP WIDTH="46" VPOS="1153" HPOS="222"/>
							<String ID="string_129" HPOS="268" VPOS="1152" WIDTH="128" HEIGHT="41" WC="0.94" CONTENT="Kungl."/><SP WIDTH="26" VPOS="1152" HPOS="396"/>
							<String ID="string_130" HPOS="422" VPOS="1151" WIDTH="99" HEIGHT="41" WC="0.96" CONTENT="Maj:t"/><SP WIDTH="23" VPOS="1151" HPOS="521"/>
							<String ID="string_131" HPOS="544" VPOS="1151" WIDTH="62" HEIGHT="32" WC="0.96" CONTENT="har"/><SP WIDTH="24" VPOS="1151" HPOS="606"/>
							<String ID="string_132" HPOS="630" VPOS="1148" WIDTH="123" HEIGHT="43" WC="0.95" CONTENT="(punkt"/><SP WIDTH="26" VPOS="1148" HPOS="753"/>
							<String ID="string_133" HPOS="779" VPOS="1150" WIDTH="73" HEIGHT="37" WC="0.95" CONTENT="185,"/><SP WIDTH="22" VPOS="1150" HPOS="852"/>
							<String ID="string_134" HPOS="874" VPOS="1148" WIDTH="61" HEIGHT="32" WC="0.93" CONTENT="sid."/><SP WIDTH="18" VPOS="1148" HPOS="935"/>
							<String ID="string_135" HPOS="953" VPOS="1145" WIDTH="190" HEIGHT="42" WC="0.85" CONTENT="425—441)"/><SP WIDTH="16" VPOS="1145" HPOS="1143"/>
							<String ID="string_136" HPOS="1159" VPOS="1146" WIDTH="175" HEIGHT="42" WC="0.96" CONTENT="föreslagit"/><SP WIDTH="16" VPOS="1146" HPOS="1334"/>
							<String ID="string_137" HPOS="1350" VPOS="1146" WIDTH="181" HEIGHT="41" WC="0.96" CONTENT="riksdagen"/><SP WIDTH="19" VPOS="1146" HPOS="1531"/>
							<String ID="string_138" HPOS="1550" VPOS="1148" WIDTH="59" HEIGHT="35" WC="0.96" CONTENT="att,"/>
						</TextLine>
						<TextLine ID="line_17" HPOS="112" VPOS="1198" WIDTH="1498" HEIGHT="49">
							<String ID="string_139" HPOS="112" VPOS="1207" WIDTH="71" HEIGHT="32" WC="0.96" CONTENT="dels"/><SP WIDTH="24" VPOS="1207" HPOS="183"/>
							<String ID="string_140" HPOS="207" VPOS="1207" WIDTH="11" HEIGHT="31" WC="0.96" CONTENT="i"/><SP WIDTH="24" VPOS="1207" HPOS="218"/>
							<String ID="string_141" HPOS="242" VPOS="1206" WIDTH="182" HEIGHT="33" WC="0.96" CONTENT="huvudsak"/><SP WIDTH="33" VPOS="1206" HPOS="424"/>
							<String ID="string_142" HPOS="457" VPOS="1205" WIDTH="184" HEIGHT="42" WC="0.96" CONTENT="godkänna"/><SP WIDTH="37" VPOS="1205" HPOS="641"/>
							<String ID="string_143" HPOS="678" VPOS="1203" WIDTH="40" HEIGHT="33" WC="0.96" CONTENT="de"/><SP WIDTH="24" VPOS="1203" HPOS="718"/>
							<String ID="string_144" HPOS="742" VPOS="1214" WIDTH="42" HEIGHT="21" WC="0.93" CONTENT="av"/><SP WIDTH="25" VPOS="1214" HPOS="784"/>
							<String ID="string_145" HPOS="809" VPOS="1201" WIDTH="375" HEIGHT="42" WC="0.91" CONTENT="departementschefen"/><SP WIDTH="23" VPOS="1201" HPOS="1184"/>
							<String ID="string_146" HPOS="1207" VPOS="1200" WIDTH="11" HEIGHT="32" WC="0.93" CONTENT="i"/><SP WIDTH="25" VPOS="1200" HPOS="1218"/>
							<String ID="string_147" HPOS="1243" VPOS="1198" WIDTH="367" HEIGHT="42" WC="0.92" CONTENT="statsrådsprotokollet"/>
						</TextLine>
						<TextLine ID="line_18" HPOS="112" VPOS="1252" WIDTH="1498" HEIGHT="49">
							<String ID="string_148" HPOS="112" VPOS="1260" WIDTH="193" HEIGHT="41" WC="0.96" CONTENT="föreslagna"/><SP WIDTH="23" VPOS="1260" HPOS="305"/>
							<String ID="string_149" HPOS="328" VPOS="1259" WIDTH="149" HEIGHT="32" WC="0.96" CONTENT="ändrade"/><SP WIDTH="23" VPOS="1259" HPOS="477"/>
							<String ID="string_150" HPOS="500" VPOS="1258" WIDTH="196" HEIGHT="42" WC="0.96" CONTENT="grunderna"/><SP WIDTH="23" VPOS="1258" HPOS="696"/>
							<String ID="string_151" HPOS="719" VPOS="1257" WIDTH="54" HEIGHT="31" WC="0.96" CONTENT="för"/><SP WIDTH="16" VPOS="1257" HPOS="773"/>
							<String ID="string_152" HPOS="789" VPOS="1255" WIDTH="205" HEIGHT="41" WC="0.96" CONTENT="statsbidrag"/><SP WIDTH="16" VPOS="1255" HPOS="994"/>
							<String ID="string_153" HPOS="1010" VPOS="1254" WIDTH="50" HEIGHT="33" WC="0.96" CONTENT="till"/><SP WIDTH="17" VPOS="1254" HPOS="1060"/>
							<String ID="string_154" HPOS="1077" VPOS="1253" WIDTH="222" HEIGHT="33" WC="0.96" CONTENT="anordnande"/><SP WIDTH="16" VPOS="1253" HPOS="1299"/>
							<String ID="string_155" HPOS="1315" VPOS="1264" WIDTH="43" HEIGHT="22" WC="0.96" CONTENT="av"/><SP WIDTH="16" VPOS="1264" HPOS="1358"/>
							<String ID="string_156" HPOS="1374" VPOS="1252" WIDTH="236" HEIGHT="41" WC="0.96" CONTENT="skolskjutsar,"/>
						</TextLine>
						<TextLine ID="line_19" HPOS="112" VPOS="1306" WIDTH="1498" HEIGHT="46">
							<String ID="string_157" HPOS="112" VPOS="1314" WIDTH="72" HEIGHT="32" WC="0.95" CONTENT="dels"/><SP WIDTH="24" VPOS="1314" HPOS="184"/>
							<String ID="string_158" HPOS="208" VPOS="1314" WIDTH="11" HEIGHT="32" WC="0.93" CONTENT="i"/><SP WIDTH="24" VPOS="1314" HPOS="219"/>
							<String ID="string_159" HPOS="243" VPOS="1314" WIDTH="179" HEIGHT="31" WC="0.92" CONTENT="riksstaten"/><SP WIDTH="25" VPOS="1314" HPOS="422"/>
							<String ID="string_160" HPOS="447" VPOS="1314" WIDTH="53" HEIGHT="31" WC="0.96" CONTENT="för"/><SP WIDTH="23" VPOS="1314" HPOS="500"/>
							<String ID="string_161" HPOS="523" VPOS="1312" WIDTH="201" HEIGHT="40" WC="0.93" CONTENT="budgetåret"/><SP WIDTH="27" VPOS="1312" HPOS="724"/>
							<String ID="string_162" HPOS="751" VPOS="1308" WIDTH="190" HEIGHT="42" WC="0.91" CONTENT="1933/1934"/><SP WIDTH="24" VPOS="1308" HPOS="941"/>
							<String ID="string_163" HPOS="965" VPOS="1311" WIDTH="112" HEIGHT="30" WC="0.96" CONTENT="såsom"/><SP WIDTH="25" VPOS="1311" HPOS="1077"/>
							<String ID="string_164" HPOS="1102" VPOS="1308" WIDTH="119" HEIGHT="41" WC="0.96" CONTENT="bidrag"/><SP WIDTH="25" VPOS="1308" HPOS="1221"/>
							<String ID="string_165" HPOS="1246" VPOS="1309" WIDTH="52" HEIGHT="30" WC="0.96" CONTENT="för"/><SP WIDTH="23" VPOS="1309" HPOS="1298"/>
							<String ID="string_166" HPOS="1321" VPOS="1306" WIDTH="221" HEIGHT="32" WC="0.96" CONTENT="anordnande"/><SP WIDTH="25" VPOS="1306" HPOS="1542"/>
							<String ID="string_167" HPOS="1567" VPOS="1317" WIDTH="43" HEIGHT="20" WC="0.95" CONTENT="av"/>
						</TextLine>
						<TextLine ID="line_20" HPOS="113" VPOS="1359" WIDTH="1498" HEIGHT="49">
							<String ID="string_168" HPOS="113" VPOS="1368" WIDTH="227" HEIGHT="40" WC="0.96" CONTENT="skolskjutsar"/><SP WIDTH="34" VPOS="1368" HPOS="340"/>
							<String ID="string_169" HPOS="374" VPOS="1368" WIDTH="53" HEIGHT="30" WC="0.93" CONTENT="för"/><SP WIDTH="36" VPOS="1368" HPOS="427"/>
							<String ID="string_170" HPOS="463" VPOS="1365" WIDTH="220" HEIGHT="42" WC="0.90" CONTENT="skolpliktiga"/><SP WIDTH="34" VPOS="1365" HPOS="683"/>
							<String ID="string_171" HPOS="717" VPOS="1364" WIDTH="84" HEIGHT="32" WC="0.96" CONTENT="barn"/><SP WIDTH="36" VPOS="1364" HPOS="801"/>
							<String ID="string_172" HPOS="837" VPOS="1364" WIDTH="148" HEIGHT="41" WC="0.96" CONTENT="uppföra"/><SP WIDTH="31" VPOS="1364" HPOS="985"/>
							<String ID="string_173" HPOS="1016" VPOS="1365" WIDTH="46" HEIGHT="29" WC="0.96" CONTENT="ett"/><SP WIDTH="25" VPOS="1365" HPOS="1062"/>
							<String ID="string_174" HPOS="1087" VPOS="1361" WIDTH="167" HEIGHT="32" WC="0.93" CONTENT="ordinarie"/><SP WIDTH="25" VPOS="1361" HPOS="1254"/>
							<String ID="string_175" HPOS="1279" VPOS="1359" WIDTH="265" HEIGHT="42" WC="0.90" CONTENT="förslagsanslag"/><SP WIDTH="24" VPOS="1359" HPOS="1544"/>
							<String ID="string_176" HPOS="1568" VPOS="1370" WIDTH="43" HEIGHT="22" WC="0.96" CONTENT="av"/>
						</TextLine>
						<TextLine ID="line_21" HPOS="116" VPOS="1421" WIDTH="299" HEIGHT="39">
							<String ID="string_177" HPOS="116" VPOS="1422" WIDTH="142" HEIGHT="38" WC="0.92" CONTENT="150,000"/><SP WIDTH="24" VPOS="1422" HPOS="258"/>
							<String ID="string_178" HPOS="282" VPOS="1421" WIDTH="133" HEIGHT="31" WC="0.96" CONTENT="kronor."/>
						</TextLine>
					</TextBlock>
				</ComposedBlock>
				<ComposedBlock ID="cblock_4" HPOS="113" VPOS="1520" WIDTH="1504" HEIGHT="1008">
					<TextBlock ID="block_5" HPOS="113" VPOS="1520" WIDTH="1502" HEIGHT="586">
						<TextLine ID="line_22" HPOS="159" VPOS="1520" WIDTH="1452" HEIGHT="48">
							<String ID="string_179" HPOS="159" VPOS="1528" WIDTH="212" HEIGHT="40" WC="0.90" CONTENT="Statsbidrag"/><SP WIDTH="31" VPOS="1528" HPOS="371"/>
							<String ID="string_180" HPOS="402" VPOS="1527" WIDTH="51" HEIGHT="31" WC="0.95" CONTENT="till"/><SP WIDTH="33" VPOS="1527" HPOS="453"/>
							<String ID="string_181" HPOS="486" VPOS="1525" WIDTH="221" HEIGHT="33" WC="0.96" CONTENT="anordnande"/><SP WIDTH="28" VPOS="1525" HPOS="707"/>
							<String ID="string_182" HPOS="735" VPOS="1535" WIDTH="42" HEIGHT="22" WC="0.96" CONTENT="av"/><SP WIDTH="36" VPOS="1535" HPOS="777"/>
							<String ID="string_183" HPOS="813" VPOS="1523" WIDTH="226" HEIGHT="41" WC="0.96" CONTENT="skolskjutsar"/><SP WIDTH="35" VPOS="1523" HPOS="1039"/>
							<String ID="string_184" HPOS="1074" VPOS="1522" WIDTH="62" HEIGHT="32" WC="0.96" CONTENT="har"/><SP WIDTH="37" VPOS="1522" HPOS="1136"/>
							<String ID="string_185" HPOS="1173" VPOS="1523" WIDTH="111" HEIGHT="39" WC="0.96" CONTENT="utgått"/><SP WIDTH="34" VPOS="1523" HPOS="1284"/>
							<String ID="string_186" HPOS="1318" VPOS="1520" WIDTH="104" HEIGHT="33" WC="0.95" CONTENT="sedan"/><SP WIDTH="24" VPOS="1520" HPOS="1422"/>
							<String ID="string_187" HPOS="1446" VPOS="1522" WIDTH="36" HEIGHT="30" WC="0.96" CONTENT="år"/><SP WIDTH="33" VPOS="1522" HPOS="1482"/>
							<String ID="string_188" HPOS="1515" VPOS="1521" WIDTH="96" HEIGHT="37" WC="0.96" CONTENT="1926,"/>
						</TextLine>
						<TextLine ID="line_23" HPOS="114" VPOS="1573" WIDTH="1498" HEIGHT="50">
							<String ID="string_189" HPOS="114" VPOS="1582" WIDTH="43" HEIGHT="32" WC="0.96" CONTENT="då"/><SP WIDTH="36" VPOS="1582" HPOS="157"/>
							<String ID="string_190" HPOS="193" VPOS="1581" WIDTH="180" HEIGHT="42" WC="0.96" CONTENT="riksdagen"/><SP WIDTH="35" VPOS="1581" HPOS="373"/>
							<String ID="string_191" HPOS="408" VPOS="1582" WIDTH="53" HEIGHT="31" WC="0.96" CONTENT="för"/><SP WIDTH="34" VPOS="1582" HPOS="461"/>
							<String ID="string_192" HPOS="495" VPOS="1579" WIDTH="200" HEIGHT="42" WC="0.93" CONTENT="budgetåret"/><SP WIDTH="37" VPOS="1579" HPOS="695"/>
							<String ID="string_193" HPOS="732" VPOS="1576" WIDTH="187" HEIGHT="42" WC="0.92" CONTENT="1926/1927"/><SP WIDTH="37" VPOS="1576" HPOS="919"/>
							<String ID="string_194" HPOS="956" VPOS="1577" WIDTH="54" HEIGHT="31" WC="0.96" CONTENT="för"/><SP WIDTH="32" VPOS="1577" HPOS="1010"/>
							<String ID="string_195" HPOS="1042" VPOS="1575" WIDTH="262" HEIGHT="41" WC="0.95" CONTENT="ifrågavarande"/><SP WIDTH="24" VPOS="1575" HPOS="1304"/>
							<String ID="string_196" HPOS="1328" VPOS="1573" WIDTH="159" HEIGHT="32" WC="0.90" CONTENT="ändamål"/><SP WIDTH="25" VPOS="1573" HPOS="1487"/>
							<String ID="string_197" HPOS="1512" VPOS="1573" WIDTH="100" HEIGHT="33" WC="0.90" CONTENT="bevil-"/>
						</TextLine>
						<TextLine ID="line_24" HPOS="113" VPOS="1627" WIDTH="1500" HEIGHT="50">
							<String ID="string_198" HPOS="113" VPOS="1637" WIDTH="79" HEIGHT="40" WC="0.96" CONTENT="jade"/><SP WIDTH="41" VPOS="1637" HPOS="192"/>
							<String ID="string_199" HPOS="233" VPOS="1639" WIDTH="45" HEIGHT="28" WC="0.96" CONTENT="ett"/><SP WIDTH="35" VPOS="1639" HPOS="278"/>
							<String ID="string_200" HPOS="313" VPOS="1638" WIDTH="94" HEIGHT="29" WC="0.96" CONTENT="extra"/><SP WIDTH="35" VPOS="1638" HPOS="407"/>
							<String ID="string_201" HPOS="442" VPOS="1634" WIDTH="118" HEIGHT="41" WC="0.96" CONTENT="anslag"/><SP WIDTH="34" VPOS="1634" HPOS="560"/>
							<String ID="string_202" HPOS="594" VPOS="1644" WIDTH="43" HEIGHT="21" WC="0.92" CONTENT="av"/><SP WIDTH="36" VPOS="1644" HPOS="637"/>
							<String ID="string_203" HPOS="673" VPOS="1633" WIDTH="122" HEIGHT="37" WC="0.82" CONTENT="30,000"/><SP WIDTH="35" VPOS="1633" HPOS="795"/>
							<String ID="string_204" HPOS="830" VPOS="1631" WIDTH="134" HEIGHT="32" WC="0.92" CONTENT="kronor."/><SP WIDTH="49" VPOS="1631" HPOS="964"/>
							<String ID="string_205" HPOS="1013" VPOS="1629" WIDTH="162" HEIGHT="41" WC="0.95" CONTENT="Anslaget"/><SP WIDTH="35" VPOS="1629" HPOS="1175"/>
							<String ID="string_206" HPOS="1210" VPOS="1629" WIDTH="116" HEIGHT="41" WC="0.95" CONTENT="utgick"/><SP WIDTH="36" VPOS="1629" HPOS="1326"/>
							<String ID="string_207" HPOS="1362" VPOS="1628" WIDTH="148" HEIGHT="32" WC="0.95" CONTENT="härefter"/><SP WIDTH="24" VPOS="1628" HPOS="1510"/>
							<String ID="string_208" HPOS="1534" VPOS="1627" WIDTH="79" HEIGHT="32" WC="0.96" CONTENT="med"/>
						</TextLine>
						<TextLine ID="line_25" HPOS="115" VPOS="1681" WIDTH="1498" HEIGHT="47">
							<String ID="string_209" HPOS="115" VPOS="1691" WIDTH="121" HEIGHT="37" WC="0.92" CONTENT="30,000"/><SP WIDTH="24" VPOS="1691" HPOS="236"/>
							<String ID="string_210" HPOS="260" VPOS="1689" WIDTH="125" HEIGHT="32" WC="0.97" CONTENT="kronor"/><SP WIDTH="23" VPOS="1689" HPOS="385"/>
							<String ID="string_211" HPOS="408" VPOS="1689" WIDTH="53" HEIGHT="31" WC="0.96" CONTENT="för"/><SP WIDTH="24" VPOS="1689" HPOS="461"/>
							<String ID="string_212" HPOS="485" VPOS="1691" WIDTH="74" HEIGHT="28" WC="0.95" CONTENT="vart"/><SP WIDTH="24" VPOS="1691" HPOS="559"/>
							<String ID="string_213" HPOS="583" VPOS="1687" WIDTH="64" HEIGHT="31" WC="0.96" CONTENT="och"/><SP WIDTH="24" VPOS="1687" HPOS="647"/>
							<String ID="string_214" HPOS="671" VPOS="1689" WIDTH="46" HEIGHT="29" WC="0.95" CONTENT="ett"/><SP WIDTH="24" VPOS="1689" HPOS="717"/>
							<String ID="string_215" HPOS="741" VPOS="1697" WIDTH="42" HEIGHT="21" WC="0.93" CONTENT="av"/><SP WIDTH="23" VPOS="1697" HPOS="783"/>
							<String ID="string_216" HPOS="806" VPOS="1684" WIDTH="210" HEIGHT="41" WC="0.91" CONTENT="budgetåren"/><SP WIDTH="27" VPOS="1684" HPOS="1016"/>
							<String ID="string_217" HPOS="1043" VPOS="1684" WIDTH="199" HEIGHT="35" WC="0.92" CONTENT="1927/1929."/><SP WIDTH="48" VPOS="1684" HPOS="1242"/>
							<String ID="string_218" HPOS="1290" VPOS="1682" WIDTH="66" HEIGHT="32" WC="0.96" CONTENT="För"/><SP WIDTH="17" VPOS="1682" HPOS="1356"/>
							<String ID="string_219" HPOS="1373" VPOS="1685" WIDTH="47" HEIGHT="28" WC="0.96" CONTENT="att"/><SP WIDTH="17" VPOS="1685" HPOS="1420"/>
							<String ID="string_220" HPOS="1437" VPOS="1681" WIDTH="176" HEIGHT="41" WC="0.95" CONTENT="tillgodose"/>
						</TextLine>
						<TextLine ID="line_26" HPOS="115" VPOS="1734" WIDTH="1498" HEIGHT="48">
							<String ID="string_221" HPOS="115" VPOS="1743" WIDTH="56" HEIGHT="32" WC="0.96" CONTENT="det"/><SP WIDTH="33" VPOS="1743" HPOS="171"/>
							<String ID="string_222" HPOS="204" VPOS="1743" WIDTH="107" HEIGHT="32" WC="0.93" CONTENT="ökade"/><SP WIDTH="36" VPOS="1743" HPOS="311"/>
							<String ID="string_223" HPOS="347" VPOS="1741" WIDTH="283" HEIGHT="41" WC="0.91" CONTENT="anslagsbehovet"/><SP WIDTH="32" VPOS="1741" HPOS="630"/>
							<String ID="string_224" HPOS="662" VPOS="1739" WIDTH="120" HEIGHT="41" WC="0.96" CONTENT="höjdes"/><SP WIDTH="25" VPOS="1739" HPOS="782"/>
							<String ID="string_225" HPOS="807" VPOS="1738" WIDTH="152" HEIGHT="41" WC="0.96" CONTENT="anslaget"/><SP WIDTH="24" VPOS="1738" HPOS="959"/>
							<String ID="string_226" HPOS="983" VPOS="1737" WIDTH="57" HEIGHT="33" WC="0.96" CONTENT="vid"/><SP WIDTH="28" VPOS="1737" HPOS="1040"/>
							<String ID="string_227" HPOS="1068" VPOS="1738" WIDTH="84" HEIGHT="30" WC="0.96" CONTENT="1929"/><SP WIDTH="25" VPOS="1738" HPOS="1152"/>
							<String ID="string_228" HPOS="1177" VPOS="1738" WIDTH="53" HEIGHT="30" WC="0.96" CONTENT="års"/><SP WIDTH="25" VPOS="1738" HPOS="1230"/>
							<String ID="string_229" HPOS="1255" VPOS="1735" WIDTH="137" HEIGHT="41" WC="0.96" CONTENT="riksdag"/><SP WIDTH="25" VPOS="1735" HPOS="1392"/>
							<String ID="string_230" HPOS="1417" VPOS="1734" WIDTH="50" HEIGHT="32" WC="0.93" CONTENT="till"/><SP WIDTH="25" VPOS="1734" HPOS="1467"/>
							<String ID="string_231" HPOS="1492" VPOS="1736" WIDTH="121" HEIGHT="37" WC="0.91" CONTENT="60,000"/>
						</TextLine>
						<TextLine ID="line_27" HPOS="115" VPOS="1787" WIDTH="1500" HEIGHT="50">
							<String ID="string_232" HPOS="115" VPOS="1797" WIDTH="125" HEIGHT="31" WC="0.96" CONTENT="kronor"/><SP WIDTH="23" VPOS="1797" HPOS="240"/>
							<String ID="string_233" HPOS="263" VPOS="1797" WIDTH="53" HEIGHT="31" WC="0.96" CONTENT="för"/><SP WIDTH="23" VPOS="1797" HPOS="316"/>
							<String ID="string_234" HPOS="339" VPOS="1795" WIDTH="200" HEIGHT="42" WC="0.93" CONTENT="budgetåret"/><SP WIDTH="26" VPOS="1795" HPOS="539"/>
							<String ID="string_235" HPOS="565" VPOS="1791" WIDTH="199" HEIGHT="38" WC="0.91" CONTENT="1929/1930."/><SP WIDTH="50" VPOS="1791" HPOS="764"/>
							<String ID="string_236" HPOS="814" VPOS="1792" WIDTH="65" HEIGHT="32" WC="0.96" CONTENT="För"/><SP WIDTH="24" VPOS="1792" HPOS="879"/>
							<String ID="string_237" HPOS="903" VPOS="1791" WIDTH="200" HEIGHT="41" WC="0.92" CONTENT="budgetåret"/><SP WIDTH="19" VPOS="1791" HPOS="1103"/>
							<String ID="string_238" HPOS="1122" VPOS="1787" WIDTH="186" HEIGHT="43" WC="0.91" CONTENT="1930/1931"/><SP WIDTH="21" VPOS="1787" HPOS="1308"/>
							<String ID="string_239" HPOS="1329" VPOS="1789" WIDTH="114" HEIGHT="41" WC="0.96" CONTENT="utgick"/><SP WIDTH="18" VPOS="1789" HPOS="1443"/>
							<String ID="string_240" HPOS="1461" VPOS="1788" WIDTH="154" HEIGHT="41" WC="0.96" CONTENT="anslaget"/>
						</TextLine>
						<TextLine ID="line_28" HPOS="116" VPOS="1842" WIDTH="1498" HEIGHT="48">
							<String ID="string_241" HPOS="116" VPOS="1851" WIDTH="78" HEIGHT="31" WC="0.96" CONTENT="med"/><SP WIDTH="34" VPOS="1851" HPOS="194"/>
							<String ID="string_242" HPOS="228" VPOS="1860" WIDTH="132" HEIGHT="22" WC="0.96" CONTENT="samma"/><SP WIDTH="32" VPOS="1860" HPOS="360"/>
							<String ID="string_243" HPOS="392" VPOS="1849" WIDTH="132" HEIGHT="41" WC="0.93" CONTENT="belopp."/><SP WIDTH="48" VPOS="1849" HPOS="524"/>
							<String ID="string_244" HPOS="572" VPOS="1847" WIDTH="68" HEIGHT="33" WC="0.96" CONTENT="Vid"/><SP WIDTH="29" VPOS="1847" HPOS="640"/>
							<String ID="string_245" HPOS="669" VPOS="1847" WIDTH="79" HEIGHT="31" WC="0.95" CONTENT="1931"/><SP WIDTH="29" VPOS="1847" HPOS="748"/>
							<String ID="string_246" HPOS="777" VPOS="1848" WIDTH="53" HEIGHT="29" WC="0.96" CONTENT="års"/><SP WIDTH="24" VPOS="1848" HPOS="830"/>
							<String ID="string_247" HPOS="854" VPOS="1845" WIDTH="138" HEIGHT="40" WC="0.96" CONTENT="riksdag"/><SP WIDTH="23" VPOS="1845" HPOS="992"/>
							<String ID="string_248" HPOS="1015" VPOS="1843" WIDTH="121" HEIGHT="41" WC="0.96" CONTENT="höjdes"/><SP WIDTH="24" VPOS="1843" HPOS="1136"/>
							<String ID="string_249" HPOS="1160" VPOS="1843" WIDTH="153" HEIGHT="40" WC="0.96" CONTENT="anslaget"/><SP WIDTH="25" VPOS="1843" HPOS="1313"/>
							<String ID="string_250" HPOS="1338" VPOS="1843" WIDTH="53" HEIGHT="31" WC="0.96" CONTENT="för"/><SP WIDTH="23" VPOS="1843" HPOS="1391"/>
							<String ID="string_251" HPOS="1414" VPOS="1842" WIDTH="200" HEIGHT="40" WC="0.96" CONTENT="budgetåret"/>
						</TextLine>
						<TextLine ID="line_29" HPOS="119" VPOS="1895" WIDTH="1495" HEIGHT="45">
							<String ID="string_252" HPOS="119" VPOS="1902" WIDTH="188" HEIGHT="37" WC="0.89" CONTENT="1931/1932"/><SP WIDTH="34" VPOS="1902" HPOS="307"/>
							<String ID="string_253" HPOS="341" VPOS="1902" WIDTH="50" HEIGHT="32" WC="0.92" CONTENT="till"/><SP WIDTH="32" VPOS="1902" HPOS="391"/>
							<String ID="string_254" HPOS="423" VPOS="1903" WIDTH="119" HEIGHT="37" WC="0.91" CONTENT="85,000"/><SP WIDTH="33" VPOS="1903" HPOS="542"/>
							<String ID="string_255" HPOS="575" VPOS="1902" WIDTH="135" HEIGHT="31" WC="0.96" CONTENT="kronor."/><SP WIDTH="49" VPOS="1902" HPOS="710"/>
							<String ID="string_256" HPOS="759" VPOS="1899" WIDTH="78" HEIGHT="32" WC="0.95" CONTENT="Med"/><SP WIDTH="24" VPOS="1899" HPOS="837"/>
							<String ID="string_257" HPOS="861" VPOS="1898" WIDTH="97" HEIGHT="32" WC="0.95" CONTENT="bifall"/><SP WIDTH="24" VPOS="1898" HPOS="958"/>
							<String ID="string_258" HPOS="982" VPOS="1897" WIDTH="48" HEIGHT="32" WC="0.96" CONTENT="till"/><SP WIDTH="27" VPOS="1897" HPOS="1030"/>
							<String ID="string_259" HPOS="1057" VPOS="1896" WIDTH="127" HEIGHT="41" WC="0.90" CONTENT="Kungl."/><SP WIDTH="27" VPOS="1896" HPOS="1184"/>
							<String ID="string_260" HPOS="1211" VPOS="1896" WIDTH="114" HEIGHT="40" WC="0.96" CONTENT="Maj:ts"/><SP WIDTH="26" VPOS="1896" HPOS="1325"/>
							<String ID="string_261" HPOS="1351" VPOS="1896" WIDTH="116" HEIGHT="31" WC="0.96" CONTENT="därom"/><SP WIDTH="25" VPOS="1896" HPOS="1467"/>
							<String ID="string_262" HPOS="1492" VPOS="1895" WIDTH="122" HEIGHT="40" WC="0.96" CONTENT="gjorda"/>
						</TextLine>
						<TextLine ID="line_30" HPOS="116" VPOS="1948" WIDTH="1498" HEIGHT="48">
							<String ID="string_263" HPOS="116" VPOS="1956" WIDTH="254" HEIGHT="40" WC="0.95" CONTENT="framställning"/><SP WIDTH="33" VPOS="1956" HPOS="370"/>
							<String ID="string_264" HPOS="403" VPOS="1955" WIDTH="162" HEIGHT="32" WC="0.96" CONTENT="anvisade"/><SP WIDTH="31" VPOS="1955" HPOS="565"/>
							<String ID="string_265" HPOS="596" VPOS="1955" WIDTH="85" HEIGHT="30" WC="0.96" CONTENT="1932"/><SP WIDTH="25" VPOS="1955" HPOS="681"/>
							<String ID="string_266" HPOS="706" VPOS="1955" WIDTH="53" HEIGHT="29" WC="0.95" CONTENT="års"/><SP WIDTH="26" VPOS="1955" HPOS="759"/>
							<String ID="string_267" HPOS="785" VPOS="1952" WIDTH="138" HEIGHT="40" WC="0.96" CONTENT="riksdag"/><SP WIDTH="23" VPOS="1952" HPOS="923"/>
							<String ID="string_268" HPOS="946" VPOS="1952" WIDTH="53" HEIGHT="30" WC="0.97" CONTENT="för"/><SP WIDTH="24" VPOS="1952" HPOS="999"/>
							<String ID="string_269" HPOS="1023" VPOS="1950" WIDTH="195" HEIGHT="31" WC="0.96" CONTENT="ändamålet"/><SP WIDTH="24" VPOS="1950" HPOS="1218"/>
							<String ID="string_270" HPOS="1242" VPOS="1953" WIDTH="47" HEIGHT="28" WC="0.96" CONTENT="ett"/><SP WIDTH="23" VPOS="1953" HPOS="1289"/>
							<String ID="string_271" HPOS="1312" VPOS="1952" WIDTH="94" HEIGHT="29" WC="0.96" CONTENT="extra"/><SP WIDTH="24" VPOS="1952" HPOS="1406"/>
							<String ID="string_272" HPOS="1430" VPOS="1948" WIDTH="117" HEIGHT="40" WC="0.95" CONTENT="anslag"/><SP WIDTH="25" VPOS="1948" HPOS="1547"/>
							<String ID="string_273" HPOS="1572" VPOS="1959" WIDTH="42" HEIGHT="20" WC="0.96" CONTENT="av"/>
						</TextLine>
						<TextLine ID="line_31" HPOS="119" VPOS="2001" WIDTH="1495" HEIGHT="48">
							<String ID="string_274" HPOS="119" VPOS="2011" WIDTH="141" HEIGHT="38" WC="0.91" CONTENT="150,000"/><SP WIDTH="33" VPOS="2011" HPOS="260"/>
							<String ID="string_275" HPOS="293" VPOS="2010" WIDTH="131" HEIGHT="31" WC="0.95" CONTENT="kronor."/><SP WIDTH="49" VPOS="2010" HPOS="424"/>
							<String ID="string_276" HPOS="473" VPOS="2006" WIDTH="217" HEIGHT="33" WC="0.95" CONTENT="Beträffande"/><SP WIDTH="33" VPOS="2006" HPOS="690"/>
							<String ID="string_277" HPOS="723" VPOS="2006" WIDTH="115" HEIGHT="31" WC="0.96" CONTENT="skälen"/><SP WIDTH="25" VPOS="2006" HPOS="838"/>
							<String ID="string_278" HPOS="863" VPOS="2004" WIDTH="51" HEIGHT="32" WC="0.96" CONTENT="till"/><SP WIDTH="24" VPOS="2004" HPOS="914"/>
							<String ID="string_279" HPOS="938" VPOS="2004" WIDTH="112" HEIGHT="31" WC="0.93" CONTENT="denna"/><SP WIDTH="24" VPOS="2004" HPOS="1050"/>
							<String ID="string_280" HPOS="1074" VPOS="2002" WIDTH="283" HEIGHT="41" WC="0.90" CONTENT="anslagshöjning"/><SP WIDTH="24" VPOS="2002" HPOS="1357"/>
							<String ID="string_281" HPOS="1381" VPOS="2002" WIDTH="158" HEIGHT="31" WC="0.95" CONTENT="hänvisas"/><SP WIDTH="25" VPOS="2002" HPOS="1539"/>
							<String ID="string_282" HPOS="1564" VPOS="2001" WIDTH="50" HEIGHT="31" WC="0.95" CONTENT="till"/>
						</TextLine>
						<TextLine ID="line_32" HPOS="117" VPOS="2058" WIDTH="827" HEIGHT="48">
							<String ID="string_283" HPOS="117" VPOS="2063" WIDTH="253" HEIGHT="43" WC="0.96" CONTENT="propositionen"/><SP WIDTH="25" VPOS="2063" HPOS="370"/>
							<String ID="string_284" HPOS="395" VPOS="2074" WIDTH="40" HEIGHT="20" WC="0.95" CONTENT="nr"/><SP WIDTH="25" VPOS="2074" HPOS="435"/>
							<String ID="string_285" HPOS="460" VPOS="2063" WIDTH="39" HEIGHT="31" WC="0.96" CONTENT="77"/><SP WIDTH="26" VPOS="2063" HPOS="499"/>
							<String ID="string_286" HPOS="525" VPOS="2061" WIDTH="57" HEIGHT="32" WC="0.95" CONTENT="vid"/><SP WIDTH="29" VPOS="2061" HPOS="582"/>
							<String ID="string_287" HPOS="611" VPOS="2061" WIDTH="84" HEIGHT="31" WC="0.96" CONTENT="1932"/><SP WIDTH="26" VPOS="2061" HPOS="695"/>
							<String ID="string_288" HPOS="721" VPOS="2062" WIDTH="52" HEIGHT="29" WC="0.95" CONTENT="års"/><SP WIDTH="25" VPOS="2062" HPOS="773"/>
							<String ID="string_289" HPOS="798" VPOS="2058" WIDTH="146" HEIGHT="41" WC="0.96" CONTENT="riksdag."/>
						</TextLine>
					</TextBlock>
					<TextBlock ID="block_6" HPOS="118" VPOS="2109" WIDTH="1499" HEIGHT="419">
						<TextLine ID="line_33" HPOS="163" VPOS="2109" WIDTH="1452" HEIGHT="48">
							<String ID="string_290" HPOS="163" VPOS="2117" WIDTH="202" HEIGHT="32" WC="0.93" CONTENT="Dåvarande"/><SP WIDTH="29" VPOS="2117" HPOS="365"/>
							<String ID="string_291" HPOS="394" VPOS="2114" WIDTH="375" HEIGHT="43" WC="0.92" CONTENT="departementschefen"/><SP WIDTH="25" VPOS="2114" HPOS="769"/>
							<String ID="string_292" HPOS="794" VPOS="2112" WIDTH="150" HEIGHT="32" WC="0.96" CONTENT="uttalade"/><SP WIDTH="35" VPOS="2112" HPOS="944"/>
							<String ID="string_293" HPOS="979" VPOS="2110" WIDTH="58" HEIGHT="33" WC="0.96" CONTENT="vid"/><SP WIDTH="36" VPOS="2110" HPOS="1037"/>
							<String ID="string_294" HPOS="1073" VPOS="2110" WIDTH="51" HEIGHT="32" WC="0.96" CONTENT="sin"/><SP WIDTH="38" VPOS="2110" HPOS="1124"/>
							<String ID="string_295" HPOS="1162" VPOS="2109" WIDTH="159" HEIGHT="32" WC="0.95" CONTENT="anmälan"/><SP WIDTH="26" VPOS="2109" HPOS="1321"/>
							<String ID="string_296" HPOS="1347" VPOS="2120" WIDTH="42" HEIGHT="21" WC="0.92" CONTENT="av"/><SP WIDTH="24" VPOS="2120" HPOS="1389"/>
							<String ID="string_297" HPOS="1413" VPOS="2113" WIDTH="202" HEIGHT="37" WC="0.91" CONTENT="nyssnämn-"/>
						</TextLine>
						<TextLine ID="line_34" HPOS="118" VPOS="2162" WIDTH="1497" HEIGHT="50">
							<String ID="string_298" HPOS="118" VPOS="2172" WIDTH="43" HEIGHT="31" WC="0.94" CONTENT="da"/><SP WIDTH="42" VPOS="2172" HPOS="161"/>
							<String ID="string_299" HPOS="203" VPOS="2170" WIDTH="207" HEIGHT="42" WC="0.94" CONTENT="proposition"/><SP WIDTH="37" VPOS="2170" HPOS="410"/>
							<String ID="string_300" HPOS="447" VPOS="2168" WIDTH="184" HEIGHT="42" WC="0.96" CONTENT="sympatier"/><SP WIDTH="40" VPOS="2168" HPOS="631"/>
							<String ID="string_301" HPOS="671" VPOS="2168" WIDTH="52" HEIGHT="31" WC="0.96" CONTENT="för"/><SP WIDTH="42" VPOS="2168" HPOS="723"/>
							<String ID="string_302" HPOS="765" VPOS="2166" WIDTH="123" HEIGHT="32" WC="0.96" CONTENT="tanken"/><SP WIDTH="42" VPOS="2166" HPOS="888"/>
							<String ID="string_303" HPOS="930" VPOS="2166" WIDTH="43" HEIGHT="41" WC="0.95" CONTENT="på"/><SP WIDTH="39" VPOS="2166" HPOS="973"/>
							<String ID="string_304" HPOS="1012" VPOS="2164" WIDTH="169" HEIGHT="40" WC="0.96" CONTENT="anslagets"/><SP WIDTH="39" VPOS="2164" HPOS="1181"/>
							<String ID="string_305" HPOS="1220" VPOS="2162" WIDTH="201" HEIGHT="41" WC="0.95" CONTENT="förändring"/><SP WIDTH="37" VPOS="2162" HPOS="1421"/>
							<String ID="string_306" HPOS="1458" VPOS="2162" WIDTH="50" HEIGHT="31" WC="0.87" CONTENT="till"/><SP WIDTH="44" VPOS="2162" HPOS="1508"/>
							<String ID="string_307" HPOS="1552" VPOS="2163" WIDTH="63" HEIGHT="30" WC="0.77" CONTENT="för-"/>
						</TextLine>
						<TextLine ID="line_35" HPOS="118" VPOS="2215" WIDTH="1496" HEIGHT="50">
							<String ID="string_308" HPOS="118" VPOS="2224" WIDTH="209" HEIGHT="41" WC="0.90" CONTENT="slagsanslag"/><SP WIDTH="35" VPOS="2224" HPOS="327"/>
							<String ID="string_309" HPOS="362" VPOS="2234" WIDTH="78" HEIGHT="20" WC="0.96" CONTENT="men"/><SP WIDTH="37" VPOS="2234" HPOS="440"/>
							<String ID="string_310" HPOS="477" VPOS="2224" WIDTH="105" HEIGHT="38" WC="0.96" CONTENT="ansåg"/><SP WIDTH="35" VPOS="2224" HPOS="582"/>
							<String ID="string_311" HPOS="617" VPOS="2221" WIDTH="52" HEIGHT="40" WC="0.96" CONTENT="sig"/><SP WIDTH="35" VPOS="2221" HPOS="669"/>
							<String ID="string_312" HPOS="704" VPOS="2220" WIDTH="72" HEIGHT="31" WC="0.96" CONTENT="icke"/><SP WIDTH="35" VPOS="2220" HPOS="776"/>
							<String ID="string_313" HPOS="811" VPOS="2220" WIDTH="117" HEIGHT="30" WC="0.96" CONTENT="kunna"/><SP WIDTH="25" VPOS="2220" HPOS="928"/>
							<String ID="string_314" HPOS="953" VPOS="2217" WIDTH="190" HEIGHT="32" WC="0.96" CONTENT="framställa"/><SP WIDTH="25" VPOS="2217" HPOS="1143"/>
							<String ID="string_315" HPOS="1168" VPOS="2216" WIDTH="125" HEIGHT="41" WC="0.96" CONTENT="förslag"/><SP WIDTH="24" VPOS="2216" HPOS="1293"/>
							<String ID="string_316" HPOS="1317" VPOS="2216" WIDTH="129" HEIGHT="37" WC="0.96" CONTENT="härom,"/><SP WIDTH="26" VPOS="2216" HPOS="1446"/>
							<String ID="string_317" HPOS="1472" VPOS="2215" WIDTH="142" HEIGHT="31" WC="0.96" CONTENT="emedan"/>
						</TextLine>
						<TextLine ID="line_36" HPOS="118" VPOS="2268" WIDTH="1497" HEIGHT="45">
							<String ID="string_318" HPOS="118" VPOS="2277" WIDTH="146" HEIGHT="32" WC="0.96" CONTENT="fixerade"/><SP WIDTH="33" VPOS="2277" HPOS="264"/>
							<String ID="string_319" HPOS="297" VPOS="2287" WIDTH="143" HEIGHT="26" WC="0.96" CONTENT="normer,"/><SP WIDTH="36" VPOS="2287" HPOS="440"/>
							<String ID="string_320" HPOS="476" VPOS="2276" WIDTH="83" HEIGHT="30" WC="0.96" CONTENT="efter"/><SP WIDTH="24" VPOS="2276" HPOS="559"/>
							<String ID="string_321" HPOS="583" VPOS="2274" WIDTH="93" HEIGHT="32" WC="0.93" CONTENT="vilka"/><SP WIDTH="24" VPOS="2274" HPOS="676"/>
							<String ID="string_322" HPOS="700" VPOS="2272" WIDTH="245" HEIGHT="40" WC="0.91" CONTENT="statsbidragen"/><SP WIDTH="27" VPOS="2272" HPOS="945"/>
							<String ID="string_323" HPOS="972" VPOS="2270" WIDTH="107" HEIGHT="32" WC="0.96" CONTENT="skulle"/><SP WIDTH="26" VPOS="2270" HPOS="1079"/>
							<String ID="string_324" HPOS="1105" VPOS="2272" WIDTH="90" HEIGHT="38" WC="0.95" CONTENT="utgå,"/><SP WIDTH="26" VPOS="2272" HPOS="1195"/>
							<String ID="string_325" HPOS="1221" VPOS="2270" WIDTH="72" HEIGHT="31" WC="0.93" CONTENT="icke"/><SP WIDTH="24" VPOS="2270" HPOS="1293"/>
							<String ID="string_326" HPOS="1317" VPOS="2268" WIDTH="156" HEIGHT="40" WC="0.88" CONTENT="förelåge."/><SP WIDTH="51" VPOS="2268" HPOS="1473"/>
							<String ID="string_327" HPOS="1524" VPOS="2269" WIDTH="12" HEIGHT="30" WC="0.90" CONTENT="I"/><SP WIDTH="27" VPOS="2269" HPOS="1536"/>
							<String ID="string_328" HPOS="1563" VPOS="2268" WIDTH="52" HEIGHT="31" WC="0.95" CONTENT="sin"/>
						</TextLine>
						<TextLine ID="line_37" HPOS="118" VPOS="2321" WIDTH="1496" HEIGHT="45">
							<String ID="string_329" HPOS="118" VPOS="2331" WIDTH="161" HEIGHT="31" WC="0.95" CONTENT="skrivelse"/><SP WIDTH="33" VPOS="2331" HPOS="279"/>
							<String ID="string_330" HPOS="312" VPOS="2341" WIDTH="40" HEIGHT="19" WC="0.96" CONTENT="nr"/><SP WIDTH="36" VPOS="2341" HPOS="352"/>
							<String ID="string_331" HPOS="388" VPOS="2330" WIDTH="60" HEIGHT="30" WC="0.96" CONTENT="132"/><SP WIDTH="34" VPOS="2330" HPOS="448"/>
							<String ID="string_332" HPOS="482" VPOS="2328" WIDTH="9" HEIGHT="31" WC="0.96" CONTENT="i"/><SP WIDTH="37" VPOS="2328" HPOS="491"/>
							<String ID="string_333" HPOS="528" VPOS="2327" WIDTH="187" HEIGHT="39" WC="0.96" CONTENT="anledning"/><SP WIDTH="33" VPOS="2327" HPOS="715"/>
							<String ID="string_334" HPOS="748" VPOS="2337" WIDTH="41" HEIGHT="20" WC="0.95" CONTENT="av"/><SP WIDTH="34" VPOS="2337" HPOS="789"/>
							<String ID="string_335" HPOS="823" VPOS="2324" WIDTH="253" HEIGHT="42" WC="0.95" CONTENT="propositionen"/><SP WIDTH="34" VPOS="2324" HPOS="1076"/>
							<String ID="string_336" HPOS="1110" VPOS="2334" WIDTH="38" HEIGHT="20" WC="0.96" CONTENT="nr"/><SP WIDTH="33" VPOS="2334" HPOS="1148"/>
							<String ID="string_337" HPOS="1181" VPOS="2324" WIDTH="39" HEIGHT="29" WC="0.96" CONTENT="77"/><SP WIDTH="35" VPOS="2324" HPOS="1220"/>
							<String ID="string_338" HPOS="1255" VPOS="2322" WIDTH="147" HEIGHT="31" WC="0.96" CONTENT="uttalade"/><SP WIDTH="33" VPOS="2322" HPOS="1402"/>
							<String ID="string_339" HPOS="1435" VPOS="2321" WIDTH="179" HEIGHT="39" WC="0.96" CONTENT="riksdagen"/>
						</TextLine>
						<TextLine ID="line_38" HPOS="119" VPOS="2374" WIDTH="1497" HEIGHT="46">
							<String ID="string_340" HPOS="119" VPOS="2383" WIDTH="274" HEIGHT="33" WC="0.92" CONTENT="önskvärdheten"/><SP WIDTH="24" VPOS="2383" HPOS="393"/>
							<String ID="string_341" HPOS="417" VPOS="2392" WIDTH="41" HEIGHT="21" WC="0.96" CONTENT="av"/><SP WIDTH="25" VPOS="2392" HPOS="458"/>
							<String ID="string_342" HPOS="483" VPOS="2384" WIDTH="48" HEIGHT="27" WC="0.96" CONTENT="att"/><SP WIDTH="25" VPOS="2384" HPOS="531"/>
							<String ID="string_343" HPOS="556" VPOS="2379" WIDTH="128" HEIGHT="41" WC="0.95" CONTENT="förslag"/><SP WIDTH="24" VPOS="2379" HPOS="684"/>
							<String ID="string_344" HPOS="708" VPOS="2379" WIDTH="49" HEIGHT="31" WC="0.96" CONTENT="till"/><SP WIDTH="25" VPOS="2379" HPOS="757"/>
							<String ID="string_345" HPOS="782" VPOS="2378" WIDTH="116" HEIGHT="40" WC="0.96" CONTENT="dylika"/><SP WIDTH="17" VPOS="2378" HPOS="898"/>
							<String ID="string_346" HPOS="915" VPOS="2387" WIDTH="134" HEIGHT="21" WC="0.96" CONTENT="normer"/><SP WIDTH="19" VPOS="2387" HPOS="1049"/>
							<String ID="string_347" HPOS="1068" VPOS="2377" WIDTH="51" HEIGHT="30" WC="0.93" CONTENT="för"/><SP WIDTH="17" VPOS="2377" HPOS="1119"/>
							<String ID="string_348" HPOS="1136" VPOS="2375" WIDTH="293" HEIGHT="40" WC="0.91" CONTENT="skjutsbidragens"/><SP WIDTH="18" VPOS="2375" HPOS="1429"/>
							<String ID="string_349" HPOS="1447" VPOS="2374" WIDTH="169" HEIGHT="39" WC="0.96" CONTENT="utgående"/>
						</TextLine>
						<TextLine ID="line_39" HPOS="119" VPOS="2427" WIDTH="1497" HEIGHT="49">
							<String ID="string_350" HPOS="119" VPOS="2441" WIDTH="81" HEIGHT="28" WC="0.96" CONTENT="utan"/><SP WIDTH="35" VPOS="2441" HPOS="200"/>
							<String ID="string_351" HPOS="235" VPOS="2435" WIDTH="163" HEIGHT="41" WC="0.96" CONTENT="dröjsmål"/><SP WIDTH="33" VPOS="2435" HPOS="398"/>
							<String ID="string_352" HPOS="431" VPOS="2433" WIDTH="214" HEIGHT="33" WC="0.95" CONTENT="utarbetades"/><SP WIDTH="36" VPOS="2433" HPOS="645"/>
							<String ID="string_353" HPOS="681" VPOS="2443" WIDTH="122" HEIGHT="30" WC="0.93" CONTENT="genom"/><SP WIDTH="35" VPOS="2443" HPOS="803"/>
							<String ID="string_354" HPOS="838" VPOS="2429" WIDTH="336" HEIGHT="41" WC="0.91" CONTENT="skolöverstyrelsens"/><SP WIDTH="36" VPOS="2429" HPOS="1174"/>
							<String ID="string_355" HPOS="1210" VPOS="2429" WIDTH="129" HEIGHT="39" WC="0.96" CONTENT="försorg"/><SP WIDTH="24" VPOS="2429" HPOS="1339"/>
							<String ID="string_356" HPOS="1363" VPOS="2428" WIDTH="62" HEIGHT="30" WC="0.93" CONTENT="och"/><SP WIDTH="26" VPOS="2428" HPOS="1425"/>
							<String ID="string_357" HPOS="1451" VPOS="2427" WIDTH="165" HEIGHT="31" WC="0.92" CONTENT="förelades"/>
						</TextLine>
						<TextLine ID="line_40" HPOS="120" VPOS="2480" WIDTH="1497" HEIGHT="48">
							<String ID="string_358" HPOS="120" VPOS="2503" WIDTH="39" HEIGHT="20" WC="0.96" CONTENT="en"/><SP WIDTH="36" VPOS="2503" HPOS="159"/>
							<String ID="string_359" HPOS="195" VPOS="2489" WIDTH="206" HEIGHT="33" WC="0.96" CONTENT="kommande"/><SP WIDTH="36" VPOS="2489" HPOS="401"/>
							<String ID="string_360" HPOS="437" VPOS="2487" WIDTH="145" HEIGHT="41" WC="0.93" CONTENT="riksdag,"/><SP WIDTH="36" VPOS="2487" HPOS="582"/>
							<String ID="string_361" HPOS="618" VPOS="2488" WIDTH="44" HEIGHT="39" WC="0.96" CONTENT="på"/><SP WIDTH="34" VPOS="2488" HPOS="662"/>
							<String ID="string_362" HPOS="696" VPOS="2486" WIDTH="55" HEIGHT="31" WC="0.96" CONTENT="det"/><SP WIDTH="32" VPOS="2486" HPOS="751"/>
							<String ID="string_363" HPOS="783" VPOS="2487" WIDTH="49" HEIGHT="29" WC="0.96" CONTENT="att"/><SP WIDTH="31" VPOS="2487" HPOS="832"/>
							<String ID="string_364" HPOS="863" VPOS="2483" WIDTH="167" HEIGHT="40" WC="0.96" CONTENT="anslagets"/><SP WIDTH="26" VPOS="2483" HPOS="1030"/>
							<String ID="string_365" HPOS="1056" VPOS="2482" WIDTH="199" HEIGHT="40" WC="0.96" CONTENT="förändring"/><SP WIDTH="24" VPOS="2482" HPOS="1255"/>
							<String ID="string_366" HPOS="1279" VPOS="2481" WIDTH="49" HEIGHT="31" WC="0.93" CONTENT="till"/><SP WIDTH="25" VPOS="2481" HPOS="1328"/>
							<String ID="string_367" HPOS="1353" VPOS="2480" WIDTH="264" HEIGHT="41" WC="0.89" CONTENT="förslagsanslag"/>
						</TextLine>
					</TextBlock>
				</ComposedBlock>
			</PrintSpace>
		</Page>
	</Layout>
</alto>
