2198 2634
733 142 225 43 Lagutskottets
981 144 162 34 utlåtande
1168 144 51 32 N+
1243 147 47 30 17.
1742 147 16 31 7

927 524 59 39 Nr
1013 525 57 39 17.

745 678 112 28 Ankom
881 679 43 27 till
949 679 171 35 riksdagens
1144 679 94 28 kansli
1263 681 54 27 den
1345 682 34 26 15
1405 689 75 19 mars
1509 683 74 26 1917
1609 682 38 27 kl.
1674 685 16 24 4
1715 691 24 19 e.
1765 692 35 18 m.

403 820 196 38 Utlåtande
634 823 14 35 i
687 823 195 47 anledning
924 837 44 22 av
987 824 136 48 Kungl.
1154 823 126 50 Maj:ts
1306 826 220 47 proposition
1555 827 78 34 med
1655 826 146 49 förslag

598 889 56 36 till
680 889 61 48 lag
770 902 54 23 om
852 890 264 49 inskränkning
1143 891 14 34 i
1183 892 353 47 inmutningsrätten.

398 1035 227 32 Närvarande:
657 1040 101 29 herrar
791 1041 152 29 Petersson
978 1042 8 26 i
1021 1041 121 36 Lidingö
1173 1042 144 35 villastad,
1341 1043 140 35 Gezelius,
1505 1043 128 36 Stärner,
1657 1040 143 45 Rogberg,

655 1082 225 37 Alexanderson,
904 1091 85 28 greve
1012 1082 100 37 Spens,
1135 1081 138 39 Petrén”,
1296 1084 132 29 Valerius
1451 1083 133 38 Olsson”,
1600 1085 201 37 Permansson,

656 1125 123 28 Persson
801 1126 9 27 i
834 1125 196 36 Norrköping,
1054 1125 171 30 Gustafsson
1248 1127 9 27 i
1280 1121 120 42 Örebro,
1421 1127 163 30 Karlsson
1571 1117 21 52 i
1601 1128 76 36 Fjäl.
1694 1126 106 39 Borg”,

658 1166 162 30 Pettersson
843 1168 9 27 i
875 1165 191 39 Södertälje”,
1090 1166 129 31 Zelahn”
1243 1168 53 29 och
1318 1169 152 36 Lindqvist
1494 1172 8 26 i
1525 1170 98 29 Kosta.

696 1244 13 14 +
729 1242 32 31 Ej
782 1243 160 24 närvarande
960 1242 47 25 vid
1026 1243 163 24 utlåtandets
1206 1243 138 32 justering.

329 1394 140 38 Genom
510 1409 44 23 en
595 1395 70 37 den
708 1399 43 33 16
794 1397 162 36 februari
1001 1400 93 33 1917
1136 1397 228 50 dagtecknad
1400 1401 239 47 proposition,
1670 1415 43 21 nr
1741 1404 58 41 54,

195 1447 121 35 vilken
343 1446 106 36 blivit
475 1447 177 36 hänvisad
680 1447 56 36 till
765 1448 252 49 lagutskottet,
1046 1448 67 36 har
1140 1448 136 49 Kungl.
1300 1449 114 48 Maj:t,
1434 1450 118 37 under
1571 1450 230 50 åberopande

194 1510 45 23 av
279 1497 275 49 propositionen
589 1497 148 49 bilagda
764 1498 132 49 utdrag
922 1512 45 23 av
996 1501 10 33 i
1035 1499 196 37 statsrådet
1258 1500 66 36 och
1352 1500 166 49 lagrådet
1546 1500 103 37 förda
1678 1508 123 43 proto-

195 1547 85 46 koll,
310 1547 188 48 föreslagit
526 1548 193 49 riksdagen
749 1554 53 31 att
829 1555 132 41 antaga
989 1549 164 48 följande
1181 1550 138 49 förslag
1344 1552 57 35 till

953 1657 90 48 Lag

609 1739 57 24 om
690 1730 270 41 inskränkning
982 1732 11 31 i
1018 1732 366 40 inmntningsrätten.

328 1837 222 49 Härigenom
580 1837 192 37 förordnas
800 1852 77 23 som
905 1838 123 49 följer:

328 1888 103 36 Inom
460 1888 254 45 Norrbottens,
746 1889 278 37 Västerbottens
1052 1891 66 36 och
1145 1890 211 37 Jämtlands
1383 1893 61 34 län
1473 1895 59 33 må
1558 1892 117 37 under
1698 1893 99 36 tiden

193 1940 99 35 intill
333 1939 70 36 den
447 1942 16 32 1
507 1939 152 36 oktober
702 1941 94 35 1918
838 1941 130 36 endast
994 1940 59 37 för
1080 1942 160 36 kronans
1267 1943 156 47 räkning
1449 1941 215 50 inmutning
1691 1944 63 36 ske
1780 1947 21 33 å

193 1990 211 47 kronojord,
446 2002 76 23 som
565 1991 32 46 ej
643 1990 114 36 nnder
797 1991 147 48 ständig
984 1992 299 48 besittningsrätt
1322 1993 196 36 innehaves
1559 1994 89 36 eller
1674 2002 40 28 är
1741 1995 57 35 till

195 2041 153 35 boställe
376 2042 184 46 anslagen.

328 2168 127 35 Denna
482 2169 60 47 lag
568 2168 123 36 träder
718 2170 10 34 i
759 2169 94 36 kraft
881 2169 70 37 den
983 2173 15 32 1
1031 2171 153 35 oktober
1218 2173 103 34 1917.
