2212 2622
445 123 39 30 10
858 125 391 35 Konstitutionsutskottets
1271 131 164 31 utlåtande
1457 133 54 30 Nr
1533 134 48 30 27.

406 208 129 32 utöfva
558 211 186 31 närmaste
768 210 175 43 tillsynen
968 211 107 35 öfver
1099 213 100 34 hvad
1223 215 57 33 till
1304 214 300 39 förekommande
1628 220 68 33 och
1721 221 218 36 hämmande
1964 223 43 35 af

402 257 267 35 smittosamma
701 259 395 44 husdjurssjukdomar
1127 264 66 34 bör
1223 265 184 44 iakttagas
1438 268 114 43 enligt
1581 268 269 46 förordningen
1882 273 71 34 den
1986 274 20 33 9

402 307 189 35 december
620 309 97 33 1898.
773 309 183 44 Slutligen
985 313 69 33 har
1082 314 397 37 kommunalnämnden
1508 321 55 32 att
1591 320 125 34 lämna
1754 323 100 33 vissa
1884 325 122 33 statis-

403 358 96 33 tiska
522 358 262 44 redogörelser,
809 361 135 34 främst
966 363 69 33 den
1058 364 240 43 redogörelse,
1321 377 78 23 som
1421 368 132 43 hvarje
1576 370 42 33 år
1641 370 94 34 skall
1758 372 168 43 afgifvas
1950 378 56 30 rö-

401 408 115 34 rande
537 409 284 36 kommunernas
842 411 209 44 fattigvård
1070 414 67 34 och
1156 414 169 36 finanser
1344 417 97 34 efter
1463 418 269 45 förordningen
1754 422 69 34 den
1845 423 41 33 17
1907 425 99 41 april

403 458 86 33 1874
516 460 66 32 och
607 460 126 43 kungl.
761 461 268 36 skrifvelserna
1056 464 69 34 den
1157 465 43 33 30
1225 466 189 35 december
1440 468 86 34 1874
1551 470 67 34 och
1643 470 71 35 den
1741 472 42 33 12
1809 474 197 34 november

401 509 97 33 1875.

536 560 432 37 Kommunalnämndens
994 565 240 35 arbetsbörda
1261 568 103 35 torde
1390 568 127 35 därför
1544 571 124 33 kunna
1695 583 105 23 anses
1828 573 178 44 betydligt

401 609 97 34 ökad
516 610 13 34 i
546 610 216 43 jämförelse
780 613 82 34 med
880 614 99 33 hvad
999 615 70 34 den
1085 626 68 23 var
1173 616 64 34 vid
1256 617 100 34 tiden
1376 618 61 34 för
1455 615 552 56 kommunalförfattningarnas

403 660 233 35 utfärdande.
671 661 184 36 Särskildt
883 664 5 33 i
914 664 214 35 kommuner
1148 667 84 33 med
1251 669 77 32 stor
1348 668 214 45 folkmängd
1583 672 67 33 och
1670 673 83 33 med
1774 673 234 36 industriella

401 711 275 43 anläggningar
716 713 104 34 torde
862 725 154 24 numera
1056 715 415 38 kommunalnämndens
1512 721 242 36 arbetsbörda
1794 735 91 22 vara
1923 735 84 33 Syn-

402 761 168 43 nerligen
591 763 230 36 omfattande
842 765 66 33 och
929 766 14 33 i
963 766 101 35 vissa
1085 767 68 33 fall
1173 768 127 34 kunna
1325 780 106 24 anses
1453 773 188 33 motsvara
1661 772 81 42 den,
1764 785 77 23 som
1864 775 144 43 åligger

403 811 44 34 de
465 812 274 35 verkställande
759 825 161 32 organen
939 816 13 33 i
971 816 136 43 många
1124 817 41 33 af
1185 817 173 44 Sveriges
1377 820 144 36 mindre
1541 822 134 34 städer.
1721 823 18 33 I
1760 824 104 34 dessa
1883 826 125 34 städer

403 862 105 34 torde
528 863 203 34 emellertid
752 865 13 32 i
788 866 125 41 regeln
934 865 172 37 aflönade
1127 867 226 43 tjänstemän
1376 870 145 34 biträda
1548 872 44 33 de
1613 873 235 35 kommunala
1871 875 136 34 förtro-

402 912 251 36 endemännen
682 914 65 34 vid
777 916 203 34 ärendenas
1010 917 290 45 handläggning,
1330 920 116 34 under
1473 921 61 35 det
1562 925 56 32 att
1647 923 166 35 däremot
1843 925 13 33 i
1885 926 122 33 lands-

402 962 265 36 kommunerna
697 966 230 34 anställande
953 967 43 33 af
1023 967 236 36 kommunala
1285 969 224 43 tjänstemän
1536 972 133 35 hittills
1698 974 222 35 åtminstone
1948 987 59 23 en-

403 1013 82 34 dast
507 1014 268 43 undantagsvis
803 1019 63 39 ägt
889 1027 93 23 rum.

193 1058 185 49 Kommunal
534 1064 80 35 Den
632 1065 235 35 kommunala
882 1067 265 35 arbetsbördan
1164 1070 124 33 hvilar
1304 1070 131 35 därför
1450 1072 98 34 inom
1566 1074 328 36 landskommunen
1898 1060 21 55 i
1942 1078 67 33 allt

193 1110 188 27 nämndsord-
403 1114 198 43 väsentligt
627 1116 49 42 på
702 1117 414 36 kommunalnämndens
1142 1120 200 35 ledamöter
1367 1122 66 34 och
1460 1123 135 35 främst
1620 1125 71 33 den
1718 1126 41 33 af
1782 1127 225 34 kommunal-

200 1143 162 34 förandens

181 1177 185 27 arbetsbörda

371 1198 4 4 .
402 1165 181 34 stämman
598 1166 99 34 inom
713 1168 183 33 nämnden
913 1169 108 34 valde
1037 1170 262 44 ordföranden,
1316 1183 77 23 som
1410 1174 116 42 enligt
1543 1175 18 38 $
1576 1175 42 33 51
1634 1176 13 33 i
1663 1175 269 45 förordningen
1950 1189 58 23 om

403 1215 369 44 kommunalstyrelse
799 1219 49 42 på
872 1219 125 35 landet
1023 1221 185 35 dessutom
1235 1223 177 35 särskildt
1439 1224 142 44 åligger
1608 1228 55 32 att
1691 1227 65 33 vid
1782 1227 226 36 kommunal-

403 1267 202 34 nämndens
645 1270 299 34 sammanträden
981 1271 84 34 föra
1103 1273 184 41 protokoll
1325 1274 89 34 eller
1449 1286 92 23 vara
1580 1276 61 34 för
1679 1277 83 34 dess
1800 1274 209 52 ordentliga

406 1316 153 35 rörande
599 1319 188 42 ansvarig,
829 1320 209 43 ombesörja
1076 1321 324 46 skriftväxlingen,
1445 1328 183 41 emottaga
1671 1328 74 33 alla
1784 1329 56 33 till
1881 1333 127 30 nämn-

402 1367 70 34 den
516 1368 133 35 ställda
692 1370 219 34 skrifvelser
951 1372 67 34 och
1061 1372 334 46 framställningar,
1438 1387 160 23 ansvara
1638 1377 62 35 för
1743 1379 264 43 räkenskaper-

402 1429 66 22 nas
488 1419 206 43 ordentliga
712 1420 156 35 förande
887 1423 67 33 och
973 1423 116 36 vårda
1106 1425 203 35 nämndens
1325 1426 222 43 handlingar
1567 1431 95 31 samt
1681 1428 108 34 öfver
1808 1429 80 34 dem
1909 1431 99 34 hålla

404 1469 164 42 register.
602 1470 58 34 Då
681 1471 126 34 därtill
829 1473 173 42 kommer,
1024 1476 55 32 att
1099 1475 73 33 han
1196 1476 12 33 i
1230 1477 184 42 egenskap
1435 1477 43 34 af
1499 1478 222 36 ordförande
1743 1480 68 33 har
1834 1483 53 31 att
1909 1483 98 32 sätta

402 1520 59 42 sig
477 1520 38 33 in
534 1521 12 33 i
562 1520 44 34 de
621 1522 136 42 många
773 1523 97 34 olika
887 1524 172 43 ärenden,
1078 1536 78 23 som
1175 1526 125 43 åligga
1318 1528 193 42 nämnden,
1531 1529 65 33 och
1616 1530 207 43 säkerligen
1842 1531 11 33 i
1873 1532 135 43 många

403 1570 68 34 fall
488 1570 70 34 har
575 1574 53 32 att
647 1572 221 36 åtminstone
887 1575 11 32 i
918 1574 91 35 sista
1027 1575 98 34 hand
1143 1577 98 34 tillse
1259 1578 325 44 verkställigheten
1605 1580 40 34 af
1664 1581 43 33 de
1728 1582 181 42 åtgärder,
1930 1594 77 23 som

401 1621 397 36 kommunalnämnden
823 1625 65 34 och
912 1626 62 33 väl
998 1626 112 34 äfven
1133 1627 396 37 kommunalstämman
1552 1631 168 42 beslutat,
1744 1633 40 33 så
1808 1633 104 34 torde
1936 1634 70 33 den

400 1671 249 44 arbetsbörda,
671 1684 77 24 som
770 1686 153 24 numera
943 1676 143 43 åligger
1106 1689 44 23 en
1170 1678 608 47 kommunalnämndsordförande,
1798 1684 126 34 kunna
1944 1695 62 23 an-

399 1732 56 23 ses
472 1733 92 24 vara
580 1723 42 34 af
637 1724 208 43 betydande
863 1726 234 45 omfattning,
1114 1729 177 35 särskildt
1308 1732 12 34 i
1338 1732 118 33 större
1474 1732 66 33 och
1555 1731 206 36 folkrikare
1777 1734 226 34 kommuner.

534 1773 84 35 Med
641 1774 146 44 hänsyn
812 1777 56 33 till
891 1777 106 35 dessa
1021 1778 273 36 ofvanberörda
1319 1780 257 36 förhållanden
1599 1794 110 31 synes
1732 1784 60 35 det
1816 1781 187 51 utskottet,

398 1824 55 32 att
480 1823 642 40 kommunalnämndsordförandens
1150 1830 241 35 arbetsbörda
1417 1843 131 31 genom
1576 1833 44 34 de
1648 1836 144 33 senaste
1820 1835 183 34 årtionde-

398 1883 66 24 nas
485 1875 213 43 utveckling
720 1876 182 44 betydligt
924 1878 114 35 ökats.
1081 1879 87 35 Han
1191 1884 44 30 är
1255 1881 218 44 visserligen
1500 1882 236 36 fortfarande
1759 1895 45 23 en
1826 1884 176 35 oaflönad

397 1924 210 34 kommunal
629 1926 311 41 förtroendeman,
962 1940 82 23 men
1067 1930 69 34 den
1157 1930 249 43 arbetsbörda,
1430 1943 77 23 som
1528 1933 142 43 åligger
1691 1934 143 42 honom,
1858 1935 69 34 har
1949 1936 52 34 åt-

396 1975 183 35 minstone
600 1976 12 33 i
633 1976 43 34 de
698 1979 119 32 större
838 1979 264 35 kommunerna
1122 1980 74 35 fått
1217 1992 45 24 en
1283 1982 236 44 omfattning,
1542 1994 78 24 som
1642 1985 12 33 i
1680 1985 78 33 viss
1779 1985 93 43 grad
1895 1986 105 35 torde

396 2027 187 32 motsvara
607 2026 43 34 de
675 2027 174 35 aflönade
874 2028 316 42 tjänstemännens
1215 2033 11 33 i
1251 2032 92 34 våra
1367 2032 144 35 mindre
1536 2034 327 35 stadskommuner.

194 2093 172 33 Ersättning
529 2075 108 35 Efter
662 2078 19 38 $
705 2078 43 33 51
772 2079 12 32 i
808 2078 268 45 förordningen
1102 2092 58 22 om
1183 2081 370 45 kommunalstyrelse
1582 2084 49 42 på
1656 2085 126 34 landet
1806 2086 68 34 har
1900 2087 98 34 kom-

198 2126 34 26 åt
250 2126 120 27 kommu-

189 2160 173 26 nalnämnds

394 2127 538 36 munalnämndsordföranden
958 2129 34 43 ej
1019 2132 55 33 att
1099 2132 172 42 uppbära
1296 2144 121 22 annan
1444 2135 206 42 ersättning
1677 2138 47 30 än
1752 2136 69 34 den
1847 2137 151 42 godtgö-

187 2175 186 53 ordförande.
394 2175 93 34 relse
518 2176 60 35 för
606 2177 335 44 skrifmaterialier,
973 2183 192 41 postporto
1194 2184 96 32 samt
1319 2183 199 35 skrifvare-
1547 2185 66 33 och
1652 2185 345 44 räkenskapshjälp,
