2204 2626
640 139 395 33 Konstitutionsutskottets
1058 142 161 31 utlåtande
1241 144 54 30 Nr
1318 144 52 31 27.
1729 146 39 31 13

201 220 107 35 rörde
328 221 416 37 kommunalnämndens
765 225 237 43 ordförande,
1023 226 148 43 jämlikt
1192 228 42 33 51
1262 230 18 37 $
1303 229 13 33 i
1337 229 269 44 förordningen
1629 242 59 23 om
1708 232 100 34 kom-

201 272 282 43 munalstyrelse
508 274 50 43 på
582 275 124 34 landet
729 275 114 35 borde
868 279 134 40 utgöra
1028 278 207 44 ersättning
1262 279 62 34 för
1349 280 335 44 skrifmaterialier,
1709 279 98 51 post-

199 324 108 41 porto
330 327 95 31 samt
448 324 203 35 skrifvare-
673 328 66 33 och
762 327 347 45 räkenskapshjälp,
1132 329 255 35 hvarutinnan
1412 331 395 36 kommunalstämman

199 373 280 44 otvifvelaktigt
501 375 93 43 ägde
616 376 151 43 besluta,
792 379 54 32 att
868 378 126 34 därtill
1019 379 117 34 skulle
1163 380 90 42 utgå
1277 382 51 33 ett
1351 382 94 33 visst
1467 382 144 43 belopp,
1635 387 95 31 samt
1751 386 56 33 att

198 425 194 42 postporto
415 425 88 34 eller
525 427 201 43 tryckning
748 427 41 34 af
810 428 208 35 blanketter
1040 441 46 22 m.
1109 441 47 22 m.
1179 430 120 43 dylikt
1322 432 118 35 skulle
1462 432 218 35 därutöfver
1709 434 97 34 efter

198 475 161 35 särskild
381 476 160 44 räkning
564 477 210 43 godtgöras,
808 482 49 30 än
890 478 111 35 äfven
1034 482 55 32 att
1120 480 159 44 indraga
1313 484 51 32 ett
1400 482 187 35 tillförene
1623 484 182 43 utgående

198 524 154 36 arfvode
380 526 58 34 till
464 527 413 36 kommunalstämmans
904 530 235 43 ordförande,
1167 531 79 36 skäl
1273 531 34 44 ej
1338 531 165 45 förelåge
1529 536 55 32 att
1611 535 196 42 upphäfva

196 576 414 36 kommunalstämmans
636 579 128 34 beslut.
801 579 123 35 Sedan
950 580 132 35 besvär
1107 582 147 34 anförts
1280 582 109 34 öfver
1416 583 231 44 Konungens
1674 585 129 34 befall-

196 627 319 43 ningshafvandes
532 629 132 43 utslag,
682 629 92 35 fann
792 630 140 43 Kungl.
954 631 113 43 Maj:t
1085 632 79 34 icke
1180 633 78 34 skäl
1277 633 195 44 föreligga,
1489 645 78 23 som
1584 635 122 34 kunde
1728 636 74 34 för-

196 678 131 34 anleda
349 678 161 44 ändring
533 680 13 33 i
570 679 291 44 ifrågavarande
884 682 132 42 utslag.

327 729 21 34 I
371 729 111 43 fråga
505 741 58 23 om
587 730 70 34 den
681 731 218 43 ersättning,
924 743 77 23 som
1025 733 109 43 utgår
1157 733 57 35 till
1238 734 417 37 kommunalnämndens
1678 737 124 35 ordfö-

195 780 124 41 rande,
343 778 68 35 vill
435 780 178 34 utskottet
637 781 174 43 slutligen
836 782 165 44 tillägga,
1028 785 55 32 att
1107 783 96 35 efter
1229 785 19 38 $
1274 785 42 32 44
1341 785 13 34 i
1379 786 107 43 lagen
1511 798 58 22 om
1594 787 207 43 skogsaccis

196 830 69 35 den
287 831 42 34 18
351 832 205 42 september
578 832 86 34 1909
685 836 42 30 är
749 832 182 44 stadgadt,
954 836 55 32 att
1030 834 42 34 af
1093 835 353 43 skogsaccismedlen
1468 836 93 34 skall
1584 837 94 35 efter
1700 838 99 34 kom-

199 882 329 34 munalstämmans
561 882 182 43 pröfning
775 883 91 43 utgå
898 884 120 43 skälig
1051 885 207 43 ersättning
1290 885 57 34 till
1381 886 417 37 kommunalnämndens

196 931 223 34 ordförande
444 932 60 34 för
526 933 93 33 hans
639 933 132 34 besvär
792 934 83 34 med
898 935 343 43 taxeringsarbetet,
1266 937 66 33 och
1356 939 55 32 att
1433 937 157 35 kostnad
1614 937 61 35 för
1697 939 102 33 blan-

190 981 178 43 kettryck,
395 981 245 44 postafgifter
667 984 66 33 och
758 983 118 34 andra
903 984 134 43 nödiga
1065 985 157 43 utgifter
1250 987 103 33 skola
1380 987 220 35 därutöfver
1627 989 42 33 af
1695 989 106 34 dessa

192 1031 116 34 medel
333 1032 139 42 gäldas.
520 1033 19 33 I
563 1033 101 34 detta
688 1034 184 34 särskilda
897 1035 67 34 fall
989 1047 108 31 synes
1122 1036 239 43 lagstiftaren
1387 1039 33 42 ej
1446 1038 117 34 hafva
1587 1039 127 34 funnit
1740 1040 61 34 det

188 1092 91 25 vara
304 1083 83 34 med
411 1083 59 34 det
494 1084 234 34 kommunala
750 1085 445 45 förtroendeuppdragets
1221 1090 111 32 natur
1357 1088 199 44 oförenligt
1583 1093 55 32 att
1662 1091 138 43 bevilja

190 1132 121 44 skälig
331 1134 208 43 ersättning
558 1135 62 34 för
639 1136 81 33 med
738 1136 210 43 uppdraget
968 1137 177 35 förenade
1165 1139 141 34 besvär.

327 1184 102 35 Både
453 1186 82 33 med
558 1187 146 42 hänsyn
728 1188 58 33 till
811 1188 99 33 hvad
935 1188 64 33 vid
1024 1189 223 42 föregående
1271 1189 176 36 tillfällen
1472 1190 236 36 förekommit
1733 1192 65 34 vid

192 1233 290 44 ifrågavarande
502 1237 201 42 spörsmåls
724 1237 226 44 behandling
970 1239 99 33 inom
1089 1238 213 44 Riksdagen
1324 1241 67 33 och
1411 1241 176 34 särskildt
1608 1242 48 42 på
1674 1243 123 41 grund

190 1285 42 34 af
250 1284 44 34 de
314 1284 325 43 omständigheter,
659 1287 155 33 hvarom
835 1287 177 35 utskottet
1032 1289 68 34 här
1120 1288 115 35 ofvan
1255 1290 152 42 erinrat,
1428 1291 68 33 har
1517 1292 178 34 utskottet
1713 1292 84 34 fun-

190 1335 55 34 nit
260 1335 174 43 grundad
450 1336 200 43 anledning
668 1336 183 44 föreligga
870 1339 64 40 att,
952 1338 123 35 såvidt
1091 1350 77 23 som
1187 1339 60 34 det
1263 1351 87 23 vore
1367 1340 157 44 möjligt,
1547 1342 89 34 söka
1654 1344 143 40 utröna,

192 1386 11 33 i
232 1386 141 34 hvilket
401 1386 153 44 omfång
582 1388 595 36 kommunalnämndsordförande
1207 1390 147 43 åtnjuta
1383 1392 217 42 ersättning.
1652 1392 58 35 Då
1737 1393 58 34 till

192 1437 195 34 utskottets
417 1437 207 34 kännedom
653 1438 163 42 kommit,
846 1441 54 32 att
926 1439 41 34 af
997 1439 215 35 Statistiska
1242 1439 272 45 Centralbyrån
1545 1442 249 44 åvägabragts

190 1498 45 22 en
253 1491 99 30 ännu
371 1486 34 43 ej
424 1487 56 34 till
499 1488 143 42 trycket
660 1487 202 36 befordrad
881 1489 199 44 utredning
1096 1490 14 34 i
1130 1489 111 45 fråga
1259 1502 59 23 om
1339 1491 44 34 de
1402 1491 391 44 aflöningsförmåner,

190 1547 77 23 som
293 1536 43 34 år
362 1537 85 33 1905
473 1537 163 43 åtnjötos
662 1539 41 34 af
727 1539 173 43 samtliga
925 1539 244 35 innehafvare
1194 1541 43 35 af
1258 1541 237 35 kommunala
1520 1543 273 42 tjänstebefatt-

190 1586 145 43 ningar,
360 1586 129 35 trodde
512 1588 58 42 sig
593 1588 178 35 utskottet
794 1589 12 33 i
830 1589 289 43 ifrågavarande
1143 1591 202 43 utredning
1368 1592 110 34 finna
1502 1593 61 35 det
1585 1594 118 34 under
1727 1605 65 22 nu-

190 1636 163 34 varande
381 1637 259 35 förhållanden
669 1638 106 34 bästa
803 1638 155 44 möjliga
985 1641 169 33 material
1179 1640 61 35 för
1270 1641 156 43 frågans
1455 1643 234 34 bedömande.
1738 1644 55 34 På

188 1687 123 42 grund
332 1687 113 33 häraf
466 1687 67 34 har
557 1688 177 34 utskottet
756 1689 66 34 hos
845 1689 70 34 den
939 1689 95 35 efter
1058 1691 18 38 $
1098 1691 43 33 46
1164 1691 378 44 riksdagsordningen
1567 1692 225 36 förordnade

186 1736 341 35 statsrådsledamot
549 1737 166 42 anhållit,
737 1741 56 32 att
812 1738 87 34 från
922 1739 216 34 Statistiska
1160 1740 272 44 Centralbyrån
1455 1743 113 34 måtte
1591 1743 203 35 införskaf-

185 1786 59 34 fas
261 1787 77 34 dels
356 1786 246 43 fullständiga
618 1788 205 43 uppgifter,
841 1789 171 35 hämtade
1030 1790 86 34 från
1134 1790 291 43 ifrågavarande
1444 1793 274 43 undersökning
1737 1799 56 29 rö-

186 1837 113 35 rande
338 1837 618 36 kommunalnämndsordförandes
996 1841 71 41 lön,
1107 1841 165 43 arfvode,
1311 1841 482 47 tjänstgöringspenningar

188 1889 66 33 och
279 1888 208 43 ersättning
512 1889 61 34 för
598 1901 187 31 expenser,
811 1890 77 34 dels
914 1891 66 34 ock
1004 1891 153 43 uppgift
1182 1892 22 34 å
1229 1893 43 33 de
1298 1893 184 35 särskilda
1506 1894 284 35 kommunernas

184 1936 218 45 folkmängd
420 1938 43 35 år
481 1939 85 33 1905
584 1962 45 3 —
645 1939 100 34 detta
763 1940 231 35 sistnämnda
1013 1941 60 34 för
1091 1943 55 32 att
1163 1942 225 43 möjliggöra
1405 1943 235 43 jämförelser
1657 1945 135 34 mellan

187 1989 183 35 storleken
400 1989 41 34 af
470 1990 272 43 ersättningens
772 1991 133 42 belopp
936 1993 12 33 i
979 1992 44 33 de
1053 1992 183 34 särskilda
1266 1993 273 35 kommunerna.
1594 1994 196 43 TIfrågava-

187 2038 114 34 rande
325 2038 196 43 uppgifter
545 2040 117 33 hafva
684 2040 217 42 skyndsamt
924 2041 119 34 ställts
1068 2042 56 34 till
1148 2043 196 35 utskottets
1367 2043 234 43 förfogande,
1625 2045 66 33 och
1717 2045 73 33 fin-

183 2098 66 23 nas
264 2087 45 34 de
325 2088 11 33 i
352 2088 98 33 form
467 2089 43 33 af
523 2089 261 43 sammandrag
801 2090 149 42 bilagda
966 2091 194 34 utskottets
1178 2091 249 35 förevarande
1443 2093 199 35 utlåtande.

316 2137 111 34 Efter
445 2138 61 34 det
523 2138 184 35 särskilda
724 2139 193 42 formulär,
937 2152 78 22 som
1033 2140 41 35 af
1092 2141 216 35 Statistiska
1326 2142 271 44 Centralbyrån
1617 2144 173 34 utsändes

187 2189 55 34 till
293 2188 45 34 de
367 2188 97 34 olika
493 2189 264 35 kommunerna
783 2191 118 33 skulle
931 2191 195 43 uppgifter
1155 2192 142 34 lämnas
1326 2192 158 35 rörande
1514 2193 275 35 vederbörande
