2204 2670
441 147 40 31 40
894 140 244 58 Statsutskottets
1168 143 173 33 Utlåtande
1365 142 63 33 N:o
1451 143 29 32 9.

398 240 80 24 mer
518 227 161 37 kommit
719 226 13 36 i
762 226 106 48 bruk,
898 225 57 38 till
984 225 172 37 material
1184 224 58 37 för
1270 228 149 33 tornets
1448 226 41 34 så
1517 223 62 37 väl
1606 222 99 38 fasta
1734 235 80 24 som
1843 221 143 51 rörliga

399 280 60 37 del
490 280 225 50 begagnade
745 279 71 38 stål
845 279 70 37 och
938 279 99 49 jern.
1200 297 6 8 :

501 332 269 38 Kostnaderna
799 332 57 37 för
885 330 181 49 samtliga
1083 329 250 49 erforderliga
1349 329 157 37 arbeten
1523 328 198 51 uppginge
1738 327 122 49 enligt
1875 327 111 49 gjord

398 386 215 48 beräkning
652 384 435 51 (statsrådsprotokollet
1128 383 68 37 sid.
1240 382 62 49 41)
1337 382 59 37 till
1426 383 138 48 65,000
1589 382 149 36 kronor.
1794 381 99 36 Från
1921 380 65 37 be-

398 439 113 37 rörda
540 452 148 23 summa
717 438 156 49 afginge
904 436 210 38 emellertid
1143 435 133 37 värdet
1305 435 41 37 af
1357 436 72 36 den
1445 435 165 36 förtenta
1626 434 156 49 koppar,
1802 433 183 37 hvarmed

398 492 64 36 det
499 491 128 49 gamla
669 491 228 37 vändtornet
937 502 92 25 vore
1066 487 164 39 beklädt.
1286 488 113 37 Detta
1427 500 91 25 vore
1550 486 210 38 beräknadt
1788 486 56 36 till
1875 487 111 46 1,500

398 544 152 38 kronor.

527 597 113 37 Utom
671 597 46 36 de
745 601 85 32 rent
858 595 149 50 sakliga
1037 594 94 47 skäl,
1162 607 81 23 som
1272 592 127 38 talade
1427 593 59 36 för
1501 592 198 49 förslaget,
1716 592 137 37 funnes
1871 591 114 37 äfven

400 650 118 38 andra
551 649 41 38 af
616 663 80 24 mer
724 648 196 51 personlig
949 654 69 42 art,
1048 661 80 23 som
1159 646 195 50 professor
1381 646 128 37 Dunér
1536 646 85 36 icke
1650 645 128 37 kunde
1807 644 80 37 helt
1916 644 71 36 och

399 703 117 36 hållet
540 702 265 48 undertrycka.
847 701 73 37 Vid
943 701 72 35 den
1030 698 310 37 internationella
1357 698 353 45 astrofotografiska
1728 697 258 35 konferensen

399 756 11 35 i
451 754 108 36 Paris
603 757 39 33 år
678 755 94 35 1887
804 753 96 36 hade
929 754 48 48 på
1005 751 123 49 grund
1159 750 41 37 af
1223 749 195 38 bristande
1447 749 208 50 utredning
1683 748 193 50 åtskilliga
1904 747 83 50 vig-

399 807 80 49 tiga
507 807 128 48 frågor
660 809 96 34 måst
781 806 78 36 tills
888 805 131 37 vidare
1047 804 240 49 uppskjutas,
1318 816 85 23 men
1434 802 64 37 vid
1528 802 300 37 sammanträdet
1853 800 42 37 af
1915 800 72 37 den

399 867 248 43 permanenta
676 858 189 37 komiténs
894 858 106 48 byrå,
1029 857 113 37 bland
1167 856 113 36 hvars
1302 869 67 23 sex
1387 855 247 37 medlemmar
1649 854 194 50 professor
1858 854 131 36 Dunér

402 912 166 37 befunne
612 911 70 49 sig,
713 911 98 36 hade
841 910 258 48 utredningen
1128 908 41 37 af
1193 908 112 37 dessa
1333 907 129 50 frågor
1490 906 184 38 fördelats
1704 906 114 37 bland
1847 906 141 36 sådana

400 971 249 41 astronomer,
681 977 81 23 som
790 966 48 46 på
866 962 125 50 grund
1021 961 38 37 af
1085 962 47 36 de
1160 961 349 49 undersökningar,
1536 960 135 37 hvaråt
1693 959 46 37 de
1755 959 100 36 förut
1872 963 117 44 egnat

400 1018 71 49 sig,
502 1022 146 31 ansetts
678 1016 182 37 särskildt
887 1014 193 50 lämpliga.
1134 1014 82 36 Den
1248 1013 107 37 10:de
1384 1013 42 37 af
1449 1013 113 36 dessa
1590 1012 144 50 frågor:
1764 1011 163 37 »studiet
1952 1011 41 36 af

401 1069 275 51 stjernfärgens
718 1068 210 49 inflytande
970 1071 47 45 på
1058 1067 46 36 de
1148 1066 248 50 fotografiska
1439 1065 267 48 storlekarna»,
1736 1064 98 37 hade
1863 1063 125 37 öfver-

400 1123 164 36 lemnats
606 1125 37 33 åt
674 1121 192 49 professor
895 1121 141 46 Dunér,
1067 1132 79 24 som
1177 1118 46 37 då
1253 1119 98 36 varit
1379 1118 149 37 anstäld
1557 1117 64 37 vid
1648 1117 132 37 Lunds
1809 1116 179 37 observa-

400 1175 137 36 torium
567 1174 70 36 och
662 1179 114 41 vetat,
806 1179 56 30 att
889 1173 97 35 intet
1015 1172 135 36 hinder
1180 1172 135 35 funnes
1346 1177 55 30 att
1429 1170 173 36 anskaffa
1628 1170 70 36 och
1727 1169 187 48 anbringa
1934 1173 55 31 ett

401 1226 241 50 fotografiskt
683 1231 62 30 rör
778 1228 48 45 på
855 1224 102 36 detta
987 1223 324 37 observatoriums
1341 1223 197 36 refraktor.
1594 1222 87 35 Men
1711 1221 11 35 i
1750 1220 154 50 Upsala,
1934 1219 55 38 dit

400 1279 195 49 professor
623 1278 128 36 Dunér
780 1277 211 36 sedermera
1021 1276 220 48 förflyttats,
1267 1288 91 23 vore
1388 1275 64 36 det
1481 1273 175 50 omöjligt
1679 1279 55 31 att
1762 1273 80 36 lösa
1864 1272 124 36 denna

401 1332 58 36 för
501 1330 163 37 himlens
717 1328 280 55 kartläggning
1025 1328 149 49 vigtiga
1203 1328 107 48 fråga
1335 1327 86 48 förr,
1453 1332 47 31 än
1530 1326 64 37 det
1622 1339 76 36 nya
1718 1325 271 37 instrumentet

401 1383 125 37 blifvit
555 1382 225 37 anskaffadt.
822 1382 126 35 Äfven
978 1381 102 36 detta
1110 1393 91 23 vore
1232 1379 148 37 således
1410 1385 56 31 ett
1494 1379 84 37 skäl
1607 1379 57 36 för
1692 1378 193 49 professor
1913 1378 76 36 Du-

402 1437 67 35 nér
498 1441 55 31 att
582 1438 47 46 på
654 1435 62 36 det
743 1434 182 48 lifligaste
955 1433 120 36 önska
1104 1432 154 48 frågans
1289 1445 112 27 snara
1421 1431 71 37 och
1512 1431 166 49 lyckliga
1699 1431 165 48 lösning.
1908 1429 81 37 Och

402 1489 63 36 det
507 1493 132 43 syntes
668 1486 58 37 för
756 1489 81 33 vårt
866 1486 88 36 land
983 1498 91 23 vara
1104 1499 46 22 en
1180 1484 223 50 skyldighet
1432 1490 55 30 att
1515 1483 153 48 deltaga
1696 1483 11 36 i
1737 1483 45 37 de
1812 1483 177 36 observa-

401 1541 135 47 tioner,
566 1553 80 22 som
678 1538 238 37 erfordrades
946 1538 58 36 för
1032 1538 103 36 detta
1164 1537 63 37 det
1247 1544 97 29 mest
1360 1536 319 37 vidtomfattande
1696 1535 294 49 vetenskapliga

403 1593 140 44 arbete,
587 1605 81 23 som
710 1591 188 49 någonsin
942 1590 204 50 planlagts,
1192 1589 70 37 och
1303 1589 13 36 i
1345 1589 149 37 hvilket
1528 1588 101 49 land,
1658 1587 230 38 tillhörande
1917 1587 73 37 alla

403 1644 236 38 verldsdelar
667 1649 104 31 utom
800 1643 132 48 Asien,
962 1642 164 50 deltoge.

533 1695 430 51 Departementschefen
993 1694 69 37 har
1091 1696 55 35 för
1166 1694 57 36 sin
1245 1694 60 36 del
1322 1694 188 47 anmärkt,
1527 1698 56 31 att
1598 1692 74 38 han
1690 1696 142 45 ansåge
1850 1692 139 50 ifråga-

402 1749 168 37 varande
612 1747 331 50 anslagsyrkande
982 1760 89 23 vara
1113 1746 41 37 af
1191 1746 265 37 beskaffenhet
1485 1751 55 31 att
1567 1745 84 37 icke
1681 1745 129 37 kunna
1835 1745 152 37 afvisas.

402 1802 84 37 Den
516 1800 280 38 astronomiska
826 1799 284 48 vetenskapens
1138 1799 225 47 utveckling
1392 1803 133 44 syntes
1554 1801 48 45 på
1622 1811 132 23 senare
1771 1799 89 35 åren
1877 1798 113 36 hafva

402 1867 92 34 mer,
538 1858 47 31 än
629 1852 100 37 hvad
764 1852 106 36 fallet
903 1865 90 23 vore
1023 1851 84 37 med
1138 1854 137 46 många
1304 1851 117 36 andra
1450 1850 386 49 vetenskapsgrenar,
1866 1849 125 37 blifvit

403 1919 47 23 en
483 1905 268 37 internationel
780 1904 294 49 angelägenhet,
1104 1903 12 36 i
1144 1903 109 48 fråga
1282 1917 58 22 om
1371 1902 159 37 hvilken
1559 1902 63 36 det
1650 1902 180 36 tillhörde
1858 1902 133 48 hvarje

402 1957 207 38 kulturstat
651 1962 55 31 att
747 1956 125 36 lemna
902 1957 65 35 sitt
995 1955 146 49 bidrag,
1172 1969 86 22 men
1288 1961 55 30 att
1371 1955 37 36 vi
1437 1954 58 36 för
1524 1954 237 37 närvarande
1789 1954 84 36 icke
1901 1967 90 24 vore

403 2010 155 37 rustade
592 2014 55 32 att
676 2008 85 37 med
791 2009 203 47 framgång
1021 2014 171 43 upptaga
1220 2010 66 34 vår
1314 2007 61 37 del
1404 2007 42 36 af
1468 2007 146 36 arbetet
1642 2020 91 23 vore
1762 2007 228 49 uppenbart.

402 2063 75 36 Det
506 2062 91 49 pris,
626 2061 155 37 hvarför
809 2060 37 37 vi
877 2061 122 36 skulle
1028 2060 100 49 köpa
1158 2059 248 50 möjligheten
1436 2064 55 32 att
1520 2059 110 36 äfven
1652 2062 48 46 på
1720 2059 102 36 detta
1840 2059 151 36 område

402 2114 114 37 häfda
545 2114 180 49 Sveriges
753 2126 96 37 rang
877 2113 101 36 inom
1009 2112 272 49 vetenskapen,
1311 2118 131 43 syntes
1459 2111 420 49 departementschefen
1896 2112 96 48 jem-

402 2166 200 37 förelsevis
632 2165 178 48 måttligt.
867 2165 53 36 Af
944 2165 64 36 det
1037 2164 250 49 erforderliga
1317 2164 186 49 anslaget,
1534 2165 136 46 63,500
1701 2164 152 47 kronor,
1875 2164 117 36 borde

402 2219 59 37 för
489 2221 40 34 år
560 2221 95 34 1891
687 2218 152 37 anvisas
869 2222 54 32 ett
952 2216 138 50 belopp
1120 2217 40 36 af
1185 2218 137 46 30,000
1351 2216 150 36 kronor.

532 2271 56 37 Då
631 2271 64 36 det
735 2269 251 38 förevarande
1028 2269 358 49 anslagsbehofvets
1416 2268 289 49 oundgängliga
1735 2268 257 37 beskaffenhet
