1870 2842
268 132 19 30 2
641 135 395 38 Bevillningsutskottets
1063 136 216 32 betänkande
1303 138 49 30 Nr
1372 140 50 30 39.

915 275 232 44 Förslag

1013 348 51 31 till

270 419 237 44 förordning
531 431 65 22 om
620 420 161 34 fortsatt
803 420 252 44 tillämpning
1078 432 49 22 av
1150 421 288 44 förordningen
1465 422 77 34 den
1558 424 21 32 8
1594 423 85 43 juni
1696 425 88 33 1923

319 480 65 42 (nr
407 480 82 44 155)
515 481 205 44 angående
745 482 280 43 omsättnings-
1049 482 74 33 och
1148 483 402 44 utskänkningsskatt
1574 484 23 33 å
1620 485 119 43 sprit-

924 543 206 43 drycker.!

325 656 209 37 Härigenom
555 656 193 37 förordnas,
771 661 49 27 att
840 657 248 37 förordningen
1109 659 66 30 den
1196 660 20 29 8
1236 658 76 37 juni
1337 660 81 29 1923
1439 659 179 37 angående
1639 661 140 30 omsätt-

279 707 112 36 nings-
414 707 66 30 och
505 708 347 36 utskänkningsskatt
876 707 20 31 å
921 709 243 36 spritdrycker,
1190 710 116 30 vilken
1331 709 204 39 förordning
1559 711 107 36 gäller
1690 711 89 30 intill

279 757 169 38 utgången
471 766 44 22 av
537 756 75 38 juni
635 756 130 32 månad
790 755 107 39 19397,
920 759 89 30 skall
1028 760 64 36 äga
1114 759 138 31 fortsatt
1274 760 219 38 tillämpning
1516 761 86 30 efter
1626 762 155 31 nämnda

280 808 160 36 tidpunkt
464 808 91 30 intill
578 808 172 37 utgången
776 819 42 20 av
841 809 75 37 juni
941 809 130 31 månad
1099 811 92 35 1940,
1218 811 89 30 dock
1332 814 48 27 att
1405 812 18 29 2
1450 812 19 37 8
1498 812 15 29 1
1542 821 104 21 mom.
1672 813 11 29 i
1708 812 70 31 för-

279 859 189 36 ordningen
488 858 82 31 från
589 860 64 29 och
671 860 81 30 med
772 861 66 29 den
860 861 14 28 1
897 860 64 36 juli
984 861 84 30 1939
1088 861 86 30 skall
1195 860 132 32 erhålla
1345 862 132 31 ändrad
1497 863 128 36 lydelse
1645 862 46 37 på
1712 864 68 30 sätt

278 910 113 29 nedan
409 909 154 37 angives:

993 979 72 37 28.

324 1043 16 29 1
365 1051 103 22 mom.
518 1043 337 37 Omsättningsskatt
897 1047 170 34 upptages
1109 1045 58 30 vid
1210 1045 425 38 detaljhandelsbolagens
1667 1048 112 36 inköp

278 1102 42 21 av
357 1093 238 36 spritdrycker
631 1094 67 30 och
732 1093 102 37 utgår
870 1095 73 30 dels
980 1095 82 30 med
1098 1105 42 20 en
1177 1096 224 36 grundavgift
1438 1106 43 21 av
1507 1099 19 28 2
1552 1098 143 35 kronor,
1721 1098 58 31 för

278 1144 76 29 liter
370 1144 133 36 räknat,
524 1145 72 30 dels
614 1145 79 30 med
714 1145 43 30 60
776 1149 140 32 procent
935 1154 40 22 av
998 1146 55 30 det
1072 1146 135 37 belopp,
1228 1156 85 26 som,
1335 1148 134 30 skatten
1489 1148 210 36 oberäknad,
1721 1149 56 31 be-

277 1194 110 36 tingas
406 1195 57 30 vid
483 1194 108 37 inköp
612 1205 42 20 av
675 1196 194 35 dryckerna
888 1196 10 29 i
919 1195 186 38 buteljerat
1125 1197 107 30 skick.

323 1244 406 37 Detaljhandelsbolagen
748 1247 64 35 äga
830 1264 44 3 —
889 1264 45 3 —
951 1264 44 3 —
1012 1247 56 30 för
1086 1248 374 36 omsättningsskatten.

322 1445 64 30 Till
411 1446 166 31 utskottet
601 1447 64 30 har
690 1447 178 31 hänvisats
895 1448 41 30 de
962 1448 11 30 i
1000 1449 185 37 anledning
1213 1459 43 21 av
1281 1450 106 30 bland
1413 1454 109 27 annat
1546 1450 232 32 förenämnda

275 1496 214 36 proposition
513 1506 42 21 nr
577 1497 62 30 309
662 1498 134 35 väckta,
821 1498 222 36 likalydande
1065 1499 216 31 motionerna
1304 1510 42 20 nr
1368 1501 62 29 342
1455 1503 10 27 i
1488 1500 109 32 första
1621 1502 156 30 kamma-

276 1556 61 20 ren
354 1556 41 21 av
411 1547 80 30 herr
512 1547 161 31 Linderot
692 1549 66 29 och
778 1558 42 21 nr
837 1549 63 30 513
918 1549 11 30 i
949 1550 110 30 andra
1079 1550 204 30 kammaren
1301 1560 41 21 av
1362 1551 79 30 herr
1460 1551 160 38 Hagberg
1638 1552 11 30 i
1672 1551 105 32 Luleå

275 1607 45 20 m.
343 1597 46 36 fl.,
408 1598 74 30 vari
501 1598 102 31 såvitt
621 1609 47 20 nu
688 1600 42 29 är
747 1600 12 29 i
779 1599 97 37 fråga
894 1601 204 36 hemställts,
1121 1604 67 27 »att
1207 1601 184 37 riksdagen
1410 1601 106 31 måtte
1536 1602 95 31 avslå
1652 1603 124 37 Kungl.

276 1647 117 36 Maj:ts
412 1649 217 35 proposition
649 1659 42 20 nr
711 1650 97 30 309».

320 1748 223 31 Beträffande
569 1749 250 37 motiveringen
843 1750 55 31 för
922 1751 42 30 de
989 1751 11 30 i
1026 1751 235 37 föreliggande
1284 1753 169 30 motioner
1479 1753 217 32 framställda
1722 1763 55 28 yr-

275 1799 158 31 kandena
456 1798 57 32 får
534 1801 163 29 utskottet
719 1800 146 31 hänvisa
887 1801 50 30 till
959 1801 218 32 motionerna
1200 1803 28 29 I:
1246 1803 61 29 158
1331 1803 64 30 och
1419 1803 27 30 I:
1462 1804 74 30 342.

320 1898 90 31 Från
426 1900 66 30 och
507 1901 80 30 med
604 1901 65 30 den
688 1902 14 28 1
721 1901 64 36 juli
805 1902 82 30 1920
904 1902 65 30 har
985 1901 57 31 för
1057 1903 210 37 omsättning
1284 1904 65 29 och
1366 1904 236 37 utskänkning
1619 1915 42 20 av
1675 1905 96 36 sprit-

274 1950 144 35 drycker
443 1951 175 36 upptagits
643 1961 43 21 en
712 1952 148 30 särskild
887 1953 100 30 skatt.
1027 1952 166 32 Gällande
1216 1954 259 31 bestämmelser
1500 1956 11 29 i
1538 1957 115 30 ämnet
1678 1956 97 30 inne-

275 2000 103 30 fattas
403 2001 11 29 i
441 2000 249 38 förordningen
718 2003 69 29 den
813 2003 19 30 8
858 2003 75 36 juni
962 2004 86 30 1923
1080 2003 54 39 (nr
1162 2003 89 40 155),
1280 2006 79 29 med
1385 2006 74 30 däri
1487 2014 124 28 genom
1639 2006 135 31 förord-

274 2051 167 36 ningarna
464 2052 69 30 den
556 2053 42 29 20
620 2053 76 36 juni
723 2054 85 29 1924
839 2052 52 39 (nr
915 2053 92 39 228),
1033 2055 68 29 den
1125 2055 38 29 31
1190 2055 139 36 januari
1354 2057 82 29 1932
1468 2055 54 39 (nr
1548 2056 66 40 13),
1641 2058 68 30 den
1732 2058 45 30 28

273 2101 136 36 januari
427 2102 66 30 och
512 2103 67 30 den
596 2104 41 29 26
653 2103 77 36 juni
751 2104 84 30 1933
859 2103 52 39 (nr
930 2105 40 30 19
987 2105 66 30 och
1072 2104 73 40 399)
1169 2109 91 27 samt
1277 2107 67 29 den
1361 2107 38 29 21
1420 2107 71 36 maj
1512 2108 81 30 1937
1619 2107 54 39 (nr
1691 2107 77 39 246)

273 2152 161 37 vidtagna
463 2153 197 37 ändringar.

318 2202 111 37 Enligt
450 2204 101 31 dessa
574 2204 259 31 bestämmelser
854 2208 167 34 upptages
1044 2207 333 36 omsättningsskatt:

320 2252 64 40 1:0)
404 2253 56 31 vid
487 2254 418 38 detaljhandelsbolagens
931 2256 109 37 inköp
1069 2266 42 21 av
1139 2257 242 37 spritdrycker,
1409 2259 122 31 därvid
1559 2260 135 30 skatten
1721 2263 52 27 ut-

272 2302 62 37 går
357 2304 70 30 dels
451 2305 81 30 med
556 2315 43 20 en
621 2306 222 36 grundavgift
866 2316 42 21 av
935 2307 14 29 1
977 2307 112 31 krona
1114 2308 40 30 60
1178 2309 59 29 öre
1261 2308 56 31 för
1341 2309 75 30 liter
1439 2310 65 30 och
1529 2311 71 30 dels
1625 2311 79 30 med
1730 2312 44 30 60

308 2394 9 13 1
337 2393 106 25 Senaste
461 2394 103 30 lydelse
582 2402 26 17 se
626 2395 57 24 SFS
702 2393 74 26 1924:
796 2394 57 31 228,
873 2394 71 26 1982:
966 2394 40 32 13,
1027 2394 72 27 1933:
1119 2395 31 26 19
1169 2398 50 23 och
1237 2395 51 27 399
1306 2400 70 22 samt
1395 2396 72 27 1937:
1487 2398 57 26 246.

309 2437 9 13 2
336 2436 41 23 Jfr
396 2436 57 24 SFS
473 2434 74 26 1938:
566 2435 40 26 65.
