1862 2768
267 189 44 30 38
612 183 295 35 Statsutskottets
925 182 187 35 utlåtande
1131 195 40 21 nr
1190 184 65 31 116
1273 182 39 33 år
1329 183 88 32 1959

318 265 57 35 De
395 265 106 42 årliga
520 264 239 34 kostnaderna
778 263 55 34 för
853 263 396 43 slöjdlärarseminariet,
1270 262 108 34 sedan
1399 262 100 33 detta
1520 261 81 33 nått
1622 260 63 35 full
1706 265 55 29 ut-

274 319 176 42 byggnad,
467 318 65 34 har
550 330 46 22 av
614 317 231 43 utredningen
864 317 107 42 enligt
990 316 202 35 dåvarande
1211 317 93 33 löne-
1323 316 66 33 och
1406 314 249 43 kostnadsläge
1674 326 87 30 upp-

274 372 155 34 skattats
452 372 53 33 till
529 374 67 31 405
612 375 65 31 500
699 370 140 41 kronor,
863 383 111 21 varav
998 373 65 31 320
1078 373 66 31 000
1167 370 129 33 kronor
1320 369 52 33 till
1397 368 217 42 avlöningar,
1639 371 42 30 55
1696 371 65 30 500

274 426 129 34 kronor
417 425 53 34 till
485 425 252 34 omkostnader
751 424 66 34 och
833 428 42 30 30
890 428 65 31 000
970 424 130 33 kronor
1116 423 52 34 till
1183 423 170 40 materiel,
1368 422 129 34 böcker
1512 434 47 21 m.
1572 433 47 23 m.
1634 421 129 42 Någon

275 479 175 34 variation
466 491 45 22 av
527 479 101 34 dessa
644 478 107 42 årliga
766 478 191 34 kostnader
973 477 111 34 skulle
1101 476 219 43 uppkomma
1336 488 125 30 genom
1478 480 55 29 att
1550 475 213 33 elevantalet

274 533 31 43 ej
328 533 97 42 varje
446 533 92 33 läsår
560 535 38 31 är
618 532 71 34 lika
710 536 101 30 stort.
835 531 136 34 Genom
993 531 67 33 den
1083 531 154 33 ändrade
1259 529 284 43 uppläggningen
1565 540 46 21 av
1632 528 130 34 utbild-

275 586 139 42 ningen,
433 598 75 22 som
527 584 387 44 departementschefen
933 585 11 33 i
963 585 61 33 det
1042 584 208 42 föregående
1269 583 171 40 förordat,
1459 582 66 34 blir
1543 581 107 34 också
1667 581 96 34 kost-

275 639 256 43 nadskalkylen
546 640 109 41 något
670 638 202 35 förändrad.
887 639 55 33 En
957 650 75 22 mer
1048 637 106 35 exakt
1169 637 195 42 beräkning
1379 639 49 38 är,
1444 636 108 34 innan
1568 635 195 43 timplanen

275 705 47 22 m.
345 706 38 22 m.
407 696 162 31 närmare
596 692 201 40 utformats,
824 691 149 43 givetvis
1000 691 73 34 inte
1100 691 132 42 möjlig,
1257 690 203 33 framhåller
1486 690 278 41 departements-

275 746 135 35 chefen.
433 747 69 34 Vid
525 746 64 34 full
614 745 400 43 utbildningskapacitet
1038 745 60 34 vid
1123 744 201 34 seminariet
1347 743 101 34 torde
1472 743 109 42 enligt
1605 743 159 42 departe-

276 799 240 35 mentschefen
543 800 43 34 de
612 799 107 42 årliga
743 799 238 34 kostnaderna
1006 799 81 33 med
1112 797 269 43 utgångspunkt
1406 797 11 33 i
1440 796 207 34 nuvarande
1672 796 93 33 löne-

276 854 67 34 och
361 854 249 42 kostnadsläge
629 853 144 34 komma
794 857 55 29 att
868 855 78 31 röra
967 852 51 42 sig
1037 851 161 42 omkring
1217 855 67 29 430
1299 854 66 31 000
1384 850 141 34 kronor.

321 907 69 34 För
416 907 212 43 budgetåret
656 906 155 44 1959/60
839 906 73 40 bör,
938 905 146 34 föreslår
1111 903 399 44 departementschefen,
1536 903 12 34 1
1574 903 191 33 riksstaten

276 961 111 34 under
411 961 146 33 åttonde
580 959 228 35 huvudtiteln
831 964 175 37 upptagas
1029 964 54 28 ett
1105 958 270 42 förslagsanslag
1397 957 53 34 till
1473 956 292 43 Slöjdlärarsemi-

277 1015 124 33 nariet:
423 1014 217 42 Avlöningar
660 1014 47 42 på
727 1017 43 30 43
786 1017 65 30 000
872 1013 129 33 kronor
1022 1013 81 33 med
1126 1012 66 33 den
1213 1011 198 42 fördelning
1430 1011 48 42 på
1498 1010 94 34 olika
1614 1010 152 42 anslags-

276 1072 130 37 poster,
427 1080 75 22 som
521 1067 155 42 framgår
697 1079 45 22 av
763 1066 303 42 avlöningsstaten
1086 1066 11 33 i
1118 1063 405 44 departementschefens
1544 1064 222 33 hemställan.

276 1122 122 33 Under
425 1122 100 33 detta
553 1121 121 42 anslag
699 1120 174 34 beräknar
900 1118 399 44 departementschefen,
1327 1130 76 22 som
1429 1118 149 42 tidigare
1605 1120 161 31 närmare

279 1175 164 42 angivits,
459 1175 114 34 medel
590 1174 54 34 för
660 1174 197 34 avlönande
875 1185 45 22 av
936 1173 120 34 rektor
1073 1172 66 34 och
1155 1172 64 34 två
1236 1172 111 33 andra
1363 1172 122 39 lärare,
1503 1171 96 34 vilka
1616 1170 151 43 tjänster

278 1229 148 33 sålunda
446 1229 108 34 redan
575 1240 48 22 nu
644 1228 62 33 bör
726 1232 175 38 upptagas
921 1227 47 42 på
988 1239 43 21 en
1051 1225 385 44 personalförteckning
1456 1224 54 34 för
1532 1224 235 42 slöjdlärarse-

278 1282 174 40 minariet,
470 1287 94 29 samt
581 1281 112 34 medel
711 1281 53 34 till
781 1280 266 43 biträdeshjälp.
1065 1278 401 44 Departementschefen
1484 1278 145 33 föreslår
1648 1278 119 34 vidare

278 1335 55 34 för
347 1336 156 33 nämnda
518 1335 174 42 budgetår
707 1340 53 28 ett
775 1334 270 42 förslagsanslag
1059 1333 48 43 på
1123 1336 40 31 15
1179 1337 65 30 000
1260 1332 129 34 kronor
1404 1332 53 34 till
1474 1331 293 43 Slöjdlärarsemi-

279 1389 125 34 nariet:
437 1389 272 34 Omkostnader.
741 1388 227 34 Sistnämnda
1000 1387 128 42 belopp
1160 1386 63 34 har
1255 1386 191 34 beräknats
1478 1386 49 33 bli
1559 1397 46 22 av
1635 1385 132 42 Kungl.

278 1442 123 43 Maj:t,
426 1441 89 35 efter
540 1442 130 42 förslag
694 1454 46 21 av
765 1441 344 42 skolöverstyrelsen,
1134 1443 161 31 närmare
1321 1439 151 34 fördelat
1498 1439 48 42 på
1570 1443 120 38 poster
1715 1439 52 33 till

280 1496 170 42 sjukvård
465 1508 47 22 m.
526 1508 59 28 m.,
602 1495 309 42 reseersättningar
927 1494 66 34 och
1009 1506 177 31 expenser.

324 1549 74 34 Det
418 1550 101 33 torde
540 1549 109 42 enligt
670 1547 405 44 departementschefens
1097 1546 129 43 förslag
1248 1547 86 33 böra
1357 1546 190 34 ankomma
1568 1546 48 42 på
1636 1546 132 42 Kungl.

279 1603 112 43 Maj:t
409 1608 55 29 att
488 1603 5 34 i
511 1602 237 43 huvudsaklig
766 1601 348 35 överensstämmelse
1133 1601 80 34 med
1233 1612 46 22 av
1298 1599 389 43 departementschefen
1705 1599 64 34 här

278 1656 186 35 förordade
487 1656 175 43 riktlinjer
685 1655 54 34 för
763 1654 446 44 slöjdlärarutbildningens
1234 1653 180 34 ordnande
1439 1653 66 34 och
1530 1653 70 34 vad
1625 1653 143 34 därmed

278 1710 132 43 hänger
429 1722 161 22 samman
610 1710 160 33 meddela
790 1708 223 43 erforderliga
1032 1711 161 31 närmare
1213 1706 228 36 föreskrifter.

917 1850 213 35 Utskottet

326 1932 122 34 Såsom
477 1944 45 22 av
551 1932 68 34 den
646 1932 163 33 lämnade
838 1931 240 42 redogörelsen
1106 1930 154 42 framgår
1288 1929 65 34 har
1381 1927 389 44 departementschefen

280 1985 179 43 föreslagit
477 1991 55 28 att
550 1990 54 29 ett
622 1985 235 40 seminarium,
876 1989 117 29 avsett
1010 1984 54 33 för
1082 1984 201 41 utbildning
1300 1995 45 21 av
1362 1983 111 33 lärare
1491 1982 11 34 i
1519 1982 133 42 manlig
1669 1981 101 42 slöjd,

281 2040 88 33 skall
387 2042 189 40 upprättas
593 2039 11 33 i
620 2039 199 42 Linköping
835 2038 65 34 och
917 2039 62 33 där
996 2037 174 43 förläggas
1187 2038 53 32 till
1257 2036 143 41 lokaler,
1417 2048 76 22 som
1511 2036 48 33 bli
1576 2035 115 42 lediga
1707 2037 64 31 när

279 2092 375 34 folkskoleseminariet
676 2092 54 34 för
752 2092 181 42 kvinnliga
955 2092 114 33 elever
1091 2092 11 33 i
1125 2091 124 34 staden
1272 2091 116 41 lägges
1411 2090 80 34 ned.
1513 2088 257 42 Utbildningen

280 2147 61 34 vid
361 2146 385 42 slöjdlärarseminariet
765 2146 87 34 skall
873 2145 107 43 enligt
1000 2145 166 42 förslaget
1186 2144 101 42 börja
1307 2143 256 34 höstterminen
1586 2146 99 30 1960.
1704 2142 66 34 Ut-

281 2200 136 34 skottet
440 2200 63 34 har
526 2199 121 34 funnit
671 2200 42 33 de
738 2200 74 33 skäl
838 2211 74 22 som
936 2199 74 33 tala
1034 2198 54 34 för
1112 2210 42 21 en
1178 2197 221 43 förläggning
1423 2209 45 21 av
1492 2196 202 34 seminariet
1718 2196 52 33 till

280 2253 200 43 Linköping
499 2253 241 42 övertygande
761 2253 66 34 och
847 2253 63 33 har
930 2252 76 34 icke
1027 2251 79 34 haft
1126 2251 108 42 något
1256 2256 55 28 att
1332 2251 113 33 erinra
1466 2254 77 29 mot
1564 2254 56 29 att
1640 2249 131 34 utbild-

280 2306 128 42 ningen
429 2307 59 34 vid
509 2306 201 34 seminariet
730 2306 215 42 igångsättes
964 2305 80 34 från
1065 2306 68 33 den
1153 2304 197 43 föreslagna
1370 2304 228 42 tidpunkten.

327 2361 79 34 Vad
437 2360 173 34 beträffar
642 2360 271 42 användningen
945 2372 46 21 av
1023 2360 68 33 den
1122 2358 206 34 nuvarande
1362 2356 409 42 utbildningsanstalten,

280 2414 139 43 August
445 2414 263 34 Abrahamsons
736 2413 147 34 stiftelse
911 2413 21 34 å
957 2413 110 40 Nääs,
1095 2412 63 33 har
1185 2409 389 45 departementschefen
1601 2409 170 39 förordat,

280 2472 56 29 att
358 2468 62 34 där
441 2468 112 34 under
574 2479 180 22 somrarna
777 2470 224 31 1960—1962
1023 2465 248 43 övergångsvis
1294 2464 98 34 skola
1414 2464 175 33 anordnas
1610 2462 161 34 fortbild-

281 2521 224 44 ningskurser
522 2521 55 35 för
596 2521 92 35 vissa
706 2521 75 36 icke
800 2520 165 43 behöriga
983 2520 179 33 timlärare
1180 2519 65 34 och
1263 2518 64 34 har
1345 2517 107 35 också
1469 2517 130 34 räknat
1618 2516 80 34 med
1717 2521 55 29 att
