1858 2768
257 193 19 30 6
600 189 299 34 Statsutskottets
916 189 186 34 utlåtande
1120 202 42 21 nr
1181 192 65 31 116
1263 190 39 33 år
1320 192 88 31 1959

260 268 109 35 bland
395 275 108 28 annat
528 269 68 34 den
622 270 307 42 omständigheten
955 275 55 29 att
1035 270 309 34 folkskollärarnas
1371 270 101 33 andel
1498 270 11 33 i
1535 270 218 42 slöjdunder-

262 322 182 42 visningen
462 323 70 33 kan
550 322 174 35 beräknas
744 323 168 33 fortsätta
932 329 54 28 att
1005 324 139 33 minska
1163 324 65 33 och
1247 323 239 34 facklärarnas
1506 324 10 32 i
1536 324 119 33 stället
1674 323 79 33 öka.

261 376 243 42 Utredningen
521 376 130 34 räknar
667 377 90 33 dock
774 377 72 33 inte
863 378 80 33 med
959 378 109 41 något
1085 377 224 42 fullständigt
1326 376 231 34 överförande
1576 389 45 21 av
1638 377 115 33 denna

261 429 252 43 undervisning
530 430 53 33 till
601 429 205 35 facklärare.
825 430 148 34 Särskilt
992 431 9 33 i
1020 430 99 42 fråga
1137 443 58 20 om
1214 431 115 33 denna
1347 430 198 42 fördelning
1564 442 45 21 av
1628 430 125 34 under-

263 483 183 42 visningen
477 484 46 41 på
554 484 94 33 olika
680 484 288 42 lärarkategorier
999 487 38 30 är
1068 484 109 41 enligt
1209 483 389 43 departementschefen
1630 484 123 33 beräk-

260 536 173 42 ningarna
451 537 136 40 osäkra,
608 538 45 33 då
672 538 64 32 här
753 537 126 34 främst
899 538 41 33 de
960 537 158 34 enskilda
1138 538 274 33 kommunernas
1432 537 226 42 avgöranden
1678 549 75 30 spe-

260 589 52 34 lar
335 590 47 34 in.
405 590 400 42 Departementschefen
829 603 53 21 ser
905 591 90 33 dock
1019 591 102 42 ingen
1147 591 188 42 anledning
1358 596 55 28 att
1436 590 125 42 frångå
1584 591 61 33 det
1669 591 84 33 slut-

260 644 150 33 resultat
433 644 250 41 utredningens
707 644 253 43 behovskalkyl
983 645 148 33 utvisar.

306 696 261 42 Utredningens
588 697 234 42 beräkningar
842 698 153 40 grundar
1016 698 51 42 sig
1087 698 46 41 på
1154 710 42 21 en
1218 697 261 42 undersökning
1499 709 46 21 av
1565 697 188 33 förhållan-

262 750 90 34 dena
370 751 128 33 läsåret
517 751 168 43 19535/36.
702 751 167 33 Nämnda
886 752 91 32 läsår
993 751 71 33 kan
1082 751 318 42 slöjdlärarbristen
1419 763 100 21 anses
1537 751 46 33 ha
1600 751 154 42 uppgått

262 804 53 33 till
332 804 146 42 ungefär
495 808 65 30 500
576 805 124 34 lärare.
715 825 45 4 —
776 804 401 42 Departementschefen
1194 805 155 33 ansluter
1366 805 51 41 sig
1432 805 53 32 till
1502 804 251 42 utredningens

261 857 131 43 förslag
418 870 57 21 om
501 869 43 22 en
571 858 87 42 årlig
684 858 237 33 examination
948 871 45 20 av
1019 858 162 42 omkring
1210 861 63 31 120
1302 858 202 42 slöjdlärare
1532 858 66 33 och
1625 858 129 33 räknar

261 910 107 34 också
388 912 80 33 med
488 911 249 42 övergångsvis
757 911 202 34 anordnade
979 912 122 33 kurser
1122 911 53 33 för
1195 912 75 33 icke
1292 911 165 42 behöriga
1478 911 190 34 timlärare.
1689 911 65 33 Att

262 964 329 42 utbildningstiden,
611 965 107 42 enligt
739 966 69 33 vad
828 964 388 43 departementschefen
1235 966 10 32 i
1265 965 60 33 det
1344 964 156 43 följande
1520 965 160 33 kommer
1699 969 56 28 att

260 1017 154 42 förorda,
437 1018 155 34 minskas
616 1019 53 32 till
693 1019 63 32 två
779 1019 165 32 terminer
968 1019 80 33 med
1073 1019 168 41 slopande
1265 1031 45 20 av
1333 1018 421 42 hospiteringsterminen,

261 1071 138 33 medför
419 1077 55 28 att
494 1072 67 33 alla
582 1071 115 34 elever
717 1072 182 41 samtidigt
919 1072 159 33 kommer
1099 1077 55 28 att
1176 1084 85 21 vara
1281 1072 221 33 närvarande
1524 1072 60 33 vid
1606 1072 148 33 semina-

261 1124 78 35 riet.
358 1125 105 33 Trots
482 1126 100 33 detta
600 1125 72 33 kan
691 1125 107 42 enligt
818 1125 388 42 departementschefen
1225 1137 43 21 en
1287 1125 403 42 utbildningskapacitet
1710 1137 44 21 av

264 1181 64 31 120
350 1179 113 33 elever
484 1178 110 34 hållas
617 1184 88 28 utan
727 1179 131 42 ökning
879 1191 45 21 av
945 1179 42 34 de
1009 1178 55 34 för
1086 1179 245 41 utbildningen
1353 1178 189 43 planerade
1563 1178 191 33 lokalerna.

261 1231 122 43 Enligt
405 1231 244 35 betänkandet
672 1232 109 33 skulle
804 1232 175 42 nämligen
1003 1232 136 33 antalet
1163 1232 59 34 vid
1245 1232 201 33 seminariet
1469 1232 184 42 samtidigt
1676 1235 78 30 när-

262 1285 155 34 varande
442 1285 112 34 elever
578 1286 101 34 alltid
704 1286 117 42 uppgå
845 1286 52 33 till
924 1289 75 31 120.
1024 1286 59 33 Då
1106 1286 205 39 emellertid,
1336 1286 115 33 såsom
1476 1286 278 41 departements-

262 1338 124 34 chefen
408 1340 11 32 i
441 1339 59 34 det
521 1338 157 43 följande
700 1339 158 33 kommer
881 1344 54 29 att
957 1342 161 30 närmare
1141 1339 134 42 påvisa,
1297 1339 96 33 inom
1414 1351 121 21 ramen
1558 1351 46 21 av
1627 1339 42 33 de
1691 1339 64 33 två

263 1393 214 33 terminerna
492 1393 85 33 ökat
593 1398 179 37 utrymme
788 1393 275 42 uppenbarligen
1079 1393 159 33 kommer
1254 1398 55 28 att
1326 1393 155 33 behövas
1498 1392 54 33 för
1568 1392 68 34 den
1651 1392 104 42 prak-

261 1445 95 35 tiska
379 1445 349 43 lärarutbildningen,
751 1446 70 33 kan
846 1447 110 33 under
979 1446 218 33 seminariets
1221 1446 314 42 uppbyggnadstid
1560 1446 93 33 vissa
1677 1446 77 33 svå-

261 1498 152 42 righeter
434 1499 218 42 uppkomma
674 1505 55 28 att
751 1500 127 33 bereda
899 1500 93 42 plats
1014 1499 54 34 för
1088 1499 368 34 lärarkandidaternas
1478 1499 276 42 övningsunder-

264 1552 149 43 visning.
432 1553 86 34 Med
537 1553 140 42 hänsyn
696 1553 117 33 härtill
833 1552 144 34 föreslår
996 1552 389 43 departementschefen
1404 1553 10 33 i
1434 1552 98 42 varje
1551 1552 61 34 fall
1632 1552 54 34 för
1705 1564 50 22 se-

262 1606 182 34 minariets
470 1606 110 34 första
608 1607 283 33 verksamhetsår
916 1619 43 21 en
986 1607 10 33 i
1022 1606 219 34 förhållande
1268 1607 53 32 till
1349 1606 250 42 utredningens
1626 1605 130 43 förslag

262 1660 109 41 något
392 1660 162 34 minskad
576 1660 272 42 elevintagning.
870 1659 401 43 Departementschefen
1294 1672 100 21 anser
1416 1660 90 33 dock
1528 1664 55 29 att
1605 1672 43 21 en
1671 1659 85 42 årlig

263 1714 239 33 examination
519 1726 45 21 av
582 1717 65 31 120
664 1714 202 42 slöjdlärare
883 1714 80 33 med
980 1714 59 33 det
1057 1718 158 29 snaraste
1232 1713 63 33 bör
1311 1713 149 42 uppnås.

453 1850 307 43 Utbildningens
783 1850 250 43 utformning
1057 1850 74 33 och
1155 1850 108 42 yttre
1287 1849 276 43 organisation

262 1920 231 36 Utredningen

307 1984 19 33 I
349 1983 242 34 betänkandet
615 1984 81 33 drar
719 1983 231 42 utredningen
973 1996 73 29 upp
1071 1984 92 33 vissa
1220 1983 224 33 allmänna
1479 1982 276 43 riktlinjer

263 2036 54 34 för
337 2038 67 33 den
423 2037 188 42 planerade
630 2037 441 42 slöjdlärarutbildningen.

307 2091 77 33 Här
405 2091 142 33 föreslås
568 2102 44 22 en
633 2090 128 42 ettårig
781 2090 202 43 utbildning
1002 2090 60 34 vid
1084 2089 225 35 seminarium
1330 2089 81 35 med
1432 2102 42 21 en
1494 2089 107 34 lästid
1623 2101 45 22 av
1689 2092 66 31 240

262 2144 240 42 arbetsdagar,
523 2144 252 33 motsvarande
797 2148 54 29 ett
871 2144 92 33 läsår
983 2144 48 42 på
1051 2144 96 33 41!/2
1169 2144 138 33 veckor.
1329 2143 136 34 Mellan
1487 2143 43 33 de
1551 2143 65 34 två
1636 2142 119 34 termi-

261 2210 110 21 nerna
390 2198 59 33 vid
469 2197 201 34 seminariet
689 2197 86 35 skall
794 2196 109 43 enligt
920 2196 167 43 förslaget
1105 2196 91 43 ligga
1215 2209 43 21 en
1276 2196 146 34 termins
1440 2196 314 43 hospitanttjänst-

261 2251 123 43 göring
404 2252 47 41 på
472 2263 117 21 annan
611 2256 56 28 ort
690 2254 44 30 än
756 2250 297 34 seminarieorten.
1074 2250 89 34 Före
1184 2250 156 33 inträdet
1362 2249 60 34 vid
1444 2249 201 35 seminariet
1668 2249 87 34 skall

262 2304 68 33 den
353 2303 183 44 praktiska
558 2303 343 43 handafärdigheten
923 2303 47 34 ha
992 2303 202 34 förvärvats
1216 2314 126 31 genom
1365 2302 308 43 yrkesutbildning
1695 2301 60 34 vid

262 2357 205 43 yrkesskola
495 2357 81 33 eller
605 2356 12 34 i
646 2356 260 43 yrkespraktik.
934 2355 276 43 Elevintagning
1238 2355 174 34 beräknas
1442 2355 60 34 ske
1532 2356 98 33 såväl
1659 2355 97 34 höst-

262 2423 76 21 som
358 2410 202 34 vårtermin.

307 2465 243 43 Utredningen
574 2465 102 34 anför
699 2477 58 22 om
779 2465 68 34 den
870 2465 64 34 här
957 2464 154 43 angivna
1134 2464 284 43 uppläggningen
1441 2476 46 21 av
1509 2463 246 43 utbildningen

262 2519 109 34 bland
388 2524 109 29 annat
514 2518 168 43 följande.
