2208 2626
401 205 37 27 16
612 204 100 28 Andra
736 203 201 29 Kammarens
964 204 158 37 Tillfälliga
1152 203 127 29 Utskotts
1302 203 72 35 (N:o
1400 205 26 34 I)
1455 203 149 30 Utlåtande
1629 202 58 30 N:o
1714 204 49 28 26.

398 282 54 30 till
483 282 130 40 betyget
638 283 10 28 i
673 281 58 31 den
763 282 176 30 teoretiska
968 282 118 30 kursen
1115 282 54 30 vid
1196 282 222 31 tillsättandet
1441 281 35 31 af
1497 284 94 28 extra
1615 281 105 30 lärare
1743 281 81 30 eller
1848 280 142 30 vikarie-

397 327 120 40 platser
554 326 81 31 eller
671 326 55 30 vid
762 325 313 42 befordringsfrågor
1104 327 11 29 i
1141 326 188 32 allmänhet.
1378 325 98 32 Detta
1510 325 53 31 må
1598 336 46 20 nu
1681 325 195 40 visserligen
1912 334 76 21 vara

399 375 84 36 sant,
509 380 72 21 men
607 371 93 30 däraf
721 370 91 40 följer
836 371 82 40 icke,
943 374 48 27 att
1015 381 41 21 en
1080 371 95 39 dylik
1202 371 246 31 uraktlåtenhet
1472 373 49 28 att
1537 370 103 31 räkna
1656 369 71 32 med
1743 370 53 30 det
1814 369 176 31 teoretiska

398 415 259 41 profårsbetyget
681 417 8 28 i
716 416 58 30 och
809 415 50 31 för
895 417 51 38 sig
981 422 35 24 är
1039 416 185 40 försvarlig.
1272 415 97 32 Detta
1393 418 143 28 moment
1561 416 11 29 i
1596 416 75 30 herr
1696 414 173 31 Starbäcks
1894 415 94 29 moti-

399 462 114 38 vering
537 460 102 31 måste
663 460 107 31 därför
794 460 51 31 stå
868 461 59 29 och
951 460 78 31 falla
1055 460 69 31 med
1149 460 191 41 spörsmålet
1365 470 52 21 om
1441 460 61 31 den
1528 460 176 31 teoretiska
1730 459 139 31 kursens
1895 459 94 30 verk-

397 507 65 37 liga
492 505 96 30 värde
615 505 50 31 för
688 505 349 40 lärareutbildningen.
1085 504 65 31 Och
1175 505 87 31 detta
1286 505 50 31 får
1361 506 26 39 ej
1414 508 103 28 mätas
1541 505 82 30 efter
1646 505 60 30 den
1731 504 168 31 allmänna
1923 504 66 39 opi-

397 552 129 37 nionen,
563 550 137 31 hvilken
735 550 58 30 här
829 560 71 21 som
929 549 34 31 så
986 550 67 30 ofta
1076 550 59 30 har
1160 551 51 29 sin
1237 554 50 26 rot
1312 551 51 29 uti
1389 549 166 31 bristande
1579 549 180 31 kännedom
1785 549 81 30 eller
1892 549 95 29 miss-

396 594 145 31 förstånd
565 594 35 31 af
622 595 116 30 sakens
762 594 166 31 innebörd.

484 639 73 31 Som
581 649 40 21 en
647 639 205 31 underström
876 639 58 40 går
949 648 115 32 genom
1080 639 74 31 hela
1170 639 331 41 skrifvelseförslaget
1518 639 157 31 skräcken
1693 639 49 30 för
1759 648 23 21 s.
1802 638 31 30 k.
1852 638 137 30 allmän-

398 684 163 40 bildning,
590 687 48 27 ett
661 684 137 40 begrepp
823 684 70 30 lika
918 684 171 40 tveeggadt
1114 694 67 20 som
1208 684 77 31 »den
1307 684 168 31 allmänna
1491 685 202 39 opinionen».
1742 683 91 30 Skall
1851 683 138 30 allmän-

398 729 151 40 bildning
574 728 117 40 betyda
715 731 46 28 ett
785 729 187 40 hoprafsadt
997 728 163 41 småplock
1185 729 34 30 af
1242 729 226 39 brottstycken
1493 729 72 30 från
1591 729 89 30 olika
1704 728 83 40 fack,
1813 727 35 42 så
1872 731 35 26 är
1929 727 58 30 den

396 775 35 30 af
464 773 90 40 ondo,
590 782 75 22 men
701 773 60 31 den
796 773 65 31 kan
897 773 95 31 också
1026 773 118 39 betyda
1181 773 87 31 blick
1304 773 50 31 för
1383 774 268 39 sammanhanget
1676 773 120 30 mellan
1821 772 38 30 de
1883 771 107 31 skilda

397 819 125 39 facken,
552 819 130 40 respekt
710 818 49 30 för
782 818 238 31 enhetstanken
1044 819 88 29 inom
1158 818 225 41 forskningen.
1431 821 62 28 Det
1517 818 179 31 storartade
1721 818 176 40 uppsving,
1923 826 65 20 som

396 863 234 41 specialfacken
667 863 102 30 under
801 862 38 31 de
869 863 81 30 sista
982 862 191 31 årtiondena
1204 863 93 40 tagit,
1332 864 58 29 har
1419 863 171 40 onekligen
1616 862 138 31 medfört
1778 871 39 21 en
1843 861 147 30 frestelse

397 912 51 27 att
471 909 108 29 lämna
603 907 105 31 denna
733 908 97 30 tanke
854 907 98 41 åsido,
978 907 33 31 så
1035 908 131 38 mycket
1191 917 67 21 mer
1283 917 67 21 som
1375 908 60 30 den
1462 908 103 30 under
1590 907 195 31 1800-talets
1802 906 88 30 förra
1907 905 83 31 hälft

397 953 100 30 oftast
520 951 63 31 fick
608 953 61 29 sitt
693 952 137 39 uttryck
856 953 11 29 i
894 961 40 22 en
958 952 177 31 fantastisk
1162 952 186 39 metafysik,
1374 962 68 21 som
1468 953 81 30 ville
1578 952 114 40 plocka
1712 951 147 40 frukten,
1886 952 100 28 innan

397 1008 75 20 man
497 997 79 30 hade
601 997 115 31 trädet.
764 996 40 31 Så
828 996 69 31 blef
919 997 137 40 kampen
1081 1000 67 27 mot
1172 996 319 41 allmänbildningen
1516 996 94 31 också
1634 1007 39 21 en
1691 996 105 41 dogm,
1814 1006 67 20 som
1899 999 87 26 ännn

397 1043 48 29 för
470 1045 46 28 ett
540 1052 57 30 par
621 1041 170 31 årtionden
816 1041 98 31 sedan
938 1041 105 40 gällde
1068 1051 67 20 som
1160 1041 106 30 allena
1291 1042 225 39 saliggörande
1541 1042 87 30 inom
1654 1041 75 30 vida
1753 1041 136 30 kretsar.

485 1086 80 41 Den,
603 1096 68 21 som
706 1086 183 31 emellertid
925 1086 103 30 under
1062 1085 38 31 de
1135 1095 112 21 senare
1282 1085 77 31 åren
1384 1085 74 41 följt
1483 1086 234 39 utvecklingen
1742 1086 35 30 af
1798 1086 53 30 det
1876 1089 113 26 natur-

401 1131 245 40 vetenskapliga
674 1130 300 40 åskådningssättet
997 1130 201 30 åtminstone
1222 1130 39 40 på
1286 1131 228 39 kontinenten,
1541 1130 101 31 måste
1666 1130 97 30 hafva
1788 1130 202 30 konstaterat

398 1186 40 21 en
464 1176 122 30 allmän
611 1176 149 30 reaktion
785 1178 68 27 mot
877 1175 61 30 den
962 1174 147 41 ensidiga
1134 1174 280 40 fackbildningen.
1463 1175 73 30 Som
1561 1178 47 28 ett
1633 1175 128 40 typiskt
1788 1175 133 38 uttryck
1942 1174 48 30 för

397 1222 88 29 detta
520 1220 125 40 omslag
680 1221 88 29 inom
801 1220 177 40 opinionen
1014 1219 166 31 betraktar
1212 1220 53 40 jag
1299 1220 214 40 inledningen
1550 1220 53 30 till
1640 1219 74 31 Max
1741 1219 176 31 Verworns
1942 1218 46 31 be-

396 1266 110 30 römda
530 1265 79 31 verk
634 1265 225 40 »Allgemeine
883 1263 235 41 Physiologie».
1153 1263 60 31 Det
1230 1265 90 30 heter
1336 1264 57 31 där
1410 1264 97 31 bland
1524 1267 114 28 annat:
1657 1263 78 32 »Det
1752 1268 35 26 är
1800 1267 48 27 ett
1865 1264 124 30 obetin-

397 1310 77 41 gadt
497 1310 125 30 villkor
645 1310 50 30 för
718 1310 237 39 vetenskapens
980 1308 304 41 framåtskridande,
1309 1312 50 27 att
1383 1309 61 30 den
1470 1309 130 31 utöfver
1625 1308 362 41 specialundersöknin-

397 1365 102 31 garna
532 1355 138 30 bevarar
704 1354 53 31 det
791 1354 169 30 allmänna
995 1353 108 41 målet,
1140 1354 60 30 den
1236 1357 86 27 stora
1360 1354 171 40 uppgiften
1567 1354 50 30 för
1645 1359 133 35 ögonen,
1809 1353 35 31 så
1872 1356 49 28 att
1950 1362 37 22 en

396 1400 209 40 planmässig,
641 1398 159 31 metodisk
836 1398 173 40 forskning
1045 1398 51 30 må
1132 1399 114 30 kunna
1282 1398 126 41 uppstå.
1457 1398 96 31 Detta
1587 1403 36 26 är
1658 1398 83 31 blott
1775 1399 138 40 möjligt,
1939 1409 49 20 om

397 1445 169 30 forskaren
602 1443 73 31 från
705 1453 39 21 en
768 1444 99 39 högre
891 1442 204 41 ståndpunkt
1119 1442 136 31 bevarar
1279 1443 223 31 öfverblicken
1527 1443 90 31 öfver
1641 1443 153 40 området,
1820 1452 40 21 en
1885 1444 103 40 karta,

397 1490 40 40 på
472 1489 137 31 hvilken
644 1489 38 30 de
706 1488 77 40 små,
809 1487 188 41 obetydliga
1020 1487 174 31 föremålen
1221 1487 181 41 försvinna,
1427 1488 40 41 på
1491 1488 136 30 hvilken
1652 1489 11 29 i
1686 1491 86 28 stora
1799 1488 81 40 drag
1907 1488 84 30 blott

396 1535 39 30 de
474 1534 141 40 viktiga,
656 1533 252 39 betydelsefulla
947 1532 101 40 fakta,
1091 1532 265 41 åskådningarna
1396 1534 58 29 och
1495 1532 185 41 problemen
1721 1533 113 40 skarpt
1870 1533 119 31 samlas

398 1579 54 30 till
488 1588 39 21 en
562 1577 160 32 totalbild.
748 1596 40 3 —
812 1577 52 31 En
895 1576 99 32 sådan
1018 1577 159 31 öfversikt
1200 1577 91 31 öfver
1315 1577 76 36 mål,
1418 1582 99 36 vägar
1541 1578 55 30 och
1622 1578 138 30 resultat
1784 1577 154 31 behöfver
1961 1578 27 39 ej

397 1624 85 30 blott
516 1624 61 30 den
605 1622 147 32 enskilde
776 1623 184 38 forskaren;
985 1632 39 20 en
1049 1621 96 31 sådan
1172 1622 170 36 öfversikt,
1369 1623 72 30 icke
1464 1632 40 21 en
1529 1632 127 21 summa
1681 1622 34 31 af
1737 1622 100 39 fakta,
1863 1622 127 31 fordrar

396 1668 113 40 hvarje
541 1667 109 32 bildad
687 1667 174 31 människa
896 1667 49 30 för
980 1669 47 28 att
1052 1666 34 31 af
1108 1667 218 40 vetenskapen
1353 1666 138 41 utfinna,
1517 1667 84 30 hvad
1625 1667 64 31 han
1713 1667 65 30 kan
1802 1672 77 35 göra
1904 1667 83 30 bruk

396 1714 35 30 af
464 1713 49 31 för
547 1712 114 31 lifvets
695 1712 172 41 praktiska
902 1712 57 30 och
995 1711 175 31 teoretiska
1194 1711 102 32 behof.
1344 1712 48 38 Ty
1418 1712 219 40 vetenskapen
1660 1716 36 27 är
1721 1712 54 31 till
1800 1712 49 30 för
1875 1712 112 30 lifvets

396 1758 91 30 skull
511 1758 58 30 och
592 1758 73 30 icke
688 1756 96 32 lifvet
807 1757 51 30 för
883 1757 265 40 vetenskapens.»

485 1802 175 31 Verworns
684 1811 79 31 egen
787 1801 189 41 vetenskap,
1001 1801 60 31 den
1076 1801 177 31 allmänna
1277 1801 208 40 fysiologien,
1511 1806 45 35 är,
1575 1801 118 31 liksom
1710 1801 61 30 den
1788 1801 200 39 fysikaliska

397 1847 139 40 kemien,
561 1849 48 29 ett
633 1847 111 40 utslag
767 1846 35 31 af
823 1846 107 31 denna
954 1846 151 31 moderna
1129 1846 153 40 riktning
1306 1847 89 29 inom
1419 1846 328 40 naturforskningen,
1773 1855 68 21 som
1858 1846 130 41 uppgif-

396 1893 52 29 vit
482 1892 58 31 den
577 1891 148 40 ensidiga
760 1891 288 41 facksynpunkten
1084 1891 57 30 och
1178 1891 100 39 slagit
1313 1890 143 41 bryggor
1493 1891 118 30 mellan
1648 1890 107 31 skilda
1783 1890 205 41 forsknings-

396 1936 163 32 områden.
607 1936 63 31 Att
693 1945 41 21 en
757 1935 100 32 sådan
874 1936 148 30 sträfvan
1035 1936 55 30 väl
1111 1935 83 31 låter
1211 1936 51 39 sig
1279 1935 111 31 förena
1407 1935 72 31 med
1496 1935 176 41 grundliga
1688 1935 211 41 fackstudier,
1917 1935 71 31 där-

396 1982 50 30 för
470 1982 98 40 borga
591 1980 120 32 sådana
734 1990 99 21 namn
858 1990 68 21 som
950 1980 189 31 Helmholtz
1163 1980 58 31 och
1246 1979 126 41 Nägeli,
1398 1979 158 32 Heinrich
1581 1979 101 32 Hertz
1707 1981 57 30 och
1789 1990 64 21 van
1876 1982 21 28 t'
1902 1979 85 31 Hoff.

395 2026 51 41 Ja,
481 2026 61 31 den
577 2025 148 32 berömde
760 2026 162 30 kemisten
956 2024 158 32 Wilhelm
1143 2024 145 31 Ostwald
1313 2025 58 30 har
1397 2025 137 40 nyligen
1559 2028 117 28 startat
1700 2034 40 22 en
1765 2025 151 31 tidskrift
1940 2025 49 30 för

396 2069 228 33 naturfilosofi!

485 2115 85 31 Herr
605 2114 172 32 Starbäcks
812 2114 205 41 ståndpunkt
1052 2117 36 27 är
1123 2112 99 32 alltså
1257 2114 71 30 icke
1352 2123 57 21 ens
1433 2115 142 30 modern.
1622 2114 68 31 Den
1716 2115 273 40 sammanhänger

396 2160 72 31 med
492 2170 123 21 samma
632 2160 205 30 reaktionära
854 2158 280 39 reformsträfvan,
1153 2167 66 21 som
1237 2159 138 40 nyligen
1394 2160 84 39 tagit
1495 2160 50 39 sig
1561 2162 47 28 ett
1626 2159 134 38 uttryck
1778 2160 11 29 i
1806 2159 183 30 läroverks-

398 2205 210 31 kommitténs
632 2213 142 31 angrepp
798 2204 40 40 på
862 2203 163 31 filosofien'
1042 2212 68 21 som
1127 2203 177 40 skolämne,
1322 2204 131 30 hvilket
1472 2204 192 40 visserligen
1681 2207 75 36 äger
1773 2204 52 30 sin
1847 2204 112 30 ursäkt
1978 2205 7 29 i

395 2250 54 30 det
473 2251 74 38 sätt,
572 2248 124 41 hvarpå
719 2249 87 30 detta
829 2253 96 26 ämne
950 2249 10 29 i
985 2247 180 31 allmänhet
1189 2228 123 50 hittills
1338 2248 198 31 behandlats.

484 2274 63 50 Då
552 2294 55 40 jag
631 2293 97 31 alltså
752 2294 60 30 vill
839 2293 96 31 häfda
959 2292 335 40 allmänbildningens
1320 2293 97 30 värde
1442 2292 49 30 för
1514 2301 39 21 en
1580 2293 165 30 blifvande
1771 2294 103 29 lärare
1902 2294 7 29 i
1928 2283 58 40 den
