1874 2798
267 163 19 28 4
663 163 116 30 Andra
803 162 238 37 lagutskottets
1065 161 174 31 utlåtande
1264 170 42 20 nr
1331 162 49 30 40.

270 248 152 37 vallning
436 248 137 36 stadgas
590 248 98 35 dock,
706 249 48 28 att
771 245 223 32 föreskriften
1009 254 58 21 om
1085 244 333 38 tvångsdelaktighet
1434 245 77 32 icke
1529 246 81 36 äger
1625 245 146 38 tillämp-

268 299 83 36 ning
373 299 79 30 med
471 297 138 31 mindre
629 297 65 30 den
716 296 197 31 beräknade
932 295 176 31 båtnaden
1130 304 42 22 av
1192 295 166 37 företaget
1378 295 80 31 med
1477 304 75 23 mer
1573 296 46 30 än
1640 295 134 31 hälften

269 349 101 31 faller
393 348 21 31 å
439 349 177 36 egendom,
643 347 151 36 tillhörig
821 347 64 30 den
914 355 73 22 som
1017 346 77 31 sökt
1119 346 166 36 företaget
1312 346 82 30 eller
1417 346 131 30 honom
1575 346 64 30 och
1665 346 107 31 andra

272 400 92 30 vilka
387 399 135 31 förenat
545 398 50 37 sig
616 399 80 29 med
717 399 130 29 honom
872 398 130 29 därom.

312 449 390 35 Båtnadsberäkningen
723 448 38 30 är
781 447 189 31 emellertid
990 456 43 21 av
1053 447 174 36 betydelse
1248 447 87 29 även
1355 446 10 30 i
1387 446 91 30 vissa
1499 446 110 30 andra
1632 455 134 21 avseen-

269 501 76 29 den.
371 499 152 31 Sålunda
549 499 107 36 gäller
678 498 12 30 i
711 497 99 37 fråga
835 507 57 21 om
916 496 302 37 vattenavledning
1241 496 66 31 och
1332 495 191 37 invallning
1547 499 60 32 att,
1633 505 58 21 om
1715 495 56 31 för

272 548 123 32 sådant
418 547 165 33 ändamål
607 547 173 32 erfordras
805 550 48 29 att
877 556 116 21 annan
1015 545 166 38 tillhörigt
1204 545 171 32 strömfall
1398 546 173 36 borttages
1596 546 82 31 eller
1699 545 75 30 dess

271 598 150 38 fallhöjd
442 598 156 31 minskas
618 599 81 30 eller
721 601 49 27 att
792 597 51 31 till
865 606 79 21 men
967 597 56 30 för
1044 605 134 22 annans
1202 596 167 36 egendom
1391 594 383 32 vattenförhållandena

269 651 127 30 ändras
419 650 10 30 i
453 650 213 36 vattendrag,
690 648 53 37 sjö
766 649 82 30 eller
870 657 116 22 annan
1009 647 276 36 vattensamling,
1310 645 108 32 sådan
1442 645 121 37 åtgärd
1587 646 31 37 ej
1643 646 38 30 är
1706 645 63 31 till-

269 700 91 31 låten
379 703 83 28 utan
481 703 50 27 att
550 702 122 35 nyttan
691 699 107 30 därav
817 698 86 31 efter
921 697 129 37 avdrag
1069 706 43 21 av
1132 697 193 30 kostnaden
1344 696 57 31 för
1419 696 76 31 dess
1517 696 253 31 verkställande

273 750 113 31 finnes
409 749 171 36 överstiga
598 749 136 30 skadan
754 748 64 30 och
840 746 171 37 intrånget
1033 746 21 32 å
1075 755 134 22 annans
1232 746 177 36 egendom.

313 800 391 36 Båtnadsberäkningen
724 799 66 30 har
808 798 171 36 därjämte
998 797 107 36 enligt
1124 807 48 20 nu
1192 797 158 36 gällande
1369 797 261 30 bestämmelser
1649 799 46 27 ett
1715 805 55 21 av-

269 851 151 36 görande
441 850 196 37 inflytande
657 848 46 37 på
724 848 123 37 frågan
869 857 57 21 om
950 851 46 27 ett
1018 847 387 36 torrläggningsföretag
1427 847 88 30 skall
1539 855 100 22 anses
1660 846 111 30 berät-

270 901 84 36 tigat
373 900 51 30 till
445 899 275 31 statsunderstöd
739 898 11 30 i
770 898 93 31 form
884 907 42 21 av
946 898 124 36 bidrag
1089 896 80 31 från
1191 900 128 27 statens
1342 897 329 36 avdikningsanslag
1691 896 81 30 eller

272 950 58 31 lån
349 949 80 31 från
447 953 129 27 statens
597 948 381 37 avdikningslånefond.

315 1000 227 31 Beträffande
565 1001 57 29 det
646 999 153 36 rättsliga
826 998 215 31 förfarandet
1067 997 58 31 vid
1148 997 287 37 genomförandet
1461 1007 43 21 av
1529 1000 46 28 ett
1601 996 175 37 diknings-

270 1052 133 36 företag
425 1051 80 30 med
526 1049 334 38 tvångsdelaktighet
881 1049 114 36 gäller,
1019 1051 50 28 att
1091 1048 129 30 besked
1243 1047 88 31 skall
1353 1046 46 37 på
1423 1047 153 30 förhand
1598 1047 174 30 inhämtas

270 1102 91 29 huru
380 1101 66 30 och
463 1101 113 30 under
594 1100 93 30 vilka
706 1099 125 30 villkor
850 1099 130 30 arbetet
999 1097 58 31 må
1077 1098 109 36 göras.
1207 1098 14 29 I
1241 1096 99 37 fråga
1360 1106 57 21 om
1438 1096 333 37 vattenavlednings-

270 1151 66 31 och
358 1150 343 36 invallningsföretag
721 1150 87 30 skall
832 1148 123 31 sådant
975 1148 130 30 besked
1124 1148 175 30 inhämtas
1320 1148 86 29 även
1428 1146 45 31 då
1494 1147 183 30 sannolika
1698 1142 73 34 skäl

270 1201 166 37 föreligga
455 1203 49 28 att
526 1200 131 31 allmän
677 1200 80 30 eller
776 1198 135 31 enskild
930 1199 68 30 rätt
1016 1198 197 30 förnärmas
1234 1198 82 30 eller
1335 1196 38 32 så
1393 1200 95 27 snart
1507 1196 59 31 två
1585 1197 82 30 eller
1685 1196 88 31 flera

271 1251 98 30 skola
392 1251 79 30 med
494 1250 171 30 särskilda
689 1249 143 31 andelar
854 1252 79 33 taga
956 1248 54 30 del
1034 1248 11 30 i
1071 1248 175 36 företaget.
1272 1247 164 30 Ansökan
1461 1256 59 21 om
1544 1245 155 32 tillstånd
1723 1246 48 30 till

271 1300 387 37 torrläggningsföretag
685 1299 88 31 skall
800 1299 132 36 ingivas
958 1299 51 29 till
1037 1298 253 36 länsstyrelsen,
1320 1297 150 31 varefter
1496 1295 125 38 frågan
1648 1297 125 35 prövas

271 1351 58 30 vid
358 1349 295 38 syneförrättning
681 1349 104 37 enligt
812 1349 307 30 bestämmelserna
1147 1348 11 30 i
1189 1348 38 30 10
1257 1348 80 35 kap.
1368 1347 65 30 Till
1462 1346 311 36 förrättningsman

271 1401 88 30 skall
382 1400 185 31 förordnas
591 1402 127 28 statens
741 1397 343 38 lantbruksingenjör
1106 1398 81 30 eller
1208 1407 117 21 annan
1350 1406 74 21 som
1447 1397 189 30 förklarats
1660 1395 112 31 därtill

269 1450 153 37 behörig.
446 1450 112 30 Sedan
580 1450 68 30 alla
669 1449 57 30 vid
748 1448 337 38 syneförrättningen
1107 1447 229 31 förefallande
1359 1446 118 37 frågor
1496 1447 99 30 blivit
1618 1446 155 35 utredda,

272 1501 88 30 skall
378 1499 178 31 utlåtande
574 1500 181 35 upprättas
774 1497 177 38 angående
971 1498 177 36 företaget.
1168 1498 15 30 I
1202 1497 91 31 vissa
1311 1497 64 30 fall
1394 1497 88 30 skall
1500 1495 194 32 utlåtandet
1712 1505 61 21 un-

272 1550 179 30 derställas
480 1549 330 31 vattendomstolens
840 1548 179 37 prövning.
1051 1548 128 30 Besvär
1209 1549 82 29 över
1319 1546 192 31 utlåtandet
1541 1546 140 30 anföres
1711 1546 63 30 hos

271 1600 322 30 vattendomstolen.

316 1650 76 30 Vad
416 1658 74 22 som
513 1650 60 29 vid
596 1648 294 38 syneförrättning
913 1649 88 29 skall
1024 1648 176 30 betraktas
1227 1656 74 21 som
1323 1645 132 32 båtnad
1480 1656 43 21 av
1547 1647 118 30 marks
1689 1649 84 28 torr-

273 1700 160 36 läggning
454 1700 210 30 bestämmes
687 1699 10 30 i
722 1700 16 28 7
763 1699 80 36 kap.
867 1699 40 29 22
931 1698 18 37 8
973 1698 227 36 vattenlagen.
1225 1697 79 30 Med
1327 1696 168 31 avseende
1518 1695 20 32 å
1561 1697 111 35 mark,
1697 1705 77 21 vars

272 1752 98 34 nytta
387 1759 43 21 av
448 1749 235 37 torrläggning
698 1748 116 31 består
833 1749 10 29 i
861 1747 145 37 höjning
1023 1757 43 21 av
1084 1748 76 30 dess
1178 1746 330 37 alstringsförmåga,
1530 1747 31 30 d.
1581 1757 30 20 v.
1630 1756 25 21 s.
1674 1746 99 30 mark

272 1809 76 21 som
371 1800 186 36 torrlägges
581 1799 57 31 för
660 1797 363 38 jordbruksändamål,
1047 1798 88 30 skall
1160 1796 114 32 såsom
1297 1796 131 31 båtnad
1459 1795 310 39 (jordförbättring)

272 1858 101 22 anses
401 1849 65 30 den
494 1857 126 29 genom
646 1849 56 31 det
729 1849 112 30 ökade
869 1847 374 38 torrläggningsdjupet
1272 1846 231 32 åstadkomna
1531 1848 83 29 eller
1641 1846 133 36 möjlig-

277 1899 123 38 gjorda
422 1898 189 40 höjningen
636 1899 10 30 i
671 1898 352 37 alstringsförmågan.
1049 1899 80 30 Med
1151 1898 129 31 båtnad
1304 1908 42 21 av
1368 1898 118 31 marks
1511 1897 234 38 torrläggning
1769 1897 10 30 i

277 1949 111 31 andra
402 1949 63 30 fall
483 1948 128 32 förstås
630 1949 65 31 den
711 1949 236 36 värdeökning
962 1949 147 30 marken
1127 1948 121 30 vinner
1263 1956 125 28 genom
1405 1947 288 37 1lorrläggningen.
1711 1947 67 30 En-

276 1999 61 37 ligt
356 2001 39 29 10
412 2000 79 36 kap.
509 2001 42 29 60
572 2000 18 37 8
610 2000 96 30 skola
723 2000 238 36 synemännen
976 1999 57 31 för
1049 1999 194 31 utrönande
1263 2008 43 21 av
1326 1998 119 30 värdet
1462 1997 21 31 å
1501 1997 174 31 båtnaden
1693 1997 87 31 efter

277 2050 259 38 undersökning
555 2051 188 36 uppskatta
763 2050 146 30 marken
931 2048 94 32 såväl
1048 2049 12 30 i
1082 2049 77 31 dess
1180 2049 97 30 skick
1299 2048 75 31 före
1394 2048 167 37 företaget
1582 2058 75 21 som
1679 2048 65 31 ock
1769 2047 10 29 i

279 2100 56 31 det
351 2101 108 36 skick,
477 2101 75 31 vari
572 2101 65 30 den
658 2104 139 33 antages
814 2101 142 30 komma
973 2100 88 30 efter
1076 2099 184 37 företagets
1278 2099 209 30 fullbordan.

274 2204 67 27 1942
359 2204 49 28 års
426 2205 433 33 torrläggningssakkunniga.

321 2260 113 37 Enligt
453 2261 42 30 de
512 2260 238 36 sakkunnigas
770 2260 140 37 mening
929 2261 108 30 borde
1056 2260 11 30 i
1090 2260 216 36 vattenlagen
1327 2259 132 31 införas
1481 2269 42 21 en
1542 2258 241 31 bestämmelse

276 2314 48 27 att
342 2310 115 31 såsom
473 2309 132 32 båtnad
623 2321 43 20 av
683 2310 233 37 torrläggning
934 2310 112 32 skulle
1062 2319 99 23 anses
1180 2311 86 30 även
1285 2309 214 31 förbättrade
1518 2307 263 38 brukningsför-

276 2359 196 39 hållanden,
492 2371 25 21 s.
539 2361 33 31 k.
593 2360 333 37 brukningsbåtnad.

324 2411 51 31 De
395 2412 219 36 sakkunniga
635 2412 45 30 ha
702 2412 49 30 till
771 2412 195 36 utveckling
985 2422 43 20 av
1048 2412 112 30 denna
1181 2411 52 31 sin
1252 2411 139 36 mening
1411 2410 116 31 anfört
1547 2410 108 31 bland
1674 2413 106 27 annat

279 2462 163 37 följande.
