1872 2840
91 2160 130 25 Utskottet.

274 143 39 29 20
676 151 380 34 Jordbruksutskottets
1081 155 177 32 utlåtande
1282 157 49 31 Nr
1364 159 47 30 71.

275 237 142 32 procent
437 242 41 22 av
500 234 104 36 priset
627 236 215 31 1925—1929
862 238 65 30 och
947 239 10 29 i
976 239 55 31 det
1050 241 176 30 närmaste
1245 243 262 31 sammanfaller
1521 245 79 30 med
1619 246 163 37 prisläget

277 274 72 31 före
377 276 236 37 världskriget.
664 278 57 31 Ett
748 279 36 30 så
809 279 68 36 lågt
902 281 72 35 pris
1002 290 100 28 synes
1128 282 350 39 lantbruksstyrelsen
1505 287 174 36 knappast
1705 289 76 29 skä-

275 317 58 36 ligt
358 318 65 30 och
447 318 76 31 icke
549 320 104 36 ägnat
678 323 49 29 att
754 321 125 32 bereda
903 321 241 40 jordbrukare,
1172 335 73 21 som
1266 328 60 29 äro
1351 328 190 31 hänvisade
1564 329 50 30 till
1640 327 139 44 potatis-

274 360 127 37 odling,
421 364 49 27 ett
488 362 220 31 ekonomiskt
728 363 82 37 läge,
834 367 243 30 motsvarande
1098 367 66 36 det,
1187 377 74 21 som
1283 371 267 30 statsmakterna
1571 372 77 31 sökt
1667 372 113 31 åstad-

275 402 141 31 komma
431 403 55 31 för
500 404 204 36 jordbruket
725 406 9 30 i
754 407 117 36 övrigt.

321 444 63 31 Det
408 455 101 27 synes
534 447 348 37 lantbruksstyrelsen
908 450 127 37 därför,
1062 460 75 21 som
1164 462 57 20 om
1247 452 158 37 åtgärder
1431 455 10 29 i
1468 455 108 30 första
1602 456 95 31 hand
1722 458 60 29 äro

273 496 43 20 av
341 488 114 30 nöden
483 489 9 29 i
518 489 88 36 syfte
635 493 49 27 att
710 490 241 33 åstadkomma
976 496 46 27 ett
1043 494 186 32 förbättrat
1254 496 147 37 prisläge
1426 497 55 30 för
1506 498 273 37 fabrikspotatis.

274 528 51 31 Då
344 529 93 31 detta
460 531 147 36 prisläge
631 533 38 30 är
688 532 170 32 beroende
875 543 42 21 av
940 535 42 30 de
1004 536 118 36 priser,
1150 545 74 22 som
1246 538 131 30 betalas
1401 539 55 30 för
1479 539 213 32 råbrännvin
1715 542 65 30 och

274 572 175 36 stärkelse,
473 573 63 31 har
560 573 123 37 Kungl.
708 575 100 36 Maj:t
831 576 10 30 i
865 576 52 31 sin
940 577 95 31 hand
1054 581 49 28 att
1127 579 65 31 här
1216 579 137 37 vidtaga
1380 581 42 30 de
1445 580 234 39 jämkningar,
1706 593 75 21 som

273 614 119 30 kunna
417 615 160 31 befinnas
599 616 236 38 erforderliga,
863 618 54 31 för
942 622 48 28 att
1014 620 114 31 denna
1156 622 125 35 potatis
1306 623 88 30 skall
1419 623 119 32 kunna
1558 626 152 30 avsättas
1730 626 50 30 till

273 657 124 36 skäligt
420 658 80 35 pris.

317 698 116 37 Ifråga
447 709 56 21 om
517 702 200 35 matpotatis
735 712 108 27 synes,
862 702 101 33 såvitt
982 705 88 36 läget
1088 705 71 30 kan
1176 706 165 31 bedömas
1360 717 42 21 av
1419 708 197 36 partipriset
1634 710 9 29 i
1661 709 117 31 Stock-

272 740 105 36 holm,
399 742 135 31 mindre
554 743 187 38 anledning
761 744 164 38 föreligga
946 749 48 28 att
1014 756 48 21 nu
1078 747 139 37 vidtaga
1239 749 170 30 särskilda
1430 748 168 38 åtgärder.
1647 748 132 45 Matpo-

272 784 79 29 tatis
369 785 39 29 är
425 786 188 29 emellertid
627 796 42 20 en
687 796 92 26 vara,
800 787 54 30 för
871 788 114 30 vilken
1003 789 162 37 prisläget
1183 789 44 37 på
1245 791 94 30 olika
1356 794 91 28 orter
1464 793 119 29 växlar
1602 794 176 36 betydligt.

276 825 125 31 Kunna
421 826 157 36 åtgärder
597 828 155 37 vidtagas
772 829 10 30 i
803 829 87 37 syfte
911 833 49 27 att
980 840 94 22 mera
1093 832 145 31 allmänt
1259 834 109 35 skapa
1389 833 316 32 tillfredsställande
1725 845 56 20 av-

273 869 413 36 sättningsförhållanden
708 871 54 30 för
780 872 114 31 denna
918 882 91 27 vara,
1032 875 38 30 är
1092 874 92 31 detta
1206 875 141 36 givetvis
1369 877 175 30 önskvärt.

316 910 256 33 Motionärerna
597 912 187 32 framhålla
808 915 278 32 önskvärdheten
1113 926 43 21 av
1180 917 258 37 importförbud
1459 919 54 30 för
1539 920 135 36 potatis.
1723 921 56 30 Ett

272 951 122 33 sådant
420 953 127 32 förbud
572 956 98 30 torde
691 956 88 30 dock
805 957 119 31 kunna
951 957 36 31 få
1014 959 176 36 betydelse
1209 961 122 29 endast
1352 960 55 30 för
1433 957 345 46 avsättningsförhål-

272 995 148 31 landena
443 997 55 30 för
519 998 211 36 matpotatis,
755 999 48 37 ity
826 1003 48 27 att
897 999 256 38 importpotatis
1179 1001 75 31 icke
1274 1005 95 34 tages
1392 1004 10 29 i
1425 1003 151 37 anspråk
1601 1005 56 30 för
1680 1005 98 30 indu-

272 1038 225 31 striändamål
515 1040 64 29 och
596 1040 163 37 prisläget
776 1042 62 30 här
856 1042 53 30 för
925 1044 217 30 närvarande
1159 1045 146 35 regleras
1331 1055 42 21 av
1392 1048 119 28 staten.
1559 1046 52 31 Då
1627 1048 151 29 emeller-

270 1080 49 29 tid
342 1082 255 36 potatisimport
616 1082 44 37 på
683 1085 111 35 grund
815 1093 41 21 av
880 1085 305 32 bestämmelserna
1208 1087 51 30 till
1282 1087 111 36 skydd
1415 1093 72 27 mot
1509 1089 270 36 potatiskräftan

272 1123 8 28 i
308 1123 190 32 allmänhet
522 1124 211 38 förhindras,
759 1126 97 31 torde
882 1126 128 32 förbud
1034 1131 71 27 mot
1131 1128 127 37 import
1282 1138 42 21 av
1352 1130 114 31 denna
1486 1140 83 21 vara
1588 1132 191 36 egentligen

271 1164 35 31 få
332 1166 174 36 betydelse
532 1168 145 30 allenast
702 1168 55 30 för
785 1169 216 31 marknaden
1028 1170 54 30 för
1104 1180 25 21 s.
1156 1172 32 29 k.
1214 1172 84 35 tidig
1324 1173 136 35 potatis.
1510 1173 101 30 Detta
1638 1175 73 35 slag
1735 1184 43 20 av

272 1208 136 35 potatis,
442 1218 74 21 som
542 1211 86 29 nära
661 1212 291 36 sammanhänger
978 1213 78 30 med
1082 1212 431 38 trädgårdsprodukterna,
1550 1214 152 38 åtnjuter
1734 1219 46 27 ett

272 1249 82 31 visst
380 1251 112 35 skydd
519 1260 123 27 genom
671 1252 196 31 införandet
894 1263 42 21 av
962 1256 239 35 säsongtullar.
1253 1256 47 30 Ur
1327 1258 123 29 svensk
1479 1259 177 34 synpunkt
1683 1258 96 30 torde

270 1292 189 31 emellertid
480 1296 46 28 ett
549 1293 257 36 importförbud
828 1295 174 37 knappast
1020 1296 91 31 vålla
1134 1299 169 35 egentliga
1328 1298 220 37 svårigheter,
1572 1300 44 30 då
1639 1301 67 29 den
1729 1301 48 30 in-

269 1334 145 31 hemska
437 1336 255 36 produktionen
717 1338 96 30 torde
831 1338 119 31 kunna
967 1339 180 36 tillgodose
1168 1340 155 30 behovet.
1365 1341 181 31 Huruvida
1568 1345 45 27 ett
1636 1343 141 36 import-

270 1377 129 30 förbud
418 1379 63 29 bör
499 1379 221 35 genomföras
740 1381 80 29 eller
839 1381 84 35 icke,
944 1391 100 27 synes
1064 1382 122 30 därför
1204 1383 154 31 närmast
1376 1392 82 22 vara
1477 1385 172 31 beroende
1668 1394 42 21 av
1729 1386 48 29 in-

270 1420 239 31 ternationella
536 1421 254 31 förhållanden.

313 1462 126 31 Vidare
456 1464 89 30 hava
563 1464 258 32 motionärerna
837 1464 180 38 ifrågasatt
1035 1465 160 37 åtgärder
1215 1467 55 30 för
1286 1468 179 36 skapande
1482 1478 43 21 av
1543 1478 42 21 en
1603 1470 173 36 organisa-

269 1505 82 35 tion,
377 1514 75 21 som
475 1508 76 34 toge
577 1507 244 35 partihandeln
842 1509 81 29 med
948 1508 170 36 potatisen
1138 1518 58 21 om
1219 1509 104 31 hand.
1366 1510 56 31 Att
1445 1511 65 30 här
1535 1514 91 28 stora
1651 1511 125 37 svårig-

272 1548 94 29 heter
397 1550 104 34 möta,
530 1549 201 30 framhålles
759 1550 198 30 emellertid.
1008 1551 43 29 Så
1079 1552 38 28 är
1146 1552 106 30 också
1278 1552 105 36 enligt
1411 1553 367 37 lantbruksstyrelsens

272 1589 226 32 förmenande
524 1591 103 30 fallet.
679 1591 139 31 Erinras
843 1592 58 30 må
925 1593 201 36 emellertid,
1151 1597 50 28 att
1226 1594 166 36 styrelsen
1418 1595 11 30 i
1455 1595 163 31 skrivelse
1645 1597 67 30 den
1740 1597 38 29 19

270 1641 91 21 mars
388 1633 84 29 1936
491 1632 44 37 på
557 1634 114 35 grund
693 1643 43 21 av
760 1635 151 35 begäran
934 1638 81 27 utav
1042 1636 83 30 1935
1148 1635 57 31 års
1227 1637 140 37 riksdag
1392 1638 65 29 och
1483 1638 107 30 därav
1614 1638 163 31 föranlett

268 1675 159 36 uppdrag
452 1676 50 30 till
526 1675 124 37 Kungl.
671 1675 101 37 Maj:t
791 1677 125 36 avgivit
940 1678 184 36 utredning
1148 1679 66 29 och
1239 1678 131 38 förslag
1392 1679 112 37 ifråga
1526 1690 57 20 om
1603 1681 172 30 kvalitets-

270 1717 258 31 bestämmelser
548 1718 57 30 vid
626 1719 127 30 handel
774 1721 78 28 med
871 1720 199 36 matpotatis
1093 1730 44 22 m.
1159 1730 56 26 m.,
1237 1722 64 29 och
1322 1725 48 27 att
1391 1723 164 35 styrelsen
1576 1722 10 30 i
1607 1723 168 30 samband

269 1759 143 30 därmed
431 1761 172 30 meddelat
626 1762 160 30 närmare
803 1762 175 36 uppgifter
997 1762 178 36 angående
1196 1772 41 21 en
1261 1764 243 36 organisation,
1524 1774 73 21 som
1618 1775 81 21 vore
1719 1775 56 20 av-

269 1802 83 30 sedd
375 1806 49 27 att
442 1805 79 34 taga
543 1803 95 30 hand
662 1813 57 20 om
739 1804 64 30 den
830 1804 245 31 kvalificerade
1099 1805 152 30 handeln
1275 1807 79 29 med
1377 1807 210 36 matpotatis.
1634 1807 65 32 Det
1724 1817 52 28 sy-

270 1853 60 21 nes
356 1845 360 37 lantbruksstyrelsen,
742 1855 73 21 som
839 1855 56 21 om
920 1847 75 30 skäl
1020 1846 150 38 förelåge
1198 1851 48 27 att
1270 1849 147 30 avvakta
1443 1850 175 29 resultatet
1643 1860 42 20 av
1709 1850 67 30 den

268 1885 146 33 sålunda
437 1888 106 29 redan
562 1887 192 37 igångsatta
779 1889 273 36 verksamheten,
1075 1889 108 31 innan
1207 1889 159 38 åtgärder
1388 1891 156 37 vidtagas
1567 1892 55 30 för
1644 1892 130 30 tillska-

268 1930 115 35 pande
406 1939 43 20 av
473 1940 46 27 ny
543 1931 235 35 organisation
803 1931 54 30 för
882 1931 206 31 ändamålet.

314 1973 49 28 Av
394 1973 66 29 vad
490 1973 348 36 lantbruksstyrelsen
871 1973 144 31 sålunda
1046 1974 115 31 anfört
1192 1974 162 37 framgår,
1387 1979 49 26 att
1467 1977 164 35 styrelsen
1663 1976 113 30 finner

269 2014 74 30 skäl
368 2015 172 35 tillstyrka
566 2015 99 30 bifall
687 2016 50 29 till
763 2015 263 37 ifrågavarande
1052 2017 142 35 motion,
1222 2018 137 29 särskilt
1385 2018 10 29 i
1416 2019 66 29 vad
1511 2019 65 29 den
1603 2028 99 21 avser
1727 2021 48 28 att

266 2064 124 28 genom
417 2057 131 36 skäliga
577 2058 110 36 priser
716 2058 54 30 för
795 2058 260 37 fabrikspotatis
1090 2059 191 30 stabilisera
1312 2060 319 36 potatisodlingen.»

311 2156 172 31 Utskottet
510 2158 95 30 delar
630 2158 276 31 motionärernas
934 2160 149 36 mening,
1114 2163 49 27 att
1191 2160 287 37 potatisodlingen
1506 2162 62 29 bör
1597 2162 141 30 komma
1767 2162 8 30 i

265 2205 206 37 åtnjutande
496 2217 42 21 av
560 2208 56 30 det
640 2209 77 30 stöd
740 2208 78 31 från
843 2211 285 30 statsmakternas
1152 2211 84 36 sida,
1261 2221 73 20 som
1357 2212 38 29 är
1418 2212 136 36 möjligt
1577 2215 49 27 att
1648 2213 127 30 lämna.

267 2256 119 32 Såsom
407 2259 349 37 lantbruksstyrelsen
779 2261 182 35 meddelat,
982 2262 60 29 äro
1060 2261 483 37 avsättningsförhållandena
1564 2264 133 35 ganska
1717 2264 58 30 oli-

269 2308 43 30 ka
333 2309 9 29 i
365 2310 67 29 vad
451 2310 105 35 gäller
575 2311 202 35 matpotatis
800 2312 80 29 eller
902 2311 273 37 fabrikspotatis.

311 2359 52 30 En
386 2359 196 32 förbättrad
606 2361 197 37 avsättning
825 2371 43 21 av
890 2362 198 36 matpotatis
1112 2362 98 31 torde
1234 2363 9 30 i
1270 2363 146 30 främsta
1439 2367 149 27 rummet
1613 2374 83 21 vara
1720 2365 55 30 be-

266 2410 127 30 roende
410 2419 43 21 av
470 2414 49 27 att
536 2421 41 20 en
597 2411 275 37 ändamålsenlig
889 2413 232 36 organisation
1141 2423 43 20 av
1202 2414 244 35 partihandeln
1466 2415 78 30 med
1562 2416 114 30 denna
1694 2425 82 20 vara

269 2460 67 30 kan
361 2459 271 32 åstadkommas.
682 2462 113 36 Enligt
818 2463 66 30 vad
907 2464 165 29 utskottet
1095 2464 65 29 har
1186 2464 49 37 sig
1258 2465 137 35 bekant,
1421 2465 46 30 ha
1491 2475 144 22 numera
1660 2466 112 30 veder-
