1930 2800
479 164 120 31 Andra
620 164 247 37 lagutskottets
888 164 179 30 utlåtande
1088 173 43 20 nr
1151 164 41 30 22
1213 163 39 30 år
1274 163 84 30 1960
1646 161 17 30 7

176 264 218 30 överlämnas
414 264 51 30 till
484 265 79 36 väg-
581 264 65 29 och
664 262 473 38 vattenbyggnadsstyrelsen
1157 262 165 29 ävensom
1342 260 292 37 länsstyrelserna
1654 260 9 29 i

177 317 160 40 samtliga
355 317 57 30 län
429 316 55 30 för
500 317 199 29 kännedom
716 316 64 30 och
798 316 55 30 för
868 316 209 37 vidtagande
1095 325 41 19 av
1153 315 41 29 de
1211 314 171 38 åtgärder,
1401 322 74 22 som
1493 313 10 29 i
1521 314 40 28 de
1578 313 86 29 hän-

177 371 160 34 seenden,
360 370 95 30 vilka
478 371 11 29 i
511 370 190 30 utskottets
725 369 180 30 utlåtande
929 369 160 37 angivits,
1113 368 118 30 kunde
1254 367 257 37 ifrågakomma
1535 366 55 30 för
1614 367 50 29 att

176 424 182 38 tillgodose
374 424 57 30 det
448 424 75 29 däri
540 424 150 36 angivna
708 423 115 37 syftet.

178 532 83 30 1958
279 531 57 30 års
354 531 189 37 A-riksdag

222 611 12 29 I
250 610 218 38 proposition
486 620 42 20 nr
543 612 41 29 69
601 611 52 29 till
715 611 85 30 1958
829 611 79 30 års
936 610 276 36 A-riksdag,
1240 608 201 38 varigenom
1461 608 205 36 riksdagens

176 665 163 36 yttrande
367 664 223 30 inhämtades
620 665 82 29 över
732 664 130 38 förslag
892 664 51 29 till
974 663 192 39 ändringar
1195 663 11 29 i
1235 661 431 38 vägtrafikförordningen

176 727 45 20 m.
236 727 57 26 m.,
310 717 170 38 föreslogs
497 718 167 37 slopande
681 727 42 20 av
739 717 270 30 bestämmelsen
1025 717 11 29 i
1054 717 42 30 54
1120 716 6 34 8
1156 717 6 29 I
1184 724 105 21 mom.
1307 716 109 28 andra
1435 715 135 36 stycket
1586 715 80 36 väg-

178 771 362 37 trafikförordningen
559 772 50 28 att
626 771 103 36 eljest
746 771 126 29 tillåtet
890 771 129 29 största
1036 769 224 38 boggietryck
1279 769 54 30 för
1350 768 228 30 motordrivet
1597 767 70 30 for-

179 825 68 29 don
267 824 94 38 finge
381 824 44 37 på
444 825 187 36 huvudväg
650 824 222 30 överskridas
892 824 78 29 med
991 824 18 29 2
1029 825 72 28 ton.
1122 824 13 29 I
1156 832 42 21 en
1218 823 52 29 till
1291 822 114 40 grund
1425 821 55 30 för
1500 821 166 37 förslaget

179 878 158 37 liggande
362 878 168 30 skrivelse
554 877 165 30 framhöll
744 878 79 37 väg-
847 877 64 30 och
935 876 485 38 vattenbyggnadsstyrelsen,
1446 876 51 29 att
1521 875 66 29 den
1611 875 56 29 be-

179 932 163 36 lastning,
359 940 75 21 som
450 931 129 30 tillåtes
596 931 44 37 på
657 940 42 20 en
715 931 71 30 viss
802 931 75 37 väg,
893 931 76 29 icke
986 930 62 30 bör
1064 930 82 29 bero
1164 929 223 30 uteslutande
1403 928 44 37 på
1464 929 127 36 vägens
1608 928 60 29 bä-

180 985 111 37 righet
306 985 64 29 och
387 985 76 29 icke
477 984 45 30 ha
539 984 104 37 något
660 984 170 30 samband
846 984 78 29 med
941 984 78 29 dess
1036 983 222 37 benämning.
1275 982 153 30 Tillåtna
1445 981 222 38 boggietryck

179 1038 64 30 och
265 1038 234 30 bruttovikter
520 1037 166 37 framgår,
709 1037 162 30 fortsatte
893 1037 181 36 styrelsen,
1097 1045 42 21 av
1160 1035 239 38 kungörelser,
1422 1044 74 21 som
1519 1035 149 36 länssty-

180 1092 153 30 relserna
354 1091 98 37 varje
473 1091 38 29 år
530 1090 163 31 utfärdar
713 1090 75 30 före
807 1099 96 21 mars
924 1090 146 29 månads
1091 1089 141 38 utgång.
1254 1088 100 31 Såväl
1376 1088 292 37 länsstyrelserna

180 1154 75 21 som
276 1144 358 40 vägmyndigheterna
656 1145 137 29 strävar
813 1143 245 30 målmedvetet
1078 1142 90 30 efter
1189 1144 51 28 att
1261 1142 84 37 höja
1367 1141 241 38 belastningen
1630 1140 38 31 så

180 1199 138 36 mycket
336 1207 75 21 som
428 1197 149 38 möjligt,
595 1197 147 30 anförde
760 1197 169 37 styrelsen
946 1196 129 35 vidare,
1094 1196 66 29 och
1177 1197 49 29 ett
1244 1195 233 38 upphävande
1495 1204 40 20 av
1554 1194 115 30 särbe-

181 1252 266 30 stämmelserna
464 1260 56 20 om
536 1251 230 37 huvudvägar
782 1250 159 29 kommer
958 1249 121 30 därför
1095 1249 76 30 icke
1189 1250 51 28 att
1257 1248 158 30 medföra
1434 1248 113 37 någon
1566 1248 104 29 sänk-

181 1306 83 37 ning
290 1314 42 21 av
358 1305 41 30 de
424 1305 11 29 i
459 1304 188 37 praktiken
673 1304 161 37 gällande
859 1302 530 38 belastningsbestämmelserna
1417 1301 55 30 för
1498 1301 171 38 ifrågava-

182 1360 106 29 rande
305 1359 116 37 vägar.

224 1412 200 35 Riksdagen
442 1412 90 29 hade
550 1411 102 37 ingen
671 1411 141 29 erinran
831 1411 72 28 mot
921 1409 283 38 propositionens
1224 1408 131 37 förslag
1373 1408 10 30 i
1402 1407 268 38 ifrågavarande

181 1466 65 30 del.
263 1465 155 37 ändring
435 1474 41 20 av
493 1463 431 38 vägtrafikförordningen
942 1463 11 28 i
970 1462 153 37 enlighet
1140 1462 79 29 med
1238 1461 167 37 förslaget
1422 1461 65 29 har
1506 1461 92 29 skett
1616 1468 54 29 ge-

182 1529 81 20 nom
283 1519 74 30 SFS
376 1527 43 20 nr
437 1517 171 31 222/1958.

184 1627 83 29 1958
286 1625 56 30 års
360 1623 187 37 B-riksdag

228 1705 12 29 I
263 1705 40 29 de
326 1703 224 37 likalydande
573 1703 174 30 motioner
768 1711 43 21 nr
831 1703 27 29 B
884 1703 60 30 125
968 1702 11 29 i
1001 1701 113 30 första
1137 1702 206 29 kammaren
1367 1701 65 29 och
1455 1709 42 20 nr
1520 1701 26 29 B
1572 1701 61 29 162
1658 1700 13 37 +

183 1759 110 29 andra
317 1758 206 29 kammaren
546 1757 53 30 till
667 1756 86 30 1958
788 1756 79 30 års
902 1755 264 39 B-riksdag
1189 1755 161 37 yrkades,
1376 1755 50 28 att
1452 1754 185 36 riksdagen
1662 1753 10 29 i

183 1811 167 30 skrivelse
366 1811 52 29 till
437 1810 125 37 Kungl.
579 1809 107 38 Maj:t
701 1808 108 31 måtte
825 1809 77 37 giva
917 1808 53 30 till
986 1808 119 29 känna
1120 1808 67 29 den
1203 1809 94 28 stora
1312 1807 75 29 vikt
1402 1806 186 37 riksdagen
1604 1805 70 30 fäs-

183 1867 53 28 ter
252 1865 56 30 vid
327 1866 51 28 att
395 1863 223 38 möjligheter
635 1863 52 30 till
707 1863 140 36 dispens
865 1862 80 29 från
963 1862 160 37 gällande
1142 1860 264 31 bestämmelser
1424 1869 56 20 om
1500 1860 89 29 axel-
1608 1860 65 29 och

183 1918 223 37 boggietryck
425 1918 171 36 noggrant
614 1916 247 37 tillvaratages.

228 1999 13 29 I
260 1996 288 38 remissyttrande
566 1995 148 30 anförde
731 1996 77 36 väg-
826 1996 64 29 och
908 1994 490 37 vattenbyggnadsstyrelsen:

229 2060 116 36 Enligt
364 2059 161 37 gällande
544 2057 386 38 vägtrafikförordning
951 2058 38 28 är
1010 2057 56 29 det
1088 2058 129 28 största
1238 2056 166 37 generellt
1424 2055 137 29 tillåtna
1584 2055 90 29 axel-

184 2105 136 36 trycket
337 2104 19 30 6
373 2106 61 27 ton
451 2103 64 29 och
534 2103 56 29 det
608 2104 129 28 största
755 2102 137 29 tillåtna
911 2101 269 39 boggietrycket,
1199 2101 57 29 vid
1275 2102 48 28 ett
1341 2099 146 30 avstånd
1508 2109 40 20 av
1567 2099 52 34 2,0
1638 2108 35 20 m

184 2150 83 29 eller
295 2148 137 30 mindre
460 2148 128 29 mellan
616 2147 237 36 hjulaxlarna,
881 2146 19 30 8
928 2147 71 28 ton.
1027 2146 128 29 Vidare
1182 2146 39 28 är
1248 2146 49 29 ett
1325 2144 144 30 fordons
1496 2144 83 30 eller
1607 2143 70 29 for-

185 2193 165 37 donstågs
369 2192 195 30 bruttovikt
582 2192 214 28 maximerad
816 2191 52 29 till
887 2191 52 34 8,0
957 2192 71 32 ton,
1047 2191 65 28 när
1130 2189 184 30 avståndet
1333 2189 128 29 mellan
1480 2188 110 30 första
1610 2188 64 29 och

186 2238 84 29 sista
287 2237 182 36 hjulaxeln
487 2237 39 28 är
542 2236 137 29 mindre
696 2236 44 29 än
757 2235 57 29 två
832 2236 119 32 meter,
969 2234 63 30 och
1051 2234 51 29 till
1122 2234 74 32 33,5
1214 2235 59 28 ton
1292 2234 64 28 när
1375 2241 134 21 samma
1527 2232 148 30 avstånd

185 2283 38 29 är
249 2282 74 34 22,0
350 2290 46 25 m,
422 2281 63 29 allt
509 2280 11 29 i
547 2280 153 36 enlighet
726 2279 77 29 med
829 2288 43 20 en
897 2278 52 30 till
975 2277 431 38 vägtrafikförordningen
1432 2276 103 37 fogad
1561 2276 116 29 tabell.

187 2327 111 36 Sagda
319 2326 90 29 axel-
428 2325 65 29 och
513 2324 223 37 boggietryck
756 2325 90 28 samt
866 2323 233 29 bruttovikter
1119 2323 39 28 är
1178 2323 51 27 att
1249 2321 160 30 betrakta
1430 2330 73 20 som
1525 2321 151 28 normal-

186 2371 141 33 värden,
345 2370 94 28 vilka
458 2368 258 30 vederbörande
736 2368 114 29 lokala
869 2367 243 37 myndigheter
1131 2367 81 36 äger
1231 2366 109 29 ändra
1359 2373 123 29 genom
1503 2365 173 29 särskilda

188 2414 232 32 föreskrifter.
444 2413 79 30 Som
547 2414 86 28 även
656 2412 204 29 framhålles
883 2421 41 19 av
947 2411 260 29 motionärerna
1230 2410 65 29 har
1317 2409 213 36 axeltrycket
1552 2417 123 29 genom

189 2460 131 30 sådana
342 2458 115 29 lokala
478 2456 222 31 föreskrifter
722 2457 105 29 redan
847 2456 97 36 höjts
963 2456 51 29 till
1038 2455 50 34 7,0
1110 2456 59 28 ton
1190 2454 44 37 på
1254 2463 39 20 ca
1314 2454 42 29 24
1375 2454 144 36 procent
1538 2453 63 29 och
1624 2453 51 29 till

188 2505 51 34 8,0
260 2505 59 28 ton
340 2503 43 37 på
403 2511 40 21 ca
464 2502 16 29 7
501 2503 144 36 procent
666 2510 41 21 av
728 2501 134 29 landets
881 2501 116 38 vägar.
1019 2499 264 37 Boggietrycket
1303 2498 64 30 har
1387 2497 173 38 därjämte
1581 2497 96 38 höjts
