2184 2585
705 207 86 31 Stats
813 206 164 32 Utskottets
1004 206 172 31 Memorial
1204 207 63 31 N:o
1295 209 52 29 53.
1779 207 17 30 7

364 289 116 44 »Den,
510 301 72 24 som
609 291 74 41 vill,
713 293 52 31 att
795 311 47 2 —
871 290 112 33 under
1009 290 128 42 vilkor,
1167 290 58 33 det
1254 289 235 44 krigsbefälet
1517 291 85 33 eller
1617 291 139 33 arméns
1770 290 76 34 full-

217 343 159 43 mäktige
415 342 195 43 medgifva:
659 344 66 43 1:0)
768 344 54 31 att
850 341 39 33 af
914 341 140 33 arméns
1083 341 102 33 enke-
1214 340 65 34 och
1307 340 237 43 pupillkassas
1571 339 196 46 tillgångar
1796 344 52 31 ett

220 394 122 43 belopp
384 392 40 34 af
464 394 161 41 530,000
666 393 131 33 kronor
833 390 57 35 må
918 392 67 33 den
1017 393 15 31 1
1064 389 156 36 Januari
1251 392 98 33 1884
1377 390 234 36 öfverlemnas
1639 393 55 33 till
1723 403 41 23 en
1793 392 55 34 för

217 445 111 33 enkor
368 443 65 34 och
473 444 90 33 barn
607 442 91 35 efter
738 443 138 33 arméns
916 442 96 34 befäl
1053 442 65 33 och
1145 441 210 34 underbefäl
1382 442 78 33 med
1487 443 205 34 vederlikar
1724 443 123 34 afsedd

217 505 49 33 ny
307 493 376 45 pensionsinrättning,
717 494 86 33 eler
836 493 138 34 arméns
1001 502 71 33 nya
1101 493 102 33 enke-
1232 493 65 33 och
1324 493 233 44 pupillkassa;
1602 495 68 44 2:0)
1701 497 54 31 att
1783 494 63 33 allt

215 545 97 35 hvad
340 555 71 23 som
440 544 155 34 derefter
623 544 39 33 af
678 544 67 33 den
766 543 209 36 nuvarande
999 544 103 33 enke-
1125 544 64 33 och
1204 543 262 43 pupillkassans
1481 541 195 46 tillgångar
1691 542 156 36 återstår

217 593 57 36 må
315 595 144 34 tillfalla
500 605 132 23 samma
673 595 125 33 kassas
825 594 248 44 pensionsfond
1101 597 91 30 samt
1220 594 297 43 delegarefonden
1544 595 55 33 för
1626 595 151 34 kassans
1804 606 43 23 ur

216 646 111 43 tjenst
366 643 180 46 afgångne
586 646 181 43 delegare;
811 648 91 31 samt
932 647 68 43 3:0)
1031 647 55 31 att
1117 645 141 33 arméns
1285 655 71 33 nya
1386 645 101 33 enke-
1517 646 64 33 och
1608 646 239 43 pupillkassas

216 696 222 43 förvaltning
477 693 58 37 må
574 699 89 31 utan
695 696 153 34 kostnad
875 696 55 34 för
958 696 201 33 densamma
1186 695 226 35 handhafvas
1440 696 39 33 af
1504 696 140 34 arméns
1671 697 176 42 pensions-

218 748 125 33 kassas
371 747 150 42 styrelse
549 747 64 33 och
640 746 214 44 tjenstemän
882 767 47 3 —
957 746 208 43 Riksdagen
1192 743 111 37 måtte

355 796 73 34 dels
468 797 133 44 bevilja
643 798 137 33 arméns
821 808 70 32 nya
932 797 102 34 enke-
1069 797 64 34 och
1165 797 220 43 pupillkassa
1413 797 126 43 bidrag
1566 797 40 34 af
1630 798 216 42 statsmedel,

217 847 252 34 motsvarande
514 846 62 46 1'/,
616 851 147 39 procent
804 845 137 46 årligen
977 845 45 45 på
1062 857 159 24 summan
1262 847 40 34 af
1327 848 42 33 de
1396 848 99 33 löner
1523 848 64 33 och
1615 848 231 34 beklädnads-

215 898 139 43 bidrag,
395 898 125 33 hvilka
561 898 112 43 enligt
712 899 165 43 gällande
918 898 221 43 stadganden
1176 898 122 33 kunna
1325 898 126 43 läggas
1478 898 56 33 till
1560 899 116 42 grund
1703 899 61 33 vid
1791 900 55 33 be-

217 949 238 33 stämmandet
496 948 40 34 af
572 948 302 44 fyllnadspension
913 948 55 34 för
999 948 96 34 befäl
1123 948 65 34 och
1215 948 210 34 underbefäl
1451 949 79 33 med
1556 949 204 34 vederlikar
1787 950 60 34 vid

216 1000 122 40 hären,
367 1002 92 30 samt
486 999 55 33 för
569 997 127 36 sådant
723 997 165 36 ändamål
914 996 21 37 å
962 999 214 34 riksstatens
1203 999 127 33 nionde
1359 999 217 35 hufvudtitel
1603 999 56 34 för
1685 997 41 36 år
1750 1001 97 32 1884

216 1049 160 43 uppföra,
417 1050 114 33 under
566 1050 214 43 benämning
811 1050 147 43 »bidrag
985 1050 55 33 till
1067 1049 250 44 pensionering
1345 1049 39 34 af
1409 1050 110 33 enkor
1547 1050 64 33 och
1638 1051 89 32 barn
1756 1050 92 34 efter

217 1100 95 34 befäl
353 1100 65 33 och
458 1100 209 34 underbefäl
707 1101 78 33 med
825 1100 204 35 vederlikar
1068 1100 60 34 vid
1168 1100 148 43 hären»,
1359 1102 52 32 ett
1453 1100 175 34 ordinarie
1657 1101 126 43 anslag
1811 1102 39 32 at

219 1151 135 43 67,708
383 1151 148 43 kronor;

358 1200 74 34 dels
464 1198 130 46 tillåta,
624 1203 55 32 att
707 1201 40 34 af
771 1198 133 36 sådana
932 1201 123 42 medel,
1085 1210 72 24 som
1186 1200 91 34 efter
1308 1202 96 32 1884
1432 1198 57 36 ärs
1517 1198 134 46 ingång
1678 1202 168 43 besparas

216 1251 55 33 för
310 1251 209 43 ledigblifna
551 1251 152 44 tjenster
730 1252 60 34 vid
817 1252 122 42 hären,
968 1251 109 33 innan
1105 1251 177 33 desamma
1310 1248 248 47 återbesättas,
1587 1249 57 36 må
1671 1252 175 34 bestridas

217 1299 39 36 så
284 1302 59 34 väl
371 1301 66 34 den
465 1302 260 43 pensionering,
755 1302 145 34 hvilken
927 1298 117 47 någon
1063 1301 52 34 tid
1136 1301 180 44 framgent
1330 1302 157 33 kommer
1503 1304 54 31 att
1571 1299 120 46 åligga
1707 1303 139 33 arméns

215 1352 208 34 nuvarande
465 1352 102 34 enke-
610 1353 64 33 och
714 1352 230 44 pupillkassa,
986 1352 11 33 i
1036 1352 66 33 den
1138 1349 81 36 mån
1247 1352 60 33 det
1334 1349 38 37 åt
1399 1352 115 34 denna
1541 1353 106 33 kassa
1676 1350 40 36 år
1747 1355 97 32 1884

217 1406 96 30 ännu
353 1400 203 36 bibehållna
596 1403 139 43 kapital
772 1402 110 44 jemte
918 1403 52 33 dit
1010 1402 197 43 inflytande
1248 1402 147 44 afgifter
1422 1402 78 35 icke
1528 1400 120 45 förslå,
1679 1413 72 24 som
1780 1404 65 33 ock

214 1452 295 44 pensioneringen
541 1453 40 33 af
610 1454 88 43 dem,
732 1453 123 34 hvilka
882 1453 110 33 redan
1019 1456 61 30 äro
1109 1453 86 33 eller
1222 1452 93 34 inom
1347 1454 96 32 1884
1470 1450 58 36 års
1555 1451 137 45 utgång
1720 1454 124 42 skulle,

214 1504 78 33 med
320 1503 225 44 tillämpning
573 1503 40 33 af
636 1514 48 23 nu
711 1504 164 43 gällande
903 1503 233 43 stadganden,
1166 1513 89 24 vara
1283 1504 225 42 berättigade
1536 1504 55 33 till
1605 1504 145 42 pension
1765 1502 81 36 från

215 1554 69 42 det,
328 1554 112 33 under
479 1554 215 43 benämning
739 1554 304 43 »pensionsstaten
1083 1553 54 34 för
1165 1553 154 34 militäre
1347 1555 144 32 embets-
1521 1554 64 33 och
1613 1554 232 43 tjenstemäns

218 1607 91 30 samt
337 1603 316 35 wunderofficerares
682 1605 109 33 enkor
819 1604 65 33 och
911 1604 127 42 barn»,
1068 1601 20 36 å
1116 1604 128 33 nionde
1271 1603 243 35 hufvudtiteln
1532 1604 174 44 uppförda
1721 1606 125 42 anslag

221 1651 20 36 2
272 1656 135 41 50,000
436 1655 146 43 kronor;

353 1703 74 35 dels
468 1705 58 34 ock
565 1715 43 23 ur
635 1704 194 34 riksstaten
857 1705 54 33 för
938 1702 41 36 år
1010 1706 96 32 1884
1134 1705 157 34 utesluta
1319 1705 216 34 sistberörda
1563 1706 136 43 anslag,
1726 1708 120 32 röstar

991 1804 66 45 Ja;

365 1921 92 44 Den,
487 1923 60 33 det
575 1922 31 44 ej
636 1923 73 43 vill,
738 1925 118 31 röstar

984 2039 89 45 Nej;

352 2155 141 35 Vinner
533 2155 84 45 Nej,
660 2157 66 33 har
766 2156 131 45 Kongl.
940 2157 127 45 Maj:ts
1107 2158 136 45 förslag
1284 2159 221 35 beträffande
1532 2161 247 43 pensionering
1806 2161 40 33 af

212 2206 115 33 enkor
367 2207 64 33 och
472 2208 89 33 barn
603 2207 91 34 efter
733 2207 95 34 befäl
869 2209 64 33 och
970 2209 209 34 underbefäl
1207 2221 43 24 m.
1280 2210 34 34 fl.
1344 2210 59 34 vid
1431 2211 111 33 hären
1570 2212 78 34 icke
1676 2212 39 34 af
1738 2211 103 34 Riks-

212 2256 113 44 dagen
353 2256 160 45 bifallits,
543 2267 77 24 men
650 2258 56 33 det
736 2258 125 34 hittills
889 2260 112 33 under
1028 2260 169 34 rubriken
1233 2275 11 16 »
1253 2261 155 34 Arméns
1439 2261 284 42 pensionskassa:
1754 2261 87 34 Pen-
