2270 2640
441 181 17 29 6
883 187 360 37 Bevillningsutskottets
1272 190 198 30 Betänkande
1495 191 55 29 N:o
1578 194 46 29 10.

438 262 171 46 punkten
638 263 58 35 för
729 263 210 36 motionens
980 264 229 49 behandling
1238 267 13 34 i
1279 266 219 49 Riksdagen
1528 275 99 30 ännu
1656 272 85 36 icke
1771 275 98 35 trädt
1897 275 12 35 i
1939 274 110 36 kraft.

438 315 70 36 Att
536 316 103 35 detta
668 316 83 35 skäl
779 329 66 23 var
873 317 213 47 afgörande,
1131 323 130 44 syntes
1304 321 69 35 ock
1410 322 144 47 framgå
1583 323 41 35 af
1649 326 73 35 den
1752 328 297 48 öfverläggning,

438 381 76 23 som
545 369 12 35 i
587 370 157 35 ärendet
772 370 94 47 ägde
896 384 81 22 rum
1007 371 12 36 i
1049 371 131 37 Andra
1199 374 240 45 Kammaren,
1463 377 66 34 där
1548 376 117 37 likväl
1686 390 46 23 en
1753 380 40 34 af
1808 381 242 49 bevillnings-

437 423 203 35 utskottets
670 423 223 36 ordförande
936 425 12 35 i
991 426 184 36 utskottet
1205 427 165 47 afgifven
1399 430 229 36 reservation
1658 431 113 48 kring
1799 433 57 47 sig
1884 436 166 35 samlade

440 478 46 32 57
516 479 129 33 röster.
704 477 135 36 Denna
867 479 229 36 reservation
1125 480 89 47 gick
1253 484 41 32 ut
1325 484 58 45 på,
1425 486 55 32 att
1508 484 221 47 Riksdagen
1759 488 112 34 måtte
1900 487 14 34 i
1944 489 106 35 skrif-

436 529 101 35 velse
566 529 58 36 till
653 530 140 47 Kungl.
826 531 110 49 Maj:t
965 533 159 44 anhålla,
1157 536 55 34 att
1240 535 139 47 Kungl.
1413 536 110 49 Maj:t
1547 540 113 33 måtte
1691 539 75 35 låta
1794 540 175 36 verställa
1998 546 51 31 ut-

434 583 172 47 redning,
651 584 186 36 huruvida
878 586 85 35 med
1005 587 146 48 hänsyn
1194 587 58 36 till
1286 588 628 52 brännvinsförsäljningsbolagens
1945 595 104 35 verk-

435 636 146 36 samhet
609 640 193 45 strängare
832 639 398 38 kontrollföreskrifter
1259 647 47 30 än
1336 643 57 44 de,
1438 656 77 24 som
1550 645 129 47 gifvits
1708 646 13 35 i
1750 646 129 48 kungl.
1910 647 138 36 förord-

434 689 142 48 ningen
606 691 73 35 den
711 694 20 33 9
758 692 85 48 juni
880 695 100 33 1905
1026 696 195 45 angående
1257 696 223 48 försäljning
1510 698 39 35 af
1576 699 195 45 brännvin,
1803 701 126 36 kunde
1960 714 88 24 vara

435 743 243 48 erforderliga
707 745 178 37 särskildt
913 747 13 35 i
956 747 174 36 afseende
1161 751 21 32 å
1211 749 212 48 förskäring
1452 752 41 34 af
1518 752 200 47 spirituosa
1748 754 68 35 och
1845 755 75 45 vin,
1952 759 97 33 samt

433 797 57 35 till
532 798 221 47 Riksdagen
795 799 191 37 inkomma
1029 803 84 34 med
1157 803 46 34 de
1243 802 149 48 förslag,
1439 805 151 36 hvartill
1626 807 252 47 utredningen
1919 809 127 36 kunde

431 850 204 38 föranleda.

540 905 129 36 Under
698 906 72 35 den
800 907 65 44 tid,
907 908 73 35 den
1017 920 73 36 nya
1119 908 267 49 förordningen
1415 911 173 37 befunnit
1617 914 57 46 sig
1704 914 11 35 i
1746 913 109 45 kraft,
1885 915 69 36 har
1984 917 63 35 det

433 958 207 36 emellertid
684 959 97 36 visat
823 960 69 47 sig,
938 965 54 32 att
1035 963 43 34 de
1123 962 364 47 missförhållanden,
1519 970 75 32 mot
1623 967 130 36 hvilka
1778 968 83 36 mitt
1890 970 156 36 anförda

431 1011 139 47 förslag
598 1012 149 37 riktade
781 1013 68 47 sig,
893 1015 85 35 icke
1021 1016 194 45 minskats,
1260 1021 90 32 utan
1390 1021 158 34 tvärtom
1580 1021 136 36 vunnit
1744 1021 217 48 ytterligare
1990 1027 55 33 ut-

431 1064 196 49 bredning.
688 1066 128 37 Såsom
859 1080 67 24 var
968 1072 54 33 att
1063 1073 123 42 vänta,
1232 1071 48 35 ha
1324 1071 109 37 äfven
1471 1073 90 36 flera
1591 1074 40 35 af
1656 1075 46 34 de
1732 1087 73 36 nya
1833 1075 160 48 bolagen
2024 1080 20 33 å

431 1119 262 48 landsbygden
734 1121 117 35 redan
893 1123 120 35 under
1051 1123 64 36 sitt
1149 1124 116 36 första
1294 1125 301 38 verksamhetsår
1622 1127 116 37 infört
1767 1128 276 39 okontrollbara

431 1172 303 37 arbetsmetoder.
792 1175 72 47 Jag
907 1176 121 36 finner
1070 1178 124 35 därför
1232 1178 85 36 fullt
1361 1179 82 36 skäl
1486 1183 65 42 att,
1595 1182 117 35 sedan
1742 1183 156 35 sålunda
1927 1185 116 47 nödig

430 1227 213 36 erfarenhet
685 1228 154 36 vunnits
882 1242 58 22 om
977 1231 71 34 den
1077 1243 75 35 nya
1181 1231 288 49 förordningens
1500 1235 229 47 verkningar
1758 1236 12 35 i
1798 1236 244 38 förevarande

430 1280 188 46 afseende,
650 1284 81 33 åter
754 1282 209 48 framlägga
994 1284 81 36 mitt
1103 1285 152 47 förslag.

536 1334 57 35 De
637 1335 252 47 nytillkomna
931 1338 234 47 Konungens
1208 1339 436 48 befallningshafvandes
1687 1343 136 36 ombud
1871 1345 11 34 i
1914 1345 128 35 veder-

427 1387 165 36 börande
635 1388 313 50 bolagsstyrelser
989 1392 48 35 ha
1080 1392 32 48 ej
1157 1392 120 36 heller
1318 1394 96 36 varit
1454 1395 12 35 i
1510 1396 109 35 stånd
1663 1399 54 33 att
1753 1398 83 34 med
1865 1398 175 47 gällande

428 1440 128 37 oklara
585 1441 283 38 bestämmelser
897 1444 190 37 verksamt
1115 1445 151 49 ingripa
1294 1447 57 36 till
1380 1448 281 49 förebyggande
1692 1451 41 34 af
1758 1452 198 35 desamma.

535 1495 144 37 Genom
711 1497 74 35 den
814 1498 111 35 ärade
954 1498 164 37 ledamot
1146 1501 41 34 af
1212 1500 424 49 bevillningsutskottet,
1669 1516 78 24 som
1774 1506 119 34 under
1914 1506 126 36 debat-

426 1551 64 33 ten
532 1549 13 35 i
584 1550 217 36 kammaren
830 1552 93 35 först
953 1553 96 35 hade
1079 1554 116 44 ordet,
1228 1554 80 36 blef
1334 1556 207 36 emellertid
1570 1558 165 47 upplyst,
1769 1562 53 32 att
1851 1559 111 36 äfven
1993 1572 45 24 en

426 1614 126 24 annan
580 1604 196 47 synpunkt
801 1605 119 47 spelat
949 1605 39 36 in
1017 1607 68 35 och
1114 1607 57 36 för
1199 1608 184 37 utskottet
1411 1610 98 36 varit
1528 1611 376 37 medbestämmande.
1964 1614 75 36 Det

426 1657 108 35 sades
563 1658 203 46 nämligen,
799 1662 54 32 att
882 1659 189 37 motionen
1099 1660 13 36 i
1143 1662 124 35 denna
1293 1662 59 35 del
1379 1662 94 37 blott
1494 1665 68 34 och
1581 1664 84 36 bart
1685 1678 86 24 vore
1792 1669 54 33 att
1864 1666 175 37 betrakta

425 1722 76 23 som
547 1713 53 34 ett
641 1712 126 47 utslag
811 1712 40 35 af
876 1714 72 34 den
982 1713 254 37 intressestrid
1267 1716 136 35 mellan
1432 1717 258 49 vinförsäljare
1721 1719 68 36 och
1817 1720 219 37 brännvins-

424 1763 172 47 bolagen,
642 1777 79 23 som
765 1766 40 35 af
835 1767 180 46 gammalt
1043 1768 54 35 lär
1126 1769 47 35 ha
1204 1769 189 36 existerat.
1454 1771 123 36 Saken
1606 1772 239 47 uppfattades
1875 1786 77 24 som
1984 1778 53 32 ett

425 1819 179 45 spörsmål
643 1831 72 31 om,
761 1820 186 36 huruvida
989 1820 287 48 ifrågavarande
1305 1824 255 47 förskäringar
1587 1825 182 37 innebure
1797 1830 124 44 någon
1951 1829 85 35 eko-

424 1871 147 35 nomisk
613 1872 121 36 fördel
761 1873 58 35 för
846 1873 160 48 bolagen
1041 1875 90 36 eller
1160 1876 95 36 icke.
1313 1878 75 35 Det
1417 1881 136 44 ansågs
1583 1880 145 35 således
1757 1880 83 36 icke
1871 1882 63 35 det
1962 1881 74 36 rin-

423 1928 105 43 gaste
553 1925 132 36 beröra
714 1927 272 47 nykterhetens
1020 1929 168 46 intresse,
1226 1943 87 23 vare
1342 1931 57 47 sig
1429 1933 64 35 det
1520 1932 80 36 blef
1625 1933 31 35 si
1686 1934 92 35 eller
1806 1937 50 42 så,
1888 1936 70 34 och
1988 1936 46 34 då

423 1977 138 45 kunde,
606 1980 104 35 hette
754 1981 72 44 det,
871 1981 368 49 brännvinsbolagen
1279 1984 77 36 lika
1396 1991 118 41 gärna
1555 1986 168 36 förskära
1753 2000 75 23 som
1860 1988 174 36 enskilda

424 2032 294 37 handelsfirmor.
776 2035 59 34 En
865 2036 117 34 sådan
1011 2038 194 46 synpunkt
1234 2037 66 36 bör
1333 2038 118 47 enligt
1480 2039 83 36 mitt
1590 2041 242 35 förmenande
1862 2041 86 35 vika
1978 2042 56 35 för

424 2085 72 35 den
524 2085 56 36 för
609 2088 168 47 styrelse,
808 2089 185 35 revisorer
1022 2090 67 35 och
1119 2091 64 36 det
1213 2091 187 36 allmänna
1417 2093 106 47 långt
1549 2093 197 48 viktigare,
1768 2095 190 46 nämligen
1979 2098 54 33 att

421 2139 38 35 få
501 2140 147 47 verklig
691 2141 166 36 kontroll
899 2143 12 34 i
951 2142 168 48 bolagen.
1180 2145 81 35 Och
1290 2141 67 52 jag
1385 2149 77 33 tror
1491 2148 239 46 näppeligen,
1762 2151 53 32 att
1843 2151 123 33 staten
1996 2150 41 35 af

422 2193 139 35 sådana
590 2194 83 35 skäl
703 2194 122 37 skulle
857 2196 90 48 vilja
975 2197 169 47 uppoffra
1175 2211 66 23 ens
1271 2202 122 44 någon
1425 2201 60 34 del
1516 2202 39 34 af
1572 2202 70 34 den
1658 2201 176 36 effektiva
1853 2201 175 46 kontroll,

422 2258 76 24 som
530 2248 145 36 utöfvas
706 2249 104 36 öfver
839 2250 293 48 tillverkningen
1168 2252 41 36 af
1240 2252 195 38 brännvin.
1495 2255 74 36 Det
1600 2255 175 48 behöfver
1793 2255 56 36 väl
1865 2257 164 35 emeller-
