2236 2616
728 191 257 32 Statsutskottets
1006 191 166 32 utlåtande
1194 191 53 31 Nr
1270 193 49 28 49.
1788 191 14 29 1

936 624 67 39 Nr
1030 624 78 40 49.

703 756 126 28 Ankom
853 756 48 28 till
926 756 188 37 riksdagens
1138 756 104 28 kansli
1266 756 62 27 den
1354 756 36 27 13
1415 756 81 37 april
1521 756 78 28 1923
1623 756 41 28 kl.
1693 756 12 27 I
1731 764 25 20 e.
1782 765 39 18 m.

533 873 197 36 Utlåtande
756 874 14 35 i
797 873 195 48 anledning
1020 886 45 23 av
1093 873 134 49 Kungl.
1254 873 128 48 Maj:ts
1394 873 228 48 proposition
1641 873 183 48 angdende

626 933 129 49 bidrag
784 946 44 22 av
859 933 219 48 trafikmedel
1105 933 57 35 till
1190 934 238 35 anordnande
1455 933 14 36 i
1487 933 161 36 utlandet
1666 945 44 23 av
1730 945 93 35 upp-

627 993 177 48 lysnings-
834 994 61 35 och
923 993 362 36 reklamverksamhet.
1570 992 74 48 (4:e
1674 991 97 49 avd.)

324 1095 63 37 Uti
418 1108 45 24 en
492 1095 56 36 till
576 1095 205 49 riksdagen
810 1096 72 36 den
902 1098 46 34 26
965 1095 150 49 januari
1137 1097 96 35 1923
1254 1096 147 36 avlåten
1420 1095 235 49 proposition
1676 1094 58 49 (nr
1749 1095 72 48 26),

222 1147 128 37 vilken
370 1147 195 37 hänvisats
586 1147 55 36 till
661 1148 279 36 statsutskottet
959 1148 57 36 för
1035 1147 270 38 förberedande
1329 1147 243 50 behandling,
1592 1148 68 36 har
1681 1147 141 48 Kungl.

221 1199 119 49 Maj:t,
382 1199 120 37 under
542 1199 238 49 åberopande
821 1213 47 22 av
899 1200 287 49 propositionen
1213 1200 149 48 bifogat
1389 1199 137 48 utdrag
1555 1213 45 22 av
1628 1199 195 37 statsråds-

222 1251 227 49 protokollet
477 1255 89 33 över
593 1251 512 37 kommunikationsärenden
1133 1251 57 36 för
1218 1265 142 23 samma
1389 1250 87 50 dag,
1504 1251 199 49 föreslagit
1729 1251 94 36 riks-

222 1303 123 49 dagen
388 1309 55 30 att
484 1303 57 36 till
580 1303 245 36 anordnande
866 1303 11 36 1
909 1303 170 37 utlandet
1107 1316 47 23 av
1172 1303 271 49 upplysnings-
1478 1303 69 37 och
1573 1302 251 38 reklamverk-

221 1354 147 37 samhet
396 1355 12 35 i
441 1354 100 49 syfte
573 1360 55 30 att
655 1355 135 48 främja
818 1355 162 36 trafiken
1000 1355 56 35 till
1080 1354 158 49 Sverige
1265 1357 61 33 må
1354 1367 48 23 av
1430 1360 142 31 statens
1596 1355 226 48 järnvägars

221 1406 236 36 trafikmedel
483 1406 187 37 utbetalas
699 1406 137 49 bidrag
863 1407 85 36 med
978 1406 149 50 belopp,
1156 1419 80 24 som
1265 1406 141 48 Kungl.
1428 1406 106 49 Maj:t
1564 1407 98 36 efter
1694 1406 128 36 därom

220 1457 112 50 gjord
361 1457 282 49 framställning
669 1458 76 36 kan
773 1458 102 36 finna
902 1458 83 36 skäl
1012 1457 215 37 bestämma.

324 1509 238 37 Beträffande
601 1509 254 50 utredningen
896 1510 12 37 i
941 1510 153 36 ärendet
1123 1510 56 36 får
1207 1509 186 37 utskottet
1421 1509 159 38 hänvisa
1608 1509 56 37 till
1694 1509 128 37 åbero-

220 1562 96 49 pade
344 1562 425 49 statsrådsprotokollet.

325 1664 124 38 Sedan
477 1665 91 36 flera
596 1667 39 34 år
663 1664 157 37 tillbaka
848 1665 68 36 har
936 1665 58 36 för
1013 1664 45 37 de
1078 1664 163 37 svenska
1259 1664 286 37 statsbanornas
1566 1664 58 36 del
1643 1663 179 38 bedrivits

220 1717 272 49 upplysnings-
521 1717 70 36 och
617 1716 386 37 reklamverksamhet
1030 1716 12 36 i
1069 1716 184 47 utlandet,
1274 1716 72 36 och
1368 1716 69 36 har
1451 1716 371 49 järnvägsstyrelsen

222 1769 57 36 för
306 1768 103 37 detta
435 1768 175 37 ändamål
634 1782 46 23 av
704 1768 141 49 Kungl.
861 1768 110 49 Maj:t
986 1768 202 49 medgivits
1203 1773 76 31 rätt
1294 1773 55 31 att
1364 1768 199 49 disponera
1578 1767 244 49 erforderliga

219 1820 139 50 belopp
379 1821 83 36 från
478 1820 245 37 trafikmedel.
762 1821 133 36 Första
909 1823 153 46 gången
1076 1819 107 37 torde
1199 1819 122 50 dylikt
1337 1819 135 50 anslag
1486 1820 97 36 hava
1597 1819 174 49 beviljats
1782 1822 40 34 år

224 1874 109 35 1903.
403 1872 448 37 Reklamverksamheten
892 1872 68 36 har
999 1871 303 49 huvudsakligen
1344 1871 307 37 omhänderhafts
1693 1885 47 22 av
1775 1885 47 23 en

222 1924 159 37 särskild
423 1927 41 33 år
506 1925 97 36 1902
636 1924 128 37 bildad
793 1924 268 49 organisation,
1090 1923 438 47 turisttrafikförbundet,
1569 1936 155 24 numera
1760 1924 61 36 be-

220 1982 130 30 nämnt
387 1976 163 37 svenska
581 1976 328 37 trafikförbundet.
1013 1990 18 21 r
1073 1977 97 35 1909
1212 1976 206 36 inrättades
1445 1975 118 37 under
1590 1975 157 49 ledning
1774 1988 47 23 av

221 2028 101 37 detta
353 2028 161 37 förbund
543 2041 45 24 en
616 2028 177 49 resebyrå
821 2029 12 35 i
860 2028 128 37 Berlin
1017 2028 69 36 och
1114 2031 40 33 år
1185 2029 97 35 1913
1312 2040 46 24 en
1389 2028 90 48 byrå
1507 2028 12 35 i
1547 2027 118 48 Paris,
1694 2027 127 36 vilken

220 2093 131 24 senare
392 2080 206 37 emellertid
631 2080 119 36 under
777 2080 212 48 krigstiden
1016 2093 68 23 var
1111 2079 198 49 indragen;
1340 2079 71 37 den
1440 2079 161 37 svenska
1628 2079 193 49 resebyrå-

221 2132 284 36 verksamheten
532 2132 12 36 i
572 2132 107 37 Paris
702 2132 126 36 kunde
847 2132 96 36 först
962 2134 40 34 år
1023 2133 95 35 1921
1141 2134 280 47 återupptagas.
1468 2131 184 48 Anslaget
1670 2131 56 36 till
1746 2131 75 37 för-

221 2183 141 38 bundet
402 2184 67 36 har
509 2186 126 47 utgått
671 2184 85 36 med
785 2184 100 36 olika
924 2183 139 50 belopp
1104 2183 119 37 under
1263 2183 101 37 olika
1392 2186 49 33 år.
1499 2183 13 37 I
1541 2183 104 49 regel
1672 2182 68 37 har
1766 2188 55 31 ett

220 2235 293 50 maximibelopp
541 2236 98 36 varit
667 2236 180 37 fastställt
874 2236 12 36 i
913 2235 308 37 kostnadsstaten
1263 2235 59 36 för
1349 2240 142 32 statens
1514 2235 208 49 järnvägar
1750 2235 70 36 och

220 2287 298 50 utanordningar
546 2288 164 36 därifrån
738 2288 120 49 gjorts
886 2288 13 36 i
926 2290 86 34 mån
1041 2301 46 23 av
1114 2287 134 37 behov.
1304 2287 129 37 Under
1460 2287 183 37 kristiden
1661 2299 93 24 voro
1774 2286 46 37 de
