2231 2675
405 166 40 33 76
871 161 256 34 .Statsutskottets
1149 158 163 35 utlåtande
1334 157 54 35 Nr
1411 159 30 33 7.

145 267 120 32 stjernan
284 265 42 31 för
891 248 55 32 att
984 243 220 49 Riksdagen
1246 243 60 35 må
1345 239 121 38 under
1494 238 45 38 de
1567 238 148 47 villkor,
1744 249 82 24 som
1855 236 105 37 inne-

135 301 208 69 FO
763 298 113 36 fattas
918 297 12 35 i
972 296 62 37 det
1074 294 137 38 mellan
1247 293 143 49 Kungl.
1420 292 108 49 Maj:t
1556 291 71 37 och
1655 290 157 47 kronan,
1842 291 21 34 å
1890 301 70 24 ena

158 351 168 59 ängfartygs-
763 350 120 48 sidan,
926 354 97 32 samt
1063 346 382 50 rederiaktiebolaget
1477 343 288 50 Nordstjernan,
1796 345 20 34 å
1844 341 118 38 andra

156 404 160 70 förbindelse
764 403 118 47 sidan,
918 401 186 38 afslutade
1145 399 191 47 kontrakt,
1366 399 40 36 af
1431 398 63 37 det
1523 397 40 37 af
1588 396 219 49 Riksdagen
1835 397 125 35 såsom

134 453 109 53 "lamt
261 452 84 52 La
763 455 207 37 understöd
998 454 55 37 till
1080 452 384 48 rederiaktiebolaget
1481 449 275 50 Nordstjernan
1769 448 66 46 för
1854 460 108 35 uppe-

163 516 147 25 Plata-län-
765 510 169 36 hållande
953 507 118 37 under
1091 509 88 35 åren
1201 505 251 37 1911—1915
1474 503 48 45 af
1534 503 243 46 regelbunden
1796 502 166 46 ångbåts-

165 548 81 68 forna
262 552 47 60 och
759 562 225 45 förbindelse
1025 561 132 36 mellan
1191 560 143 44 Sverige
1361 561 93 33 samt
1480 557 57 35 La
1564 555 304 37 Plata-länderna
1897 554 65 36 och

196 619 94 59 [44.]
762 614 188 37 Brasilien
977 611 188 51 beviljade
1194 610 135 50 anslag
1357 610 41 37 af
1423 609 164 48 500,000
1614 608 140 37 kronor
1780 609 48 48 på
1857 613 105 30 extra

764 672 74 32 stat
866 667 60 36 för
954 668 41 35 år
1025 667 97 35 1913
1152 664 131 37 anvisa
1311 667 54 33 ett
1392 662 138 49 belopp
1561 661 39 36 af
1627 661 161 47 100,000
1809 659 151 37 kronor.

140 842 142 27 Understöd
303 843 39 23 till
492 825 100 50 44:0)
622 824 87 38 Med
736 822 267 51 tillstyrkande
1033 822 40 36 af
1094 821 104 37 bifall
1217 820 57 37 till
1294 819 100 37 hvad
1413 818 142 49 Kungl.
1576 817 107 50 Maj:t
1703 816 119 37 under
1840 815 123 51 punkt

152 879 174 60 aktiebolaget
362 881 48 36 45
454 879 41 37 af
532 878 122 38 denna
694 875 229 38 hufvudtitel
959 873 209 50 föreslagit,
1203 873 57 36 får
1286 872 196 47 utskottet,
1511 870 121 37 under
1659 868 237 50 åberopande
1926 868 41 36 af

136 950 124 25 asiatiska
276 949 67 24 kom-
363 932 100 38 hvad
492 929 413 51 statsrådsprotokollet
934 927 83 50 (sid.
1049 925 216 50 329—333)
1293 925 13 36 i
1335 923 155 38 ärendet
1508 922 222 47 innehåller,
1751 920 210 48 hemställa,

162 986 92 31 paniet
272 986 41 29 för

145 1022 189 66 upfehållande
894 1038 54 31 att
976 1032 220 48 Riksdagen
1224 1033 61 34 må

137 1091 206 68 HERE
894 1086 34 49 a)
958 1085 84 37 utaf
1059 1084 63 37 det
1142 1084 41 36 af
1198 1082 223 49 Riksdagen
1441 1083 122 35 såsom
1583 1080 197 37 understöd
1799 1080 36 35 åt
1855 1079 107 35 aktie-

154 1163 65 24 delse
238 1162 96 24 mellan
767 1140 135 46 bolaget
929 1139 150 37 svenska
1108 1137 227 37 ostasiatiska
1365 1136 205 45 kompaniet
1593 1133 59 36 för
1673 1132 153 37 fortsatt
1845 1143 118 37 uppe-

154 1193 108 69 Sverige
274 1197 52 59 och
765 1192 176 36 hållande
982 1190 119 36 under
1141 1188 105 36 tiden
1292 1190 17 33 1
1347 1183 152 65 augusti
1535 1186 200 36 1912—31
1767 1178 198 67 december

195 1250 109 66 [45.]
769 1245 96 36 1917
896 1243 41 37 af
951 1241 259 51 regelbunden
1230 1237 395 51 ångbåtsförbindelse
1646 1235 138 38 mellan
1805 1234 159 50 Sverige

767 1296 71 37 och
858 1294 175 38 Ostasien
1052 1293 188 49 beviljade
1261 1290 343 50 förslagsanslaget
1623 1292 20 34 å
1663 1289 115 49 högst
1799 1288 165 46 985,000

766 1349 141 36 kronor
936 1353 53 31 att
1013 1347 119 49 jämte
1152 1344 304 50 besparingarna
1475 1345 19 34 å
1514 1343 62 36 det
1596 1342 41 36 af
1656 1342 95 36 1907
1775 1344 59 33 års
1854 1339 110 37 Riks-

767 1401 76 49 dag
871 1400 56 37 till
955 1399 152 48 bolaget
1135 1398 59 36 för
1221 1397 178 37 liknande
1426 1395 174 37 ändamål
1623 1393 188 49 beviljade
1831 1393 135 48 anslag

767 1453 41 37 af
822 1453 202 47 1,850,000
1044 1451 139 36 kronor
1197 1452 49 47 på
1261 1449 46 36 de
1322 1448 149 46 villkor,
1487 1447 141 49 Kungl.
1646 1446 110 49 Maj:t
1772 1445 12 36 i
1799 1444 165 37 hufvud-

767 1505 124 49 saklig
920 1501 397 40 öfverensstämmelse
1345 1500 85 37 med
1450 1500 45 36 de
1517 1500 12 36 i
1550 1496 416 51 statsrådsprotokollet

767 1558 108 36 öfver
915 1555 290 37 finansärenden
1247 1554 71 36 den
1355 1555 18 33 7
1405 1552 95 49 april
1531 1553 95 35 1911
1656 1550 159 37 rörande
1843 1549 123 36 denna

765 1610 111 48 fråga
917 1608 159 49 angifna
1117 1606 168 49 grunder
1325 1607 61 34 må
1422 1604 103 37 finna
1554 1602 142 49 skäligt
1725 1600 240 47 föreskrifva,

766 1661 189 37 utbetalas
996 1659 57 37 till
1094 1658 165 49 bolaget,
1303 1660 20 34 å
1364 1661 106 33 extra
1505 1660 75 33 stat
1612 1655 58 36 för
1698 1657 40 34 år
1769 1655 109 45 1913,
1909 1652 58 37 för

767 1713 191 49 gäldande
985 1712 99 37 intill
1114 1712 47 36 60
1189 1715 157 45 procent
1375 1709 41 37 af
1441 1709 31 49 ej
1504 1708 147 37 mindre
1680 1707 45 37 de
1754 1706 41 37 af
1809 1705 157 49 bolaget

767 1766 60 36 för
855 1766 84 36 dess
968 1765 129 48 fartyg
1124 1763 155 49 erlagda
1298 1762 156 48 afgifter
1479 1762 5 35 i
1505 1759 260 39 Suezkanalen
1786 1763 47 32 än
1853 1757 113 37 äfven

767 1818 168 50 följande
955 1816 85 37 med
1060 1815 247 50 passerandet
1323 1815 41 35 af
1375 1814 162 36 kanalen
1553 1811 180 38 förenade
1748 1809 218 48 kostnader,

766 1870 194 50 nämligen
979 1869 79 50 fyr-
1080 1868 71 37 och
1173 1866 242 49 båkafgifter,
1435 1865 158 50 utgifter
1613 1864 58 37 för
1691 1863 275 48 sundhetspass

768 1922 71 38 och
868 1923 163 36 sanitära
1060 1919 164 51 afgifter,
1254 1919 156 49 afgifter
1437 1918 57 37 för
1521 1917 87 37 tull-
1636 1916 71 37 och
1731 1915 237 37 hamnklare-

767 1976 87 48 ring
874 1979 98 32 samt
992 1973 155 50 afgifter
1167 1973 59 36 för
1243 1971 174 49 lotsning
1435 1970 121 37 under
1575 1974 133 32 natten
1723 1968 12 36 i
1750 1968 92 36 Port
1858 1966 109 38 Saids

767 2027 127 47 hamn,
925 2026 132 38 anvisa
1084 2030 54 32 ett
1162 2024 136 49 belopp
1320 2024 39 36 af
1373 2023 115 48 högst
1508 2023 165 47 210,000
1693 2021 154 43 kronor;
1869 2024 98 31 samt

897 2079 37 49 b)
969 2077 196 50 medgifva
1194 2081 53 32 att
1275 2076 56 37 till
1359 2074 214 39 beredande
1602 2074 41 36 af
1667 2072 135 38 sådant
1830 2071 136 38 under-

769 2132 85 36 stöd
896 2134 38 34 åt
974 2131 154 48 bolaget
1169 2128 119 38 under
1324 2131 39 34 år
1394 2129 96 35 1913
1522 2127 40 36 af
1585 2124 291 51 ifrågavarande
1904 2123 64 37 be-

768 2183 200 50 sparingar
1008 2184 62 36 må
1111 2181 192 37 användas
1346 2185 54 32 ett
1440 2179 139 50 belopp
1618 2178 40 37 af
1682 2177 116 49 högst
1828 2176 138 48 920,000

767 2233 153 57 kronor.
1152 2263 14 4 -
