2137 2667
397 165 42 31 48
870 158 249 33 Statsutskottets
1142 154 162 33 utlåtande
1328 153 53 31 Nr
1404 152 29 32 7.

356 244 150 48 antalet,
536 243 107 38 torde
672 239 207 39 emellertid
907 238 12 37 i
948 240 41 35 så
1017 237 66 37 fall
1112 236 101 45 böra,
1242 233 151 37 utöfver
1421 230 101 37 hvad
1549 228 142 50 Kungl.
1722 227 108 49 Maj:t
1854 226 96 37 före-

355 299 125 49 slagit,
510 297 66 37 där
606 293 177 39 anställas
811 292 225 51 ytterligare
1061 303 46 24 en
1131 293 104 33 extra
1255 284 186 40 ordinarie
1462 283 167 38 aktuarie
1649 280 83 38 med
1754 278 197 39 enahanda

356 351 154 38 arfvode
539 363 81 23 som
649 347 142 50 Kungl.
822 345 107 50 Maj:t
956 344 199 49 ifrågasatt
1183 341 58 36 för
1268 338 124 49 öfriga
1420 342 113 48 extra
1553 333 186 39 ordinarie
1759 331 192 38 aktuarier

354 405 64 36 vid
460 402 209 38 statistiska
710 399 274 49 centralbyrån,
1027 397 91 36 eller
1160 394 112 48 3,900
1304 392 151 36 kronor.
1510 392 36 34 Å
1574 388 71 37 den
1668 385 283 50 jordbrukssta-

357 457 150 37 tistiska
547 456 119 49 byrån
695 452 118 38 skulle
842 451 118 36 under
989 450 121 36 denna
1137 444 274 47 förutsättning
1438 443 152 36 komma
1619 445 53 31 att
1701 438 176 37 anställas
1906 450 47 23 en

355 510 116 37 förste
501 507 168 39 aktuarie
699 506 70 37 och
798 507 21 34 2
850 502 199 39 aktuarier.

486 562 60 36 En
565 558 264 39 motsvarande
850 556 214 47 anordning
1083 566 112 37 synes
1216 552 169 36 däremot
1403 549 84 36 icke
1510 561 90 22 vara
1619 544 206 49 tillrådlig
1816 539 14 68 i
1846 543 107 48 fråga

358 630 60 23 om
464 615 73 37 den
577 610 335 39 finansstatistiska
953 609 131 48 byrån,
1127 606 58 36 för
1226 603 153 38 hvilken
1408 601 72 37 den
1512 600 117 36 andra
1655 596 231 51 byråchefen
1914 599 41 32 är

358 668 143 37 afsedd.
546 667 52 35 På
617 665 152 36 ledaren
793 663 40 36 af
854 659 338 39 finansstatistiken
1212 656 71 38 och
1303 654 214 38 statistiken
1538 652 105 36 öfver
1662 651 293 36 kommunernas

356 721 166 36 finanser
564 729 113 38 synes
718 714 194 49 nämligen
952 713 92 36 böra
1081 710 127 37 ställas
1238 707 176 37 särskildt
1442 710 103 31 stora
1574 703 92 36 kraf.
1722 702 85 35 Han
1835 703 120 32 måste

357 787 92 22 vara
500 769 140 39 beredd
683 773 65 43 att,
791 767 151 36 utöfver
982 764 63 37 det
1085 761 209 51 periodiskt
1336 756 307 39 återkommande
1685 753 142 37 arbetet
1869 751 87 37 med

359 824 210 38 statistiska
608 820 235 47 berättelser,
886 818 125 36 utföra
1049 811 336 53 maktpåliggande
1415 810 71 37 och
1514 808 212 49 grannlaga
1754 805 200 50 specialut-

358 878 208 48 redningar
607 874 40 37 af
672 873 99 37 olika
799 871 94 49 slag.
953 869 147 37 Sådana
1126 867 79 37 lära
1233 866 59 36 för
1319 863 445 48 finansdepartementets
1791 856 167 49 räkning

362 930 148 38 fordras
543 930 106 48 gång
677 926 93 37 efter
799 937 122 24 annan
950 923 56 36 till
1033 920 159 48 ledning
1221 919 57 36 för
1307 913 416 51 skattelagstiftningen
1750 911 70 36 och
1848 914 109 32 stats-

362 982 256 49 regleringen,
661 978 158 37 framför
862 977 64 36 allt
965 971 439 47 inkomstberäkningen.
1461 968 74 35 Det
1576 979 113 37 synes
1718 964 123 36 därför
1868 975 91 23 vara

364 1034 178 50 önskligt,
573 1038 53 32 att
653 1031 153 38 ledaren
835 1029 42 37 af
901 1029 72 36 den
1001 1025 174 39 officiella
1197 1020 342 40 finansstatistiken
1563 1024 41 31 är
1624 1018 85 36 fullt
1731 1014 154 39 skickad
1906 1019 53 31 att

364 1102 82 23 som
485 1086 104 49 regel
625 1084 142 50 jämväl
803 1082 113 37 hafva
947 1079 205 48 ledningen
1183 1077 40 36 af
1249 1075 140 37 sådana
1417 1070 398 52 specialutredningar.
1872 1067 88 36 Men

365 1154 88 23 man
495 1139 106 36 torde
642 1138 11 35 i
693 1136 166 49 längden
900 1134 82 36 icke
1023 1132 128 36 kunna
1192 1129 174 37 förvänta
1393 1125 143 49 nödiga
1564 1122 301 38 kvalifikationer
1891 1120 69 36 hos

365 1191 270 38 innehafvaren
663 1189 40 35 af
727 1188 122 36 denna
875 1184 231 48 befattning,
1135 1181 85 36 med
1248 1179 146 37 mindre
1412 1179 76 34 han
1509 1177 70 35 blir
1599 1175 185 36 ordinarie
1804 1173 157 48 tjänste-

365 1258 88 23 man
481 1243 70 37 och
578 1240 249 38 tillförsäkras
857 1238 278 37 löneförmåner
1164 1236 123 34 såsom
1315 1229 191 51 byråchef.
1564 1227 196 38 Utskottet
1788 1225 66 36 har
1877 1223 84 37 där-

366 1297 59 36 för
466 1301 123 31 ansett
630 1294 61 48 sig
733 1292 127 36 kunna
903 1288 190 51 tillstyrka
1127 1286 142 48 Kungl.
1300 1284 129 48 Maj:ts
1458 1282 145 47 förslag
1631 1281 12 35 1
1671 1280 123 36 denna
1822 1277 69 47 del,
1922 1278 41 34 så

367 1348 150 50 mycket
545 1360 80 23 mer
653 1358 80 24 som
763 1342 309 51 organisationen
1097 1339 41 36 af
1163 1338 124 36 denna
1305 1336 93 49 byrå
1419 1339 40 31 är
1479 1336 40 34 så
1539 1332 190 50 afpassad,
1751 1335 65 42 att,
1837 1329 127 35 därest

367 1400 201 38 framdeles
596 1398 124 37 beslut
748 1395 120 38 skulle
896 1395 154 36 komma
1078 1396 54 32 att
1160 1391 114 35 fattas
1303 1401 60 23 om
1392 1385 253 51 upprättande
1674 1383 41 36 af
1740 1396 45 23 en
1805 1379 159 38 särskild

368 1452 187 38 statistisk
591 1452 94 48 byrå
712 1450 102 35 inom
843 1446 424 48 finansdepartementet
1295 1441 60 35 för
1382 1453 52 23 nu
1461 1436 289 50 ifrågavarande
1780 1432 184 47 ändamål,

369 1506 71 36 den
483 1504 40 37 af
562 1502 141 49 Kungl.
733 1501 110 49 Maj:t
871 1499 214 47 föreslagna
1113 1492 336 40 finansstatistiska
1476 1490 120 49 byrån
1625 1489 102 36 inom
1756 1484 211 39 statistiska

369 1557 264 48 centralbyrån
673 1555 73 35 kan
790 1552 85 37 med
915 1550 85 37 hela
1033 1549 59 36 sin
1119 1545 178 52 personal
1326 1543 239 49 öfverflyttas
1594 1542 82 35 från
1704 1538 263 48 centralbyrån

371 1610 55 36 till
454 1608 434 48 finansdepartementet.

500 1660 110 37 Hvad
652 1659 141 48 Kungl.
838 1657 108 48 Maj:t
986 1656 9 35 i
1039 1653 117 48 öfrigt
1198 1651 125 37 anfört
1363 1648 160 37 rörande
1565 1642 355 54 personalbehofvet
1948 1646 20 30 å

372 1713 210 37 statistiska
623 1710 260 49 centralbyrån
926 1708 77 46 har,
1046 1703 178 39 särskildt
1252 1703 13 36 i
1292 1699 248 40 betraktande
1570 1698 41 36 af
1635 1695 334 48 nödvändigheten

374 1771 55 32 att
468 1765 139 37 bereda
643 1764 131 36 verket
802 1761 157 49 dugliga
989 1756 282 43 arbetskrafter,
1300 1754 84 37 icke
1412 1752 112 49 gifvit
1552 1750 185 37 utskottet
1766 1746 204 48 anledning

373 1819 57 36 till
459 1821 128 45 någon
615 1817 158 36 erinran.

503 1870 114 36 Emot
644 1867 142 48 Kungl.
817 1866 127 48 Maj:ts
973 1864 143 47 förslag
1144 1862 12 35 i
1185 1861 44 35 de
1259 1860 112 45 delar,
1401 1871 80 22 som
1509 1856 83 36 icke
1621 1853 127 37 blifvit
1769 1853 67 35 här
1856 1851 113 36 ofvan

374 1922 189 47 vidrörda,
592 1921 69 36 har
688 1919 186 37 utskottet
901 1917 83 37 icke
1012 1914 123 37 funnit
1167 1916 113 33 annat
1309 1916 56 31 att
1393 1908 191 47 anmärka,
1614 1911 47 31 än
1686 1910 65 43 att,
1772 1904 85 36 med
1876 1916 95 36 upp-

377 1974 174 38 förandet
592 1977 20 33 å
654 1971 187 38 ordinarie
883 1975 73 31 stat
992 1968 41 36 af
1058 1966 157 37 allenast
1243 1977 47 24 en
1317 1961 184 51 byråchef
1527 1964 21 32 å
1576 1958 281 48 centralbyråns
1885 1960 85 41 stat,

379 2027 72 36 den
479 2026 166 48 begärda
673 2021 352 50 anslagsökningen
1045 2019 39 36 af
1101 2018 62 36 det
1183 2017 58 35 för
1260 2014 235 38 närvarande
1514 2015 48 46 på
1582 2010 184 37 ordinarie
1787 2013 74 32 stat
1879 2021 94 35 upp-

378 2079 106 37 förda
525 2075 428 47 reservationsanslaget
995 2074 20 34 å
1056 2070 138 47 20,000
1236 2068 139 36 kronor
1417 2065 55 36 till
1506 2063 183 38 arfvoden
1717 2064 38 34 åt
1782 2059 192 48 tillfälliga

379 2131 173 37 biträden
588 2134 97 32 samt
712 2124 450 47 vikariatsersättningar,
1192 2121 89 37 eller
1310 2120 72 36 500
1411 2118 140 36 kronor
1578 2116 56 36 till
1661 2114 313 37 vikariatsersätt-

380 2184 98 48 ning
506 2182 118 37 under
650 2179 290 51 byråchefernas
971 2181 192 40 semester,
1193 2173 106 36 torde
1326 2172 92 36 böra
1437 2169 168 37 minskas
1624 2167 85 36 med
1731 2167 72 35 250
1824 2164 149 36 kronor.

510 2235 53 36 På
591 2232 124 51 grund
745 2232 39 36 af
809 2230 96 37 hvad
938 2228 155 37 sålunda
1124 2223 244 39 förekommit
1395 2223 57 35 får
1480 2221 185 36 utskottet
1693 2217 208 46 hemställa,
