2160 2655
715 171 248 36 Statsutskottets
985 176 157 33 utlåtande
1166 179 53 32 Nr
1242 181 28 30 7.
1694 188 41 31 23

183 243 110 49 eljest
330 246 154 48 pröfvas
524 247 188 51 lämpligt,
756 251 211 40 förvärfvas
1009 255 176 50 dugande
1228 259 270 41 arbetskrafter
1540 264 81 38 från
1662 268 117 36 andra

185 296 253 39 ämbetsverk.
493 299 72 38 Det
607 315 112 35 synes
761 304 127 38 därför
928 308 183 38 utskottet
1152 312 218 49 önskvärdt,
1412 320 54 32 att
1503 318 182 37 särskilda
1715 319 62 38 be-

183 350 237 37 stämmelser
471 353 202 49 meddelas,
725 356 248 52 hvarigenom
1026 361 239 51 tjänsteman,
1312 378 80 24 som
1439 368 236 52 öfverflyttas
1721 373 57 36 till

180 401 285 51 revisorstjänst
500 405 5 36 i
534 406 296 40 kammarrätten
858 411 84 37 från
970 412 106 50 dylik
1104 415 119 48 tjänst
1251 418 12 35 i
1291 425 114 30 annat
1433 421 252 50 ämbetsverk,
1715 428 61 33 må

181 455 21 34 å
231 453 71 37 den
330 468 76 36 nya
434 456 165 49 tjänsten
627 458 152 39 komma
797 462 12 35 i
829 463 219 49 åtnjutande
1077 467 42 35 af
1143 468 141 37 sådana
1309 470 391 53 aflöningsförmåner,
1722 482 55 31 att

180 505 339 53 öfverflyttningen
547 510 82 37 icke
656 511 59 37 för
743 513 138 38 honom
911 517 128 37 ställer
1066 518 62 49 sig
1155 520 240 39 ekonomiskt
1424 525 262 51 ofördelaktig.

308 559 297 40 Bestämmelser
632 564 12 35 i
673 564 123 50 dylikt
816 567 98 48 syfte
933 569 123 37 finnas
1075 571 117 37 redan
1211 574 217 39 meddelade
1448 577 59 36 för
1524 579 102 36 vissa
1644 576 129 58 andra,

178 610 182 38 likartade
389 613 78 47 fall,
497 617 228 47 exempelvis
753 619 12 35 i
793 618 109 50 fråga
922 634 61 23 om
1004 624 418 52 statsdepartementen,
1444 629 329 50 fångvårdsstaten

179 668 99 31 samt
305 664 117 37 rikets
451 665 191 39 allmänna
670 669 184 39 läroverk.

306 715 110 38 Hvad
444 719 181 37 särskildt
652 721 117 37 rikets
798 724 188 38 allmänna
1014 727 174 38 läroverk
1217 729 189 51 beträffar,
1434 734 154 49 stadgas
1608 736 12 36 i
1639 737 132 50 kungl.

177 766 259 50 kungörelsen
456 771 73 36 den
550 774 46 33 27
619 775 155 47 augusti
791 777 110 47 1904,
918 780 195 47 angående
1128 795 53 35 ny
1195 782 103 37 löne-
1315 785 69 36 och
1399 787 374 52 pensionsreglering

176 819 59 35 för
262 820 119 37 lärare
410 822 70 36 och
508 823 211 38 lärarinnor
747 827 63 36 vid
839 828 110 37 dessa
971 830 184 49 läroverk,
1177 839 55 31 att
1252 834 123 38 därest
1394 838 187 38 ordinarie
1600 837 171 57 adjunkt,

176 883 81 24 som
299 872 195 39 befordras
536 875 56 37 till
619 877 134 50 lektor,
782 880 116 37 redan
926 882 163 49 intjänat
1116 884 122 51 högre
1266 887 169 51 aflöning
1463 895 48 32 än
1538 892 140 37 lektors
1706 894 65 37 be-

175 924 371 52 gynnelseaflöning,
575 929 140 37 honom
744 931 106 38 skola
879 935 232 38 omedelbart
1130 938 264 49 tillgodoföras
1415 945 40 33 så
1474 946 138 47 många
1632 946 140 37 ålders-

175 975 137 49 tillägg
353 990 81 23 som
476 980 133 48 lektor,
646 987 56 31 att
729 983 96 37 hans
854 985 168 50 aflöning
1048 988 11 35 i
1088 989 234 39 sistnämnda
1351 992 218 53 befattning
1595 997 73 36 blir
1694 999 77 36 lika

173 1027 79 49 hög
293 1041 81 24 som
417 1030 72 37 den
530 1032 181 50 aflöning,
752 1035 77 37 han
857 1045 126 30 senast
1011 1040 153 49 åtnjutit
1193 1046 123 34 såsom
1345 1045 176 50 adjunkt;
1553 1049 216 49 »skolande,

173 1079 67 36 där
268 1080 161 50 adjunkt
457 1083 64 36 vid
549 1085 202 38 befordran
780 1089 56 35 till
863 1090 122 37 lektor
1012 1092 81 37 icke
1122 1094 158 38 erhåller
1303 1096 119 50 högre
1442 1099 169 50 aflöning
1630 1106 49 32 än
1698 1103 70 37 den

172 1131 74 37 han
275 1145 81 23 som
386 1135 159 48 adjunkt
572 1138 192 49 uppburit,
796 1140 58 37 för
880 1143 264 52 uppflyttning
1171 1147 12 35 i
1202 1152 169 34 närmast
1390 1150 120 50 högre
1530 1153 239 51 lektorsgrad

172 1183 140 38 honom
355 1186 300 50 tillgodoräknas
697 1192 72 37 den
811 1193 64 49 tid,
906 1195 214 39 hvarunder
1147 1199 74 36 han
1249 1200 171 38 innehaft
1449 1203 319 51 adjunktsbefatt-

171 1236 156 49 ningen,
372 1239 97 37 efter
497 1240 63 37 det
587 1242 74 37 han
690 1244 11 35 i
730 1244 122 38 denna
881 1246 215 51 befattning
1124 1258 128 30 senast
1279 1254 257 49 uppflyttades
1564 1258 56 36 till
1648 1258 120 51 högre

171 1288 219 49 lönegrad».

299 1341 197 40 Utskottet
538 1345 117 39 håller
695 1348 90 48 före,
829 1355 55 32 att
923 1351 286 41 bestämmelser
1235 1356 181 40 likartade
1445 1361 85 36 med
1558 1361 96 49 dem,
1685 1377 81 23 som

170 1393 102 48 gälla
300 1394 12 35 i
341 1395 109 49 fråga
478 1410 61 23 om
570 1399 178 48 adjunkts
776 1402 204 38 befordran
1008 1406 57 35 till
1092 1407 133 48 lektor,
1256 1409 120 38 skulle
1395 1411 170 39 befinnas
1585 1414 182 51 lämpliga

169 1444 13 36 1
210 1445 140 37 sådana
391 1447 76 49 fall,
511 1450 46 36 då
598 1451 57 37 till
696 1455 268 45 revisorstjänst
998 1456 5 36 i
1030 1457 294 41 kammarrätten
1352 1463 195 39 befordras
1574 1469 193 36 revisions-

170 1498 221 43 tjänsteman
434 1500 102 38 inom
569 1506 119 46 något
716 1505 43 36 af
783 1506 45 37 de
856 1507 251 50 ämbetsverk,
1137 1511 66 37 där
1232 1513 262 51 aflöningarna
1523 1521 95 46 utgå
1647 1520 120 49 enligt

169 1548 71 36 den
269 1563 28 22 s.
328 1550 35 36 k.
395 1553 382 52 statskontorstypen.

296 1601 58 37 De
388 1603 250 52 föreskrifter,
668 1620 81 24 som
778 1609 12 36 i
819 1610 62 37 det
910 1612 41 36 af
975 1614 236 38 motionären
1240 1617 156 49 angifna
1426 1620 99 49 syfte
1554 1624 60 34 må
1643 1623 122 38 finnas

168 1652 258 51 erforderliga,
457 1658 108 36 torde
592 1659 208 51 lämpligen
829 1663 92 37 böra
949 1665 192 38 meddelas
1169 1668 12 35 i
1210 1669 97 36 form
1338 1671 41 35 af
1403 1672 138 50 tillägg
1568 1674 56 36 till
1654 1675 45 37 de
1728 1677 42 35 af

166 1703 143 51 Kungl.
339 1706 109 51 Maj:t
474 1723 139 35 genom
643 1712 230 51 kungörelse
901 1715 74 38 den
1006 1719 43 35 17
1074 1718 87 49 juni
1192 1722 110 46 1908,
1331 1723 13 35 i
1373 1724 392 41 öfverensstämmelse

166 1756 86 37 med
280 1757 239 53 Riksdagens
549 1762 129 38 därom
707 1765 143 39 fattade
877 1768 136 48 beslut,
1035 1771 182 49 stadgade
1236 1773 136 38 villkor
1392 1776 70 36 och
1481 1776 283 41 bestämmelser

167 1808 58 36 för
267 1811 222 49 åtnjutande
533 1815 41 35 af
611 1815 45 37 de
700 1817 81 37 från
824 1820 69 36 och
934 1821 85 36 med
1064 1824 96 36 1909
1200 1828 59 34 års
1288 1826 134 50 början
1451 1828 210 39 fastställda
1689 1846 75 36 nya

168 1860 435 51 aflöningsförmånerna
630 1868 59 37 för
715 1870 307 40 kammarrätten.

294 1914 51 37 På
377 1918 125 47 grund
531 1919 43 36 af
597 1919 63 38 det
688 1922 113 38 ofvan
831 1925 158 37 anförda
1018 1927 56 36 får
1101 1929 187 37 utskottet
1316 1926 208 60 hemställa,

695 2032 55 32 att
790 2028 231 51 Riksdagen,
1051 2031 12 36 i
1092 2033 208 50 anledning
1341 2036 40 36 af
1405 2037 87 37 herr
1521 2038 239 52 Cederborgs

566 2077 247 40 förenämnda
855 2083 156 48 motion,
1042 2086 60 34 må
1130 2086 12 35 i
1171 2086 200 39 skrifvelse
1399 2089 56 36 till
1482 2090 142 50 Kungl.
1655 2093 106 50 Maj:t

567 2130 161 49 anhålla,
759 2137 54 31 att
842 2133 141 50 Kungl.
1015 2135 108 49 Maj:t
1150 2139 145 36 täcktes
1316 2140 74 36 låta
1409 2142 145 49 utreda,
1575 2144 186 38 huruvida

565 2182 71 36 och
660 2183 12 36 i
699 2183 154 39 hvilken
894 2188 270 51 utsträckning
1191 2191 242 50 tjänsteman,
1463 2208 81 23 som
1573 2192 187 59 förflyttas

565 2233 57 37 till
662 2235 282 52 revisorstjänst
981 2238 3 36 i
1012 2240 296 40 kammarrätten
1343 2245 83 37 från
1471 2246 103 50 dylik
1603 2249 117 49 tjänst
1747 2251 12 36 i

565 2291 114 31 annat
707 2292 159 35 centralt
894 2290 249 52 ämbetsverk,
1173 2297 61 34 må
1261 2296 60 36 för
1350 2297 261 53 ålderstillägg
1639 2304 20 33 å
1688 2302 71 37 den
