2154 2669
435 171 41 33 32
914 166 249 33 Statsutskottets
1185 163 164 33 utlåtande
1376 162 52 33 Nr
1451 163 30 31 7.

392 252 136 51 pröfva
569 250 126 48 saken,
738 250 68 36 har
847 247 185 38 utskottet
1072 250 125 33 ansett
1238 244 60 51 sig
1334 244 82 37 icke
1444 242 92 38 böra
1564 242 11 36 i
1602 240 130 38 vidare
1760 242 89 35 mån
1876 240 118 36 inlåta

394 306 61 49 sig
482 307 48 48 på
557 304 146 48 frågan.

526 357 111 37 Hvad
678 356 164 37 därefter
877 353 178 39 beträffar
1092 353 73 37 den
1200 352 41 37 af
1265 350 139 49 Kungl.
1436 349 110 50 Maj:t
1573 348 216 48 föreslagna
1819 346 174 38 förstärk-

397 413 142 48 ningen
574 410 41 37 af
639 408 320 38 arbetskrafterna
988 409 21 34 å
1037 406 71 37 den
1137 402 372 52 näringsstatistiska
1539 400 253 49 afdelningen,
1823 403 52 44 så,
1905 405 89 31 enär

395 465 124 37 denna
546 462 260 49 förstärkning
834 460 118 49 torde,
974 462 48 47 på
1050 463 76 33 sätt
1153 458 41 36 af
1218 456 139 49 Kungl.
1379 455 127 49 Maj:ts
1526 452 247 39 förevarande
1793 451 201 38 framställ-

396 518 95 49 ning
519 517 168 47 framgår
715 514 71 38 och
815 514 120 49 enligt
963 512 100 38 hvad
1090 511 185 37 utskottet
1297 508 146 51 jämväl
1471 507 120 37 under
1619 506 100 37 hand
1737 505 197 47 inhämtat,
1957 504 37 37 få

397 583 109 25 anges
542 582 91 23 vara
664 568 119 36 under
812 567 72 36 alla
912 564 258 39 förhållanden
1199 561 221 49 erforderlig
1447 561 59 36 för
1535 560 63 36 det
1625 557 370 51 näringsstatistiska

398 624 162 37 arbetets
587 621 186 49 behöriga
801 618 237 51 fullföljande
1067 616 71 38 och
1166 614 209 39 oberoende
1396 614 40 36 af
1452 613 105 37 detta
1578 612 144 38 arbetes
1742 610 253 51 förläggande

397 677 58 35 till
496 676 62 35 det
600 688 69 22 ena
710 674 90 35 eller
833 672 117 36 andra
978 669 290 46 ämbetsverket,
1298 667 70 37 och
1397 667 47 36 då
1471 666 84 36 icke
1584 665 117 36 heller
1729 667 126 45 någon
1884 663 42 37 af
1950 663 45 37 de

399 727 215 48 föreslagna
642 723 182 38 särskilda
853 722 306 49 anordningarna
1186 720 96 36 lärer
1309 719 129 35 kunna
1465 717 136 35 tänkas
1631 716 152 36 komma
1802 721 54 29 att
1880 714 116 36 verka

398 779 208 48 hinderligt
645 777 58 38 för
744 790 46 23 en
832 773 322 52 omorganisation
1196 772 41 37 af
1273 768 400 50 kommerskollegium
1701 768 8 36 i
1741 768 84 37 dess
1855 766 139 47 helhet,

398 834 123 35 finner
561 830 183 37 utskottet
786 829 60 48 sig
886 828 92 36 böra
1015 826 190 49 tillstyrka
1232 824 142 48 Kungl.
1404 822 127 49 Maj:ts
1561 822 142 47 förslag
1730 821 12 35 1
1771 820 123 36 denna
1922 819 72 36 del.

529 881 302 38 Vidkommande
859 880 211 37 sedermera
1099 878 45 36 de
1172 877 58 37 för
1249 876 225 50 personalen
1495 877 20 33 å
1535 874 71 37 den
1626 871 370 51 näringsstatistiska

401 936 245 48 afdelningen
685 933 217 49 föreslagna
934 931 430 49 aflöningsförmånerna
1392 928 58 36 får
1477 927 184 37 utskottet
1690 926 135 46 erinra,
1855 930 54 31 att
1937 930 59 30 ut-

402 990 142 37 skottet
570 988 13 36 i
611 987 120 50 punkt
774 985 73 50 3:0)
890 986 41 36 af
967 985 65 36 sitt
1068 982 194 37 utlåtande
1296 979 197 51 angående
1521 978 209 50 utgifterna
1757 977 117 37 under
1901 976 95 37 riks-

402 1048 146 32 statens
592 1040 114 37 andra
747 1038 230 38 hufvudtitel
1016 1036 63 37 vid
1116 1034 235 48 behandling
1379 1033 41 36 af
1444 1032 135 50 frågan
1608 1045 61 22 om
1699 1029 234 38 anställande
1961 1029 41 36 af

399 1096 101 48 fasta
530 1095 165 35 biträden
724 1095 21 33 å
772 1092 113 36 nedre
909 1088 385 52 justitierevisionens
1323 1092 74 31 stat
1416 1086 137 35 uttalat
1572 1084 61 49 sig
1653 1097 60 23 om
1734 1083 45 36 de
1798 1083 40 36 af
1853 1078 143 57 Kungl.

402 1148 108 48 Maj:t
538 1146 214 48 föreslagna
779 1145 247 47 lönetyperna
1054 1142 58 36 för
1141 1140 127 50 dylika
1296 1137 393 49 befattningshafvare
1715 1142 97 31 samt
1831 1149 60 22 om
1911 1135 88 36 herr

405 1199 242 48 Lindhagens
675 1198 12 34 i
712 1201 125 31 ämnet
879 1195 134 36 väckta
1055 1192 153 37 motion.
1265 1190 195 38 Utskottet
1494 1190 69 35 har
1592 1188 131 37 därvid
1753 1187 82 36 med
1865 1187 134 49 afstyr-

403 1251 123 37 kande
568 1250 41 36 af
645 1247 257 51 nyssnämnda
938 1247 142 36 motion
1113 1244 182 50 tillstyrkt
1329 1243 45 36 de
1410 1242 40 36 af
1478 1241 140 48 Kungl.
1649 1241 107 49 Maj:t
1784 1239 216 48 föreslagna

406 1302 429 49 aflöningsförmånerna
863 1299 81 47 och,
969 1298 86 37 med
1075 1298 100 36 vissa
1195 1296 276 47 förändringar,
1493 1294 45 36 de
1558 1292 337 49 aflöningsvillkor,
1917 1304 81 23 som

405 1356 42 36 af
471 1355 142 48 Kungl.
643 1354 106 49 Maj:t
778 1353 210 48 framlagts.
1045 1349 111 37 Hvad
1184 1348 184 37 utskottet
1397 1346 160 37 sålunda
1584 1345 194 50 tillstyrkt,
1803 1344 67 36 har
1889 1343 110 37 Riks-

406 1408 124 48 dagen
558 1419 154 24 numera
740 1405 182 49 godkänt.

534 1459 108 36 Hvad
672 1457 163 37 därefter
859 1459 118 45 angår
1004 1455 87 36 herr
1119 1452 218 37 Kronlunds
1365 1451 181 49 yrkande,
1576 1453 40 33 så
1645 1455 89 31 enär
1762 1448 119 49 enligt
1900 1447 101 36 hvad

408 1513 41 36 af
488 1509 410 50 statsrådsprotokollet
940 1508 168 47 framgår
1150 1519 45 23 en
1229 1510 172 31 närmare
1429 1502 290 48 undersökning
1747 1501 171 36 kommer
1947 1505 55 30 att

406 1563 225 38 verkställas
660 1561 196 49 angående
883 1559 185 37 huruvida
1096 1558 70 36 och
1193 1558 12 35 i
1234 1556 155 37 hvilken
1417 1554 233 49 omfattning
1678 1553 62 36 det
1759 1552 140 47 arbete,
1921 1564 81 23 som

408 1622 40 30 är
489 1615 125 37 afsedt
655 1619 55 32 att
750 1614 144 36 utföras
936 1612 43 37 af
1009 1611 46 37 de
1083 1610 84 36 utaf
1191 1609 140 49 Kungl.
1360 1607 108 48 Maj:t
1495 1606 218 48 föreslagna
1741 1604 196 37 biträdena
1965 1603 42 36 af

408 1669 120 48 högre
558 1667 268 49 aflöningstyp,
855 1665 12 36 i
891 1664 219 50 jämförelse
1143 1662 84 36 med
1256 1661 45 36 de
1329 1659 208 50 uppgifter,
1567 1671 80 23 som
1671 1659 12 35 i
1704 1656 204 38 allmänhet
1929 1655 73 37 till-

407 1722 154 35 komma
603 1719 194 37 »biträden
838 1718 40 36 af
916 1717 119 48 högre
1078 1713 319 50 aflöningsgrad»,
1430 1717 40 31 är
1499 1713 40 34 så
1568 1708 350 51 maktpåliggande,
1949 1713 56 31 att

410 1774 63 36 det
500 1772 176 49 betingar
702 1770 225 50 ytterligare
957 1783 45 23 en
1030 1769 119 47 högre
1179 1766 268 48 aflöningstyp,
1478 1763 70 37 och
1577 1763 46 36 då
1651 1763 62 37 det
1740 1761 108 37 torde
1874 1761 130 35 kunna

410 1830 173 44 antagas,
623 1829 54 31 att
707 1823 40 36 af
773 1823 123 36 denna
924 1820 215 49 utredning,
1168 1819 63 35 vid
1259 1818 153 36 hvilken
1442 1815 396 48 arbetsfördelningen
1867 1813 137 36 mellan

408 1879 46 35 de
491 1877 101 36 olika
618 1876 196 36 biträdena
843 1877 20 33 å
893 1873 243 47 afdelningen
1178 1871 106 36 torde
1318 1869 195 48 själfmant
1541 1868 152 36 komma
1722 1872 55 31 att
1805 1866 63 35 vid
1898 1864 104 37 sidan

408 1931 41 35 af
488 1930 134 47 frågan
659 1941 60 23 om
762 1940 45 24 en
839 1926 121 49 tredje
989 1925 260 47 aflöningstyp
1278 1921 252 37 underkastas
1560 1919 160 37 särskild
1749 1917 256 50 ompröfning,

411 1983 170 36 kommer
601 1986 55 31 att
674 1985 174 31 närmare
869 1979 161 47 framgå,
1049 1975 186 38 huruvida
1251 1975 80 36 skäl
1346 1973 202 37 förefinnes
1565 1977 55 31 att
1634 1971 11 36 i
1660 1972 121 48 högre
1796 1970 208 48 aflönings-

411 2034 95 48 grad
548 2033 189 49 uppflytta
777 2034 118 45 något
924 2030 41 36 af
990 2029 45 36 de
1065 2028 183 46 biträden,
1277 2027 59 35 för
1363 2025 129 36 hvilka
1520 2023 141 48 Kungl.
1690 2023 107 48 Maj:t
1825 2035 51 22 nu
1905 2021 98 36 före-

413 2086 114 49 slagit
566 2086 107 47 lägre
717 2081 296 50 aflöningsgrad,
1055 2081 67 36 har
1163 2079 186 36 utskottet
1389 2077 83 36 icke
1508 2082 124 30 anseit
1673 2075 87 37 herr
1787 2072 220 38 Kronlunds

412 2137 247 38 förevarande
701 2135 143 37 motion
886 2135 91 36 böra
1016 2132 195 38 föranleda
1243 2129 161 38 särskild
1433 2128 147 50 åtgärd,
1610 2130 40 34 så
1678 2127 155 50 mycket
1860 2125 148 37 mindre

414 2203 81 24 som
538 2189 141 48 Kungl.
721 2187 111 49 Maj:t
873 2186 65 37 vid
978 2186 156 49 frågans
1166 2182 218 37 nuvarande
1411 2181 86 49 läge
1525 2180 81 37 icke
1636 2184 125 32 ansett
1791 2178 61 49 sig
1880 2178 129 35 kunna

415 2242 137 37 föreslå
580 2241 73 36 den
683 2240 143 49 »högre
856 2237 353 49 aflöningsgraden»
1238 2235 58 36 för
1324 2234 90 36 flera
1443 2239 47 30 än
1508 2235 65 34 två
1591 2231 173 37 biträden
1784 2230 64 36 vid
1866 2230 141 36 verket.

542 2293 206 46 Utskottet,
792 2305 81 23 som
912 2290 169 37 däremot
1115 2288 82 37 icke
1226 2287 124 36 funnit
1377 2289 118 45 något
1523 2290 53 30 att
1605 2284 121 36 erinra
1755 2290 78 29 mot
1861 2282 143 48 Kungl.
