<?xml version="1.0" encoding="UTF-8"?>
<alto xmlns="http://www.loc.gov/standards/alto/ns-v3#" xmlns:xlink="http://www.w3.org/1999/xlink" xmlns:xsi="http://www.w3.org/2001/XMLSchema-instance" xsi:schemaLocation="http://www.loc.gov/standards/alto/ns-v3# http://www.loc.gov/alto/v3/alto-3-0.xsd">
	<Description>
		<MeasurementUnit>pixel</MeasurementUnit>
		<sourceImageInformation>
			<fileName>/tmp/tess_uh80quey_input.PNG</fileName>
		</sourceImageInformation>
		<OCRProcessing ID="OCR_0">
			<ocrProcessingStep>
				<processingSoftware>
					<softwareName>tesseract 5.3.0</softwareName>
				</processingSoftware>
			</ocrProcessingStep>
		</OCRProcessing>
	</Description>
	<Layout>
		<Page WIDTH="2147" HEIGHT="2657" PHYSICAL_IMG_NR="0" ID="page_0">
			<PrintSpace HPOS="0" VPOS="0" WIDTH="2147" HEIGHT="2657">
				<ComposedBlock ID="cblock_0" HPOS="671" VPOS="147" WIDTH="1036" HEIGHT="37">
					<TextBlock ID="block_0" HPOS="671" VPOS="147" WIDTH="1036" HEIGHT="37">
						<TextLine ID="line_0" HPOS="671" VPOS="147" WIDTH="1036" HEIGHT="37">
							<String ID="string_0" HPOS="671" VPOS="147" WIDTH="248" HEIGHT="32" WC="0.81" CONTENT="Statsutskottets"/><SP WIDTH="22" VPOS="147" HPOS="919"/>
							<String ID="string_1" HPOS="941" VPOS="148" WIDTH="162" HEIGHT="32" WC="0.96" CONTENT="utlåtande"/><SP WIDTH="25" VPOS="148" HPOS="1103"/>
							<String ID="string_2" HPOS="1128" VPOS="149" WIDTH="52" HEIGHT="31" WC="0.93" CONTENT="Nr"/><SP WIDTH="21" VPOS="149" HPOS="1180"/>
							<String ID="string_3" HPOS="1201" VPOS="150" WIDTH="28" HEIGHT="30" WC="0.65" CONTENT="7."/><SP WIDTH="439" VPOS="150" HPOS="1229"/>
							<String ID="string_4" HPOS="1668" VPOS="152" WIDTH="39" HEIGHT="32" WC="0.96" CONTENT="41"/>
						</TextLine>
					</TextBlock>
				</ComposedBlock>
				<ComposedBlock ID="cblock_1" HPOS="151" VPOS="229" WIDTH="1591" HEIGHT="408">
					<TextBlock ID="block_1" HPOS="151" VPOS="229" WIDTH="1591" HEIGHT="408">
						<TextLine ID="line_1" HPOS="1120" VPOS="229" WIDTH="621" HEIGHT="50">
							<String ID="string_5" HPOS="1120" VPOS="229" WIDTH="211" HEIGHT="49" WC="0.95" CONTENT="Transport"/><SP WIDTH="27" VPOS="229" HPOS="1331"/>
							<String ID="string_6" HPOS="1358" VPOS="230" WIDTH="139" HEIGHT="37" WC="0.92" CONTENT="kronor"/><SP WIDTH="29" VPOS="230" HPOS="1497"/>
							<String ID="string_7" HPOS="1526" VPOS="233" WIDTH="148" HEIGHT="46" WC="0.84" CONTENT="35,700:"/><SP WIDTH="17" VPOS="233" HPOS="1674"/>
							<String ID="string_8" HPOS="1691" VPOS="255" WIDTH="50" HEIGHT="4" WC="0.92" CONTENT="—"/>
						</TextLine>
						<TextLine ID="line_2" HPOS="282" VPOS="276" WIDTH="1044" HEIGHT="54">
							<String ID="string_9" HPOS="282" VPOS="276" WIDTH="140" HEIGHT="37" WC="0.93" CONTENT="hvaraf"/><SP WIDTH="27" VPOS="276" HPOS="422"/>
							<String ID="string_10" HPOS="449" VPOS="279" WIDTH="108" HEIGHT="44" WC="0.91" CONTENT="1,600"/><SP WIDTH="30" VPOS="279" HPOS="557"/>
							<String ID="string_11" HPOS="587" VPOS="278" WIDTH="140" HEIGHT="38" WC="0.95" CONTENT="kronor"/><SP WIDTH="28" VPOS="278" HPOS="727"/>
							<String ID="string_12" HPOS="755" VPOS="280" WIDTH="56" HEIGHT="36" WC="0.96" CONTENT="till"/><SP WIDTH="29" VPOS="280" HPOS="811"/>
							<String ID="string_13" HPOS="840" VPOS="293" WIDTH="48" HEIGHT="23" WC="0.95" CONTENT="en"/><SP WIDTH="21" VPOS="293" HPOS="888"/>
							<String ID="string_14" HPOS="909" VPOS="281" WIDTH="233" HEIGHT="49" WC="0.96" CONTENT="adjungerad"/><SP WIDTH="19" VPOS="281" HPOS="1142"/>
							<String ID="string_15" HPOS="1161" VPOS="282" WIDTH="165" HEIGHT="37" WC="0.96" CONTENT="ledamot"/>
						</TextLine>
						<TextLine ID="line_3" HPOS="153" VPOS="326" WIDTH="1174" HEIGHT="57">
							<String ID="string_16" HPOS="153" VPOS="342" WIDTH="19" HEIGHT="22" WC="0.62" CONTENT="å"/><SP WIDTH="41" VPOS="342" HPOS="172"/>
							<String ID="string_17" HPOS="213" VPOS="330" WIDTH="380" HEIGHT="49" WC="0.91" CONTENT="patentafdelningen"/><SP WIDTH="42" VPOS="330" HPOS="593"/>
							<String ID="string_18" HPOS="635" VPOS="337" WIDTH="97" HEIGHT="31" WC="0.91" CONTENT="samt"/><SP WIDTH="31" VPOS="337" HPOS="732"/>
							<String ID="string_19" HPOS="763" VPOS="326" WIDTH="137" HEIGHT="53" WC="0.90" CONTENT="13,700"/><SP WIDTH="28" VPOS="326" HPOS="900"/>
							<String ID="string_20" HPOS="928" VPOS="333" WIDTH="140" HEIGHT="37" WC="0.94" CONTENT="kronor"/><SP WIDTH="27" VPOS="333" HPOS="1068"/>
							<String ID="string_21" HPOS="1095" VPOS="334" WIDTH="58" HEIGHT="36" WC="0.95" CONTENT="till"/><SP WIDTH="28" VPOS="334" HPOS="1153"/>
							<String ID="string_22" HPOS="1181" VPOS="335" WIDTH="146" HEIGHT="48" WC="0.95" CONTENT="ökning"/>
						</TextLine>
						<TextLine ID="line_4" HPOS="153" VPOS="380" WIDTH="1177" HEIGHT="52">
							<String ID="string_23" HPOS="153" VPOS="380" WIDTH="42" HEIGHT="37" WC="0.96" CONTENT="af"/><SP WIDTH="28" VPOS="380" HPOS="195"/>
							<String ID="string_24" HPOS="223" VPOS="381" WIDTH="218" HEIGHT="38" WC="0.92" CONTENT="biträdande"/><SP WIDTH="28" VPOS="381" HPOS="441"/>
							<String ID="string_25" HPOS="469" VPOS="383" WIDTH="291" HEIGHT="49" WC="0.91" CONTENT="ingenjörernas"/><SP WIDTH="31" VPOS="383" HPOS="760"/>
							<String ID="string_26" HPOS="791" VPOS="385" WIDTH="102" HEIGHT="36" WC="0.96" CONTENT="antal"/><SP WIDTH="29" VPOS="385" HPOS="893"/>
							<String ID="string_27" HPOS="922" VPOS="386" WIDTH="69" HEIGHT="36" WC="0.96" CONTENT="och"/><SP WIDTH="21" VPOS="386" HPOS="991"/>
							<String ID="string_28" HPOS="1012" VPOS="385" WIDTH="258" HEIGHT="38" WC="0.95" CONTENT="förbättrande"/><SP WIDTH="21" VPOS="385" HPOS="1270"/>
							<String ID="string_29" HPOS="1291" VPOS="387" WIDTH="39" HEIGHT="36" WC="0.96" CONTENT="af"/>
						</TextLine>
						<TextLine ID="line_5" HPOS="152" VPOS="433" WIDTH="562" HEIGHT="47">
							<String ID="string_30" HPOS="152" VPOS="433" WIDTH="109" HEIGHT="36" WC="0.93" CONTENT="deras"/><SP WIDTH="30" VPOS="433" HPOS="261"/>
							<String ID="string_31" HPOS="291" VPOS="434" WIDTH="197" HEIGHT="46" WC="0.91" CONTENT="arfvoden;"/><SP WIDTH="31" VPOS="434" HPOS="488"/>
							<String ID="string_32" HPOS="519" VPOS="435" WIDTH="195" HEIGHT="37" WC="0.95" CONTENT="äfvensom"/>
						</TextLine>
						<TextLine ID="line_6" HPOS="286" VPOS="485" WIDTH="1042" HEIGHT="56">
							<String ID="string_33" HPOS="286" VPOS="485" WIDTH="36" HEIGHT="48" WC="0.96" CONTENT="2)"/><SP WIDTH="46" VPOS="485" HPOS="322"/>
							<String ID="string_34" HPOS="368" VPOS="487" WIDTH="145" HEIGHT="49" WC="0.96" CONTENT="ökning"/><SP WIDTH="33" VPOS="487" HPOS="513"/>
							<String ID="string_35" HPOS="546" VPOS="487" WIDTH="41" HEIGHT="36" WC="0.93" CONTENT="af"/><SP WIDTH="24" VPOS="487" HPOS="587"/>
							<String ID="string_36" HPOS="611" VPOS="485" WIDTH="342" HEIGHT="53" WC="0.23" CONTENT="förslagsanelaget"/><SP WIDTH="29" VPOS="485" HPOS="953"/>
							<String ID="string_37" HPOS="982" VPOS="490" WIDTH="57" HEIGHT="37" WC="0.93" CONTENT="till"/><SP WIDTH="27" VPOS="490" HPOS="1039"/>
							<String ID="string_38" HPOS="1066" VPOS="491" WIDTH="262" HEIGHT="50" WC="0.89" CONTENT="renskrifning"/>
						</TextLine>
						<TextLine ID="line_7" HPOS="152" VPOS="537" WIDTH="1590" HEIGHT="58">
							<String ID="string_39" HPOS="152" VPOS="537" WIDTH="70" HEIGHT="35" WC="0.88" CONTENT="och"/><SP WIDTH="43" VPOS="537" HPOS="222"/>
							<String ID="string_40" HPOS="265" VPOS="538" WIDTH="323" HEIGHT="38" WC="0.88" CONTENT="skrifmaterialier"/><SP WIDTH="41" VPOS="538" HPOS="588"/>
							<String ID="string_41" HPOS="629" VPOS="554" WIDTH="47" HEIGHT="22" WC="0.86" CONTENT="m."/><SP WIDTH="37" VPOS="554" HPOS="676"/>
							<String ID="string_42" HPOS="713" VPOS="555" WIDTH="50" HEIGHT="21" WC="0.92" CONTENT="m."/><SP WIDTH="30" VPOS="555" HPOS="763"/>
							<String ID="string_43" HPOS="793" VPOS="541" WIDTH="85" HEIGHT="36" WC="0.93" CONTENT="från"/><SP WIDTH="30" VPOS="541" HPOS="878"/>
							<String ID="string_44" HPOS="908" VPOS="544" WIDTH="137" HEIGHT="46" WC="0.91" CONTENT="50,000"/><SP WIDTH="29" VPOS="544" HPOS="1045"/>
							<String ID="string_45" HPOS="1074" VPOS="543" WIDTH="141" HEIGHT="37" WC="0.96" CONTENT="kronor"/><SP WIDTH="27" VPOS="543" HPOS="1215"/>
							<String ID="string_46" HPOS="1242" VPOS="547" WIDTH="85" HEIGHT="36" WC="0.95" CONTENT="med"/><SP WIDTH="92" VPOS="547" HPOS="1327"/>
							<String ID="string_47" HPOS="1419" VPOS="557" WIDTH="17" HEIGHT="22" WC="0.38" CONTENT="=&gt;»"/><SP WIDTH="117" VPOS="557" HPOS="1436"/>
							<String ID="string_48" HPOS="1553" VPOS="546" WIDTH="189" HEIGHT="49" WC="0.39" CONTENT="53,000:"/><SP WIDTH="-28" VPOS="546" HPOS="1742"/>
							<String ID="string_49" HPOS="1714" VPOS="542" WIDTH="30" HEIGHT="60" WC="0.91" CONTENT="—"/>
						</TextLine>
						<TextLine ID="line_8" HPOS="151" VPOS="589" WIDTH="402" HEIGHT="48">
							<String ID="string_50" HPOS="151" VPOS="589" WIDTH="54" HEIGHT="36" WC="0.89" CONTENT="till"/><SP WIDTH="33" VPOS="589" HPOS="205"/>
							<String ID="string_51" HPOS="238" VPOS="591" WIDTH="138" HEIGHT="46" WC="0.88" CONTENT="35,000"/><SP WIDTH="29" VPOS="591" HPOS="376"/>
							<String ID="string_52" HPOS="405" VPOS="591" WIDTH="148" HEIGHT="37" WC="0.96" CONTENT="kronor."/>
						</TextLine>
					</TextBlock>
				</ComposedBlock>
				<ComposedBlock ID="cblock_2" HPOS="983" VPOS="664" WIDTH="767" HEIGHT="53">
					<TextBlock ID="block_2" HPOS="983" VPOS="664" WIDTH="767" HEIGHT="53">
						<TextLine ID="line_9" HPOS="983" VPOS="664" WIDTH="767" HEIGHT="53">
							<String ID="string_53" HPOS="983" VPOS="664" WIDTH="160" HEIGHT="38" WC="0.95" CONTENT="Summa"/><SP WIDTH="28" VPOS="664" HPOS="1143"/>
							<String ID="string_54" HPOS="1171" VPOS="667" WIDTH="160" HEIGHT="49" WC="0.95" CONTENT="ökning:"/><SP WIDTH="31" VPOS="667" HPOS="1331"/>
							<String ID="string_55" HPOS="1362" VPOS="669" WIDTH="140" HEIGHT="36" WC="0.92" CONTENT="kronor"/><SP WIDTH="30" VPOS="669" HPOS="1502"/>
							<String ID="string_56" HPOS="1532" VPOS="671" WIDTH="152" HEIGHT="46" WC="0.90" CONTENT="40,700:"/><SP WIDTH="21" VPOS="671" HPOS="1684"/>
							<String ID="string_57" HPOS="1705" VPOS="693" WIDTH="45" HEIGHT="4" WC="0.91" CONTENT="—"/>
						</TextLine>
					</TextBlock>
				</ComposedBlock>
				<ComposedBlock ID="cblock_3" HPOS="149" VPOS="782" WIDTH="1607" HEIGHT="1094">
					<TextBlock ID="block_3" HPOS="151" VPOS="782" WIDTH="1602" HEIGHT="259">
						<TextLine ID="line_10" HPOS="284" VPOS="782" WIDTH="1469" HEIGHT="60">
							<String ID="string_58" HPOS="284" VPOS="782" WIDTH="113" HEIGHT="37" WC="0.55" CONTENT="Emot"/><SP WIDTH="28" VPOS="782" HPOS="397"/>
							<String ID="string_59" HPOS="425" VPOS="784" WIDTH="142" HEIGHT="48" WC="0.92" CONTENT="Kungl."/><SP WIDTH="30" VPOS="784" HPOS="567"/>
							<String ID="string_60" HPOS="597" VPOS="784" WIDTH="128" HEIGHT="49" WC="0.95" CONTENT="Maj:ts"/><SP WIDTH="30" VPOS="784" HPOS="725"/>
							<String ID="string_61" HPOS="755" VPOS="785" WIDTH="145" HEIGHT="50" WC="0.96" CONTENT="förslag"/><SP WIDTH="25" VPOS="785" HPOS="900"/>
							<String ID="string_62" HPOS="925" VPOS="800" WIDTH="61" HEIGHT="23" WC="0.96" CONTENT="om"/><SP WIDTH="21" VPOS="800" HPOS="986"/>
							<String ID="string_63" HPOS="1007" VPOS="788" WIDTH="145" HEIGHT="49" WC="0.96" CONTENT="ökning"/><SP WIDTH="20" VPOS="788" HPOS="1152"/>
							<String ID="string_64" HPOS="1172" VPOS="789" WIDTH="40" HEIGHT="35" WC="0.96" CONTENT="af"/><SP WIDTH="18" VPOS="789" HPOS="1212"/>
							<String ID="string_65" HPOS="1230" VPOS="790" WIDTH="169" HEIGHT="49" WC="0.96" CONTENT="anslaget"/><SP WIDTH="19" VPOS="790" HPOS="1399"/>
							<String ID="string_66" HPOS="1418" VPOS="790" WIDTH="56" HEIGHT="37" WC="0.93" CONTENT="till"/><SP WIDTH="20" VPOS="790" HPOS="1474"/>
							<String ID="string_67" HPOS="1494" VPOS="792" WIDTH="259" HEIGHT="50" WC="0.92" CONTENT="ålderstillägg"/>
						</TextLine>
						<TextLine ID="line_11" HPOS="152" VPOS="834" WIDTH="1600" HEIGHT="53">
							<String ID="string_68" HPOS="152" VPOS="834" WIDTH="71" HEIGHT="36" WC="0.84" CONTENT="och"/><SP WIDTH="42" VPOS="834" HPOS="223"/>
							<String ID="string_69" HPOS="265" VPOS="835" WIDTH="343" HEIGHT="49" WC="0.84" CONTENT="förslagsanslaget"/><SP WIDTH="36" VPOS="835" HPOS="608"/>
							<String ID="string_70" HPOS="644" VPOS="837" WIDTH="56" HEIGHT="36" WC="0.92" CONTENT="till"/><SP WIDTH="41" VPOS="837" HPOS="700"/>
							<String ID="string_71" HPOS="741" VPOS="837" WIDTH="261" HEIGHT="50" WC="0.92" CONTENT="renskrifning"/><SP WIDTH="37" VPOS="837" HPOS="1002"/>
							<String ID="string_72" HPOS="1039" VPOS="840" WIDTH="70" HEIGHT="36" WC="0.91" CONTENT="och"/><SP WIDTH="34" VPOS="840" HPOS="1109"/>
							<String ID="string_73" HPOS="1143" VPOS="840" WIDTH="323" HEIGHT="39" WC="0.91" CONTENT="skrifmaterialier"/><SP WIDTH="30" VPOS="840" HPOS="1466"/>
							<String ID="string_74" HPOS="1496" VPOS="857" WIDTH="49" HEIGHT="22" WC="0.92" CONTENT="m."/><SP WIDTH="31" VPOS="857" HPOS="1545"/>
							<String ID="string_75" HPOS="1576" VPOS="857" WIDTH="47" HEIGHT="24" WC="0.91" CONTENT="m."/><SP WIDTH="31" VPOS="857" HPOS="1623"/>
							<String ID="string_76" HPOS="1654" VPOS="852" WIDTH="98" HEIGHT="30" WC="0.96" CONTENT="samt"/>
						</TextLine>
						<TextLine ID="line_12" HPOS="153" VPOS="886" WIDTH="1599" HEIGHT="55">
							<String ID="string_77" HPOS="153" VPOS="899" WIDTH="61" HEIGHT="23" WC="0.93" CONTENT="om"/><SP WIDTH="42" VPOS="899" HPOS="214"/>
							<String ID="string_78" HPOS="256" VPOS="886" WIDTH="222" HEIGHT="50" WC="0.88" CONTENT="förhöjning"/><SP WIDTH="27" VPOS="886" HPOS="478"/>
							<String ID="string_79" HPOS="505" VPOS="888" WIDTH="11" HEIGHT="35" WC="0.93" CONTENT="i"/><SP WIDTH="29" VPOS="888" HPOS="516"/>
							<String ID="string_80" HPOS="545" VPOS="888" WIDTH="339" HEIGHT="50" WC="0.91" CONTENT="förslagsanslaget"/><SP WIDTH="41" VPOS="888" HPOS="884"/>
							<String ID="string_81" HPOS="925" VPOS="891" WIDTH="57" HEIGHT="36" WC="0.93" CONTENT="till"/><SP WIDTH="36" VPOS="891" HPOS="982"/>
							<String ID="string_82" HPOS="1018" VPOS="892" WIDTH="257" HEIGHT="49" WC="0.92" CONTENT="adjungerade"/><SP WIDTH="28" VPOS="892" HPOS="1275"/>
							<String ID="string_83" HPOS="1303" VPOS="894" WIDTH="206" HEIGHT="38" WC="0.93" CONTENT="ledamöter"/><SP WIDTH="27" VPOS="894" HPOS="1509"/>
							<String ID="string_84" HPOS="1536" VPOS="910" WIDTH="47" HEIGHT="22" WC="0.92" CONTENT="m."/><SP WIDTH="32" VPOS="910" HPOS="1583"/>
							<String ID="string_85" HPOS="1615" VPOS="911" WIDTH="48" HEIGHT="22" WC="0.90" CONTENT="m."/><SP WIDTH="31" VPOS="911" HPOS="1663"/>
							<String ID="string_86" HPOS="1694" VPOS="898" WIDTH="58" HEIGHT="36" WC="0.96" CONTENT="för"/>
						</TextLine>
						<TextLine ID="line_13" HPOS="152" VPOS="939" WIDTH="1600" HEIGHT="54">
							<String ID="string_87" HPOS="152" VPOS="939" WIDTH="184" HEIGHT="36" WC="0.95" CONTENT="täckande"/><SP WIDTH="38" VPOS="939" HPOS="336"/>
							<String ID="string_88" HPOS="374" VPOS="939" WIDTH="41" HEIGHT="36" WC="0.95" CONTENT="af"/><SP WIDTH="26" VPOS="939" HPOS="415"/>
							<String ID="string_89" HPOS="441" VPOS="940" WIDTH="190" HEIGHT="49" WC="0.96" CONTENT="anslagets"/><SP WIDTH="30" VPOS="940" HPOS="631"/>
							<String ID="string_90" HPOS="661" VPOS="942" WIDTH="219" HEIGHT="36" WC="0.95" CONTENT="nuvarande"/><SP WIDTH="30" VPOS="942" HPOS="880"/>
							<String ID="string_91" HPOS="910" VPOS="943" WIDTH="293" HEIGHT="50" WC="0.96" CONTENT="otillräcklighet"/><SP WIDTH="28" VPOS="943" HPOS="1203"/>
							<String ID="string_92" HPOS="1231" VPOS="946" WIDTH="68" HEIGHT="36" WC="0.96" CONTENT="har"/><SP WIDTH="27" VPOS="946" HPOS="1299"/>
							<String ID="string_93" HPOS="1326" VPOS="947" WIDTH="82" HEIGHT="36" WC="0.96" CONTENT="från"/><SP WIDTH="29" VPOS="947" HPOS="1408"/>
							<String ID="string_94" HPOS="1437" VPOS="947" WIDTH="204" HEIGHT="38" WC="0.96" CONTENT="utskottets"/><SP WIDTH="30" VPOS="947" HPOS="1641"/>
							<String ID="string_95" HPOS="1671" VPOS="950" WIDTH="81" HEIGHT="36" WC="0.96" CONTENT="sida"/>
						</TextLine>
						<TextLine ID="line_14" HPOS="151" VPOS="991" WIDTH="600" HEIGHT="50">
							<String ID="string_96" HPOS="151" VPOS="991" WIDTH="82" HEIGHT="36" WC="0.95" CONTENT="icke"/><SP WIDTH="31" VPOS="991" HPOS="233"/>
							<String ID="string_97" HPOS="264" VPOS="992" WIDTH="94" HEIGHT="36" WC="0.93" CONTENT="varit"/><SP WIDTH="27" VPOS="992" HPOS="358"/>
							<String ID="string_98" HPOS="385" VPOS="995" WIDTH="119" HEIGHT="46" WC="0.96" CONTENT="något"/><SP WIDTH="29" VPOS="995" HPOS="504"/>
							<String ID="string_99" HPOS="533" VPOS="997" WIDTH="55" HEIGHT="32" WC="0.96" CONTENT="att"/><SP WIDTH="29" VPOS="997" HPOS="588"/>
							<String ID="string_100" HPOS="617" VPOS="994" WIDTH="134" HEIGHT="36" WC="0.95" CONTENT="erinra."/>
						</TextLine>
					</TextBlock>
					<TextBlock ID="block_4" HPOS="149" VPOS="1044" WIDTH="1607" HEIGHT="570">
						<TextLine ID="line_15" HPOS="280" VPOS="1044" WIDTH="1471" HEIGHT="56">
							<String ID="string_101" HPOS="280" VPOS="1044" WIDTH="151" HEIGHT="36" WC="0.90" CONTENT="Jämväl"/><SP WIDTH="28" VPOS="1044" HPOS="431"/>
							<String ID="string_102" HPOS="459" VPOS="1045" WIDTH="124" HEIGHT="49" WC="0.96" CONTENT="öfriga"/><SP WIDTH="29" VPOS="1045" HPOS="583"/>
							<String ID="string_103" HPOS="612" VPOS="1045" WIDTH="40" HEIGHT="36" WC="0.95" CONTENT="af"/><SP WIDTH="23" VPOS="1045" HPOS="652"/>
							<String ID="string_104" HPOS="675" VPOS="1046" WIDTH="140" HEIGHT="48" WC="0.90" CONTENT="Kungl."/><SP WIDTH="22" VPOS="1046" HPOS="815"/>
							<String ID="string_105" HPOS="837" VPOS="1047" WIDTH="109" HEIGHT="48" WC="0.96" CONTENT="Maj:t"/><SP WIDTH="19" VPOS="1047" HPOS="946"/>
							<String ID="string_106" HPOS="965" VPOS="1048" WIDTH="215" HEIGHT="49" WC="0.93" CONTENT="föreslagna"/><SP WIDTH="20" VPOS="1048" HPOS="1180"/>
							<String ID="string_107" HPOS="1200" VPOS="1050" WIDTH="265" HEIGHT="50" WC="0.91" CONTENT="förhöjningar"/><SP WIDTH="19" VPOS="1050" HPOS="1465"/>
							<String ID="string_108" HPOS="1484" VPOS="1053" WIDTH="12" HEIGHT="35" WC="0.96" CONTENT="i"/><SP WIDTH="20" VPOS="1053" HPOS="1496"/>
							<String ID="string_109" HPOS="1516" VPOS="1054" WIDTH="235" HEIGHT="37" WC="0.96" CONTENT="sistnämnda"/>
						</TextLine>
						<TextLine ID="line_16" HPOS="152" VPOS="1095" WIDTH="1600" HEIGHT="57">
							<String ID="string_110" HPOS="152" VPOS="1095" WIDTH="303" HEIGHT="50" WC="0.90" CONTENT="förslagsanslag"/><SP WIDTH="28" VPOS="1095" HPOS="455"/>
							<String ID="string_111" HPOS="483" VPOS="1096" WIDTH="89" HEIGHT="37" WC="0.96" CONTENT="eller"/><SP WIDTH="29" VPOS="1096" HPOS="572"/>
							<String ID="string_112" HPOS="601" VPOS="1097" WIDTH="56" HEIGHT="47" WC="0.96" CONTENT="de,"/><SP WIDTH="30" VPOS="1097" HPOS="657"/>
							<String ID="string_113" HPOS="687" VPOS="1111" WIDTH="81" HEIGHT="23" WC="0.93" CONTENT="som"/><SP WIDTH="30" VPOS="1111" HPOS="768"/>
							<String ID="string_114" HPOS="798" VPOS="1099" WIDTH="78" HEIGHT="37" WC="0.92" CONTENT="afse"/><SP WIDTH="30" VPOS="1099" HPOS="876"/>
							<String ID="string_115" HPOS="906" VPOS="1100" WIDTH="262" HEIGHT="50" WC="0.91" CONTENT="ålderstillägg"/><SP WIDTH="29" VPOS="1100" HPOS="1168"/>
							<String ID="string_116" HPOS="1197" VPOS="1105" WIDTH="37" HEIGHT="33" WC="0.93" CONTENT="åt"/><SP WIDTH="29" VPOS="1105" HPOS="1234"/>
							<String ID="string_117" HPOS="1263" VPOS="1103" WIDTH="256" HEIGHT="49" WC="0.92" CONTENT="adjungerade"/><SP WIDTH="27" VPOS="1103" HPOS="1519"/>
							<String ID="string_118" HPOS="1546" VPOS="1105" WIDTH="206" HEIGHT="38" WC="0.96" CONTENT="ledamöter"/>
						</TextLine>
						<TextLine ID="line_17" HPOS="153" VPOS="1148" WIDTH="1603" HEIGHT="59">
							<String ID="string_119" HPOS="153" VPOS="1154" WIDTH="98" HEIGHT="29" WC="0.90" CONTENT="samt"/><SP WIDTH="43" VPOS="1154" HPOS="251"/>
							<String ID="string_120" HPOS="294" VPOS="1148" WIDTH="311" HEIGHT="50" WC="0.87" CONTENT="byråingenjörer"/><SP WIDTH="42" VPOS="1148" HPOS="605"/>
							<String ID="string_121" HPOS="647" VPOS="1150" WIDTH="67" HEIGHT="36" WC="0.92" CONTENT="och"/><SP WIDTH="43" VPOS="1150" HPOS="714"/>
							<String ID="string_122" HPOS="757" VPOS="1152" WIDTH="165" HEIGHT="36" WC="0.88" CONTENT="notarier"/><SP WIDTH="41" VPOS="1152" HPOS="922"/>
							<String ID="string_123" HPOS="963" VPOS="1153" WIDTH="107" HEIGHT="36" WC="0.96" CONTENT="öfver"/><SP WIDTH="32" VPOS="1153" HPOS="1070"/>
							<String ID="string_124" HPOS="1102" VPOS="1159" WIDTH="75" HEIGHT="31" WC="0.95" CONTENT="stat"/><SP WIDTH="28" VPOS="1159" HPOS="1177"/>
							<String ID="string_125" HPOS="1205" VPOS="1155" WIDTH="195" HEIGHT="37" WC="0.96" CONTENT="äfvensom"/><SP WIDTH="28" VPOS="1155" HPOS="1400"/>
							<String ID="string_126" HPOS="1428" VPOS="1156" WIDTH="260" HEIGHT="51" WC="0.95" CONTENT="förstärkning"/><SP WIDTH="28" VPOS="1156" HPOS="1688"/>
							<String ID="string_127" HPOS="1716" VPOS="1159" WIDTH="40" HEIGHT="36" WC="0.96" CONTENT="af"/>
						</TextLine>
						<TextLine ID="line_18" HPOS="155" VPOS="1200" WIDTH="1596" HEIGHT="58">
							<String ID="string_128" HPOS="155" VPOS="1200" WIDTH="315" HEIGHT="37" WC="0.90" CONTENT="arbetskrafterna"/><SP WIDTH="28" VPOS="1200" HPOS="470"/>
							<String ID="string_129" HPOS="498" VPOS="1207" WIDTH="97" HEIGHT="30" WC="0.96" CONTENT="samt"/><SP WIDTH="24" VPOS="1207" HPOS="595"/>
							<String ID="string_130" HPOS="619" VPOS="1202" WIDTH="229" HEIGHT="50" WC="0.96" CONTENT="förbättring"/><SP WIDTH="20" VPOS="1202" HPOS="848"/>
							<String ID="string_131" HPOS="868" VPOS="1204" WIDTH="41" HEIGHT="36" WC="0.96" CONTENT="af"/><SP WIDTH="14" VPOS="1204" HPOS="909"/>
							<String ID="string_132" HPOS="923" VPOS="1204" WIDTH="221" HEIGHT="38" WC="0.93" CONTENT="biträdande"/><SP WIDTH="19" VPOS="1204" HPOS="1144"/>
							<String ID="string_133" HPOS="1163" VPOS="1206" WIDTH="286" HEIGHT="51" WC="0.91" CONTENT="ingenjörernas"/><SP WIDTH="21" VPOS="1206" HPOS="1449"/>
							<String ID="string_134" HPOS="1470" VPOS="1210" WIDTH="192" HEIGHT="48" WC="0.90" CONTENT="arfvoden,"/><SP WIDTH="21" VPOS="1210" HPOS="1662"/>
							<String ID="string_135" HPOS="1683" VPOS="1210" WIDTH="68" HEIGHT="37" WC="0.96" CONTENT="har"/>
						</TextLine>
						<TextLine ID="line_19" HPOS="152" VPOS="1252" WIDTH="1600" HEIGHT="58">
							<String ID="string_136" HPOS="152" VPOS="1252" WIDTH="186" HEIGHT="36" WC="0.94" CONTENT="utskottet"/><SP WIDTH="42" VPOS="1252" HPOS="338"/>
							<String ID="string_137" HPOS="380" VPOS="1258" WIDTH="124" HEIGHT="31" WC="0.94" CONTENT="ansett"/><SP WIDTH="41" VPOS="1258" HPOS="504"/>
							<String ID="string_138" HPOS="545" VPOS="1254" WIDTH="60" HEIGHT="48" WC="0.96" CONTENT="sig"/><SP WIDTH="42" VPOS="1254" HPOS="605"/>
							<String ID="string_139" HPOS="647" VPOS="1254" WIDTH="91" HEIGHT="36" WC="0.95" CONTENT="böra"/><SP WIDTH="41" VPOS="1254" HPOS="738"/>
							<String ID="string_140" HPOS="779" VPOS="1255" WIDTH="158" HEIGHT="47" WC="0.96" CONTENT="biträda,"/><SP WIDTH="40" VPOS="1255" HPOS="937"/>
							<String ID="string_141" HPOS="977" VPOS="1257" WIDTH="46" HEIGHT="35" WC="0.96" CONTENT="då"/><SP WIDTH="28" VPOS="1257" HPOS="1023"/>
							<String ID="string_142" HPOS="1051" VPOS="1257" WIDTH="62" HEIGHT="36" WC="0.96" CONTENT="det"/><SP WIDTH="28" VPOS="1257" HPOS="1113"/>
							<String ID="string_143" HPOS="1141" VPOS="1259" WIDTH="106" HEIGHT="36" WC="0.96" CONTENT="torde"/><SP WIDTH="28" VPOS="1259" HPOS="1247"/>
							<String ID="string_144" HPOS="1275" VPOS="1273" WIDTH="90" HEIGHT="23" WC="0.96" CONTENT="vara"/><SP WIDTH="27" VPOS="1273" HPOS="1365"/>
							<String ID="string_145" HPOS="1392" VPOS="1261" WIDTH="238" HEIGHT="49" WC="0.96" CONTENT="nödvändigt"/><SP WIDTH="28" VPOS="1261" HPOS="1630"/>
							<String ID="string_146" HPOS="1658" VPOS="1267" WIDTH="54" HEIGHT="31" WC="0.96" CONTENT="att"/><SP WIDTH="28" VPOS="1267" HPOS="1712"/>
							<String ID="string_147" HPOS="1740" VPOS="1264" WIDTH="12" HEIGHT="35" WC="0.96" CONTENT="i"/>
						</TextLine>
						<TextLine ID="line_20" HPOS="154" VPOS="1303" WIDTH="1596" HEIGHT="59">
							<String ID="string_148" HPOS="154" VPOS="1303" WIDTH="157" HEIGHT="37" WC="0.90" CONTENT="afbidan"/><SP WIDTH="47" VPOS="1303" HPOS="311"/>
							<String ID="string_149" HPOS="358" VPOS="1312" WIDTH="47" HEIGHT="41" WC="0.96" CONTENT="på"/><SP WIDTH="47" VPOS="1312" HPOS="405"/>
							<String ID="string_150" HPOS="452" VPOS="1305" WIDTH="73" HEIGHT="36" WC="0.96" CONTENT="den"/><SP WIDTH="46" VPOS="1305" HPOS="525"/>
							<String ID="string_151" HPOS="571" VPOS="1307" WIDTH="112" HEIGHT="47" WC="0.94" CONTENT="länge"/><SP WIDTH="46" VPOS="1307" HPOS="683"/>
							<String ID="string_152" HPOS="729" VPOS="1307" WIDTH="225" HEIGHT="37" WC="0.93" CONTENT="förväntade"/><SP WIDTH="41" VPOS="1307" HPOS="954"/>
							<String ID="string_153" HPOS="995" VPOS="1310" WIDTH="328" HEIGHT="49" WC="0.92" CONTENT="löneregleringen"/><SP WIDTH="40" VPOS="1310" HPOS="1323"/>
							<String ID="string_154" HPOS="1363" VPOS="1312" WIDTH="58" HEIGHT="36" WC="0.93" CONTENT="för"/><SP WIDTH="41" VPOS="1312" HPOS="1421"/>
							<String ID="string_155" HPOS="1462" VPOS="1314" WIDTH="288" HEIGHT="48" WC="0.91" CONTENT="ämbetsverket,"/>
						</TextLine>
						<TextLine ID="line_21" HPOS="152" VPOS="1355" WIDTH="1599" HEIGHT="59">
							<String ID="string_156" HPOS="152" VPOS="1355" WIDTH="157" HEIGHT="37" WC="0.96" CONTENT="hvilken"/><SP WIDTH="32" VPOS="1355" HPOS="309"/>
							<String ID="string_157" HPOS="341" VPOS="1356" WIDTH="124" HEIGHT="37" WC="0.93" CONTENT="blifvit"/><SP WIDTH="30" VPOS="1356" HPOS="465"/>
							<String ID="string_158" HPOS="495" VPOS="1358" WIDTH="191" HEIGHT="37" WC="0.91" CONTENT="afsevärdt"/><SP WIDTH="27" VPOS="1358" HPOS="686"/>
							<String ID="string_159" HPOS="713" VPOS="1359" WIDTH="169" HEIGHT="50" WC="0.96" CONTENT="fördröjd"/><SP WIDTH="29" VPOS="1359" HPOS="882"/>
							<String ID="string_160" HPOS="911" VPOS="1363" WIDTH="48" HEIGHT="47" WC="0.96" CONTENT="på"/><SP WIDTH="28" VPOS="1363" HPOS="959"/>
							<String ID="string_161" HPOS="987" VPOS="1362" WIDTH="127" HEIGHT="48" WC="0.96" CONTENT="grund"/><SP WIDTH="29" VPOS="1362" HPOS="1114"/>
							<String ID="string_162" HPOS="1143" VPOS="1363" WIDTH="41" HEIGHT="35" WC="0.94" CONTENT="af"/><SP WIDTH="15" VPOS="1363" HPOS="1184"/>
							<String ID="string_163" HPOS="1199" VPOS="1364" WIDTH="335" HEIGHT="50" WC="0.96" CONTENT="omständigheter,"/><SP WIDTH="22" VPOS="1364" HPOS="1534"/>
							<String ID="string_164" HPOS="1556" VPOS="1379" WIDTH="79" HEIGHT="23" WC="0.96" CONTENT="som"/><SP WIDTH="19" VPOS="1379" HPOS="1635"/>
							<String ID="string_165" HPOS="1654" VPOS="1367" WIDTH="97" HEIGHT="36" WC="0.96" CONTENT="varit"/>
						</TextLine>
						<TextLine ID="line_22" HPOS="154" VPOS="1409" WIDTH="1597" HEIGHT="58">
							<String ID="string_166" HPOS="154" VPOS="1409" WIDTH="40" HEIGHT="34" WC="0.82" CONTENT="at"/><SP WIDTH="22" VPOS="1409" HPOS="194"/>
							<String ID="string_167" HPOS="216" VPOS="1409" WIDTH="131" HEIGHT="36" WC="0.94" CONTENT="verket"/><SP WIDTH="29" VPOS="1409" HPOS="347"/>
							<String ID="string_168" HPOS="376" VPOS="1409" WIDTH="221" HEIGHT="45" WC="0.96" CONTENT="oberoende,"/><SP WIDTH="30" VPOS="1409" HPOS="597"/>
							<String ID="string_169" HPOS="627" VPOS="1411" WIDTH="139" HEIGHT="36" WC="0.95" CONTENT="bereda"/><SP WIDTH="26" VPOS="1411" HPOS="766"/>
							<String ID="string_170" HPOS="792" VPOS="1412" WIDTH="132" HEIGHT="37" WC="0.96" CONTENT="verket"/><SP WIDTH="19" VPOS="1412" HPOS="924"/>
							<String ID="string_171" HPOS="943" VPOS="1413" WIDTH="72" HEIGHT="36" WC="0.96" CONTENT="den"/><SP WIDTH="24" VPOS="1413" HPOS="1015"/>
							<String ID="string_172" HPOS="1039" VPOS="1414" WIDTH="164" HEIGHT="48" WC="0.93" CONTENT="begärda"/><SP WIDTH="20" VPOS="1414" HPOS="1203"/>
							<String ID="string_173" HPOS="1223" VPOS="1415" WIDTH="436" HEIGHT="52" WC="0.90" CONTENT="arbetsförstärkningen"/><SP WIDTH="20" VPOS="1415" HPOS="1659"/>
							<String ID="string_174" HPOS="1679" VPOS="1419" WIDTH="72" HEIGHT="36" WC="0.96" CONTENT="och"/>
						</TextLine>
						<TextLine ID="line_23" HPOS="149" VPOS="1460" WIDTH="1601" HEIGHT="59">
							<String ID="string_175" HPOS="149" VPOS="1460" WIDTH="144" HEIGHT="48" WC="0.91" CONTENT="Jämväl"/><SP WIDTH="42" VPOS="1460" HPOS="293"/>
							<String ID="string_176" HPOS="335" VPOS="1461" WIDTH="59" HEIGHT="36" WC="0.96" CONTENT="för"/><SP WIDTH="41" VPOS="1461" HPOS="394"/>
							<String ID="string_177" HPOS="435" VPOS="1461" WIDTH="265" HEIGHT="38" WC="0.94" CONTENT="bibehållande"/><SP WIDTH="42" VPOS="1461" HPOS="700"/>
							<String ID="string_178" HPOS="742" VPOS="1466" WIDTH="36" HEIGHT="33" WC="0.95" CONTENT="åt"/><SP WIDTH="41" VPOS="1466" HPOS="778"/>
							<String ID="string_179" HPOS="819" VPOS="1465" WIDTH="133" HEIGHT="36" WC="0.96" CONTENT="verket"/><SP WIDTH="41" VPOS="1465" HPOS="952"/>
							<String ID="string_180" HPOS="993" VPOS="1465" WIDTH="41" HEIGHT="36" WC="0.96" CONTENT="af"/><SP WIDTH="38" VPOS="1465" HPOS="1034"/>
							<String ID="string_181" HPOS="1072" VPOS="1466" WIDTH="158" HEIGHT="49" WC="0.93" CONTENT="dugliga"/><SP WIDTH="33" VPOS="1466" HPOS="1230"/>
							<String ID="string_182" HPOS="1263" VPOS="1468" WIDTH="267" HEIGHT="38" WC="0.92" CONTENT="arbetskrafter"/><SP WIDTH="28" VPOS="1468" HPOS="1530"/>
							<String ID="string_183" HPOS="1558" VPOS="1471" WIDTH="192" HEIGHT="48" WC="0.91" CONTENT="medgifva"/>
						</TextLine>
						<TextLine ID="line_24" HPOS="154" VPOS="1513" WIDTH="1596" HEIGHT="58">
							<String ID="string_184" HPOS="154" VPOS="1513" WIDTH="305" HEIGHT="48" WC="0.94" CONTENT="tjänstemännen"/><SP WIDTH="42" VPOS="1513" HPOS="459"/>
							<String ID="string_185" HPOS="501" VPOS="1514" WIDTH="195" HEIGHT="38" WC="0.94" CONTENT="därstädes"/><SP WIDTH="28" VPOS="1514" HPOS="696"/>
							<String ID="string_186" HPOS="724" VPOS="1529" WIDTH="51" HEIGHT="22" WC="0.96" CONTENT="nu"/><SP WIDTH="32" VPOS="1529" HPOS="775"/>
							<String ID="string_187" HPOS="807" VPOS="1516" WIDTH="285" HEIGHT="50" WC="0.93" CONTENT="ifrågavarande"/><SP WIDTH="31" VPOS="1516" HPOS="1092"/>
							<String ID="string_188" HPOS="1123" VPOS="1519" WIDTH="469" HEIGHT="52" WC="0.86" CONTENT="aflöningsförböjningar,"/><SP WIDTH="29" VPOS="1519" HPOS="1592"/>
							<String ID="string_189" HPOS="1621" VPOS="1523" WIDTH="129" HEIGHT="37" WC="0.96" CONTENT="hvilka"/>
						</TextLine>
						<TextLine ID="line_25" HPOS="154" VPOS="1566" WIDTH="1360" HEIGHT="48">
							<String ID="string_190" HPOS="154" VPOS="1577" WIDTH="114" HEIGHT="37" WC="0.96" CONTENT="synas"/><SP WIDTH="29" VPOS="1577" HPOS="268"/>
							<String ID="string_191" HPOS="297" VPOS="1566" WIDTH="207" HEIGHT="48" WC="0.36" CONTENT="betingade"/><SP WIDTH="28" VPOS="1566" HPOS="504"/>
							<String ID="string_192" HPOS="532" VPOS="1566" WIDTH="41" HEIGHT="36" WC="0.95" CONTENT="af"/><SP WIDTH="25" VPOS="1566" HPOS="573"/>
							<String ID="string_193" HPOS="598" VPOS="1567" WIDTH="61" HEIGHT="36" WC="0.97" CONTENT="det"/><SP WIDTH="29" VPOS="1567" HPOS="659"/>
							<String ID="string_194" HPOS="688" VPOS="1568" WIDTH="148" HEIGHT="36" WC="0.96" CONTENT="alltmer"/><SP WIDTH="28" VPOS="1568" HPOS="836"/>
							<String ID="string_195" HPOS="864" VPOS="1569" WIDTH="119" HEIGHT="37" WC="0.96" CONTENT="ökade"/><SP WIDTH="29" VPOS="1569" HPOS="983"/>
							<String ID="string_196" HPOS="1012" VPOS="1571" WIDTH="143" HEIGHT="36" WC="0.96" CONTENT="arbetet"/><SP WIDTH="28" VPOS="1571" HPOS="1155"/>
							<String ID="string_197" HPOS="1183" VPOS="1572" WIDTH="12" HEIGHT="35" WC="0.93" CONTENT="i"/><SP WIDTH="29" VPOS="1572" HPOS="1195"/>
							<String ID="string_198" HPOS="1224" VPOS="1572" WIDTH="290" HEIGHT="38" WC="0.91" CONTENT="ämbetsverket."/>
						</TextLine>
					</TextBlock>
					<TextBlock ID="block_5" HPOS="153" VPOS="1617" WIDTH="1597" HEIGHT="209">
						<TextLine ID="line_26" HPOS="283" VPOS="1617" WIDTH="1466" HEIGHT="59">
							<String ID="string_199" HPOS="283" VPOS="1617" WIDTH="107" HEIGHT="36" WC="0.93" CONTENT="Dock"/><SP WIDTH="41" VPOS="1617" HPOS="390"/>
							<String ID="string_200" HPOS="431" VPOS="1618" WIDTH="107" HEIGHT="37" WC="0.93" CONTENT="torde"/><SP WIDTH="41" VPOS="1618" HPOS="538"/>
							<String ID="string_201" HPOS="579" VPOS="1621" WIDTH="121" HEIGHT="34" WC="0.96" CONTENT="såsom"/><SP WIDTH="44" VPOS="1621" HPOS="700"/>
							<String ID="string_202" HPOS="744" VPOS="1620" WIDTH="136" HEIGHT="37" WC="0.93" CONTENT="villkor"/><SP WIDTH="33" VPOS="1620" HPOS="880"/>
							<String ID="string_203" HPOS="913" VPOS="1621" WIDTH="60" HEIGHT="37" WC="0.96" CONTENT="för"/><SP WIDTH="27" VPOS="1621" HPOS="973"/>
							<String ID="string_204" HPOS="1000" VPOS="1622" WIDTH="215" HEIGHT="37" WC="0.96" CONTENT="erhållande"/><SP WIDTH="30" VPOS="1622" HPOS="1215"/>
							<String ID="string_205" HPOS="1245" VPOS="1624" WIDTH="40" HEIGHT="36" WC="0.96" CONTENT="af"/><SP WIDTH="25" VPOS="1624" HPOS="1285"/>
							<String ID="string_206" HPOS="1310" VPOS="1625" WIDTH="73" HEIGHT="36" WC="0.96" CONTENT="den"/><SP WIDTH="28" VPOS="1625" HPOS="1383"/>
							<String ID="string_207" HPOS="1411" VPOS="1639" WIDTH="138" HEIGHT="35" WC="0.93" CONTENT="genom"/><SP WIDTH="30" VPOS="1639" HPOS="1549"/>
							<String ID="string_208" HPOS="1579" VPOS="1628" WIDTH="170" HEIGHT="48" WC="0.92" CONTENT="anslags-"/>
						</TextLine>
						<TextLine ID="line_27" HPOS="155" VPOS="1669" WIDTH="1595" HEIGHT="60">
							<String ID="string_209" HPOS="155" VPOS="1669" WIDTH="269" HEIGHT="50" WC="0.92" CONTENT="förhöjningen"/><SP WIDTH="42" VPOS="1669" HPOS="424"/>
							<String ID="string_210" HPOS="466" VPOS="1671" WIDTH="271" HEIGHT="49" WC="0.91" CONTENT="möjliggjorda"/><SP WIDTH="28" VPOS="1671" HPOS="737"/>
							<String ID="string_211" HPOS="765" VPOS="1673" WIDTH="452" HEIGHT="51" WC="0.88" CONTENT="arfvodesförbättringen"/><SP WIDTH="28" VPOS="1673" HPOS="1217"/>
							<String ID="string_212" HPOS="1245" VPOS="1676" WIDTH="59" HEIGHT="36" WC="0.96" CONTENT="för"/><SP WIDTH="27" VPOS="1676" HPOS="1304"/>
							<String ID="string_213" HPOS="1331" VPOS="1677" WIDTH="220" HEIGHT="39" WC="0.93" CONTENT="biträdande"/><SP WIDTH="28" VPOS="1677" HPOS="1551"/>
							<String ID="string_214" HPOS="1579" VPOS="1678" WIDTH="171" HEIGHT="51" WC="0.91" CONTENT="ingenjö-"/>
						</TextLine>
						<TextLine ID="line_28" HPOS="153" VPOS="1722" WIDTH="1597" HEIGHT="57">
							<String ID="string_215" HPOS="153" VPOS="1735" WIDTH="111" HEIGHT="23" WC="0.95" CONTENT="rerna"/><SP WIDTH="27" VPOS="1735" HPOS="264"/>
							<String ID="string_216" HPOS="291" VPOS="1722" WIDTH="91" HEIGHT="36" WC="0.96" CONTENT="böra"/><SP WIDTH="29" VPOS="1722" HPOS="382"/>
							<String ID="string_217" HPOS="411" VPOS="1723" WIDTH="155" HEIGHT="48" WC="0.95" CONTENT="stadgas"/><SP WIDTH="29" VPOS="1723" HPOS="566"/>
							<String ID="string_218" HPOS="595" VPOS="1724" WIDTH="218" HEIGHT="48" WC="0.96" CONTENT="skyldighet"/><SP WIDTH="28" VPOS="1724" HPOS="813"/>
							<String ID="string_219" HPOS="841" VPOS="1725" WIDTH="60" HEIGHT="36" WC="0.96" CONTENT="för"/><SP WIDTH="19" VPOS="1725" HPOS="901"/>
							<String ID="string_220" HPOS="920" VPOS="1726" WIDTH="83" HEIGHT="36" WC="0.96" CONTENT="dem"/><SP WIDTH="21" VPOS="1726" HPOS="1003"/>
							<String ID="string_221" HPOS="1024" VPOS="1732" WIDTH="54" HEIGHT="31" WC="0.96" CONTENT="att"/><SP WIDTH="18" VPOS="1732" HPOS="1078"/>
							<String ID="string_222" HPOS="1096" VPOS="1741" WIDTH="90" HEIGHT="22" WC="0.92" CONTENT="vara"/><SP WIDTH="19" VPOS="1741" HPOS="1186"/>
							<String ID="string_223" HPOS="1205" VPOS="1728" WIDTH="182" HEIGHT="38" WC="0.91" CONTENT="tillstädes"/><SP WIDTH="20" VPOS="1728" HPOS="1387"/>
							<String ID="string_224" HPOS="1407" VPOS="1733" WIDTH="20" HEIGHT="33" WC="0.90" CONTENT="å"/><SP WIDTH="18" VPOS="1733" HPOS="1427"/>
							<String ID="string_225" HPOS="1445" VPOS="1731" WIDTH="305" HEIGHT="48" WC="0.88" CONTENT="tjänsterummet"/>
						</TextLine>
						<TextLine ID="line_29" HPOS="155" VPOS="1774" WIDTH="819" HEIGHT="52">
							<String ID="string_226" HPOS="155" VPOS="1774" WIDTH="116" HEIGHT="35" WC="0.96" CONTENT="minst"/><SP WIDTH="28" VPOS="1774" HPOS="271"/>
							<String ID="string_227" HPOS="299" VPOS="1774" WIDTH="83" HEIGHT="48" WC="0.96" CONTENT="fyra"/><SP WIDTH="28" VPOS="1774" HPOS="382"/>
							<String ID="string_228" HPOS="410" VPOS="1774" WIDTH="152" HEIGHT="36" WC="0.96" CONTENT="timmar"/><SP WIDTH="26" VPOS="1774" HPOS="562"/>
							<String ID="string_229" HPOS="588" VPOS="1774" WIDTH="133" HEIGHT="50" WC="0.93" CONTENT="hvarje"/><SP WIDTH="28" VPOS="1774" HPOS="721"/>
							<String ID="string_230" HPOS="749" VPOS="1777" WIDTH="225" HEIGHT="49" WC="0.87" CONTENT="söckendag."/>
						</TextLine>
					</TextBlock>
					<TextBlock ID="block_6" HPOS="283" VPOS="1826" WIDTH="585" HEIGHT="50">
						<TextLine ID="line_30" HPOS="283" VPOS="1826" WIDTH="585" HEIGHT="50">
							<String ID="string_231" HPOS="283" VPOS="1826" WIDTH="194" HEIGHT="36" WC="0.96" CONTENT="Utskottet"/><SP WIDTH="28" VPOS="1826" HPOS="477"/>
							<String ID="string_232" HPOS="505" VPOS="1827" WIDTH="216" HEIGHT="37" WC="0.96" CONTENT="hemställer"/><SP WIDTH="28" VPOS="1827" HPOS="721"/>
							<String ID="string_233" HPOS="749" VPOS="1829" WIDTH="119" HEIGHT="47" WC="0.96" CONTENT="alltså,"/>
						</TextLine>
					</TextBlock>
				</ComposedBlock>
				<ComposedBlock ID="cblock_4" HPOS="245" VPOS="1951" WIDTH="1510" HEIGHT="419">
					<TextBlock ID="block_7" HPOS="555" VPOS="1951" WIDTH="1200" HEIGHT="366">
						<TextLine ID="line_31" HPOS="687" VPOS="1951" WIDTH="1068" HEIGHT="52">
							<String ID="string_234" HPOS="687" VPOS="1956" WIDTH="55" HEIGHT="30" WC="0.96" CONTENT="att"/><SP WIDTH="26" VPOS="1956" HPOS="742"/>
							<String ID="string_235" HPOS="768" VPOS="1951" WIDTH="220" HEIGHT="50" WC="0.96" CONTENT="Riksdagen"/><SP WIDTH="28" VPOS="1951" HPOS="988"/>
							<String ID="string_236" HPOS="1016" VPOS="1957" WIDTH="71" HEIGHT="44" WC="0.96" CONTENT="må,"/><SP WIDTH="29" VPOS="1957" HPOS="1087"/>
							<String ID="string_237" HPOS="1116" VPOS="1955" WIDTH="85" HEIGHT="35" WC="0.96" CONTENT="med"/><SP WIDTH="29" VPOS="1955" HPOS="1201"/>
							<String ID="string_238" HPOS="1230" VPOS="1955" WIDTH="277" HEIGHT="48" WC="0.95" CONTENT="godkännande"/><SP WIDTH="28" VPOS="1955" HPOS="1507"/>
							<String ID="string_239" HPOS="1535" VPOS="1957" WIDTH="40" HEIGHT="36" WC="0.95" CONTENT="af"/><SP WIDTH="16" VPOS="1957" HPOS="1575"/>
							<String ID="string_240" HPOS="1591" VPOS="1958" WIDTH="62" HEIGHT="36" WC="0.96" CONTENT="det"/><SP WIDTH="18" VPOS="1958" HPOS="1653"/>
							<String ID="string_241" HPOS="1671" VPOS="1959" WIDTH="84" HEIGHT="35" WC="0.96" CONTENT="utaf"/>
						</TextLine>
						<TextLine ID="line_32" HPOS="556" VPOS="2001" WIDTH="1194" HEIGHT="57">
							<String ID="string_242" HPOS="556" VPOS="2001" WIDTH="412" HEIGHT="49" WC="0.91" CONTENT="departementschefen"/><SP WIDTH="38" VPOS="2001" HPOS="968"/>
							<String ID="string_243" HPOS="1006" VPOS="2005" WIDTH="205" HEIGHT="51" WC="0.88" CONTENT="tillstyrkta"/><SP WIDTH="30" VPOS="2005" HPOS="1211"/>
							<String ID="string_244" HPOS="1241" VPOS="2007" WIDTH="182" HEIGHT="49" WC="0.96" CONTENT="förslaget"/><SP WIDTH="27" VPOS="2007" HPOS="1423"/>
							<String ID="string_245" HPOS="1450" VPOS="2008" WIDTH="56" HEIGHT="36" WC="0.93" CONTENT="till"/><SP WIDTH="27" VPOS="2008" HPOS="1506"/>
							<String ID="string_246" HPOS="1533" VPOS="2009" WIDTH="217" HEIGHT="49" WC="0.92" CONTENT="utgiftsstat"/>
						</TextLine>
						<TextLine ID="line_33" HPOS="556" VPOS="2054" WIDTH="1194" HEIGHT="53">
							<String ID="string_247" HPOS="556" VPOS="2054" WIDTH="57" HEIGHT="36" WC="0.93" CONTENT="för"/><SP WIDTH="40" VPOS="2054" HPOS="613"/>
							<String ID="string_248" HPOS="653" VPOS="2060" WIDTH="148" HEIGHT="44" WC="0.91" CONTENT="patent-"/><SP WIDTH="41" VPOS="2060" HPOS="801"/>
							<String ID="string_249" HPOS="842" VPOS="2056" WIDTH="71" HEIGHT="37" WC="0.93" CONTENT="och"/><SP WIDTH="33" VPOS="2056" HPOS="913"/>
							<String ID="string_250" HPOS="946" VPOS="2057" WIDTH="399" HEIGHT="50" WC="0.90" CONTENT="registreringsverket"/><SP WIDTH="27" VPOS="2057" HPOS="1345"/>
							<String ID="string_251" HPOS="1372" VPOS="2060" WIDTH="58" HEIGHT="36" WC="0.96" CONTENT="för"/><SP WIDTH="28" VPOS="2060" HPOS="1430"/>
							<String ID="string_252" HPOS="1458" VPOS="2063" WIDTH="40" HEIGHT="34" WC="0.96" CONTENT="år"/><SP WIDTH="29" VPOS="2063" HPOS="1498"/>
							<String ID="string_253" HPOS="1527" VPOS="2063" WIDTH="97" HEIGHT="35" WC="0.96" CONTENT="1913"/><SP WIDTH="30" VPOS="2063" HPOS="1624"/>
							<String ID="string_254" HPOS="1654" VPOS="2068" WIDTH="96" HEIGHT="30" WC="0.95" CONTENT="samt"/>
						</TextLine>
						<TextLine ID="line_34" HPOS="555" VPOS="2106" WIDTH="1194" HEIGHT="49">
							<String ID="string_255" HPOS="555" VPOS="2106" WIDTH="85" HEIGHT="36" WC="0.96" CONTENT="med"/><SP WIDTH="29" VPOS="2106" HPOS="640"/>
							<String ID="string_256" HPOS="669" VPOS="2107" WIDTH="248" HEIGHT="48" WC="0.93" CONTENT="förklarande,"/><SP WIDTH="31" VPOS="2107" HPOS="917"/>
							<String ID="string_257" HPOS="948" VPOS="2114" WIDTH="53" HEIGHT="31" WC="0.96" CONTENT="att"/><SP WIDTH="28" VPOS="2114" HPOS="1001"/>
							<String ID="string_258" HPOS="1029" VPOS="2110" WIDTH="62" HEIGHT="36" WC="0.93" CONTENT="det"/><SP WIDTH="28" VPOS="2110" HPOS="1091"/>
							<String ID="string_259" HPOS="1119" VPOS="2113" WIDTH="20" HEIGHT="33" WC="0.91" CONTENT="å"/><SP WIDTH="29" VPOS="2113" HPOS="1139"/>
							<String ID="string_260" HPOS="1168" VPOS="2111" WIDTH="296" HEIGHT="37" WC="0.92" CONTENT="ämbetsverkets"/><SP WIDTH="25" VPOS="2111" HPOS="1464"/>
							<String ID="string_261" HPOS="1489" VPOS="2114" WIDTH="260" HEIGHT="37" WC="0.91" CONTENT="omkostnads-"/>
						</TextLine>
						<TextLine ID="line_35" HPOS="557" VPOS="2159" WIDTH="1193" HEIGHT="56">
							<String ID="string_262" HPOS="557" VPOS="2163" WIDTH="74" HEIGHT="31" WC="0.95" CONTENT="stat"/><SP WIDTH="29" VPOS="2163" HPOS="631"/>
							<String ID="string_263" HPOS="660" VPOS="2159" WIDTH="186" HEIGHT="49" WC="0.93" CONTENT="uppförda"/><SP WIDTH="28" VPOS="2159" HPOS="846"/>
							<String ID="string_264" HPOS="874" VPOS="2160" WIDTH="297" HEIGHT="52" WC="0.91" CONTENT="förslagsanslag"/><SP WIDTH="27" VPOS="2160" HPOS="1171"/>
							<String ID="string_265" HPOS="1198" VPOS="2163" WIDTH="54" HEIGHT="36" WC="0.96" CONTENT="till"/><SP WIDTH="28" VPOS="2163" HPOS="1252"/>
							<String ID="string_266" HPOS="1280" VPOS="2164" WIDTH="235" HEIGHT="48" WC="0.91" CONTENT="provisorisk"/><SP WIDTH="27" VPOS="2164" HPOS="1515"/>
							<String ID="string_267" HPOS="1542" VPOS="2166" WIDTH="208" HEIGHT="49" WC="0.91" CONTENT="löneregle-"/>
						</TextLine>
						<TextLine ID="line_36" HPOS="556" VPOS="2209" WIDTH="1193" HEIGHT="58">
							<String ID="string_268" HPOS="556" VPOS="2209" WIDTH="89" HEIGHT="51" WC="0.95" CONTENT="ring"/><SP WIDTH="36" VPOS="2209" HPOS="645"/>
							<String ID="string_269" HPOS="681" VPOS="2211" WIDTH="58" HEIGHT="36" WC="0.95" CONTENT="för"/><SP WIDTH="35" VPOS="2211" HPOS="739"/>
							<String ID="string_270" HPOS="774" VPOS="2212" WIDTH="73" HEIGHT="36" WC="0.92" CONTENT="den"/><SP WIDTH="29" VPOS="2212" HPOS="847"/>
							<String ID="string_271" HPOS="876" VPOS="2215" WIDTH="20" HEIGHT="34" WC="0.89" CONTENT="å"/><SP WIDTH="28" VPOS="2215" HPOS="896"/>
							<String ID="string_272" HPOS="924" VPOS="2213" WIDTH="312" HEIGHT="51" WC="0.90" CONTENT="aflöningsstaten"/><SP WIDTH="28" VPOS="2213" HPOS="1236"/>
							<String ID="string_273" HPOS="1264" VPOS="2221" WIDTH="197" HEIGHT="45" WC="0.96" CONTENT="upptagna"/><SP WIDTH="27" VPOS="2221" HPOS="1461"/>
							<String ID="string_274" HPOS="1488" VPOS="2218" WIDTH="174" HEIGHT="49" WC="0.96" CONTENT="personal"/><SP WIDTH="27" VPOS="2218" HPOS="1662"/>
							<String ID="string_275" HPOS="1689" VPOS="2221" WIDTH="60" HEIGHT="34" WC="0.96" CONTENT="må"/>
						</TextLine>
						<TextLine ID="line_37" HPOS="557" VPOS="2262" WIDTH="1196" HEIGHT="55">
							<String ID="string_276" HPOS="557" VPOS="2262" WIDTH="58" HEIGHT="37" WC="0.96" CONTENT="för"/><SP WIDTH="41" VPOS="2262" HPOS="615"/>
							<String ID="string_277" HPOS="656" VPOS="2264" WIDTH="134" HEIGHT="36" WC="0.95" CONTENT="sådant"/><SP WIDTH="40" VPOS="2264" HPOS="790"/>
							<String ID="string_278" HPOS="830" VPOS="2265" WIDTH="173" HEIGHT="37" WC="0.95" CONTENT="ändamål"/><SP WIDTH="40" VPOS="2265" HPOS="1003"/>
							<String ID="string_279" HPOS="1043" VPOS="2267" WIDTH="218" HEIGHT="49" WC="0.96" CONTENT="disponeras"/><SP WIDTH="27" VPOS="2267" HPOS="1261"/>
							<String ID="string_280" HPOS="1288" VPOS="2269" WIDTH="13" HEIGHT="35" WC="0.95" CONTENT="1"/><SP WIDTH="28" VPOS="2269" HPOS="1301"/>
							<String ID="string_281" HPOS="1329" VPOS="2269" WIDTH="168" HEIGHT="48" WC="0.96" CONTENT="enlighet"/><SP WIDTH="28" VPOS="2269" HPOS="1497"/>
							<String ID="string_282" HPOS="1525" VPOS="2271" WIDTH="84" HEIGHT="36" WC="0.96" CONTENT="med"/><SP WIDTH="29" VPOS="2271" HPOS="1609"/>
							<String ID="string_283" HPOS="1638" VPOS="2271" WIDTH="45" HEIGHT="36" WC="0.95" CONTENT="de"/><SP WIDTH="30" VPOS="2271" HPOS="1683"/>
							<String ID="string_284" HPOS="1713" VPOS="2271" WIDTH="40" HEIGHT="36" WC="0.95" CONTENT="af"/>
						</TextLine>
					</TextBlock>
					<TextBlock ID="block_8" HPOS="245" VPOS="2320" WIDTH="1460" HEIGHT="50">
						<TextLine ID="line_38" HPOS="245" VPOS="2320" WIDTH="1460" HEIGHT="50">
							<String ID="string_285" HPOS="245" VPOS="2320" WIDTH="128" HEIGHT="43" WC="0.91" CONTENT="Bihang"/><SP WIDTH="24" VPOS="2320" HPOS="373"/>
							<String ID="string_286" HPOS="397" VPOS="2323" WIDTH="48" HEIGHT="30" WC="0.92" CONTENT="till"/><SP WIDTH="22" VPOS="2323" HPOS="445"/>
							<String ID="string_287" HPOS="467" VPOS="2322" WIDTH="199" HEIGHT="43" WC="0.94" CONTENT="Riksdagens"/><SP WIDTH="17" VPOS="2322" HPOS="666"/>
							<String ID="string_288" HPOS="683" VPOS="2325" WIDTH="157" HEIGHT="40" WC="0.95" CONTENT="protokoll"/><SP WIDTH="23" VPOS="2325" HPOS="840"/>
							<String ID="string_289" HPOS="863" VPOS="2326" WIDTH="94" HEIGHT="31" WC="0.95" CONTENT="1912."/><SP WIDTH="48" VPOS="2326" HPOS="957"/>
							<String ID="string_290" HPOS="1005" VPOS="2328" WIDTH="20" HEIGHT="30" WC="0.95" CONTENT="6"/><SP WIDTH="22" VPOS="2328" HPOS="1025"/>
							<String ID="string_291" HPOS="1047" VPOS="2329" WIDTH="89" HEIGHT="30" WC="0.94" CONTENT="saml."/><SP WIDTH="46" VPOS="2329" HPOS="1136"/>
							<String ID="string_292" HPOS="1182" VPOS="2329" WIDTH="21" HEIGHT="30" WC="0.91" CONTENT="7"/><SP WIDTH="22" VPOS="2329" HPOS="1203"/>
							<String ID="string_293" HPOS="1225" VPOS="2328" WIDTH="78" HEIGHT="42" WC="0.81" CONTENT="häft."/><SP WIDTH="46" VPOS="2328" HPOS="1303"/>
							<String ID="string_294" HPOS="1349" VPOS="2330" WIDTH="66" HEIGHT="40" WC="0.96" CONTENT="(Nr"/><SP WIDTH="23" VPOS="2330" HPOS="1415"/>
							<String ID="string_295" HPOS="1438" VPOS="2330" WIDTH="45" HEIGHT="38" WC="0.95" CONTENT="7)"/><SP WIDTH="204" VPOS="2330" HPOS="1483"/>
							<String ID="string_296" HPOS="1687" VPOS="2332" WIDTH="18" HEIGHT="30" WC="0.95" CONTENT="6"/>
						</TextLine>
					</TextBlock>
				</ComposedBlock>
				<ComposedBlock ID="cblock_5" HPOS="1808" VPOS="796" WIDTH="137" HEIGHT="65">
					<TextBlock ID="block_9" HPOS="1808" VPOS="796" WIDTH="137" HEIGHT="65">
						<TextLine ID="line_39" HPOS="1808" VPOS="796" WIDTH="137" HEIGHT="24">
							<String ID="string_297" HPOS="1808" VPOS="796" WIDTH="137" HEIGHT="24" WC="0.95" CONTENT="Utskottets"/>
						</TextLine>
						<TextLine ID="line_40" HPOS="1810" VPOS="832" WIDTH="130" HEIGHT="29">
							<String ID="string_298" HPOS="1810" VPOS="832" WIDTH="130" HEIGHT="29" WC="0.76" CONTENT="yttrande."/>
						</TextLine>
					</TextBlock>
				</ComposedBlock>
			</PrintSpace>
		</Page>
	</Layout>
</alto>
