1870 2766
253 147 38 29 12
548 148 120 32 Andra
690 149 244 40 lagutskottets
957 152 180 30 utlåtande
1159 161 42 20 nr
1222 152 41 30 47
1285 153 40 30 år
1347 153 84 30 1964

803 253 383 48 Motionsyrkandena

292 333 13 30 I
326 334 218 31 motionerna
564 336 32 29 I:
612 335 62 31 723
693 337 66 30 och
777 338 48 28 II:
840 338 63 29 883
923 338 64 30 har
1006 339 197 30 hemställts
1226 342 71 28 »att
1317 340 187 40 riksdagen
1524 341 58 29 vid
1603 341 54 30 sin
1677 342 57 29 be-

248 386 169 41 handling
432 397 42 21 av
489 389 217 39 proposition
723 399 42 21 nr
783 390 39 30 70
838 391 107 30 måtte
961 392 147 35 besluta,

292 440 74 30 dels
387 443 51 28 att
458 441 40 30 20
523 441 15 37 8
562 442 111 30 första
694 443 135 39 stycket
850 444 165 40 förslaget
1037 445 53 30 till
1111 455 47 30 ny
1178 446 371 40 bidragsförskottslag
1571 447 89 30 skall
1681 457 52 20 er-

247 493 95 31 hålla
363 494 156 39 följande
540 495 144 40 lydelse:

292 547 122 40 ”Utgift
433 548 55 30 för
506 548 295 41 bidragsförskott
820 551 168 30 bestrides
1008 552 53 29 till
1081 552 41 30 55
1142 555 143 37 procent
1305 562 43 21 av
1367 554 209 30 statsverket
1595 554 66 30 och
1680 554 52 30 till

247 600 41 30 45
309 603 143 37 procent
472 611 43 21 av
535 602 67 30 den
623 603 180 35 kommun,
823 614 80 21 vars
922 604 350 32 barnavårdsnämnd
1293 606 125 40 utgivit
1438 607 209 30 förskottet.”

294 654 73 31 dels
383 657 50 28 att
447 655 40 30 20
505 655 16 37 $
538 656 86 30 sista
639 657 133 39 stycket
788 658 89 29 skall
892 659 132 29 erhålla
1041 659 155 39 följande
1212 660 145 39 lydelse:

294 707 82 30 ”Har
403 708 349 31 barnavårdsnämnd
782 711 122 39 utgivit
932 711 295 40 bidragsförskott
1255 713 11 29 i
1295 713 88 30 strid
1410 715 73 28 mot
1512 714 220 30 bestämmel-

248 769 103 22 serna
371 761 12 30 i
403 761 115 31 denna
538 762 67 40 lag,
626 763 80 39 äger
727 763 249 40 länsstyrelsen
997 765 147 34 besluta,
1166 768 50 27 att
1238 767 206 38 gottgörelse
1467 766 79 31 från
1570 769 163 28 statsver-

248 814 59 30 ket
323 814 31 40 ej
375 815 88 29 skall
482 815 82 40 utgå
581 816 83 30 eller
680 818 49 28 att
747 817 107 30 redan
872 818 174 39 uppburet
1062 818 125 40 belopp
1205 819 88 30 skall
1311 819 230 31 återbetalas.”

292 867 74 31 dels
390 868 64 30 ock
477 870 52 28 att
551 868 40 30 21
619 869 16 37 $
661 869 165 40 förslaget
850 871 51 29 till
925 880 46 30 ny
993 871 371 41 bidragsförskottslag
1388 873 11 29 i
1423 873 54 30 sin
1501 874 117 29 helhet
1643 874 89 30 skall

248 921 115 40 utgå>.

293 975 12 29 I
324 975 218 31 motionerna
560 977 33 29 I:
609 977 62 30 726
689 978 65 29 och
771 978 49 29 II:
834 979 64 29 889
916 979 64 29 har
998 979 197 30 hemställts
1215 982 71 28 »att
1305 980 186 40 riksdagen
1510 980 156 30 beslutar
1683 981 50 29 bi-

247 1027 86 31 falla
349 1037 97 31 prop.
463 1039 43 20 nr
525 1029 39 30 70
582 1030 79 30 med
678 1031 148 39 ändring
844 1041 42 20 av
902 1032 250 39 paragraferna
1171 1032 29 35 3,
1218 1033 41 29 20
1278 1034 66 29 och
1361 1033 39 29 21
1421 1036 90 27 samt
1529 1036 51 27 att
1598 1034 135 30 utskot-

247 1082 49 28 tet
316 1082 177 30 utarbetar
512 1092 43 20 en
575 1083 190 31 förändrad
785 1084 128 40 lydelse
933 1095 43 20 av
994 1086 155 30 nämnda
1168 1086 203 39 paragrafer
1390 1087 11 29 i
1420 1087 152 39 enlighet
1592 1087 80 30 med
1690 1087 42 30 de

247 1134 190 40 ändringar
457 1145 77 20 som
554 1136 196 40 föreslagits
772 1147 43 20 av
835 1147 55 21 oss
911 1138 11 30 i
943 1138 100 40 fråga
1063 1148 57 20 om
1141 1139 221 39 åldersgräns
1383 1140 64 30 och
1469 1140 264 40 finansierings-

246 1187 295 31 bestämmelser».

292 1241 12 30 I
320 1242 219 30 motionerna
554 1244 32 28 I:
603 1243 61 30 727
681 1245 64 28 och
760 1245 48 28 II:
822 1245 64 29 888
901 1245 65 29 har
980 1246 209 33 hemställts,

293 1295 57 33 >a)
372 1296 51 29 att
439 1295 188 40 riksdagen
645 1296 106 31 måtte
768 1297 137 30 besluta
921 1300 50 28 att
988 1298 330 40 bidragsförskottet
1337 1299 55 30 för
1408 1300 88 29 barn
1514 1300 108 30 födda
1638 1309 34 21 u.
1689 1301 41 33 ä.,

248 1347 64 30 där
333 1347 223 41 faderskapet
578 1350 31 39 ej
633 1350 39 29 är
695 1350 177 35 fastställt,
893 1352 164 29 omsökes
1079 1352 96 39 varje
1197 1352 39 30 år
1258 1353 51 29 till
1333 1353 78 30 dess
1433 1353 124 31 barnet
1579 1354 79 39 fyllt
1679 1356 52 28 tre

248 1401 39 30 år
302 1401 83 31 eller
401 1401 333 41 faderskapsfrågan
751 1403 183 40 slutgiltigt
950 1405 153 39 prövats,

291 1455 38 34 b)
359 1457 50 28 att
433 1455 258 31 vederbörande
716 1457 136 30 utskott
876 1458 107 29 måtte
1009 1459 160 29 utarbeta
1194 1459 122 29 härför
1341 1459 227 41 erforderliga
1593 1460 138 31 författ-

247 1508 327 40 ningsändringar»>.

293 1561 15 29 I
333 1561 177 30 motionen
536 1563 49 29 II:
599 1563 65 30 884
689 1564 64 29 har
778 1564 196 30 hemställts
1003 1567 72 28 »att
1101 1565 187 40 riksdagen
1314 1567 107 29 måtte
1447 1567 11 29 i
1486 1567 167 30 skrivelse
1678 1568 52 29 till

247 1614 127 40 Kungl.
397 1615 105 39 Maj:t
524 1616 127 39 begära
673 1619 50 27 att
750 1617 82 30 1962
856 1617 56 30 års
935 1618 188 40 utredning
1146 1628 56 20 om
1225 1620 302 40 rättegångshjälp
1550 1621 108 30 måtte
1681 1630 51 20 er-

247 1667 96 30 hålla
364 1668 131 30 sådana
515 1669 291 40 tilläggsdirektiv
827 1673 50 28 att
898 1671 66 29 den
986 1681 42 20 av
1050 1681 57 20 oss
1128 1672 125 30 väckta
1274 1672 124 40 frågan
1419 1673 67 30 blir
1508 1673 146 30 föremål
1677 1674 55 30 för

246 1721 212 40 behandling
474 1722 97 30 inom
588 1723 265 40 utredningen>.

292 1775 14 29 I
332 1775 177 29 motionen
535 1776 49 29 II:
598 1777 64 29 885
688 1776 64 30 har
778 1777 196 31 hemställts
1002 1780 71 28 »att
1100 1778 186 40 riksdagen
1312 1779 109 30 måtte
1446 1780 11 29 i
1484 1780 167 30 skrivelse
1677 1781 52 29 till

247 1828 126 39 Kungl.
394 1828 105 39 Maj:t
519 1829 142 30 anhålla
680 1839 56 21 om
757 1839 43 21 en
819 1831 145 39 översyn
986 1840 42 21 av
1048 1831 241 40 fördelningen
1310 1833 130 29 mellan
1461 1835 68 28 stat
1549 1834 66 29 och
1635 1834 97 29 kom-

247 1890 85 21 mun
349 1891 43 20 av
407 1882 238 30 kostnaderna
661 1883 54 29 för
730 1883 373 39 bidragsförskotten>.

291 1934 226 31 Beträffande
540 1935 41 30 de
604 1936 74 29 skäl
701 1936 259 30 motionärerna
982 1937 118 31 anfört
1122 1938 51 30 till
1197 1938 77 30 stöd
1297 1938 55 30 för
1374 1939 76 30 sina
1471 1940 183 38 yrkanden
1677 1940 54 30 får

248 1988 179 34 utskottet,
454 1988 5 30 i
478 1988 66 30 den
563 1988 83 30 mån
665 1989 216 39 redogörelse
901 1990 120 29 därför
1039 1991 76 29 icke
1136 1991 134 30 lämnas
1290 1992 11 29 i
1321 1992 56 30 det
1397 1992 167 39 följande,
1584 1994 146 29 hänvisa

248 2041 51 29 till
315 2041 220 30 motionerna
550 2042 47 29 II:
613 2042 73 34 883,
702 2042 46 29 II:
764 2042 74 35 889,
855 2043 44 30 II:
916 2043 73 34 888,
1007 2044 46 29 II:
1069 2044 63 30 884
1149 2045 64 29 och
1229 2045 45 29 II:
1290 2045 75 30 885.

837 2162 310 49 Föredraganden

289 2246 301 38 Föredraganden,
607 2246 189 31 statsrådet
810 2247 212 37 Lindström,
1040 2248 64 30 har
1120 2249 133 29 anfört:

291 2294 20 53 >»
313 2298 207 31 Samhällets
542 2300 79 29 stöd
642 2300 50 29 till
716 2300 40 30 de
779 2300 251 40 ofullständiga
1051 2301 203 40 familjerna
1273 2321 45 2 —
1338 2303 245 40 barnfamiljer
1604 2304 11 29 i
1636 2304 94 30 vilka

248 2353 124 29 endast
390 2352 68 29 den
476 2361 63 21 ene
560 2362 43 20 av
623 2353 220 30 föräldrarna
863 2353 99 40 ingår
980 2372 45 3 —
1043 2354 65 30 har
1128 2355 161 40 utbyggts
1310 2363 123 32 genom
1454 2365 42 20 en
1517 2356 63 30 rad
1601 2356 128 30 sociala

247 2405 180 35 reformer,
455 2414 76 21 som
557 2406 86 39 tagit
670 2406 90 30 sikte
787 2406 44 40 på
858 2407 93 29 såväl
979 2407 230 31 ekonomiska
1236 2417 76 21 som
1339 2409 110 29 andra
1477 2409 250 39 stödåtgärder.

248 2458 112 31 Innan
379 2459 60 39 jag
459 2459 60 39 går
539 2459 36 29 in
596 2459 45 40 på
661 2459 41 30 de
723 2459 154 31 aktuella
897 2460 178 39 förslagen
1094 2461 59 29 vill
1174 2461 59 40 jag
1254 2462 11 28 i
1286 2462 140 30 korthet
1447 2462 116 30 erinra
1584 2471 58 20 om
1662 2463 66 29 vad
