1868 2768
239 157 42 29 24
538 157 118 30 Andra
678 158 245 38 lagutskottets
946 158 179 30 utlåtande
1148 167 42 20 nr
1211 158 41 29 47
1274 159 40 29 år
1337 159 83 29 1964

242 239 98 37 utger
358 237 167 30 fastställt
544 237 335 40 underhållsbidrag,
899 246 75 21 som
991 238 40 29 är
1048 238 93 39 lägre
1160 238 45 29 än
1224 237 308 40 normalbeloppet,
1552 238 169 39 exempel-

240 290 53 29 vis
311 290 39 29 75
368 290 51 29 kr.
443 290 4 29 i
465 290 183 34 månaden,
666 290 62 29 bör
745 290 152 31 förskott
913 290 82 40 utgå
1012 291 79 29 med
1108 293 48 27 ett
1173 291 124 39 belopp
1316 291 244 29 motsvarande
1578 291 143 30 skillna-

241 344 68 29 den
325 343 128 30 mellan
469 343 204 30 förskottets
690 343 262 40 normalbelopp
968 344 66 30 och
1051 343 372 40 underhållsbidraget.
1441 344 13 29 I
1471 344 136 39 princip
1624 344 97 29 kom-

240 406 76 20 mer
336 396 328 40 bidragsförskottet
685 397 12 29 i
720 397 227 30 förevarande
970 397 61 30 fall
1054 399 51 28 att
1127 397 152 39 fullgöra
1300 406 136 21 samma
1458 397 164 30 funktion
1646 406 75 20 som

240 450 42 29 de
306 450 202 29 nuvarande
533 450 371 39 utfyllnadsbidragen.
928 450 64 40 Jag
1016 451 65 29 har
1104 450 103 39 ingen
1232 450 142 30 erinran
1398 452 71 28 mot
1494 450 227 30 kommitténs

241 503 141 39 förslag.
404 503 126 29 Vidare
551 503 61 29 bör
633 503 90 39 gälla
743 505 52 28 att
814 503 293 40 bidragsförskott
1128 504 29 39 ej
1183 503 102 39 utgår
1305 503 80 29 med
1405 504 105 39 högre
1532 503 123 39 belopp
1676 504 46 28 än

243 556 370 39 underhållsbidraget,
638 565 57 20 om
718 557 67 29 den
809 565 75 21 som
907 557 64 30 har
993 557 203 29 vårdnaden
1220 565 56 21 om
1300 557 123 29 barnet
1447 556 200 30 underlåter
1671 558 50 28 att

241 609 140 39 vidtaga
396 609 82 30 eller
494 609 186 30 medverka
696 610 53 29 till
765 610 161 39 åtgärder
942 610 55 29 för
1012 611 50 28 att
1079 610 36 29 få
1132 609 362 40 underhållsbidraget
1510 609 87 40 höjt.

287 662 191 39 Samspelet
498 662 128 30 mellan
646 663 328 39 bidragsförskottet
996 663 20 29 å
1036 672 66 21 ena
1122 663 100 29 sidan
1245 665 91 27 samt
1357 662 279 40 barnpensionen
1657 663 65 29 och

241 715 244 39 barntillägget
500 716 20 29 å
535 716 110 29 andra
660 716 102 29 sidan
776 716 232 29 aktualiserar
1023 716 94 30 vissa
1175 716 246 39 ändringar
1446 716 12 29 i
1484 716 143 39 lagen
1654 724 68 20 om

240 768 186 30 allmän
461 769 308 39 försäkring.
805 769 278 40 Socialpolitiska
1106 769 210 30 kommittén
1339 769 193 30 behandlar
1554 771 51 27 tre
1629 769 94 29 olika

241 821 217 30 situationer.
478 823 75 29 Den
571 832 66 20 ena
654 831 102 21 avser
772 822 286 30 kombinationen
1078 822 296 40 bidragsförskott
1393 824 66 29 och
1476 823 246 40 barnpension.

242 875 117 39 Enligt
375 884 47 20 nu
438 875 159 39 gällande
613 876 263 29 bestämmelser
891 876 70 30 kan
977 876 294 39 bidragsförskott
1288 877 72 29 inte
1377 877 82 39 utgå
1475 877 51 30 till
1543 877 86 30 barn
1647 886 76 20 som

241 929 40 28 är
298 929 187 39 berättigat
503 929 51 29 till
573 929 246 39 barnpension.
838 929 101 30 Detta
959 930 392 39 undantagsstadgande
1371 930 64 29 har
1453 930 30 39 ej
1508 930 184 39 medtagits
1712 931 10 28 i

241 981 166 40 förslaget
429 982 51 29 till
504 991 47 30 ny
572 982 55 39 lag
648 991 57 20 om
728 982 304 40 bidragsförskott.
1055 983 77 29 Med
1155 984 137 38 hänsyn
1315 983 117 29 härtill
1457 984 147 29 föreslår
1626 983 97 30 kom-

242 1035 125 29 mittén
385 1037 48 27 ett
453 1035 167 39 slopande
637 1045 42 20 av
698 1036 68 29 den
784 1045 48 19 nu
852 1036 157 39 gällande
1029 1036 175 39 särregeln
1224 1036 9 29 i
1253 1037 19 29 8
1293 1036 79 39 kap.
1392 1036 18 30 6
1432 1036 15 37 $
1468 1036 99 39 lagen
1586 1046 57 20 om
1662 1037 61 29 all-

242 1088 83 30 män
347 1088 200 40 försäkring
568 1089 147 29 rörande
739 1089 176 29 storleken
936 1098 43 21 av
1000 1089 236 40 barnpension
1258 1090 88 29 efter
1370 1090 146 29 modern
1536 1090 51 29 till
1611 1091 113 28 utom-

241 1141 261 40 äktenskapligt
521 1142 85 29 barn
626 1142 221 30 beträffande
866 1142 106 30 vilket
992 1142 224 40 faderskapet
1235 1143 30 39 ej
1290 1142 196 30 fastställts.
1507 1143 101 29 Detta
1627 1142 97 30 inne-

242 1195 63 29 bär
323 1197 50 27 att
390 1195 236 39 barnpension
644 1196 10 28 i
673 1196 125 29 sådant
816 1195 61 30 fall
896 1196 158 29 kommer
1072 1198 51 27 att
1141 1196 82 39 utgå
1241 1196 107 39 enligt
1367 1204 135 21 samma
1519 1196 110 39 regler
1648 1205 74 20 som

243 1248 107 39 gäller
365 1248 55 29 för
435 1248 117 40 övriga
568 1248 195 30 moderlösa
779 1248 87 29 barn
881 1249 83 29 eller
981 1249 77 29 med
1074 1248 40 30 25
1131 1251 144 37 procent
1291 1258 42 20 av
1348 1248 233 40 basbeloppet.
1598 1249 124 29 Därtill

242 1301 159 29 kommer
422 1301 294 40 bidragsförskott
739 1302 80 29 med
844 1302 37 29 10
904 1304 153 37 procent,
1080 1302 200 39 varigenom
1303 1302 42 29 de
1368 1301 263 40 sammanlagda
1655 1302 69 29 för-

244 1354 167 30 månerna
426 1354 129 30 liksom
571 1354 124 30 hittills
712 1355 67 29 blir
795 1354 41 30 35
852 1356 143 38 procent
1010 1364 43 20 av
1068 1355 234 39 basbeloppet.

287 1408 53 29 En
359 1417 117 20 annan
497 1417 42 21 av
559 1408 209 29 kommittén
788 1408 196 30 behandlad
1005 1408 167 30 situation
1192 1417 101 21 avser
1312 1409 57 28 det
1391 1408 61 29 fall
1473 1410 50 28 att
1544 1409 68 29 rätt
1634 1417 89 20 sam-

242 1461 102 39 tidigt
361 1461 183 39 föreligger
561 1461 51 30 till
630 1461 235 39 barnpension
882 1462 64 29 och
963 1461 218 40 barntillägg.
1200 1461 218 30 Kommittén
1434 1461 147 30 föreslår
1598 1463 50 28 att
1667 1462 56 28 det

243 1514 159 39 gällande
422 1515 206 38 stadgandet
647 1515 10 28 i
677 1515 19 29 9
716 1515 80 39 kap.
819 1515 14 28 1
856 1514 15 37 $
894 1515 109 29 första
1023 1514 135 40 stycket
1177 1515 101 39 lagen
1297 1524 58 20 om
1373 1514 132 30 allmän
1524 1514 199 39 försäkring

242 1569 52 28 att
314 1567 209 40 barntillägg
542 1568 30 39 ej
599 1568 101 39 utgår
720 1568 55 29 för
796 1568 88 29 barn
904 1577 75 20 som
1000 1568 39 29 är
1059 1568 186 39 berättigat
1266 1568 52 29 till
1341 1567 235 40 barnpension
1597 1568 126 39 slopas,

243 1621 172 39 varjämte
433 1621 146 29 föreslås
596 1623 50 28 att
663 1621 209 40 barntillägg
888 1621 11 29 i
915 1621 112 39 dylikt
1045 1621 61 29 fall
1124 1621 87 29 skall
1231 1622 124 38 utgöra
1376 1621 36 29 10
1430 1623 143 37 procent
1589 1630 42 21 av
1648 1621 76 29 bas-

243 1674 170 39 beloppet.
440 1674 52 30 Då
518 1674 282 39 barnpensionen
826 1675 100 39 utgör
952 1674 41 29 25
1021 1676 153 38 procent,
1201 1674 67 29 blir
1295 1675 41 28 de
1364 1674 262 39 sammanlagda
1655 1674 69 29 för-

244 1727 169 30 månerna
427 1727 40 30 35
483 1730 142 37 procent
640 1737 42 20 av
696 1727 233 40 basbeloppet.

288 1780 234 30 Kommitténs
546 1781 266 39 ifrågavarande
837 1781 130 39 förslag
990 1781 64 29 har
1078 1781 70 29 inte
1173 1781 87 29 mött
1285 1781 114 39 någon
1423 1781 141 29 erinran
1586 1781 63 28 hos
1673 1789 49 20 re-

244 1834 240 39 missorganen
501 1835 66 29 och
582 1835 59 38 jag
657 1834 194 39 tillstyrker
867 1836 50 28 att
934 1834 41 29 de
994 1834 230 39 genomföres.

287 1888 59 29 Ett
364 1887 200 39 ytterligare
585 1887 402 40 samordningsproblem
1008 1887 242 40 uppkommer,
1271 1896 57 20 om
1348 1887 69 29 rätt
1438 1887 179 39 samtidigt
1636 1886 89 29 före-

242 1940 108 40 ligger
374 1941 52 29 till
451 1941 294 39 bidragsförskott
770 1941 66 29 och
860 1941 217 39 barntillägg.
1104 1941 145 29 Barnets
1276 1940 120 29 moder
1421 1940 70 29 kan
1516 1939 208 39 exempelvis

243 1994 142 39 åtnjuta
405 1994 274 39 förtidspension
700 1994 56 29 för
775 2002 85 31 egen
880 1994 53 29 del
954 1995 66 28 och
1040 1994 209 38 barntillägg
1269 1993 55 29 för
1344 1993 122 29 barnet
1486 1993 78 29 med
1586 1993 39 29 25
1647 2001 78 31 pro-

244 2049 79 27 cent
338 2057 42 19 av
393 2047 233 39 basbeloppet,
642 2048 172 38 varjämte
830 2047 121 30 barnet
966 2047 71 29 kan
1052 2056 83 21 vara
1150 2047 186 39 berättigat
1352 2047 52 29 till
1420 2046 304 39 bidragsförskott.

244 2100 117 39 Enligt
378 2100 226 30 kommitténs
622 2101 141 39 mening
779 2110 102 30 synes
897 2101 58 29 det
970 2101 11 29 i
999 2101 124 29 sådant
1140 2100 61 30 fall
1219 2100 210 39 lämpligast,
1446 2102 51 27 att
1514 2099 212 39 bidragsför-

245 2153 95 29 skott
359 2154 100 38 utgår
478 2155 79 28 med
576 2154 39 29 25
636 2156 142 37 procent
798 2154 64 29 och
882 2154 208 39 barntillägg
1109 2154 79 29 med
1210 2153 38 29 10
1268 2156 143 36 procent
1430 2162 43 20 av
1491 2152 233 39 basbeloppet.

244 2206 162 40 Tillhopa
422 2207 112 29 skulle
551 2207 132 30 således
701 2207 225 30 förmånerna
941 2207 106 30 också
1061 2208 12 28 i
1089 2207 114 29 denna
1220 2207 168 29 situation
1404 2206 47 29 bli
1468 2205 39 30 35
1525 2207 142 38 procent
1684 2215 40 19 av

244 2259 233 40 basbeloppet.
495 2261 71 28 Mot
584 2260 113 30 denna
714 2260 136 39 princip
868 2260 54 29 för
939 2261 271 39 samordningen
1228 2261 64 29 har
1310 2261 414 40 riksförsäkringsverket

244 2313 174 34 anmärkt,
444 2316 52 27 att
521 2314 353 38 pensionsförmånen
897 2314 208 39 barntillägg
1131 2314 62 29 bör
1218 2314 82 39 utgå
1327 2316 84 28 utan
1436 2315 137 39 hänsyn
1599 2314 52 29 till
1677 2314 48 28 bi-

244 2366 303 39 dragsförskottet.
573 2367 244 29 Reduktionen
840 2367 61 29 bör
925 2368 106 38 enligt
1055 2368 138 29 verkets
1218 2368 141 39 mening
1384 2368 9 29 i
1419 2368 114 29 stället
1558 2369 99 38 göras
1681 2367 45 39 på

244 2419 426 40 bidragsförskottssidan.

288 2473 299 39 Bidragsförskott
604 2474 63 29 och
682 2473 209 40 barntillägg
905 2474 69 29 kan
990 2474 107 39 enligt
1112 2474 203 30 nuvarande
1331 2474 109 39 regler
1456 2474 83 39 utgå
1553 2474 57 29 vid
1626 2473 100 29 sidan
