1870 2770
439 160 118 30 Andra
580 160 245 39 lagutskottets
849 160 179 30 utlåtande
1050 169 43 20 nr
1115 160 40 30 47
1177 160 40 30 år
1240 160 82 29 1964
1587 162 35 28 11

493 263 305 47 Propositionens
817 263 276 47 huvudsakliga
1112 262 168 35 innehåll

185 346 12 29 I
219 347 261 39 propositionen
502 347 146 31 föreslås
669 357 43 20 en
733 357 46 31 ny
798 348 56 40 lag
875 358 56 20 om
952 348 305 40 bidragsförskott,
1280 357 75 21 som
1377 348 42 29 fr.
1441 357 29 21 o.
1491 357 46 20 m.
1559 348 65 29 den

141 401 13 28 1
181 400 67 39 juli
275 401 82 29 1964
382 401 88 30 skall
495 402 129 29 ersätta
649 402 66 29 den
741 411 46 20 nu
813 402 159 39 gällande
996 402 416 39 bidragsförskottslagen
1437 402 64 29 och
1525 402 99 39 lagen

140 462 56 20 om
214 453 175 40 utfyllnad
407 464 41 20 av
464 455 93 30 vissa
574 455 338 40 underhållsbidrag.
930 455 178 39 Förslaget
1126 455 146 30 innebär
1289 457 48 28 ett
1353 455 186 39 väsentligt
1557 454 69 30 för-

139 507 130 30 bättrat
292 508 110 39 skydd
426 508 52 29 till
502 508 197 30 frånskilda
721 509 141 29 makars
886 510 64 28 och
973 509 108 39 ogifta
1104 509 159 29 mödrars
1286 509 97 29 barn.
1407 509 107 29 Dessa
1537 508 87 30 barn

138 563 203 36 garanteras
362 561 192 30 oberoende
574 571 42 20 av
636 571 56 20 om
715 562 327 39 underhållsbidrag
1064 562 186 30 fastställts
1271 562 65 29 och
1357 563 84 29 utan
1464 562 163 39 begräns-

140 614 83 39 ning
241 614 52 29 till
311 614 56 30 det
386 614 198 30 fastställda
602 615 176 39 bidragets
797 616 130 29 storlek
946 618 47 27 ett
1012 616 164 38 generellt
1195 615 194 34 underhåll,
1410 624 74 21 som
1503 616 10 28 i
1532 616 94 38 prin-

139 667 54 40 cip
213 670 195 28 motsvarar
427 668 40 29 25
487 671 143 36 procent
649 678 42 20 av
710 669 224 39 basbeloppet
953 669 107 39 enligt
1079 669 100 39 lagen
1199 678 57 20 om
1276 669 130 29 allmän
1426 668 200 39 försäkring

139 721 83 29 eller
238 721 79 29 med
332 722 202 29 nuvarande
549 722 189 39 basbelopp
757 722 13 28 1
788 722 62 29 200
867 722 51 29 kr.
935 731 55 20 om
1007 722 83 29 året.

185 774 118 30 Stödet
330 774 89 30 skall
446 775 82 39 utgå
554 784 75 21 som
656 775 305 39 bidragsförskott,
987 784 56 21 om
1071 775 66 30 den
1166 775 362 39 underhållsskyldige
1553 774 72 30 inte

138 828 134 29 betalar
295 828 56 30 det
374 828 227 39 garanterade
624 828 171 40 beloppet.
819 829 138 29 Betalar
980 829 66 29 den
1070 828 364 40 underhållsskyldige
1458 828 168 30 fastställt

140 881 337 40 underhållsbidrag,
499 890 74 21 som
593 882 135 39 uppgår
747 882 51 29 till
819 882 93 39 lägre
932 882 124 39 belopp
1076 883 45 28 än
1141 882 340 39 bidragsförskottet,
1502 881 125 30 tillför-

140 935 122 29 säkras
283 935 123 29 barnet
427 935 197 29 skillnaden
644 935 129 30 mellan
795 935 205 30 förskottets
1021 935 124 39 belopp
1168 936 63 29 och
1253 935 372 39 underhållsbidraget.

182 987 70 30 För
273 988 367 40 utomäktenskapliga
662 989 86 29 barn
772 991 84 27 utan
879 989 93 29 känd
997 988 98 30 fader
1118 989 116 39 slopas
1257 989 65 29 den
1346 989 202 29 nuvarande
1570 988 57 30 be-

140 1041 246 39 gränsningen,
406 1043 50 29 att
475 1041 296 40 bidragsförskott
790 1042 9 29 i
822 1042 123 30 sådant
966 1042 61 29 fall
1048 1042 101 39 utgår
1170 1042 88 29 först
1279 1042 106 29 sedan
1405 1042 122 30 barnet
1548 1041 78 40 fyllt

139 1097 52 27 tre
208 1095 49 29 år.

184 1148 337 30 Administrationen
540 1158 43 20 av
600 1148 340 40 bidragsförskotten
961 1149 88 29 skall
1068 1149 127 30 liksom
1216 1149 125 29 hittills
1361 1149 204 29 handhavas
1585 1158 41 20 av

141 1201 446 35 barnavårdsnämnderna,
620 1211 80 20 men
733 1202 329 29 administrationen
1096 1202 216 30 underlättas
1345 1202 44 39 på
1421 1202 93 29 olika
1547 1202 78 30 sätt.

140 1255 50 30 Bl.
206 1265 29 20 a.
252 1255 115 40 slopas
383 1255 57 30 det
456 1265 26 20 s.
498 1256 32 29 k.
546 1255 442 40 omsökningförfarandet.

185 1308 142 30 Liksom
352 1308 23 30 f.
399 1317 33 21 n.
456 1309 87 29 skall
569 1309 57 30 det
650 1309 112 39 åligga
785 1309 67 29 den
876 1309 363 39 underhållsskyldige
1263 1311 50 28 att
1336 1309 51 30 till
1413 1309 65 29 den
1503 1309 123 30 barna-

139 1362 238 29 vårdsnämnd
396 1371 74 21 som
490 1365 98 36 utger
606 1362 187 30 förskottet
811 1362 116 30 betala
943 1362 39 30 så
1000 1364 72 28 stor
1090 1362 54 30 del
1162 1372 43 20 av
1223 1362 168 30 fastställt
1409 1362 219 30 underhålls-

140 1415 122 39 bidrag
278 1425 73 20 som
368 1424 119 21 svarar
503 1418 71 27 mot
590 1415 57 30 det
663 1416 142 38 utgivna
823 1415 196 30 förskottet.

187 1468 48 29 De
267 1477 67 30 nya
365 1468 473 39 bidragsförskottsreglerna
870 1469 172 29 beräknas
1074 1469 46 29 bli
1154 1469 204 39 tillämpliga
1391 1469 43 39 på
1465 1469 162 39 omkring

143 1521 60 29 117
218 1521 63 30 000
297 1522 96 34 barn,
409 1531 42 20 en
466 1522 131 39 ökning
612 1522 78 29 med
707 1522 161 39 omkring
884 1521 40 30 37
939 1522 62 29 000
1017 1522 98 29 barn.

185 1575 11 29 I
218 1575 110 29 likhet
347 1575 78 29 med
445 1574 65 30 vad
531 1584 47 20 nu
599 1575 107 39 gäller
727 1575 87 29 skall
836 1575 237 30 kostnaderna
1094 1575 54 29 för
1168 1575 350 40 bidragsförskotten,
1540 1575 88 30 efter

141 1628 130 39 avdrag
297 1637 41 20 av
364 1628 66 30 vad
457 1638 74 20 som
558 1628 171 30 inbetalas
756 1638 43 20 av
824 1628 42 30 de
893 1628 376 40 underhållsskyldiga,
1297 1629 171 29 bestridas
1496 1629 51 30 till
1576 1631 52 27 tre

140 1681 215 39 fjärdedelar
369 1690 42 21 av
426 1684 112 27 staten
554 1682 64 29 och
633 1691 43 20 en
692 1681 171 39 fjärdedel
878 1691 43 21 av
936 1682 267 29 kommunerna.

184 1736 65 29 Det
267 1735 196 29 allmännas
483 1735 189 29 kostnader
692 1735 54 29 för
764 1735 339 39 bidragsförskotten
1123 1735 208 40 uppskattas
1351 1735 54 30 för
1423 1735 205 40 budgetåret

144 1788 140 32 1964/65
309 1788 51 29 till
385 1788 161 39 omkring
571 1788 40 29 85
637 1788 88 39 milj.
752 1788 61 34 kr.,
839 1789 107 29 vilket
970 1788 146 29 innebär
1140 1798 42 19 en
1207 1789 130 38 ökning
1363 1789 77 29 med
1466 1789 162 39 omkring

140 1841 42 29 45
200 1841 88 39 milj.
307 1841 50 29 kr.
376 1841 136 30 Statens
531 1841 101 29 andel
650 1842 10 28 i
679 1841 236 30 kostnaderna
933 1842 209 38 uppskattas
1161 1842 50 29 till
1230 1842 162 38 omkring
1409 1842 42 29 64
1469 1842 88 39 milj.
1575 1842 52 29 kr.

141 1895 64 29 och
221 1895 274 29 kommunernas
511 1894 101 29 andel
628 1894 51 29 till
697 1894 161 39 omkring
874 1894 38 29 21
930 1894 88 38 milj.
1035 1894 51 29 kr.

184 1947 49 30 På
255 1947 113 39 grund
391 1957 42 20 av
455 1949 50 28 att
529 1949 133 28 statens
686 1947 101 29 andel
811 1947 10 29 i
846 1947 236 29 kostnaderna
1104 1947 133 30 betalas
1260 1947 52 30 till
1336 1948 257 29 kommunerna
1616 1948 11 29 i

139 2001 196 33 efterskott,
358 2000 172 30 beräknas
553 2000 41 30 de
617 2000 112 30 ökade
752 2000 235 30 kostnaderna
1012 2000 54 29 för
1088 2000 339 39 bidragsförskotten
1451 2001 71 29 inte
1545 2001 83 29 eller

142 2054 123 29 endast
295 2054 10 29 i
334 2054 97 38 ringa
461 2053 80 30 mån
572 2053 143 29 komma
743 2055 50 28 att
823 2053 151 39 påverka
1005 2055 132 28 statens
1167 2053 144 39 utgifter
1340 2054 54 29 för
1423 2054 204 39 budgetåret

142 2107 151 32 1964/65.

186 2160 11 28 I
219 2160 260 39 propositionen
502 2159 156 34 föreslås,
679 2162 51 27 att
751 2159 185 39 riksdagen
959 2159 54 30 för
1033 2159 204 39 budgetåret
1262 2160 138 32 1964/65
1423 2160 49 29 till
1496 2161 132 28 Ersätt-

142 2213 83 39 ning
255 2213 51 28 till
336 2212 436 29 barnavårdsnämnderna
804 2212 54 29 för
888 2212 295 38 bidragsförskott
1213 2213 65 28 och
1310 2212 317 40 utfyllnadsbidrag

140 2265 148 39 beviljar
302 2267 48 28 ett
366 2265 272 38 förslagsanslag
654 2265 19 29 å
688 2264 38 29 31
745 2265 87 38 milj.
848 2265 52 28 kr.

184 2321 52 26 Av
260 2317 259 40 propositionen
547 2317 176 29 redovisas
749 2317 63 28 här
837 2317 123 29 endast
985 2317 65 29 vad
1077 2317 252 39 föredragande
1356 2318 187 29 statsrådet
1568 2328 60 19 an-

140 2371 69 29 fört
232 2371 10 29 i
265 2371 53 28 sin
341 2371 177 29 allmänna
542 2370 217 39 motivering.
783 2370 226 29 Beträffande
1032 2370 117 37 övriga
1173 2370 95 29 delar
1291 2380 42 19 av
1355 2371 271 38 propositionen,

140 2425 116 28 såsom
278 2423 282 39 redogörelserna
582 2423 53 29 för
657 2423 158 38 gällande
837 2424 78 32 rätt,
939 2423 54 29 för
1014 2423 274 41 socialpolitiska
1310 2424 226 29 kommitténs
1559 2424 69 29 för-

140 2477 73 39 slag
234 2477 64 29 och
319 2476 334 39 remissyttrandena
674 2476 155 34 däröver,
851 2476 296 38 föredragandens
1169 2477 336 38 specialmotivering
1526 2477 102 29 även-

140 2539 75 20 som
236 2530 64 29 den
320 2530 57 29 vid
398 2529 258 40 propositionen
680 2529 122 38 fogade
823 2530 148 37 bilagan,
993 2529 164 29 hänvisas
1179 2530 49 28 till
1249 2529 271 39 propositionen.
