1874 2788
292 154 38 30 12
619 158 288 33 Statsutskottets
933 163 180 31 utlåtande
1138 174 42 20 nr
1207 167 61 29 153
1293 167 39 29 år
1359 169 83 30 1955

986 252 38 29 13
1052 252 26 34 8.

330 297 16 27 7
368 305 105 22 mom.
499 297 176 32 Innehade
697 301 137 30 avliden
853 320 45 4 —
915 321 46 4 —
978 322 46 3 —
1042 305 156 32 hörande
1220 307 236 33 förmånerna.

327 348 74 30 Vad
428 350 11 29 i
464 351 293 39 nästföregående
784 356 119 36 stycke
930 358 140 37 stadgas
1096 368 57 21 om
1181 363 342 31 sammanträffande
1551 374 42 21 av
1619 362 153 47 familje-

283 402 186 35 pensioner
486 404 84 30 eller
587 405 311 38 familjelivräntor
916 410 90 30 skall
1026 412 63 36 äga
1108 415 247 30 motsvarande
1374 416 223 40 tillämpning
1615 421 79 29 med
1714 430 57 21 av-

283 455 124 30 seende
427 456 20 30 å
467 459 343 32 sammanträffande
830 471 43 20 av
892 462 286 39 familjepension
1199 467 85 30 eller
1303 467 290 39 familjelivränta
1613 473 66 29 och
1700 473 71 31 för-

282 507 80 30 mån
385 509 45 36 på
452 511 113 36 grund
589 521 42 20 av
654 513 111 30 sådan
788 514 202 40 försäkring
1013 517 63 31 hos
1099 519 138 30 enskild
1261 520 428 43 försäkringsinrättning,
1714 526 57 31 för

281 561 116 30 vilken
416 563 195 37 avgifterna
629 565 74 31 helt
721 567 84 30 eller
822 568 52 30 till
892 569 72 30 viss
982 570 54 30 del
1055 572 136 36 gäldats
1210 582 43 21 av
1272 575 211 36 statsmedel,
1503 577 84 31 eller
1605 579 165 39 avlöning

281 614 44 36 på
346 616 114 35 grund
483 625 42 21 av
547 619 226 38 anställning,
795 623 142 29 varmed
960 623 40 29 är
1022 623 145 31 förenad
1192 627 70 30 rätt
1284 627 52 30 till
1360 627 139 32 förmån
1522 631 44 36 på
1589 633 113 36 grund
1727 642 42 21 av

281 667 96 37 dylik
397 668 210 40 försäkring.

324 830 123 31 Denna
467 831 208 39 kungörelse
696 835 118 30 träder
833 836 11 29 i
865 837 97 31 kraft
982 839 66 30 den
1072 840 13 29 1
1108 839 66 38 juli
1199 841 94 31 1955.

882 1050 277 39 Propositionen

319 1149 13 28 I
350 1149 229 33 förevarande
595 1155 219 35 proposition
831 1155 211 40 framlägges
1059 1158 131 40 förslag
1206 1161 53 29 till
1276 1162 92 30 vissa
1384 1165 172 35 generella
1574 1166 191 39 ändringar

274 1201 10 29 i
312 1203 160 36 gällande
501 1205 145 37 tjänste-
674 1208 66 29 och
768 1208 553 42 familjepensionsreglementen.
1350 1216 154 31 Sålunda
1532 1218 162 32 förordas
1720 1238 45 4 —

273 1255 154 31 förutom
452 1258 93 30 vissa
571 1260 253 32 redaktionella
847 1263 228 39 jämkningar
1096 1284 44 3 —
1163 1267 203 32 införandet
1389 1279 42 21 av
1454 1272 174 31 särskilda
1652 1274 111 37 regler

273 1318 56 20 om
347 1313 342 31 sammanträffande
705 1316 348 35 pensionsförmåner
1067 1320 132 36 jämväl
1215 1322 10 29 i
1241 1322 41 30 de
1298 1322 72 36 fall,
1387 1324 43 30 då
1446 1324 139 32 förmån
1601 1327 103 37 utgår
1717 1328 45 37 på

272 1364 112 35 grund
404 1373 43 20 av
466 1365 107 30 sådan
593 1367 202 39 försäkring
813 1370 63 30 hos
894 1372 138 29 enskild
1051 1373 427 42 försäkringsinrättning,
1497 1378 56 30 för
1569 1380 116 30 vilken
1705 1390 57 21 av-

272 1415 152 37 gifterna
444 1418 72 31 helt
536 1419 83 30 eller
640 1421 110 30 delvis
771 1423 135 36 gäldats
928 1433 42 21 av
991 1428 212 30 statsmedel.

315 1470 126 30 Vidare
467 1471 146 32 föreslås
639 1474 10 29 i
675 1476 264 36 propositionen
964 1479 93 30 vissa
1082 1481 192 38 ändringar
1298 1483 10 29 i
1333 1484 426 39 pensionsreglementena

271 1522 55 30 för
343 1524 41 29 de
402 1524 106 38 högre
526 1526 229 32 kommunala
774 1529 165 32 skolorna
956 1532 10 28 i
984 1533 188 39 anledning
1190 1544 42 20 av
1249 1537 52 29 att
1318 1537 112 30 lärare
1446 1539 56 29 vid
1521 1540 101 30 dessa
1640 1541 119 31 skolor

268 1585 146 22 numera
438 1578 70 30 kan
532 1581 145 36 antagas
701 1581 56 30 för
779 1583 169 31 avkortad
971 1585 245 40 tjänstgöring.
1240 1589 143 38 Förslag
1405 1590 211 40 framlägges
1638 1594 87 30 även
1747 1594 11 30 i

269 1629 98 38 fråga
387 1640 56 20 om
463 1633 341 40 pensionsreglering
822 1636 56 30 för
896 1638 257 38 lärarpersonal
1171 1642 58 29 vid
1248 1643 249 32 enhetsskolan
1515 1647 65 29 och
1597 1656 58 21 om
1673 1648 85 30 änd-

270 1684 60 28 rad
350 1685 262 35 pensionsklass
632 1687 57 30 för
706 1689 219 36 professorer
941 1692 58 29 vid
1017 1693 343 39 handelshögskolan
1379 1698 11 29 i
1409 1698 169 39 Göteborg
1596 1702 92 29 samt
1702 1701 56 30 för

268 1736 92 30 vissa
373 1739 212 31 överläkare.

312 1790 168 38 Slutligen
497 1792 160 32 förordas
675 1796 174 30 särskilda
864 1797 263 33 bestämmelser
1142 1811 56 20 om
1214 1802 194 40 beräkning
1423 1814 42 21 av
1480 1806 153 36 tjänstår
1647 1808 11 29 i
1673 1817 82 28 pen-

268 1843 295 33 sionshänseende
578 1847 55 29 för
645 1848 94 30 vissa
753 1851 132 29 statens
899 1851 168 32 arbetare.

311 1898 283 37 Propositionens
617 1903 94 29 olika
731 1905 130 30 avsnitt
879 1922 45 4 —
943 1906 52 30 till
1017 1907 93 31 vilka
1131 1909 172 32 utskottet
1323 1912 129 31 tillåter
1473 1914 51 37 sig
1543 1915 148 31 hänvisa
1710 1933 43 4 —

267 1952 37 28 är
322 1952 172 37 följande:

341 2014 24 29 I.
401 2015 266 33 Redaktionella
686 2019 191 37 ändringar
903 2021 43 35 (s.
967 2023 72 34 13).

323 2076 40 29 II.
399 2077 185 38 Reglering
604 2089 42 21 av
667 2083 344 37 sammanträffande
1029 2086 180 36 förmåner
1230 2088 11 30 i
1261 2088 91 32 vissa
1370 2090 66 37 fall
1461 2091 42 35 (s.
1527 2092 160 36 13—15).

306 2138 57 30 III.
399 2139 346 41 Pensionsreglering
761 2145 57 36 för
837 2145 69 31 viss
926 2146 259 39 lärarpersonal
1207 2150 43 35 (s.
1271 2151 159 36 16—30).

305 2200 55 30 IV.
393 2201 269 33 Pensionsklass
686 2206 58 36 för
770 2206 90 32 vissa
884 2208 324 38 SPA-reglementet
1233 2214 257 32 underkastade
1518 2217 230 37 befattnings-

263 2253 126 31 havare
414 2255 42 34 (s.
477 2256 161 37 30—32).

328 2316 34 29 V.
391 2317 381 40 Tjänstårsberäkning
795 2322 57 36 för
875 2324 147 35 pension
1048 2326 56 36 för
1130 2327 91 30 vissa
1247 2330 133 30 statens
1406 2331 157 32 arbetare
1594 2334 43 34 (s.
1663 2334 86 29 33—

260 2369 73 35 35).

306 2432 51 29 VI.
391 2433 185 38 Reglering
597 2446 42 20 av
661 2437 26 36 f.
711 2438 32 29 d.
766 2438 263 37 borgmästaren
1053 2442 10 29 i
1082 2442 242 40 Söderköping
1345 2445 39 30 A.
1407 2446 38 31 E.
1468 2446 100 33 Öster
1594 2449 152 32 tillkom-

260 2486 123 31 mande
400 2488 351 38 pensionsförmåner
774 2492 42 34 (s.
837 2492 163 37 36—38).
