1894 2802
506 165 122 35 Första
646 162 247 42 lagutskottets
910 162 180 35 utlåtande
1108 173 42 22 nr
1174 166 52 29 21.
1592 163 19 30 9

170 246 18 33 I
209 245 198 34 statistiska
430 244 263 41 centralbyråns
715 243 168 42 yttrande
906 243 235 33 förekommer
1162 255 42 21 en
1228 241 318 42 sammanfattning
1568 253 45 21 av

125 297 602 43 kyrkobokföringsinspektörernas
750 296 205 42 yttranden.
978 295 118 34 Såvitt
1121 308 47 21 nu
1193 299 37 29 är
1252 295 10 32 i
1285 294 110 42 fråga,
1418 298 37 30 är
1478 294 67 34 den
1569 306 45 21 av

126 351 154 42 följande
300 351 164 34 innehåll:

172 423 55 33 De
254 427 53 29 tre
337 420 587 44 kyrkobokföringsinspektörerna
952 432 105 30 synas
1087 419 163 42 samtliga
1279 432 84 20 anse
1391 419 66 33 den
1486 418 127 42 ifråga-

125 471 95 29 satta
243 467 193 41 ändringen
457 466 158 33 tekniskt
638 465 257 43 genomförbar.
921 465 177 42 Wihlborg
1122 464 185 43 avstyrker
1329 464 89 33 dock
1439 476 41 21 ur
1501 462 112 34 andra

126 511 221 43 synpunkter
370 511 97 33 bifall
489 511 53 33 till
565 510 179 42 förslaget,
767 510 66 34 och
855 510 179 33 Forkman
1058 509 112 40 anför,
1192 509 111 33 under
1325 507 212 43 hänvisning
1559 507 54 33 till

126 556 236 42 föreliggande
381 555 114 34 behov
513 568 46 21 av
576 568 44 21 en
637 555 248 42 omarbetning
902 567 46 21 av
964 553 359 42 namnförordningen
1339 558 93 29 samt
1452 556 86 30 1936
1558 553 56 32 års

127 600 386 43 uppbördskommittés
548 601 66 33 och
647 599 512 42 folkbokföringskommitténs
1194 598 261 40 betänkanden,
1476 602 56 29 att
1554 597 61 33 det

126 646 118 33 kunde
267 658 105 30 synas
397 645 159 42 lämpligt
580 649 56 29 att
659 648 158 38 upptaga
840 643 331 43 motionsyrkandet
1193 643 11 32 i
1228 648 53 28 ett
1305 646 111 30 större
1439 653 175 22 samman-

127 691 104 42 hang,
249 690 174 34 avseende
441 703 42 20 en
502 689 247 42 omarbetning
766 701 45 21 av
831 689 43 33 de
893 701 47 20 nu
958 688 162 42 gällande
1138 687 309 34 bestämmelserna
1466 685 149 34 rörande

125 735 199 42 antagande
344 748 46 21 av
408 735 202 33 släktnamn
622 734 11 33 i
646 733 204 34 allmänhet.
863 734 18 32 I
894 733 100 33 detta
1006 732 257 41 sammanhang
1275 732 59 33 må
1347 731 198 38 anmärkas,
1558 734 56 29 att

130 779 177 43 Wihlborg
324 779 114 34 finner
455 792 43 21 en
515 779 130 33 reform
662 778 190 40 önskvärd,
871 779 39 32 så
929 782 54 29 att
1000 777 172 33 frånskild
1190 777 138 39 hustru,
1346 788 75 21 som
1439 776 178 41 återtager

127 825 63 33 sitt
213 825 203 33 släktnamn
439 836 75 21 som
536 823 99 42 ogift,
656 823 130 33 tillåtes
809 823 82 42 giva
914 834 135 22 samma
1072 834 109 21 namn
1204 822 37 32 åt
1264 821 144 40 barnen,
1431 820 118 34 därest
1572 819 44 33 de

128 871 55 32 stå
202 869 110 34 under
330 870 130 32 hennes
479 868 172 37 vårdnad,
671 868 90 33 dock
780 867 127 34 endast
924 867 80 33 med
1022 867 100 33 deras
1143 865 245 43 medgivande,
1404 864 149 35 såframt
1573 864 42 32 de

128 914 81 43 fyllt
229 918 40 30 18
290 915 49 32 år.
358 914 56 33 En
433 913 96 42 dylik
549 913 158 33 ansökan
724 912 143 42 jämlikt
887 915 84 30 1901
994 912 54 32 års
1068 910 204 42 förordning
1290 910 91 33 hade
1401 909 215 34 åtminstone

129 959 10 33 i
157 959 85 33 flera
259 959 60 33 fall
337 958 179 42 avslagits,
533 961 84 30 enär
635 957 123 33 fadern
777 960 126 38 vägrat
920 956 63 34 sitt
1000 955 196 43 samtycke.

175 1013 79 32 Den
272 1025 66 21 ena
356 1024 46 21 av
421 1011 41 34 de
481 1011 232 42 synpunkter,
731 1022 75 22 som
827 1009 177 42 Wihlborg
1023 1009 102 33 anför
1143 1013 75 28 mot
1237 1007 99 34 bifall
1354 1007 53 33 till
1424 1006 193 38 motionen,

128 1057 65 33 har
219 1057 69 33 viss
316 1056 221 42 anknytning
563 1056 53 33 till
643 1055 170 42 spörsmål
841 1067 46 20 av
913 1053 250 42 namnrättslig
1187 1057 117 35 natur;
1332 1052 70 33 han
1429 1063 100 22 anser
1556 1051 60 33 det

129 1101 137 43 möjligt
295 1101 55 34 för
378 1101 138 39 hustru,
545 1113 76 21 som
650 1100 73 33 före
753 1099 214 42 giftermålet
996 1099 129 41 skapat
1154 1097 51 42 sig
1233 1109 43 22 en
1306 1096 165 42 ställning
1500 1096 117 33 såsom

129 1151 28 29 t.
179 1158 50 22 ex.
251 1146 242 39 affärsidkare,
514 1144 257 34 konstnärinna
793 1144 82 33 eller
895 1143 196 42 journalist,
1115 1147 55 29 att
1193 1146 89 29 även
1304 1154 59 21 om
1384 1141 70 33 hon
1476 1152 141 31 person-

130 1191 90 42 ligen
244 1195 147 38 antager
415 1191 144 33 makens
586 1189 204 34 släktnamn
815 1188 114 34 bruka
953 1188 63 33 sitt
1041 1186 225 43 urspungliga
1290 1198 109 21 namn
1424 1186 115 33 såsom
1564 1188 54 30 ett

131 1236 90 42 slags
239 1236 224 39 firmanamn,
481 1236 117 32 såsom
616 1234 221 42 pseudonym
855 1233 81 33 eller
955 1233 115 33 såsom
1089 1232 169 42 signatur.
1276 1231 89 33 Med
1383 1230 137 42 hänsyn
1539 1230 79 32 här-

131 1282 53 32 till
199 1293 99 21 anser
313 1280 72 33 han
401 1284 53 29 att
470 1280 108 41 något
593 1278 149 43 verkligt
758 1278 116 33 behov
889 1290 45 21 av
949 1276 207 43 lagändring
1171 1276 74 33 icke
1260 1275 192 42 föreligger.
1466 1273 152 35 Huvud-

131 1325 157 41 grunden
305 1325 55 33 till
377 1324 257 43 avstyrkandet
653 1327 37 30 är
708 1322 194 35 emellertid
921 1335 42 21 en
980 1320 326 35 social-humanitär
1323 1319 193 43 synpunkt.
1535 1319 83 33 Han

132 1370 212 40 framhåller,
358 1369 81 34 med
453 1369 108 33 tanke
575 1369 47 41 på
637 1368 133 33 barnen
785 1367 11 33 i
812 1367 245 41 äktenskapet,
1074 1366 61 33 det
1149 1364 188 42 olämpliga
1352 1364 11 33 i
1379 1369 54 28 att
1448 1364 172 33 makarna

131 1415 93 33 hava
247 1415 93 33 olika
363 1426 118 26 namn;
506 1413 152 33 frånsett
681 1412 93 33 vissa
797 1410 265 42 undantagsfall
1086 1409 119 34 kunde
1228 1410 101 32 detta
1352 1408 267 41 allmänneligen

132 1459 80 43 giva
229 1458 189 42 anledning
434 1458 52 33 till
503 1457 193 33 misstanke
713 1469 58 20 om
787 1461 56 28 att
860 1456 133 32 barnen
1009 1467 83 21 vore
1110 1452 380 42 utomäktenskapliga.
1507 1453 113 32 Kam-

133 1509 139 28 raterna
289 1503 11 33 i
317 1503 123 33 skolan
458 1502 158 33 brukade
633 1501 75 33 icke
726 1500 194 33 försumma
939 1504 55 28 att
1011 1499 74 33 låta
1103 1498 81 33 dem
1202 1502 82 29 veta
1303 1498 110 34 detta.
1431 1497 189 33 Prästerna

132 1548 92 34 hade
242 1560 43 21 en
305 1547 99 34 stark
422 1546 198 34 erfarenhet
640 1558 45 21 av
704 1545 95 33 vilka
818 1543 259 44 påfrestningar
1096 1542 128 34 sådant
1243 1542 119 33 kunde
1381 1541 167 33 innebära
1567 1540 55 33 för

133 1594 143 33 barnen.
299 1593 74 33 Det
397 1604 81 21 vore
500 1603 44 21 en
568 1590 130 34 allmän
722 1589 136 34 önskan
881 1589 65 33 och
968 1591 146 30 strävan
1138 1592 55 28 att
1214 1586 160 34 undvika
1396 1586 62 33 allt
1480 1585 141 38 sådant,

133 1650 76 21 som
231 1637 119 33 kunde
373 1636 81 42 giva
477 1635 162 42 antydan
662 1635 80 33 eller
765 1633 193 34 misstanke
982 1645 58 20 om
1064 1636 55 29 att
1143 1636 52 29 ett
1219 1631 88 33 barn
1331 1643 83 21 vore
1437 1643 44 20 av
1504 1634 117 29 utom-

135 1681 246 42 äktenskaplig
399 1680 97 34 börd.
514 1681 74 33 Det
606 1680 11 32 i
636 1679 181 33 motionen
836 1677 222 34 framställda
1075 1676 166 42 förslaget
1260 1680 120 38 syntes
1400 1674 118 34 därför
1535 1674 86 33 böra

135 1727 155 33 bestämt
311 1725 150 34 avvisas.

180 1779 99 34 Även
300 1779 180 33 Forkman
499 1778 65 33 har
586 1778 11 32 i
620 1777 63 34 sitt
704 1776 169 42 yttrande
895 1776 117 33 berört
1033 1773 385 42 namngemenskapens
1441 1771 181 43 betydelse

135 1825 81 33 med
233 1824 174 34 avseende
425 1825 19 31 å
462 1821 431 43 familjesamhörigheten.
912 1820 80 33 Han
1013 1819 131 33 erinrar
1162 1831 58 20 om
1237 1823 55 28 att
1311 1817 164 33 likadana
1493 1816 129 42 yrkan-

137 1870 67 33 den
223 1881 74 21 som
317 1869 61 32 det
396 1880 47 20 nu
463 1866 222 34 framställda
704 1865 148 41 tidigare
872 1864 166 41 avslagits
1058 1863 80 33 med
1159 1862 212 41 hänvisning
1389 1861 52 33 till
1461 1861 67 32 den
1547 1872 76 30 per-

136 1913 131 42 sonliga
291 1912 212 42 gemenskap
529 1911 129 33 mellan
682 1910 172 33 makarna
879 1921 75 20 som
979 1908 235 39 äktenskapet
1239 1906 191 33 medförde.
1455 1906 55 32 En
1535 1916 88 29 upp-

136 1958 158 40 luckring
317 1969 45 21 av
385 1957 145 32 känslan
554 1955 120 33 härför
696 1954 91 33 hade
812 1952 249 41 otvivelaktigt
1084 1952 95 32 skett
1201 1951 81 33 eller
1304 1950 91 33 hölle
1417 1950 45 40 på
1485 1954 55 28 att
1564 1949 59 32 ske

138 2003 9 33 i
165 2003 91 32 vissa
273 2002 148 32 kretsar.
439 2002 136 31 Därom
593 1998 162 34 vittnade
774 1998 106 32 bland
900 2001 108 29 annat
1026 2009 40 20 en
1087 1995 200 41 visserligen
1305 1994 75 33 icke
1398 1994 127 33 allmän
1544 2005 80 21 men

138 2047 89 33 dock
243 2046 166 33 märkbar
424 2045 159 38 tendens,
599 2048 55 28 att
669 2043 65 41 gift
751 2042 129 33 kvinna
901 2041 79 33 med
997 2039 264 35 åsidosättande
1278 2052 45 20 av
1339 2039 116 40 lagens
1472 2038 151 32 bestäm-

136 2092 122 33 melser
283 2090 163 34 använde
470 2089 62 33 sitt
558 2101 106 20 namn
691 2089 115 31 såsom
831 2086 99 41 ogift.
954 2086 127 32 Denna
1106 2084 146 33 tendens
1278 2096 83 21 vore
1385 2088 54 28 att
1464 2082 160 41 beklaga,

137 2149 59 20 om
220 2136 64 32 den
311 2147 83 21 vore
419 2139 51 27 ett
494 2133 146 41 uttryck
666 2132 53 32 för
744 2136 53 28 ett
821 2129 234 41 försvagande
1079 2142 46 19 av
1149 2128 145 33 känslan
1322 2128 54 31 för
1400 2127 224 40 familjesam-

139 2180 221 40 hörighetens
381 2178 190 41 betydelse.
592 2178 78 31 Den
692 2176 118 32 kunde
830 2175 106 32 också
955 2174 144 32 komma
1119 2177 54 28 att
1193 2172 158 33 medföra
1370 2184 40 20 en
1433 2170 66 33 viss
1520 2170 103 33 oreda

138 2225 10 32 i
171 2222 376 35 namnförhållandena
570 2221 93 32 inom
688 2232 133 20 samma
846 2218 123 40 familj.
993 2218 68 32 Om
1085 2216 260 40 utvecklingen,
1368 2216 111 32 såsom
1505 2219 120 36 syntes

140 2268 188 37 sannolikt,
348 2268 139 31 komme
508 2270 55 28 att
583 2266 43 39 gå
647 2265 8 31 i
677 2264 64 32 den
765 2262 156 41 riktning
940 2274 72 20 som
1036 2261 260 32 motionärerna
1318 2259 187 39 föreslagit,
1527 2259 100 32 bleve

139 2313 59 32 det
218 2324 44 21 av
280 2312 78 32 vikt
377 2315 54 28 att
451 2310 105 32 träffa
575 2308 171 33 anstalter
764 2308 52 31 för
834 2311 49 28 att
907 2319 39 20 en
968 2306 107 32 sådan
1096 2304 149 40 ordning
1264 2304 52 32 för
1333 2303 165 32 hustruns
1517 2303 108 32 släkt-

139 2369 103 20 namn
268 2356 99 32 bleve
391 2353 261 40 vederbörligen
677 2351 198 33 antecknad
901 2351 7 32 i
932 2348 315 40 folkbokföringen.

188 2410 232 40 Qvarnström
443 2406 213 36 framhåller,
679 2404 78 33 med
782 2403 211 39 hänvisning
1017 2402 48 32 till
1093 2406 53 28 ett
1172 2401 6 32 i
1204 2401 176 32 motionen
1407 2400 124 32 citerat
1555 2403 73 37 ytt-

143 2454 105 33 rande
268 2465 45 21 av
335 2456 86 28 1942
441 2453 53 31 års
516 2451 110 31 första
646 2449 207 40 lagutskott,
872 2452 55 28 att
946 2447 95 32 detta
1066 2445 184 33 uttalande
1268 2444 250 40 otvivelaktigt
1538 2443 91 32 hade

144 2498 140 42 mycket
299 2497 58 40 fog
375 2497 50 31 för
441 2496 59 39 sig.
519 2494 248 33 Förekomsten
786 2506 44 19 av
847 2492 214 34 släktnamn,
1076 2502 73 20 som
1167 2490 7 31 i
1192 2490 50 40 sig
1256 2489 114 41 själva
1387 2501 80 20 vore
1482 2487 145 34 dubbel-
