2232 2638
743 200 234 42 Lagutskottets
1008 199 168 33 Utlåtande
1201 200 62 31 N:o
1287 199 51 32 533.
1778 196 18 31 3

368 281 114 36 Detta
522 280 96 36 hade
659 279 59 37 till
747 279 105 49 följd,
886 283 67 43 att,
982 277 182 38 ehuruväl
1192 278 136 35 Första
1356 276 229 36 Kammaren
1615 279 118 43 antog
1761 274 80 48 lag-

243 333 206 36 utskottets
477 331 551 50 sammanjämkningsförslag,
1056 330 131 36 Andra
1215 329 230 36 Kammaren
1473 327 124 48 afslog
1619 327 222 45 detsamma,

243 383 323 49 hufvudsakligen
607 384 41 36 af
685 384 65 36 det
786 383 93 47 skäl,
909 388 55 31 att
990 382 256 48 lagutskottet
1275 381 32 48 ej
1338 379 187 49 medtagit
1553 379 70 36 den
1653 378 124 50 punkt
1806 378 40 36 af

244 436 86 37 dess
366 436 229 49 föregående
624 436 137 47 beslut,
791 434 109 37 hvari
922 435 301 45 framläggandet
1251 434 49 43 af
1324 432 203 47 lagförslag
1554 431 12 36 i
1594 430 120 49 sagda
1743 430 98 49 syfte

247 488 260 49 uttryckligen
535 488 198 48 begärdes.

375 539 111 37 Hvad
527 539 130 37 Andra
697 539 229 36 Kammaren
967 537 84 36 med
1086 537 120 48 sagda
1235 536 66 36 sitt
1329 535 124 37 beslut
1480 534 102 37 velat
1608 533 115 37 hafva
1751 533 91 36 fast-

247 592 133 49 slaget,
422 591 63 37 det
521 596 51 43 är,
602 596 54 31 att
684 604 46 23 en
760 592 193 44 utredning
983 589 42 36 af
1048 588 140 49 frågan
1216 586 372 50 skyndsammeligen
1616 584 117 38 borde
1762 584 79 47 ske,

247 650 100 30 samt
369 643 231 37 omedelbart
619 643 166 37 därefter
804 643 200 45 lagförslag
1024 640 12 36 i
1055 641 148 48 frågan,
1224 639 199 50 grundade
1443 641 48 47 på
1511 637 156 38 sålunda
1687 649 155 23 vunnen

245 696 225 47 erfarenhet,
499 698 117 33 måtte
645 695 41 36 af
709 694 144 49 Kungl.
882 693 108 49 Maj:t
1018 693 118 36 blifva
1164 692 60 36 för
1251 691 221 48 Riksdagen
1501 689 223 48 framlagda.

375 902 108 36 Efter
514 903 97 35 1902
639 901 69 36 har
737 901 33 47 ej
801 901 136 48 frågan
966 914 60 23 om
1056 896 459 48 säkerhetsanordningar
1543 898 20 33 å
1591 895 130 48 fartyg
1744 895 98 36 före-

245 954 101 36 varit
372 953 65 37 vid
463 953 221 48 Riksdagen
712 952 129 37 förrän
868 954 12 35 i
909 955 51 34 år.
1018 952 128 37 Under
1179 952 65 36 det
1272 947 322 49 mellanliggande
1616 949 92 44 året,
1733 947 109 45 1903,

245 1010 90 44 togs
363 1005 96 37 dock
488 1010 55 31 ett
569 1004 143 49 viktigt
741 1009 98 45 steg,
868 1004 63 36 väl
960 1004 33 49 ej
1025 1003 180 37 särskildt
1228 1007 79 32 mot
1325 1000 216 37 införandet
1561 999 41 36 af
1616 1011 77 36 nya
1714 997 129 37 säker-

245 1056 346 49 hetsanordningar
619 1059 20 33 å
668 1057 132 48 fartyg
841 1061 97 32 samt
971 1055 42 37 af
1037 1057 132 47 skärpt
1196 1053 169 38 kontroll
1393 1055 20 33 å
1442 1051 109 37 deras
1580 1048 264 52 sjödugtighet

246 1123 48 22 m.
324 1122 48 23 m.
403 1109 47 47 d.,
479 1122 89 23 men
596 1114 79 31 mot
704 1121 47 24 en
780 1110 139 36 allmän
943 1110 157 35 revision
1120 1108 48 44 af
1183 1108 176 45 sjölagen,
1379 1104 12 36 i
1412 1103 64 37 det
1496 1108 55 31 att
1569 1102 181 37 nordiska
1770 1101 74 49 sjö-

245 1161 228 46 fartsmötet,
502 1160 145 36 hvilket
675 1160 120 49 sagda
824 1164 40 33 år
891 1160 98 36 hölls
1025 1160 4 35 i
1057 1159 269 49 Köpenhamn,
1347 1157 98 36 efter
1464 1154 180 37 särskildt
1663 1153 13 36 i
1694 1153 150 37 redare-

247 1213 71 36 och
341 1212 416 49 befraktaresynpunkt
784 1212 161 46 sakrika,
957 1211 202 37 inledande
1179 1210 179 47 föredrag
1379 1208 41 36 af
1436 1207 215 36 direktören
1670 1205 57 36 för
1745 1205 99 36 Nor-

247 1264 86 36 disk
361 1263 406 48 Skibsrederforening
795 1264 12 35 i
834 1263 208 37 Kristiania
1068 1263 35 36 J.
1133 1263 175 44 Jantzen,
1330 1260 172 44 enhälligt
1520 1257 169 37 uttalade
1709 1256 60 49 sig
1787 1256 59 36 för

247 1328 44 24 en
318 1318 158 34 revision
503 1316 49 44 af
572 1317 42 35 de
641 1317 174 35 nordiska
842 1316 220 45 sjölagarna.

376 1367 136 36 Denna
552 1366 219 37 reviderade
812 1367 125 48 sjölag
978 1369 121 45 ansåg
1140 1378 89 23 man
1263 1363 97 37 dock
1389 1362 136 37 endast
1552 1361 130 35 kunna
1711 1360 59 36 för
1798 1372 48 23 en

246 1419 152 36 kortare
424 1419 135 48 period
586 1423 194 32 motsvara
807 1418 126 36 tidens
962 1418 97 47 kraf,
1088 1417 158 36 hvarför
1274 1420 120 32 mötet
1422 1412 168 38 uttalade
1619 1412 61 49 sig
1707 1412 59 36 för
1786 1424 59 33 en,

248 1471 98 36 efter
374 1471 44 36 de
446 1470 102 37 olika
575 1470 120 37 behof
719 1483 81 23 som
828 1473 149 46 uppstå,
1007 1468 226 51 fortgående
1263 1464 303 49 modernisering
1595 1464 41 36 af
1657 1463 187 49 sjölagen,

247 1522 129 37 utförd
417 1522 41 36 af
482 1535 48 23 en
552 1527 216 42 permanent
795 1524 146 35 nordisk
968 1523 330 45 sjölagskommitté.
1354 1519 84 36 Den
1465 1516 208 37 resolution
1701 1515 144 46 härom,

249 1587 79 23 som
357 1574 181 37 likaledes
567 1576 171 45 enhälligt
766 1579 149 43 antogs,
945 1574 98 36 hade
1072 1572 168 50 följande
1268 1571 164 49 lydelse:

381 1626 309 49 »Sjöfartsmötet
704 1639 212 35 uppmanar
931 1625 244 49 Bestyrelsen
1191 1625 57 36 for
1262 1622 167 37 Nordisk
1442 1617 405 47 Skibsrederforening

250 1682 55 31 att
333 1682 150 31 snarast
510 1677 152 49 möjligt
689 1677 93 49 ingå
808 1677 59 36 till
895 1677 276 48 regeringarna
1191 1676 11 35 i
1224 1674 171 48 Sverige,
1415 1673 130 47 Norge
1566 1670 70 37 och
1655 1669 193 37 Danmark

249 1729 88 35 med
356 1729 175 36 anhållan
554 1742 61 23 om
635 1735 55 29 att
708 1729 278 48 regeringarna
1005 1740 138 35 genom
1164 1730 241 45 gemensamt
1423 1721 302 39 föranstaltande
1745 1720 103 36 bilda

250 1793 48 22 en
325 1780 155 36 nordisk
508 1780 355 48 sjölagskommitté,
893 1779 204 36 bestående
1126 1778 39 36 af
1189 1783 55 31 ett
1263 1777 79 36 lika
1362 1780 97 32 stort
1479 1774 103 37 antal
1601 1772 246 37 medlemmar

248 1832 85 35 från
361 1831 134 48 hvarje
523 1832 100 44 land,
652 1831 210 36 utnämnda
891 1831 41 36 af
956 1830 287 37 vederbörande
1273 1828 182 49 regering
1474 1827 98 35 efter
1590 1823 151 38 samråd
1760 1823 88 36 med

250 1883 287 49 skeppsfartens
565 1883 70 36 och
663 1883 346 36 handelsståndens
1028 1880 357 51 representationer.
1416 1877 255 37 Kommitténs
1691 1874 156 50 uppgift

251 1947 111 24 anses
389 1935 92 36 böra
505 1948 90 23 vara
614 1934 185 49 följande:
830 1940 56 30 att
906 1934 112 36 hafva
1038 1932 389 51 uppmärksamheten
1447 1931 75 35 fäst
1540 1931 47 47 på
1605 1927 130 37 hvilka
1755 1926 92 36 änd-

248 1986 133 49 ringar
408 1986 13 36 i
449 1986 74 36 den
564 1986 181 36 nordiska
765 1987 195 47 sjörätten,
991 1999 79 22 som
1099 1986 131 35 kunna
1259 1996 89 23 vara
1377 1981 187 48 önskliga,
1594 1984 55 31 att
1677 1983 171 43 mottaga

251 2049 71 24 ocn
349 2037 190 37 behandla
566 2038 328 47 framställningar
922 2037 12 35 i
962 2037 133 36 sådant
1118 2035 218 37 hänseende
1357 2034 83 36 från
1459 2033 125 48 privat
1603 2031 91 36 eller
1714 2030 134 35 offent-

250 2088 74 48 ligt
350 2088 76 36 håll
454 2094 97 30 samt
578 2093 54 31 att
659 2089 176 36 utarbeta
863 2088 154 48 förslag,
1047 2091 41 33 så
1116 2087 82 36 vidt
1214 2087 152 48 möjligt
1385 2090 53 41 är,
1457 2084 78 36 lika
1553 2083 12 35 i
1585 2081 171 37 innehåll
1776 2080 67 36 och

250 2139 111 47 form,
390 2140 56 35 till
474 2139 133 49 hvarje
636 2141 42 34 af
702 2139 47 37 de
770 2139 179 37 nordiska
968 2139 280 47 regeringarna
1268 2151 60 22 om
1347 2150 76 35 nya
1443 2134 125 49 regler
1586 2136 48 46 på
1655 2132 193 48 sjölagens

252 2191 186 36 område.»

380 2242 17 36 I
425 2241 173 50 enlighet
625 2242 87 36 med
741 2241 103 37 detta
871 2242 177 48 uppdrag
1075 2241 128 47 ingick
1233 2240 117 48 därpå
1379 2238 187 48 styrelsen
1595 2237 59 36 för
1682 2233 167 38 Nordisk

253 2293 399 48 Skibsrederforening
693 2292 57 37 till
793 2294 45 35 de
867 2293 100 36 olika
995 2292 181 37 nordiska
1206 2291 181 36 länderna
1415 2289 84 37 med
1531 2286 227 38 hemställan
1788 2299 59 22 om
