2185 2723
412 236 20 32 4
865 226 253 35 Statsutskottets
1148 221 169 36 Utlåtande
1340 220 61 33 N:o
1425 220 51 32 22.

499 313 74 38 Till
608 310 221 53 jämförelse
871 308 140 38 mellan
1051 303 289 40 förhållandena
1380 300 122 38 under
1543 298 45 37 de
1630 300 127 35 senast
1790 294 180 38 förflutna

371 372 89 35 åren
500 366 67 39 vill
600 365 188 38 utskottet
814 363 69 37 här
911 360 185 48 meddela,
1126 363 55 32 att
1209 354 388 51 riksgäldskontorets
1626 350 156 38 fordran
1809 348 59 37 för
1894 346 77 37 för-

371 423 128 47 fallna,
541 433 88 24 men
669 418 83 37 icke
793 414 232 40 verkställda
1064 410 285 49 inbetalningar
1378 410 20 35 å
1425 406 152 50 utgifna
1617 404 64 37 lån
1713 403 60 37 för
1801 399 171 40 enskilda

366 476 223 49 järnvägar,
629 469 131 39 kanal-
802 469 70 37 och
913 464 384 51 slussanläggningar
1336 475 49 23 m.
1429 474 47 22 m.
1519 460 166 48 uppgått
1720 456 58 36 till
1806 452 167 51 följande

370 528 138 50 belopp
551 523 249 53 (oberäknadt
840 520 196 51 upplupna
1073 532 29 24 s.
1132 518 36 36 k.
1199 516 238 37 öfverräntor
1466 515 20 34 å
1515 510 176 39 förfallna
1731 504 239 50 annuiteter),

370 581 213 49 nämligen:

526 632 65 38 vid
618 630 136 50 början
784 628 40 37 af
848 630 40 34 år
919 627 95 36 1897
1047 652 272 9 maoeeeeceeeewww
1354 620 141 36 kronor
1525 617 213 49 2,486,682:
1759 624 56 27 85.

546 715 21 19 5
675 713 21 19 ”
792 710 22 20 9
857 710 21 19 3
920 681 96 35 808
1048 708 96 6 sm
1195 706 124 7 snus
1420 693 21 28 >
1525 669 213 50 —2,336,180:
1759 678 55 26 09.

546 766 22 19 -
677 764 20 19 M
793 762 21 19 9
857 761 22 19 30
919 733 97 35 LIT
1048 760 120 5 ormens
1179 725 106 60 otsirnrnnn
1306 758 14 4 a
1420 753 22 19 »
1525 722 213 48 -1,909,558:
1760 730 55 25 73.

546 819 22 19 ”
675 817 22 19 -
792 815 21 20 5
857 814 20 20 a
918 784 98 36 L900
1047 810 271 9 sm
1202 777 55 62 nun
1268 777 51 62 nen
1419 805 21 20 »
1523 774 213 48 —-2,031,872:
1760 781 56 27 33.

547 872 21 19 4å
676 870 22 19 55
793 868 22 19 a
858 867 21 19 a
921 838 95 35 1901
1049 863 272 9 ann
1422 859 20 18 >
1525 826 213 49 2,184,776:
1758 834 58 26 46.

547 924 21 19 oo
793 919 85 20 mo»
920 890 400 36 1908
1269 871 53 76 nn
1421 910 21 19 »
1526 880 290 48 471.279:
1759 859 61 74 06.

547 977 22 19 ”
676 975 21 19 -
793 973 21 19 9
858 972 21 19 9
920 943 400 36 1908
1421 964 21 19 »
1525 931 214 48 -2,593,918:
1761 939 55 26 77.

548 1029 21 20 äj
677 1028 21 18 -
793 1026 21 19 3
858 1025 21 19 0
919 996 99 36 LIA
1049 1023 143 6 oosmmsnsene
1200 1022 85 5 resor
1422 1016 20 19 »
1525 985 214 48 -2,978,329:
1761 992 55 26 88.

549 1082 20 19 -
678 1081 21 19 ”
794 1079 22 19 4
860 1078 21 19 3
922 1048 96 36 LO0D:
1050 1076 154 7 siren
1251 1074 71 6 omm
1422 1069 21 19 +
1525 1037 214 49 -2,414,023:
1760 1031 87 42 89.)

549 1135 21 19 37
678 1133 21 19 sö
794 1132 21 19 5
858 1131 22 19 a
921 1101 96 36 1900
1061 1131 50 5 mon
1131 1127 190 7 mms
1422 1122 21 19 »
1526 1089 213 49 2,044,888:
1760 1085 88 42 65.')

1139 1222 71 34 3:0.

505 1316 199 46 Angående
733 1312 230 46 afskrifning
993 1310 48 44 af
1063 1309 364 46 riksgäldskontorets
1456 1301 222 38 återstående
1705 1298 106 36 skuld
1832 1298 67 43 för
1918 1297 58 35 det

377 1375 72 33 mot
476 1372 41 35 så
545 1369 143 37 kallade
718 1366 186 37 lottsedlar
932 1366 188 44 upptagna
1150 1362 96 35 lånet
1275 1359 55 36 till
1361 1357 196 37 Trollhätte
1577 1352 200 38 slussverks
1798 1350 174 46 byggnad.

825 1434 104 50 (Rev.
959 1432 78 37 ber.
1068 1430 67 37 sid.
1166 1431 60 46 49,
1258 1429 47 36 50
1335 1425 68 38 och
1433 1423 100 50 340.)

509 1544 18 36 I
555 1543 123 36 denna
706 1541 109 47 fråga
841 1538 117 36 hafva
986 1535 239 49 Riksdagens
1253 1532 189 37 revisorer
1470 1529 124 37 anfört
1622 1525 177 50 följande.

509 1594 121 38 Bland
670 1591 392 49 riksgäldskontorets
1089 1587 104 36 inom
1220 1585 120 49 linjen
1367 1582 108 38 förda
1503 1580 153 37 skulder
1683 1579 69 36 har
1781 1580 41 33 år
1849 1576 61 36 för
1939 1578 40 33 år

382 1650 119 38 sedan
540 1648 93 48 lång
665 1645 54 37 tid
747 1643 161 37 tillbaka
936 1640 235 39 balanserats
1200 1642 55 33 ett
1282 1636 137 49 belopp
1449 1634 40 37 af
1514 1633 111 49 3,536
1655 1631 141 37 kronor
1825 1630 47 35 88
1902 1632 76 43 öre,

381 1699 214 52 utgörande
623 1697 221 38 återstoden
872 1695 40 36 af
936 1693 161 38 skulden
1124 1691 58 37 för
1209 1688 391 51 riksgäldskontorets
1624 1684 73 37 den
1719 1685 18 35 1
1759 1694 101 25 mars
1884 1681 96 36 1750

381 1759 198 46 upptagna
606 1751 64 36 lån
698 1754 80 32 mot
798 1751 39 34 så
857 1746 148 37 kallade
1024 1744 199 38 lottsedlar
1243 1742 57 37 till
1320 1740 210 37 Trollhätte
1551 1735 213 39 slussverks
1783 1732 195 51 byggnad.

510 1803 134 50 Enligt
671 1800 267 39 lottsedlarnes
967 1796 238 51 ordalydelse
1231 1794 120 38 skulle
1372 1796 20 34 å
1411 1791 213 49 tillskjutna
1643 1788 201 49 beloppen,
1871 1785 110 48 1,000

382 1861 22 35 a
432 1859 74 37 500
536 1856 104 38 daler
668 1855 253 48 silfvermynt,
952 1851 165 49 åtnjutas
1146 1848 148 49 årligen
1323 1848 20 35 6
1372 1849 159 45 procent
1558 1842 121 37 under
1707 1840 46 37 de
1782 1839 118 44 första
1923 1842 59 31 tre

383 1915 90 34 åren
502 1910 70 37 och
601 1908 211 38 sedermera
839 1905 120 37 under
989 1904 72 36 100
1091 1905 40 34 år
1161 1903 44 35 12
1235 1903 169 47 procent.
1447 1896 76 38 Vid
1543 1897 199 47 utgången
1762 1891 41 38 af
1817 1889 166 39 nämnda

383 1964 56 37 tid
483 1963 160 37 befanns
688 1958 376 51 riksgäldskontoret
1108 1954 84 37 icke
1235 1951 127 50 villigt
1403 1954 55 33 att
1497 1947 152 50 utgifva
1691 1946 109 37 dessa
1841 1943 143 38 sedlars

494 2121 23 41 1)
541 2120 133 32 Jämlikt
707 2118 198 38 Riksdagens
940 2115 152 30 särskilda
1124 2114 104 29 beslut
1261 2113 56 28 har
1351 2111 66 29 dels
1442 2110 29 29 af
1493 2106 311 34 Vislanda-Bolmens
1825 2103 160 39 järnvägs-

385 2167 193 37 aktiebolags
607 2166 51 28 lån
684 2166 45 27 ett
751 2162 136 30 förfallet
908 2159 201 38 räntebelopp
1134 2158 30 29 af
1188 2159 136 32 542,356
1348 2156 113 28 kronor
1485 2155 39 28 32
1550 2158 50 24 öre
1623 2150 106 30 blifvit
1750 2149 54 29 vid
1831 2150 82 27 1904
1939 2149 47 27 års

385 2213 63 29 slut
470 2212 11 28 i
503 2208 317 41 riksgäldskontorets
853 2204 209 38 räkenskaper
1095 2203 83 29 fördt
1211 2202 82 28 inom
1326 2200 97 38 linjen
1447 2199 57 29 och
1527 2197 173 29 sedermera
1724 2192 171 33 afskrifvet,
1919 2191 67 29 dels

386 2256 57 30 ock
479 2255 29 29 af
541 2251 309 38 Länna—Norrtälje
881 2247 342 41 järnvägsaktiebolags
1249 2247 52 27 lån
1324 2247 46 27 ett
1392 2243 135 30 förfallet
1548 2243 101 27 ränte-
1674 2239 57 29 och
1754 2236 233 40 kapitalbelopp

386 2301 29 29 af
439 2301 136 34 649,198
599 2298 111 29 kronor
739 2299 36 26 97
803 2301 51 24 öre
878 2296 32 27 år
936 2295 80 27 1905
1043 2291 180 30 afskrifvits.
1269 2290 100 29 Dessa
1393 2286 219 39 afskrifningar
1634 2283 93 30 hafva
1750 2280 155 31 föranledt
1927 2280 60 29 den

386 2344 178 38 minskning
586 2343 12 28 i
620 2351 138 20 summan
792 2339 30 30 af
854 2336 316 40 riksgäldskontorets
1204 2334 143 31 förfallna
1380 2332 183 38 fordringar,
1588 2339 65 20 som
1676 2328 38 29 de
1737 2327 47 29 för
1808 2328 72 26 åren
1906 2326 79 27 1905

388 2390 57 31 och
471 2391 80 28 1906
576 2388 56 29 här
655 2385 91 31 ofvan
770 2384 125 39 angifna
917 2381 142 31 siffrorna
1081 2381 111 30 utvisa.
