2174 2624
614 199 112 30 Andra
750 198 226 39 lagutskoltets
1000 199 173 30 utlåtande
1199 199 49 30 Nr
1273 200 51 29 37.
1740 200 38 29 19

287 278 42 30 IH.
378 279 171 30 Motionen
583 288 43 21 nr
665 280 40 29 77
739 280 13 29 i
785 280 109 37 första
929 280 207 36 kammaren,
1161 280 93 30 väckt
1278 289 40 21 av
1341 280 150 38 friherre
1514 280 183 30 Barnekow
1721 280 58 29 och

182 323 80 30 herr
297 323 155 37 Pålsson,
478 325 167 30 motionen
669 333 43 21 nr
737 326 64 28 122
824 326 13 27 i
861 326 110 29 andra
994 325 208 37 kammaren,
1229 325 91 30 väckt
1345 334 41 21 av
1410 326 80 28 herr
1514 325 180 38 BRunefors,
1720 325 59 29 och

181 369 167 29 molionen
372 378 43 20 nr
438 370 66 28 252
528 371 13 28 i
565 370 110 29 andra
698 370 206 36 kammaren,
930 370 93 29 väckt
1048 380 40 20 av
1113 370 79 29 herr
1216 370 146 30 Jönsson
1385 371 14 27 i
1423 370 146 29 Fridhill
1593 380 42 19 m.
1660 370 31 37 fl.

287 420 204 32 Hithörande
517 422 159 31 motioner
700 422 106 40 åsyfta
831 421 184 32 införandet
1039 433 40 20 av
1103 422 123 31 sådana
1249 422 175 40 ändringar
1448 423 11 30 i
1475 423 95 38 lagen
1587 433 51 20 om
1655 423 123 30 arbets-

181 465 108 32 tidens
313 466 227 40 begränsning,
566 468 50 29 att
639 468 219 38 arbetsgivare
882 468 105 30 skulle
1012 467 123 30 erhålla
1159 469 66 28 rätt
1249 469 49 28 att
1321 477 117 30 genom
1462 467 317 31 överenskommelse

180 511 73 30 med
277 512 72 29 sina
372 512 148 29 arbetare
544 513 86 29 sätta
654 511 142 31 nämnda
819 512 53 38 lag
895 522 37 20 ur
957 512 87 30 kraft
1069 512 72 30 med
1166 512 162 31 avseende
1353 513 41 38 på
1419 511 81 32 visst
1523 512 133 38 företag.
1685 512 13 30 I
1716 512 63 30 den

180 565 39 21 av
244 555 134 31 friherre
403 556 181 31 Barnekow
610 557 59 30 och
693 556 74 30 herr
791 556 135 31 Pålsson
952 557 117 30 väckta
1092 556 167 31 motionen
1283 557 145 37 föreslås,
1454 559 50 28 att
1525 556 91 40 dylik
1633 561 145 26 överens-

180 600 177 31 kommelse
382 600 70 31 icke
476 601 106 30 skulle
606 611 95 21 anses
725 601 165 39 föreligga,
915 611 52 21 om
992 601 28 39 ej
1046 602 171 30 arbetarna
1234 601 53 30 vid
1305 601 242 31 vederbörande
1564 601 124 39 företag
1705 601 74 31 med

180 645 65 31 viss
282 645 208 31 kvalificerad
526 645 163 40 majoritet
725 645 113 31 biträtt
862 646 198 30 densamma.
1109 646 115 30 Denna
1249 646 122 31 motion
1396 646 160 39 förlägger
1579 646 129 31 således
1732 648 46 28 ut-

180 689 182 41 tryckligen
397 690 200 39 avgörandet
631 701 40 20 av
695 691 111 39 frågan
831 701 51 20 om
907 691 113 39 lagens
1045 690 207 41 tillämpning
1276 691 51 31 till
1351 692 230 30 arbetarkåren
1605 692 41 39 på
1670 691 108 31 veder-

180 734 143 31 börande
358 736 207 39 arbetsplats.
612 737 52 29 Av
699 735 40 31 de
773 735 84 31 båda
885 735 111 40 övriga
1020 734 203 32 motionerna
1248 736 139 39 framgår
1410 735 72 31 icke
1507 735 72 31 med
1605 734 172 41 tydlighet,

180 779 159 31 huruvida
374 779 240 32 motionärerna
637 780 95 31 tänkt
762 781 58 38 sig,
850 782 50 28 att
924 780 39 31 de
988 780 245 40 ifrågavarande
1258 780 376 31 överenskommelserna
1657 781 49 30 för
1729 782 51 28 att

179 823 98 32 vinna
311 824 130 40 rättslig
477 825 87 30 kraft
598 825 105 31 skulle
727 825 190 39 godkännas
941 835 38 20 av
993 825 243 31 arbetarkåren
1260 827 42 38 på
1326 825 184 40 respektive
1534 825 243 40 arbetsplatser,

179 869 79 31 eller
292 869 160 31 huruvida
488 870 239 30 motionärerna
762 880 75 20 avse
873 872 50 28 att
958 870 159 39 inrymma
1141 869 219 40 arbetsgivare
1385 870 59 30 och
1469 870 147 31 arbetare
1640 871 66 29 rätt
1729 872 50 28 att

178 916 88 28 sätta
289 914 95 38 lagen
409 925 36 19 ur
469 914 151 31 funktion
644 924 116 29 genom
778 913 129 40 vanliga
924 915 179 30 kollektiva
1119 915 79 30 eller
1215 915 183 39 personliga
1414 915 208 31 arbetsavtal.
1647 915 131 30 Arbets-

179 959 93 30 rådet
307 958 56 31 vill
398 958 50 31 till
483 961 51 29 att
566 958 90 40 börja
690 959 73 30 med
796 960 183 36 förutsätta,
1005 961 51 29 att
1078 959 240 31 motionärerna
1341 962 109 28 avsett
1474 959 56 31 det
1554 959 224 31 förstnämnda

178 1002 220 38 alternativet,
435 1004 60 30 och
532 1004 48 30 får
615 1004 102 30 under
752 1004 106 31 denna
890 1004 234 39 förutsättning
1148 1014 52 20 om
1224 1003 151 41 samtliga
1399 1004 195 31 hithörande
1618 1004 160 31 motioner

179 1049 113 30 anföra
315 1047 153 40 följande.

286 1093 240 31 Motionärerna
550 1094 83 30 hava
656 1094 71 30 icke
751 1098 146 26 närmare
921 1093 134 40 angivit,
1080 1095 42 39 på
1145 1093 103 32 vilket
1271 1096 68 29 sätt
1359 1093 40 31 de
1416 1094 96 30 tänkt
1527 1094 59 39 sig,
1604 1095 49 29 att
1670 1093 107 32 veder-

178 1137 143 31 hörande
345 1139 166 31 arbetares
536 1139 129 38 mening
689 1138 105 31 skulle
818 1139 129 30 komma
970 1138 51 31 till
1045 1139 132 39 uttryck
1202 1139 49 30 för
1274 1141 49 28 att
1347 1138 63 31 den
1435 1139 105 30 skulle
1566 1139 212 31 tillerkännas

179 1182 63 31 den
280 1182 150 40 rättsliga
465 1184 122 30 verkan
622 1185 50 29 att
706 1182 179 40 undanröja
920 1183 62 30 den
1019 1184 164 30 allmänna
1207 1183 267 39 lagstiftningens
1498 1183 279 31 bestämmelser
1758 1178 22 49 i

178 1229 119 29 ämnet.
345 1228 61 30 Att
439 1227 171 39 härvidlag
638 1228 124 30 utfinna
786 1227 191 43 tillräckligt
1001 1228 85 30 fasta
1110 1228 59 30 och
1195 1228 222 40 betryggande
1443 1229 117 29 former
1583 1229 85 30 lärer
1690 1228 86 31 bliva

181 1273 125 30 förenat
334 1272 72 31 med
435 1273 187 39 synnerliga
649 1271 211 40 svårigheter.
909 1272 86 30 Över
1018 1272 110 30 huvud
1152 1274 91 38 taget
1266 1283 98 28 synes
1388 1272 56 31 det
1468 1273 98 30 också
1590 1274 74 37 föga
1679 1273 98 39 lämp-

179 1317 59 39 ligt
273 1318 50 29 att
359 1317 71 30 med
456 1317 208 39 förbigående
689 1327 39 20 av
753 1317 39 30 de
817 1317 145 30 centrala
985 1316 432 40 arbetarorganisationerna
1441 1322 76 34 göra
1541 1318 172 30 arbetarna
1738 1319 40 38 på

178 1372 40 19 en
253 1361 65 30 viss
354 1364 50 28 ort
434 1362 50 29 till
510 1361 243 31 bestämmande
778 1362 106 30 faktor
908 1362 10 29 i
943 1361 211 31 förevarande
1179 1362 171 30 avseende.
1398 1362 48 30 En
1471 1361 102 31 sådan
1596 1361 182 40 anordning

178 1406 105 31 skulle
305 1405 36 39 ju
366 1406 82 30 hava
473 1406 86 30 vissa
584 1405 307 41 beröringspunkter
908 1406 73 31 med
998 1406 63 30 den
1079 1406 447 40 decentraliseringstendens
1539 1405 86 32 mom
1638 1407 139 30 arbetar-

179 1451 152 37 rörelsen,
357 1461 69 20 som
451 1451 10 29 i
486 1453 72 28 vårt
581 1451 76 30 land
682 1450 84 40 gjort
790 1450 50 40 sig
863 1451 151 39 gällande
1039 1453 41 38 på
1104 1461 40 20 en
1169 1452 53 30 del
1239 1452 164 36 områden,
1422 1462 74 20 men
1513 1452 264 30 erfarenheterna

179 1496 70 30 från
279 1495 107 31 denna
410 1495 289 40 decentralisering
722 1496 92 30 torde
839 1496 195 40 näppeligen
1059 1498 197 38 uppmuntra
1281 1496 50 30 till
1354 1497 107 38 någon
1485 1495 132 41 speciell
1641 1497 136 39 anknyt-

180 1539 77 41 ning
281 1540 49 30 till
356 1541 197 30 densamma.

285 1585 160 31 Gällande
480 1586 54 39 lag
568 1595 52 21 om
656 1584 218 32 arbetstidens
898 1586 220 38 begränsning
1143 1585 79 31 vilar
1246 1586 41 39 på
1312 1585 62 31 den
1399 1585 227 39 grundsatsen,
1652 1587 50 29 att
1727 1587 50 29 be-

178 1630 248 30 slämmelserna
450 1640 51 20 om
526 1630 219 31 arbetstidens
769 1630 232 38 maximilängd
1025 1629 71 31 icke
1120 1630 93 30 skola
1237 1630 107 31 lämna
1369 1640 68 20 rum
1461 1631 48 30 för
1525 1630 150 31 enskilda
1691 1635 86 26 över-

179 1675 255 30 enskommelser
469 1685 52 20 om
556 1675 112 38 längre
703 1674 158 31 arbetstid
897 1679 41 26 än
974 1674 63 31 den
1074 1684 40 20 av
1143 1675 96 39 lagen
1263 1674 181 39 medgivna.
1493 1674 62 31 Till
1579 1676 126 30 förmån
1730 1676 48 30 för

179 1719 108 30 denna
310 1719 175 37 grundsats
508 1718 93 31 torde
626 1719 145 39 vägande
795 1719 71 30 skäl
890 1719 111 30 kunna
1025 1720 165 38 åberopas.
1231 1719 16 29 TI
1267 1719 98 30 första
1382 1719 86 30 haud
1485 1719 93 31 torde
1596 1720 55 29 det
1668 1720 109 30 kunna

180 1764 141 36 fastslås,
351 1765 49 28 att
425 1763 55 30 det
504 1764 163 39 knappast
690 1767 35 26 är
749 1762 125 40 möjligt
897 1765 50 28 att
971 1763 226 30 åstadkomma
1220 1765 107 37 någon
1351 1763 219 39 begränsning
1594 1774 39 19 av
1657 1765 119 30 arbets-

178 1807 101 38 tiden,
305 1818 51 19 om
382 1807 27 39 vj
435 1807 107 31 denna
566 1807 217 40 begränsning
807 1807 164 40 tillämpas
996 1808 48 30 för
1068 1808 64 30 alla
1156 1807 40 31 de
1221 1808 134 39 företag,
1380 1818 69 20 som
1474 1812 55 26 äro
1553 1808 190 40 inbegripna
1767 1809 10 30 i

179 1853 202 30 konkurrens
406 1852 71 30 med
503 1853 169 30 varandra.
720 1853 117 30 Därest
860 1852 221 39 arbetsgivare
1105 1853 105 30 skulle
1228 1857 59 34 äga
1304 1855 66 28 rätt
1386 1855 49 28 att
1452 1853 73 30 med
1542 1852 71 31 sina
1629 1853 147 31 arbetare

180 1898 93 29 träffa
297 1897 316 31 överenskommelse
638 1907 51 21 om
714 1898 206 39 tillämpning
944 1907 40 20 av
1008 1897 112 39 längre
1145 1897 158 31 arbetstid
1321 1901 41 27 än
1380 1897 62 31 den
1460 1899 49 29 för
1525 1897 110 40 övriga
1653 1899 124 39 företag

177 1942 88 29 inom
291 1942 180 30 branschen
495 1941 139 40 lagligen
661 1942 159 39 gällande,
845 1942 92 30 torde
963 1942 57 30 det
1043 1943 110 29 kunna
1174 1944 145 36 antagas,
1337 1944 49 28 att
1403 1952 40 20 en
1461 1942 52 31 del
1531 1943 124 38 företag
1670 1943 106 30 skulle

182 1985 118 31 tnrikta
323 1987 72 29 sina
419 1987 399 30 konkurrenssträvanden
845 1988 39 38 på
908 1987 92 30 detta
1024 1986 131 31 område
1172 1987 59 30 och
1245 1986 187 39 därigenom
1449 1987 225 30 åstadkomma
1690 1988 86 30 vissa

179 2030 125 30 mindre
328 2030 184 31 önskvärda
535 2033 129 28 avarter
687 2041 39 20 av
752 2031 37 30 fri
815 2030 190 31 ekonomisk
1031 2031 118 30 tävlan.
1198 2032 60 29 Att
1282 2041 115 29 genom
1422 2030 205 40 Jagstiftning
1644 2031 133 40 inbjuda

179 2075 109 29 härtill
312 2084 98 29 synes
434 2073 71 32 icke
529 2074 180 40 tillrådligt.

286 2119 240 30 Motionärerna
543 2120 82 29 hava
642 2120 143 36 betonat,
803 2120 49 29 att
869 2119 63 30 den
949 2119 190 38 ifrågasatta
1153 2120 338 30 överenskommelsen
1505 2120 69 29 från
1588 2120 188 30 arbetarnas

178 2163 71 30 sida
277 2163 106 30 skulle
408 2173 76 20 vara
506 2165 152 38 frivillig.
708 2163 271 31 Erfarenheterna
1006 2165 68 28 från
1099 2163 195 31 hilhörande
1318 2164 153 30 områden
1496 2163 74 39 giva
1594 2164 180 30 emellertid

180 2207 72 31 med
288 2208 43 30 all
368 2207 162 40 tydlighet
565 2207 53 30 vid
656 2208 138 36 handen,
831 2209 50 29 att
904 2208 64 30 den
995 2208 145 30 formella
1165 2207 231 40 frivilligheten
1422 2207 167 40 härvidlag
1614 2209 67 30 ofta
1705 2208 71 31 icke

181 2254 179 28 motsvaras
396 2262 39 20 av
471 2262 41 20 en
548 2251 124 40 verklig
708 2251 197 40 frivillighet,
943 2253 59 29 och
1027 2254 50 29 att
1101 2252 56 30 det
1180 2252 9 30 i
1217 2252 85 39 varje
1329 2253 54 30 fall
1408 2251 71 32 icke
1504 2253 63 30 kan
1593 2253 183 39 uppsdragas

179 2299 106 37 någon
312 2301 97 34 gräns
433 2297 119 30 mellan
577 2307 39 20 en
642 2296 140 40 verkligt
806 2296 130 39 frivillig
960 2297 317 30 överenskommelse
1301 2298 59 30 och
1386 2307 39 21 en
1451 2298 324 36 överenskommelse,

179 2352 68 20 som
285 2342 50 30 väl
372 2341 48 31 til
458 2342 122 30 formen
605 2346 35 26 är
664 2341 140 40 frivillig,
831 2352 72 20 men
929 2343 6 29 i
962 2341 171 32 realileten
1158 2346 35 27 är
1218 2342 191 31 framkallad
1434 2353 38 20 av
1499 2344 48 29 ett
1571 2342 206 31 ekonomiskt
