2190 2614
161 472 149 24 Utskottets

171 507 129 29 yttrande.

357 222 19 31 2
846 218 255 32 Statsutskottets
1122 218 170 31 utlåtande
1315 217 53 31 Nr
1389 218 75 30 222.

462 306 17 36 I
521 306 108 48 fråga
671 318 63 23 om
761 303 256 50 utredningen
1057 303 13 36 i
1111 307 127 32 ämnet
1270 302 58 37 får
1354 301 187 37 utskottet
1568 301 158 36 hänvisa
1754 300 57 36 till
1839 300 135 37 åbero-

357 358 98 49 pade
484 356 424 50 statsrådsprotokollet.

463 461 142 48 Kungl.
647 459 129 49 Maj:ts
817 459 155 47 förslag,
1014 458 13 35 i
1054 457 72 36 vad
1163 457 210 36 detsamma
1401 469 111 23 avser
1541 455 207 37 anvisande
1775 467 48 23 av
1851 454 123 36 medel

358 513 57 36 till
451 511 242 38 bestridande
730 524 47 23 av
805 510 254 37 kostnaderna
1087 509 58 36 för
1172 522 47 23 en
1248 508 141 37 central
1417 506 254 50 skiljenämnd
1699 507 60 36 för
1785 506 104 36 vissa
1917 519 58 22 ar-

358 565 232 47 betstvister,
619 564 68 35 har
714 563 82 36 icke
824 563 96 48 givit
948 561 185 36 utskottet
1161 560 207 48 anledning
1395 559 58 36 till
1482 559 158 36 erinran.
1697 558 183 36 Däremot
1908 557 69 36 har

358 617 188 36 utskottet
573 615 125 37 funnit
726 615 60 48 sig
813 614 82 36 icke
923 614 129 35 kunna
1080 612 190 49 tillstyrka
1297 610 214 48 beviljande
1540 624 46 23 av
1613 610 123 36 medel
1764 610 58 36 för
1840 614 136 31 ersätt-

359 669 96 48 ning
483 671 38 33 åt
549 667 396 48 förlikningsmännen
972 679 50 21 m.
1053 678 47 22 m.
1130 669 98 31 samt
1257 666 36 34 åt
1312 662 186 38 särskilda
1517 662 266 49 skiljedomare
1802 661 12 36 i
1834 661 143 36 arbets-

360 721 136 36 tvister
537 719 11 36 i
586 719 72 36 den
687 718 244 47 omfattning,
960 716 142 49 Kungl.
1130 715 111 49 Maj:t
1264 715 211 48 ifrågasatt.
1532 714 58 36 De
1619 727 47 23 av
1693 713 144 49 Kungl.
1866 712 110 47 Maj:t

359 772 221 48 föreslagna
628 770 192 36 arvodena
870 769 59 36 för
971 768 394 48 förlikningsmännen
1414 771 98 32 samt
1553 765 258 50 nyssnämnda
1849 764 127 49 skilje-

361 825 155 35 domare
545 835 113 36 synas
687 821 195 49 nämligen
909 820 186 36 utskottet
1122 819 94 37 böra
1242 818 252 36 underkastas
1523 818 80 36 viss
1627 816 215 50 jämkning.

466 874 195 38 Utskottet
697 874 70 35 har
795 873 69 36 hos
892 872 303 49 socialstyrelsen
1224 870 155 37 anhållit
1408 883 62 23 om
1498 869 154 49 uppgift
1679 871 21 33 å
1728 867 250 48 förliknings-

361 932 185 32 männens
586 925 168 37 arvoden
796 928 87 33 åren
927 925 113 46 1914,
1085 924 98 35 1918
1213 922 71 36 och
1314 923 97 35 1919
1442 927 100 31 samt
1570 924 21 33 å
1619 920 142 36 antalet
1789 932 189 23 samman-

361 979 135 36 träden
536 978 13 36 i
590 978 46 35 de
676 976 185 37 särskilda
898 975 200 36 distrikten
1126 974 119 48 sagda
1273 976 50 33 år.
1378 973 167 49 Uppgift
1571 976 22 33 å
1621 973 140 35 antalet
1790 984 188 23 samman-

361 1031 136 36 träden
525 1033 41 33 år
596 1030 98 36 1919
724 1029 67 36 har
817 1027 188 37 utskottet
1033 1026 96 37 dock
1156 1026 84 36 icke
1268 1025 143 36 kunnat
1431 1024 152 36 erhålla.
1640 1023 222 37 Arvodenas
1882 1028 97 31 stor-

361 1082 63 37 lek
453 1087 98 31 samt
579 1081 142 36 antalet
750 1078 306 39 sammanträden
1083 1078 148 47 framgå
1260 1090 47 23 av
1334 1075 285 38 nedanstående
1646 1074 130 37 tabell:

1110 1209 228 26 Arvoden
1598 1207 84 26 Antal
1701 1206 225 26 sammanträden.

512 1264 248 27 Distrikt.

973 1315 75 25 1914,
1191 1313 73 26 1918.
1407 1312 75 26 1919.
1625 1309 75 27 1914.
1767 1276 2 101 |
1835 1310 75 26 1918.

1332 1391 3 40 |

423 1441 11 41 |
440 1441 45 41 ERE
492 1466 222 6 OSSE
584 1441 21 41 RN
615 1466 169 7 JENTER
816 1466 50 4 STREET
973 1443 78 31 5,000
1190 1442 79 31 5,000
1408 1441 78 32 5,000
1643 1440 34 25 42
1844 1439 51 26 2386

412 1498 37 25 IT
480 1518 408 6 vener
974 1495 78 31 2,000
1191 1493 78 31 2,000
1408 1492 78 31 3,000
1661 1491 17 26 8
1880 1490 15 26 7

400 1550 50 25 II
482 1570 270 6 orsosrerseserenersrrerra
772 1568 14 4 ses
806 1570 4 2 srns
830 1568 48 4 anar
975 1541 78 41 4.000
1192 1545 78 31 4,000
1409 1544 78 31 5,000
1644 1542 32 26 17
1862 1542 34 26 56

405 1601 45 26 Ver
483 1620 361 8 sdeskasanisösdeksrASKEAKSEEPKSFOS
864 1620 26 4 a
975 1593 78 42 4,000
1192 1596 78 31 4,000
1409 1595 78 31 5,000
1645 1594 33 26 18
1846 1593 50 26 107

418 1653 32 25 Vas
484 1674 48 4 SeRen
544 1647 60 41 rede
608 1674 28 4 kr
644 1674 72 4 soker
784 1674 2 4 Rab
824 1672 20 4 ön
857 1670 33 4 ENE
975 1644 78 41 3.000
1192 1647 78 33 3,000
1409 1646 79 31 4.000
1663 1645 16 25 6
1864 1644 33 27 19

404 1705 47 25 VI
484 1724 396 6 sr
976 1701 77 30 3,000
1193 1699 78 31 4,000
1410 1698 78 32 5,000
1646 1697 33 26 32
1769 1645 3 136 |
1863 1696 33 26 49

392 1756 60 25 VIL
486 1775 406 7 ooossesssrsrrarserresersesrrnnrren
873 1750 22 42 tt
978 1752 76 31 1,200
1195 1746 78 41 1,200
1410 1749 78 31 2,000
1663 1749 16 25 2
1865 1748 32 25 12

472 1834 35 45 Å
548 1842 188 37 arvodena
777 1841 124 48 ifråga
942 1840 99 35 hava
1081 1837 397 48 förlikningsmännen
1514 1835 120 37 under
1661 1837 90 35 åren
1782 1836 99 35 1918
1913 1834 71 36 och

371 1897 99 35 1919
500 1894 155 49 åtnjutit
684 1893 290 49 dyrtidstillägg
1002 1891 119 48 enligt
1147 1889 177 49 gällande
1353 1888 295 37 bestämmelser.

472 1946 132 48 Enligt
641 1945 63 37 det
745 1958 51 23 nu
824 1943 214 49 framlagda
1074 1943 183 46 förslaget
1285 1940 120 37 skulle
1434 1939 188 37 arvodena
1650 1939 58 36 till
1737 1938 248 48 förliknings-

369 2003 165 32 männen
561 1999 13 35 i
602 1997 45 37 de
689 1997 101 37 olika
830 1995 204 37 distrikten
1060 1997 93 45 utgå
1181 1993 60 36 för
1269 1995 40 34 år
1335 1992 135 36 räknat
1497 1991 86 37 med
1610 1989 283 38 nedanstående
1920 1990 67 36 be-

369 2051 104 49 lopp,
502 2050 193 48 nämligen
722 2048 59 37 till
809 2047 395 49 förlikningsmannen
