2170 2653
352 287 18 30 8
792 286 250 32 Statsutskottets
1074 285 175 33 Utlåtande
1273 288 59 31 N:o
1357 289 52 30 46.

308 365 260 38 mötesfältets
610 366 225 37 nuvarande
877 371 161 44 gränser
1082 366 126 37 delvis
1251 366 173 50 belägna,
1468 367 60 37 för
1566 366 131 50 dylika
1735 366 176 50 öfningar

309 418 257 51 synnerligen
604 419 63 37 väl
697 418 175 51 lämpade
902 433 27 22 s.
961 419 34 37 k.
1026 419 330 49 generalsbacken
1385 420 85 37 icke
1500 421 128 36 kunde
1657 420 252 49 ifrågasättas.

438 471 412 50 Arméförvaltningen
880 475 21 34 å
929 472 532 51 intendentsdepartementet
1489 473 81 48 har,
1600 473 11 36 i
1641 473 207 50 anledning
1876 473 40 37 af

308 525 305 37 chefsembetets
643 526 162 36 sålunda
834 526 137 49 gjorda
992 525 300 50 framställning,
1308 526 55 37 uti
1380 526 205 37 skrifvelse
1603 526 73 37 den
1694 529 47 35 20
1757 540 153 23 novem-

310 578 65 38 ber
409 578 184 38 nästlidet
615 579 49 37 år
693 579 137 45 anfört,
862 584 57 32 att
949 579 98 37 hvad
1078 578 171 51 anginge
1278 579 62 37 det
1368 579 123 38 under
1521 593 112 24 mom.
1668 583 17 34 1
1717 585 194 45 upptagna

308 631 169 49 område,
509 631 46 38 de
584 631 42 38 af
650 631 282 38 chefsembetet
960 633 205 36 anmärkta
1194 632 248 50 olägenheter
1471 638 137 44 syntes
1626 633 285 49 förvaltningen

309 697 92 23 vara
443 684 44 35 af
524 684 73 35 den
639 684 280 47 beskaffenhet,
951 690 55 29 att
1035 685 48 34 de
1115 684 171 36 försvåra
1314 686 356 47 upprätthållandet
1699 686 41 35 af
1763 698 45 22 en
1834 687 77 46 god

308 734 291 51 lägerordning,
631 741 102 31 samt
762 742 54 30 att
840 735 294 37 förvärfvandet
1164 735 42 36 af
1230 736 195 37 boställets
1456 736 257 50 åbyggnader
1741 737 56 36 för
1813 737 44 36 de
1874 737 41 36 af

309 787 282 38 chefsembetet
632 788 191 50 uppgifna
853 789 177 36 ändamål
1061 788 129 37 skulle
1218 789 57 36 för
1297 789 286 48 jemförelsevis
1612 789 112 50 ringa
1748 790 162 36 kostnad

309 841 93 48 fylla
431 854 51 23 nu
512 841 235 49 förefintliga
776 841 117 37 behof
919 841 41 37 af
983 847 196 43 utrymme
1209 841 57 37 för
1290 842 108 48 sjuke
1429 842 71 36 och
1532 842 135 36 bostad
1697 845 37 33 åt
1748 842 162 37 förråds-

309 893 248 45 förvaltaren,
594 899 55 31 att
673 894 145 47 vidare,
854 894 64 36 vid
948 894 63 35 det
1040 894 240 35 förhållande
1308 900 55 30 att
1392 900 229 43 terrängens
1653 894 258 37 beskaffenhet

308 946 84 36 icke
437 946 202 48 medgåfve
683 946 168 49 behöflig
887 945 256 49 förlängning
1172 946 40 36 af
1237 946 230 48 skjutbanan
1498 959 140 35 genom
1671 947 237 36 densammas

308 998 363 49 tillbakadragande
702 1001 38 33 åt
768 1003 113 44 öster,
913 998 63 37 det
1005 1001 123 34 måste
1159 1011 110 24 anses
1298 998 264 49 fördelaktigt,
1590 1012 60 23 om
1667 999 57 36 till
1740 998 170 49 öfnings-

308 1051 111 37 fältet
448 1051 129 36 kunde
607 1051 140 49 läggas
778 1051 64 36 det
871 1051 123 36 under
1023 1064 115 23 mom.
1172 1053 18 34 2
1222 1051 248 37 omförmälda
1500 1052 168 46 område,
1694 1052 100 36 inom
1816 1051 93 37 hvil-

309 1104 65 35 ket
412 1109 124 31 större
580 1103 111 36 delen
736 1103 41 37 af
801 1104 45 35 de
877 1103 203 48 förlängda
1111 1103 267 36 skottlinierna
1407 1104 104 47 fölle,
1541 1117 88 23 men
1658 1110 55 30 att
1741 1104 169 36 deremot

309 1156 45 35 de
384 1156 43 35 af
451 1156 282 35 cbefsembetet
761 1156 56 35 för
842 1156 293 35 förvärfvandet
1163 1156 41 34 af
1221 1155 201 36 områdena
1442 1156 124 35 under
1582 1170 61 22 n:o
1663 1159 19 33 3
1700 1156 209 47 åberopade

309 1206 85 38 skäl
437 1207 85 37 icke
566 1212 134 44 syntes
743 1207 289 48 förvaltningen
1079 1220 91 23 vara
1204 1207 40 36 af
1267 1207 70 36 den
1368 1206 156 38 talande
1554 1207 273 44 beskaffenhet,
1857 1213 54 31 att

310 1260 227 37 områdenas
567 1260 291 49 oundgängliga
891 1259 296 49 nödvändighet
1217 1259 55 37 för
1295 1259 248 50 öfningarnes
1562 1260 248 37 bedrifvande
1826 1260 84 37 blif-

308 1313 56 36 vit
405 1312 226 50 derigenom
676 1310 230 52 ådagalagd.
964 1311 80 38 Och
1088 1312 214 36 hemstälde
1344 1312 291 48 förvaltningen
1679 1313 62 35 vid
1777 1313 134 36 sådant

310 1365 251 48 förhållande,
602 1372 56 29 att
700 1365 142 48 Kongl.
878 1365 108 48 Maj:t
1016 1364 152 37 täcktes
1198 1364 54 36 till
1281 1364 223 49 Riksdagen
1533 1365 114 36 aflåta
1676 1365 233 49 proposition

309 1417 147 48 derom,
500 1424 56 30 att
589 1417 65 37 vid
683 1417 246 37 förestående
959 1416 299 49 utarrendering
1285 1417 40 36 af
1345 1417 181 37 bostället
1556 1417 188 49 Refvinge
1774 1417 44 37 de
1849 1421 61 33 två

310 1470 266 37 förstnämndå
604 1471 207 36 områdena
840 1473 130 42 måtte,
996 1469 176 38 området
1200 1470 117 36 under
1346 1483 113 24 mom.
1494 1473 16 34 1
1542 1469 252 38 tillsammans
1825 1470 84 37 med

310 1523 47 36 de
400 1523 91 37 derå
533 1524 202 49 uppförda,
780 1524 147 35 kronan
970 1522 200 48 tillhöriga
1213 1523 259 49 åbyggnader,
1501 1522 244 50 undantagas
1770 1524 57 35 för
1854 1529 55 30 att

308 1575 185 51 tilläggas
532 1575 64 38 det
627 1579 36 34 åt
694 1576 113 37 södra
837 1575 170 37 skånska
1037 1575 424 49 infanteriregementet
1491 1575 186 51 upplåtna
1705 1575 201 37 mötesfält.

440 1628 126 39 Sedan
596 1629 333 50 domänstyrelsen
960 1628 40 37 af
1025 1628 144 50 Kongl.
1200 1628 104 50 Maj:t
1331 1628 152 38 erhållit
1511 1628 214 50 befallning
1741 1634 53 31 att
1808 1634 102 45 yttra

309 1683 60 49 sig
397 1683 12 36 i
440 1683 169 48 ärendet,
642 1683 100 36 hade
772 1683 190 49 styrelsen
991 1682 58 36 för
1079 1682 60 37 sin
1171 1681 59 38 del
1259 1682 179 37 anmodat
1467 1682 142 49 Kongl.
1635 1683 124 49 Maj:ts
1781 1682 128 37 befall-

309 1735 316 49 ningshafvande
654 1735 13 36 i
693 1736 216 36 Malmöhus
935 1735 61 36 län
1026 1741 56 30 att
1113 1735 97 37 efter
1238 1736 305 36 vederbörandes
1574 1736 169 36 hörande
1764 1735 144 49 afgifva

308 1788 200 37 utlåtande
538 1788 10 36 i
578 1789 230 45 detsamma;
839 1789 71 35 och
941 1788 95 36 hade
1062 1788 12 36 i
1105 1787 210 49 anledning
1341 1788 111 36 deraf
1476 1789 207 48 yttranden
1712 1788 197 37 inkommit

310 1844 41 34 så
389 1841 63 37 väl
490 1842 83 36 från
618 1841 140 49 Kongl.
789 1841 127 49 Maj:ts
946 1840 176 38 bemälde
1154 1840 423 50 befallningshafvande
1608 1855 81 23 som
1718 1841 81 37 från
1828 1847 25 31 t.
1883 1841 24 37 f.

309 1894 403 37 domänintendenten
742 1894 11 36 1
782 1894 102 36 länet
915 1894 68 37 och
1011 1894 291 36 vederbörande
1330 1893 325 37 revirförvaltare.

438 1947 125 37 Bland
592 1947 115 37 dessa
737 1947 273 49 myndigheter
1038 1946 101 37 hade
1169 1946 139 49 Kongl.
1337 1947 128 49 Maj:ts
1483 1946 426 50 befallningshafvande

309 2000 330 48 hufvudsakligen
675 2000 138 46 anfört,
849 2005 56 31 att
939 1999 295 49 ifrågavarande
1267 1999 161 36 boställe
1457 1999 59 36 för
1541 1999 237 36 närvarande
1806 1999 103 35 inne-

308 2051 119 38 hades
473 2055 125 34 såsom
641 2051 205 49 indelning
885 2054 48 47 på
973 2050 170 49 gammal
1188 2056 84 43 stat,
1303 2064 83 24 men
1418 2051 123 37 skulle
1571 2051 11 36 i
1609 2050 92 50 följd
1730 2051 39 36 af
1791 2051 118 36 indel-

308 2104 328 50 ningshafvarens
667 2105 75 37 den
774 2107 42 35 12
847 2104 97 50 april
974 2105 95 36 1888
1101 2103 141 38 timade
1272 2103 72 38 död
1375 2104 207 37 midfastan
1607 2106 99 35 1890
1724 2103 56 38 till
1797 2109 113 32 stats-

310 2158 135 36 verket
483 2158 183 48 indragas
711 2158 70 36 och
819 2157 57 37 för
918 2157 87 36 dess
1040 2157 169 49 räkning
1237 2158 267 36 utarrenderas
1534 2157 90 36 med
1651 2157 195 49 undantag
1874 2157 40 35 af

309 2211 64 36 det
401 2213 40 34 åt
465 2216 242 43 regementet
737 2211 100 36 förut
865 2210 184 50 upplåtna
1079 2210 167 47 område,
1276 2224 78 23 som
1387 2211 124 48 enligt
1540 2224 46 23 en
1606 2210 302 37 aflandtmätare

308 2264 209 51 upprättad
561 2264 109 38 karta
715 2263 86 38 med
844 2263 233 39 tillhörande
1123 2263 239 51 beskrifning
1395 2263 241 38 innefattade
1671 2277 46 25 en
1746 2263 100 38 areal
1875 2264 41 37 af

311 2320 69 35 107
426 2318 138 37 hektar
606 2321 84 45 59,6
724 2331 57 33 ar;
811 2324 66 39 att,
909 2318 47 37 då
979 2318 159 49 jemlikt
1167 2332 141 23 samma
1336 2319 111 36 karta
1476 2317 199 39 boställets
1706 2317 84 38 hela
1820 2331 89 36 ego-

308 2372 156 37 område
508 2373 177 49 utgjorde
730 2375 71 34 332
845 2372 137 36 hektar
1013 2375 57 41 8,3
1104 2385 53 35 ar,
1188 2372 71 37 den
1290 2372 115 45 mark,
1437 2386 82 22 som
1550 2372 192 37 återstode
1771 2371 56 36 till
1858 2379 49 29 ut-

308 2425 265 50 arrendering,
617 2425 163 38 sålunda
821 2425 98 37 hade
961 2439 45 23 en
1037 2425 104 37 areal
1171 2425 42 37 af
1237 2428 69 33 224
1337 2426 137 36 hektar
1502 2428 85 44 48,7
1621 2439 52 34 ar,
1703 2425 108 37 deraf
1839 2428 66 33 111

307 2478 139 39 hektar
490 2481 83 47 64,3
617 2492 42 24 ar
698 2479 102 49 åker,
844 2481 47 36 62
936 2479 137 37 hektar
1109 2480 84 47 95,5
1225 2492 40 24 ar
1299 2483 77 45 äng
1404 2479 72 37 och
1504 2481 49 35 49
1585 2478 139 38 hektar
1752 2480 83 47 88,9
1867 2492 41 24 ar
