1846 2782
265 157 37 30 12
584 158 387 32 Jordbruksutskottets
990 161 179 30 utlåtande
1187 171 41 20 nr
1246 163 41 29 32
1306 163 38 29 år
1365 164 80 28 1961

268 242 65 37 tytt
360 242 38 28 är
422 242 104 29 också
551 242 224 40 skogsodling
800 253 41 20 av
866 244 95 39 dylik
986 245 101 29 mark
1112 255 42 19 en
1180 246 121 39 åtgärd
1326 256 75 20 som
1426 247 269 39 mångenstädes
1720 249 44 38 på

268 290 68 30 sikt
357 292 38 28 är
415 291 52 30 till
488 299 86 32 gagn
597 292 55 30 för
671 293 57 29 det
747 293 135 30 mindre
901 294 218 39 jordbruket.
1141 296 65 29 Till
1227 296 57 29 det
1304 305 48 20 nu
1375 297 105 39 sagda
1499 298 159 29 kommer
1680 299 83 29 slut-

267 341 91 39 ligen
384 344 50 26 att
458 342 189 39 tillgången
673 343 43 39 på
742 344 244 39 skogsplantor
1011 345 55 30 för
1092 346 216 30 närvarande
1334 347 72 30 inte
1432 349 100 37 utgör
1558 348 125 30 hinder
1709 349 54 30 för

265 399 41 20 en
325 390 194 39 betydande
539 392 257 40 intensifiering
815 403 41 20 av
874 394 267 39 ifrågavarande
1161 396 477 40 skogsodlingsverksamhet.
1659 399 13 28 I
1691 408 71 21 mo-

265 440 160 30 tionerna
444 441 28 29 I:
489 442 61 29 525
570 443 65 28 och
655 443 44 29 II:
716 443 62 29 619
797 444 64 29 har
879 445 79 29 med
978 445 302 39 understrykande
1301 447 142 30 särskilt
1462 457 42 20 av
1524 448 237 40 skogsodling-

263 498 61 21 ens
350 490 174 40 betydelse
549 492 55 30 för
628 493 58 29 det
709 493 135 30 mindre
868 494 207 39 jordbruket
1100 496 65 29 och
1189 496 126 39 många
1341 497 247 31 småbrukares
1614 499 146 30 intresse

263 549 42 20 av
330 540 132 31 sådana
485 541 162 40 åtgärder
672 542 195 40 föreslagits
891 553 44 20 en
958 545 148 39 höjning
1131 555 42 20 av
1196 547 265 39 anslagsposten
1486 549 78 29 med
1590 549 95 29 2000
1698 549 62 30 000

262 590 131 30 kronor
416 592 120 29 utöver
557 593 67 29 vad
648 593 123 39 Kungl.
795 594 105 39 Maj:t
922 594 167 31 förordat.
1113 596 175 30 Utskottet
1309 616 45 3 —
1377 607 73 20 som
1474 599 10 28 i
1507 600 252 29 överensstäm-

261 640 109 30 melse
388 642 79 28 med
486 642 278 32 motionärernas
785 644 178 30 allmänna
982 646 142 39 mening
1143 646 9 29 i
1175 647 116 29 ämnet
1310 648 60 29 vill
1391 649 111 29 uttala
1522 649 51 39 sig
1594 649 55 30 för
1669 650 89 30 ökad

262 690 109 29 sådan
396 691 466 40 skogsodlingsverksamhet
885 704 118 20 varom
1029 696 64 29 här
1118 697 38 28 är
1180 696 98 39 fråga
1302 698 112 29 under
1438 699 212 30 kommande
1674 700 85 30 bud-

261 740 95 38 getår
374 760 45 2 —
436 750 101 21 anser
556 742 51 39 sig
626 743 106 29 likväl
750 743 72 30 inte
840 744 85 30 böra
943 745 176 39 tillstyrka
1139 748 108 28 större
1267 748 282 31 medelstillskott
1569 751 111 28 under
1700 760 58 19 an-

261 790 215 39 slagsposten
497 793 43 28 än
557 793 68 28 vad
644 793 124 39 Kungl.
786 794 105 39 Maj:t
909 794 189 40 föreslagit.

303 865 66 30 Vid
394 866 257 40 behandlingen
678 868 10 28 i
715 869 454 40 statsverkspropositionen
1196 882 41 19 av
1264 874 156 38 anslaget
1457 874 180 40 Bidrag
1673 876 83 29 till

260 916 136 29 vissa
439 917 516 40 skogsbrukskurser,
995 930 44 20 m.
1071 931 46 19 m.
1148 922 64 30 har
1243 922 208 41 föreslagits,
1483 927 51 27 att
1565 925 115 30 såsom
1712 936 39 19 en

259 965 227 41 fortsättning
512 967 20 30 å
555 968 68 29 den
652 968 106 30 sedan
784 969 86 30 flera
897 970 38 30 år
960 971 178 39 pågående
1165 973 245 39 utbyggnaden
1437 984 42 20 av
1505 976 66 28 den
1599 976 153 39 skogliga

255 1016 350 41 yrkesutbildningen
630 1019 155 39 anslaget
809 1019 55 30 för
885 1020 204 40 budgetåret
1117 1022 146 37 1961/62
1288 1024 88 30 skall
1401 1025 85 30 ökas
1510 1026 77 29 med
1614 1026 62 30 500
1690 1026 62 30 000

258 1066 139 29 kronor.
424 1067 92 29 Även
543 1069 172 30 utskottet
740 1069 115 30 finner
882 1080 41 20 en
951 1071 241 40 förstärkning
1218 1083 42 20 av
1286 1074 114 30 denna
1427 1075 198 40 utbildning
1652 1085 99 31 ange-

255 1116 111 39 lägen.
393 1117 184 40 Samtidigt
602 1119 155 29 ansluter
783 1120 50 39 sig
859 1121 169 30 utskottet
1053 1122 51 30 till
1131 1123 404 39 departementschefens
1561 1127 190 35 uttalande,

256 1168 49 27 att
331 1176 41 20 en
398 1168 273 41 anslagsökning
694 1169 104 30 bland
824 1174 107 27 annat
956 1172 87 30 skall
1069 1173 122 29 kunna
1214 1183 83 20 vara
1321 1175 51 29 till
1398 1183 88 32 gagn
1512 1176 53 29 för
1589 1177 42 29 de
1656 1177 95 30 inne-

256 1216 127 30 havare
414 1227 41 20 av
482 1218 138 30 mindre
647 1219 173 40 jordbruk
850 1230 76 21 som
952 1222 151 30 erhåller
1132 1232 42 20 en
1204 1224 53 29 del
1288 1234 41 20 av
1359 1225 53 30 sin
1442 1226 155 30 inkomst
1627 1235 122 31 genom

255 1266 222 39 skogsarbete
498 1268 10 29 i
530 1276 84 33 egen
637 1270 81 29 eller
740 1279 135 22 annans
898 1272 93 40 skog.
1015 1272 12 29 I
1049 1273 253 40 motionsparet
1324 1275 28 29 I:
1370 1275 62 30 526
1455 1277 63 28 och
1541 1276 44 30 II:
1602 1277 64 30 623
1687 1278 63 29 har

255 1316 133 31 utifrån
415 1327 131 21 samma
573 1321 179 38 synpunkt
778 1321 56 29 det
860 1331 42 20 av
926 1322 125 40 Kungl.
1078 1323 105 40 Maj:t
1209 1324 197 40 föreslagna
1432 1327 317 31 medelstillskottet

253 1367 29 39 ej
306 1370 133 29 ansetts
458 1378 82 20 vara
560 1369 81 31 fullt
661 1370 201 40 tillräckligt
882 1374 86 28 utan
986 1373 121 39 yrkats
1128 1383 42 20 en
1188 1375 226 40 uppräkning
1434 1386 41 20 av
1495 1378 156 39 anslaget
1671 1379 77 29 med

252 1418 200 39 ytterligare
484 1418 61 31 500
560 1419 63 30 000
656 1420 138 31 kronor.
826 1422 122 30 Ehuru
980 1424 181 34 utskottet,
1194 1425 114 30 såsom
1342 1435 82 30 nyss
1456 1427 144 34 berörts,
1633 1428 115 30 finner

253 1467 56 29 det
338 1477 82 20 vara
449 1478 41 19 av
518 1470 151 30 särskild
698 1471 72 30 vikt
798 1474 50 28 att
878 1473 227 30 småbrukare
1135 1484 73 20 som
1238 1475 103 31 tidvis
1371 1478 38 28 är
1438 1478 202 38 sysselsatta
1669 1479 77 29 med

252 1517 222 39 skogsarbete
495 1519 144 31 beredes
662 1521 110 30 ökade
796 1522 221 40 möjligheter
1040 1526 49 28 att
1113 1532 124 32 genom
1261 1526 206 40 deltagande
1491 1528 9 29 i
1525 1529 78 29 med
1626 1529 121 40 bidrag

251 1567 78 30 från
350 1568 94 30 detta
464 1569 119 40 anslag
603 1571 201 30 anordnade
823 1572 124 31 kurser
967 1574 171 31 förbättra
1159 1576 53 29 sin
1230 1577 315 40 yrkesskicklighet
1565 1579 44 39 på
1630 1580 117 39 skogs-

250 1618 152 30 arbetets
423 1619 151 35 område,
597 1630 102 21 anser
721 1621 50 40 sig
792 1623 170 30 utskottet
983 1624 30 40 ej
1038 1634 47 20 nu
1107 1625 84 30 böra
1214 1626 176 40 tillstyrka
1410 1637 42 20 en
1474 1629 105 39 högre
1602 1630 144 30 medels-

250 1668 186 41 anvisning
457 1671 43 29 än
522 1671 67 29 vad
613 1671 125 41 Kungl.
761 1672 106 40 Maj:t
888 1674 178 31 hemställt
1089 1684 67 21 om.
1181 1676 70 30 Mot
1273 1678 66 29 vad
1361 1678 11 29 i
1397 1676 349 47 statsverksproposi-

249 1718 118 29 tionen
391 1719 195 40 föreslagits
610 1722 147 30 rörande
780 1724 269 40 användningen
1071 1735 43 20 av
1136 1727 136 29 medlen
1295 1728 112 29 under
1429 1730 155 38 anslaget
1606 1730 65 29 har
1694 1733 51 27 ut-

249 1768 129 30 skottet
402 1769 102 40 ingen
528 1771 227 41 invändning.

293 1843 12 29 I
333 1844 170 31 samband
528 1847 80 29 med
634 1847 256 41 behandlingen
916 1859 42 20 av
983 1850 232 31 förenämnda
1240 1853 121 40 anslag
1387 1854 52 29 till
1465 1855 93 29 olika
1586 1855 160 40 åtgärder

248 1892 55 31 för
328 1894 283 42 rationalisering
637 1907 52 24 av,
715 1898 104 30 bland
848 1900 119 34 andra,
993 1901 94 30 vissa
1114 1902 145 34 mindre,
1288 1903 152 40 alltjämt
1468 1905 30 38 ej
1528 1905 218 41 bärkraftiga

246 1942 173 39 jordbruk
445 1948 89 27 samt
559 1946 57 30 för
641 1947 208 41 förbättring
874 1950 45 38 på
944 1953 106 27 annat
1077 1952 68 29 sätt
1172 1962 41 20 av
1237 1953 428 41 inkomstmöjligheterna
1691 1956 53 30 för

247 1993 153 30 brukare
426 2004 42 20 av
494 1996 118 38 dylika
640 1998 151 34 enheter,
818 1999 65 29 har
910 2001 169 29 utskottet
1108 2003 159 39 upptagit
1294 2004 220 30 motionerna
1543 2006 28 29 I:
1588 2006 61 30 377
1680 2008 63 28 och

246 2042 44 30 11:
307 2043 64 30 439
392 2045 52 28 till
466 2046 181 39 prövning.
669 2048 74 29 Vad
765 2048 74 30 däri
862 2049 195 32 hemställts
1079 2061 103 20 anser
1203 2053 170 30 utskottet
1394 2054 84 31 böra
1499 2056 138 30 lämnas
1659 2060 84 27 utan

245 2093 121 40 åtgärd
387 2104 42 20 av
449 2095 197 40 riksdagen.

288 2169 118 29 Under
427 2170 173 30 förmälan
622 2174 51 28 att
693 2173 10 29 i
724 2173 56 30 det
801 2174 206 39 föregående
1028 2177 30 38 ej
1084 2178 141 29 särskilt
1246 2178 148 31 berörda
1415 2180 131 40 förslag
1566 2183 65 28 och
1654 2185 88 27 utta-

243 2218 127 30 landen
392 2220 11 29 i
426 2220 124 40 Kungl.
574 2221 124 39 Maj:ts
721 2223 299 41 framställningar
1043 2227 31 39 ej
1099 2227 165 31 föranlett
1286 2229 141 31 erinran
1451 2231 79 30 från
1552 2233 189 30 utskottets

243 2270 84 33 sida,
352 2270 201 31 hemställer
576 2273 182 34 utskottet,

592 2322 25 29 I.
640 2325 51 27 att
713 2323 185 40 riksdagen
920 2326 58 29 må

591 2375 36 33 a)
656 2374 79 28 med
757 2374 98 30 bifall
879 2375 52 30 till
954 2376 125 40 Kungl.
1103 2378 124 39 Maj:ts
1251 2379 130 40 förslag
1406 2384 89 27 samt
1519 2384 79 29 med
1622 2385 117 39 avslag

548 2423 20 29 å
589 2423 220 31 motionerna
829 2425 45 30 II:
890 2426 63 30 200
974 2428 63 28 och
1059 2428 45 29 II:
1121 2427 64 31 434
1206 2429 19 30 å
1245 2430 192 30 riksstaten
1457 2432 54 30 för
1532 2433 203 40 budgetåret
