1846 2780
257 163 38 31 14
572 162 387 29 Jordbruksutskottets
981 162 178 29 utlåtande
1179 171 42 20 nr
1240 162 41 29 32
1300 161 39 30 år
1359 162 81 29 1961

610 245 39 33 h)
677 246 79 29 med
778 245 99 29 bifall
899 245 53 30 till
975 245 125 39 Kungl.
1123 245 125 39 Maj:ls
1271 244 129 40 förslag
1423 247 92 28 samt
1536 245 79 29 med
1638 245 117 39 avslag

564 295 20 30 å
605 295 219 30 motionerna
847 295 28 30 I:
892 295 63 30 526
979 296 65 29 och
1068 295 44 30 II:
1128 295 64 30 623
1216 295 20 30 å
1260 295 189 30 riksstaten
1473 295 56 30 för
1552 295 203 39 budgetåret

566 346 148 35 1961/62
731 346 112 29 under
859 345 129 30 nionde
1004 345 223 30 huvudtiteln
1245 345 52 29 till
1313 345 127 39 Bidrag
1459 345 52 29 till
1528 344 91 31 vissa
1636 345 119 39 skogs-

564 395 243 37 brukskurser,
834 404 47 20 m.
908 405 46 20 m.
984 396 120 29 anvisa
1133 397 48 28 ett
1210 395 273 40 förslagsanslag
1512 405 42 20 av
1583 395 94 30 3769
1692 395 62 30 000

562 446 144 35 kronor;

610 495 40 30 II.
675 497 51 28 att
743 495 220 30 motionerna
980 496 29 29 1:
1026 496 60 30 377
1106 496 65 29 och
1189 496 46 29 II:
1250 495 64 30 439
1330 496 58 29 må
1405 505 42 20 av
1464 496 187 39 riksdagen
1669 496 85 29 läm-

561 555 64 21 nas
647 548 85 27 utan
755 546 131 39 åtgärd.

301 630 200 29 Stockholm
521 630 67 29 den
611 630 38 30 16
669 629 70 40 maj
766 630 79 29 1961

690 713 48 30 På
760 713 383 39 jordbruksutskottets
1166 714 146 39 vägnar:

795 796 211 31 HJALMAR
1025 796 185 31 NILSSON

544 972 63 29 Vid
624 972 94 30 detta
737 972 145 30 ärendes
900 973 285 40 slutbehandling
1203 974 65 29 har
1286 973 171 31 närvarit:

297 1030 78 30 från
426 1032 140 29 första
591 1032 220 30 kammaren:
829 1032 120 30 herrar
965 1032 157 37 Hjalmar
1137 1033 151 34 Nilsson,
1304 1033 73 30 Nils
1394 1033 171 35 Hansson,
1581 1033 169 30 Mossber-

251 1072 90 38 ger",
357 1073 184 34 Jonasson,
558 1073 143 30 Gunnar
716 1074 117 39 Berg",
850 1074 197 35 Hedström,
1064 1075 76 29 Uno
1157 1074 176 35 Olofsson,
1350 1075 251 34 Kristiansson,
1618 1075 130 30 Harald

251 1115 199 29 Pettersson
469 1115 67 29 och
556 1115 171 39 Ringaby;

294 1172 80 30 från
408 1173 153 30 andra
593 1174 220 31 kammaren:
838 1175 122 29 herrar
984 1175 172 30 Svensson
1179 1175 10 29 i
1214 1175 215 39 Ljungskile,
1453 1175 212 35 Lindström,
1690 1175 57 30 fru

249 1215 187 39 Lindskog,
463 1216 123 29 herrar
611 1216 147 39 Antby",
785 1216 159 35 Östlund,
970 1217 181 30 Johanson
1176 1217 11 29 i
1213 1217 193 35 Västervik,
1433 1217 133 30 Brandt
1592 1217 11 30 i
1630 1217 116 35 Sätila,

251 1257 213 36 Lundmark,
487 1258 141 30 Nilsson
649 1259 11 29 i
681 1259 206 30 Bästekille"
912 1259 66 30 och
1000 1259 148 30 Persson
1169 1259 11 30 i
1203 1259 159 40 Appuna.

293 1316 10 10 "
317 1316 34 31 Ej
369 1317 182 24 närvarande
568 1316 48 25 vid
632 1317 191 31 justeringen.

859 1506 270 33 Reservationer

295 1593 34 33 1)
359 1603 41 20 av
423 1593 123 30 herrar
568 1594 162 39 Hjalmar
751 1594 151 38 Nilsson,
926 1594 228 40 Mossberger,
1179 1595 144 29 Gunnar
1345 1595 99 40 Berg,
1468 1595 186 30 Hedström
1681 1596 64 29 och

241 1641 253 38 Kristiansson,
509 1642 58 30 fru
580 1642 188 41 Lindskog,
784 1643 121 30 herrar
917 1644 182 30 Johanson
1114 1645 10 29 i
1140 1644 193 34 Västervik,
1348 1645 207 30 Lundmark
1569 1646 65 29 och
1647 1646 99 29 Pers-

245 1702 64 20 son
328 1693 12 29 i
359 1693 160 40 Appuna,
539 1694 94 29 vilka
652 1696 114 29 ansett

291 1742 73 30 dels
387 1745 49 28 att
457 1744 58 30 det
537 1744 118 39 stycke
676 1744 11 29 i
708 1745 189 30 utskottets
919 1745 181 30 utlåtande
1122 1745 20 30 å
1163 1754 26 21 s.
1214 1747 36 29 11
1277 1755 74 21 som
1373 1746 120 40 börjar
1514 1747 79 29 med
1617 1746 34 30 »>I
1672 1756 73 20 mo-

246 1792 212 39 tionsparet>
483 1794 66 29 och
572 1794 110 30 slutar
704 1795 78 29 med
808 1794 140 30 »därför
970 1795 238 30 motionerna»
1234 1796 78 29 bort
1334 1797 149 30 ersättas
1505 1797 80 29 med
1608 1799 71 27 text
1703 1806 41 20 av

245 1842 157 40 följande
420 1843 141 39 lydelse.

291 1892 34 29 >I
341 1893 254 39 motionsparet
609 1912 45 4 —
667 1912 44 4 —
725 1913 45 4 —
792 1895 87 35 (lika
896 1895 80 30 med
993 1896 187 36 utskottet)
1200 1914 45 4 —
1259 1915 45 3 —
1317 1915 45 3 —
1379 1898 138 38 separat
1534 1897 131 39 åtgärd.
1685 1897 58 30 Ett

244 1943 156 38 yrkande
420 1953 42 20 av
480 1953 135 21 samma
632 1944 170 30 innebörd
821 1945 212 31 framfördes
1052 1945 206 31 motionsvis
1277 1947 85 29 även
1381 1947 97 30 förra
1495 1947 74 29 året
1589 1957 79 21 men
1687 1957 57 20 av-

244 1992 92 39 slogs
357 1993 44 30 då
422 2002 42 20 av
485 1993 187 40 riksdagen
693 1994 88 30 efter
802 1995 57 30 det
881 1997 49 28 ett
952 1998 232 28 sammansatt
1205 1996 220 40 bevillnings-
1448 1997 66 29 och
1535 1997 206 40 jordbruks-

244 2043 136 29 utskott
404 2044 159 39 avstyrkt
586 2045 195 30 detsamma
809 2045 78 33 (utl.
911 2055 43 20 nr
980 2046 49 33 1).
1055 2047 175 30 Utskottet
1254 2047 58 30 vill
1339 2047 108 30 också
1471 2048 116 30 erinra
1611 2058 56 20 om
1692 2050 49 28 att

243 2092 84 30 1960
348 2093 55 30 års
425 2093 140 38 riksdag
584 2095 154 30 däremot
758 2096 179 36 godkände
957 2098 48 28 ett
1024 2106 42 20 av
1085 2097 123 38 Kungl.
1229 2098 102 36 Maj:t
1351 2098 163 30 framfört
1534 2100 130 37 förslag
1685 2109 55 20 om

243 2142 110 30 sådan
374 2143 148 40 ändring
542 2144 11 29 i
573 2144 258 31 vederbörande
851 2146 228 39 kungörelser
1100 2149 50 28 att
1170 2147 12 29 i
1203 2148 42 29 de
1266 2148 189 30 kostnader
1476 2148 56 31 för
1553 2151 48 28 ett
1623 2150 118 39 skogs-

240 2192 120 30 vårds-
377 2194 64 28 och
459 2194 497 41 skogsvägbyggnadsföretag,
973 2197 84 29 varå
1074 2197 121 39 bidrag
1213 2198 65 29 och
1295 2198 58 30 lån
1370 2198 184 35 beräknas,
1571 2199 168 31 inräknas

240 2242 133 38 jämväl
389 2243 145 39 utgifter
550 2243 54 31 för
620 2245 234 38 upprättande
870 2255 42 20 av
928 2246 300 40 skogsbruksplan
1246 2257 75 21 som
1337 2248 169 40 företaget
1522 2249 100 39 ingår
1637 2250 21 29 i.

279 2291 49 30 På
341 2293 179 30 enahanda
535 2295 148 37 grunder
698 2304 74 21 som
771 2287 17 54 i
811 2296 64 37 fjol
890 2297 97 29 torde
1001 2296 184 39 riksdagen
1199 2299 105 29 också
1318 2308 46 21 nu
1378 2300 85 29 böra
1477 2300 97 30 avslå
1588 2301 54 29 det
1656 2310 84 27 nyss

241 2342 155 30 nämnda
414 2343 336 40 motionsyrkandet.
771 2346 64 29 Det
855 2346 126 30 strider
1000 2349 73 27 mot
1092 2348 181 29 uttalande
1293 2358 41 20 av
1353 2349 44 29 bl.
1418 2359 29 19 a.
1471 2350 81 29 1957
1575 2350 56 30 års
1652 2351 88 29 riks-

240 2391 257 39 dagsrevisorer
524 2396 91 27 samt
640 2397 73 27 mot
737 2396 67 29 vad
830 2405 148 21 numera
1004 2397 176 39 tillämpas
1207 2398 221 31 beträffande
1454 2399 284 41 bidragsgivning

240 2441 52 29 till
312 2442 160 39 åtgärder
491 2443 165 31 liknande
676 2445 78 29 dem
775 2445 56 30 det
849 2446 64 29 här
934 2447 38 28 är
992 2446 99 40 fråga
1110 2456 56 20 om
1187 2450 50 27 att
1257 2449 154 29 utbetala
1431 2450 211 39 statsbidrag
1663 2460 75 20 som
