1868 2766
509 110 393 38 Bevillningsutskottets
927 107 217 32 betänkande
1170 107 48 31 Nr
1235 108 49 29 43.
1626 98 26 29 3

139 201 96 31 skola
256 201 87 30 även
364 199 11 29 i
397 199 170 35 lagtexten
588 197 191 30 benämnas
801 192 273 36 arbetsvisering.
1098 192 13 30 I
1135 190 260 38 propositionen
1417 187 153 37 föreslås,
1595 188 49 29 att

139 262 43 20 en
200 250 144 37 höjning
362 248 218 38 genomföres
600 247 10 30 i
628 244 232 37 huvudsaklig
878 242 200 37 anslutning
1095 242 50 30 till
1165 241 57 30 det
1239 239 109 37 tredje
1367 249 42 20 av
1428 236 216 38 besparings-

139 301 257 35 beredningens
418 298 141 36 förslag,
584 297 91 30 dock
698 298 49 28 att
770 295 68 30 den
861 295 111 35 lägsta
995 290 300 39 stämpelavgiften
1317 290 88 31 skall
1429 288 99 36 höjas
1550 287 52 31 till
1625 287 20 29 4

140 354 137 29 kronor.
299 351 69 31 För
386 349 96 32 bevis
502 359 57 20 om
581 347 157 36 visering,
759 343 349 40 uppehållstillstånd,
1131 341 264 37 arbetsvisering
1416 340 81 30 eller
1517 338 128 31 arbets-

142 402 152 31 tillstånd
317 419 46 4 —
388 403 131 29 oavsett
543 398 173 32 huruvida
741 397 129 31 beviset
894 395 157 31 utfärdas
1076 404 42 21 av
1144 391 301 39 polismyndighet,
1472 389 174 36 socialsty-

141 455 109 29 relsen
271 453 81 31 eller
373 451 402 36 utrikesdepartementet
793 464 46 4 —
858 446 145 32 föreslås
1024 443 299 38 stämpelavgiften
1346 442 98 30 skola
1464 439 82 38 utgå
1567 438 81 32 med

144 506 29 36 4,
196 506 19 29 6
236 505 82 29 eller
342 505 38 29 12
402 504 130 29 kronor
553 502 60 29 allt
633 500 164 30 eftersom
820 498 190 35 viseringen
1033 497 82 29 eller
1138 494 186 31 tillståndet
1350 502 98 21 avser
1468 501 44 20 en
1534 491 51 30 tid
1607 498 43 22 av

142 556 100 35 högst
263 564 43 21 en
326 553 140 36 månad,
490 554 81 29 över
592 561 43 20 en
657 560 80 21 men
757 550 100 35 högst
878 552 51 27 tre
950 546 167 32 månader
1138 546 81 30 eller
1237 553 74 22 mer
1333 545 46 30 än
1400 546 51 28 tre
1470 541 177 31 månader.

144 605 91 31 Från
254 606 67 30 den
341 604 187 31 förordade
547 601 191 37 höjningen
758 600 87 31 skall
867 598 189 32 emellertid
1075 597 217 35 undantagas
1314 593 153 38 avgiften
1488 593 54 30 för
1563 591 87 31 vise-

145 657 125 36 ringar,
292 665 75 20 som
390 664 96 21 avses
509 654 9 29 i
543 653 129 30 18—20
694 652 39 37 88
755 651 230 35 kungörelsen
1007 649 66 30 den
1097 648 42 29 26
1161 646 187 30 november
1372 645 81 30 1937
1483 643 53 39 (nr
1557 641 94 40 912).

147 707 68 30 För
233 706 104 36 bevis,
360 715 76 21 som
458 704 188 31 innefattar
666 702 87 31 både
774 700 198 37 uppehålls-
997 700 65 29 och
1084 696 280 35 arbetstillstånd,
1386 696 63 29 bör
1470 694 104 35 enligt
1596 694 55 29 de-

145 755 337 39 partementschefen
505 755 77 29 icke
605 756 135 33 uttagas
764 752 105 35 högre
896 749 107 38 avgift
1027 751 46 29 än
1097 748 55 31 för
1176 747 104 36 bevis,
1307 756 75 22 som
1407 746 120 30 enbart
1552 752 103 22 avser

147 808 128 30 ettdera
292 817 42 21 av
351 807 99 30 dessa
467 804 164 32 tillstånd.

192 855 388 39 Departementschefen
598 855 65 30 har
682 853 141 32 anslutit
843 853 50 37 sig
913 852 50 30 till
981 854 46 28 ett
1046 861 42 20 av
1109 849 273 37 socialstyrelsen
1401 847 163 36 framlagt
1583 845 72 31 för-

148 910 81 35 slag,
252 911 48 28 att
321 918 44 20 en
386 906 147 32 särskild
555 903 255 38 stämpelavgift
832 913 42 21 av
897 912 133 21 samma
1051 901 127 31 storlek
1201 909 74 21 som
1296 899 57 31 för
1373 898 94 30 bevis
1489 906 57 22 om
1567 896 87 30 vise-

148 960 75 36 ring
243 960 82 29 eller
342 957 156 32 tillstånd
517 957 89 30 skall
626 955 81 36 utgå
726 955 11 29 i
758 954 131 31 sådana
910 953 71 36 fall,
1004 951 44 32 då
1066 952 81 30 med
1167 950 148 36 ändring
1335 959 42 21 av
1400 948 143 36 tidigare
1561 947 93 36 gjort

148 1009 171 31 förbehåll
342 1008 96 31 bevis
461 1018 57 20 om
540 1006 156 32 tillstånd
718 1006 51 30 till
793 1004 151 32 återresa
966 1004 51 30 till
1042 1002 136 36 Sverige
1202 1002 141 29 tecknas
1368 999 137 31 särskilt
1529 997 20 31 å
1573 1006 84 28 pass

149 1061 81 30 eller
255 1070 117 21 annan
398 1057 420 38 legitimationshandling.
847 1054 138 32 Sådana
1009 1053 96 31 bevis
1131 1054 118 29 kunna
1274 1050 162 31 utfärdas
1462 1049 123 30 endast
1611 1056 44 21 av

151 1110 280 36 socialstyrelsen
454 1110 82 29 eller
557 1107 425 36 utrikesdepartementet.
1005 1104 75 30 Vad
1101 1102 109 37 angår
1232 1102 119 35 övriga
1374 1100 96 31 bevis
1492 1109 57 21 om
1571 1099 83 29 änd-

150 1163 75 36 ring
246 1171 41 21 av
309 1159 172 32 förbehåll
510 1160 3 30 i
534 1158 202 32 meddelade
758 1156 190 37 viseringar
968 1156 65 30 och
1054 1153 154 32 tillstånd
1229 1151 155 37 föreslås,
1408 1154 48 28 att
1478 1151 177 30 desamma

152 1213 96 30 skola
266 1212 178 30 meddelas
462 1214 84 27 utan
566 1209 118 37 avgift.

196 1262 225 31 Beträffande
442 1262 95 29 bevis
560 1270 59 21 om
641 1258 157 32 tillstånd
819 1258 57 30 för
898 1257 184 35 utlänning
1104 1255 140 37 jämlikt
1267 1253 235 36 kungörelsen
1524 1251 69 30 den
1617 1251 43 29 12

154 1314 192 36 september
371 1313 80 29 1941
477 1316 48 26 att
548 1312 104 29 vistas
676 1311 9 29 i
709 1310 89 30 vissa
822 1310 96 29 delar
941 1318 42 20 av
1005 1307 98 35 riket,
1130 1306 91 29 vilka
1246 1305 93 30 bevis
1364 1304 55 29 för
1443 1301 219 31 närvarande

152 1366 59 28 äro
232 1363 205 36 avgiftsfria,
460 1363 63 29 har
545 1359 380 38 departementschefen
947 1358 118 30 biträtt
1089 1360 45 27 ett
1157 1356 129 36 förslag
1308 1365 42 21 av
1373 1353 285 36 socialstyrelsen,

155 1418 48 27 att
230 1414 123 31 sådant
379 1413 104 35 bevis,
510 1422 76 20 som
613 1411 175 30 meddelas
815 1410 10 29 i
853 1409 170 30 samband
1049 1408 79 29 med
1154 1404 332 38 uppehållsvisering
1512 1403 66 30 och
1606 1402 55 30 för

155 1474 131 21 samma
308 1464 50 30 tid
380 1473 74 21 som
476 1464 123 34 denna,
622 1460 218 31 fortfarande
862 1459 87 31 skall
971 1467 82 21 vara
1076 1456 210 37 avgiftsfritt,
1310 1464 81 21 men
1414 1456 49 29 att
1484 1452 98 38 eljest
1604 1452 58 30 för

155 1515 108 36 dylikt
285 1514 95 31 bevis
403 1514 86 29 skall
512 1516 136 32 uttagas
672 1509 264 38 stämpelavgift.
961 1509 122 30 Denna
1105 1506 144 31 föreslås
1274 1506 97 30 skola
1394 1506 121 35 utgöra
1539 1504 20 29 4
1582 1504 79 29 kro-

157 1576 71 20 nor.
250 1563 388 38 Departementschefen
656 1563 64 30 har
736 1562 180 34 förklarat,
935 1562 48 28 att
1001 1560 113 29 därest
1133 1558 64 30 den
1215 1567 46 20 nu
1279 1556 202 36 ifrågasatta
1501 1553 160 37 stämpel-

158 1617 149 35 avgiften
330 1615 140 36 införes,
491 1614 229 35 kungörelsen
742 1613 65 29 den
830 1612 38 29 12
891 1610 193 37 september
1106 1609 79 30 1941
1209 1608 63 32 hör
1292 1607 137 30 ändras.

307 1764 32 32 3.
384 1753 182 51 Ändring
591 1761 11 32 i
628 1758 463 44 stämpelförordningen
1115 1756 13 33 i
1152 1755 216 42 anledning
1391 1765 49 22 av
1465 1764 50 32 ny

662 1818 506 43 fornminneslagstiftning.

204 1914 129 31 Genom
353 1912 215 37 proposition
590 1920 41 21 nr
642 1899 17 54 8
690 1911 49 29 till
760 1909 89 31 årets
871 1909 139 36 riksdag
1030 1908 91 30 hava
1142 1907 104 30 bland
1267 1908 107 29 annat
1395 1904 179 36 framlagts
1596 1903 71 29 för-

160 1966 71 35 slag
249 1965 52 29 till
321 1964 55 35 lag
396 1973 58 20 om
473 1961 229 31 fornminnen
723 1960 65 30 och
808 1961 55 34 lag
884 1968 58 21 om
963 1958 111 35 skydd
1095 1957 56 30 för
1170 1955 307 31 kulturhistoriskt
1495 1954 170 35 märkliga

160 2015 207 36 byggnader.
388 2014 105 30 Dessa
511 2013 129 36 förslag
659 2012 88 30 hava
766 2020 145 21 numera
930 2009 169 36 godkänts
1117 2018 42 20 av
1179 2007 193 35 riksdagen.
1393 2006 13 29 I
1427 2006 65 29 den
1511 2014 46 20 nu
1577 2004 89 30 före-

162 2066 149 31 varande
330 2064 260 37 propositionen
610 2061 154 37 föreslås,
784 2064 49 27 att
856 2060 5 30 i
881 2060 160 35 ärenden,
1062 2068 120 21 varom
1202 2058 10 29 i
1232 2056 231 32 förenämnda
1483 2056 95 35 lagar
1598 2054 69 30 för-

164 2117 115 34 mäles,
305 2115 165 35 sökande,
496 2115 113 28 vilken
635 2112 96 36 cljest
757 2112 112 29 skulle
893 2120 81 20 vara
999 2109 136 36 skyldig
1159 2109 115 35 utgiva
1299 2105 267 37 stämpelavgift,
1591 2104 78 30 med

162 2167 135 35 hänsyn
313 2166 52 29 till
383 2165 191 30 ärendenas
591 2162 244 31 beskaffenhet
853 2161 88 29 skall
958 2159 128 31 befrias
1104 2157 81 32 från
1204 2157 108 31 sådan
1331 2156 204 38 skyldighet.
1557 2155 112 30 Stäm-

163 2215 161 37 pelfrihet
348 2215 87 30 skall
461 2215 87 28 dock
573 2214 76 29 icke
672 2211 253 36 ifrågakomma
951 2211 10 29 i
987 2209 130 31 sådana
1143 2207 276 36 rättegångsmål,
1447 2207 91 29 vilka
1564 2205 106 35 enligt

164 2266 42 30 de
225 2265 153 30 nämnda
397 2264 231 36 lagförslagen
647 2263 118 29 kunna
785 2262 225 35 uppkomma.

209 2316 12 29 I
245 2315 91 30 vissa
360 2315 152 30 ärenden
535 2312 105 35 enligt
667 2313 79 29 1867
772 2311 56 30 års
853 2308 422 36 fornminnesförordning
1299 2325 44 3 —
1367 2316 75 20 som
1467 2306 56 29 vid
1549 2304 122 30 ikraft-

165 2366 181 30 trädandet
363 2375 42 20 av
423 2364 66 31 den
507 2373 68 27 nya
594 2362 316 35 fornminneslagen
930 2360 137 36 upphör
1085 2362 48 28 att
1150 2359 90 36 gälla
1258 2375 44 3 —
1319 2357 182 35 föreligger
1519 2355 56 30 för
1592 2355 80 29 när-

210 2430 110 32 Bihang
331 2429 43 26 till
384 2429 168 31 riksdagens
564 2426 145 33 protokoll
722 2427 73 24 1942.
817 2426 14 25 7
843 2425 81 25 saml.
952 2424 39 23 Nr
1007 2424 40 23 43.
1625 2416 16 25 2
