1882 2794
288 164 38 28 10
742 163 249 28 Statsutskottets
1012 164 159 28 utlåtande
1191 173 37 19 nr
1251 166 63 26 170.

593 246 164 37 mottagas
779 244 162 38 patienter
963 246 85 29 även
1071 244 77 31 från
1171 246 105 30 andra
1299 245 349 39 epileptikeranstalter
1672 247 99 38 enligt

594 296 221 40 anvisningar,
837 307 72 21 som
927 297 212 39 inspektören
1157 298 52 30 för
1229 297 284 32 sinnesslövården
1533 298 56 32 må
1608 300 162 35 meddela,

637 367 58 30 III.
720 368 77 30 med
818 367 94 31 bifall
933 368 48 30 till
1004 368 120 39 Kungl.
1149 368 114 39 Maj:ts
1286 369 123 40 förslag
1432 370 63 30 och
1518 371 77 30 med
1618 370 112 40 avslag
1752 370 20 30 å

595 419 216 31 motionerna
835 421 27 29 I:
877 421 65 29 389
966 421 65 30 och
1055 421 44 30 II:
1114 422 63 29 597
1204 422 10 29 i
1239 422 67 30 vad
1329 422 153 31 nämnda
1506 423 169 30 motioner
1696 432 79 21 avse

597 473 263 39 anslagsfrågan
888 474 55 30 för
971 474 201 39 budgetåret
1203 472 141 34 1945/46
1372 476 110 30 under
1509 476 103 30 femte
1641 476 133 30 huvud-

596 525 96 31 titeln
717 526 114 31 såsom
854 526 270 41 förslagsanslag
1149 528 119 31 anvisa

639 589 30 36 a)
699 590 47 30 till
764 590 121 39 Bidrag
905 591 48 30 till
973 591 122 37 driften
1115 601 41 20 av
1176 591 156 30 anstalter
1351 592 53 37 för
1425 592 148 30 bildbara
1592 592 181 30 sinnesslöa

594 644 18 28 2
627 643 62 30 800
703 643 61 30 000
787 643 133 35 kronor,

639 702 35 40 b)
705 704 49 30 till
776 704 127 39 Bidrag
925 706 50 29 till
998 706 365 38 epileptikeranstalter
1387 706 63 30 450
1464 706 63 30 000
1550 706 139 37 kronor,

639 767 36 30 B.
699 770 46 29 att
768 767 177 39 riksdagen
967 768 57 31 må
1047 767 11 30 i
1082 768 178 38 anledning
1284 778 40 21 av
1348 769 209 31 motionerna
1582 769 26 30 I:
1623 770 62 29 389
1711 770 61 29 och

596 820 44 30 II:
655 821 61 29 597
736 822 10 29 i
766 821 64 29 den
848 820 82 31 mån
948 821 41 30 de
1008 821 30 39 ej
1056 821 197 31 behandlats
1272 822 106 30 under
1397 822 24 30 I.
1443 823 62 29 och
1525 822 58 30 III.
1605 822 62 31 här
1687 831 85 21 ovan

595 874 9 29 i
633 873 154 30 skrivelse
814 873 47 31 till
889 873 119 40 Kungl.
1037 873 98 40 Maj:t
1162 873 132 33 anhålla
1320 885 55 20 om
1403 875 123 40 förslag
1551 876 47 29 till
1625 876 148 29 ändrade

597 927 145 38 grunder
757 925 74 31 från
847 927 64 30 och
925 928 77 29 med
1019 927 64 30 den
1100 928 13 29 1
1131 927 61 39 juli
1211 928 81 30 1946
1308 928 53 30 för
1376 929 196 39 statsbidrag
1587 928 47 30 till
1650 928 123 30 driften

596 989 41 20 av
656 980 155 30 anstalter
827 980 53 30 för
897 980 152 31 bildbara
1066 980 180 32 sinnesslöa
1265 984 85 27 samt
1369 981 53 30 för
1441 981 253 39 fallandesjuka.

332 1058 194 30 Stockholm
546 1059 64 29 den
628 1059 19 30 5
667 1058 72 39 juni
761 1059 90 30 1945.

791 1165 47 31 På
859 1166 255 30 statsutskottets
1135 1167 136 39 vägnar:

840 1236 30 31 J.
893 1236 36 30 B.
952 1236 271 31 JOHANSSON.

329 1492 56 28 Vid
408 1492 185 29 förestående
615 1493 124 27 ärendes
762 1488 239 41 slutbehandling
1023 1494 83 27 inom
1130 1494 139 28 utskottet
1291 1495 78 28 hava
1390 1495 132 28 närvarit

330 1554 68 28 från
420 1554 138 29 första
577 1554 188 29 kammaren:
783 1556 102 28 herrar
901 1556 102 28 Johan
1019 1557 159 28 Bernhard
1193 1557 180 34 Johansson,
1391 1557 92 29 Oscar
1499 1558 116 34 Olsson,
1634 1558 146 34 Gränebo,

290 1598 78 30 Sven
385 1599 139 35 Larsson,
540 1600 157 28 Bernhard
715 1600 129 35 Nilsson,
861 1601 186 34 Bäckström,
1066 1601 73 28 Karl
1156 1602 180 34 Andersson,
1354 1602 137 35 Heiding,
1510 1602 103 35 Gustaf
1628 1603 152 34 Karlsson,

290 1643 184 36 Ekströmer,
497 1645 143 28 Wiklund
661 1646 58 26 och
740 1645 167 33 Näsström;
928 1650 75 24 samt

330 1696 70 29 från
428 1698 132 29 andra
588 1697 188 28 kammaren:
806 1699 103 27 herrar
939 1699 157 35 Skoglund
1125 1700 9 27 i
1165 1699 190 35 Doverstorp,
1384 1701 144 27 Eriksson
1557 1702 9 26 i
1597 1700 183 31 Stockholm,

293 1742 148 28 Svensson
463 1743 9 27 i
497 1742 141 33 Grönvik,
661 1743 186 34 Danielsson,
871 1744 127 27 Persson
1019 1745 10 26 i
1051 1744 170 32 Tidaholm,
1245 1744 166 28 Pettersson
1435 1746 8 26 i
1467 1744 87 33 Dahl,
1580 1745 169 28 Andersson
1773 1745 8 26 i

294 1785 119 34 Malmö,
434 1786 196 36 Mårtensson,
650 1788 80 34 Hall,
750 1788 140 34 Viklund,
908 1789 187 27 Holmström
1114 1789 58 27 och
1192 1789 49 28 fru
1261 1789 101 28 Alvén.

923 2029 228 31 Reservation

295 2117 42 20 av
358 2107 120 31 herrar
501 2107 105 32 Oscar
629 2109 134 38 Olsson,
784 2109 180 31 Bernhard
984 2110 149 37 Nilsson,
1155 2110 210 38 Ekströmer,
1392 2110 172 38 Wiklund,
1585 2111 167 30 Eriksson
1774 2110 10 29 i

296 2160 209 37 Stockholm,
541 2161 198 32 Andersson
771 2163 12 30 i
816 2162 139 38 Malmö,
992 2163 227 38 Mårtensson,
1255 2164 90 37 Hall,
1380 2165 213 30 Holmström
1627 2165 66 29 och
1728 2163 56 30 fru

295 2215 117 38 Alvén,
431 2216 92 30 vilka
540 2219 121 33 ansett,
680 2219 48 28 att
745 2217 181 30 utskottets
944 2217 160 39 yttrande
1122 2217 65 31 och
1203 2217 208 31 hemställan
1427 2218 78 30 bort
1521 2218 90 30 hava
1629 2217 154 39 följande

295 2267 141 38 lydelse:

345 2332 11 15 »
364 2322 107 31 Förra
491 2322 88 31 årets
599 2341 45 4 —
661 2341 45 4 —
722 2341 44 4 —
784 2323 113 39 statlig
918 2323 210 39 myndighet.

341 2375 115 39 Enligt
472 2377 181 30 utskottets
672 2377 137 39 mening
827 2378 91 30 hava
935 2377 257 31 motionärerna
1209 2377 116 31 anfört
1342 2378 277 31 beaktansvärda
1638 2377 75 31 skäl
1731 2376 54 30 för

297 2432 46 26 ett
365 2427 99 32 bifall
488 2429 49 30 till
561 2430 56 30 sitt
640 2428 139 40 förslag.
806 2430 199 30 Emellertid
1028 2430 110 31 skulle
1160 2431 55 30 det
1240 2430 128 40 avdrag
1392 2430 21 32 å
1436 2430 250 38 statsbidraget,
1711 2438 75 22 som

297 2484 193 29 motsvarar
523 2482 340 40 bostadsersättning,
901 2484 180 30 föranleda
1117 2488 49 27 att
1199 2484 174 39 ökningen
1408 2494 43 21 av
1486 2484 155 39 bidraget
1677 2483 109 31 skulle
