1912 2850
125 1451 133 25 Utskottet.

359 163 38 30 22
703 163 396 33 Jordbruksutskottets
1128 165 186 32 utlåtande
1341 166 52 32 Nr
1417 165 32 31 8.

321 241 124 36 gandet
481 243 53 30 att
572 242 142 37 försälja
745 242 99 37 dylik
867 243 173 36 egendom,
1064 254 72 21 som
1161 244 268 37 uppenbarligen
1453 254 79 21 vore
1557 245 83 31 eller
1663 245 60 31 vid
1747 256 80 27 upp-

320 294 179 37 skattning
523 295 123 31 funnes
669 305 86 21 vara
778 306 45 20 av
846 296 106 31 sådan
977 296 242 36 beskaffenhet,
1243 298 52 30 att
1318 297 53 31 för
1394 297 199 31 densamma
1616 298 75 30 icke
1713 298 114 31 kunde

320 346 58 31 vid
412 347 209 37 försäljning
657 348 172 36 påräknas
863 348 104 37 högre
1006 349 227 37 köpeskilling
1268 352 46 28 än
1337 350 95 35 1,000
1455 350 142 35 kronor;
1632 350 60 31 och
1716 350 111 31 skulle

320 399 249 38 försäljningen
603 400 57 31 ske
693 401 44 36 på
772 402 68 30 sätt
867 401 61 31 och
951 401 110 32 under
1084 402 137 36 villkor,
1246 412 73 21 som
1343 412 44 21 av
1410 402 133 37 Kungl.
1568 401 101 38 Maj:t
1692 403 9 29 i
1729 403 97 36 varje

320 452 140 30 särskilt
494 452 64 31 fall
582 452 199 32 bestämdes.
828 453 17 31 I
877 453 53 31 sin
957 454 166 31 skrivelse
1147 454 64 32 den
1237 454 41 31 30
1302 454 71 37 maj
1398 455 96 35 1929,
1518 465 43 20 nr
1584 456 73 35 242,
1681 455 145 31 rörande

319 504 150 36 grunder
504 505 54 31 för
592 505 208 37 försäljning
835 517 44 20 av
911 507 314 36 kronoegendomar
1256 517 46 21 m.
1335 517 45 21 m.
1411 508 65 30 har
1508 507 185 37 riksdagen
1717 508 109 31 såsom

317 566 89 22 ovan
440 558 179 30 anmärkts
655 576 38 4 —
727 558 77 32 med
822 559 229 36 upphävande
1082 570 44 20 av
1161 560 104 31 bland
1295 562 108 29 annat
1427 559 40 32 de
1491 560 122 36 beslut,
1638 570 72 20 som
1734 560 93 31 inne-

318 609 101 31 fattas
447 610 6 29 i
477 611 242 31 ovannämnda
742 611 165 31 skrivelse
930 622 42 20 nr
996 610 142 43 92/1914
1162 630 43 3 —
1227 612 111 32 under
1357 612 46 38 A)
1421 612 31 38 b)
1468 612 178 37 medgivit,
1664 614 51 29 att
1732 613 93 31 intill

317 661 73 32 dess
413 663 217 31 annorlunda
652 663 68 31 kan
745 664 107 31 varda
875 664 148 32 beslutat
1045 665 86 31 efter
1155 665 132 36 Kungl.
1312 665 116 37 Maj:ts
1452 665 218 37 beprövande
1687 666 58 30 må
1761 665 65 31 för-

316 714 103 37 säljas
452 715 102 31 andel
590 716 12 30 i
636 726 42 21 en
712 716 54 31 för
798 717 86 31 flera
923 717 201 37 fastigheter
1164 726 197 28 gemensam
1400 718 244 36 samfällighet,
1679 719 147 31 såframt

316 767 144 31 andelen
492 768 61 31 vid
587 769 187 31 verkställd
807 770 248 36 uppskattning
1087 770 110 31 finnes
1221 770 120 31 kunna
1364 770 141 37 betinga
1529 781 42 21 en
1595 771 230 37 köpeskilling

316 830 44 19 av
398 819 99 37 högst
534 821 94 35 5,000
651 821 135 31 kronor.
826 821 117 37 Några
966 823 255 31 bestämmelser
1244 822 177 37 angående
1445 825 102 30 sättet
1569 824 62 31 och
1655 824 170 32 villkoren

316 872 53 30 för
392 872 253 38 försäljningen
667 874 93 31 hava
782 874 189 32 emellertid
993 875 74 31 icke
1090 875 198 31 meddelats.
1335 875 53 31 Då
1412 875 55 31 väl
1494 876 184 36 riksdagen
1701 878 124 35 näppe-

316 924 91 36 ligen
442 924 76 32 haft
552 925 53 31 för
638 926 115 31 avsikt
787 928 51 30 att
868 926 211 32 därutinnan
1103 927 114 31 införa
1240 927 207 32 förändrade
1471 928 266 36 bestämmelser,
1762 929 63 31 har

315 976 131 37 Kungl.
482 977 102 37 Maj:t
617 978 12 30 i
664 979 113 31 beslut
809 979 65 31 den
898 981 40 29 11
962 979 139 32 oktober
1125 980 85 31 1930
1234 980 12 31 i
1270 980 124 32 ärende
1418 980 176 37 angående
1616 981 209 37 försäljning

315 1039 44 20 av
383 1029 133 31 kronan
539 1030 264 33 tillkommande
827 1032 100 31 andel
951 1032 11 30 i
987 1032 70 31 viss
1081 1032 236 38 samfällighet
1339 1034 114 35 utgått
1476 1033 168 36 därifrån,
1667 1035 53 29 att
1739 1034 84 31 1929

314 1082 57 30 års
405 1082 270 37 riksdagsbeslut
707 1084 30 36 ej
772 1084 143 31 innebar
948 1086 114 35 någon
1094 1085 258 37 inskränkning
1375 1086 12 30 i
1411 1085 133 37 Kungl.
1576 1086 115 36 Maj:ts
1714 1086 110 37 enligt

315 1135 84 30 1914
433 1136 58 30 års
523 1135 257 32 bestämmelser
812 1137 261 32 tillkommande
1107 1139 69 30 rätt
1199 1139 51 30 att
1274 1138 60 31 vid
1358 1138 97 37 dylik
1478 1138 208 37 försäljning
1710 1139 12 30 i
1746 1141 79 29 vart

315 1186 62 31 fall
410 1187 157 32 meddela
599 1188 226 38 erforderliga
857 1190 214 31 föreskrifter
1103 1200 55 22 om
1191 1192 104 30 sättet
1327 1190 61 32 och
1417 1191 171 31 villkoren
1612 1191 54 31 för
1688 1191 136 37 försälj-

313 1239 139 37 ningen.
498 1240 124 31 Därest
655 1241 29 36 ej
716 1242 81 31 från
819 1242 201 36 riksdagens
1044 1243 74 31 sida
1141 1243 142 31 erinran
1307 1243 155 31 häremot
1484 1244 219 35 framställes,
1728 1244 96 31 torde

313 1293 88 29 även
434 1292 54 31 för
511 1292 188 32 framtiden
724 1293 132 37 Kungl.
882 1294 100 36 Maj:t
1005 1294 80 31 böra
1109 1297 63 34 äga
1197 1295 182 31 enahanda
1403 1296 70 30 rätt
1496 1296 113 35 ifråga
1625 1306 55 21 om
1705 1295 118 37 dylika

314 1343 278 39 försäljningar.»

357 1439 124 32 Såsom
509 1440 161 36 framgår
697 1451 46 21 av
770 1442 221 32 förestående
1019 1442 221 37 redogörelse
1267 1446 40 29 är
1332 1445 59 31 det
1417 1454 49 22 nu
1489 1444 159 37 begärda
1672 1445 145 38 bemyn-

320 1490 169 39 digandet
512 1491 233 38 likalydande
768 1493 79 32 med
869 1492 68 39 det,
959 1504 77 21 som
1058 1505 47 21 av
1128 1495 79 31 1929
1231 1496 59 31 års
1312 1495 149 37 riksdag
1484 1497 185 33 lämnades
1694 1498 57 31 för
1776 1498 41 31 ti-

318 1543 66 32 den
407 1544 97 31 intill
527 1544 68 32 den
615 1545 17 30 1
653 1544 148 36 januari
823 1545 77 32 19381
922 1546 64 31 och
1009 1556 74 21 som
1105 1546 108 32 sedan
1235 1556 47 23 av
1304 1548 79 31 1930
1405 1548 59 31 års
1488 1548 147 37 riksdag
1658 1549 157 36 förläng-

320 1595 62 31 des
401 1595 97 32 intill
519 1596 68 31 den
608 1597 18 29 1
646 1596 146 37 januari
814 1597 87 31 1932.
941 1597 68 32 Det
1030 1599 58 30 må
1110 1598 148 36 erinras,
1281 1601 54 30 att
1357 1600 78 30 1929
1457 1600 59 31 års
1537 1600 149 37 riksdag
1707 1601 112 32 förut-

318 1648 101 35 satte,
464 1649 54 30 att
565 1648 282 36 ifrågavarande
890 1648 286 39 bemyndigande
1200 1649 91 33 blott
1317 1651 106 31 borde
1447 1651 104 36 givas
1578 1652 55 30 för
1658 1654 52 29 ett
1737 1654 41 29 år
1804 1653 11 30 i

318 1699 137 32 sänder.

359 1750 192 38 Utskottet,
579 1762 74 21 som
679 1751 161 33 biträder
866 1753 57 32 det
951 1753 203 37 framlagda
1182 1753 173 37 förslaget
1382 1754 64 32 och
1474 1754 91 33 intet
1590 1755 67 32 har
1684 1757 54 30 att
1766 1766 51 21 er-

316 1801 80 32 inra
416 1804 73 31 mot
514 1803 71 32 vad
606 1804 12 31 i
638 1803 392 38 statsrådsprotokollet
1052 1805 141 32 anförts
1215 1805 12 31 i
1251 1806 106 36 fråga
1380 1815 57 22 om
1460 1807 108 32 sättet
1593 1807 55 31 för
1672 1808 142 36 försälj-

316 1853 88 37 ning
422 1864 47 22 av
488 1855 13 30 i
520 1855 80 31 1929
619 1856 59 31 års
696 1855 168 37 riksdags
882 1856 173 32 skrivelse
1073 1866 44 21 nr
1134 1857 59 31 242
1213 1857 113 31 under
1347 1856 46 37 A)
1416 1856 35 38 b)
1474 1858 214 33 omförmäld
1707 1859 106 32 andel

315 1904 12 31 i
347 1916 41 21 en
408 1906 55 31 för
483 1906 92 32 flera
596 1903 213 39 fastigheter
829 1916 202 28 gemensam
1050 1908 256 37 samfällighet,
1326 1909 216 37 hemställer,

752 2002 53 32 att
831 2001 193 38 riksdagen
1048 2006 58 29 må
1129 2002 129 33 bifalla
1283 2003 237 33 förevarande
1544 2005 229 36 proposition.

351 2087 198 32 Stockholm
573 2088 64 32 den
662 2089 38 31 31
749 2088 139 37 januari
913 2089 94 31 1931.

756 2177 50 31 På
830 2177 365 37 jordbruksutskottets
1219 2181 149 35 vägnar:

852 2272 35 31 C.
917 2272 31 32 J.
977 2272 289 32 JOHANSSON.

349 2447 199 25 Närvarande
540 2442 15 39 :
568 2456 28 15 se
616 2446 145 27 utlåtande
782 2457 34 15 nr
835 2450 23 23 4.
