2232 2646
464 126 20 29 4
934 128 233 42 Lagutskottets
1196 130 170 32 Utlåtande
1389 132 66 31 N:o
1478 133 54 30 45.

577 208 141 41 (Kungl.
743 209 120 41 Maj:ts
885 211 153 41 förslag.)

1465 214 198 42 (Utskottets
1685 216 155 44 förslag.)

1174 390 121 61 Lag

597 488 55 28 om
680 477 121 40 förbud
831 482 69 36 mot
929 479 146 41 handels
1099 480 147 41 idkande

1280 481 11 11 o

1275 493 22 28 å
1324 483 203 51 söckendag
1556 485 132 40 utöfver
1714 487 75 40 viss
1815 487 58 40 tid.

549 648 229 49 Härigenom
806 650 199 38 förordnas
1032 665 79 23 som
1138 653 126 48 följer:

1183 782 16 32 1
1231 778 34 44 8.

547 858 132 37 Därest
721 860 100 36 inom
864 862 181 35 kommun
1087 876 117 35 yppas
1245 863 116 37 behof
1390 865 42 36 af
1457 865 138 37 förbud
1622 873 77 30 mot
1727 874 53 30 att
1808 869 229 38 handelsbod

411 911 21 32 å
460 909 208 49 söckendag
695 910 115 36 hålles
839 911 58 35 till
926 914 79 33 salu
1033 920 120 41 öppen
1182 913 149 37 utöfver
1356 916 75 35 viss
1459 917 66 43 tid,
1555 920 59 33 må
1633 918 129 36 sådant
1781 919 136 37 förbud
1937 921 101 36 med-

411 958 101 37 delas
540 960 12 34 i
580 961 166 46 enlighet
774 962 84 35 med
887 962 97 36 hvad
1012 964 121 36 nedan
1162 972 93 40 sägs.

759 1087 83 45 28.

487 1169 159 43 Förbud,
676 1171 154 36 hvarom
858 1173 12 34 i
902 1175 16 33 1
951 1172 23 44 $&
1002 1173 184 44 förmäles,

409 1219 93 36 skall
543 1220 151 48 angifva
733 1222 74 35 viss
847 1223 68 43 tid,
949 1223 47 36 då
1028 1224 72 35 bod
1128 1228 60 32 må

408 1276 152 41 öppnas,
590 1272 32 46 ej
652 1270 80 37 före
760 1273 156 36 klockan
945 1274 59 47 sju
1033 1273 154 37 förmid-

408 1320 131 48 dagen,
581 1322 68 35 och
687 1323 73 35 viss
797 1323 67 44 tid,
902 1324 47 35 då
989 1324 72 36 bod
1094 1326 93 35 skall

407 1376 161 43 stängas,
610 1373 32 46 ej
685 1385 128 24 senare
846 1381 46 28 än
925 1376 156 35 klockan
1109 1380 78 31 åtta

407 1421 308 49 eftermiddagen.
770 1424 102 36 Dock
913 1428 61 32 må
1013 1425 59 36 för
1099 1426 85 44 bod,

406 1471 67 36 där
513 1473 133 35 handel
679 1473 104 37 idkas
811 1476 156 35 allenast
995 1476 83 36 med
1105 1477 81 35 lifs-

406 1521 298 47 förnödenheter,
745 1525 105 35 tiden
882 1525 59 36 för
973 1528 213 46 öppnandet

405 1578 115 30 sättas
547 1575 59 34 till
647 1574 154 36 klockan
830 1588 66 23 sex
924 1575 260 50 förmiddagen

405 1629 96 29 samt
541 1623 59 36 för
636 1625 114 35 sådan
783 1625 73 36 bod
884 1627 92 35 eller
1002 1627 86 44 bod,
1117 1629 67 34 där

404 1673 316 48 hufvudsakligen
733 1676 111 35 tobak
864 1678 91 34 eller
970 1678 93 35 hvad
1080 1678 108 36 däraf

404 1731 41 28 är
465 1723 251 50 förfärdigadt
736 1726 114 36 hålles
870 1728 56 34 till
949 1729 91 43 salu,
1056 1734 128 41 stäng-

403 1775 217 47 ningstiden
662 1782 114 30 sättas
823 1778 57 35 till
923 1778 154 36 klockan
1120 1780 63 35 nio

404 1824 308 50 eftermiddagen.
771 1827 147 36 Jämväl
957 1832 61 32 må
1058 1835 125 43 stäng-

403 1876 217 46 ningstiden
648 1880 21 32 å
696 1877 149 36 aftonen
881 1878 81 36 före
990 1887 83 28 sön-
1093 1881 90 35 eller

402 1925 161 49 helgdag
603 1927 68 35 och
700 1928 118 35 under
845 1932 63 33 två
936 1931 134 35 veckor
1098 1938 84 28 när-

402 1983 96 28 mast
525 1976 79 36 före
628 1977 214 47 julaftonen
871 1979 224 37 bestämmas
1125 1982 55 35 till

402 2027 154 35 klockan
604 2030 62 33 nio
712 2028 299 48 eftermiddagen
1055 2032 68 35 och
1168 2032 13 35 i

402 2075 107 50 fråga
548 2091 60 22 om
649 2079 126 43 bodar,
822 2093 79 22 som
942 2081 12 35 i
996 2081 184 37 nästföre-

400 2127 144 46 gående
558 2129 120 48 punkt
693 2129 248 45 omförmälas,
957 2132 220 36 tillklockan

401 2178 55 35 tio
484 2177 307 51 eftermiddagen.

1608 1094 83 44 28.

1335 1176 162 44 Förbud,
1527 1178 151 36 hvarom
1706 1181 13 34 i
1749 1182 17 33 1
1797 1179 23 45 8
1848 1180 186 46 förmaåles,

1257 1227 91 34 skall
1389 1227 153 49 angifva
1581 1230 74 34 viss
1695 1230 66 44 tid,
1796 1231 45 36 då
1874 1232 75 36 bod
1977 1236 60 32 må

1257 1283 150 41 öppnas,
1441 1279 33 46 ej
1506 1277 78 37 före
1612 1280 154 36 klockan
1794 1282 57 46 sju
1882 1281 153 38 förmid-

1257 1327 130 48 dagen,
1425 1329 69 34 och
1536 1330 74 35 viss
1649 1331 68 44 tid,
1759 1332 46 35 då
1839 1332 73 36 bod
1942 1334 92 34 skall

1257 1383 158 42 stängas,
1458 1379 32 46 ej
1534 1392 127 24 senare
1700 1389 46 28 än
1774 1383 155 35 klockan
1959 1387 76 32 åtta

1257 1427 308 50 eftermiddagen.
1620 1431 102 36 Dock
1763 1436 59 32 må
1862 1432 59 36 för
1948 1433 84 43 bod,

1256 1478 65 35 där
1362 1479 134 36 handel
1528 1480 104 36 idkas
1660 1483 153 35 allenast
1841 1483 87 35 med
1953 1483 81 37 lifs-

1256 1527 295 48 förnödenheter,
1593 1532 102 36 tiden
1736 1532 58 36 för
1821 1535 213 47 öppnandet

1254 1584 112 31 sättas
1408 1581 57 34 till
1499 1582 156 35 klockan
1682 1596 65 22 sex
1774 1582 259 50 förmiddagen

1255 1635 94 30 samt
1390 1629 58 37 för
1489 1631 114 36 sådan
1635 1633 73 36 bod
1736 1634 89 35 eller
1853 1634 85 44 bod,
1968 1635 65 35 där

1254 1680 312 49 hufvudsakligen
1624 1683 112 36 tobak
1793 1686 90 34 eller
1938 1686 94 35 hvad

1254 1730 110 36 däraf
1387 1738 42 28 är
1456 1732 250 49 förfärdigadt
1729 1735 83 36 eller
1837 1736 195 48 tidningar

1253 1781 119 36 hållas
1390 1782 59 35 till
1470 1784 92 42 salu,
1578 1785 323 48 stängningstiden
1916 1791 115 31 sättas

1252 1832 57 34 till
1328 1832 156 36 klockan
1504 1833 61 36 nio
1584 1834 306 50 eftermiddagen.
1927 1836 104 35 Jäm-

1252 1883 58 34 väl
1350 1886 59 31 må
1450 1885 327 48 stängningstiden
1817 1889 20 32 å
1877 1885 152 37 aftonen

1253 1931 77 37 före
1370 1940 84 28 sön-
1493 1935 90 35 eller
1623 1936 159 48 helgdag
1814 1937 67 34 och
1911 1937 119 35 under

1252 1986 61 32 två
1352 1984 136 35 veckor
1519 1992 164 29 närmast
1709 1986 79 35 före
1812 1986 216 47 julaftonen

1251 2033 221 36 bestämmas
1518 2036 56 35 till
1618 2037 156 35 klockan
1814 2037 63 35 nio
1917 2036 112 37 efter-

1251 2084 199 47 middagen
1495 2086 67 35 och
1603 2087 12 34 i
1655 2086 106 48 fråga
1800 2100 57 22 om
1902 2087 124 45 bodar,

1250 2146 78 23 som
1360 2135 13 35 i
1405 2135 310 49 nästföregående
1743 2138 118 47 punkt
1889 2137 139 37 omför-

1250 2185 125 44 målas,
1396 2186 59 34 till
1475 2186 156 36 klockan
1652 2187 50 36 tio
1718 2186 306 51 eftermiddagen.
