2240 2640
429 208 17 27 6
949 205 241 41 Lagutskottets
1221 205 175 36 Utlåtande
1419 207 63 34 N:o
1504 210 27 28 6.

524 287 120 37 Såsom
683 290 77 34 stöd
800 290 54 36 för
893 291 61 33 sitt
985 291 134 44 förslag
1145 292 66 34 har
1236 291 224 39 motionären,
1481 292 136 35 erinrat
1649 303 52 24 om
1730 293 41 34 de
1799 293 112 44 dryga
1939 297 52 31 ut-

388 339 118 44 gifter,
548 351 70 23 som
659 341 244 33 förorsakades
930 341 38 34 af
999 342 157 43 bestyret
1183 342 74 37 med
1294 342 229 36 anskaffande
1552 343 38 34 af
1614 344 97 33 bevis
1739 342 78 36 från
1844 348 147 39 prester-

389 391 126 43 skapet
555 401 60 25 om,
648 391 228 43 kungörelses
916 393 215 42 uppläsande
1171 392 10 34 i
1209 393 74 36 alla
1312 393 214 44 tingslagets
1549 394 144 43 kyrkor,
1722 392 44 36 då
1793 395 59 33 det
1879 395 112 34 likväl

390 441 111 43 enligt
528 441 93 34 hans.
641 439 93 46 åsigt
760 452 83 24 vore
870 442 218 44 tillräckligt,
1118 453 52 24 om:
1208 444 230 43 kungörelsen
1467 443 153 40 infördes
1646 445 11 33 i
1674 445 315 43 länskungörelser.

539 639 256 49 Föreliggande
823 645 127 35 motion
979 643 138 45 åsyftar
1148 645 272 44 uppenbarligen
1454 646 151 44 ändring
1631 646 10 34 i
1674 648 43 34 10
1745 646 22 45 8
1794 646 39 34 af
1860 647 130 35 förord-

392 694 128 43 ningen
562 692 178 45 angående
768 695 133 43 lagfart
927 695 20 34 å
975 693 85 45 fång
1087 696 52 37 till
1166 695 71 35 fast
1263 696 163 43 egendom
1455 696 67 39 den
1552 698 43 34 16
1621 696 76 45 juni
1734 699 92 32 1875
1855 698 63 34 och
1946 698 44 45 ej,

389 741 111 37 såsom
541 745 203 43 uppgifvits,
790 748 43 32 10
879 745 25 45 &
942 746 39 35 af
1023 749 22 30 4
1086 747 79 42 kap.
1205 745 241 45 jordabalken,
1514 746 264 38 Förutnämnda
1823 749 170 43 paragraf

388 792 194 37 innehåller
622 795 170 44 nemligen
833 796 58 34 det
931 797 209 43 stadgande,
1177 797 107 34 hvars
1324 797 155 34 ändrade
1524 798 131 43 lydelse
1696 797 39 35 af
1772 799 215 34 motionären

388 843 218 45 ifrågasatts.

524 894 106 37 Utom
659 897 58 34 det
744 896 157 36 formella
929 898 135 41 hinder,
1092 908 68 23 som
1190 895 104 39 alltså
1321 897 185 40 förefinnes
1533 903 71 29 mot
1631 898 98 35 bifall
1754 899 51 34 till
1825 900 163 35 motionä-

387 955 80 24 rens
495 945 148 45 förslag,
666 947 60 34 vill
767 948 174 37 utskottet
968 946 150 45 påpeka,
1145 951 64 39 att,
1238 958 51 25 om
1319 948 64 36 den
1413 948 39 36 af
1475 949 175 38 utskottet
1678 950 64 33 här
1770 949 105 35 ofvan
1903 951 87 34 före-

389 996 122 43 slagna
539 997 192 44 ändringen
760 997 40 36 af
828 997 79 46 10.8
923 998 425 44 ilagfartsförordningen
1364 1003 158 40 antages,
1542 1000 163 35 besväret
1720 1000 74 34 med
1811 1003 53 31 att
1879 1002 109 33 ombe-

389 1050 97 38 styra
528 1047 251 44 kungörelsens
818 1049 215 43 uppläsande
1069 1049 12 35 i
1120 1052 52 31 ett
1204 1046 87 39 fåtal
1319 1049 133 43 kyrkor
1480 1050 64 36 och
1572 1050 229 37 anskaffande
1829 1051 36 34 af
1893 1052 97 34 bevis

388 1097 114 35 derom.
533 1099 101 34 torde
658 1098 109 35 blifva
796 1096 38 37 så
862 1098 112 44 ringa,
1004 1103 54 32 att
1085 1097 116 45 någon
1226 1099 137 37 lättnad
1391 1100 74 34 deri
1498 1111 123 33 genom
1650 1111 41 24 en
1719 1102 211 43 lagändring
1957 1102 30 44 ej

387 1148 99 34 torde:
514 1158 87 25 vara
630 1149 215 43 erforderlig.

521 1197 84 37 Med
634 1199 72 35 stöd
736 1199 40 35 af
800 1200 59 34 det
886 1199 144 37 anförda
1061 1200 200 37 hemställer
1287 1200 174 38 utskottet
1488 1198 118 44 alltså,

837 1304 52 31 att
917 1300 82 37 herr
1026 1300 181 38 Akessons
1232 1300 129 37 motion
1388 1301 78 34 icke
1485 1298 56 39 må
1560 1301 53 39 till
1633 1299 114 46 någon
1767 1300 222 47 Riksdagens

785 1349 126 47 åtgärd
938 1351 191 38 föranleda.

522 1450 200 37 Stockholm
750 1452 66 35 den
848 1453 42 34 18
918 1451 157 36 februari
1106 1453 104 33 1897.

934 1550 51 39 På
1012 1553 254 44 lagutskottets
1290 1557 149 40 vägnar:

916 1653 132 36 CARL
1076 1653 42 35 B.
1147 1652 306 37 HASSELROT.
