1878 2822
245 192 18 28 2
699 187 274 28 Bankoutskottets
995 186 157 27 utlåtande
1175 195 35 17 nr
1229 186 46 27 69.

288 269 72 30 Mot
381 270 169 29 storleken
573 278 43 21 av
639 269 65 29 den
728 268 9 29 i
762 267 176 30 motionen
959 267 195 38 föreslagna
1178 264 280 40 gratifikationen
1481 265 63 29 har
1568 265 160 29 utskottet

245 324 76 29 icke
340 323 114 29 funnit
473 322 186 38 anledning
679 322 49 28 till
749 321 147 30 erinran.

290 375 101 31 Såväl
423 376 189 37 pensionen
645 384 73 20 som
752 373 281 39 gratifikationen
1066 373 95 29 torde
1193 373 83 29 böra
1309 371 81 39 utgå
1423 370 78 30 från
1534 371 56 30 det
1624 371 108 29 under

244 429 219 30 huvudtiteln
484 428 196 38 Riksdagen
701 428 64 29 och
788 428 77 29 dess
888 427 81 29 verk
992 436 44 19 m.
1061 435 43 20 m.
1127 425 172 38 uppförda
1323 424 300 38 förslagsanslaget
1648 423 82 31 Pen-

246 483 114 30 sioner
380 482 34 30 åt
435 483 22 28 f.
480 483 30 29 d.
534 481 340 38 befattningshavare
896 490 43 19 m.
964 479 34 30 fl.

290 535 170 30 Utskottet
486 534 198 30 hemställer
711 533 109 35 alltså,

600 644 48 27 att
670 641 193 38 riksdagen,
888 641 9 28 i
920 640 186 39 anledning
1128 648 41 21 av
1194 638 226 30 förevarande
1443 637 132 30 motion
1599 638 43 29 Ii:
1658 637 72 32 549,

555 694 57 30 må
636 694 167 38 medgiva,
829 697 48 28 att
901 693 105 30 förste
1029 693 257 30 vaktmästaren
1310 692 63 29 hos
1398 691 201 39 riksdagens
1624 691 107 29 andra

555 748 178 30 kammare
758 746 78 31 Carl
863 746 111 30 Edvin
999 746 143 30 Gunnar
1167 744 161 40 Carlberg
1353 744 57 31 må
1436 743 79 31 från
1542 745 56 29 det
1624 744 109 30 under

555 801 219 29 huvudtiteln
802 800 195 39 Riksdagen
1024 800 65 29 och
1114 799 75 31 dess
1216 799 83 29 verk
1326 808 45 20 m.
1399 808 44 19 m.
1472 797 175 39 uppförda
1673 806 57 20 an-

556 855 106 38 slaget
688 854 50 30 till
764 853 186 30 Pensioner
975 852 36 31 åt
1037 853 23 30 f.
1088 853 31 30 d.
1146 851 339 39 befattningshavare
1511 860 44 20 m.
1584 851 36 30 fl.
1648 859 83 29 upp-

555 907 84 30 bära
664 907 71 30 dels
761 917 42 20 en
829 905 236 40 gratifikation
1089 905 21 31 å
1137 905 93 30 1200
1256 904 138 36 kronor,
1421 904 71 30 dels
1519 904 64 30 ock
1609 903 123 29 räknat

556 960 78 31 från
653 961 64 29 och
737 961 79 29 med
836 960 66 30 den
923 960 13 28 1
958 959 136 39 januari
1118 959 81 29 1945
1220 959 111 29 under
1350 958 52 30 sin
1421 956 214 31 återstående
1655 957 75 30 livs-

555 1014 48 30 tid
624 1023 41 20 en
687 1012 85 41 årlig
793 1013 145 39 pension
959 1023 41 20 av
1024 1013 13 28 1
1055 1012 63 30 800
1140 1012 136 30 kronor.

292 1121 199 30 Stockholm
512 1120 67 30 den
600 1120 41 29 20
661 1119 74 39 juni
759 1120 93 29 1944.

721 1226 47 30 På
791 1226 300 30 bankoutskottets
1114 1225 140 38 vägnar:

767 1296 180 30 HARALD
964 1290 246 36 ÅKERBERG.

287 1549 58 27 Vid
367 1548 193 28 förestående
582 1548 131 26 ärendes
732 1546 251 35 slutbehandling
1004 1547 85 26 inom
1112 1546 146 27 utskottet
1280 1546 80 26 hava
1381 1545 136 27 närvarit

288 1600 73 28 från
395 1600 146 28 första
576 1600 194 27 kammaren:
795 1599 108 27 herrar
926 1595 166 37 Åkerberg,
1118 1597 193 36 Nordenson,
1334 1597 149 32 Sundvik,
1507 1594 229 37 Friggeråker",

250 1643 153 37 Sylwan",
423 1644 148 34 Leander,
593 1644 134 34 Löfgren
748 1644 59 27 och
827 1641 180 35 Sundelin";

289 1698 72 28 från
396 1698 136 27 andra
565 1697 195 27 kammaren:
788 1696 110 27 herrar
923 1695 164 33 Svedman,
1112 1695 142 33 Paulsen,
1278 1694 178 28 Andersson
1480 1695 9 26 i
1515 1692 219 36 Falkenberg”,

249 1743 178 27 Andersson
442 1743 9 27 i
465 1742 260 35 Munkaljungby,
741 1741 184 32 Barnekow,
940 1740 171 34 Sundberg,
1126 1739 124 27 Nilsson
1267 1739 9 27 i
1291 1738 221 28 Landskrona"
1529 1739 59 27 och
1604 1739 131 27 Persson

249 1790 7 25 i
282 1788 131 35 Norrby.

286 1883 12 14 +
321 1884 34 32 Ej
376 1884 176 24 närvarande
574 1883 45 24 vid
640 1881 173 26 utlåtandets
833 1881 146 31 justering.

679 2501 238 25 Centraltryckeriet,
937 2501 90 22 Esselte
1046 2501 38 21 ab.
1105 2501 137 22 Stockholm
1263 2502 50 20 1944

945 2540 101 22 442725
