2200 2630
418 178 20 30 4
866 180 377 32 Konstitutionsutskottets
1271 183 153 31 Utlåtande
1448 184 59 30 N:o
1531 187 44 27 10.

418 262 27 31 t.
490 270 55 24 ex.
586 259 69 36 den
699 259 231 49 disciplinära
959 260 375 51 bestraffningsrätten
1364 264 31 48 ej
1426 264 127 36 kunna
1582 265 78 36 helt
1687 266 68 36 och
1784 266 116 38 hållet
1929 282 90 37 upp-

419 310 139 38 häfvas.
615 311 80 37 Och
737 312 108 38 äfven
888 327 62 23 om
991 314 39 37 så
1057 315 98 36 vorel
1213 316 53 35 De
1296 317 159 36 militära
1483 318 295 49 ensidigheterna
1806 322 68 35 och
1903 323 118 36 öfver-

419 364 176 38 drifterna
622 365 204 38 framträda
855 367 94 37 dock
977 368 11 35 i
1017 367 176 51 ofantligt
1221 369 132 50 många
1381 371 114 36 andra
1523 373 185 49 yttringar
1736 381 45 29 än
1810 375 57 46 de,
1889 375 130 37 hvilka

418 419 78 36 visa
532 420 53 48 sig
626 420 12 35 i
681 418 96 38 form
806 420 40 37 af
871 422 363 37 otillfredsställande
1262 424 263 51 rättsskipning
1554 426 66 37 och
1648 427 179 37 inhuman
1856 429 162 37 hestraff-

418 472 99 49 ning.
572 473 54 36 De
654 475 126 35 kunna
807 473 204 39 framträda
1038 476 11 35 i
1078 475 168 38 afseende
1273 477 47 49 på
1348 478 130 49 själfva
1506 480 269 50 utbildningen,
1803 482 46 48 på
1877 482 141 51 öfning-

419 539 106 24 arnas
553 527 245 50 användning,
827 528 46 50 på
902 530 44 35 de
974 530 158 36 militära
1161 532 191 48 anslagens
1380 535 96 34 rätta
1504 534 241 49 begagnande
1774 536 67 36 och
1870 538 150 48 mycket

417 586 122 31 annat.

526 633 79 49 Nej,
650 635 383 51 krigslagstifningens
1075 638 157 36 revision
1275 646 41 29 är
1343 639 213 50 visserligen
1585 641 222 50 nödvändig,
1834 655 84 24 men
1947 644 70 36 den

417 691 41 32 är
486 688 151 36 alldeles
664 689 32 48 ej
727 689 203 50 tillräcklig
958 690 58 37 för
1044 695 55 33 att
1127 692 105 49 värja
1259 704 56 25 oss
1342 698 101 32 emot
1471 695 271 36 militarismens
1769 696 111 37 faror.
1929 697 89 37 Där-

417 741 61 36 till
505 740 140 38 fordras
674 741 110 39 äfven
811 745 112 48 något
952 750 118 31 annat.

526 795 83 36 Man
638 797 105 36 torde
771 797 82 36 med
884 799 157 48 sanning
1068 799 127 36 kunna
1224 799 112 49 påstå,
1366 803 57 34 att
1451 805 54 32 ett
1532 801 42 37 af
1598 802 45 36 de
1662 807 92 32 mest
1773 804 244 37 utmärkande

417 848 139 49 dragen
584 850 11 35 i
623 849 62 37 det
714 850 173 38 moderna
915 857 101 32 stats-
1045 853 66 36 och
1141 852 282 38 sambhällslifvet
1452 861 41 29 är
1521 854 79 37 dess
1628 857 162 36 sträfvan
1810 862 55 31 att
1883 870 133 37 genom

418 914 45 24 en
503 903 172 36 särskildt
716 904 187 36 anordnad
947 906 300 37 kontrollerande
1288 908 235 37 verksamhet
1564 909 115 49 skapa
1711 915 53 31 ett
1792 911 117 48 skydd
1939 917 79 31 mot

417 956 196 36 missbruk.
669 958 88 36 Man
800 959 66 35 har
908 960 182 49 nämligen
1120 961 168 37 alltmera
1316 962 97 48 gjort
1441 961 70 37 den
1540 961 264 48 erfarenheten,
1834 970 54 30 att
1915 966 106 48 lagar

417 1009 69 36 och
510 1010 259 46 institutioner,
799 1011 128 37 hvilka
955 1013 218 36 tillkommit
1201 1013 57 37 för
1286 1015 190 36 allmänna
1504 1015 170 38 ändamål
1702 1017 69 36 och
1794 1016 58 38 för
1871 1018 146 37 hvilkas

417 1063 323 49 upprätthållande
768 1065 12 34 i
808 1064 249 49 lagstiftarens
1085 1067 96 35 anda
1205 1068 31 48 ej
1266 1068 73 35 kan
1364 1068 180 49 påräknas
1563 1070 169 36 verksam
1748 1072 90 35 eller
1856 1072 161 36 tillräck-

416 1116 56 49 lig
500 1116 101 51 hjälp
630 1116 39 37 af
695 1116 44 37 de
768 1118 182 36 enskildes
978 1120 184 45 intressen,
1191 1119 131 38 kräfva
1349 1122 178 36 särskilda
1550 1123 388 51 skyddsanordningar
1956 1124 60 38 för

417 1175 56 32 att
502 1171 31 48 ej
563 1171 11 35 i
603 1171 279 49 tillämpningen
912 1178 126 31 urarta
1065 1174 87 36 eller
1178 1173 87 37 råka
1295 1174 10 35 i
1334 1174 174 37 vanhäfd.

526 1224 82 36 Man
634 1223 147 38 fordrar
808 1225 154 37 sålunda
981 1227 217 49 inspektion,
1218 1227 61 37 det
1298 1228 67 37 vill
1383 1235 87 43 säga
1489 1229 163 37 kontroll
1668 1229 55 38 för
1742 1232 274 38 öfvervakande

418 1276 39 37 af
484 1278 69 36 den
582 1278 134 36 sociala
740 1279 298 49 lagstiftningens
1061 1281 247 50 tillämpning,
1338 1295 86 23 man
1454 1281 143 38 fordrar
1623 1284 164 37 kontroll
1816 1284 103 39 öfver
1947 1286 69 37 fat-

416 1330 205 50 tigvården,
651 1330 104 38 öfver
782 1332 224 38 vidsträckta
1034 1334 102 36 delar
1163 1334 40 37 af
1229 1336 456 49 undervisningsväsendet
1713 1351 30 23 o.
1773 1352 26 23 s.
1830 1353 33 23 v.

525 1386 87 36 Men
655 1387 70 35 kan
765 1388 105 44 något
896 1400 92 24 vara
1015 1390 13 34 i
1055 1392 109 33 större
1192 1390 105 43 behof
1318 1390 48 43 af
1387 1391 147 36 kontroll
1562 1396 47 31 än
1631 1394 77 41 just
1728 1393 286 43 försvarsväsen-

417 1440 78 37 det?
548 1438 345 39 Försvarsväsendet
922 1442 123 36 slukar
1069 1443 43 48 ju
1140 1456 43 23 en
1213 1443 107 49 högst
1348 1445 179 49 väsentlig
1555 1445 59 36 del
1643 1444 42 37 af
1706 1445 44 37 de
1770 1447 148 46 skatter,
1936 1461 77 23 som

416 1491 120 38 folket
563 1494 61 35 till
652 1494 319 37 statsändamålets
999 1494 206 50 främjande
1234 1496 175 49 pålägger
1437 1497 66 49 sig.
1562 1497 71 37 Det
1661 1498 113 38 måste
1803 1501 46 36 då
1868 1513 89 24 vara
1976 1501 41 37 af

416 1546 92 45 vikt,
549 1552 54 30 att
635 1546 75 37 full
737 1548 169 36 säkerhet
934 1549 125 36 vinnes
1085 1550 59 36 för
1171 1555 55 31 att
1255 1550 100 36 dessa
1383 1550 149 51 väldiga
1561 1564 165 25 summor
1754 1555 187 36 användas
1968 1557 47 47 på

417 1599 63 37 det
508 1600 101 36 bästa
638 1600 68 37 och
734 1606 94 32 mest
855 1601 312 51 fruktbringande
1196 1607 77 33 sätt.

523 1653 345 40 Försvarsväsendet
896 1655 151 50 ålägger
1066 1657 123 37 vidare
1209 1657 265 50 medborgarne
1494 1659 189 50 betydliga
1703 1662 210 49 personliga
1933 1663 80 36 bör-

415 1707 79 45 dor,
522 1707 68 36 och
618 1721 60 23 om
707 1708 80 37 dess
815 1710 214 50 utveckling
1056 1712 47 47 på
1130 1712 189 36 allmänna
1347 1712 253 49 värnpliktens
1627 1714 122 48 grund
1769 1714 168 38 kommer
1955 1717 59 35 till

415 1760 117 46 stånd,
561 1760 118 38 blifva
708 1762 102 37 dessa
838 1763 137 36 bördor
1002 1764 267 49 mångdubbelt
1296 1770 126 32 större.
1468 1766 72 36 Det
1558 1766 115 37 måste
1693 1766 46 37 då
1758 1781 86 23 vara
1864 1768 42 37 af
1921 1770 91 45 vikt,

415 1820 54 30 att
511 1816 174 49 trygghet
723 1817 126 36 vinnes
881 1816 61 37 för
971 1823 55 31 att
1051 1819 139 47 jämväl
1218 1819 102 37 dessa
1348 1820 207 49 personliga
1584 1820 255 51 uppoffringar
1867 1829 104 43 tagas
1999 1824 11 34 i

415 1868 155 49 anspråk
599 1868 47 49 på
675 1869 61 36 det
764 1870 166 37 klokaste
959 1871 68 37 och
1055 1870 58 37 för
1140 1871 240 38 fosterlandet
1407 1874 196 49 nyttigaste
1632 1879 82 33 sätt.

521 1922 41 49 Ej
593 1935 72 36 nog
693 1922 158 38 därmed.
907 1924 56 37 De
991 1926 208 50 personliga
1222 1927 160 48 tjänster,
1410 1939 77 24 som
1515 1926 148 39 kräfvas
1691 1928 41 36 af
1758 1929 142 37 landets
1920 1943 90 37 ung-

413 1975 101 46 dom,
553 1982 62 30 äro
656 1977 39 35 af
736 1976 69 37 den
833 1978 150 37 alldeles
1007 1979 177 37 särskilda
1213 1980 259 46 beskaffenhet,
1501 1986 55 31 att
1584 1982 119 35 denna
1728 1983 163 49 ungdom
1920 1989 90 32 utan

412 2028 169 38 afseende
609 2029 47 50 på
679 2030 80 37 dess
787 2043 89 37 egen
905 2032 91 49 vilja
1024 2038 107 32 sättes
1159 2034 117 36 under
1303 2035 77 35 helt
1408 2034 113 37 andra
1550 2036 103 48 lagar
1681 2043 47 28 än
1757 2036 95 45 dem,
1879 2038 130 36 hvilka

412 2084 102 47 gälla
546 2082 59 37 för
632 2084 268 49 medborgarne
930 2086 11 35 i
971 2087 202 37 allmänhet
1203 2110 47 4 —
1282 2087 114 37 under
1423 2088 114 49 lagar,
1567 2089 135 46 hvilka,
1732 2102 53 24 om
1812 2091 46 36 de
1886 2092 122 48 gallde

411 2135 60 37 för
499 2137 264 49 medborgarne
791 2139 11 35 i
831 2140 211 45 allmänhet,
1071 2141 119 36 skulle
1218 2142 185 36 betraktas
1432 2141 116 38 såsom
1568 2143 247 36 innebärande
1835 2143 62 36 det
1916 2151 94 31 mest

412 2190 151 48 olidliga
590 2190 179 47 tillstånd,
796 2192 78 37 helt
902 2193 186 37 stridande
1111 2200 83 32 mot
1222 2195 44 36 de
1295 2195 90 36 allra
1405 2196 163 37 enklaste
1587 2194 301 52 frihetsbegrepp.
1936 2198 72 36 Det

411 2242 116 40 måste
566 2243 47 39 då
651 2258 87 24 vara
777 2244 41 37 af
856 2246 128 50 högsta
1012 2248 90 46 vikt,
1121 2253 64 32 att
1213 2249 115 37 denna
1355 2246 42 39 af
1422 2248 91 40 hård
1540 2249 276 54 nödvändighet
1834 2251 172 42 fordrade
