2190 2672
666 149 342 33 Jordbruksutskottets
1031 148 163 33 utlåtande
1217 148 52 33 Nr
1292 150 73 32 106.
1743 150 18 31 5

212 230 84 36 med
339 229 221 48 anslutning
600 229 58 36 till
699 229 62 36 det
789 243 46 22 av
863 229 282 37 vederbörande
1170 229 338 37 domänintendent
1536 228 166 50 avgivna
1729 234 75 43 ytt-

211 282 116 37 rande
369 281 12 36 1
410 281 166 47 ärendet,
607 284 141 46 ansåge
777 281 61 50 sig
865 282 128 36 kunna
1021 281 188 50 tillstyrka
1237 281 246 50 upplåtandet
1511 284 36 34 åt
1577 281 124 49 Dalby
1730 281 75 37 för-

213 335 165 49 samling
406 348 47 23 av
481 334 133 37 endast
638 334 63 37 det
721 337 20 33 å
760 334 72 37 den
860 335 277 48 handlingarna
1156 334 179 49 bifogade
1354 334 183 37 kartskiss
1557 339 90 32 över
1662 334 143 49 kungs-

212 387 166 49 gårdens
408 386 247 37 ekonomihus
684 386 85 37 med
798 400 101 23 mera
927 386 84 37 med
1039 389 240 44 rödprickade
1306 386 111 49 linjer
1444 387 190 36 utmärkta
1653 387 152 36 område

213 452 60 23 om
317 441 48 35 80
406 439 290 36 kvadratmeter.
753 438 131 37 Såsom
926 439 137 36 villkor
1103 439 58 36 för
1201 438 238 50 upplåtelsen
1479 441 142 46 ansåge
1655 439 150 36 stuteri-

213 491 288 49 överstyrelsen,
544 490 179 37 likaledes
760 490 12 37 i
802 490 375 38 överensstämmelse
1218 491 85 37 med
1344 490 72 37 vad
1458 504 45 23 av
1544 491 260 36 domäninten-

214 543 138 37 denten
393 542 230 49 föreslagits,
651 548 54 30 att
732 543 276 48 församlingen
1036 542 116 38 borde
1181 544 158 48 åläggas
1369 545 32 42 e&
1428 545 143 35 mindre
1599 548 55 31 att
1682 543 124 37 betala

214 595 213 49 ersättning
467 595 85 37 med
589 596 252 48 sammanlagt
884 597 73 35 535
985 595 149 48 kronor,
1165 595 113 37 därav
1305 595 55 37 till
1389 595 146 37 kronan
1566 597 71 35 160
1667 595 139 37 kronor

214 648 59 36 för
300 648 165 47 marken,
496 647 96 37 efter
617 650 64 33 två
701 647 140 37 kronor
860 648 58 36 för
942 648 286 48 kvadratmeter,
1250 648 69 36 och
1342 649 45 35 75
1403 647 139 37 kronor
1559 648 56 36 för
1632 647 173 37 minskad

215 699 372 49 ekonomibyggnad,
614 704 97 32 samt
738 700 57 36 till
823 700 246 36 arrendatorn
1097 700 140 36 Wendt
1266 702 73 35 300
1368 700 138 36 kronor
1535 700 57 37 för
1606 700 198 36 utförande

213 766 47 22 av
302 752 63 36 det
405 752 347 49 byggnadsarbete,
795 765 78 23 som
916 752 233 37 erfordrades
1179 752 57 36 för
1264 752 163 48 ändring
1455 766 47 22 av
1529 751 276 50 byggnaderna

214 804 85 37 med
327 817 114 34 mera,
472 804 70 36 och
562 804 58 36 för
640 804 154 49 intrång
813 804 117 37 under
946 804 259 37 arrendetiden
1220 817 139 36 genom
1375 804 429 50 ekonomibyggnadens

214 857 233 48 minskning,
492 863 48 29 än
578 862 90 31 även
710 861 54 31 att
804 857 75 36 låta
918 859 49 47 på
1008 870 46 23 av
1083 856 384 37 domänintendenten
1495 856 207 49 föreslaget
1731 861 75 32 sätt

213 909 206 37 verkställa
460 909 70 35 och
571 908 157 37 bekosta
760 909 195 48 inhägnad
984 923 45 22 av
1058 909 168 36 området
1253 909 12 36 i
1293 909 118 49 fråga.
1468 909 73 36 Det
1569 909 145 36 kronan
1741 908 64 37 vid

214 961 132 37 sådant
387 960 233 37 förhållande
661 961 284 37 tillkommande
986 960 385 50 ersättningsbelopp,
1409 962 73 35 235
1511 961 151 46 kronor,
1691 960 115 37 borde

214 1013 121 49 enligt
364 1013 434 49 stuteriöverstyrelsens
823 1013 99 36 åsikt
946 1013 128 37 ställas
1101 1013 57 36 till
1187 1013 161 49 Flyinge
1375 1013 248 49 hingstdepås
1646 1013 159 49 disposi-

213 1066 91 46 tion,
333 1066 86 36 med
447 1064 218 50 skyldighet
693 1065 58 36 för
778 1065 255 50 hingstdepån
1062 1071 54 31 att
1143 1065 57 36 till
1229 1065 244 37 arrendatorn
1500 1065 140 37 Wendt
1660 1065 144 49 årligen

214 1118 120 36 under
374 1118 95 35 hans
509 1117 214 36 arrendetid
765 1117 166 37 utbetala
975 1118 74 36 fem
1077 1123 156 44 procent
1262 1120 19 33 å
1310 1117 412 50 ersättningsbeloppet
1749 1118 58 36 för

209 1170 262 49 jordområdet
499 1172 124 34 såsom
652 1170 234 48 gottgörelse
914 1170 58 37 för
996 1170 232 48 mistningen
1257 1184 46 22 av
1332 1169 217 37 detsamma.

343 1222 18 36 I
399 1221 238 49 underdånig
672 1222 181 36 skrivelse
891 1222 70 36 den
986 1224 46 34 23
1063 1222 153 48 augusti
1247 1223 94 36 1907
1373 1222 67 36 har
1468 1222 336 49 domänstyrelsen,

212 1275 122 36 under
375 1274 208 36 anförande
625 1279 54 31 att
720 1287 138 35 genom
892 1274 293 49 församlingens
1223 1274 221 36 biträdande
1468 1288 47 23 av
1544 1274 261 36 domäninten-

213 1327 160 37 dentens
403 1326 146 48 förslag
577 1326 85 36 dess
690 1326 246 37 förevarande
964 1326 282 50 framställning
1274 1329 119 34 måste
1421 1340 88 23 vara
1538 1331 55 31 att
1623 1329 39 33 så
1677 1326 127 44 förstå,

214 1385 54 30 att
310 1378 272 48 församlingen
620 1381 140 45 avsåge
790 1383 54 32 att
872 1379 85 36 med
986 1378 223 49 äganderätt
1237 1379 176 36 förvärva
1440 1379 63 36 det
1531 1378 163 47 område,
1725 1392 80 23 som

213 1431 127 36 kunde
367 1431 121 36 finnas
517 1431 93 36 böra
637 1431 58 35 för
722 1431 289 47 ifrågavarande
1039 1431 172 36 ändamål
1240 1430 57 37 till
1325 1431 272 47 församlingen
1621 1431 184 48 upplåtas,

214 1488 98 32 samt
340 1483 84 36 med
454 1483 290 37 överlämnande
773 1496 45 23 av
839 1483 153 37 ärendet
1010 1482 158 38 rörande
1189 1482 225 49 handlingar
1432 1482 224 37 underställt
1671 1482 136 49 frågan

215 1535 141 48 Kungl.
397 1535 125 49 Maj:ts
563 1535 192 48 prövning
797 1535 70 36 och
909 1535 132 36 därvid
1083 1535 196 49 tillstyrkt,
1315 1540 55 31 att
1398 1535 62 36 det
1489 1548 47 22 av
1564 1535 242 36 stuteriöver-

215 1588 184 48 styrelsen
443 1586 198 36 förordade
675 1588 169 35 området
882 1601 46 22 av
955 1587 290 48 ifrågavarande
1274 1587 58 36 del
1360 1601 46 22 av
1434 1586 122 49 Dalby
1585 1586 222 49 kungsgård

214 1641 116 34 måtte
372 1638 56 36 till
471 1638 274 48 församlingen
774 1638 173 50 försäljas
976 1641 48 47 på
1053 1643 74 32 sätt
1155 1639 69 36 och
1251 1639 121 36 under
1398 1638 138 36 villkor
1564 1639 244 36 stuteriöver-

216 1691 184 49 styrelsen
447 1690 197 49 föreslagit
690 1692 71 35 och
806 1697 56 29 att
902 1692 86 35 med
1030 1691 274 48 dispositionen
1350 1705 46 21 av
1442 1691 62 36 det
1549 1690 147 36 kronan
1735 1691 73 36 till-

216 1743 226 36 kommande
486 1742 370 50 ersättningsbelopp
894 1746 115 34 måtte
1037 1743 161 36 förfaras
1225 1746 49 46 på
1298 1747 76 32 sätt
1398 1743 410 49 stuteriöverstyrelsen

217 1795 210 47 ifrågasatt.

345 1847 72 36 Till
446 1847 95 49 följd
570 1860 45 23 av
644 1847 166 37 erhållen
837 1847 136 36 remiss
1001 1848 68 36 har
1091 1847 475 37 överintendentsämbetet
1586 1848 146 48 avgivit
1750 1852 59 31 ut-

217 1899 151 36 låtande
410 1899 11 36 i
450 1899 102 37 detta
580 1899 139 36 ärende
746 1899 72 37 den
849 1901 45 34 15
924 1899 159 37 oktober
1114 1901 94 35 1907
1240 1900 69 36 och
1338 1900 130 36 därvid
1497 1899 136 48 anfört,
1664 1904 54 31 att
1746 1900 63 36 det

219 1957 129 43 syntes
390 1951 175 47 ämbetet,
609 1964 81 23 som
719 1964 60 23 om
808 1951 71 37 den
906 1951 156 48 förgård
1091 1952 59 36 till
1177 1951 124 50 Dalby
1325 1951 132 49 kyrka,
1487 1965 80 23 som
1597 1952 121 36 skulle
1746 1952 63 36 be-

217 2003 110 37 redas
355 2017 139 35 genom
523 2003 277 49 godkännande
831 2017 44 23 av
902 2004 75 36 vad
1006 2004 326 49 domänstyrelsen
1356 2004 179 47 förordat,
1556 2003 107 37 bleve
1683 2003 127 37 alltför

218 2058 127 46 trång,
374 2056 70 36 och
482 2060 54 32 att
578 2056 71 36 den
691 2056 116 36 sneda
849 2056 280 49 avskärningen
1158 2070 45 22 av
1230 2055 469 50 »ekonomibyggnaden»,
1729 2069 80 23 som

220 2108 121 48 enligt
369 2121 144 23 samma
540 2108 147 47 förslag
716 2108 119 36 skulle
864 2108 286 49 ifrågakomma,
1180 2108 108 37 bleve
1317 2109 59 36 för
1405 2113 90 44 ögat
1522 2108 11 35 1
1556 2109 141 47 högsta
1715 2108 95 48 grad

219 2160 187 36 störande.
462 2160 107 36 Efter
610 2160 184 36 ämbetets
836 2161 157 47 mening
1033 2160 121 36 skulle
1196 2165 53 31 ett
1290 2160 87 36 vida
1404 2160 157 48 lugnare
1589 2160 70 37 och
1686 2160 125 36 bättre

219 2211 153 49 intryck
413 2211 129 37 kunna
571 2211 289 49 åstadkommas,
891 2225 59 23 om
980 2226 85 22 man
1089 2212 75 37 läte
1193 2212 419 49 ekonomibyggnaden,
1643 2225 81 24 som
1752 2217 58 31 ut-

221 2263 154 50 gjordes
418 2277 45 23 av
505 2277 45 23 en
591 2264 146 48 ganska
778 2264 152 49 prydlig
966 2263 412 50 korsvirkesbyggnad,
1407 2264 151 36 kvarstå
1587 2267 123 34 sågeom
1739 2264 71 36 den
