<?xml version="1.0" encoding="UTF-8"?>
<alto xmlns="http://www.loc.gov/standards/alto/ns-v3#" xmlns:xlink="http://www.w3.org/1999/xlink" xmlns:xsi="http://www.w3.org/2001/XMLSchema-instance" xsi:schemaLocation="http://www.loc.gov/standards/alto/ns-v3# http://www.loc.gov/alto/v3/alto-3-0.xsd">
	<Description>
		<MeasurementUnit>pixel</MeasurementUnit>
		<sourceImageInformation>
			<fileName>/tmp/tess_pxpk7t_5_input.PNG</fileName>
		</sourceImageInformation>
		<OCRProcessing ID="OCR_0">
			<ocrProcessingStep>
				<processingSoftware>
					<softwareName>tesseract 5.3.0</softwareName>
				</processingSoftware>
			</ocrProcessingStep>
		</OCRProcessing>
	</Description>
	<Layout>
		<Page WIDTH="2190" HEIGHT="2680" PHYSICAL_IMG_NR="0" ID="page_0">
			<PrintSpace HPOS="0" VPOS="0" WIDTH="2190" HEIGHT="2680">
				<ComposedBlock ID="cblock_0" HPOS="435" VPOS="149" WIDTH="1095" HEIGHT="38">
					<TextBlock ID="block_0" HPOS="435" VPOS="149" WIDTH="1095" HEIGHT="38">
						<TextLine ID="line_0" HPOS="435" VPOS="149" WIDTH="1095" HEIGHT="38">
							<String ID="string_0" HPOS="435" VPOS="155" WIDTH="19" HEIGHT="32" WC="0.95" CONTENT="6"/><SP WIDTH="375" VPOS="155" HPOS="454"/>
							<String ID="string_1" HPOS="829" VPOS="151" WIDTH="345" HEIGHT="34" WC="0.83" CONTENT="Jordbrulksutskottets"/><SP WIDTH="22" VPOS="151" HPOS="1174"/>
							<String ID="string_2" HPOS="1196" VPOS="149" WIDTH="163" HEIGHT="34" WC="0.96" CONTENT="utlåtande"/><SP WIDTH="23" VPOS="149" HPOS="1359"/>
							<String ID="string_3" HPOS="1382" VPOS="150" WIDTH="54" HEIGHT="31" WC="0.93" CONTENT="Nr"/><SP WIDTH="24" VPOS="150" HPOS="1436"/>
							<String ID="string_4" HPOS="1460" VPOS="150" WIDTH="70" HEIGHT="32" WC="0.93" CONTENT="106."/>
						</TextLine>
					</TextBlock>
				</ComposedBlock>
				<ComposedBlock ID="cblock_1" HPOS="380" VPOS="229" WIDTH="1604" HEIGHT="2094">
					<TextBlock ID="block_1" HPOS="384" VPOS="229" WIDTH="1600" HEIGHT="634">
						<TextLine ID="line_1" HPOS="392" VPOS="229" WIDTH="1592" HEIGHT="54">
							<String ID="string_5" HPOS="392" VPOS="235" WIDTH="166" HEIGHT="37" WC="0.93" CONTENT="befunne"/><SP WIDTH="47" VPOS="235" HPOS="558"/>
							<String ID="string_6" HPOS="605" VPOS="233" WIDTH="59" HEIGHT="50" WC="0.95" CONTENT="sig"/><SP WIDTH="42" VPOS="233" HPOS="664"/>
							<String ID="string_7" HPOS="706" VPOS="233" WIDTH="69" HEIGHT="37" WC="0.92" CONTENT="och"/><SP WIDTH="43" VPOS="233" HPOS="775"/>
							<String ID="string_8" HPOS="818" VPOS="233" WIDTH="157" HEIGHT="37" WC="0.92" CONTENT="allenast"/><SP WIDTH="44" VPOS="233" HPOS="975"/>
							<String ID="string_9" HPOS="1019" VPOS="232" WIDTH="176" HEIGHT="48" WC="0.91" CONTENT="borttoge"/><SP WIDTH="46" VPOS="232" HPOS="1195"/>
							<String ID="string_10" HPOS="1241" VPOS="231" WIDTH="63" HEIGHT="37" WC="0.96" CONTENT="det"/><SP WIDTH="44" VPOS="231" HPOS="1304"/>
							<String ID="string_11" HPOS="1348" VPOS="230" WIDTH="127" HEIGHT="50" WC="0.96" CONTENT="plank,"/><SP WIDTH="47" VPOS="230" HPOS="1475"/>
							<String ID="string_12" HPOS="1522" VPOS="243" WIDTH="81" HEIGHT="25" WC="0.93" CONTENT="som"/><SP WIDTH="46" VPOS="243" HPOS="1603"/>
							<String ID="string_13" HPOS="1649" VPOS="229" WIDTH="58" HEIGHT="37" WC="0.93" CONTENT="för"/><SP WIDTH="41" VPOS="229" HPOS="1707"/>
							<String ID="string_14" HPOS="1748" VPOS="229" WIDTH="236" HEIGHT="38" WC="0.85" CONTENT="närvarande"/>
						</TextLine>
						<TextLine ID="line_2" HPOS="391" VPOS="282" WIDTH="1592" HEIGHT="55">
							<String ID="string_15" HPOS="391" VPOS="287" WIDTH="162" HEIGHT="50" WC="0.96" CONTENT="stängde"/><SP WIDTH="40" VPOS="287" HPOS="553"/>
							<String ID="string_16" HPOS="593" VPOS="300" WIDTH="189" HEIGHT="37" WC="0.94" CONTENT="passagen"/><SP WIDTH="41" VPOS="300" HPOS="782"/>
							<String ID="string_17" HPOS="823" VPOS="285" WIDTH="137" HEIGHT="38" WC="0.93" CONTENT="mellan"/><SP WIDTH="29" VPOS="285" HPOS="960"/>
							<String ID="string_18" HPOS="989" VPOS="284" WIDTH="242" HEIGHT="39" WC="0.90" CONTENT="oftanämnda"/><SP WIDTH="28" VPOS="284" HPOS="1231"/>
							<String ID="string_19" HPOS="1259" VPOS="284" WIDTH="184" HEIGHT="50" WC="0.96" CONTENT="byggnad"/><SP WIDTH="34" VPOS="284" HPOS="1443"/>
							<String ID="string_20" HPOS="1477" VPOS="284" WIDTH="70" HEIGHT="37" WC="0.96" CONTENT="och"/><SP WIDTH="31" VPOS="284" HPOS="1547"/>
							<String ID="string_21" HPOS="1578" VPOS="282" WIDTH="169" HEIGHT="50" WC="0.96" CONTENT="kyrkans"/><SP WIDTH="27" VPOS="282" HPOS="1747"/>
							<String ID="string_22" HPOS="1774" VPOS="287" WIDTH="97" HEIGHT="44" WC="0.93" CONTENT="torn,"/><SP WIDTH="29" VPOS="287" HPOS="1871"/>
							<String ID="string_23" HPOS="1900" VPOS="296" WIDTH="83" HEIGHT="23" WC="0.92" CONTENT="var-"/>
						</TextLine>
						<TextLine ID="line_3" HPOS="390" VPOS="335" WIDTH="1593" HEIGHT="56">
							<String ID="string_24" HPOS="390" VPOS="341" WIDTH="155" HEIGHT="50" WC="0.96" CONTENT="igenom"/><SP WIDTH="47" VPOS="341" HPOS="545"/>
							<String ID="string_25" HPOS="592" VPOS="353" WIDTH="85" HEIGHT="23" WC="0.87" CONTENT="man"/><SP WIDTH="46" VPOS="353" HPOS="677"/>
							<String ID="string_26" HPOS="723" VPOS="339" WIDTH="142" HEIGHT="38" WC="0.87" CONTENT="erhölle"/><SP WIDTH="46" VPOS="339" HPOS="865"/>
							<String ID="string_27" HPOS="911" VPOS="352" WIDTH="47" HEIGHT="24" WC="0.96" CONTENT="en"/><SP WIDTH="45" VPOS="352" HPOS="958"/>
							<String ID="string_28" HPOS="1003" VPOS="340" WIDTH="248" HEIGHT="48" WC="0.95" CONTENT="genomgång"/><SP WIDTH="47" VPOS="340" HPOS="1251"/>
							<String ID="string_29" HPOS="1298" VPOS="350" WIDTH="47" HEIGHT="23" WC="0.96" CONTENT="av"/><SP WIDTH="43" VPOS="350" HPOS="1345"/>
							<String ID="string_30" HPOS="1388" VPOS="339" WIDTH="82" HEIGHT="34" WC="0.94" CONTENT="1.90"/><SP WIDTH="45" VPOS="339" HPOS="1470"/>
							<String ID="string_31" HPOS="1515" VPOS="341" WIDTH="138" HEIGHT="32" WC="0.96" CONTENT="meters"/><SP WIDTH="42" VPOS="341" HPOS="1653"/>
							<String ID="string_32" HPOS="1695" VPOS="335" WIDTH="128" HEIGHT="49" WC="0.95" CONTENT="bredd,"/><SP WIDTH="41" VPOS="335" HPOS="1823"/>
							<String ID="string_33" HPOS="1864" VPOS="336" WIDTH="119" HEIGHT="37" WC="0.96" CONTENT="vilket"/>
						</TextLine>
						<TextLine ID="line_4" HPOS="391" VPOS="388" WIDTH="1591" HEIGHT="52">
							<String ID="string_34" HPOS="391" VPOS="394" WIDTH="107" HEIGHT="37" WC="0.95" CONTENT="torde"/><SP WIDTH="41" VPOS="394" HPOS="498"/>
							<String ID="string_35" HPOS="539" VPOS="393" WIDTH="205" HEIGHT="37" WC="0.95" CONTENT="tillsvidare"/><SP WIDTH="39" VPOS="393" HPOS="744"/>
							<String ID="string_36" HPOS="783" VPOS="406" WIDTH="91" HEIGHT="23" WC="0.95" CONTENT="vara"/><SP WIDTH="35" VPOS="406" HPOS="874"/>
							<String ID="string_37" HPOS="909" VPOS="392" WIDTH="64" HEIGHT="36" WC="0.96" CONTENT="vid"/><SP WIDTH="43" VPOS="392" HPOS="973"/>
							<String ID="string_38" HPOS="1016" VPOS="390" WIDTH="118" HEIGHT="49" WC="0.96" CONTENT="sagda"/><SP WIDTH="40" VPOS="390" HPOS="1134"/>
							<String ID="string_39" HPOS="1174" VPOS="391" WIDTH="122" HEIGHT="49" WC="0.94" CONTENT="punkt"/><SP WIDTH="40" VPOS="391" HPOS="1296"/>
							<String ID="string_40" HPOS="1336" VPOS="389" WIDTH="232" HEIGHT="49" WC="0.94" CONTENT="tillräckligt."/><SP WIDTH="57" VPOS="389" HPOS="1568"/>
							<String ID="string_41" HPOS="1625" VPOS="388" WIDTH="140" HEIGHT="38" WC="0.96" CONTENT="Vidare"/><SP WIDTH="37" VPOS="388" HPOS="1765"/>
							<String ID="string_42" HPOS="1802" VPOS="402" WIDTH="90" HEIGHT="23" WC="0.96" CONTENT="vore"/><SP WIDTH="28" VPOS="402" HPOS="1892"/>
							<String ID="string_43" HPOS="1920" VPOS="389" WIDTH="62" HEIGHT="36" WC="0.96" CONTENT="det"/>
						</TextLine>
						<TextLine ID="line_5" HPOS="389" VPOS="441" WIDTH="1592" HEIGHT="55">
							<String ID="string_44" HPOS="389" VPOS="446" WIDTH="208" HEIGHT="50" WC="0.96" CONTENT="högeligen"/><SP WIDTH="41" VPOS="446" HPOS="597"/>
							<String ID="string_45" HPOS="638" VPOS="445" WIDTH="192" HEIGHT="48" WC="0.94" CONTENT="önskvärt,"/><SP WIDTH="41" VPOS="445" HPOS="830"/>
							<String ID="string_46" HPOS="871" VPOS="449" WIDTH="54" HEIGHT="32" WC="0.96" CONTENT="att"/><SP WIDTH="39" VPOS="449" HPOS="925"/>
							<String ID="string_47" HPOS="964" VPOS="444" WIDTH="150" HEIGHT="50" WC="0.96" CONTENT="platsen"/><SP WIDTH="40" VPOS="444" HPOS="1114"/>
							<String ID="string_48" HPOS="1154" VPOS="443" WIDTH="159" HEIGHT="37" WC="0.96" CONTENT="framför"/><SP WIDTH="27" VPOS="443" HPOS="1313"/>
							<String ID="string_49" HPOS="1340" VPOS="442" WIDTH="169" HEIGHT="50" WC="0.95" CONTENT="kyrkans"/><SP WIDTH="28" VPOS="442" HPOS="1509"/>
							<String ID="string_50" HPOS="1537" VPOS="447" WIDTH="127" HEIGHT="31" WC="0.96" CONTENT="västra"/><SP WIDTH="28" VPOS="447" HPOS="1664"/>
							<String ID="string_51" HPOS="1692" VPOS="441" WIDTH="107" HEIGHT="37" WC="0.96" CONTENT="fasad"/><SP WIDTH="29" VPOS="441" HPOS="1799"/>
							<String ID="string_52" HPOS="1828" VPOS="441" WIDTH="153" HEIGHT="50" WC="0.95" CONTENT="gjordes"/>
						</TextLine>
						<TextLine ID="line_6" HPOS="389" VPOS="494" WIDTH="1593" HEIGHT="54">
							<String ID="string_53" HPOS="389" VPOS="500" WIDTH="114" HEIGHT="37" WC="0.96" CONTENT="friare"/><SP WIDTH="37" VPOS="500" HPOS="503"/>
							<String ID="string_54" HPOS="540" VPOS="498" WIDTH="69" HEIGHT="37" WC="0.96" CONTENT="och"/><SP WIDTH="34" VPOS="498" HPOS="609"/>
							<String ID="string_55" HPOS="643" VPOS="498" WIDTH="216" HEIGHT="50" WC="0.94" CONTENT="rymligare."/><SP WIDTH="57" VPOS="498" HPOS="859"/>
							<String ID="string_56" HPOS="916" VPOS="497" WIDTH="87" HEIGHT="37" WC="0.96" CONTENT="Med"/><SP WIDTH="28" VPOS="497" HPOS="1003"/>
							<String ID="string_57" HPOS="1031" VPOS="497" WIDTH="148" HEIGHT="49" WC="0.96" CONTENT="hänsyn"/><SP WIDTH="27" VPOS="497" HPOS="1179"/>
							<String ID="string_58" HPOS="1206" VPOS="495" WIDTH="128" HEIGHT="37" WC="0.93" CONTENT="härtill"/><SP WIDTH="28" VPOS="495" HPOS="1334"/>
							<String ID="string_59" HPOS="1362" VPOS="495" WIDTH="117" HEIGHT="37" WC="0.92" CONTENT="funne"/><SP WIDTH="28" VPOS="495" HPOS="1479"/>
							<String ID="string_60" HPOS="1507" VPOS="494" WIDTH="475" HEIGHT="38" WC="0.90" CONTENT="överintendentsämbetet"/>
						</TextLine>
						<TextLine ID="line_7" HPOS="390" VPOS="547" WIDTH="1592" HEIGHT="54">
							<String ID="string_61" HPOS="390" VPOS="553" WIDTH="62" HEIGHT="48" WC="0.96" CONTENT="sig"/><SP WIDTH="28" VPOS="553" HPOS="452"/>
							<String ID="string_62" HPOS="480" VPOS="557" WIDTH="73" HEIGHT="44" WC="0.93" CONTENT="äga"/><SP WIDTH="28" VPOS="557" HPOS="553"/>
							<String ID="string_63" HPOS="581" VPOS="551" WIDTH="185" HEIGHT="49" WC="0.91" CONTENT="fullgiltig"/><SP WIDTH="28" VPOS="551" HPOS="766"/>
							<String ID="string_64" HPOS="794" VPOS="551" WIDTH="204" HEIGHT="48" WC="0.96" CONTENT="anledning"/><SP WIDTH="27" VPOS="551" HPOS="998"/>
							<String ID="string_65" HPOS="1025" VPOS="550" WIDTH="150" HEIGHT="46" WC="0.96" CONTENT="föreslå,"/><SP WIDTH="31" VPOS="550" HPOS="1175"/>
							<String ID="string_66" HPOS="1206" VPOS="553" WIDTH="54" HEIGHT="32" WC="0.96" CONTENT="att"/><SP WIDTH="28" VPOS="553" HPOS="1260"/>
							<String ID="string_67" HPOS="1288" VPOS="549" WIDTH="71" HEIGHT="36" WC="0.96" CONTENT="den"/><SP WIDTH="28" VPOS="549" HPOS="1359"/>
							<String ID="string_68" HPOS="1387" VPOS="553" WIDTH="127" HEIGHT="31" WC="0.96" CONTENT="västra"/><SP WIDTH="28" VPOS="553" HPOS="1514"/>
							<String ID="string_69" HPOS="1542" VPOS="552" WIDTH="164" HEIGHT="45" WC="0.96" CONTENT="gränsen"/><SP WIDTH="29" VPOS="552" HPOS="1706"/>
							<String ID="string_70" HPOS="1735" VPOS="547" WIDTH="59" HEIGHT="36" WC="0.96" CONTENT="för"/><SP WIDTH="28" VPOS="547" HPOS="1794"/>
							<String ID="string_71" HPOS="1822" VPOS="547" WIDTH="64" HEIGHT="37" WC="0.93" CONTENT="det"/><SP WIDTH="19" VPOS="547" HPOS="1886"/>
							<String ID="string_72" HPOS="1905" VPOS="560" WIDTH="77" HEIGHT="23" WC="0.92" CONTENT="om-"/>
						</TextLine>
						<TextLine ID="line_8" HPOS="388" VPOS="600" WIDTH="1594" HEIGHT="53">
							<String ID="string_73" HPOS="388" VPOS="605" WIDTH="100" HEIGHT="48" WC="0.96" CONTENT="råde,"/><SP WIDTH="36" VPOS="605" HPOS="488"/>
							<String ID="string_74" HPOS="524" VPOS="617" WIDTH="80" HEIGHT="24" WC="0.96" CONTENT="som"/><SP WIDTH="30" VPOS="617" HPOS="604"/>
							<String ID="string_75" HPOS="634" VPOS="603" WIDTH="119" HEIGHT="37" WC="0.91" CONTENT="skulle"/><SP WIDTH="29" VPOS="603" HPOS="753"/>
							<String ID="string_76" HPOS="782" VPOS="606" WIDTH="124" HEIGHT="34" WC="0.31" CONTENT="avstås"/><SP WIDTH="29" VPOS="606" HPOS="906"/>
							<String ID="string_77" HPOS="935" VPOS="603" WIDTH="56" HEIGHT="36" WC="0.96" CONTENT="till"/><SP WIDTH="29" VPOS="603" HPOS="991"/>
							<String ID="string_78" HPOS="1020" VPOS="602" WIDTH="284" HEIGHT="48" WC="0.96" CONTENT="församlingen,"/><SP WIDTH="30" VPOS="602" HPOS="1304"/>
							<String ID="string_79" HPOS="1334" VPOS="603" WIDTH="118" HEIGHT="34" WC="0.96" CONTENT="måtte"/><SP WIDTH="28" VPOS="603" HPOS="1452"/>
							<String ID="string_80" HPOS="1480" VPOS="601" WIDTH="136" HEIGHT="48" WC="0.95" CONTENT="läggas"/><SP WIDTH="28" VPOS="601" HPOS="1616"/>
							<String ID="string_81" HPOS="1644" VPOS="600" WIDTH="85" HEIGHT="36" WC="0.95" CONTENT="från"/><SP WIDTH="30" VPOS="600" HPOS="1729"/>
							<String ID="string_82" HPOS="1759" VPOS="602" WIDTH="53" HEIGHT="34" WC="0.95" CONTENT="7.5"/><SP WIDTH="32" VPOS="602" HPOS="1812"/>
							<String ID="string_83" HPOS="1844" VPOS="605" WIDTH="138" HEIGHT="32" WC="0.95" CONTENT="meters"/>
						</TextLine>
						<TextLine ID="line_9" HPOS="389" VPOS="652" WIDTH="1593" HEIGHT="51">
							<String ID="string_84" HPOS="389" VPOS="657" WIDTH="158" HEIGHT="38" WC="0.95" CONTENT="avstånd"/><SP WIDTH="43" VPOS="657" HPOS="547"/>
							<String ID="string_85" HPOS="590" VPOS="656" WIDTH="84" HEIGHT="37" WC="0.96" CONTENT="från"/><SP WIDTH="40" VPOS="656" HPOS="674"/>
							<String ID="string_86" HPOS="714" VPOS="661" WIDTH="144" HEIGHT="32" WC="0.93" CONTENT="tornets"/><SP WIDTH="38" VPOS="661" HPOS="858"/>
							<String ID="string_87" HPOS="896" VPOS="655" WIDTH="195" HEIGHT="38" WC="0.91" CONTENT="västfasad"/><SP WIDTH="33" VPOS="655" HPOS="1091"/>
							<String ID="string_88" HPOS="1124" VPOS="653" WIDTH="89" HEIGHT="39" WC="0.94" CONTENT="eller"/><SP WIDTH="27" VPOS="653" HPOS="1213"/>
							<String ID="string_89" HPOS="1240" VPOS="655" WIDTH="12" HEIGHT="36" WC="0.96" CONTENT="i"/><SP WIDTH="29" VPOS="655" HPOS="1252"/>
							<String ID="string_90" HPOS="1281" VPOS="653" WIDTH="294" HEIGHT="50" WC="0.94" CONTENT="fortsättningen"/><SP WIDTH="30" VPOS="653" HPOS="1575"/>
							<String ID="string_91" HPOS="1605" VPOS="666" WIDTH="45" HEIGHT="23" WC="0.93" CONTENT="av"/><SP WIDTH="29" VPOS="666" HPOS="1650"/>
							<String ID="string_92" HPOS="1679" VPOS="652" WIDTH="303" HEIGHT="51" WC="0.91" CONTENT="ekonomibygg-"/>
						</TextLine>
						<TextLine ID="line_10" HPOS="388" VPOS="705" WIDTH="1594" HEIGHT="51">
							<String ID="string_93" HPOS="388" VPOS="710" WIDTH="143" HEIGHT="36" WC="0.92" CONTENT="nadens"/><SP WIDTH="29" VPOS="710" HPOS="531"/>
							<String ID="string_94" HPOS="560" VPOS="715" WIDTH="126" HEIGHT="31" WC="0.93" CONTENT="västra"/><SP WIDTH="27" VPOS="715" HPOS="686"/>
							<String ID="string_95" HPOS="713" VPOS="709" WIDTH="200" HEIGHT="47" WC="0.92" CONTENT="fasadlinje"/><SP WIDTH="29" VPOS="709" HPOS="913"/>
							<String ID="string_96" HPOS="942" VPOS="709" WIDTH="70" HEIGHT="35" WC="0.96" CONTENT="och"/><SP WIDTH="29" VPOS="709" HPOS="1012"/>
							<String ID="string_97" HPOS="1041" VPOS="708" WIDTH="73" HEIGHT="35" WC="0.96" CONTENT="den"/><SP WIDTH="28" VPOS="708" HPOS="1114"/>
							<String ID="string_98" HPOS="1142" VPOS="707" WIDTH="112" HEIGHT="36" WC="0.96" CONTENT="södra"/><SP WIDTH="19" VPOS="707" HPOS="1254"/>
							<String ID="string_99" HPOS="1273" VPOS="712" WIDTH="162" HEIGHT="42" WC="0.96" CONTENT="gränsen"/><SP WIDTH="20" VPOS="712" HPOS="1435"/>
							<String ID="string_100" HPOS="1455" VPOS="706" WIDTH="139" HEIGHT="36" WC="0.96" CONTENT="utefter"/><SP WIDTH="19" VPOS="706" HPOS="1594"/>
							<String ID="string_101" HPOS="1613" VPOS="719" WIDTH="143" HEIGHT="22" WC="0.95" CONTENT="samma"/><SP WIDTH="19" VPOS="719" HPOS="1756"/>
							<String ID="string_102" HPOS="1775" VPOS="705" WIDTH="207" HEIGHT="47" WC="0.95" CONTENT="byggnads"/>
						</TextLine>
						<TextLine ID="line_11" HPOS="388" VPOS="756" WIDTH="1594" HEIGHT="55">
							<String ID="string_103" HPOS="388" VPOS="774" WIDTH="113" HEIGHT="24" WC="0.95" CONTENT="norra"/><SP WIDTH="32" VPOS="774" HPOS="501"/>
							<String ID="string_104" HPOS="533" VPOS="761" WIDTH="124" HEIGHT="50" WC="0.96" CONTENT="gavel,"/><SP WIDTH="29" VPOS="761" HPOS="657"/>
							<String ID="string_105" HPOS="686" VPOS="763" WIDTH="49" HEIGHT="47" WC="0.96" CONTENT="på"/><SP WIDTH="28" VPOS="763" HPOS="735"/>
							<String ID="string_106" HPOS="763" VPOS="764" WIDTH="75" HEIGHT="33" WC="0.96" CONTENT="sätt"/><SP WIDTH="27" VPOS="764" HPOS="838"/>
							<String ID="string_107" HPOS="865" VPOS="759" WIDTH="188" HEIGHT="37" WC="0.93" CONTENT="utmärkts"/><SP WIDTH="29" VPOS="759" HPOS="1053"/>
							<String ID="string_108" HPOS="1082" VPOS="761" WIDTH="20" HEIGHT="34" WC="0.92" CONTENT="å"/><SP WIDTH="28" VPOS="761" HPOS="1102"/>
							<String ID="string_109" HPOS="1130" VPOS="757" WIDTH="249" HEIGHT="38" WC="0.92" CONTENT="omförmälda"/><SP WIDTH="29" VPOS="757" HPOS="1379"/>
							<String ID="string_110" HPOS="1408" VPOS="757" WIDTH="99" HEIGHT="37" WC="0.96" CONTENT="skiss"/><SP WIDTH="28" VPOS="757" HPOS="1507"/>
							<String ID="string_111" HPOS="1535" VPOS="756" WIDTH="159" HEIGHT="38" WC="0.96" CONTENT="medelst"/><SP WIDTH="28" VPOS="756" HPOS="1694"/>
							<String ID="string_112" HPOS="1722" VPOS="769" WIDTH="45" HEIGHT="23" WC="0.96" CONTENT="en"/><SP WIDTH="21" VPOS="769" HPOS="1767"/>
							<String ID="string_113" HPOS="1788" VPOS="757" WIDTH="194" HEIGHT="46" WC="0.95" CONTENT="heldragen"/>
						</TextLine>
						<TextLine ID="line_12" HPOS="384" VPOS="813" WIDTH="193" HEIGHT="50">
							<String ID="string_114" HPOS="384" VPOS="816" WIDTH="66" HEIGHT="45" WC="0.96" CONTENT="gul"/><SP WIDTH="27" VPOS="816" HPOS="450"/>
							<String ID="string_115" HPOS="477" VPOS="813" WIDTH="100" HEIGHT="50" WC="0.92" CONTENT="linje."/>
						</TextLine>
					</TextBlock>
					<TextBlock ID="block_2" HPOS="381" VPOS="860" WIDTH="1600" HEIGHT="1048">
						<TextLine ID="line_13" HPOS="516" VPOS="860" WIDTH="1465" HEIGHT="51">
							<String ID="string_116" HPOS="516" VPOS="865" WIDTH="230" HEIGHT="37" WC="0.95" CONTENT="Fördelarna"/><SP WIDTH="43" VPOS="865" HPOS="746"/>
							<String ID="string_117" HPOS="789" VPOS="878" WIDTH="45" HEIGHT="23" WC="0.96" CONTENT="av"/><SP WIDTH="42" VPOS="878" HPOS="834"/>
							<String ID="string_118" HPOS="876" VPOS="864" WIDTH="104" HEIGHT="37" WC="0.96" CONTENT="detta"/><SP WIDTH="37" VPOS="864" HPOS="980"/>
							<String ID="string_119" HPOS="1017" VPOS="863" WIDTH="145" HEIGHT="48" WC="0.93" CONTENT="förslag"/><SP WIDTH="26" VPOS="863" HPOS="1162"/>
							<String ID="string_120" HPOS="1188" VPOS="885" WIDTH="50" HEIGHT="4" WC="0.88" CONTENT="—"/><SP WIDTH="29" VPOS="885" HPOS="1238"/>
							<String ID="string_121" HPOS="1267" VPOS="876" WIDTH="93" HEIGHT="34" WC="0.96" CONTENT="som,"/><SP WIDTH="41" VPOS="876" HPOS="1360"/>
							<String ID="string_122" HPOS="1401" VPOS="862" WIDTH="121" HEIGHT="48" WC="0.96" CONTENT="enligt"/><SP WIDTH="27" VPOS="862" HPOS="1522"/>
							<String ID="string_123" HPOS="1549" VPOS="862" WIDTH="75" HEIGHT="36" WC="0.96" CONTENT="vad"/><SP WIDTH="28" VPOS="862" HPOS="1624"/>
							<String ID="string_124" HPOS="1652" VPOS="861" WIDTH="164" HEIGHT="37" WC="0.96" CONTENT="ämbetet"/><SP WIDTH="27" VPOS="861" HPOS="1816"/>
							<String ID="string_125" HPOS="1843" VPOS="861" WIDTH="98" HEIGHT="36" WC="0.96" CONTENT="varit"/><SP WIDTH="27" VPOS="861" HPOS="1941"/>
							<String ID="string_126" HPOS="1968" VPOS="860" WIDTH="13" HEIGHT="37" WC="0.96" CONTENT="i"/>
						</TextLine>
						<TextLine ID="line_14" HPOS="388" VPOS="913" WIDTH="1593" HEIGHT="52">
							<String ID="string_127" HPOS="388" VPOS="918" WIDTH="148" HEIGHT="38" WC="0.96" CONTENT="tillfälle"/><SP WIDTH="30" VPOS="918" HPOS="536"/>
							<String ID="string_128" HPOS="566" VPOS="923" WIDTH="54" HEIGHT="32" WC="0.96" CONTENT="att"/><SP WIDTH="27" VPOS="923" HPOS="620"/>
							<String ID="string_129" HPOS="647" VPOS="917" WIDTH="119" HEIGHT="37" WC="0.96" CONTENT="under"/><SP WIDTH="27" VPOS="917" HPOS="766"/>
							<String ID="string_130" HPOS="793" VPOS="917" WIDTH="100" HEIGHT="37" WC="0.96" CONTENT="hand"/><SP WIDTH="28" VPOS="917" HPOS="893"/>
							<String ID="string_131" HPOS="921" VPOS="917" WIDTH="179" HEIGHT="48" WC="0.96" CONTENT="inhämta,"/><SP WIDTH="31" VPOS="917" HPOS="1100"/>
							<String ID="string_132" HPOS="1131" VPOS="920" WIDTH="142" HEIGHT="32" WC="0.95" CONTENT="ansetts"/><SP WIDTH="29" VPOS="920" HPOS="1273"/>
							<String ID="string_133" HPOS="1302" VPOS="914" WIDTH="177" HEIGHT="51" WC="0.95" CONTENT="lämpligt"/><SP WIDTH="28" VPOS="914" HPOS="1479"/>
							<String ID="string_134" HPOS="1507" VPOS="928" WIDTH="47" HEIGHT="23" WC="0.96" CONTENT="av"/><SP WIDTH="19" VPOS="928" HPOS="1554"/>
							<String ID="string_135" HPOS="1573" VPOS="914" WIDTH="102" HEIGHT="37" WC="0.93" CONTENT="såväl"/><SP WIDTH="20" VPOS="914" HPOS="1675"/>
							<String ID="string_136" HPOS="1695" VPOS="913" WIDTH="144" HEIGHT="37" WC="0.93" CONTENT="ställets"/><SP WIDTH="16" VPOS="913" HPOS="1839"/>
							<String ID="string_137" HPOS="1855" VPOS="926" WIDTH="126" HEIGHT="24" WC="0.92" CONTENT="arren-"/>
						</TextLine>
						<TextLine ID="line_15" HPOS="388" VPOS="966" WIDTH="1593" HEIGHT="52">
							<String ID="string_138" HPOS="388" VPOS="972" WIDTH="109" HEIGHT="36" WC="0.96" CONTENT="dator"/><SP WIDTH="42" VPOS="972" HPOS="497"/>
							<String ID="string_139" HPOS="539" VPOS="984" WIDTH="81" HEIGHT="24" WC="0.94" CONTENT="som"/><SP WIDTH="42" VPOS="984" HPOS="620"/>
							<String ID="string_140" HPOS="662" VPOS="970" WIDTH="194" HEIGHT="48" WC="0.94" CONTENT="åtskilliga"/><SP WIDTH="40" VPOS="970" HPOS="856"/>
							<String ID="string_141" HPOS="896" VPOS="969" WIDTH="282" HEIGHT="37" WC="0.95" CONTENT="vederbörande"/><SP WIDTH="41" VPOS="969" HPOS="1178"/>
							<String ID="string_142" HPOS="1219" VPOS="969" WIDTH="102" HEIGHT="35" WC="0.96" CONTENT="inom"/><SP WIDTH="40" VPOS="969" HPOS="1321"/>
							<String ID="string_143" HPOS="1361" VPOS="967" WIDTH="124" HEIGHT="50" WC="0.94" CONTENT="Dalby"/><SP WIDTH="40" VPOS="967" HPOS="1485"/>
							<String ID="string_144" HPOS="1525" VPOS="967" WIDTH="225" HEIGHT="47" WC="0.92" CONTENT="församling"/><SP WIDTH="35" VPOS="967" HPOS="1750"/>
							<String ID="string_145" HPOS="1785" VPOS="988" WIDTH="44" HEIGHT="4" WC="0.90" CONTENT="—"/><SP WIDTH="31" VPOS="988" HPOS="1829"/>
							<String ID="string_146" HPOS="1860" VPOS="966" WIDTH="121" HEIGHT="36" WC="0.96" CONTENT="skulle"/>
						</TextLine>
						<TextLine ID="line_16" HPOS="386" VPOS="1018" WIDTH="1594" HEIGHT="51">
							<String ID="string_147" HPOS="386" VPOS="1037" WIDTH="90" HEIGHT="23" WC="0.92" CONTENT="vara"/><SP WIDTH="41" VPOS="1037" HPOS="476"/>
							<String ID="string_148" HPOS="517" VPOS="1046" WIDTH="50" HEIGHT="3" WC="0.86" CONTENT="—"/><SP WIDTH="42" VPOS="1046" HPOS="567"/>
							<String ID="string_149" HPOS="609" VPOS="1023" WIDTH="165" HEIGHT="36" WC="0.96" CONTENT="förutom"/><SP WIDTH="44" VPOS="1023" HPOS="774"/>
							<String ID="string_150" HPOS="818" VPOS="1022" WIDTH="74" HEIGHT="36" WC="0.96" CONTENT="vad"/><SP WIDTH="45" VPOS="1022" HPOS="892"/>
							<String ID="string_151" HPOS="937" VPOS="1022" WIDTH="163" HEIGHT="36" WC="0.96" CONTENT="ämbetet"/><SP WIDTH="45" VPOS="1022" HPOS="1100"/>
							<String ID="string_152" HPOS="1145" VPOS="1020" WIDTH="115" HEIGHT="37" WC="0.95" CONTENT="redan"/><SP WIDTH="40" VPOS="1020" HPOS="1260"/>
							<String ID="string_153" HPOS="1300" VPOS="1020" WIDTH="164" HEIGHT="49" WC="0.95" CONTENT="påpekat"/><SP WIDTH="41" VPOS="1020" HPOS="1464"/>
							<String ID="string_154" HPOS="1505" VPOS="1019" WIDTH="141" HEIGHT="48" WC="0.96" CONTENT="därom,"/><SP WIDTH="43" VPOS="1019" HPOS="1646"/>
							<String ID="string_155" HPOS="1689" VPOS="1024" WIDTH="54" HEIGHT="31" WC="0.91" CONTENT="att"/><SP WIDTH="45" VPOS="1024" HPOS="1743"/>
							<String ID="string_156" HPOS="1788" VPOS="1018" WIDTH="192" HEIGHT="37" WC="0.91" CONTENT="ekonomi-"/>
						</TextLine>
						<TextLine ID="line_17" HPOS="387" VPOS="1071" WIDTH="1594" HEIGHT="54">
							<String ID="string_157" HPOS="387" VPOS="1075" WIDTH="236" HEIGHT="50" WC="0.94" CONTENT="byggnaden"/><SP WIDTH="41" VPOS="1075" HPOS="623"/>
							<String ID="string_158" HPOS="664" VPOS="1075" WIDTH="31" HEIGHT="49" WC="0.96" CONTENT="ej"/><SP WIDTH="44" VPOS="1075" HPOS="695"/>
							<String ID="string_159" HPOS="739" VPOS="1075" WIDTH="171" HEIGHT="37" WC="0.96" CONTENT="behövde"/><SP WIDTH="40" VPOS="1075" HPOS="910"/>
							<String ID="string_160" HPOS="950" VPOS="1077" WIDTH="49" HEIGHT="47" WC="0.96" CONTENT="på"/><SP WIDTH="34" VPOS="1077" HPOS="999"/>
							<String ID="string_161" HPOS="1033" VPOS="1079" WIDTH="53" HEIGHT="32" WC="0.96" CONTENT="ett"/><SP WIDTH="32" VPOS="1079" HPOS="1086"/>
							<String ID="string_162" HPOS="1118" VPOS="1073" WIDTH="59" HEIGHT="38" WC="0.96" CONTENT="för"/><SP WIDTH="28" VPOS="1073" HPOS="1177"/>
							<String ID="string_163" HPOS="1205" VPOS="1078" WIDTH="89" HEIGHT="44" WC="0.96" CONTENT="ögat"/><SP WIDTH="29" VPOS="1078" HPOS="1294"/>
							<String ID="string_164" HPOS="1323" VPOS="1072" WIDTH="175" HEIGHT="37" WC="0.95" CONTENT="stötande"/><SP WIDTH="29" VPOS="1072" HPOS="1498"/>
							<String ID="string_165" HPOS="1527" VPOS="1076" WIDTH="75" HEIGHT="33" WC="0.93" CONTENT="sätt"/><SP WIDTH="28" VPOS="1076" HPOS="1602"/>
							<String ID="string_166" HPOS="1630" VPOS="1077" WIDTH="169" HEIGHT="44" WC="0.91" CONTENT="stympas"/><SP WIDTH="28" VPOS="1077" HPOS="1799"/>
							<String ID="string_167" HPOS="1827" VPOS="1071" WIDTH="71" HEIGHT="36" WC="0.96" CONTENT="och"/><SP WIDTH="28" VPOS="1071" HPOS="1898"/>
							<String ID="string_168" HPOS="1926" VPOS="1075" WIDTH="55" HEIGHT="32" WC="0.96" CONTENT="att"/>
						</TextLine>
						<TextLine ID="line_18" HPOS="386" VPOS="1125" WIDTH="1594" HEIGHT="53">
							<String ID="string_169" HPOS="386" VPOS="1128" WIDTH="151" HEIGHT="50" WC="0.96" CONTENT="platsen"/><SP WIDTH="42" VPOS="1128" HPOS="537"/>
							<String ID="string_170" HPOS="579" VPOS="1128" WIDTH="156" HEIGHT="36" WC="0.92" CONTENT="framför"/><SP WIDTH="39" VPOS="1128" HPOS="735"/>
							<String ID="string_171" HPOS="774" VPOS="1127" WIDTH="242" HEIGHT="37" WC="0.91" CONTENT="västfasaden"/><SP WIDTH="40" VPOS="1127" HPOS="1016"/>
							<String ID="string_172" HPOS="1056" VPOS="1126" WIDTH="109" HEIGHT="37" WC="0.93" CONTENT="bleve"/><SP WIDTH="42" VPOS="1126" HPOS="1165"/>
							<String ID="string_173" HPOS="1207" VPOS="1129" WIDTH="40" HEIGHT="33" WC="0.95" CONTENT="så"/><SP WIDTH="42" VPOS="1129" HPOS="1247"/>
							<String ID="string_174" HPOS="1289" VPOS="1138" WIDTH="88" HEIGHT="36" WC="0.96" CONTENT="pass"/><SP WIDTH="41" VPOS="1138" HPOS="1377"/>
							<String ID="string_175" HPOS="1418" VPOS="1125" WIDTH="151" HEIGHT="49" WC="0.96" CONTENT="mycket"/><SP WIDTH="40" VPOS="1125" HPOS="1569"/>
							<String ID="string_176" HPOS="1609" VPOS="1129" WIDTH="131" HEIGHT="43" WC="0.96" CONTENT="större,"/><SP WIDTH="44" VPOS="1129" HPOS="1740"/>
							<String ID="string_177" HPOS="1784" VPOS="1128" WIDTH="65" HEIGHT="43" WC="0.95" CONTENT="att,"/><SP WIDTH="34" VPOS="1128" HPOS="1849"/>
							<String ID="string_178" HPOS="1883" VPOS="1127" WIDTH="97" HEIGHT="33" WC="0.96" CONTENT="även"/>
						</TextLine>
						<TextLine ID="line_19" HPOS="387" VPOS="1176" WIDTH="1591" HEIGHT="53">
							<String ID="string_179" HPOS="387" VPOS="1181" WIDTH="97" HEIGHT="36" WC="0.96" CONTENT="efter"/><SP WIDTH="27" VPOS="1181" HPOS="484"/>
							<String ID="string_180" HPOS="511" VPOS="1180" WIDTH="237" HEIGHT="49" WC="0.96" CONTENT="uppförande"/><SP WIDTH="29" VPOS="1180" HPOS="748"/>
							<String ID="string_181" HPOS="777" VPOS="1194" WIDTH="46" HEIGHT="22" WC="0.93" CONTENT="av"/><SP WIDTH="28" VPOS="1194" HPOS="823"/>
							<String ID="string_182" HPOS="851" VPOS="1184" WIDTH="203" HEIGHT="44" WC="0.92" CONTENT="gränsmur"/><SP WIDTH="28" VPOS="1184" HPOS="1054"/>
							<String ID="string_183" HPOS="1082" VPOS="1178" WIDTH="70" HEIGHT="36" WC="0.96" CONTENT="och"/><SP WIDTH="28" VPOS="1178" HPOS="1152"/>
							<String ID="string_184" HPOS="1180" VPOS="1178" WIDTH="204" HEIGHT="36" WC="0.95" CONTENT="eventuellt"/><SP WIDTH="33" VPOS="1178" HPOS="1384"/>
							<String ID="string_185" HPOS="1417" VPOS="1177" WIDTH="239" HEIGHT="48" WC="0.96" CONTENT="anläggande"/><SP WIDTH="29" VPOS="1177" HPOS="1656"/>
							<String ID="string_186" HPOS="1685" VPOS="1189" WIDTH="45" HEIGHT="23" WC="0.96" CONTENT="av"/><SP WIDTH="18" VPOS="1189" HPOS="1730"/>
							<String ID="string_187" HPOS="1748" VPOS="1176" WIDTH="230" HEIGHT="49" WC="0.96" CONTENT="plantering,"/>
						</TextLine>
						<TextLine ID="line_20" HPOS="387" VPOS="1228" WIDTH="1592" HEIGHT="52">
							<String ID="string_188" HPOS="387" VPOS="1232" WIDTH="218" HEIGHT="37" WC="0.92" CONTENT="förberörda"/><SP WIDTH="38" VPOS="1232" HPOS="605"/>
							<String ID="string_189" HPOS="643" VPOS="1232" WIDTH="106" HEIGHT="36" WC="0.96" CONTENT="fasad"/><SP WIDTH="41" VPOS="1232" HPOS="749"/>
							<String ID="string_190" HPOS="790" VPOS="1231" WIDTH="71" HEIGHT="37" WC="0.96" CONTENT="och"/><SP WIDTH="28" VPOS="1231" HPOS="861"/>
							<String ID="string_191" HPOS="889" VPOS="1231" WIDTH="72" HEIGHT="37" WC="0.96" CONTENT="den"/><SP WIDTH="28" VPOS="1231" HPOS="961"/>
							<String ID="string_192" HPOS="989" VPOS="1235" WIDTH="128" HEIGHT="32" WC="0.96" CONTENT="västra"/><SP WIDTH="27" VPOS="1235" HPOS="1117"/>
							<String ID="string_193" HPOS="1144" VPOS="1230" WIDTH="172" HEIGHT="50" WC="0.93" CONTENT="portalen"/><SP WIDTH="30" VPOS="1230" HPOS="1316"/>
							<String ID="string_194" HPOS="1346" VPOS="1232" WIDTH="20" HEIGHT="34" WC="0.93" CONTENT="å"/><SP WIDTH="27" VPOS="1232" HPOS="1366"/>
							<String ID="string_195" HPOS="1393" VPOS="1229" WIDTH="148" HEIGHT="50" WC="0.96" CONTENT="kyrkan"/><SP WIDTH="23" VPOS="1229" HPOS="1541"/>
							<String ID="string_196" HPOS="1564" VPOS="1229" WIDTH="120" HEIGHT="47" WC="0.95" CONTENT="bleve,"/><SP WIDTH="30" VPOS="1229" HPOS="1684"/>
							<String ID="string_197" HPOS="1714" VPOS="1231" WIDTH="125" HEIGHT="33" WC="0.93" CONTENT="såsom"/><SP WIDTH="29" VPOS="1231" HPOS="1839"/>
							<String ID="string_198" HPOS="1868" VPOS="1228" WIDTH="111" HEIGHT="36" WC="0.91" CONTENT="önsk-"/>
						</TextLine>
						<TextLine ID="line_21" HPOS="386" VPOS="1280" WIDTH="1594" HEIGHT="53">
							<String ID="string_199" HPOS="386" VPOS="1285" WIDTH="72" HEIGHT="48" WC="0.96" CONTENT="ligt"/><SP WIDTH="41" VPOS="1285" HPOS="458"/>
							<String ID="string_200" HPOS="499" VPOS="1298" WIDTH="102" HEIGHT="34" WC="0.95" CONTENT="vore,"/><SP WIDTH="43" VPOS="1298" HPOS="601"/>
							<String ID="string_201" HPOS="644" VPOS="1284" WIDTH="86" HEIGHT="36" WC="0.96" CONTENT="fullt"/><SP WIDTH="40" VPOS="1284" HPOS="730"/>
							<String ID="string_202" HPOS="770" VPOS="1284" WIDTH="245" HEIGHT="48" WC="0.95" CONTENT="tillgängliga"/><SP WIDTH="29" VPOS="1284" HPOS="1015"/>
							<String ID="string_203" HPOS="1044" VPOS="1283" WIDTH="58" HEIGHT="36" WC="0.96" CONTENT="för"/><SP WIDTH="28" VPOS="1283" HPOS="1102"/>
							<String ID="string_204" HPOS="1130" VPOS="1283" WIDTH="171" HEIGHT="36" WC="0.96" CONTENT="forskare"/><SP WIDTH="29" VPOS="1283" HPOS="1301"/>
							<String ID="string_205" HPOS="1330" VPOS="1282" WIDTH="70" HEIGHT="36" WC="0.96" CONTENT="och"/><SP WIDTH="29" VPOS="1282" HPOS="1400"/>
							<String ID="string_206" HPOS="1429" VPOS="1282" WIDTH="115" HEIGHT="36" WC="0.96" CONTENT="andra"/><SP WIDTH="28" VPOS="1282" HPOS="1544"/>
							<String ID="string_207" HPOS="1572" VPOS="1280" WIDTH="249" HEIGHT="37" WC="0.93" CONTENT="intresserade"/><SP WIDTH="28" VPOS="1280" HPOS="1821"/>
							<String ID="string_208" HPOS="1849" VPOS="1301" WIDTH="48" HEIGHT="5" WC="0.89" CONTENT="—"/><SP WIDTH="31" VPOS="1301" HPOS="1897"/>
							<String ID="string_209" HPOS="1928" VPOS="1284" WIDTH="52" HEIGHT="32" WC="0.96" CONTENT="att"/>
						</TextLine>
						<TextLine ID="line_22" HPOS="387" VPOS="1332" WIDTH="1592" HEIGHT="53">
							<String ID="string_210" HPOS="387" VPOS="1340" WIDTH="118" HEIGHT="45" WC="0.95" CONTENT="några"/><SP WIDTH="42" VPOS="1340" HPOS="505"/>
							<String ID="string_211" HPOS="547" VPOS="1336" WIDTH="256" HEIGHT="48" WC="0.93" CONTENT="ersättningar"/><SP WIDTH="41" VPOS="1336" HPOS="803"/>
							<String ID="string_212" HPOS="844" VPOS="1336" WIDTH="59" HEIGHT="36" WC="0.95" CONTENT="för"/><SP WIDTH="29" VPOS="1336" HPOS="903"/>
							<String ID="string_213" HPOS="932" VPOS="1335" WIDTH="223" HEIGHT="49" WC="0.94" CONTENT="minskning"/><SP WIDTH="29" VPOS="1335" HPOS="1155"/>
							<String ID="string_214" HPOS="1184" VPOS="1348" WIDTH="46" HEIGHT="23" WC="0.93" CONTENT="av"/><SP WIDTH="30" VPOS="1348" HPOS="1230"/>
							<String ID="string_215" HPOS="1260" VPOS="1333" WIDTH="410" HEIGHT="50" WC="0.91" CONTENT="ekonomibyggnaden"/><SP WIDTH="29" VPOS="1333" HPOS="1670"/>
							<String ID="string_216" HPOS="1699" VPOS="1333" WIDTH="81" HEIGHT="36" WC="0.96" CONTENT="icke"/><SP WIDTH="27" VPOS="1333" HPOS="1780"/>
							<String ID="string_217" HPOS="1807" VPOS="1332" WIDTH="172" HEIGHT="37" WC="0.96" CONTENT="behövde"/>
						</TextLine>
						<TextLine ID="line_23" HPOS="385" VPOS="1385" WIDTH="1592" HEIGHT="52">
							<String ID="string_218" HPOS="385" VPOS="1388" WIDTH="289" HEIGHT="49" WC="0.91" CONTENT="ifrågakomma,"/><SP WIDTH="44" VPOS="1388" HPOS="674"/>
							<String ID="string_219" HPOS="718" VPOS="1393" WIDTH="63" HEIGHT="43" WC="0.96" CONTENT="att,"/><SP WIDTH="44" VPOS="1393" HPOS="781"/>
							<String ID="string_220" HPOS="825" VPOS="1388" WIDTH="45" HEIGHT="36" WC="0.96" CONTENT="då"/><SP WIDTH="41" VPOS="1388" HPOS="870"/>
							<String ID="string_221" HPOS="911" VPOS="1388" WIDTH="233" HEIGHT="49" WC="0.96" CONTENT="gottgörelse"/><SP WIDTH="43" VPOS="1388" HPOS="1144"/>
							<String ID="string_222" HPOS="1187" VPOS="1387" WIDTH="59" HEIGHT="36" WC="0.96" CONTENT="för"/><SP WIDTH="40" VPOS="1387" HPOS="1246"/>
							<String ID="string_223" HPOS="1286" VPOS="1386" WIDTH="118" HEIGHT="49" WC="0.93" CONTENT="nödig"/><SP WIDTH="41" VPOS="1386" HPOS="1404"/>
							<String ID="string_224" HPOS="1445" VPOS="1385" WIDTH="368" HEIGHT="50" WC="0.92" CONTENT="byggnadskostnad"/><SP WIDTH="38" VPOS="1385" HPOS="1813"/>
							<String ID="string_225" HPOS="1851" VPOS="1398" WIDTH="46" HEIGHT="22" WC="0.84" CONTENT="m."/><SP WIDTH="32" VPOS="1398" HPOS="1897"/>
							<String ID="string_226" HPOS="1929" VPOS="1399" WIDTH="48" HEIGHT="21" WC="0.92" CONTENT="m."/>
						</TextLine>
						<TextLine ID="line_24" HPOS="386" VPOS="1437" WIDTH="1591" HEIGHT="52">
							<String ID="string_227" HPOS="386" VPOS="1441" WIDTH="106" HEIGHT="36" WC="0.96" CONTENT="torde"/><SP WIDTH="42" VPOS="1441" HPOS="492"/>
							<String ID="string_228" HPOS="534" VPOS="1441" WIDTH="128" HEIGHT="36" WC="0.92" CONTENT="kunna"/><SP WIDTH="40" VPOS="1441" HPOS="662"/>
							<String ID="string_229" HPOS="702" VPOS="1441" WIDTH="232" HEIGHT="48" WC="0.90" CONTENT="nedbringas"/><SP WIDTH="41" VPOS="1441" HPOS="934"/>
							<String ID="string_230" HPOS="975" VPOS="1440" WIDTH="59" HEIGHT="36" WC="0.95" CONTENT="till"/><SP WIDTH="44" VPOS="1440" HPOS="1034"/>
							<String ID="string_231" HPOS="1078" VPOS="1441" WIDTH="71" HEIGHT="36" WC="0.95" CONTENT="100"/><SP WIDTH="41" VPOS="1441" HPOS="1149"/>
							<String ID="string_232" HPOS="1190" VPOS="1439" WIDTH="141" HEIGHT="37" WC="0.96" CONTENT="kronor"/><SP WIDTH="33" VPOS="1439" HPOS="1331"/>
							<String ID="string_233" HPOS="1364" VPOS="1438" WIDTH="71" HEIGHT="37" WC="0.96" CONTENT="och"/><SP WIDTH="27" VPOS="1438" HPOS="1435"/>
							<String ID="string_234" HPOS="1462" VPOS="1438" WIDTH="148" HEIGHT="37" WC="0.95" CONTENT="inlösen"/><SP WIDTH="29" VPOS="1438" HPOS="1610"/>
							<String ID="string_235" HPOS="1639" VPOS="1451" WIDTH="45" HEIGHT="23" WC="0.96" CONTENT="av"/><SP WIDTH="27" VPOS="1451" HPOS="1684"/>
							<String ID="string_236" HPOS="1711" VPOS="1437" WIDTH="121" HEIGHT="48" WC="0.96" CONTENT="nödig"/><SP WIDTH="27" VPOS="1437" HPOS="1832"/>
							<String ID="string_237" HPOS="1859" VPOS="1437" WIDTH="118" HEIGHT="47" WC="0.96" CONTENT="mark,"/>
						</TextLine>
						<TextLine ID="line_25" HPOS="386" VPOS="1489" WIDTH="1593" HEIGHT="54">
							<String ID="string_238" HPOS="386" VPOS="1506" WIDTH="80" HEIGHT="23" WC="0.96" CONTENT="som"/><SP WIDTH="35" VPOS="1506" HPOS="466"/>
							<String ID="string_239" HPOS="501" VPOS="1493" WIDTH="179" HEIGHT="50" WC="0.92" CONTENT="utgjorde"/><SP WIDTH="45" VPOS="1493" HPOS="680"/>
							<String ID="string_240" HPOS="725" VPOS="1494" WIDTH="107" HEIGHT="35" WC="0.92" CONTENT="120.9"/><SP WIDTH="32" VPOS="1494" HPOS="832"/>
							<String ID="string_241" HPOS="864" VPOS="1492" WIDTH="291" HEIGHT="48" WC="0.96" CONTENT="kvadratmeter,"/><SP WIDTH="31" VPOS="1492" HPOS="1155"/>
							<String ID="string_242" HPOS="1186" VPOS="1491" WIDTH="94" HEIGHT="37" WC="0.96" CONTENT="efter"/><SP WIDTH="27" VPOS="1491" HPOS="1280"/>
							<String ID="string_243" HPOS="1307" VPOS="1490" WIDTH="185" HEIGHT="37" WC="0.96" CONTENT="beräknat"/><SP WIDTH="26" VPOS="1490" HPOS="1492"/>
							<String ID="string_244" HPOS="1518" VPOS="1489" WIDTH="78" HEIGHT="51" WC="0.96" CONTENT="pris"/><SP WIDTH="30" VPOS="1489" HPOS="1596"/>
							<String ID="string_245" HPOS="1626" VPOS="1503" WIDTH="46" HEIGHT="23" WC="0.96" CONTENT="av"/><SP WIDTH="29" VPOS="1503" HPOS="1672"/>
							<String ID="string_246" HPOS="1701" VPOS="1491" WIDTH="21" HEIGHT="35" WC="0.96" CONTENT="2"/><SP WIDTH="30" VPOS="1491" HPOS="1722"/>
							<String ID="string_247" HPOS="1752" VPOS="1489" WIDTH="141" HEIGHT="36" WC="0.96" CONTENT="kronor"/><SP WIDTH="27" VPOS="1489" HPOS="1893"/>
							<String ID="string_248" HPOS="1920" VPOS="1489" WIDTH="59" HEIGHT="36" WC="0.96" CONTENT="för"/>
						</TextLine>
						<TextLine ID="line_26" HPOS="384" VPOS="1542" WIDTH="1593" HEIGHT="52">
							<String ID="string_249" HPOS="384" VPOS="1546" WIDTH="319" HEIGHT="47" WC="0.92" CONTENT="kvadratmetern,"/><SP WIDTH="42" VPOS="1546" HPOS="703"/>
							<String ID="string_250" HPOS="745" VPOS="1545" WIDTH="199" HEIGHT="49" WC="0.92" CONTENT="uppginge"/><SP WIDTH="40" VPOS="1545" HPOS="944"/>
							<String ID="string_251" HPOS="984" VPOS="1545" WIDTH="58" HEIGHT="35" WC="0.96" CONTENT="till"/><SP WIDTH="39" VPOS="1545" HPOS="1042"/>
							<String ID="string_252" HPOS="1081" VPOS="1546" WIDTH="69" HEIGHT="34" WC="0.96" CONTENT="241"/><SP WIDTH="31" VPOS="1546" HPOS="1150"/>
							<String ID="string_253" HPOS="1181" VPOS="1544" WIDTH="141" HEIGHT="37" WC="0.96" CONTENT="kronor"/><SP WIDTH="28" VPOS="1544" HPOS="1322"/>
							<String ID="string_254" HPOS="1350" VPOS="1544" WIDTH="48" HEIGHT="35" WC="0.95" CONTENT="80"/><SP WIDTH="30" VPOS="1544" HPOS="1398"/>
							<String ID="string_255" HPOS="1428" VPOS="1548" WIDTH="73" HEIGHT="43" WC="0.93" CONTENT="öre,"/><SP WIDTH="30" VPOS="1548" HPOS="1501"/>
							<String ID="string_256" HPOS="1531" VPOS="1542" WIDTH="446" HEIGHT="49" WC="0.90" CONTENT="ersättningskostnaden"/>
						</TextLine>
						<TextLine ID="line_27" HPOS="383" VPOS="1595" WIDTH="1593" HEIGHT="50">
							<String ID="string_257" HPOS="383" VPOS="1597" WIDTH="65" HEIGHT="36" WC="0.96" CONTENT="vid"/><SP WIDTH="42" VPOS="1597" HPOS="448"/>
							<String ID="string_258" HPOS="490" VPOS="1597" WIDTH="202" HEIGHT="48" WC="0.96" CONTENT="förslagets"/><SP WIDTH="42" VPOS="1597" HPOS="692"/>
							<String ID="string_259" HPOS="734" VPOS="1597" WIDTH="299" HEIGHT="48" WC="0.96" CONTENT="genomförande"/><SP WIDTH="32" VPOS="1597" HPOS="1033"/>
							<String ID="string_260" HPOS="1065" VPOS="1596" WIDTH="82" HEIGHT="36" WC="0.96" CONTENT="icke"/><SP WIDTH="37" VPOS="1596" HPOS="1147"/>
							<String ID="string_261" HPOS="1184" VPOS="1596" WIDTH="108" HEIGHT="36" WC="0.96" CONTENT="bleve"/><SP WIDTH="37" VPOS="1596" HPOS="1292"/>
							<String ID="string_262" HPOS="1329" VPOS="1596" WIDTH="121" HEIGHT="47" WC="0.96" CONTENT="högre"/><SP WIDTH="29" VPOS="1596" HPOS="1450"/>
							<String ID="string_263" HPOS="1479" VPOS="1599" WIDTH="48" HEIGHT="31" WC="0.96" CONTENT="än"/><SP WIDTH="26" VPOS="1599" HPOS="1527"/>
							<String ID="string_264" HPOS="1553" VPOS="1597" WIDTH="72" HEIGHT="34" WC="0.96" CONTENT="341"/><SP WIDTH="30" VPOS="1597" HPOS="1625"/>
							<String ID="string_265" HPOS="1655" VPOS="1595" WIDTH="140" HEIGHT="35" WC="0.96" CONTENT="kronor"/><SP WIDTH="29" VPOS="1595" HPOS="1795"/>
							<String ID="string_266" HPOS="1824" VPOS="1595" WIDTH="47" HEIGHT="35" WC="0.95" CONTENT="80"/><SP WIDTH="30" VPOS="1595" HPOS="1871"/>
							<String ID="string_267" HPOS="1901" VPOS="1599" WIDTH="75" HEIGHT="42" WC="0.96" CONTENT="öre,"/>
						</TextLine>
						<TextLine ID="line_28" HPOS="383" VPOS="1646" WIDTH="1595" HEIGHT="51">
							<String ID="string_268" HPOS="383" VPOS="1654" WIDTH="93" HEIGHT="32" WC="0.96" CONTENT="samt"/><SP WIDTH="37" VPOS="1654" HPOS="476"/>
							<String ID="string_269" HPOS="513" VPOS="1654" WIDTH="52" HEIGHT="32" WC="0.96" CONTENT="att"/><SP WIDTH="28" VPOS="1654" HPOS="565"/>
							<String ID="string_270" HPOS="593" VPOS="1649" WIDTH="62" HEIGHT="37" WC="0.95" CONTENT="vid"/><SP WIDTH="30" VPOS="1649" HPOS="655"/>
							<String ID="string_271" HPOS="685" VPOS="1663" WIDTH="46" HEIGHT="23" WC="0.96" CONTENT="en"/><SP WIDTH="27" VPOS="1663" HPOS="731"/>
							<String ID="string_272" HPOS="758" VPOS="1649" WIDTH="205" HEIGHT="48" WC="0.96" CONTENT="reglering,"/><SP WIDTH="29" VPOS="1649" HPOS="963"/>
							<String ID="string_273" HPOS="992" VPOS="1649" WIDTH="128" HEIGHT="36" WC="0.96" CONTENT="utförd"/><SP WIDTH="27" VPOS="1649" HPOS="1120"/>
							<String ID="string_274" HPOS="1147" VPOS="1649" WIDTH="13" HEIGHT="36" WC="0.96" CONTENT="i"/><SP WIDTH="28" VPOS="1649" HPOS="1160"/>
							<String ID="string_275" HPOS="1188" VPOS="1646" WIDTH="378" HEIGHT="39" WC="0.95" CONTENT="överensstämmelse"/><SP WIDTH="27" VPOS="1646" HPOS="1566"/>
							<String ID="string_276" HPOS="1593" VPOS="1646" WIDTH="86" HEIGHT="37" WC="0.96" CONTENT="med"/><SP WIDTH="28" VPOS="1646" HPOS="1679"/>
							<String ID="string_277" HPOS="1707" VPOS="1646" WIDTH="73" HEIGHT="37" WC="0.96" CONTENT="vad"/><SP WIDTH="34" VPOS="1646" HPOS="1780"/>
							<String ID="string_278" HPOS="1814" VPOS="1646" WIDTH="164" HEIGHT="36" WC="0.95" CONTENT="ämbetet"/>
						</TextLine>
						<TextLine ID="line_29" HPOS="383" VPOS="1698" WIDTH="1595" HEIGHT="52">
							<String ID="string_279" HPOS="383" VPOS="1701" WIDTH="204" HEIGHT="48" WC="0.90" CONTENT="hemställt,"/><SP WIDTH="29" VPOS="1701" HPOS="587"/>
							<String ID="string_280" HPOS="616" VPOS="1701" WIDTH="254" HEIGHT="37" WC="0.96" CONTENT="kostnaderna"/><SP WIDTH="28" VPOS="1701" HPOS="870"/>
							<String ID="string_281" HPOS="898" VPOS="1702" WIDTH="59" HEIGHT="35" WC="0.96" CONTENT="för"/><SP WIDTH="27" VPOS="1702" HPOS="957"/>
							<String ID="string_282" HPOS="984" VPOS="1715" WIDTH="93" HEIGHT="34" WC="0.96" CONTENT="mur,"/><SP WIDTH="29" VPOS="1715" HPOS="1077"/>
							<String ID="string_283" HPOS="1106" VPOS="1700" WIDTH="218" HEIGHT="50" WC="0.96" CONTENT="plantering"/><SP WIDTH="29" VPOS="1700" HPOS="1324"/>
							<String ID="string_284" HPOS="1353" VPOS="1700" WIDTH="69" HEIGHT="36" WC="0.96" CONTENT="och"/><SP WIDTH="29" VPOS="1700" HPOS="1422"/>
							<String ID="string_285" HPOS="1451" VPOS="1699" WIDTH="117" HEIGHT="37" WC="0.96" CONTENT="andra"/><SP WIDTH="29" VPOS="1699" HPOS="1568"/>
							<String ID="string_286" HPOS="1597" VPOS="1699" WIDTH="166" HEIGHT="47" WC="0.95" CONTENT="arbeten,"/><SP WIDTH="30" VPOS="1699" HPOS="1763"/>
							<String ID="string_287" HPOS="1793" VPOS="1711" WIDTH="81" HEIGHT="24" WC="0.93" CONTENT="som"/><SP WIDTH="30" VPOS="1711" HPOS="1874"/>
							<String ID="string_288" HPOS="1904" VPOS="1698" WIDTH="74" HEIGHT="36" WC="0.92" CONTENT="för-"/>
						</TextLine>
						<TextLine ID="line_30" HPOS="383" VPOS="1749" WIDTH="1594" HEIGHT="54">
							<String ID="string_289" HPOS="383" VPOS="1755" WIDTH="215" HEIGHT="48" WC="0.95" CONTENT="samlingen"/><SP WIDTH="18" VPOS="1755" HPOS="598"/>
							<String ID="string_290" HPOS="616" VPOS="1767" WIDTH="51" HEIGHT="23" WC="0.96" CONTENT="nu"/><SP WIDTH="20" VPOS="1767" HPOS="667"/>
							<String ID="string_291" HPOS="687" VPOS="1753" WIDTH="124" HEIGHT="37" WC="0.96" CONTENT="kunde"/><SP WIDTH="20" VPOS="1753" HPOS="811"/>
							<String ID="string_292" HPOS="831" VPOS="1753" WIDTH="119" HEIGHT="37" WC="0.96" CONTENT="önska"/><SP WIDTH="19" VPOS="1753" HPOS="950"/>
							<String ID="string_293" HPOS="969" VPOS="1754" WIDTH="138" HEIGHT="48" WC="0.96" CONTENT="bringa"/><SP WIDTH="19" VPOS="1754" HPOS="1107"/>
							<String ID="string_294" HPOS="1126" VPOS="1753" WIDTH="57" HEIGHT="36" WC="0.96" CONTENT="till"/><SP WIDTH="19" VPOS="1753" HPOS="1183"/>
							<String ID="string_295" HPOS="1202" VPOS="1752" WIDTH="289" HEIGHT="49" WC="0.96" CONTENT="verkställighet"/><SP WIDTH="15" VPOS="1752" HPOS="1491"/>
							<String ID="string_296" HPOS="1506" VPOS="1752" WIDTH="59" HEIGHT="35" WC="0.96" CONTENT="för"/><SP WIDTH="13" VPOS="1752" HPOS="1565"/>
							<String ID="string_297" HPOS="1578" VPOS="1752" WIDTH="169" HEIGHT="48" WC="0.93" CONTENT="platsens"/><SP WIDTH="16" VPOS="1752" HPOS="1747"/>
							<String ID="string_298" HPOS="1763" VPOS="1749" WIDTH="214" HEIGHT="50" WC="0.91" CONTENT="iordnings-"/>
						</TextLine>
						<TextLine ID="line_31" HPOS="383" VPOS="1803" WIDTH="1593" HEIGHT="51">
							<String ID="string_299" HPOS="383" VPOS="1806" WIDTH="197" HEIGHT="48" WC="0.96" CONTENT="ställande,"/><SP WIDTH="43" VPOS="1806" HPOS="580"/>
							<String ID="string_300" HPOS="623" VPOS="1806" WIDTH="81" HEIGHT="36" WC="0.96" CONTENT="icke"/><SP WIDTH="28" VPOS="1806" HPOS="704"/>
							<String ID="string_301" HPOS="732" VPOS="1819" WIDTH="90" HEIGHT="23" WC="0.96" CONTENT="vore"/><SP WIDTH="27" VPOS="1819" HPOS="822"/>
							<String ID="string_302" HPOS="849" VPOS="1806" WIDTH="256" HEIGHT="47" WC="0.96" CONTENT="bortkastade,"/><SP WIDTH="32" VPOS="1806" HPOS="1105"/>
							<String ID="string_303" HPOS="1137" VPOS="1806" WIDTH="123" HEIGHT="35" WC="0.96" CONTENT="därest"/><SP WIDTH="28" VPOS="1806" HPOS="1260"/>
							<String ID="string_304" HPOS="1288" VPOS="1818" WIDTH="46" HEIGHT="23" WC="0.96" CONTENT="en"/><SP WIDTH="27" VPOS="1818" HPOS="1334"/>
							<String ID="string_305" HPOS="1361" VPOS="1818" WIDTH="52" HEIGHT="35" WC="0.96" CONTENT="ny"/><SP WIDTH="28" VPOS="1818" HPOS="1413"/>
							<String ID="string_306" HPOS="1441" VPOS="1804" WIDTH="69" HEIGHT="36" WC="0.93" CONTENT="och"/><SP WIDTH="25" VPOS="1804" HPOS="1510"/>
							<String ID="string_307" HPOS="1535" VPOS="1803" WIDTH="289" HEIGHT="48" WC="0.91" CONTENT="fullständigare"/><SP WIDTH="28" VPOS="1803" HPOS="1824"/>
							<String ID="string_308" HPOS="1852" VPOS="1803" WIDTH="124" HEIGHT="47" WC="0.91" CONTENT="regle-"/>
						</TextLine>
						<TextLine ID="line_32" HPOS="381" VPOS="1855" WIDTH="1438" HEIGHT="53">
							<String ID="string_309" HPOS="381" VPOS="1859" WIDTH="88" HEIGHT="48" WC="0.96" CONTENT="ring"/><SP WIDTH="27" VPOS="1859" HPOS="469"/>
							<String ID="string_310" HPOS="496" VPOS="1858" WIDTH="64" HEIGHT="37" WC="0.96" CONTENT="vid"/><SP WIDTH="24" VPOS="1858" HPOS="560"/>
							<String ID="string_311" HPOS="584" VPOS="1872" WIDTH="51" HEIGHT="22" WC="0.96" CONTENT="nu"/><SP WIDTH="28" VPOS="1872" HPOS="635"/>
							<String ID="string_312" HPOS="663" VPOS="1858" WIDTH="196" HEIGHT="50" WC="0.90" CONTENT="pågående"/><SP WIDTH="29" VPOS="1858" HPOS="859"/>
							<String ID="string_313" HPOS="888" VPOS="1857" WIDTH="233" HEIGHT="37" WC="0.90" CONTENT="arrendetids"/><SP WIDTH="27" VPOS="1857" HPOS="1121"/>
							<String ID="string_314" HPOS="1148" VPOS="1859" WIDTH="151" HEIGHT="46" WC="0.96" CONTENT="utgång"/><SP WIDTH="27" VPOS="1859" HPOS="1299"/>
							<String ID="string_315" HPOS="1326" VPOS="1856" WIDTH="125" HEIGHT="37" WC="0.96" CONTENT="kunde"/><SP WIDTH="28" VPOS="1856" HPOS="1451"/>
							<String ID="string_316" HPOS="1479" VPOS="1869" WIDTH="110" HEIGHT="23" WC="0.95" CONTENT="anses"/><SP WIDTH="30" VPOS="1869" HPOS="1589"/>
							<String ID="string_317" HPOS="1619" VPOS="1855" WIDTH="200" HEIGHT="37" WC="0.96" CONTENT="önskvärd."/>
						</TextLine>
					</TextBlock>
					<TextBlock ID="block_3" HPOS="380" VPOS="1906" WIDTH="1596" HEIGHT="417">
						<TextLine ID="line_33" HPOS="513" VPOS="1906" WIDTH="1463" HEIGHT="54">
							<String ID="string_318" HPOS="513" VPOS="1910" WIDTH="123" HEIGHT="37" WC="0.93" CONTENT="Sedan"/><SP WIDTH="42" VPOS="1910" HPOS="636"/>
							<String ID="string_319" HPOS="678" VPOS="1910" WIDTH="325" HEIGHT="50" WC="0.87" CONTENT="domänstyrelsen"/><SP WIDTH="42" VPOS="1910" HPOS="1003"/>
							<String ID="string_320" HPOS="1045" VPOS="1909" WIDTH="201" HEIGHT="37" WC="0.91" CONTENT="anbefallts"/><SP WIDTH="30" VPOS="1909" HPOS="1246"/>
							<String ID="string_321" HPOS="1276" VPOS="1913" WIDTH="54" HEIGHT="32" WC="0.96" CONTENT="att"/><SP WIDTH="28" VPOS="1913" HPOS="1330"/>
							<String ID="string_322" HPOS="1358" VPOS="1909" WIDTH="94" HEIGHT="36" WC="0.96" CONTENT="efter"/><SP WIDTH="26" VPOS="1909" HPOS="1452"/>
							<String ID="string_323" HPOS="1478" VPOS="1907" WIDTH="301" HEIGHT="38" WC="0.96" CONTENT="vederbörandes"/><SP WIDTH="28" VPOS="1907" HPOS="1779"/>
							<String ID="string_324" HPOS="1807" VPOS="1906" WIDTH="169" HEIGHT="37" WC="0.96" CONTENT="hörande"/>
						</TextLine>
						<TextLine ID="line_34" HPOS="382" VPOS="1959" WIDTH="1594" HEIGHT="51">
							<String ID="string_325" HPOS="382" VPOS="1963" WIDTH="141" HEIGHT="47" WC="0.92" CONTENT="avgiva"/><SP WIDTH="39" VPOS="1963" HPOS="523"/>
							<String ID="string_326" HPOS="562" VPOS="1963" WIDTH="193" HEIGHT="35" WC="0.90" CONTENT="utlåtande"/><SP WIDTH="28" VPOS="1963" HPOS="755"/>
							<String ID="string_327" HPOS="783" VPOS="1963" WIDTH="12" HEIGHT="35" WC="0.95" CONTENT="i"/><SP WIDTH="34" VPOS="1963" HPOS="795"/>
							<String ID="string_328" HPOS="829" VPOS="1962" WIDTH="208" HEIGHT="48" WC="0.96" CONTENT="anledning"/><SP WIDTH="41" VPOS="1962" HPOS="1037"/>
							<String ID="string_329" HPOS="1078" VPOS="1975" WIDTH="46" HEIGHT="23" WC="0.96" CONTENT="av"/><SP WIDTH="41" VPOS="1975" HPOS="1124"/>
							<String ID="string_330" HPOS="1165" VPOS="1962" WIDTH="73" HEIGHT="35" WC="0.93" CONTENT="vad"/><SP WIDTH="39" VPOS="1962" HPOS="1238"/>
							<String ID="string_331" HPOS="1277" VPOS="1960" WIDTH="475" HEIGHT="37" WC="0.84" CONTENT="överintendentsämbetet"/><SP WIDTH="26" VPOS="1960" HPOS="1752"/>
							<String ID="string_332" HPOS="1778" VPOS="1959" WIDTH="12" HEIGHT="36" WC="0.96" CONTENT="i"/><SP WIDTH="29" VPOS="1959" HPOS="1790"/>
							<String ID="string_333" HPOS="1819" VPOS="1959" WIDTH="157" HEIGHT="36" WC="0.96" CONTENT="ärendet"/>
						</TextLine>
						<TextLine ID="line_35" HPOS="382" VPOS="2011" WIDTH="1593" HEIGHT="53">
							<String ID="string_334" HPOS="382" VPOS="2015" WIDTH="127" HEIGHT="36" WC="0.95" CONTENT="anfört"/><SP WIDTH="24" VPOS="2015" HPOS="509"/>
							<String ID="string_335" HPOS="533" VPOS="2014" WIDTH="71" HEIGHT="37" WC="0.96" CONTENT="och"/><SP WIDTH="29" VPOS="2014" HPOS="604"/>
							<String ID="string_336" HPOS="633" VPOS="2014" WIDTH="209" HEIGHT="49" WC="0.96" CONTENT="föreslagit,"/><SP WIDTH="30" VPOS="2014" HPOS="842"/>
							<String ID="string_337" HPOS="872" VPOS="2015" WIDTH="68" HEIGHT="36" WC="0.96" CONTENT="har"/><SP WIDTH="28" VPOS="2015" HPOS="940"/>
							<String ID="string_338" HPOS="968" VPOS="2014" WIDTH="187" HEIGHT="50" WC="0.96" CONTENT="styrelsen"/><SP WIDTH="29" VPOS="2014" HPOS="1155"/>
							<String ID="string_339" HPOS="1184" VPOS="2014" WIDTH="71" HEIGHT="36" WC="0.96" CONTENT="den"/><SP WIDTH="29" VPOS="2014" HPOS="1255"/>
							<String ID="string_340" HPOS="1284" VPOS="2015" WIDTH="47" HEIGHT="34" WC="0.96" CONTENT="23"/><SP WIDTH="31" VPOS="2015" HPOS="1331"/>
							<String ID="string_341" HPOS="1362" VPOS="2012" WIDTH="158" HEIGHT="37" WC="0.96" CONTENT="oktober"/><SP WIDTH="30" VPOS="2012" HPOS="1520"/>
							<String ID="string_342" HPOS="1550" VPOS="2013" WIDTH="95" HEIGHT="35" WC="0.96" CONTENT="1908"/><SP WIDTH="31" VPOS="2013" HPOS="1645"/>
							<String ID="string_343" HPOS="1676" VPOS="2011" WIDTH="148" HEIGHT="49" WC="0.96" CONTENT="avgivit"/><SP WIDTH="19" VPOS="2011" HPOS="1824"/>
							<String ID="string_344" HPOS="1843" VPOS="2011" WIDTH="132" HEIGHT="36" WC="0.96" CONTENT="sådant"/>
						</TextLine>
						<TextLine ID="line_36" HPOS="382" VPOS="2063" WIDTH="1593" HEIGHT="51">
							<String ID="string_345" HPOS="382" VPOS="2067" WIDTH="193" HEIGHT="37" WC="0.96" CONTENT="utlåtande"/><SP WIDTH="41" VPOS="2067" HPOS="575"/>
							<String ID="string_346" HPOS="616" VPOS="2066" WIDTH="71" HEIGHT="38" WC="0.95" CONTENT="och"/><SP WIDTH="42" VPOS="2066" HPOS="687"/>
							<String ID="string_347" HPOS="729" VPOS="2066" WIDTH="131" HEIGHT="37" WC="0.95" CONTENT="därvid"/><SP WIDTH="43" VPOS="2066" HPOS="860"/>
							<String ID="string_348" HPOS="903" VPOS="2066" WIDTH="120" HEIGHT="37" WC="0.95" CONTENT="tillika"/><SP WIDTH="29" VPOS="2066" HPOS="1023"/>
							<String ID="string_349" HPOS="1052" VPOS="2066" WIDTH="231" HEIGHT="37" WC="0.96" CONTENT="överlämnat"/><SP WIDTH="29" VPOS="2066" HPOS="1283"/>
							<String ID="string_350" HPOS="1312" VPOS="2065" WIDTH="190" HEIGHT="49" WC="0.93" CONTENT="åtskilliga"/><SP WIDTH="27" VPOS="2065" HPOS="1502"/>
							<String ID="string_351" HPOS="1529" VPOS="2063" WIDTH="216" HEIGHT="38" WC="0.92" CONTENT="infordrade"/><SP WIDTH="27" VPOS="2063" HPOS="1745"/>
							<String ID="string_352" HPOS="1772" VPOS="2063" WIDTH="203" HEIGHT="50" WC="0.95" CONTENT="yttranden"/>
						</TextLine>
						<TextLine ID="line_37" HPOS="382" VPOS="2116" WIDTH="1592" HEIGHT="51">
							<String ID="string_353" HPOS="382" VPOS="2119" WIDTH="71" HEIGHT="36" WC="0.96" CONTENT="och"/><SP WIDTH="28" VPOS="2119" HPOS="453"/>
							<String ID="string_354" HPOS="481" VPOS="2119" WIDTH="116" HEIGHT="36" WC="0.96" CONTENT="andra"/><SP WIDTH="28" VPOS="2119" HPOS="597"/>
							<String ID="string_355" HPOS="625" VPOS="2119" WIDTH="156" HEIGHT="36" WC="0.96" CONTENT="ärendet"/><SP WIDTH="26" VPOS="2119" HPOS="781"/>
							<String ID="string_356" HPOS="807" VPOS="2119" WIDTH="159" HEIGHT="36" WC="0.96" CONTENT="rörande"/><SP WIDTH="19" VPOS="2119" HPOS="966"/>
							<String ID="string_357" HPOS="985" VPOS="2118" WIDTH="240" HEIGHT="49" WC="0.96" CONTENT="handlingar."/><SP WIDTH="43" VPOS="2118" HPOS="1225"/>
							<String ID="string_358" HPOS="1268" VPOS="2118" WIDTH="57" HEIGHT="36" WC="0.95" CONTENT="De"/><SP WIDTH="20" VPOS="2118" HPOS="1325"/>
							<String ID="string_359" HPOS="1345" VPOS="2117" WIDTH="156" HEIGHT="36" WC="0.95" CONTENT="sålunda"/><SP WIDTH="19" VPOS="2117" HPOS="1501"/>
							<String ID="string_360" HPOS="1520" VPOS="2116" WIDTH="158" HEIGHT="37" WC="0.96" CONTENT="insända"/><SP WIDTH="19" VPOS="2116" HPOS="1678"/>
							<String ID="string_361" HPOS="1697" VPOS="2116" WIDTH="277" HEIGHT="48" WC="0.96" CONTENT="handlingarna"/>
						</TextLine>
						<TextLine ID="line_38" HPOS="380" VPOS="2168" WIDTH="1594" HEIGHT="51">
							<String ID="string_362" HPOS="380" VPOS="2171" WIDTH="124" HEIGHT="36" WC="0.96" CONTENT="utvisa"/><SP WIDTH="28" VPOS="2171" HPOS="504"/>
							<String ID="string_363" HPOS="532" VPOS="2171" WIDTH="57" HEIGHT="36" WC="0.96" CONTENT="till"/><SP WIDTH="28" VPOS="2171" HPOS="589"/>
							<String ID="string_364" HPOS="617" VPOS="2184" WIDTH="47" HEIGHT="23" WC="0.96" CONTENT="en"/><SP WIDTH="27" VPOS="2184" HPOS="664"/>
							<String ID="string_365" HPOS="691" VPOS="2171" WIDTH="147" HEIGHT="48" WC="0.96" CONTENT="början,"/><SP WIDTH="31" VPOS="2171" HPOS="838"/>
							<String ID="string_366" HPOS="869" VPOS="2176" WIDTH="55" HEIGHT="31" WC="0.96" CONTENT="att"/><SP WIDTH="27" VPOS="2176" HPOS="924"/>
							<String ID="string_367" HPOS="951" VPOS="2171" WIDTH="124" HEIGHT="48" WC="0.96" CONTENT="Dalby"/><SP WIDTH="28" VPOS="2171" HPOS="1075"/>
							<String ID="string_368" HPOS="1103" VPOS="2170" WIDTH="225" HEIGHT="48" WC="0.95" CONTENT="församling"/><SP WIDTH="24" VPOS="2170" HPOS="1328"/>
							<String ID="string_369" HPOS="1352" VPOS="2170" WIDTH="131" HEIGHT="36" WC="0.96" CONTENT="biträtt"/><SP WIDTH="20" VPOS="2170" HPOS="1483"/>
							<String ID="string_370" HPOS="1503" VPOS="2169" WIDTH="61" HEIGHT="36" WC="0.96" CONTENT="det"/><SP WIDTH="20" VPOS="2169" HPOS="1564"/>
							<String ID="string_371" HPOS="1584" VPOS="2182" WIDTH="47" HEIGHT="23" WC="0.93" CONTENT="av"/><SP WIDTH="19" VPOS="2182" HPOS="1631"/>
							<String ID="string_372" HPOS="1650" VPOS="2168" WIDTH="324" HEIGHT="36" WC="0.92" CONTENT="överintendents-"/>
						</TextLine>
						<TextLine ID="line_39" HPOS="380" VPOS="2219" WIDTH="1593" HEIGHT="53">
							<String ID="string_373" HPOS="380" VPOS="2222" WIDTH="165" HEIGHT="38" WC="0.96" CONTENT="ämbetet"/><SP WIDTH="29" VPOS="2222" HPOS="545"/>
							<String ID="string_374" HPOS="574" VPOS="2223" WIDTH="164" HEIGHT="49" WC="0.95" CONTENT="avgivna"/><SP WIDTH="30" VPOS="2223" HPOS="738"/>
							<String ID="string_375" HPOS="768" VPOS="2222" WIDTH="144" HEIGHT="49" WC="0.96" CONTENT="förslag"/><SP WIDTH="28" VPOS="2222" HPOS="912"/>
							<String ID="string_376" HPOS="940" VPOS="2222" WIDTH="11" HEIGHT="37" WC="0.96" CONTENT="i"/><SP WIDTH="22" VPOS="2222" HPOS="951"/>
							<String ID="string_377" HPOS="973" VPOS="2223" WIDTH="109" HEIGHT="48" WC="0.96" CONTENT="fråga"/><SP WIDTH="29" VPOS="2223" HPOS="1082"/>
							<String ID="string_378" HPOS="1111" VPOS="2236" WIDTH="60" HEIGHT="23" WC="0.95" CONTENT="om"/><SP WIDTH="29" VPOS="2236" HPOS="1171"/>
							<String ID="string_379" HPOS="1200" VPOS="2222" WIDTH="73" HEIGHT="37" WC="0.95" CONTENT="vad"/><SP WIDTH="20" VPOS="2222" HPOS="1273"/>
							<String ID="string_380" HPOS="1293" VPOS="2235" WIDTH="47" HEIGHT="24" WC="0.96" CONTENT="av"/><SP WIDTH="18" VPOS="2235" HPOS="1340"/>
							<String ID="string_381" HPOS="1358" VPOS="2220" WIDTH="287" HEIGHT="50" WC="0.93" CONTENT="ifrågavarande"/><SP WIDTH="18" VPOS="2220" HPOS="1645"/>
							<String ID="string_382" HPOS="1663" VPOS="2219" WIDTH="310" HEIGHT="50" WC="0.90" CONTENT="kronoegendom"/>
						</TextLine>
						<TextLine ID="line_40" HPOS="381" VPOS="2275" WIDTH="832" HEIGHT="48">
							<String ID="string_383" HPOS="381" VPOS="2288" WIDTH="79" HEIGHT="24" WC="0.96" CONTENT="som"/><SP WIDTH="30" VPOS="2288" HPOS="460"/>
							<String ID="string_384" HPOS="490" VPOS="2275" WIDTH="114" HEIGHT="37" WC="0.96" CONTENT="borde"/><SP WIDTH="29" VPOS="2275" HPOS="604"/>
							<String ID="string_385" HPOS="633" VPOS="2276" WIDTH="185" HEIGHT="36" WC="0.44" CONTENT="&quot;överlåtas"/><SP WIDTH="26" VPOS="2276" HPOS="818"/>
							<String ID="string_386" HPOS="844" VPOS="2275" WIDTH="58" HEIGHT="36" WC="0.95" CONTENT="till"/><SP WIDTH="28" VPOS="2275" HPOS="902"/>
							<String ID="string_387" HPOS="930" VPOS="2275" WIDTH="283" HEIGHT="48" WC="0.95" CONTENT="församlingen."/>
						</TextLine>
					</TextBlock>
				</ComposedBlock>
			</PrintSpace>
		</Page>
	</Layout>
</alto>
