1874 2784
321 136 455 31 Konstitutionsutskottets
803 135 182 30 memorial
1010 145 42 20 nr
1079 136 39 29 14
1144 136 39 29 år
1210 135 83 30 1957
1566 136 39 30 63

97 223 79 39 byte
195 223 82 29 eller
295 223 85 39 gåva
399 222 180 30 förvärvas
599 224 85 27 utan
703 221 158 30 tillstånd
881 231 41 19 av
941 221 320 29 lantbruksnämnd
1285 221 33 33 (1
1343 220 49 36 $).
1412 221 78 29 Med
1508 221 95 38 jord-

97 273 278 39 bruksfastighet
394 273 10 29 i
424 273 118 39 lagens
562 272 141 39 mening
722 280 98 21 avses
841 272 94 29 såväl
953 271 208 39 jordbruks-
1180 280 76 20 som
1275 271 327 39 skogsegendomar.

141 323 88 30 Över
248 323 124 34 beslut,
394 323 202 39 varigenom
617 321 321 30 lantbruksnämnd
959 322 122 38 vägrat
1103 321 79 30 sökt
1204 321 169 33 tillstånd,
1396 321 57 29 må
1476 321 128 39 klagan

99 375 94 30 föras
210 382 125 32 genom
349 374 123 30 besvär
488 374 64 29 hos
569 373 368 39 lantbruksstyrelsen.
956 373 110 28 Talan
1084 375 72 27 mot
1174 372 188 39 styrelsens
1378 372 115 30 beslut
1510 372 94 30 föres

97 425 64 29 hos
179 425 125 39 Kungl.
322 424 105 39 Maj:t
445 432 125 31 genom
588 423 123 30 besvär
735 422 58 35 (14
814 422 49 37 $).

142 476 12 29 I
179 476 118 39 lagens
324 475 83 30 3—35
436 475 37 37 $$
500 475 143 39 angivas
670 473 243 31 uttömmande
939 474 41 29 de
1006 473 309 40 omständigheter,
1343 482 74 21 som
1444 473 160 30 medföra

98 528 51 28 att
171 526 319 30 förvärvstillstånd
513 526 89 29 skall
624 525 83 29 eller
729 524 57 30 må
807 526 134 37 vägras.
965 524 12 29 I
1000 524 18 30 3
1044 524 15 37 8
1084 526 171 38 upptagas
1279 524 40 29 de
1342 524 264 39 indispensabla

97 577 150 29 hindren
267 577 54 29 för
341 576 331 30 förvärvstillstånd.
692 575 19 29 4
734 575 15 37 $
770 575 195 30 innehåller
985 575 42 29 de
1048 575 222 39 dispensabla
1291 574 160 34 hindren,
1473 574 44 30 då
1538 574 67 30 till-

99 628 102 29 stånd
221 628 98 29 skola
336 629 134 37 vägras,
490 627 117 29 därest
626 627 75 29 icke
720 627 94 28 vissa
832 627 10 28 i
861 626 101 39 lagen
981 626 151 38 angivna
1151 625 298 39 omständigheter
1470 627 60 27 äro
1551 624 55 30 för

97 678 151 29 handen.
268 678 17 29 5
309 678 14 36 $
345 678 164 39 slutligen
527 678 148 29 ersätter
694 677 68 29 den
781 676 189 40 upphävda
990 676 249 39 förköpslagen
1259 676 64 29 och
1344 676 185 39 möjliggör
1551 675 55 30 för

98 728 408 30 lantbruksnämnderna
524 730 51 27 att
592 727 162 30 använda
771 727 263 39 förvärvslagen
1052 727 116 29 såsom
1186 728 48 28 ett
1251 727 214 28 instrument
1482 727 11 28 i
1511 726 96 39 jord-

98 779 459 39 bruksrationaliseringens
578 779 122 39 tjänst.

143 831 49 28 De
214 830 57 29 två
291 829 226 36 besvärsmål,
540 829 55 30 för
618 829 94 29 vilka
733 828 219 39 redogörelse
975 828 160 29 kommer
1158 830 51 27 att
1231 828 137 29 lämnas
1391 827 64 30 här
1479 827 126 34 nedan,

98 881 46 29 ha
166 882 110 28 avsett
298 881 270 39 tillämpningen
591 889 41 20 av
654 880 119 39 lagens
797 879 19 29 4
841 879 27 36 $.
892 879 117 39 Enligt
1033 879 115 29 denna
1172 879 88 29 skall
1285 877 320 31 förvärvstillstånd

98 933 123 37 vägras
239 931 44 29 bl.
302 940 41 25 a.,
362 931 62 30 där
442 931 190 38 anledning
651 930 116 29 finnes
787 930 52 29 till
859 929 197 39 antagande
1076 931 50 28 att
1146 929 226 30 förvärvaren
1390 929 60 30 vill
1470 928 136 30 åtkom-

98 991 57 20 ma
181 982 215 39 egendomen
421 981 283 39 huvudsakligen
731 980 55 30 för
814 980 313 40 kapitalplacering
1155 980 92 33 eller,
1275 979 67 29 vad
1370 979 108 39 angår
1506 987 100 31 egen-

99 1033 82 29 dom
199 1032 79 30 med
295 1032 185 39 jordbruk,
498 1032 12 28 i
528 1034 109 27 annat
657 1031 90 39 syfte
768 1032 45 29 än
832 1033 50 27 att
902 1031 90 39 själv
1012 1032 90 37 ägna
1122 1031 51 38 sig
1193 1030 35 29 åt
1247 1030 105 29 detta.

143 1083 201 29 Emellertid
368 1083 71 29 kan
462 1082 67 30 den
552 1081 358 40 tillståndsprövande
933 1081 251 39 myndigheten
1207 1099 44 2 —
1272 1080 119 30 därest
1414 1080 126 29 hinder
1565 1089 40 20 av

99 1134 138 39 angivet
256 1134 73 39 slag
348 1133 116 30 finnes
484 1133 169 39 föreligga
670 1150 45 3 —
733 1131 123 30 bifalla
874 1132 83 29 eller
977 1131 96 30 avslå
1093 1131 321 30 förvärvsansökan
1434 1130 172 30 beroende

98 1184 46 40 på
160 1193 56 21 om
235 1184 334 40 dispensanledning
587 1192 103 21 anses
709 1182 168 40 föreligga
895 1183 83 29 eller
996 1182 44 39 ej.
1059 1181 174 31 Tillstånd
1251 1181 58 30 må
1328 1181 177 39 nämligen
1523 1182 11 29 i
1554 1181 53 29 så-

100 1235 85 30 dant
208 1235 62 29 fall
294 1234 188 34 meddelas,
507 1243 58 20 om
589 1234 119 39 fånget
731 1233 72 30 kan
827 1234 124 29 väntas
976 1232 160 30 medföra
1160 1232 239 39 övervägande
1425 1234 101 37 nytta
1552 1231 54 30 för

98 1285 209 40 jordbruket
324 1286 83 29 eller
425 1285 54 30 för
497 1284 228 40 näringslivet
742 1285 11 29 i
772 1286 99 27 orten
889 1284 83 29 eller
990 1283 215 39 egendomen
1225 1282 53 31 för
1297 1282 227 30 förvärvaren
1542 1282 65 29 har

101 1336 192 39 synnerligt
314 1336 105 30 värde
443 1337 122 28 utöver
588 1335 57 30 det
668 1335 231 29 ekonomiska
921 1335 83 28 eller
1028 1334 101 39 eljest
1154 1333 143 30 särskilt
1322 1333 75 30 skäl
1422 1333 185 39 föreligger

100 1389 51 27 att
168 1387 148 39 godtaga
334 1386 129 39 fånget.

144 1488 66 29 Vid
234 1487 217 40 genomgång
475 1496 42 20 av
542 1487 162 38 samtliga
728 1485 226 36 besvärsmål,
979 1486 96 28 vilka
1100 1485 79 29 med
1204 1485 222 39 tillämpning
1453 1494 42 19 av
1524 1484 82 29 1955

100 1538 57 30 års
174 1538 299 39 jordförvärvslag
490 1537 156 39 avgjorts
664 1546 42 20 av
724 1536 126 39 Kungl.
869 1536 106 39 Maj:t
994 1536 111 29 under
1123 1536 39 29 år
1182 1535 94 35 1956,
1294 1535 46 29 ha
1359 1535 143 30 särskilt
1522 1544 85 30 upp-

101 1589 272 29 märksammats
400 1587 158 39 följande
587 1587 57 29 två
670 1586 72 35 fall,
770 1586 63 30 där
860 1586 126 39 Kungl.
1014 1586 123 39 Maj:ts
1165 1585 221 39 avgöranden
1413 1594 105 30 synas
1546 1593 59 20 an-

100 1639 325 39 märkningsvärda.

144 1691 39 30 A.
202 1690 265 40 Kronojägaren
486 1689 122 30 Alfred
625 1689 162 34 Lindahl,
807 1697 74 21 som
901 1689 38 29 är
958 1687 84 30 född
1064 1687 94 34 1904,
1178 1686 206 31 förvärvade
1404 1694 124 32 genom
1548 1686 60 30 kö-

100 1741 127 40 pebrev
243 1741 67 29 den
331 1741 37 29 13
387 1740 146 30 oktober
554 1740 82 29 1955
657 1739 212 39 fastigheten
887 1738 150 39 Ählberg
1057 1738 99 30 Stora
1177 1738 46 28 125
1241 1739 11 28 i
1272 1737 174 29 Hardemo
1467 1737 140 33 socken,

101 1791 129 31 Örebro
254 1792 69 33 län,
347 1790 55 30 för
425 1800 43 20 en
492 1790 235 40 köpeskilling
752 1799 42 19 av
818 1789 40 29 40
873 1789 62 29 000
961 1789 141 29 kronor.
1128 1788 225 39 Fastigheten
1376 1797 62 19 var
1463 1787 144 30 taxerad

101 1843 52 28 till
175 1842 39 29 22
230 1841 62 30 500
314 1842 141 29 kronor.
477 1841 87 29 Dess
587 1843 93 28 areal
703 1840 162 39 utgjorde
890 1839 71 34 19,5
985 1839 55 34 ha,
1064 1839 107 29 därav
1193 1839 19 28 8
1235 1839 45 28 ha
1303 1838 83 29 åker
1408 1838 66 29 och
1499 1838 37 28 11
1562 1837 46 29 ha

101 1893 96 38 skog.
214 1892 216 38 Åkerjorden
447 1891 55 39 låg
519 1892 10 29 i
546 1893 49 27 ett
612 1890 106 30 skifte
734 1890 58 29 vid
809 1889 369 39 brukningscentrum.
1197 1889 17 28 2
1233 1888 45 29 ha
1295 1888 121 29 bestod
1433 1897 42 19 av
1493 1889 114 28 sämre

102 1942 169 39 sandjord
295 1942 64 29 och
384 1941 221 30 återstående
630 1941 18 29 6
673 1941 46 29 ha
743 1949 42 20 av
810 1940 144 29 mullrik
978 1939 139 30 lättlera
1142 1948 42 20 av
1209 1938 66 39 god
1300 1938 143 29 bonitet.
1471 1938 136 38 Skogen

101 1993 89 29 hade
214 1993 65 39 god
302 1992 133 29 bonitet
459 1992 79 29 med
563 1991 108 30 delvis
696 1989 314 40 avverkningsbart
1035 1989 157 30 bestånd.
1218 1989 75 29 Den
1318 1988 70 30 höll
1414 1997 43 21 en
1483 1988 125 29 kubik-

101 2053 116 20 massa
240 2053 41 19 av
303 2043 162 39 omkring
490 2042 61 30 150
574 2041 130 35 m?2/ha.
728 2041 254 29 Bostadshuset
1005 2049 61 20 var
1089 2040 76 29 icke
1189 2039 170 39 beboeligt
1383 2039 64 29 och
1472 2038 136 30 beteck-

102 2094 106 29 nades
227 2103 74 20 som
319 2093 185 30 värdelöst.
524 2092 93 29 även
635 2091 372 39 ekonomibyggnaden
1026 2100 61 19 var
1105 2092 10 28 i
1135 2090 107 39 dåligt
1261 2090 110 36 skick,
1390 2098 80 20 men
1490 2089 118 28 kunde

101 2144 179 30 användas
298 2144 51 29 till
369 2143 191 29 foderlada.
579 2142 244 39 Fastighetens
842 2141 208 39 föregående
1070 2142 102 37 ägare
1190 2140 89 29 hade
1300 2139 106 30 sedan
1428 2139 82 29 1945
1531 2139 77 29 haft

102 2194 210 39 åkerjorden
328 2193 252 29 utarrenderad
595 2193 51 28 till
662 2194 127 37 ägaren
804 2201 41 20 av
860 2200 43 20 en
917 2191 292 39 grannfastighet.
1226 2189 253 30 Arrendetiden
1495 2189 113 29 skulle

103 2244 81 39 utgå
201 2244 38 29 år
259 2244 93 28 1960.

147 2294 147 30 Lindahl
314 2293 97 29 sökte
430 2293 67 29 den
518 2293 38 28 16
575 2292 187 29 november
783 2291 81 29 1955
884 2290 158 30 tillstånd
1062 2291 50 28 till
1133 2290 174 29 förvärvet
1326 2289 62 29 hos
1408 2289 201 29 lantbruks-

102 2344 176 29 nämnden
297 2345 8 28 i
324 2343 129 29 Örebro
471 2343 69 29 län.
559 2343 73 28 Den
653 2342 36 29 17
708 2342 141 38 januari
871 2341 82 29 1956
972 2340 110 30 beslöt
1101 2339 376 33 lantbruksnämnden,
1499 2339 110 28 under

102 2393 219 40 åberopande
340 2402 41 20 av
400 2392 19 30 4
442 2393 14 36 8
477 2392 357 39 jordförvärvslagen,
854 2393 50 27 att
924 2391 96 29 avslå
1041 2390 253 38 ansökningen,
1315 2391 84 27 enär
1419 2389 190 38 anledning

103 2444 127 29 funnes
251 2444 49 29 till
322 2443 208 39 antagande,
550 2444 51 28 att
621 2442 149 29 Lindahl
791 2442 79 28 ville
890 2441 182 29 åtkomma
1092 2440 214 39 egendomen
1328 2439 280 38 huvudsakligen

103 2496 9 28 i
130 2496 107 27 annat
256 2494 90 39 syfte
364 2495 44 28 än
427 2495 49 28 att
496 2493 89 39 själv
604 2494 89 37 ägna
712 2492 51 39 sig
781 2492 35 29 åt
833 2491 209 39 jordbruket
1071 2491 9 29 å
1099 2490 216 30 densamma.
