<?xml version="1.0" encoding="UTF-8"?>
<alto xmlns="http://www.loc.gov/standards/alto/ns-v3#" xmlns:xlink="http://www.w3.org/1999/xlink" xmlns:xsi="http://www.w3.org/2001/XMLSchema-instance" xsi:schemaLocation="http://www.loc.gov/standards/alto/ns-v3# http://www.loc.gov/alto/v3/alto-3-0.xsd">
	<Description>
		<MeasurementUnit>pixel</MeasurementUnit>
		<sourceImageInformation>
			<fileName>/tmp/tess_flh5iqdt_input.PNG</fileName>
		</sourceImageInformation>
		<OCRProcessing ID="OCR_0">
			<ocrProcessingStep>
				<processingSoftware>
					<softwareName>tesseract 5.3.0</softwareName>
				</processingSoftware>
			</ocrProcessingStep>
		</OCRProcessing>
	</Description>
	<Layout>
		<Page WIDTH="1870" HEIGHT="2794" PHYSICAL_IMG_NR="0" ID="page_0">
			<PrintSpace HPOS="0" VPOS="0" WIDTH="1870" HEIGHT="2794">
				<ComposedBlock ID="cblock_0" HPOS="261" VPOS="161" WIDTH="1126" HEIGHT="32">
					<TextBlock ID="block_0" HPOS="261" VPOS="161" WIDTH="1126" HEIGHT="32">
						<TextLine ID="line_0" HPOS="261" VPOS="161" WIDTH="1126" HEIGHT="32">
							<String ID="string_0" HPOS="261" VPOS="161" WIDTH="18" HEIGHT="29" WC="0.95" CONTENT="6"/><SP WIDTH="384" VPOS="161" HPOS="279"/>
							<String ID="string_1" HPOS="663" VPOS="163" WIDTH="377" HEIGHT="30" WC="0.87" CONTENT="Jordbruksutskottets"/><SP WIDTH="29" VPOS="163" HPOS="1040"/>
							<String ID="string_2" HPOS="1069" VPOS="162" WIDTH="175" HEIGHT="31" WC="0.92" CONTENT="utlåtande"/><SP WIDTH="26" VPOS="162" HPOS="1244"/>
							<String ID="string_3" HPOS="1270" VPOS="172" WIDTH="42" HEIGHT="20" WC="0.94" CONTENT="nr"/><SP WIDTH="27" VPOS="172" HPOS="1312"/>
							<String ID="string_4" HPOS="1339" VPOS="163" WIDTH="48" HEIGHT="29" WC="0.94" CONTENT="64."/>
						</TextLine>
					</TextBlock>
				</ComposedBlock>
				<ComposedBlock ID="cblock_1" HPOS="264" VPOS="245" WIDTH="1508" HEIGHT="2138">
					<TextBlock ID="block_1" HPOS="265" VPOS="245" WIDTH="1501" HEIGHT="122">
						<TextLine ID="line_1" HPOS="265" VPOS="245" WIDTH="1500" HEIGHT="37">
							<String ID="string_5" HPOS="265" VPOS="248" WIDTH="70" HEIGHT="29" WC="0.96" CONTENT="kan"/><SP WIDTH="22" VPOS="248" HPOS="335"/>
							<String ID="string_6" HPOS="357" VPOS="246" WIDTH="99" HEIGHT="31" WC="0.96" CONTENT="finna"/><SP WIDTH="24" VPOS="246" HPOS="456"/>
							<String ID="string_7" HPOS="480" VPOS="247" WIDTH="45" HEIGHT="30" WC="0.96" CONTENT="ha"/><SP WIDTH="22" VPOS="247" HPOS="525"/>
							<String ID="string_8" HPOS="547" VPOS="246" WIDTH="76" HEIGHT="30" WC="0.96" CONTENT="icke"/><SP WIDTH="25" VPOS="246" HPOS="623"/>
							<String ID="string_9" HPOS="648" VPOS="245" WIDTH="38" HEIGHT="31" WC="0.96" CONTENT="så"/><SP WIDTH="25" VPOS="245" HPOS="686"/>
							<String ID="string_10" HPOS="711" VPOS="250" WIDTH="92" HEIGHT="26" WC="0.96" CONTENT="stora"/><SP WIDTH="21" VPOS="250" HPOS="803"/>
							<String ID="string_11" HPOS="824" VPOS="245" WIDTH="276" HEIGHT="37" WC="0.95" CONTENT="förskjutningar"/><SP WIDTH="23" VPOS="245" HPOS="1100"/>
							<String ID="string_12" HPOS="1123" VPOS="247" WIDTH="58" HEIGHT="35" WC="0.96" CONTENT="ägt"/><SP WIDTH="22" VPOS="247" HPOS="1181"/>
							<String ID="string_13" HPOS="1203" VPOS="255" WIDTH="79" HEIGHT="21" WC="0.96" CONTENT="rum"/><SP WIDTH="23" VPOS="255" HPOS="1282"/>
							<String ID="string_14" HPOS="1305" VPOS="245" WIDTH="12" HEIGHT="30" WC="0.96" CONTENT="i"/><SP WIDTH="24" VPOS="245" HPOS="1317"/>
							<String ID="string_15" HPOS="1341" VPOS="246" WIDTH="41" HEIGHT="30" WC="0.96" CONTENT="de"/><SP WIDTH="25" VPOS="246" HPOS="1382"/>
							<String ID="string_16" HPOS="1407" VPOS="245" WIDTH="227" HEIGHT="31" WC="0.92" CONTENT="ekonomiska"/><SP WIDTH="24" VPOS="245" HPOS="1634"/>
							<String ID="string_17" HPOS="1658" VPOS="246" WIDTH="107" HEIGHT="30" WC="0.92" CONTENT="förut-"/>
						</TextLine>
						<TextLine ID="line_2" HPOS="265" VPOS="288" WIDTH="1501" HEIGHT="37">
							<String ID="string_18" HPOS="265" VPOS="289" WIDTH="246" HEIGHT="36" WC="0.89" CONTENT="sättningarna,"/><SP WIDTH="28" VPOS="289" HPOS="511"/>
							<String ID="string_19" HPOS="539" VPOS="292" WIDTH="48" HEIGHT="28" WC="0.96" CONTENT="att"/><SP WIDTH="25" VPOS="292" HPOS="587"/>
							<String ID="string_20" HPOS="612" VPOS="298" WIDTH="48" HEIGHT="21" WC="0.96" CONTENT="nu"/><SP WIDTH="29" VPOS="298" HPOS="660"/>
							<String ID="string_21" HPOS="689" VPOS="288" WIDTH="38" HEIGHT="31" WC="0.96" CONTENT="så"/><SP WIDTH="26" VPOS="288" HPOS="727"/>
							<String ID="string_22" HPOS="753" VPOS="288" WIDTH="94" HEIGHT="36" WC="0.96" CONTENT="långt"/><SP WIDTH="25" VPOS="288" HPOS="847"/>
							<String ID="string_23" HPOS="872" VPOS="288" WIDTH="132" HEIGHT="37" WC="0.96" CONTENT="gående"/><SP WIDTH="27" VPOS="288" HPOS="1004"/>
							<String ID="string_24" HPOS="1031" VPOS="288" WIDTH="167" HEIGHT="37" WC="0.96" CONTENT="åtgärder,"/><SP WIDTH="30" VPOS="288" HPOS="1198"/>
							<String ID="string_25" HPOS="1228" VPOS="298" WIDTH="74" HEIGHT="20" WC="0.96" CONTENT="som"/><SP WIDTH="27" VPOS="298" HPOS="1302"/>
							<String ID="string_26" HPOS="1329" VPOS="299" WIDTH="41" HEIGHT="21" WC="0.96" CONTENT="av"/><SP WIDTH="26" VPOS="299" HPOS="1370"/>
							<String ID="string_27" HPOS="1396" VPOS="289" WIDTH="257" HEIGHT="30" WC="0.93" CONTENT="motionärerna"/><SP WIDTH="25" VPOS="289" HPOS="1653"/>
							<String ID="string_28" HPOS="1678" VPOS="288" WIDTH="88" HEIGHT="31" WC="0.88" CONTENT="före-"/>
						</TextLine>
						<TextLine ID="line_3" HPOS="265" VPOS="331" WIDTH="604" HEIGHT="36">
							<String ID="string_29" HPOS="265" VPOS="332" WIDTH="124" HEIGHT="35" WC="0.95" CONTENT="slagits,"/><SP WIDTH="20" VPOS="332" HPOS="389"/>
							<String ID="string_30" HPOS="409" VPOS="332" WIDTH="111" HEIGHT="29" WC="0.96" CONTENT="skulle"/><SP WIDTH="17" VPOS="332" HPOS="520"/>
							<String ID="string_31" HPOS="537" VPOS="340" WIDTH="82" HEIGHT="22" WC="0.96" CONTENT="vara"/><SP WIDTH="18" VPOS="340" HPOS="619"/>
							<String ID="string_32" HPOS="637" VPOS="331" WIDTH="232" HEIGHT="36" WC="0.96" CONTENT="erforderliga."/>
						</TextLine>
					</TextBlock>
					<TextBlock ID="block_2" HPOS="264" VPOS="372" WIDTH="1506" HEIGHT="876">
						<TextLine ID="line_4" HPOS="309" VPOS="372" WIDTH="1457" HEIGHT="36">
							<String ID="string_33" HPOS="309" VPOS="372" WIDTH="120" HEIGHT="31" WC="0.96" CONTENT="Såsom"/><SP WIDTH="25" VPOS="372" HPOS="429"/>
							<String ID="string_34" HPOS="454" VPOS="382" WIDTH="42" HEIGHT="21" WC="0.96" CONTENT="av"/><SP WIDTH="26" VPOS="382" HPOS="496"/>
							<String ID="string_35" HPOS="522" VPOS="374" WIDTH="64" HEIGHT="29" WC="0.95" CONTENT="vad"/><SP WIDTH="24" VPOS="374" HPOS="586"/>
							<String ID="string_36" HPOS="610" VPOS="382" WIDTH="75" HEIGHT="21" WC="0.95" CONTENT="som"/><SP WIDTH="26" VPOS="382" HPOS="685"/>
							<String ID="string_37" HPOS="711" VPOS="372" WIDTH="131" HEIGHT="31" WC="0.96" CONTENT="anförts"/><SP WIDTH="24" VPOS="372" HPOS="842"/>
							<String ID="string_38" HPOS="866" VPOS="372" WIDTH="174" HEIGHT="36" WC="0.96" CONTENT="framgått,"/><SP WIDTH="26" VPOS="372" HPOS="1040"/>
							<String ID="string_39" HPOS="1066" VPOS="373" WIDTH="157" HEIGHT="30" WC="0.95" CONTENT="kommer"/><SP WIDTH="24" VPOS="373" HPOS="1223"/>
							<String ID="string_40" HPOS="1247" VPOS="372" WIDTH="197" HEIGHT="35" WC="0.94" CONTENT="emellertid,"/><SP WIDTH="26" VPOS="372" HPOS="1444"/>
							<String ID="string_41" HPOS="1470" VPOS="372" WIDTH="106" HEIGHT="31" WC="0.96" CONTENT="sedan"/><SP WIDTH="26" VPOS="372" HPOS="1576"/>
							<String ID="string_42" HPOS="1602" VPOS="382" WIDTH="42" HEIGHT="22" WC="0.92" CONTENT="av"/><SP WIDTH="25" VPOS="382" HPOS="1644"/>
							<String ID="string_43" HPOS="1669" VPOS="375" WIDTH="97" HEIGHT="27" WC="0.91" CONTENT="stats-"/>
						</TextLine>
						<TextLine ID="line_5" HPOS="264" VPOS="414" WIDTH="1503" HEIGHT="37">
							<String ID="string_44" HPOS="264" VPOS="416" WIDTH="180" HEIGHT="31" WC="0.96" CONTENT="makterna"/><SP WIDTH="25" VPOS="416" HPOS="444"/>
							<String ID="string_45" HPOS="469" VPOS="416" WIDTH="104" HEIGHT="29" WC="0.93" CONTENT="redan"/><SP WIDTH="25" VPOS="416" HPOS="573"/>
							<String ID="string_46" HPOS="598" VPOS="415" WIDTH="184" HEIGHT="36" WC="0.91" CONTENT="medgivna"/><SP WIDTH="22" VPOS="415" HPOS="782"/>
							<String ID="string_47" HPOS="804" VPOS="415" WIDTH="274" HEIGHT="30" WC="0.95" CONTENT="statsunderstöd"/><SP WIDTH="25" VPOS="415" HPOS="1078"/>
							<String ID="string_48" HPOS="1103" VPOS="415" WIDTH="194" HEIGHT="35" WC="0.95" CONTENT="utbetalats,"/><SP WIDTH="27" VPOS="415" HPOS="1297"/>
							<String ID="string_49" HPOS="1324" VPOS="417" WIDTH="49" HEIGHT="27" WC="0.96" CONTENT="att"/><SP WIDTH="25" VPOS="417" HPOS="1373"/>
							<String ID="string_50" HPOS="1398" VPOS="414" WIDTH="126" HEIGHT="31" WC="0.96" CONTENT="återstå"/><SP WIDTH="24" VPOS="414" HPOS="1524"/>
							<String ID="string_51" HPOS="1548" VPOS="423" WIDTH="42" HEIGHT="21" WC="0.96" CONTENT="en"/><SP WIDTH="25" VPOS="423" HPOS="1590"/>
							<String ID="string_52" HPOS="1615" VPOS="414" WIDTH="85" HEIGHT="30" WC="0.96" CONTENT="brist"/><SP WIDTH="25" VPOS="414" HPOS="1700"/>
							<String ID="string_53" HPOS="1725" VPOS="423" WIDTH="42" HEIGHT="21" WC="0.93" CONTENT="av"/>
						</TextLine>
						<TextLine ID="line_6" HPOS="266" VPOS="456" WIDTH="1499" HEIGHT="36">
							<String ID="string_54" HPOS="266" VPOS="458" WIDTH="39" HEIGHT="29" WC="0.96" CONTENT="10"/><SP WIDTH="13" VPOS="458" HPOS="305"/>
							<String ID="string_55" HPOS="318" VPOS="458" WIDTH="62" HEIGHT="29" WC="0.95" CONTENT="000"/><SP WIDTH="24" VPOS="458" HPOS="380"/>
							<String ID="string_56" HPOS="404" VPOS="458" WIDTH="138" HEIGHT="29" WC="0.96" CONTENT="kronor."/><SP WIDTH="25" VPOS="458" HPOS="542"/>
							<String ID="string_57" HPOS="567" VPOS="457" WIDTH="125" HEIGHT="30" WC="0.95" CONTENT="Härtill"/><SP WIDTH="21" VPOS="457" HPOS="692"/>
							<String ID="string_58" HPOS="713" VPOS="458" WIDTH="158" HEIGHT="29" WC="0.96" CONTENT="kommer"/><SP WIDTH="21" VPOS="458" HPOS="871"/>
							<String ID="string_59" HPOS="892" VPOS="456" WIDTH="220" HEIGHT="36" WC="0.96" CONTENT="föreningens"/><SP WIDTH="22" VPOS="456" HPOS="1112"/>
							<String ID="string_60" HPOS="1134" VPOS="457" WIDTH="113" HEIGHT="29" WC="0.96" CONTENT="behov"/><SP WIDTH="22" VPOS="457" HPOS="1247"/>
							<String ID="string_61" HPOS="1269" VPOS="466" WIDTH="43" HEIGHT="21" WC="0.90" CONTENT="av"/><SP WIDTH="24" VPOS="466" HPOS="1312"/>
							<String ID="string_62" HPOS="1336" VPOS="457" WIDTH="238" HEIGHT="30" WC="0.90" CONTENT="rörelsemedel"/><SP WIDTH="25" VPOS="457" HPOS="1574"/>
							<String ID="string_63" HPOS="1599" VPOS="460" WIDTH="89" HEIGHT="26" WC="0.93" CONTENT="samt"/><SP WIDTH="23" VPOS="460" HPOS="1688"/>
							<String ID="string_64" HPOS="1711" VPOS="456" WIDTH="54" HEIGHT="30" WC="0.92" CONTENT="be-"/>
						</TextLine>
						<TextLine ID="line_7" HPOS="264" VPOS="497" WIDTH="1504" HEIGHT="38">
							<String ID="string_65" HPOS="264" VPOS="500" WIDTH="67" HEIGHT="29" WC="0.96" CONTENT="hov"/><SP WIDTH="27" VPOS="500" HPOS="331"/>
							<String ID="string_66" HPOS="358" VPOS="509" WIDTH="42" HEIGHT="20" WC="0.96" CONTENT="av"/><SP WIDTH="26" VPOS="509" HPOS="400"/>
							<String ID="string_67" HPOS="426" VPOS="502" WIDTH="49" HEIGHT="27" WC="0.96" CONTENT="att"/><SP WIDTH="24" VPOS="502" HPOS="475"/>
							<String ID="string_68" HPOS="499" VPOS="499" WIDTH="168" HEIGHT="30" WC="0.96" CONTENT="förbättra"/><SP WIDTH="24" VPOS="499" HPOS="667"/>
							<String ID="string_69" HPOS="691" VPOS="498" WIDTH="239" HEIGHT="36" WC="0.96" CONTENT="besättningen"/><SP WIDTH="24" VPOS="498" HPOS="930"/>
							<String ID="string_70" HPOS="954" VPOS="505" WIDTH="122" HEIGHT="30" WC="0.96" CONTENT="genom"/><SP WIDTH="23" VPOS="505" HPOS="1076"/>
							<String ID="string_71" HPOS="1099" VPOS="498" WIDTH="108" HEIGHT="36" WC="0.96" CONTENT="inköp"/><SP WIDTH="28" VPOS="498" HPOS="1207"/>
							<String ID="string_72" HPOS="1235" VPOS="507" WIDTH="42" HEIGHT="21" WC="0.96" CONTENT="av"/><SP WIDTH="24" VPOS="507" HPOS="1277"/>
							<String ID="string_73" HPOS="1301" VPOS="497" WIDTH="107" HEIGHT="37" WC="0.96" CONTENT="några"/><SP WIDTH="23" VPOS="497" HPOS="1408"/>
							<String ID="string_74" HPOS="1431" VPOS="499" WIDTH="89" HEIGHT="35" WC="0.96" CONTENT="goda"/><SP WIDTH="24" VPOS="499" HPOS="1520"/>
							<String ID="string_75" HPOS="1544" VPOS="498" WIDTH="90" HEIGHT="36" WC="0.96" CONTENT="djur,"/><SP WIDTH="28" VPOS="498" HPOS="1634"/>
							<String ID="string_76" HPOS="1662" VPOS="498" WIDTH="106" HEIGHT="30" WC="0.96" CONTENT="vilket"/>
						</TextLine>
						<TextLine ID="line_8" HPOS="264" VPOS="539" WIDTH="1504" HEIGHT="37">
							<String ID="string_77" HPOS="264" VPOS="541" WIDTH="95" HEIGHT="30" WC="0.96" CONTENT="torde"/><SP WIDTH="19" VPOS="541" HPOS="359"/>
							<String ID="string_78" HPOS="378" VPOS="542" WIDTH="120" HEIGHT="30" WC="0.96" CONTENT="kunna"/><SP WIDTH="19" VPOS="542" HPOS="498"/>
							<String ID="string_79" HPOS="517" VPOS="541" WIDTH="170" HEIGHT="30" WC="0.96" CONTENT="beräknas"/><SP WIDTH="18" VPOS="541" HPOS="687"/>
							<String ID="string_80" HPOS="705" VPOS="540" WIDTH="156" HEIGHT="31" WC="0.96" CONTENT="medföra"/><SP WIDTH="20" VPOS="540" HPOS="861"/>
							<String ID="string_81" HPOS="881" VPOS="550" WIDTH="42" HEIGHT="21" WC="0.96" CONTENT="en"/><SP WIDTH="19" VPOS="550" HPOS="923"/>
							<String ID="string_82" HPOS="942" VPOS="541" WIDTH="147" HEIGHT="29" WC="0.95" CONTENT="kostnad"/><SP WIDTH="19" VPOS="541" HPOS="1089"/>
							<String ID="string_83" HPOS="1108" VPOS="550" WIDTH="42" HEIGHT="21" WC="0.96" CONTENT="av"/><SP WIDTH="20" VPOS="550" HPOS="1150"/>
							<String ID="string_84" HPOS="1170" VPOS="541" WIDTH="229" HEIGHT="35" WC="0.95" CONTENT="sammanlagt"/><SP WIDTH="23" VPOS="541" HPOS="1399"/>
							<String ID="string_85" HPOS="1422" VPOS="541" WIDTH="38" HEIGHT="29" WC="0.96" CONTENT="15"/><SP WIDTH="14" VPOS="541" HPOS="1460"/>
							<String ID="string_86" HPOS="1474" VPOS="540" WIDTH="65" HEIGHT="30" WC="0.96" CONTENT="000"/><SP WIDTH="17" VPOS="540" HPOS="1539"/>
							<String ID="string_87" HPOS="1556" VPOS="541" WIDTH="138" HEIGHT="29" WC="0.94" CONTENT="kronor."/><SP WIDTH="22" VPOS="541" HPOS="1694"/>
							<String ID="string_88" HPOS="1716" VPOS="539" WIDTH="52" HEIGHT="31" WC="0.96" CONTENT="Då"/>
						</TextLine>
						<TextLine ID="line_9" HPOS="264" VPOS="581" WIDTH="1503" HEIGHT="38">
							<String ID="string_89" HPOS="264" VPOS="583" WIDTH="99" HEIGHT="30" WC="0.96" CONTENT="dessa"/><SP WIDTH="19" VPOS="583" HPOS="363"/>
							<String ID="string_90" HPOS="382" VPOS="584" WIDTH="113" HEIGHT="29" WC="0.96" CONTENT="medel"/><SP WIDTH="19" VPOS="584" HPOS="495"/>
							<String ID="string_91" HPOS="514" VPOS="583" WIDTH="75" HEIGHT="30" WC="0.96" CONTENT="icke"/><SP WIDTH="22" VPOS="583" HPOS="589"/>
							<String ID="string_92" HPOS="611" VPOS="591" WIDTH="104" HEIGHT="28" WC="0.96" CONTENT="synas"/><SP WIDTH="21" VPOS="591" HPOS="715"/>
							<String ID="string_93" HPOS="736" VPOS="583" WIDTH="117" HEIGHT="29" WC="0.96" CONTENT="kunna"/><SP WIDTH="23" VPOS="583" HPOS="853"/>
							<String ID="string_94" HPOS="876" VPOS="581" WIDTH="181" HEIGHT="31" WC="0.96" CONTENT="anskaffas"/><SP WIDTH="21" VPOS="581" HPOS="1057"/>
							<String ID="string_95" HPOS="1078" VPOS="592" WIDTH="42" HEIGHT="21" WC="0.96" CONTENT="av"/><SP WIDTH="22" VPOS="592" HPOS="1120"/>
							<String ID="string_96" HPOS="1142" VPOS="581" WIDTH="203" HEIGHT="36" WC="0.96" CONTENT="föreningen"/><SP WIDTH="21" VPOS="581" HPOS="1345"/>
							<String ID="string_97" HPOS="1366" VPOS="581" WIDTH="45" HEIGHT="37" WC="0.96" CONTENT="på"/><SP WIDTH="23" VPOS="581" HPOS="1411"/>
							<String ID="string_98" HPOS="1434" VPOS="584" WIDTH="106" HEIGHT="28" WC="0.96" CONTENT="annat"/><SP WIDTH="21" VPOS="584" HPOS="1540"/>
							<String ID="string_99" HPOS="1561" VPOS="583" WIDTH="66" HEIGHT="29" WC="0.96" CONTENT="sätt"/><SP WIDTH="20" VPOS="583" HPOS="1627"/>
							<String ID="string_100" HPOS="1647" VPOS="583" WIDTH="45" HEIGHT="29" WC="0.93" CONTENT="än"/><SP WIDTH="20" VPOS="583" HPOS="1692"/>
							<String ID="string_101" HPOS="1712" VPOS="590" WIDTH="55" HEIGHT="28" WC="0.91" CONTENT="ge-"/>
						</TextLine>
						<TextLine ID="line_10" HPOS="264" VPOS="623" WIDTH="1503" HEIGHT="38">
							<String ID="string_102" HPOS="264" VPOS="634" WIDTH="81" HEIGHT="20" WC="0.96" CONTENT="nom"/><SP WIDTH="20" VPOS="634" HPOS="345"/>
							<String ID="string_103" HPOS="365" VPOS="624" WIDTH="171" HEIGHT="36" WC="0.95" CONTENT="tillfälliga"/><SP WIDTH="21" VPOS="624" HPOS="536"/>
							<String ID="string_104" HPOS="557" VPOS="623" WIDTH="66" HEIGHT="38" WC="0.96" CONTENT="lån,"/><SP WIDTH="24" VPOS="623" HPOS="623"/>
							<String ID="string_105" HPOS="647" VPOS="624" WIDTH="60" HEIGHT="30" WC="0.93" CONTENT="vill"/><SP WIDTH="20" VPOS="624" HPOS="707"/>
							<String ID="string_106" HPOS="727" VPOS="624" WIDTH="352" HEIGHT="37" WC="0.92" CONTENT="egnahemsstyrelsen"/><SP WIDTH="19" VPOS="624" HPOS="1079"/>
							<String ID="string_107" HPOS="1098" VPOS="623" WIDTH="138" HEIGHT="37" WC="0.96" CONTENT="föreslå,"/><SP WIDTH="23" VPOS="623" HPOS="1236"/>
							<String ID="string_108" HPOS="1259" VPOS="627" WIDTH="49" HEIGHT="27" WC="0.96" CONTENT="att"/><SP WIDTH="20" VPOS="627" HPOS="1308"/>
							<String ID="string_109" HPOS="1328" VPOS="624" WIDTH="51" HEIGHT="30" WC="0.96" CONTENT="till"/><SP WIDTH="20" VPOS="624" HPOS="1379"/>
							<String ID="string_110" HPOS="1399" VPOS="623" WIDTH="203" HEIGHT="36" WC="0.96" CONTENT="föreningen"/><SP WIDTH="19" VPOS="623" HPOS="1602"/>
							<String ID="string_111" HPOS="1621" VPOS="623" WIDTH="46" HEIGHT="37" WC="0.93" CONTENT="på"/><SP WIDTH="22" VPOS="623" HPOS="1667"/>
							<String ID="string_112" HPOS="1689" VPOS="633" WIDTH="78" HEIGHT="21" WC="0.92" CONTENT="ena-"/>
						</TextLine>
						<TextLine ID="line_11" HPOS="264" VPOS="664" WIDTH="1502" HEIGHT="37">
							<String ID="string_113" HPOS="264" VPOS="667" WIDTH="117" HEIGHT="29" WC="0.95" CONTENT="handa"/><SP WIDTH="19" VPOS="667" HPOS="381"/>
							<String ID="string_114" HPOS="400" VPOS="666" WIDTH="125" HEIGHT="30" WC="0.95" CONTENT="villkor"/><SP WIDTH="18" VPOS="666" HPOS="525"/>
							<String ID="string_115" HPOS="543" VPOS="676" WIDTH="73" HEIGHT="20" WC="0.96" CONTENT="som"/><SP WIDTH="17" VPOS="676" HPOS="616"/>
							<String ID="string_116" HPOS="633" VPOS="667" WIDTH="91" HEIGHT="34" WC="0.96" CONTENT="gälla"/><SP WIDTH="18" VPOS="667" HPOS="724"/>
							<String ID="string_117" HPOS="742" VPOS="667" WIDTH="55" HEIGHT="29" WC="0.96" CONTENT="för"/><SP WIDTH="15" VPOS="667" HPOS="797"/>
							<String ID="string_118" HPOS="812" VPOS="666" WIDTH="58" HEIGHT="29" WC="0.96" CONTENT="det"/><SP WIDTH="20" VPOS="666" HPOS="870"/>
							<String ID="string_119" HPOS="890" VPOS="666" WIDTH="108" HEIGHT="30" WC="0.93" CONTENT="redan"/><SP WIDTH="20" VPOS="666" HPOS="998"/>
							<String ID="string_120" HPOS="1018" VPOS="665" WIDTH="183" HEIGHT="36" WC="0.92" CONTENT="medgivna"/><SP WIDTH="19" VPOS="665" HPOS="1201"/>
							<String ID="string_121" HPOS="1220" VPOS="664" WIDTH="289" HEIGHT="37" WC="0.91" CONTENT="egnahemslånet,"/><SP WIDTH="22" VPOS="664" HPOS="1509"/>
							<String ID="string_122" HPOS="1531" VPOS="664" WIDTH="114" HEIGHT="31" WC="0.93" CONTENT="såsom"/><SP WIDTH="21" VPOS="664" HPOS="1645"/>
							<String ID="string_123" HPOS="1666" VPOS="673" WIDTH="100" HEIGHT="27" WC="0.92" CONTENT="egna-"/>
						</TextLine>
						<TextLine ID="line_12" HPOS="264" VPOS="707" WIDTH="1504" HEIGHT="37">
							<String ID="string_124" HPOS="264" VPOS="707" WIDTH="157" HEIGHT="32" WC="0.91" CONTENT="hemslån"/><SP WIDTH="25" VPOS="707" HPOS="421"/>
							<String ID="string_125" HPOS="446" VPOS="708" WIDTH="80" HEIGHT="31" WC="0.93" CONTENT="från"/><SP WIDTH="23" VPOS="708" HPOS="526"/>
							<String ID="string_126" HPOS="549" VPOS="707" WIDTH="397" HEIGHT="37" WC="0.90" CONTENT="egnahemslånefonden"/><SP WIDTH="24" VPOS="707" HPOS="946"/>
							<String ID="string_127" HPOS="970" VPOS="709" WIDTH="171" HEIGHT="29" WC="0.93" CONTENT="utlämnas"/><SP WIDTH="24" VPOS="709" HPOS="1141"/>
							<String ID="string_128" HPOS="1165" VPOS="708" WIDTH="194" HEIGHT="36" WC="0.89" CONTENT="vtterligare"/><SP WIDTH="24" VPOS="708" HPOS="1359"/>
							<String ID="string_129" HPOS="1383" VPOS="711" WIDTH="45" HEIGHT="27" WC="0.96" CONTENT="ett"/><SP WIDTH="24" VPOS="711" HPOS="1428"/>
							<String ID="string_130" HPOS="1452" VPOS="708" WIDTH="125" HEIGHT="36" WC="0.96" CONTENT="belopp"/><SP WIDTH="26" VPOS="708" HPOS="1577"/>
							<String ID="string_131" HPOS="1603" VPOS="717" WIDTH="42" HEIGHT="21" WC="0.96" CONTENT="av"/><SP WIDTH="23" VPOS="717" HPOS="1645"/>
							<String ID="string_132" HPOS="1668" VPOS="708" WIDTH="100" HEIGHT="35" WC="0.96" CONTENT="högst"/>
						</TextLine>
						<TextLine ID="line_13" HPOS="265" VPOS="749" WIDTH="1502" HEIGHT="37">
							<String ID="string_133" HPOS="265" VPOS="752" WIDTH="40" HEIGHT="29" WC="0.96" CONTENT="25"/><SP WIDTH="15" VPOS="752" HPOS="305"/>
							<String ID="string_134" HPOS="320" VPOS="751" WIDTH="62" HEIGHT="29" WC="0.96" CONTENT="000"/><SP WIDTH="25" VPOS="751" HPOS="382"/>
							<String ID="string_135" HPOS="407" VPOS="752" WIDTH="137" HEIGHT="29" WC="0.95" CONTENT="kronor."/><SP WIDTH="27" VPOS="752" HPOS="544"/>
							<String ID="string_136" HPOS="571" VPOS="750" WIDTH="125" HEIGHT="30" WC="0.96" CONTENT="Vidare"/><SP WIDTH="23" VPOS="750" HPOS="696"/>
							<String ID="string_137" HPOS="719" VPOS="750" WIDTH="58" HEIGHT="30" WC="0.96" CONTENT="vill"/><SP WIDTH="23" VPOS="750" HPOS="777"/>
							<String ID="string_138" HPOS="800" VPOS="751" WIDTH="166" HEIGHT="35" WC="0.96" CONTENT="styrelsen"/><SP WIDTH="25" VPOS="751" HPOS="966"/>
							<String ID="string_139" HPOS="991" VPOS="749" WIDTH="126" HEIGHT="32" WC="0.96" CONTENT="föreslå"/><SP WIDTH="25" VPOS="749" HPOS="1117"/>
							<String ID="string_140" HPOS="1142" VPOS="753" WIDTH="50" HEIGHT="27" WC="0.96" CONTENT="att"/><SP WIDTH="23" VPOS="753" HPOS="1192"/>
							<String ID="string_141" HPOS="1215" VPOS="750" WIDTH="203" HEIGHT="36" WC="0.96" CONTENT="föreningen"/><SP WIDTH="21" VPOS="750" HPOS="1418"/>
							<String ID="string_142" HPOS="1439" VPOS="749" WIDTH="11" HEIGHT="30" WC="0.96" CONTENT="i"/><SP WIDTH="24" VPOS="749" HPOS="1450"/>
							<String ID="string_143" HPOS="1474" VPOS="750" WIDTH="108" HEIGHT="29" WC="0.96" CONTENT="likhet"/><SP WIDTH="23" VPOS="750" HPOS="1582"/>
							<String ID="string_144" HPOS="1605" VPOS="750" WIDTH="79" HEIGHT="30" WC="0.93" CONTENT="med"/><SP WIDTH="26" VPOS="750" HPOS="1684"/>
							<String ID="string_145" HPOS="1710" VPOS="750" WIDTH="57" HEIGHT="29" WC="0.84" CONTENT="öv-"/>
						</TextLine>
						<TextLine ID="line_14" HPOS="264" VPOS="791" WIDTH="1502" HEIGHT="38">
							<String ID="string_146" HPOS="264" VPOS="793" WIDTH="72" HEIGHT="36" WC="0.93" CONTENT="riga"/><SP WIDTH="23" VPOS="793" HPOS="336"/>
							<String ID="string_147" HPOS="359" VPOS="791" WIDTH="363" HEIGHT="38" WC="0.89" CONTENT="egnahemslåntagare"/><SP WIDTH="20" VPOS="791" HPOS="722"/>
							<String ID="string_148" HPOS="742" VPOS="791" WIDTH="57" HEIGHT="31" WC="0.95" CONTENT="må"/><SP WIDTH="22" VPOS="791" HPOS="799"/>
							<String ID="string_149" HPOS="821" VPOS="792" WIDTH="55" HEIGHT="31" WC="0.96" CONTENT="för"/><SP WIDTH="23" VPOS="792" HPOS="876"/>
							<String ID="string_150" HPOS="899" VPOS="791" WIDTH="96" HEIGHT="32" WC="0.96" CONTENT="såväl"/><SP WIDTH="25" VPOS="791" HPOS="995"/>
							<String ID="string_151" HPOS="1020" VPOS="793" WIDTH="55" HEIGHT="29" WC="0.96" CONTENT="det"/><SP WIDTH="20" VPOS="793" HPOS="1075"/>
							<String ID="string_152" HPOS="1095" VPOS="792" WIDTH="108" HEIGHT="30" WC="0.93" CONTENT="redan"/><SP WIDTH="23" VPOS="792" HPOS="1203"/>
							<String ID="string_153" HPOS="1226" VPOS="791" WIDTH="182" HEIGHT="36" WC="0.92" CONTENT="medgivna"/><SP WIDTH="24" VPOS="791" HPOS="1408"/>
							<String ID="string_154" HPOS="1432" VPOS="800" WIDTH="74" HEIGHT="21" WC="0.96" CONTENT="som"/><SP WIDTH="24" VPOS="800" HPOS="1506"/>
							<String ID="string_155" HPOS="1530" VPOS="792" WIDTH="56" HEIGHT="30" WC="0.96" CONTENT="det"/><SP WIDTH="22" VPOS="792" HPOS="1586"/>
							<String ID="string_156" HPOS="1608" VPOS="801" WIDTH="48" HEIGHT="20" WC="0.93" CONTENT="nu"/><SP WIDTH="22" VPOS="801" HPOS="1656"/>
							<String ID="string_157" HPOS="1678" VPOS="791" WIDTH="88" HEIGHT="30" WC="0.92" CONTENT="före-"/>
						</TextLine>
						<TextLine ID="line_15" HPOS="265" VPOS="832" WIDTH="1502" HEIGHT="39">
							<String ID="string_158" HPOS="265" VPOS="835" WIDTH="117" HEIGHT="35" WC="0.93" CONTENT="slagna"/><SP WIDTH="20" VPOS="835" HPOS="382"/>
							<String ID="string_159" HPOS="402" VPOS="833" WIDTH="278" HEIGHT="38" WC="0.91" CONTENT="egnahemslånet"/><SP WIDTH="18" VPOS="833" HPOS="680"/>
							<String ID="string_160" HPOS="698" VPOS="834" WIDTH="135" HEIGHT="36" WC="0.93" CONTENT="åtnjuta"/><SP WIDTH="20" VPOS="834" HPOS="833"/>
							<String ID="string_161" HPOS="853" VPOS="833" WIDTH="333" HEIGHT="36" WC="0.91" CONTENT="amorteringsfrihet"/><SP WIDTH="20" VPOS="833" HPOS="1186"/>
							<String ID="string_162" HPOS="1206" VPOS="834" WIDTH="109" HEIGHT="30" WC="0.96" CONTENT="under"/><SP WIDTH="18" VPOS="834" HPOS="1315"/>
							<String ID="string_163" HPOS="1333" VPOS="834" WIDTH="71" HEIGHT="30" WC="0.96" CONTENT="fem"/><SP WIDTH="19" VPOS="834" HPOS="1404"/>
							<String ID="string_164" HPOS="1423" VPOS="833" WIDTH="48" HEIGHT="33" WC="0.89" CONTENT="år,"/><SP WIDTH="21" VPOS="833" HPOS="1471"/>
							<String ID="string_165" HPOS="1492" VPOS="834" WIDTH="52" HEIGHT="29" WC="0.96" CONTENT="En"/><SP WIDTH="19" VPOS="834" HPOS="1544"/>
							<String ID="string_166" HPOS="1563" VPOS="832" WIDTH="110" HEIGHT="32" WC="0.93" CONTENT="sådan"/><SP WIDTH="18" VPOS="832" HPOS="1673"/>
							<String ID="string_167" HPOS="1691" VPOS="834" WIDTH="76" HEIGHT="29" WC="0.92" CONTENT="lätt-"/>
						</TextLine>
						<TextLine ID="line_16" HPOS="264" VPOS="875" WIDTH="1505" HEIGHT="37">
							<String ID="string_168" HPOS="264" VPOS="878" WIDTH="70" HEIGHT="29" WC="0.96" CONTENT="nad"/><SP WIDTH="23" VPOS="878" HPOS="334"/>
							<String ID="string_169" HPOS="357" VPOS="878" WIDTH="69" HEIGHT="28" WC="0.96" CONTENT="kan"/><SP WIDTH="22" VPOS="878" HPOS="426"/>
							<String ID="string_170" HPOS="448" VPOS="886" WIDTH="82" HEIGHT="20" WC="0.96" CONTENT="vara"/><SP WIDTH="20" VPOS="886" HPOS="530"/>
							<String ID="string_171" HPOS="550" VPOS="876" WIDTH="192" HEIGHT="30" WC="0.96" CONTENT="motiverad"/><SP WIDTH="23" VPOS="876" HPOS="742"/>
							<String ID="string_172" HPOS="765" VPOS="876" WIDTH="78" HEIGHT="30" WC="0.96" CONTENT="med"/><SP WIDTH="22" VPOS="876" HPOS="843"/>
							<String ID="string_173" HPOS="865" VPOS="877" WIDTH="138" HEIGHT="35" WC="0.95" CONTENT="hänsyn"/><SP WIDTH="19" VPOS="877" HPOS="1003"/>
							<String ID="string_174" HPOS="1022" VPOS="876" WIDTH="50" HEIGHT="30" WC="0.96" CONTENT="till"/><SP WIDTH="22" VPOS="876" HPOS="1072"/>
							<String ID="string_175" HPOS="1094" VPOS="878" WIDTH="48" HEIGHT="27" WC="0.96" CONTENT="att"/><SP WIDTH="23" VPOS="878" HPOS="1142"/>
							<String ID="string_176" HPOS="1165" VPOS="876" WIDTH="68" HEIGHT="29" WC="0.96" CONTENT="viss"/><SP WIDTH="23" VPOS="876" HPOS="1233"/>
							<String ID="string_177" HPOS="1256" VPOS="876" WIDTH="49" HEIGHT="30" WC="0.96" CONTENT="tid"/><SP WIDTH="22" VPOS="876" HPOS="1305"/>
							<String ID="string_178" HPOS="1327" VPOS="876" WIDTH="97" HEIGHT="31" WC="0.96" CONTENT="torde"/><SP WIDTH="20" VPOS="876" HPOS="1424"/>
							<String ID="string_179" HPOS="1444" VPOS="875" WIDTH="173" HEIGHT="32" WC="0.96" CONTENT="erfordras"/><SP WIDTH="25" VPOS="875" HPOS="1617"/>
							<String ID="string_180" HPOS="1642" VPOS="875" WIDTH="55" HEIGHT="30" WC="0.96" CONTENT="för"/><SP WIDTH="23" VPOS="875" HPOS="1697"/>
							<String ID="string_181" HPOS="1720" VPOS="878" WIDTH="49" HEIGHT="27" WC="0.95" CONTENT="att"/>
						</TextLine>
						<TextLine ID="line_17" HPOS="264" VPOS="917" WIDTH="1505" HEIGHT="38">
							<String ID="string_182" HPOS="264" VPOS="918" WIDTH="36" HEIGHT="31" WC="0.96" CONTENT="få"/><SP WIDTH="22" VPOS="918" HPOS="300"/>
							<String ID="string_183" HPOS="322" VPOS="928" WIDTH="70" HEIGHT="27" WC="0.96" CONTENT="upp"/><SP WIDTH="26" VPOS="928" HPOS="392"/>
							<String ID="string_184" HPOS="418" VPOS="918" WIDTH="239" HEIGHT="36" WC="0.95" CONTENT="besättningen"/><SP WIDTH="20" VPOS="918" HPOS="657"/>
							<String ID="string_185" HPOS="677" VPOS="919" WIDTH="11" HEIGHT="29" WC="0.96" CONTENT="i"/><SP WIDTH="25" VPOS="919" HPOS="688"/>
							<String ID="string_186" HPOS="713" VPOS="917" WIDTH="215" HEIGHT="37" WC="0.96" CONTENT="någorlunda"/><SP WIDTH="19" VPOS="917" HPOS="928"/>
							<String ID="string_187" HPOS="947" VPOS="919" WIDTH="68" HEIGHT="35" WC="0.96" CONTENT="god"/><SP WIDTH="22" VPOS="919" HPOS="1015"/>
							<String ID="string_188" HPOS="1037" VPOS="917" WIDTH="214" HEIGHT="36" WC="0.87" CONTENT="avkastning."/><SP WIDTH="25" VPOS="917" HPOS="1251"/>
							<String ID="string_189" HPOS="1276" VPOS="918" WIDTH="13" HEIGHT="29" WC="0.96" CONTENT="I"/><SP WIDTH="24" VPOS="918" HPOS="1289"/>
							<String ID="string_190" HPOS="1313" VPOS="917" WIDTH="91" HEIGHT="31" WC="0.96" CONTENT="detta"/><SP WIDTH="23" VPOS="917" HPOS="1404"/>
							<String ID="string_191" HPOS="1427" VPOS="917" WIDTH="252" HEIGHT="36" WC="0.95" CONTENT="sammanhang"/><SP WIDTH="24" VPOS="917" HPOS="1679"/>
							<String ID="string_192" HPOS="1703" VPOS="917" WIDTH="66" HEIGHT="30" WC="0.95" CONTENT="och"/>
						</TextLine>
						<TextLine ID="line_18" HPOS="265" VPOS="958" WIDTH="1503" HEIGHT="39">
							<String ID="string_193" HPOS="265" VPOS="961" WIDTH="78" HEIGHT="29" WC="0.96" CONTENT="med"/><SP WIDTH="17" VPOS="961" HPOS="343"/>
							<String ID="string_194" HPOS="360" VPOS="961" WIDTH="186" HEIGHT="36" WC="0.96" CONTENT="anledning"/><SP WIDTH="18" VPOS="961" HPOS="546"/>
							<String ID="string_195" HPOS="564" VPOS="970" WIDTH="43" HEIGHT="21" WC="0.93" CONTENT="av"/><SP WIDTH="17" VPOS="970" HPOS="607"/>
							<String ID="string_196" HPOS="624" VPOS="960" WIDTH="273" HEIGHT="31" WC="0.91" CONTENT="motionärernas"/><SP WIDTH="21" VPOS="960" HPOS="897"/>
							<String ID="string_197" HPOS="918" VPOS="960" WIDTH="186" HEIGHT="35" WC="0.96" CONTENT="uttalande,"/><SP WIDTH="18" VPOS="960" HPOS="1104"/>
							<String ID="string_198" HPOS="1122" VPOS="962" WIDTH="50" HEIGHT="28" WC="0.96" CONTENT="att"/><SP WIDTH="18" VPOS="962" HPOS="1172"/>
							<String ID="string_199" HPOS="1190" VPOS="959" WIDTH="128" HEIGHT="30" WC="0.96" CONTENT="driften"/><SP WIDTH="19" VPOS="959" HPOS="1318"/>
							<String ID="string_200" HPOS="1337" VPOS="968" WIDTH="41" HEIGHT="21" WC="0.96" CONTENT="av"/><SP WIDTH="19" VPOS="968" HPOS="1378"/>
							<String ID="string_201" HPOS="1397" VPOS="958" WIDTH="213" HEIGHT="36" WC="0.93" CONTENT="ladugården"/><SP WIDTH="16" VPOS="958" HPOS="1610"/>
							<String ID="string_202" HPOS="1626" VPOS="958" WIDTH="142" HEIGHT="31" WC="0.91" CONTENT="åtmins-"/>
						</TextLine>
						<TextLine ID="line_19" HPOS="265" VPOS="1000" WIDTH="1502" HEIGHT="38">
							<String ID="string_203" HPOS="265" VPOS="1006" WIDTH="78" HEIGHT="26" WC="0.96" CONTENT="tone"/><SP WIDTH="20" VPOS="1006" HPOS="343"/>
							<String ID="string_204" HPOS="363" VPOS="1004" WIDTH="42" HEIGHT="29" WC="0.96" CONTENT="de"/><SP WIDTH="21" VPOS="1004" HPOS="405"/>
							<String ID="string_205" HPOS="426" VPOS="1002" WIDTH="109" HEIGHT="30" WC="0.96" CONTENT="första"/><SP WIDTH="22" VPOS="1002" HPOS="535"/>
							<String ID="string_206" HPOS="557" VPOS="1002" WIDTH="82" HEIGHT="30" WC="0.96" CONTENT="åren"/><SP WIDTH="20" VPOS="1002" HPOS="639"/>
							<String ID="string_207" HPOS="659" VPOS="1001" WIDTH="109" HEIGHT="31" WC="0.96" CONTENT="måste"/><SP WIDTH="19" VPOS="1001" HPOS="768"/>
							<String ID="string_208" HPOS="787" VPOS="1010" WIDTH="40" HEIGHT="28" WC="0.96" CONTENT="ge"/><SP WIDTH="23" VPOS="1010" HPOS="827"/>
							<String ID="string_209" HPOS="850" VPOS="1005" WIDTH="46" HEIGHT="27" WC="0.96" CONTENT="ett"/><SP WIDTH="23" VPOS="1005" HPOS="896"/>
							<String ID="string_210" HPOS="919" VPOS="1002" WIDTH="202" HEIGHT="30" WC="0.96" CONTENT="underskott"/><SP WIDTH="22" VPOS="1002" HPOS="1121"/>
							<String ID="string_211" HPOS="1143" VPOS="1000" WIDTH="46" HEIGHT="37" WC="0.95" CONTENT="på"/><SP WIDTH="21" VPOS="1000" HPOS="1189"/>
							<String ID="string_212" HPOS="1210" VPOS="1001" WIDTH="194" HEIGHT="36" WC="0.96" CONTENT="antagligen"/><SP WIDTH="21" VPOS="1001" HPOS="1404"/>
							<String ID="string_213" HPOS="1425" VPOS="1001" WIDTH="105" HEIGHT="30" WC="0.96" CONTENT="minst"/><SP WIDTH="22" VPOS="1001" HPOS="1530"/>
							<String ID="string_214" HPOS="1552" VPOS="1001" WIDTH="39" HEIGHT="29" WC="0.96" CONTENT="10"/><SP WIDTH="14" VPOS="1001" HPOS="1591"/>
							<String ID="string_215" HPOS="1605" VPOS="1001" WIDTH="63" HEIGHT="30" WC="0.93" CONTENT="000"/><SP WIDTH="22" VPOS="1001" HPOS="1668"/>
							<String ID="string_216" HPOS="1690" VPOS="1001" WIDTH="77" HEIGHT="29" WC="0.91" CONTENT="kro-"/>
						</TextLine>
						<TextLine ID="line_20" HPOS="265" VPOS="1042" WIDTH="1505" HEIGHT="39">
							<String ID="string_217" HPOS="265" VPOS="1054" WIDTH="63" HEIGHT="20" WC="0.96" CONTENT="nor"/><SP WIDTH="20" VPOS="1054" HPOS="328"/>
							<String ID="string_218" HPOS="348" VPOS="1054" WIDTH="62" HEIGHT="27" WC="0.95" CONTENT="per"/><SP WIDTH="19" VPOS="1054" HPOS="410"/>
							<String ID="string_219" HPOS="429" VPOS="1044" WIDTH="48" HEIGHT="36" WC="0.95" CONTENT="år,"/><SP WIDTH="21" VPOS="1044" HPOS="477"/>
							<String ID="string_220" HPOS="498" VPOS="1045" WIDTH="57" HEIGHT="29" WC="0.93" CONTENT="vill"/><SP WIDTH="20" VPOS="1045" HPOS="555"/>
							<String ID="string_221" HPOS="575" VPOS="1044" WIDTH="353" HEIGHT="36" WC="0.56" CONTENT="egnahemsstyrelsen"/><SP WIDTH="20" VPOS="1044" HPOS="928"/>
							<String ID="string_222" HPOS="948" VPOS="1043" WIDTH="185" HEIGHT="31" WC="0.96" CONTENT="framhålla"/><SP WIDTH="22" VPOS="1043" HPOS="1133"/>
							<String ID="string_223" HPOS="1155" VPOS="1046" WIDTH="50" HEIGHT="27" WC="0.96" CONTENT="att"/><SP WIDTH="20" VPOS="1046" HPOS="1205"/>
							<String ID="string_224" HPOS="1225" VPOS="1044" WIDTH="114" HEIGHT="30" WC="0.96" CONTENT="därest"/><SP WIDTH="20" VPOS="1044" HPOS="1339"/>
							<String ID="string_225" HPOS="1359" VPOS="1042" WIDTH="265" HEIGHT="37" WC="0.96" CONTENT="ifrågavarande"/><SP WIDTH="18" VPOS="1042" HPOS="1624"/>
							<String ID="string_226" HPOS="1642" VPOS="1043" WIDTH="128" HEIGHT="30" WC="0.96" CONTENT="rörelse"/>
						</TextLine>
						<TextLine ID="line_21" HPOS="266" VPOS="1085" WIDTH="1504" HEIGHT="38">
							<String ID="string_227" HPOS="266" VPOS="1087" WIDTH="110" HEIGHT="30" WC="0.96" CONTENT="skulle"/><SP WIDTH="16" VPOS="1087" HPOS="376"/>
							<String ID="string_228" HPOS="392" VPOS="1086" WIDTH="74" HEIGHT="30" WC="0.95" CONTENT="visa"/><SP WIDTH="17" VPOS="1086" HPOS="466"/>
							<String ID="string_229" HPOS="483" VPOS="1087" WIDTH="49" HEIGHT="35" WC="0.96" CONTENT="sig"/><SP WIDTH="17" VPOS="1087" HPOS="532"/>
							<String ID="string_230" HPOS="549" VPOS="1093" WIDTH="38" HEIGHT="30" WC="0.96" CONTENT="ge"/><SP WIDTH="16" VPOS="1093" HPOS="587"/>
							<String ID="string_231" HPOS="603" VPOS="1087" WIDTH="113" HEIGHT="29" WC="0.96" CONTENT="sämre"/><SP WIDTH="17" VPOS="1087" HPOS="716"/>
							<String ID="string_232" HPOS="733" VPOS="1085" WIDTH="217" HEIGHT="32" WC="0.95" CONTENT="ekonomiskt"/><SP WIDTH="16" VPOS="1085" HPOS="950"/>
							<String ID="string_233" HPOS="966" VPOS="1086" WIDTH="140" HEIGHT="30" WC="0.96" CONTENT="resultat"/><SP WIDTH="16" VPOS="1086" HPOS="1106"/>
							<String ID="string_234" HPOS="1122" VPOS="1087" WIDTH="46" HEIGHT="28" WC="0.96" CONTENT="än"/><SP WIDTH="17" VPOS="1087" HPOS="1168"/>
							<String ID="string_235" HPOS="1185" VPOS="1095" WIDTH="75" HEIGHT="21" WC="0.96" CONTENT="som"/><SP WIDTH="17" VPOS="1095" HPOS="1260"/>
							<String ID="string_236" HPOS="1277" VPOS="1086" WIDTH="187" HEIGHT="29" WC="0.93" CONTENT="beräknats"/><SP WIDTH="15" VPOS="1086" HPOS="1464"/>
							<String ID="string_237" HPOS="1479" VPOS="1102" WIDTH="44" HEIGHT="3" WC="0.91" CONTENT="—"/><SP WIDTH="17" VPOS="1102" HPOS="1523"/>
							<String ID="string_238" HPOS="1540" VPOS="1085" WIDTH="123" HEIGHT="29" WC="0.96" CONTENT="härom"/><SP WIDTH="17" VPOS="1085" HPOS="1663"/>
							<String ID="string_239" HPOS="1680" VPOS="1085" WIDTH="90" HEIGHT="29" WC="0.96" CONTENT="lärer"/>
						</TextLine>
						<TextLine ID="line_22" HPOS="266" VPOS="1126" WIDTH="1503" HEIGHT="38">
							<String ID="string_240" HPOS="266" VPOS="1129" WIDTH="56" HEIGHT="30" WC="0.96" CONTENT="det"/><SP WIDTH="23" VPOS="1129" HPOS="322"/>
							<String ID="string_241" HPOS="345" VPOS="1128" WIDTH="188" HEIGHT="31" WC="0.95" CONTENT="emellertid"/><SP WIDTH="26" VPOS="1128" HPOS="533"/>
							<String ID="string_242" HPOS="559" VPOS="1130" WIDTH="94" HEIGHT="28" WC="0.96" CONTENT="ännu"/><SP WIDTH="26" VPOS="1130" HPOS="653"/>
							<String ID="string_243" HPOS="679" VPOS="1138" WIDTH="82" HEIGHT="21" WC="0.96" CONTENT="vara"/><SP WIDTH="23" VPOS="1138" HPOS="761"/>
							<String ID="string_244" HPOS="784" VPOS="1127" WIDTH="55" HEIGHT="31" WC="0.96" CONTENT="för"/><SP WIDTH="22" VPOS="1127" HPOS="839"/>
							<String ID="string_245" HPOS="861" VPOS="1128" WIDTH="98" HEIGHT="36" WC="0.96" CONTENT="tidigt"/><SP WIDTH="24" VPOS="1128" HPOS="959"/>
							<String ID="string_246" HPOS="983" VPOS="1130" WIDTH="49" HEIGHT="28" WC="0.96" CONTENT="att"/><SP WIDTH="23" VPOS="1130" HPOS="1032"/>
							<String ID="string_247" HPOS="1055" VPOS="1127" WIDTH="84" HEIGHT="31" WC="0.96" CONTENT="fälla"/><SP WIDTH="25" VPOS="1127" HPOS="1139"/>
							<String ID="string_248" HPOS="1164" VPOS="1126" WIDTH="104" HEIGHT="37" WC="0.96" CONTENT="något"/><SP WIDTH="24" VPOS="1126" HPOS="1268"/>
							<String ID="string_249" HPOS="1292" VPOS="1127" WIDTH="147" HEIGHT="30" WC="0.96" CONTENT="bestämt"/><SP WIDTH="24" VPOS="1127" HPOS="1439"/>
							<String ID="string_250" HPOS="1463" VPOS="1127" WIDTH="161" HEIGHT="30" WC="0.93" CONTENT="omdöme"/><SP WIDTH="20" VPOS="1127" HPOS="1624"/>
							<String ID="string_251" HPOS="1644" VPOS="1143" WIDTH="45" HEIGHT="4" WC="0.68" CONTENT="—"/><SP WIDTH="24" VPOS="1143" HPOS="1689"/>
							<String ID="string_252" HPOS="1713" VPOS="1127" WIDTH="56" HEIGHT="29" WC="0.96" CONTENT="det"/>
						</TextLine>
						<TextLine ID="line_23" HPOS="269" VPOS="1168" WIDTH="1500" HEIGHT="38">
							<String ID="string_253" HPOS="269" VPOS="1171" WIDTH="93" HEIGHT="30" WC="0.96" CONTENT="torde"/><SP WIDTH="24" VPOS="1171" HPOS="362"/>
							<String ID="string_254" HPOS="386" VPOS="1170" WIDTH="37" HEIGHT="30" WC="0.93" CONTENT="få"/><SP WIDTH="23" VPOS="1170" HPOS="423"/>
							<String ID="string_255" HPOS="446" VPOS="1171" WIDTH="187" HEIGHT="30" WC="0.92" CONTENT="ankomma"/><SP WIDTH="24" VPOS="1171" HPOS="633"/>
							<String ID="string_256" HPOS="657" VPOS="1169" WIDTH="46" HEIGHT="37" WC="0.96" CONTENT="på"/><SP WIDTH="25" VPOS="1169" HPOS="703"/>
							<String ID="string_257" HPOS="728" VPOS="1170" WIDTH="184" HEIGHT="36" WC="0.96" CONTENT="delägarna"/><SP WIDTH="25" VPOS="1170" HPOS="912"/>
							<String ID="string_258" HPOS="937" VPOS="1170" WIDTH="110" HEIGHT="36" WC="0.96" CONTENT="själva"/><SP WIDTH="23" VPOS="1170" HPOS="1047"/>
							<String ID="string_259" HPOS="1070" VPOS="1172" WIDTH="48" HEIGHT="28" WC="0.95" CONTENT="att"/><SP WIDTH="23" VPOS="1172" HPOS="1118"/>
							<String ID="string_260" HPOS="1141" VPOS="1169" WIDTH="180" HEIGHT="31" WC="0.96" CONTENT="inkomma"/><SP WIDTH="23" VPOS="1169" HPOS="1321"/>
							<String ID="string_261" HPOS="1344" VPOS="1169" WIDTH="49" HEIGHT="30" WC="0.95" CONTENT="till"/><SP WIDTH="25" VPOS="1169" HPOS="1393"/>
							<String ID="string_262" HPOS="1418" VPOS="1168" WIDTH="122" HEIGHT="36" WC="0.95" CONTENT="Kungl."/><SP WIDTH="25" VPOS="1168" HPOS="1540"/>
							<String ID="string_263" HPOS="1565" VPOS="1168" WIDTH="101" HEIGHT="36" WC="0.96" CONTENT="Maj:t"/><SP WIDTH="24" VPOS="1168" HPOS="1666"/>
							<String ID="string_264" HPOS="1690" VPOS="1168" WIDTH="79" HEIGHT="30" WC="0.96" CONTENT="med"/>
						</TextLine>
						<TextLine ID="line_24" HPOS="266" VPOS="1210" WIDTH="1225" HEIGHT="38">
							<String ID="string_265" HPOS="266" VPOS="1212" WIDTH="255" HEIGHT="36" WC="0.96" CONTENT="framställning"/><SP WIDTH="22" VPOS="1212" HPOS="521"/>
							<String ID="string_266" HPOS="543" VPOS="1222" WIDTH="55" HEIGHT="20" WC="0.96" CONTENT="om"/><SP WIDTH="24" VPOS="1222" HPOS="598"/>
							<String ID="string_267" HPOS="622" VPOS="1213" WIDTH="43" HEIGHT="29" WC="0.96" CONTENT="de"/><SP WIDTH="20" VPOS="1213" HPOS="665"/>
							<String ID="string_268" HPOS="685" VPOS="1212" WIDTH="167" HEIGHT="36" WC="0.96" CONTENT="åtgärder,"/><SP WIDTH="21" VPOS="1212" HPOS="852"/>
							<String ID="string_269" HPOS="873" VPOS="1220" WIDTH="77" HEIGHT="21" WC="0.96" CONTENT="som"/><SP WIDTH="20" VPOS="1220" HPOS="950"/>
							<String ID="string_270" HPOS="970" VPOS="1212" WIDTH="107" HEIGHT="29" WC="0.96" CONTENT="därav"/><SP WIDTH="19" VPOS="1212" HPOS="1077"/>
							<String ID="string_271" HPOS="1096" VPOS="1210" WIDTH="57" HEIGHT="31" WC="0.96" CONTENT="må"/><SP WIDTH="24" VPOS="1210" HPOS="1153"/>
							<String ID="string_272" HPOS="1177" VPOS="1220" WIDTH="99" HEIGHT="21" WC="0.95" CONTENT="anses"/><SP WIDTH="22" VPOS="1220" HPOS="1276"/>
							<String ID="string_273" HPOS="1298" VPOS="1210" WIDTH="193" HEIGHT="37" WC="0.96" CONTENT="påkallade."/>
						</TextLine>
					</TextBlock>
					<TextBlock ID="block_3" HPOS="265" VPOS="1251" WIDTH="1507" HEIGHT="328">
						<TextLine ID="line_25" HPOS="310" VPOS="1251" WIDTH="1458" HEIGHT="39">
							<String ID="string_274" HPOS="310" VPOS="1254" WIDTH="116" HEIGHT="36" WC="0.96" CONTENT="Enligt"/><SP WIDTH="25" VPOS="1254" HPOS="426"/>
							<String ID="string_275" HPOS="451" VPOS="1255" WIDTH="66" HEIGHT="29" WC="0.96" CONTENT="vad"/><SP WIDTH="24" VPOS="1255" HPOS="517"/>
							<String ID="string_276" HPOS="541" VPOS="1263" WIDTH="76" HEIGHT="21" WC="0.95" CONTENT="som"/><SP WIDTH="23" VPOS="1263" HPOS="617"/>
							<String ID="string_277" HPOS="640" VPOS="1252" WIDTH="154" HEIGHT="37" WC="0.96" CONTENT="framgår"/><SP WIDTH="24" VPOS="1252" HPOS="794"/>
							<String ID="string_278" HPOS="818" VPOS="1263" WIDTH="41" HEIGHT="22" WC="0.96" CONTENT="av"/><SP WIDTH="23" VPOS="1263" HPOS="859"/>
							<String ID="string_279" HPOS="882" VPOS="1254" WIDTH="67" HEIGHT="30" WC="0.96" CONTENT="den"/><SP WIDTH="22" VPOS="1254" HPOS="949"/>
							<String ID="string_280" HPOS="971" VPOS="1253" WIDTH="161" HEIGHT="36" WC="0.96" CONTENT="bifogade"/><SP WIDTH="25" VPOS="1253" HPOS="1132"/>
							<String ID="string_281" HPOS="1157" VPOS="1252" WIDTH="188" HEIGHT="31" WC="0.96" CONTENT="skrivelsen"/><SP WIDTH="23" VPOS="1252" HPOS="1345"/>
							<String ID="string_282" HPOS="1368" VPOS="1251" WIDTH="80" HEIGHT="32" WC="0.93" CONTENT="från"/><SP WIDTH="22" VPOS="1251" HPOS="1448"/>
							<String ID="string_283" HPOS="1470" VPOS="1252" WIDTH="298" HEIGHT="36" WC="0.91" CONTENT="egnahemsdirek-"/>
						</TextLine>
						<TextLine ID="line_26" HPOS="265" VPOS="1293" WIDTH="1505" HEIGHT="40">
							<String ID="string_284" HPOS="265" VPOS="1298" WIDTH="96" HEIGHT="30" WC="0.91" CONTENT="tören"/><SP WIDTH="17" VPOS="1298" HPOS="361"/>
							<String ID="string_285" HPOS="378" VPOS="1296" WIDTH="161" HEIGHT="30" WC="0.95" CONTENT="Ericsson"/><SP WIDTH="16" VPOS="1296" HPOS="539"/>
							<String ID="string_286" HPOS="555" VPOS="1297" WIDTH="64" HEIGHT="29" WC="0.95" CONTENT="har"/><SP WIDTH="15" VPOS="1297" HPOS="619"/>
							<String ID="string_287" HPOS="634" VPOS="1295" WIDTH="177" HEIGHT="38" WC="0.93" CONTENT="ingenting"/><SP WIDTH="16" VPOS="1295" HPOS="811"/>
							<String ID="string_288" HPOS="827" VPOS="1295" WIDTH="181" HEIGHT="37" WC="0.89" CONTENT="uppgjorts"/><SP WIDTH="18" VPOS="1295" HPOS="1008"/>
							<String ID="string_289" HPOS="1026" VPOS="1296" WIDTH="10" HEIGHT="29" WC="0.96" CONTENT="i"/><SP WIDTH="17" VPOS="1296" HPOS="1036"/>
							<String ID="string_290" HPOS="1053" VPOS="1294" WIDTH="98" HEIGHT="38" WC="0.96" CONTENT="fråga"/><SP WIDTH="20" VPOS="1294" HPOS="1151"/>
							<String ID="string_291" HPOS="1171" VPOS="1304" WIDTH="57" HEIGHT="21" WC="0.92" CONTENT="om"/><SP WIDTH="17" VPOS="1304" HPOS="1228"/>
							<String ID="string_292" HPOS="1245" VPOS="1294" WIDTH="217" HEIGHT="37" WC="0.90" CONTENT="förräntning"/><SP WIDTH="16" VPOS="1294" HPOS="1462"/>
							<String ID="string_293" HPOS="1478" VPOS="1295" WIDTH="66" HEIGHT="29" WC="0.96" CONTENT="och"/><SP WIDTH="17" VPOS="1295" HPOS="1544"/>
							<String ID="string_294" HPOS="1561" VPOS="1293" WIDTH="209" HEIGHT="36" WC="0.96" CONTENT="amortering"/>
						</TextLine>
						<TextLine ID="line_27" HPOS="266" VPOS="1335" WIDTH="1504" HEIGHT="39">
							<String ID="string_295" HPOS="266" VPOS="1348" WIDTH="42" HEIGHT="21" WC="0.96" CONTENT="av"/><SP WIDTH="21" VPOS="1348" HPOS="308"/>
							<String ID="string_296" HPOS="329" VPOS="1339" WIDTH="56" HEIGHT="30" WC="0.96" CONTENT="det"/><SP WIDTH="21" VPOS="1339" HPOS="385"/>
							<String ID="string_297" HPOS="406" VPOS="1348" WIDTH="43" HEIGHT="21" WC="0.96" CONTENT="av"/><SP WIDTH="21" VPOS="1348" HPOS="449"/>
							<String ID="string_298" HPOS="470" VPOS="1338" WIDTH="229" HEIGHT="36" WC="0.96" CONTENT="Kooperativa"/><SP WIDTH="20" VPOS="1338" HPOS="699"/>
							<String ID="string_299" HPOS="719" VPOS="1338" WIDTH="187" HEIGHT="30" WC="0.96" CONTENT="förbundet"/><SP WIDTH="22" VPOS="1338" HPOS="906"/>
							<String ID="string_300" HPOS="928" VPOS="1337" WIDTH="199" HEIGHT="31" WC="0.96" CONTENT="utlämnade"/><SP WIDTH="22" VPOS="1337" HPOS="1127"/>
							<String ID="string_301" HPOS="1149" VPOS="1336" WIDTH="102" HEIGHT="32" WC="0.96" CONTENT="lånet."/><SP WIDTH="23" VPOS="1336" HPOS="1251"/>
							<String ID="string_302" HPOS="1274" VPOS="1337" WIDTH="197" HEIGHT="30" WC="0.96" CONTENT="Förbundet"/><SP WIDTH="21" VPOS="1337" HPOS="1471"/>
							<String ID="string_303" HPOS="1492" VPOS="1336" WIDTH="65" HEIGHT="30" WC="0.96" CONTENT="har"/><SP WIDTH="24" VPOS="1336" HPOS="1557"/>
							<String ID="string_304" HPOS="1581" VPOS="1335" WIDTH="189" HEIGHT="31" WC="0.95" CONTENT="emellertid"/>
						</TextLine>
						<TextLine ID="line_28" HPOS="267" VPOS="1378" WIDTH="1504" HEIGHT="39">
							<String ID="string_305" HPOS="267" VPOS="1380" WIDTH="107" HEIGHT="30" WC="0.96" CONTENT="utfäst"/><SP WIDTH="21" VPOS="1380" HPOS="374"/>
							<String ID="string_306" HPOS="395" VPOS="1381" WIDTH="50" HEIGHT="36" WC="0.96" CONTENT="sig"/><SP WIDTH="21" VPOS="1381" HPOS="445"/>
							<String ID="string_307" HPOS="466" VPOS="1384" WIDTH="48" HEIGHT="27" WC="0.96" CONTENT="att"/><SP WIDTH="22" VPOS="1384" HPOS="514"/>
							<String ID="string_308" HPOS="536" VPOS="1380" WIDTH="160" HEIGHT="32" WC="0.96" CONTENT="avskriva"/><SP WIDTH="20" VPOS="1380" HPOS="696"/>
							<String ID="string_309" HPOS="716" VPOS="1381" WIDTH="116" HEIGHT="29" WC="0.91" CONTENT="20000"/><SP WIDTH="23" VPOS="1381" HPOS="832"/>
							<String ID="string_310" HPOS="855" VPOS="1381" WIDTH="129" HEIGHT="29" WC="0.96" CONTENT="kronor"/><SP WIDTH="22" VPOS="1381" HPOS="984"/>
							<String ID="string_311" HPOS="1006" VPOS="1389" WIDTH="41" HEIGHT="21" WC="0.96" CONTENT="av"/><SP WIDTH="22" VPOS="1389" HPOS="1047"/>
							<String ID="string_312" HPOS="1069" VPOS="1379" WIDTH="91" HEIGHT="31" WC="0.96" CONTENT="lånet"/><SP WIDTH="21" VPOS="1379" HPOS="1160"/>
							<String ID="string_313" HPOS="1181" VPOS="1378" WIDTH="115" HEIGHT="31" WC="0.96" CONTENT="såsom"/><SP WIDTH="20" VPOS="1378" HPOS="1296"/>
							<String ID="string_314" HPOS="1316" VPOS="1378" WIDTH="121" HEIGHT="37" WC="0.96" CONTENT="bidrag"/><SP WIDTH="23" VPOS="1378" HPOS="1437"/>
							<String ID="string_315" HPOS="1460" VPOS="1381" WIDTH="88" HEIGHT="28" WC="0.95" CONTENT="samt"/><SP WIDTH="20" VPOS="1381" HPOS="1548"/>
							<String ID="string_316" HPOS="1568" VPOS="1378" WIDTH="132" HEIGHT="30" WC="0.96" CONTENT="utlovat"/><SP WIDTH="22" VPOS="1378" HPOS="1700"/>
							<String ID="string_317" HPOS="1722" VPOS="1380" WIDTH="49" HEIGHT="27" WC="0.96" CONTENT="att"/>
						</TextLine>
						<TextLine ID="line_29" HPOS="266" VPOS="1419" WIDTH="1505" HEIGHT="40">
							<String ID="string_318" HPOS="266" VPOS="1424" WIDTH="82" HEIGHT="35" WC="0.93" CONTENT="göra"/><SP WIDTH="23" VPOS="1424" HPOS="348"/>
							<String ID="string_319" HPOS="371" VPOS="1422" WIDTH="248" HEIGHT="31" WC="0.92" CONTENT="lånevillkoren"/><SP WIDTH="23" VPOS="1422" HPOS="619"/>
							<String ID="string_320" HPOS="642" VPOS="1422" WIDTH="37" HEIGHT="31" WC="0.96" CONTENT="så"/><SP WIDTH="24" VPOS="1422" HPOS="679"/>
							<String ID="string_321" HPOS="703" VPOS="1421" WIDTH="217" HEIGHT="36" WC="0.95" CONTENT="förmånliga,"/><SP WIDTH="25" VPOS="1421" HPOS="920"/>
							<String ID="string_322" HPOS="945" VPOS="1425" WIDTH="48" HEIGHT="27" WC="0.96" CONTENT="att"/><SP WIDTH="27" VPOS="1425" HPOS="993"/>
							<String ID="string_323" HPOS="1020" VPOS="1421" WIDTH="164" HEIGHT="36" WC="0.96" CONTENT="företaget"/><SP WIDTH="23" VPOS="1421" HPOS="1184"/>
							<String ID="string_324" HPOS="1207" VPOS="1422" WIDTH="80" HEIGHT="29" WC="0.96" CONTENT="med"/><SP WIDTH="21" VPOS="1422" HPOS="1287"/>
							<String ID="string_325" HPOS="1308" VPOS="1421" WIDTH="97" HEIGHT="36" WC="0.96" CONTENT="hjälp"/><SP WIDTH="25" VPOS="1421" HPOS="1405"/>
							<String ID="string_326" HPOS="1430" VPOS="1429" WIDTH="42" HEIGHT="21" WC="0.96" CONTENT="av"/><SP WIDTH="24" VPOS="1429" HPOS="1472"/>
							<String ID="string_327" HPOS="1496" VPOS="1420" WIDTH="106" HEIGHT="36" WC="0.95" CONTENT="sagda"/><SP WIDTH="22" VPOS="1420" HPOS="1602"/>
							<String ID="string_328" HPOS="1624" VPOS="1419" WIDTH="59" HEIGHT="31" WC="0.96" CONTENT="lån"/><SP WIDTH="23" VPOS="1419" HPOS="1683"/>
							<String ID="string_329" HPOS="1706" VPOS="1420" WIDTH="65" HEIGHT="29" WC="0.96" CONTENT="och"/>
						</TextLine>
						<TextLine ID="line_30" HPOS="267" VPOS="1462" WIDTH="1502" HEIGHT="39">
							<String ID="string_330" HPOS="267" VPOS="1464" WIDTH="183" HEIGHT="37" WC="0.92" CONTENT="medgivna"/><SP WIDTH="19" VPOS="1464" HPOS="450"/>
							<String ID="string_331" HPOS="469" VPOS="1465" WIDTH="272" HEIGHT="30" WC="0.96" CONTENT="statsunderstöd"/><SP WIDTH="20" VPOS="1465" HPOS="741"/>
							<String ID="string_332" HPOS="761" VPOS="1464" WIDTH="87" HEIGHT="30" WC="0.96" CONTENT="skall"/><SP WIDTH="21" VPOS="1464" HPOS="848"/>
							<String ID="string_333" HPOS="869" VPOS="1465" WIDTH="120" HEIGHT="28" WC="0.96" CONTENT="kunna"/><SP WIDTH="20" VPOS="1465" HPOS="989"/>
							<String ID="string_334" HPOS="1009" VPOS="1463" WIDTH="228" HEIGHT="37" WC="0.95" CONTENT="genomföras,"/><SP WIDTH="23" VPOS="1463" HPOS="1237"/>
							<String ID="string_335" HPOS="1260" VPOS="1463" WIDTH="162" HEIGHT="30" WC="0.96" CONTENT="förutsatt"/><SP WIDTH="19" VPOS="1463" HPOS="1422"/>
							<String ID="string_336" HPOS="1441" VPOS="1465" WIDTH="49" HEIGHT="28" WC="0.96" CONTENT="att"/><SP WIDTH="18" VPOS="1465" HPOS="1490"/>
							<String ID="string_337" HPOS="1508" VPOS="1463" WIDTH="56" HEIGHT="29" WC="0.93" CONTENT="det"/><SP WIDTH="20" VPOS="1463" HPOS="1564"/>
							<String ID="string_338" HPOS="1584" VPOS="1462" WIDTH="112" HEIGHT="30" WC="0.92" CONTENT="drives"/><SP WIDTH="22" VPOS="1462" HPOS="1696"/>
							<String ID="string_339" HPOS="1718" VPOS="1471" WIDTH="51" HEIGHT="20" WC="0.92" CONTENT="ra-"/>
						</TextLine>
						<TextLine ID="line_31" HPOS="267" VPOS="1502" WIDTH="1505" HEIGHT="41">
							<String ID="string_340" HPOS="267" VPOS="1507" WIDTH="140" HEIGHT="31" WC="0.92" CONTENT="tionellt."/><SP WIDTH="25" VPOS="1507" HPOS="407"/>
							<String ID="string_341" HPOS="432" VPOS="1506" WIDTH="228" HEIGHT="37" WC="0.96" CONTENT="Kooperativa"/><SP WIDTH="20" VPOS="1506" HPOS="660"/>
							<String ID="string_342" HPOS="680" VPOS="1506" WIDTH="186" HEIGHT="31" WC="0.96" CONTENT="förbundet"/><SP WIDTH="23" VPOS="1506" HPOS="866"/>
							<String ID="string_343" HPOS="889" VPOS="1506" WIDTH="64" HEIGHT="31" WC="0.96" CONTENT="har"/><SP WIDTH="19" VPOS="1506" HPOS="953"/>
							<String ID="string_344" HPOS="972" VPOS="1505" WIDTH="122" HEIGHT="31" WC="0.96" CONTENT="hittills"/><SP WIDTH="20" VPOS="1505" HPOS="1094"/>
							<String ID="string_345" HPOS="1114" VPOS="1506" WIDTH="75" HEIGHT="29" WC="0.95" CONTENT="icke"/><SP WIDTH="20" VPOS="1506" HPOS="1189"/>
							<String ID="string_346" HPOS="1209" VPOS="1504" WIDTH="179" HEIGHT="37" WC="0.96" CONTENT="ifrågasatt"/><SP WIDTH="19" VPOS="1504" HPOS="1388"/>
							<String ID="string_347" HPOS="1407" VPOS="1503" WIDTH="115" HEIGHT="37" WC="0.95" CONTENT="någon"/><SP WIDTH="21" VPOS="1503" HPOS="1522"/>
							<String ID="string_348" HPOS="1543" VPOS="1505" WIDTH="100" HEIGHT="29" WC="0.96" CONTENT="ränta"/><SP WIDTH="21" VPOS="1505" HPOS="1643"/>
							<String ID="string_349" HPOS="1664" VPOS="1502" WIDTH="45" HEIGHT="37" WC="0.96" CONTENT="på"/><SP WIDTH="20" VPOS="1502" HPOS="1709"/>
							<String ID="string_350" HPOS="1729" VPOS="1504" WIDTH="43" HEIGHT="29" WC="0.96" CONTENT="de"/>
						</TextLine>
						<TextLine ID="line_32" HPOS="267" VPOS="1549" WIDTH="362" HEIGHT="30">
							<String ID="string_351" HPOS="267" VPOS="1549" WIDTH="201" HEIGHT="30" WC="0.96" CONTENT="utlämnade"/><SP WIDTH="17" VPOS="1549" HPOS="468"/>
							<String ID="string_352" HPOS="485" VPOS="1549" WIDTH="144" HEIGHT="30" WC="0.96" CONTENT="medlen."/>
						</TextLine>
					</TextBlock>
					<TextBlock ID="block_4" HPOS="267" VPOS="1587" WIDTH="1505" HEIGHT="416">
						<TextLine ID="line_33" HPOS="312" VPOS="1587" WIDTH="1457" HEIGHT="39">
							<String ID="string_353" HPOS="312" VPOS="1591" WIDTH="122" HEIGHT="30" WC="0.92" CONTENT="Därest"/><SP WIDTH="23" VPOS="1591" HPOS="434"/>
							<String ID="string_354" HPOS="457" VPOS="1591" WIDTH="67" HEIGHT="29" WC="0.96" CONTENT="vad"/><SP WIDTH="25" VPOS="1591" HPOS="524"/>
							<String ID="string_355" HPOS="549" VPOS="1600" WIDTH="73" HEIGHT="21" WC="0.96" CONTENT="som"/><SP WIDTH="26" VPOS="1600" HPOS="622"/>
							<String ID="string_356" HPOS="648" VPOS="1599" WIDTH="89" HEIGHT="21" WC="0.96" CONTENT="ovan"/><SP WIDTH="24" VPOS="1599" HPOS="737"/>
							<String ID="string_357" HPOS="761" VPOS="1599" WIDTH="42" HEIGHT="21" WC="0.93" CONTENT="av"/><SP WIDTH="21" VPOS="1599" HPOS="803"/>
							<String ID="string_358" HPOS="824" VPOS="1590" WIDTH="355" HEIGHT="36" WC="0.92" CONTENT="egnahemsstyrelsen"/><SP WIDTH="26" VPOS="1590" HPOS="1179"/>
							<String ID="string_359" HPOS="1205" VPOS="1588" WIDTH="190" HEIGHT="36" WC="0.96" CONTENT="föreslagits"/><SP WIDTH="27" VPOS="1588" HPOS="1395"/>
							<String ID="string_360" HPOS="1422" VPOS="1588" WIDTH="110" HEIGHT="30" WC="0.95" CONTENT="skulle"/><SP WIDTH="23" VPOS="1588" HPOS="1532"/>
							<String ID="string_361" HPOS="1555" VPOS="1587" WIDTH="92" HEIGHT="31" WC="0.93" CONTENT="bliva"/><SP WIDTH="25" VPOS="1587" HPOS="1647"/>
							<String ID="string_362" HPOS="1672" VPOS="1589" WIDTH="97" HEIGHT="28" WC="0.90" CONTENT="stats-"/>
						</TextLine>
						<TextLine ID="line_34" HPOS="268" VPOS="1627" WIDTH="1503" HEIGHT="41">
							<String ID="string_363" HPOS="268" VPOS="1633" WIDTH="198" HEIGHT="30" WC="0.92" CONTENT="makternas"/><SP WIDTH="28" VPOS="1633" HPOS="466"/>
							<String ID="string_364" HPOS="494" VPOS="1633" WIDTH="118" HEIGHT="35" WC="0.96" CONTENT="beslut,"/><SP WIDTH="28" VPOS="1633" HPOS="612"/>
							<String ID="string_365" HPOS="640" VPOS="1633" WIDTH="143" HEIGHT="30" WC="0.96" CONTENT="komma"/><SP WIDTH="28" VPOS="1633" HPOS="783"/>
							<String ID="string_366" HPOS="811" VPOS="1631" WIDTH="146" HEIGHT="31" WC="0.94" CONTENT="sålunda"/><SP WIDTH="27" VPOS="1631" HPOS="957"/>
							<String ID="string_367" HPOS="984" VPOS="1631" WIDTH="220" HEIGHT="36" WC="0.95" CONTENT="föreningens"/><SP WIDTH="29" VPOS="1631" HPOS="1204"/>
							<String ID="string_368" HPOS="1233" VPOS="1630" WIDTH="152" HEIGHT="36" WC="0.95" CONTENT="verkliga"/><SP WIDTH="29" VPOS="1630" HPOS="1385"/>
							<String ID="string_369" HPOS="1414" VPOS="1629" WIDTH="140" HEIGHT="30" WC="0.96" CONTENT="skulder"/><SP WIDTH="26" VPOS="1629" HPOS="1554"/>
							<String ID="string_370" HPOS="1580" VPOS="1632" WIDTH="49" HEIGHT="26" WC="0.96" CONTENT="att"/><SP WIDTH="25" VPOS="1632" HPOS="1629"/>
							<String ID="string_371" HPOS="1654" VPOS="1627" WIDTH="117" HEIGHT="37" WC="0.96" CONTENT="uppgå"/>
						</TextLine>
						<TextLine ID="line_35" HPOS="268" VPOS="1670" WIDTH="1503" HEIGHT="39">
							<String ID="string_372" HPOS="268" VPOS="1676" WIDTH="50" HEIGHT="29" WC="0.95" CONTENT="till"/><SP WIDTH="31" VPOS="1676" HPOS="318"/>
							<String ID="string_373" HPOS="349" VPOS="1676" WIDTH="60" HEIGHT="29" WC="0.95" CONTENT="155"/><SP WIDTH="15" VPOS="1676" HPOS="409"/>
							<String ID="string_374" HPOS="424" VPOS="1675" WIDTH="65" HEIGHT="30" WC="0.95" CONTENT="000"/><SP WIDTH="30" VPOS="1675" HPOS="489"/>
							<String ID="string_375" HPOS="519" VPOS="1676" WIDTH="137" HEIGHT="33" WC="0.95" CONTENT="kronor,"/><SP WIDTH="32" VPOS="1676" HPOS="656"/>
							<String ID="string_376" HPOS="688" VPOS="1684" WIDTH="105" HEIGHT="21" WC="0.95" CONTENT="varav"/><SP WIDTH="30" VPOS="1684" HPOS="793"/>
							<String ID="string_377" HPOS="823" VPOS="1675" WIDTH="60" HEIGHT="29" WC="0.63" CONTENT="105"/><SP WIDTH="14" VPOS="1675" HPOS="883"/>
							<String ID="string_378" HPOS="897" VPOS="1674" WIDTH="65" HEIGHT="30" WC="0.63" CONTENT="000"/><SP WIDTH="30" VPOS="1674" HPOS="962"/>
							<String ID="string_379" HPOS="992" VPOS="1675" WIDTH="128" HEIGHT="29" WC="0.95" CONTENT="kronor"/><SP WIDTH="28" VPOS="1675" HPOS="1120"/>
							<String ID="string_380" HPOS="1148" VPOS="1673" WIDTH="52" HEIGHT="29" WC="0.96" CONTENT="till"/><SP WIDTH="32" VPOS="1673" HPOS="1200"/>
							<String ID="string_381" HPOS="1232" VPOS="1672" WIDTH="227" HEIGHT="36" WC="0.95" CONTENT="Kooperativa"/><SP WIDTH="31" VPOS="1672" HPOS="1459"/>
							<String ID="string_382" HPOS="1490" VPOS="1671" WIDTH="186" HEIGHT="30" WC="0.96" CONTENT="förbundet"/><SP WIDTH="30" VPOS="1671" HPOS="1676"/>
							<String ID="string_383" HPOS="1706" VPOS="1670" WIDTH="65" HEIGHT="30" WC="0.96" CONTENT="och"/>
						</TextLine>
						<TextLine ID="line_36" HPOS="268" VPOS="1712" WIDTH="1502" HEIGHT="40">
							<String ID="string_384" HPOS="268" VPOS="1718" WIDTH="40" HEIGHT="29" WC="0.96" CONTENT="50"/><SP WIDTH="14" VPOS="1718" HPOS="308"/>
							<String ID="string_385" HPOS="322" VPOS="1717" WIDTH="64" HEIGHT="29" WC="0.96" CONTENT="000"/><SP WIDTH="21" VPOS="1717" HPOS="386"/>
							<String ID="string_386" HPOS="407" VPOS="1717" WIDTH="129" HEIGHT="30" WC="0.95" CONTENT="kronor"/><SP WIDTH="21" VPOS="1717" HPOS="536"/>
							<String ID="string_387" HPOS="557" VPOS="1716" WIDTH="50" HEIGHT="30" WC="0.95" CONTENT="till"/><SP WIDTH="22" VPOS="1716" HPOS="607"/>
							<String ID="string_388" HPOS="629" VPOS="1719" WIDTH="120" HEIGHT="33" WC="0.95" CONTENT="staten,"/><SP WIDTH="22" VPOS="1719" HPOS="749"/>
							<String ID="string_389" HPOS="771" VPOS="1716" WIDTH="162" HEIGHT="30" WC="0.96" CONTENT="förutsatt"/><SP WIDTH="21" VPOS="1716" HPOS="933"/>
							<String ID="string_390" HPOS="954" VPOS="1719" WIDTH="49" HEIGHT="27" WC="0.96" CONTENT="att"/><SP WIDTH="21" VPOS="1719" HPOS="1003"/>
							<String ID="string_391" HPOS="1024" VPOS="1715" WIDTH="204" HEIGHT="36" WC="0.96" CONTENT="föreningen"/><SP WIDTH="23" VPOS="1715" HPOS="1228"/>
							<String ID="string_392" HPOS="1251" VPOS="1717" WIDTH="93" HEIGHT="33" WC="0.96" CONTENT="tager"/><SP WIDTH="20" VPOS="1717" HPOS="1344"/>
							<String ID="string_393" HPOS="1364" VPOS="1714" WIDTH="10" HEIGHT="30" WC="0.96" CONTENT="i"/><SP WIDTH="22" VPOS="1714" HPOS="1374"/>
							<String ID="string_394" HPOS="1396" VPOS="1712" WIDTH="150" HEIGHT="37" WC="0.95" CONTENT="anspråk"/><SP WIDTH="22" VPOS="1712" HPOS="1546"/>
							<String ID="string_395" HPOS="1568" VPOS="1713" WIDTH="78" HEIGHT="31" WC="0.93" CONTENT="hela"/><SP WIDTH="24" VPOS="1713" HPOS="1646"/>
							<String ID="string_396" HPOS="1670" VPOS="1719" WIDTH="100" HEIGHT="29" WC="0.89" CONTENT="egna-"/>
						</TextLine>
						<TextLine ID="line_37" HPOS="267" VPOS="1756" WIDTH="1503" HEIGHT="38">
							<String ID="string_397" HPOS="267" VPOS="1758" WIDTH="201" HEIGHT="31" WC="0.92" CONTENT="hemslånet."/><SP WIDTH="23" VPOS="1758" HPOS="468"/>
							<String ID="string_398" HPOS="491" VPOS="1759" WIDTH="231" HEIGHT="35" WC="0.96" CONTENT="Föreningens"/><SP WIDTH="19" VPOS="1759" HPOS="722"/>
							<String ID="string_399" HPOS="741" VPOS="1757" WIDTH="181" HEIGHT="37" WC="0.96" CONTENT="tillgångar"/><SP WIDTH="21" VPOS="1757" HPOS="922"/>
							<String ID="string_400" HPOS="943" VPOS="1759" WIDTH="140" HEIGHT="29" WC="0.95" CONTENT="komma"/><SP WIDTH="20" VPOS="1759" HPOS="1083"/>
							<String ID="string_401" HPOS="1103" VPOS="1761" WIDTH="49" HEIGHT="26" WC="0.96" CONTENT="att"/><SP WIDTH="19" VPOS="1761" HPOS="1152"/>
							<String ID="string_402" HPOS="1171" VPOS="1756" WIDTH="116" HEIGHT="37" WC="0.96" CONTENT="uppgå"/><SP WIDTH="19" VPOS="1756" HPOS="1287"/>
							<String ID="string_403" HPOS="1306" VPOS="1757" WIDTH="49" HEIGHT="29" WC="0.96" CONTENT="till"/><SP WIDTH="21" VPOS="1757" HPOS="1355"/>
							<String ID="string_404" HPOS="1376" VPOS="1757" WIDTH="59" HEIGHT="28" WC="0.95" CONTENT="221"/><SP WIDTH="17" VPOS="1757" HPOS="1435"/>
							<String ID="string_405" HPOS="1452" VPOS="1756" WIDTH="63" HEIGHT="30" WC="0.95" CONTENT="000"/><SP WIDTH="22" VPOS="1756" HPOS="1515"/>
							<String ID="string_406" HPOS="1537" VPOS="1756" WIDTH="139" HEIGHT="34" WC="0.93" CONTENT="kronor,"/><SP WIDTH="21" VPOS="1756" HPOS="1676"/>
							<String ID="string_407" HPOS="1697" VPOS="1763" WIDTH="73" HEIGHT="21" WC="0.91" CONTENT="var-"/>
						</TextLine>
						<TextLine ID="line_38" HPOS="269" VPOS="1795" WIDTH="1501" HEIGHT="41">
							<String ID="string_408" HPOS="269" VPOS="1810" WIDTH="42" HEIGHT="20" WC="0.95" CONTENT="av"/><SP WIDTH="19" VPOS="1810" HPOS="311"/>
							<String ID="string_409" HPOS="330" VPOS="1799" WIDTH="168" HEIGHT="37" WC="0.95" CONTENT="ladugård"/><SP WIDTH="25" VPOS="1799" HPOS="498"/>
							<String ID="string_410" HPOS="523" VPOS="1800" WIDTH="61" HEIGHT="30" WC="0.96" CONTENT="180"/><SP WIDTH="12" VPOS="1800" HPOS="584"/>
							<String ID="string_411" HPOS="596" VPOS="1800" WIDTH="64" HEIGHT="30" WC="0.96" CONTENT="000"/><SP WIDTH="22" VPOS="1800" HPOS="660"/>
							<String ID="string_412" HPOS="682" VPOS="1801" WIDTH="138" HEIGHT="34" WC="0.96" CONTENT="kronor,"/><SP WIDTH="21" VPOS="1801" HPOS="820"/>
							<String ID="string_413" HPOS="841" VPOS="1800" WIDTH="81" HEIGHT="35" WC="0.96" CONTENT="djur"/><SP WIDTH="20" VPOS="1800" HPOS="922"/>
							<String ID="string_414" HPOS="942" VPOS="1799" WIDTH="96" HEIGHT="30" WC="0.96" CONTENT="cirka"/><SP WIDTH="19" VPOS="1799" HPOS="1038"/>
							<String ID="string_415" HPOS="1057" VPOS="1800" WIDTH="40" HEIGHT="29" WC="0.95" CONTENT="34"/><SP WIDTH="14" VPOS="1800" HPOS="1097"/>
							<String ID="string_416" HPOS="1111" VPOS="1799" WIDTH="64" HEIGHT="30" WC="0.96" CONTENT="000"/><SP WIDTH="20" VPOS="1799" HPOS="1175"/>
							<String ID="string_417" HPOS="1195" VPOS="1799" WIDTH="130" HEIGHT="29" WC="0.95" CONTENT="kronor"/><SP WIDTH="19" VPOS="1799" HPOS="1325"/>
							<String ID="string_418" HPOS="1344" VPOS="1798" WIDTH="65" HEIGHT="29" WC="0.95" CONTENT="och"/><SP WIDTH="20" VPOS="1798" HPOS="1409"/>
							<String ID="string_419" HPOS="1429" VPOS="1796" WIDTH="109" HEIGHT="36" WC="0.91" CONTENT="övrigt"/><SP WIDTH="18" VPOS="1796" HPOS="1538"/>
							<String ID="string_420" HPOS="1556" VPOS="1796" WIDTH="96" HEIGHT="30" WC="0.96" CONTENT="cirka"/><SP WIDTH="22" VPOS="1796" HPOS="1652"/>
							<String ID="string_421" HPOS="1674" VPOS="1797" WIDTH="16" HEIGHT="28" WC="0.96" CONTENT="7"/><SP WIDTH="16" VPOS="1797" HPOS="1690"/>
							<String ID="string_422" HPOS="1706" VPOS="1795" WIDTH="64" HEIGHT="30" WC="0.96" CONTENT="000"/>
						</TextLine>
						<TextLine ID="line_39" HPOS="268" VPOS="1837" WIDTH="1502" HEIGHT="41">
							<String ID="string_423" HPOS="268" VPOS="1844" WIDTH="138" HEIGHT="29" WC="0.91" CONTENT="kronor."/><SP WIDTH="32" VPOS="1844" HPOS="406"/>
							<String ID="string_424" HPOS="438" VPOS="1841" WIDTH="195" HEIGHT="37" WC="0.96" CONTENT="Tillgångar"/><SP WIDTH="25" VPOS="1841" HPOS="633"/>
							<String ID="string_425" HPOS="658" VPOS="1843" WIDTH="121" HEIGHT="29" WC="0.96" CONTENT="utöver"/><SP WIDTH="25" VPOS="1843" HPOS="779"/>
							<String ID="string_426" HPOS="804" VPOS="1841" WIDTH="153" HEIGHT="36" WC="0.96" CONTENT="verkliga"/><SP WIDTH="26" VPOS="1841" HPOS="957"/>
							<String ID="string_427" HPOS="983" VPOS="1841" WIDTH="139" HEIGHT="30" WC="0.96" CONTENT="skulder"/><SP WIDTH="28" VPOS="1841" HPOS="1122"/>
							<String ID="string_428" HPOS="1150" VPOS="1841" WIDTH="144" HEIGHT="29" WC="0.94" CONTENT="komma"/><SP WIDTH="28" VPOS="1841" HPOS="1294"/>
							<String ID="string_429" HPOS="1322" VPOS="1839" WIDTH="144" HEIGHT="30" WC="0.94" CONTENT="sålunda"/><SP WIDTH="30" VPOS="1839" HPOS="1466"/>
							<String ID="string_430" HPOS="1496" VPOS="1841" WIDTH="49" HEIGHT="28" WC="0.96" CONTENT="att"/><SP WIDTH="29" VPOS="1841" HPOS="1545"/>
							<String ID="string_431" HPOS="1574" VPOS="1837" WIDTH="115" HEIGHT="37" WC="0.95" CONTENT="uppgå"/><SP WIDTH="31" VPOS="1837" HPOS="1689"/>
							<String ID="string_432" HPOS="1720" VPOS="1837" WIDTH="50" HEIGHT="30" WC="0.95" CONTENT="till"/>
						</TextLine>
						<TextLine ID="line_40" HPOS="269" VPOS="1880" WIDTH="1503" HEIGHT="40">
							<String ID="string_433" HPOS="269" VPOS="1885" WIDTH="41" HEIGHT="30" WC="0.96" CONTENT="66"/><SP WIDTH="14" VPOS="1885" HPOS="310"/>
							<String ID="string_434" HPOS="324" VPOS="1885" WIDTH="63" HEIGHT="30" WC="0.96" CONTENT="000"/><SP WIDTH="20" VPOS="1885" HPOS="387"/>
							<String ID="string_435" HPOS="407" VPOS="1885" WIDTH="138" HEIGHT="35" WC="0.96" CONTENT="kronor,"/><SP WIDTH="20" VPOS="1885" HPOS="545"/>
							<String ID="string_436" HPOS="565" VPOS="1884" WIDTH="106" HEIGHT="30" WC="0.96" CONTENT="vilket"/><SP WIDTH="17" VPOS="1884" HPOS="671"/>
							<String ID="string_437" HPOS="688" VPOS="1886" WIDTH="191" HEIGHT="28" WC="0.95" CONTENT="motsvaras"/><SP WIDTH="21" VPOS="1886" HPOS="879"/>
							<String ID="string_438" HPOS="900" VPOS="1893" WIDTH="43" HEIGHT="21" WC="0.96" CONTENT="av"/><SP WIDTH="22" VPOS="1893" HPOS="943"/>
							<String ID="string_439" HPOS="965" VPOS="1884" WIDTH="41" HEIGHT="29" WC="0.95" CONTENT="26"/><SP WIDTH="14" VPOS="1884" HPOS="1006"/>
							<String ID="string_440" HPOS="1020" VPOS="1884" WIDTH="62" HEIGHT="29" WC="0.95" CONTENT="000"/><SP WIDTH="21" VPOS="1884" HPOS="1082"/>
							<String ID="string_441" HPOS="1103" VPOS="1884" WIDTH="130" HEIGHT="29" WC="0.96" CONTENT="kronor"/><SP WIDTH="18" VPOS="1884" HPOS="1233"/>
							<String ID="string_442" HPOS="1251" VPOS="1892" WIDTH="43" HEIGHT="20" WC="0.96" CONTENT="av"/><SP WIDTH="19" VPOS="1892" HPOS="1294"/>
							<String ID="string_443" HPOS="1313" VPOS="1882" WIDTH="273" HEIGHT="31" WC="0.93" CONTENT="medlemmarna"/><SP WIDTH="19" VPOS="1882" HPOS="1586"/>
							<String ID="string_444" HPOS="1605" VPOS="1880" WIDTH="167" HEIGHT="30" WC="0.84" CONTENT="inbetalat"/>
						</TextLine>
						<TextLine ID="line_41" HPOS="269" VPOS="1922" WIDTH="1503" HEIGHT="40">
							<String ID="string_445" HPOS="269" VPOS="1926" WIDTH="251" HEIGHT="36" WC="0.90" CONTENT="insatskapital,"/><SP WIDTH="26" VPOS="1926" HPOS="520"/>
							<String ID="string_446" HPOS="546" VPOS="1928" WIDTH="39" HEIGHT="28" WC="0.96" CONTENT="20"/><SP WIDTH="14" VPOS="1928" HPOS="585"/>
							<String ID="string_447" HPOS="599" VPOS="1927" WIDTH="64" HEIGHT="29" WC="0.96" CONTENT="000"/><SP WIDTH="25" VPOS="1927" HPOS="663"/>
							<String ID="string_448" HPOS="688" VPOS="1927" WIDTH="129" HEIGHT="29" WC="0.96" CONTENT="kronor"/><SP WIDTH="26" VPOS="1927" HPOS="817"/>
							<String ID="string_449" HPOS="843" VPOS="1935" WIDTH="42" HEIGHT="21" WC="0.96" CONTENT="av"/><SP WIDTH="26" VPOS="1935" HPOS="885"/>
							<String ID="string_450" HPOS="911" VPOS="1929" WIDTH="110" HEIGHT="27" WC="0.95" CONTENT="staten"/><SP WIDTH="27" VPOS="1929" HPOS="1021"/>
							<String ID="string_451" HPOS="1048" VPOS="1925" WIDTH="11" HEIGHT="29" WC="0.96" CONTENT="i"/><SP WIDTH="28" VPOS="1925" HPOS="1059"/>
							<String ID="string_452" HPOS="1087" VPOS="1925" WIDTH="92" HEIGHT="30" WC="0.96" CONTENT="form"/><SP WIDTH="25" VPOS="1925" HPOS="1179"/>
							<String ID="string_453" HPOS="1204" VPOS="1934" WIDTH="43" HEIGHT="21" WC="0.93" CONTENT="av"/><SP WIDTH="28" VPOS="1934" HPOS="1247"/>
							<String ID="string_454" HPOS="1275" VPOS="1922" WIDTH="188" HEIGHT="38" WC="0.91" CONTENT="premielån"/><SP WIDTH="28" VPOS="1922" HPOS="1463"/>
							<String ID="string_455" HPOS="1491" VPOS="1924" WIDTH="133" HEIGHT="29" WC="0.96" CONTENT="lämnat"/><SP WIDTH="25" VPOS="1924" HPOS="1624"/>
							<String ID="string_456" HPOS="1649" VPOS="1922" WIDTH="123" HEIGHT="35" WC="0.95" CONTENT="bidrag"/>
						</TextLine>
						<TextLine ID="line_42" HPOS="269" VPOS="1965" WIDTH="1201" HEIGHT="38">
							<String ID="string_457" HPOS="269" VPOS="1973" WIDTH="88" HEIGHT="26" WC="0.96" CONTENT="samt"/><SP WIDTH="22" VPOS="1973" HPOS="357"/>
							<String ID="string_458" HPOS="379" VPOS="1970" WIDTH="40" HEIGHT="29" WC="0.96" CONTENT="20"/><SP WIDTH="15" VPOS="1970" HPOS="419"/>
							<String ID="string_459" HPOS="434" VPOS="1969" WIDTH="63" HEIGHT="30" WC="0.96" CONTENT="000"/><SP WIDTH="22" VPOS="1969" HPOS="497"/>
							<String ID="string_460" HPOS="519" VPOS="1970" WIDTH="129" HEIGHT="28" WC="0.96" CONTENT="kronor"/><SP WIDTH="19" VPOS="1970" HPOS="648"/>
							<String ID="string_461" HPOS="667" VPOS="1978" WIDTH="43" HEIGHT="20" WC="0.96" CONTENT="av"/><SP WIDTH="22" VPOS="1978" HPOS="710"/>
							<String ID="string_462" HPOS="732" VPOS="1968" WIDTH="229" HEIGHT="35" WC="0.96" CONTENT="Kooperativa"/><SP WIDTH="20" VPOS="1968" HPOS="961"/>
							<String ID="string_463" HPOS="981" VPOS="1967" WIDTH="185" HEIGHT="30" WC="0.96" CONTENT="förbundet"/><SP WIDTH="23" VPOS="1967" HPOS="1166"/>
							<String ID="string_464" HPOS="1189" VPOS="1967" WIDTH="132" HEIGHT="29" WC="0.96" CONTENT="lämnat"/><SP WIDTH="20" VPOS="1967" HPOS="1321"/>
							<String ID="string_465" HPOS="1341" VPOS="1965" WIDTH="129" HEIGHT="36" WC="0.96" CONTENT="bidrag."/>
						</TextLine>
					</TextBlock>
					<TextBlock ID="block_5" HPOS="268" VPOS="2007" WIDTH="1504" HEIGHT="376">
						<TextLine ID="line_43" HPOS="313" VPOS="2007" WIDTH="1459" HEIGHT="40">
							<String ID="string_466" HPOS="313" VPOS="2011" WIDTH="231" HEIGHT="36" WC="0.91" CONTENT="Föreningens"/><SP WIDTH="31" VPOS="2011" HPOS="544"/>
							<String ID="string_467" HPOS="575" VPOS="2011" WIDTH="319" HEIGHT="36" WC="0.91" CONTENT="kapitalkostnader"/><SP WIDTH="28" VPOS="2011" HPOS="894"/>
							<String ID="string_468" HPOS="922" VPOS="2011" WIDTH="120" HEIGHT="29" WC="0.96" CONTENT="kunna"/><SP WIDTH="31" VPOS="2011" HPOS="1042"/>
							<String ID="string_469" HPOS="1073" VPOS="2010" WIDTH="57" HEIGHT="30" WC="0.96" CONTENT="vid"/><SP WIDTH="32" VPOS="2010" HPOS="1130"/>
							<String ID="string_470" HPOS="1162" VPOS="2008" WIDTH="123" HEIGHT="32" WC="0.96" CONTENT="sådant"/><SP WIDTH="30" VPOS="2008" HPOS="1285"/>
							<String ID="string_471" HPOS="1315" VPOS="2008" WIDTH="217" HEIGHT="32" WC="0.96" CONTENT="förhållande"/><SP WIDTH="28" VPOS="2008" HPOS="1532"/>
							<String ID="string_472" HPOS="1560" VPOS="2007" WIDTH="77" HEIGHT="31" WC="0.96" CONTENT="icke"/><SP WIDTH="27" VPOS="2007" HPOS="1637"/>
							<String ID="string_473" HPOS="1664" VPOS="2007" WIDTH="108" HEIGHT="30" WC="0.96" CONTENT="heller"/>
						</TextLine>
						<TextLine ID="line_44" HPOS="269" VPOS="2048" WIDTH="1501" HEIGHT="45">
							<String ID="string_474" HPOS="269" VPOS="2062" WIDTH="99" HEIGHT="21" WC="0.96" CONTENT="anses"/><SP WIDTH="19" VPOS="2062" HPOS="368"/>
							<String ID="string_475" HPOS="387" VPOS="2053" WIDTH="94" HEIGHT="30" WC="0.96" CONTENT="bliva"/><SP WIDTH="18" VPOS="2053" HPOS="481"/>
							<String ID="string_476" HPOS="499" VPOS="2052" WIDTH="137" HEIGHT="31" WC="0.96" CONTENT="särskilt"/><SP WIDTH="19" VPOS="2052" HPOS="636"/>
							<String ID="string_477" HPOS="655" VPOS="2052" WIDTH="116" HEIGHT="36" WC="0.96" CONTENT="dryga,"/><SP WIDTH="21" VPOS="2052" HPOS="771"/>
							<String ID="string_478" HPOS="792" VPOS="2052" WIDTH="10" HEIGHT="30" WC="0.96" CONTENT="i"/><SP WIDTH="21" VPOS="2052" HPOS="802"/>
							<String ID="string_479" HPOS="823" VPOS="2051" WIDTH="96" HEIGHT="36" WC="0.96" CONTENT="varje"/><SP WIDTH="22" VPOS="2051" HPOS="919"/>
							<String ID="string_480" HPOS="941" VPOS="2051" WIDTH="63" HEIGHT="31" WC="0.96" CONTENT="fall"/><SP WIDTH="20" VPOS="2051" HPOS="1004"/>
							<String ID="string_481" HPOS="1024" VPOS="2051" WIDTH="76" HEIGHT="30" WC="0.96" CONTENT="icke"/><SP WIDTH="18" VPOS="2051" HPOS="1100"/>
							<String ID="string_482" HPOS="1118" VPOS="2052" WIDTH="112" HEIGHT="29" WC="0.95" CONTENT="under"/><SP WIDTH="23" VPOS="2052" HPOS="1230"/>
							<String ID="string_483" HPOS="1253" VPOS="2051" WIDTH="41" HEIGHT="29" WC="0.96" CONTENT="de"/><SP WIDTH="21" VPOS="2051" HPOS="1294"/>
							<String ID="string_484" HPOS="1315" VPOS="2050" WIDTH="71" HEIGHT="30" WC="0.96" CONTENT="fem"/><SP WIDTH="19" VPOS="2050" HPOS="1386"/>
							<String ID="string_485" HPOS="1405" VPOS="2049" WIDTH="108" HEIGHT="44" WC="0.96" CONTENT="första"/><SP WIDTH="21" VPOS="2049" HPOS="1513"/>
							<String ID="string_486" HPOS="1534" VPOS="2048" WIDTH="92" HEIGHT="31" WC="0.93" CONTENT="åren."/><SP WIDTH="22" VPOS="2048" HPOS="1626"/>
							<String ID="string_487" HPOS="1648" VPOS="2049" WIDTH="122" HEIGHT="29" WC="0.92" CONTENT="Ränte-"/>
						</TextLine>
						<TextLine ID="line_45" HPOS="268" VPOS="2092" WIDTH="1503" HEIGHT="39">
							<String ID="string_488" HPOS="268" VPOS="2096" WIDTH="192" HEIGHT="29" WC="0.96" CONTENT="kostnaden"/><SP WIDTH="16" VPOS="2096" HPOS="460"/>
							<String ID="string_489" HPOS="476" VPOS="2095" WIDTH="45" HEIGHT="36" WC="0.91" CONTENT="på"/><SP WIDTH="19" VPOS="2095" HPOS="521"/>
							<String ID="string_490" HPOS="540" VPOS="2094" WIDTH="176" HEIGHT="31" WC="0.90" CONTENT="statslånet"/><SP WIDTH="18" VPOS="2094" HPOS="716"/>
							<String ID="string_491" HPOS="734" VPOS="2095" WIDTH="157" HEIGHT="30" WC="0.96" CONTENT="kommer"/><SP WIDTH="17" VPOS="2095" HPOS="891"/>
							<String ID="string_492" HPOS="908" VPOS="2096" WIDTH="49" HEIGHT="28" WC="0.96" CONTENT="att"/><SP WIDTH="17" VPOS="2096" HPOS="957"/>
							<String ID="string_493" HPOS="974" VPOS="2093" WIDTH="115" HEIGHT="37" WC="0.96" CONTENT="uppgå"/><SP WIDTH="18" VPOS="2093" HPOS="1089"/>
							<String ID="string_494" HPOS="1107" VPOS="2093" WIDTH="49" HEIGHT="30" WC="0.96" CONTENT="till"/><SP WIDTH="21" VPOS="2093" HPOS="1156"/>
							<String ID="string_495" HPOS="1177" VPOS="2094" WIDTH="15" HEIGHT="29" WC="0.86" CONTENT="1"/><SP WIDTH="17" VPOS="2094" HPOS="1192"/>
							<String ID="string_496" HPOS="1209" VPOS="2094" WIDTH="63" HEIGHT="29" WC="0.96" CONTENT="800"/><SP WIDTH="19" VPOS="2094" HPOS="1272"/>
							<String ID="string_497" HPOS="1291" VPOS="2094" WIDTH="137" HEIGHT="29" WC="0.96" CONTENT="kronor."/><SP WIDTH="22" VPOS="2094" HPOS="1428"/>
							<String ID="string_498" HPOS="1450" VPOS="2092" WIDTH="93" HEIGHT="30" WC="0.92" CONTENT="Även"/><SP WIDTH="20" VPOS="2092" HPOS="1543"/>
							<String ID="string_499" HPOS="1563" VPOS="2102" WIDTH="56" HEIGHT="20" WC="0.92" CONTENT="om"/><SP WIDTH="20" VPOS="2102" HPOS="1619"/>
							<String ID="string_500" HPOS="1639" VPOS="2092" WIDTH="132" HEIGHT="34" WC="0.90" CONTENT="Koope-"/>
						</TextLine>
						<TextLine ID="line_46" HPOS="268" VPOS="2133" WIDTH="1503" HEIGHT="40">
							<String ID="string_501" HPOS="268" VPOS="2138" WIDTH="109" HEIGHT="30" WC="0.91" CONTENT="rativa"/><SP WIDTH="20" VPOS="2138" HPOS="377"/>
							<String ID="string_502" HPOS="397" VPOS="2137" WIDTH="186" HEIGHT="30" WC="0.96" CONTENT="förbundet"/><SP WIDTH="18" VPOS="2137" HPOS="583"/>
							<String ID="string_503" HPOS="601" VPOS="2138" WIDTH="159" HEIGHT="29" WC="0.96" CONTENT="kommer"/><SP WIDTH="17" VPOS="2138" HPOS="760"/>
							<String ID="string_504" HPOS="777" VPOS="2140" WIDTH="48" HEIGHT="27" WC="0.93" CONTENT="att"/><SP WIDTH="18" VPOS="2140" HPOS="825"/>
							<String ID="string_505" HPOS="843" VPOS="2140" WIDTH="118" HEIGHT="33" WC="0.92" CONTENT="uttaga"/><SP WIDTH="20" VPOS="2140" HPOS="961"/>
							<String ID="string_506" HPOS="981" VPOS="2138" WIDTH="98" HEIGHT="29" WC="0.96" CONTENT="ränta"/><SP WIDTH="20" VPOS="2138" HPOS="1079"/>
							<String ID="string_507" HPOS="1099" VPOS="2135" WIDTH="46" HEIGHT="38" WC="0.95" CONTENT="på"/><SP WIDTH="19" VPOS="2135" HPOS="1145"/>
							<String ID="string_508" HPOS="1164" VPOS="2146" WIDTH="43" HEIGHT="22" WC="0.96" CONTENT="av"/><SP WIDTH="21" VPOS="2146" HPOS="1207"/>
							<String ID="string_509" HPOS="1228" VPOS="2135" WIDTH="186" HEIGHT="30" WC="0.96" CONTENT="förbundet"/><SP WIDTH="19" VPOS="2135" HPOS="1414"/>
							<String ID="string_510" HPOS="1433" VPOS="2135" WIDTH="131" HEIGHT="29" WC="0.95" CONTENT="lämnat"/><SP WIDTH="22" VPOS="2135" HPOS="1564"/>
							<String ID="string_511" HPOS="1586" VPOS="2133" WIDTH="66" HEIGHT="36" WC="0.93" CONTENT="lån,"/><SP WIDTH="23" VPOS="2133" HPOS="1652"/>
							<String ID="string_512" HPOS="1675" VPOS="2134" WIDTH="96" HEIGHT="28" WC="0.92" CONTENT="kom-"/>
						</TextLine>
						<TextLine ID="line_47" HPOS="269" VPOS="2174" WIDTH="1503" HEIGHT="41">
							<String ID="string_513" HPOS="269" VPOS="2188" WIDTH="73" HEIGHT="22" WC="0.96" CONTENT="mer"/><SP WIDTH="21" VPOS="2188" HPOS="342"/>
							<String ID="string_514" HPOS="363" VPOS="2179" WIDTH="11" HEIGHT="30" WC="0.95" CONTENT="i"/><SP WIDTH="24" VPOS="2179" HPOS="374"/>
							<String ID="string_515" HPOS="398" VPOS="2180" WIDTH="61" HEIGHT="29" WC="0.95" CONTENT="allt"/><SP WIDTH="22" VPOS="2180" HPOS="459"/>
							<String ID="string_516" HPOS="481" VPOS="2179" WIDTH="61" HEIGHT="30" WC="0.92" CONTENT="fall"/><SP WIDTH="22" VPOS="2179" HPOS="542"/>
							<String ID="string_517" HPOS="564" VPOS="2179" WIDTH="326" HEIGHT="36" WC="0.92" CONTENT="kapitalkostnaden"/><SP WIDTH="25" VPOS="2179" HPOS="890"/>
							<String ID="string_518" HPOS="915" VPOS="2179" WIDTH="111" HEIGHT="30" WC="0.96" CONTENT="under"/><SP WIDTH="25" VPOS="2179" HPOS="1026"/>
							<String ID="string_519" HPOS="1051" VPOS="2179" WIDTH="41" HEIGHT="29" WC="0.96" CONTENT="de"/><SP WIDTH="23" VPOS="2179" HPOS="1092"/>
							<String ID="string_520" HPOS="1115" VPOS="2178" WIDTH="72" HEIGHT="30" WC="0.96" CONTENT="fem"/><SP WIDTH="23" VPOS="2178" HPOS="1187"/>
							<String ID="string_521" HPOS="1210" VPOS="2177" WIDTH="109" HEIGHT="31" WC="0.96" CONTENT="första"/><SP WIDTH="24" VPOS="2177" HPOS="1319"/>
							<String ID="string_522" HPOS="1343" VPOS="2176" WIDTH="81" HEIGHT="31" WC="0.96" CONTENT="åren"/><SP WIDTH="24" VPOS="2176" HPOS="1424"/>
							<String ID="string_523" HPOS="1448" VPOS="2176" WIDTH="75" HEIGHT="30" WC="0.96" CONTENT="icke"/><SP WIDTH="22" VPOS="2176" HPOS="1523"/>
							<String ID="string_524" HPOS="1545" VPOS="2179" WIDTH="49" HEIGHT="27" WC="0.96" CONTENT="att"/><SP WIDTH="23" VPOS="2179" HPOS="1594"/>
							<String ID="string_525" HPOS="1617" VPOS="2175" WIDTH="93" HEIGHT="30" WC="0.96" CONTENT="bliva"/><SP WIDTH="25" VPOS="2175" HPOS="1710"/>
							<String ID="string_526" HPOS="1735" VPOS="2174" WIDTH="37" HEIGHT="31" WC="0.96" CONTENT="så"/>
						</TextLine>
						<TextLine ID="line_48" HPOS="269" VPOS="2217" WIDTH="1502" HEIGHT="41">
							<String ID="string_527" HPOS="269" VPOS="2222" WIDTH="228" HEIGHT="36" WC="0.96" CONTENT="betungande."/><SP WIDTH="28" VPOS="2222" HPOS="497"/>
							<String ID="string_528" HPOS="525" VPOS="2221" WIDTH="94" HEIGHT="30" WC="0.96" CONTENT="Efter"/><SP WIDTH="28" VPOS="2221" HPOS="619"/>
							<String ID="string_529" HPOS="647" VPOS="2221" WIDTH="71" HEIGHT="30" WC="0.96" CONTENT="fem"/><SP WIDTH="29" VPOS="2221" HPOS="718"/>
							<String ID="string_530" HPOS="747" VPOS="2220" WIDTH="39" HEIGHT="31" WC="0.96" CONTENT="år"/><SP WIDTH="26" VPOS="2220" HPOS="786"/>
							<String ID="string_531" HPOS="812" VPOS="2221" WIDTH="111" HEIGHT="30" WC="0.93" CONTENT="skulle"/><SP WIDTH="29" VPOS="2221" HPOS="923"/>
							<String ID="string_532" HPOS="952" VPOS="2220" WIDTH="325" HEIGHT="36" WC="0.92" CONTENT="kapitalkostnaden"/><SP WIDTH="27" VPOS="2220" HPOS="1277"/>
							<String ID="string_533" HPOS="1304" VPOS="2218" WIDTH="91" HEIGHT="31" WC="0.96" CONTENT="bliva"/><SP WIDTH="29" VPOS="2218" HPOS="1395"/>
							<String ID="string_534" HPOS="1424" VPOS="2217" WIDTH="37" HEIGHT="31" WC="0.96" CONTENT="så"/><SP WIDTH="28" VPOS="2217" HPOS="1461"/>
							<String ID="string_535" HPOS="1489" VPOS="2219" WIDTH="137" HEIGHT="35" WC="0.96" CONTENT="mycket"/><SP WIDTH="27" VPOS="2219" HPOS="1626"/>
							<String ID="string_536" HPOS="1653" VPOS="2218" WIDTH="118" HEIGHT="33" WC="0.96" CONTENT="större,"/>
						</TextLine>
						<TextLine ID="line_49" HPOS="270" VPOS="2258" WIDTH="1501" HEIGHT="41">
							<String ID="string_537" HPOS="270" VPOS="2273" WIDTH="73" HEIGHT="20" WC="0.92" CONTENT="som"/><SP WIDTH="21" VPOS="2273" HPOS="343"/>
							<String ID="string_538" HPOS="364" VPOS="2264" WIDTH="155" HEIGHT="35" WC="0.92" CONTENT="betingas"/><SP WIDTH="21" VPOS="2264" HPOS="519"/>
							<String ID="string_539" HPOS="540" VPOS="2273" WIDTH="42" HEIGHT="20" WC="0.96" CONTENT="av"/><SP WIDTH="23" VPOS="2273" HPOS="582"/>
							<String ID="string_540" HPOS="605" VPOS="2267" WIDTH="49" HEIGHT="26" WC="0.96" CONTENT="att"/><SP WIDTH="22" VPOS="2267" HPOS="654"/>
							<String ID="string_541" HPOS="676" VPOS="2262" WIDTH="92" HEIGHT="31" WC="0.96" CONTENT="lånet"/><SP WIDTH="23" VPOS="2262" HPOS="768"/>
							<String ID="string_542" HPOS="791" VPOS="2262" WIDTH="44" HEIGHT="31" WC="0.96" CONTENT="då"/><SP WIDTH="22" VPOS="2262" HPOS="835"/>
							<String ID="string_543" HPOS="857" VPOS="2264" WIDTH="87" HEIGHT="29" WC="0.96" CONTENT="även"/><SP WIDTH="22" VPOS="2264" HPOS="944"/>
							<String ID="string_544" HPOS="966" VPOS="2263" WIDTH="87" HEIGHT="29" WC="0.93" CONTENT="skall"/><SP WIDTH="23" VPOS="2263" HPOS="1053"/>
							<String ID="string_545" HPOS="1076" VPOS="2265" WIDTH="198" HEIGHT="31" WC="0.90" CONTENT="amorteras,"/><SP WIDTH="24" VPOS="2265" HPOS="1274"/>
							<String ID="string_546" HPOS="1298" VPOS="2270" WIDTH="80" HEIGHT="20" WC="0.96" CONTENT="men"/><SP WIDTH="22" VPOS="2270" HPOS="1378"/>
							<String ID="string_547" HPOS="1400" VPOS="2261" WIDTH="64" HEIGHT="29" WC="0.96" CONTENT="bör"/><SP WIDTH="23" VPOS="2261" HPOS="1464"/>
							<String ID="string_548" HPOS="1487" VPOS="2259" WIDTH="44" HEIGHT="31" WC="0.96" CONTENT="då"/><SP WIDTH="25" VPOS="2259" HPOS="1531"/>
							<String ID="string_549" HPOS="1556" VPOS="2258" WIDTH="104" HEIGHT="31" WC="0.93" CONTENT="också"/><SP WIDTH="23" VPOS="2258" HPOS="1660"/>
							<String ID="string_550" HPOS="1683" VPOS="2258" WIDTH="88" HEIGHT="30" WC="0.92" CONTENT="före-"/>
						</TextLine>
						<TextLine ID="line_50" HPOS="269" VPOS="2299" WIDTH="1502" HEIGHT="43">
							<String ID="string_551" HPOS="269" VPOS="2309" WIDTH="89" HEIGHT="32" WC="0.95" CONTENT="taget"/><SP WIDTH="18" VPOS="2309" HPOS="358"/>
							<String ID="string_552" HPOS="376" VPOS="2307" WIDTH="45" HEIGHT="30" WC="0.96" CONTENT="ha"/><SP WIDTH="19" VPOS="2307" HPOS="421"/>
							<String ID="string_553" HPOS="440" VPOS="2305" WIDTH="146" HEIGHT="30" WC="0.96" CONTENT="kommit"/><SP WIDTH="18" VPOS="2305" HPOS="586"/>
							<String ID="string_554" HPOS="604" VPOS="2306" WIDTH="55" HEIGHT="29" WC="0.96" CONTENT="väl"/><SP WIDTH="19" VPOS="2306" HPOS="659"/>
							<String ID="string_555" HPOS="678" VPOS="2306" WIDTH="10" HEIGHT="29" WC="0.96" CONTENT="i"/><SP WIDTH="20" VPOS="2306" HPOS="688"/>
							<String ID="string_556" HPOS="708" VPOS="2304" WIDTH="88" HEIGHT="38" WC="0.96" CONTENT="gång"/><SP WIDTH="17" VPOS="2304" HPOS="796"/>
							<String ID="string_557" HPOS="813" VPOS="2305" WIDTH="64" HEIGHT="30" WC="0.96" CONTENT="och"/><SP WIDTH="19" VPOS="2305" HPOS="877"/>
							<String ID="string_558" HPOS="896" VPOS="2314" WIDTH="83" HEIGHT="20" WC="0.95" CONTENT="vara"/><SP WIDTH="13" VPOS="2314" HPOS="979"/>
							<String ID="string_559" HPOS="992" VPOS="2304" WIDTH="11" HEIGHT="30" WC="0.96" CONTENT="i"/><SP WIDTH="13" VPOS="2304" HPOS="1003"/>
							<String ID="string_560" HPOS="1016" VPOS="2304" WIDTH="186" HEIGHT="36" WC="0.95" CONTENT="besittning"/><SP WIDTH="16" VPOS="2304" HPOS="1202"/>
							<String ID="string_561" HPOS="1218" VPOS="2313" WIDTH="42" HEIGHT="20" WC="0.95" CONTENT="av"/><SP WIDTH="21" VPOS="2313" HPOS="1260"/>
							<String ID="string_562" HPOS="1281" VPOS="2312" WIDTH="42" HEIGHT="21" WC="0.96" CONTENT="en"/><SP WIDTH="17" VPOS="2312" HPOS="1323"/>
							<String ID="string_563" HPOS="1340" VPOS="2303" WIDTH="66" HEIGHT="36" WC="0.96" CONTENT="god"/><SP WIDTH="20" VPOS="2303" HPOS="1406"/>
							<String ID="string_564" HPOS="1426" VPOS="2302" WIDTH="64" HEIGHT="30" WC="0.93" CONTENT="och"/><SP WIDTH="20" VPOS="2302" HPOS="1490"/>
							<String ID="string_565" HPOS="1510" VPOS="2300" WIDTH="148" HEIGHT="37" WC="0.91" CONTENT="fulltalig"/><SP WIDTH="19" VPOS="2300" HPOS="1658"/>
							<String ID="string_566" HPOS="1677" VPOS="2299" WIDTH="94" HEIGHT="36" WC="0.91" CONTENT="djur-"/>
						</TextLine>
						<TextLine ID="line_51" HPOS="269" VPOS="2348" WIDTH="203" HEIGHT="35">
							<String ID="string_567" HPOS="269" VPOS="2348" WIDTH="203" HEIGHT="35" WC="0.96" CONTENT="besättning."/>
						</TextLine>
					</TextBlock>
				</ComposedBlock>
				<ComposedBlock ID="cblock_2" HPOS="271" VPOS="2408" WIDTH="1500" HEIGHT="142">
					<TextBlock ID="block_6" HPOS="271" VPOS="2408" WIDTH="1500" HEIGHT="142">
						<TextLine ID="line_52" HPOS="313" VPOS="2408" WIDTH="1457" HEIGHT="41">
							<String ID="string_568" HPOS="313" VPOS="2412" WIDTH="90" HEIGHT="31" WC="0.93" CONTENT="Från"/><SP WIDTH="18" VPOS="2412" HPOS="403"/>
							<String ID="string_569" HPOS="421" VPOS="2413" WIDTH="370" HEIGHT="36" WC="0.91" CONTENT="egnahemsstyrelsens"/><SP WIDTH="20" VPOS="2413" HPOS="791"/>
							<String ID="string_570" HPOS="811" VPOS="2411" WIDTH="176" HEIGHT="37" WC="0.96" CONTENT="återgivna"/><SP WIDTH="18" VPOS="2411" HPOS="987"/>
							<String ID="string_571" HPOS="1005" VPOS="2410" WIDTH="177" HEIGHT="31" WC="0.96" CONTENT="utlåtande"/><SP WIDTH="17" VPOS="2410" HPOS="1182"/>
							<String ID="string_572" HPOS="1199" VPOS="2412" WIDTH="45" HEIGHT="29" WC="0.96" CONTENT="ha"/><SP WIDTH="18" VPOS="2412" HPOS="1244"/>
							<String ID="string_573" HPOS="1262" VPOS="2410" WIDTH="234" HEIGHT="30" WC="0.93" CONTENT="ledamöterna"/><SP WIDTH="18" VPOS="2410" HPOS="1496"/>
							<String ID="string_574" HPOS="1514" VPOS="2408" WIDTH="256" HEIGHT="36" WC="0.91" CONTENT="riksdagsman-"/>
						</TextLine>
						<TextLine ID="line_53" HPOS="271" VPOS="2458" WIDTH="1500" HEIGHT="41">
							<String ID="string_575" HPOS="271" VPOS="2473" WIDTH="67" HEIGHT="21" WC="0.92" CONTENT="nen"/><SP WIDTH="18" VPOS="2473" HPOS="338"/>
							<String ID="string_576" HPOS="356" VPOS="2463" WIDTH="29" HEIGHT="30" WC="0.92" CONTENT="J."/><SP WIDTH="21" VPOS="2463" HPOS="385"/>
							<String ID="string_577" HPOS="406" VPOS="2464" WIDTH="36" HEIGHT="30" WC="0.88" CONTENT="A."/><SP WIDTH="22" VPOS="2464" HPOS="442"/>
							<String ID="string_578" HPOS="464" VPOS="2464" WIDTH="194" HEIGHT="30" WC="0.96" CONTENT="Andersson"/><SP WIDTH="20" VPOS="2464" HPOS="658"/>
							<String ID="string_579" HPOS="678" VPOS="2464" WIDTH="10" HEIGHT="29" WC="0.96" CONTENT="i"/><SP WIDTH="21" VPOS="2464" HPOS="688"/>
							<String ID="string_580" HPOS="709" VPOS="2463" WIDTH="185" HEIGHT="36" WC="0.96" CONTENT="Tungelsta"/><SP WIDTH="20" VPOS="2463" HPOS="894"/>
							<String ID="string_581" HPOS="914" VPOS="2464" WIDTH="66" HEIGHT="29" WC="0.93" CONTENT="och"/><SP WIDTH="19" VPOS="2464" HPOS="980"/>
							<String ID="string_582" HPOS="999" VPOS="2462" WIDTH="212" HEIGHT="37" WC="0.91" CONTENT="byråchefen"/><SP WIDTH="24" VPOS="2462" HPOS="1211"/>
							<String ID="string_583" HPOS="1235" VPOS="2462" WIDTH="38" HEIGHT="30" WC="0.91" CONTENT="N."/><SP WIDTH="22" VPOS="2462" HPOS="1273"/>
							<String ID="string_584" HPOS="1295" VPOS="2461" WIDTH="109" HEIGHT="30" WC="0.96" CONTENT="Collin"/><SP WIDTH="20" VPOS="2461" HPOS="1404"/>
							<String ID="string_585" HPOS="1424" VPOS="2461" WIDTH="131" HEIGHT="30" WC="0.96" CONTENT="anmält"/><SP WIDTH="22" VPOS="2461" HPOS="1555"/>
							<String ID="string_586" HPOS="1577" VPOS="2458" WIDTH="194" HEIGHT="31" WC="0.95" CONTENT="avvikande"/>
						</TextLine>
						<TextLine ID="line_54" HPOS="272" VPOS="2515" WIDTH="188" HEIGHT="35">
							<String ID="string_587" HPOS="272" VPOS="2515" WIDTH="188" HEIGHT="35" WC="0.96" CONTENT="meningar."/>
						</TextLine>
					</TextBlock>
				</ComposedBlock>
			</PrintSpace>
		</Page>
	</Layout>
</alto>
