1944 2848
82 1929 156 24 Jordbruks-

108 1965 98 23 kassor.

323 187 18 29 2
647 183 395 33 Jordbruksutskottets
1071 181 267 33 utlåtande
1286 177 51 47 Nr
1361 182 61 29 52.

278 271 107 32 Ernst
419 281 45 21 m.
490 271 33 30 fl.
549 270 63 31 och
635 279 42 21 nr
701 269 61 31 393
787 269 13 30 i
822 267 111 32 andra
956 268 204 30 kammaren
1184 276 44 21 av
1254 267 80 30 herr
1358 265 210 33 Strindlund
1591 276 45 21 m.
1661 266 34 31 fl.
1720 265 66 31 har

279 323 209 35 hemställts,
524 323 52 29 att
611 321 188 35 riksdagen
833 321 107 30 måtte
974 319 147 31 anhålla
1155 328 55 21 om
1245 318 125 31 sådant
1404 317 130 36 tillägg
1567 318 57 30 till
1649 317 136 37 Kungl.

278 375 121 37 Maj:ts
422 374 134 36 förslag
580 373 58 31 till
661 372 152 31 ändrade
836 371 261 32 bestämmelser
1119 369 178 38 angående
1318 368 191 32 understöd
1525 369 38 30 åt
1579 369 208 36 föreningar

279 428 54 30 för
364 424 316 39 jordbrukskredit,
708 425 52 30 att
783 423 74 31 dels
880 422 308 36 taxeringsvärdet
1210 431 44 21 av
1279 421 158 31 växande
1462 420 87 36 skog
1573 420 20 30 å
1616 419 54 31 för
1693 421 93 35 jord-

279 477 277 33 bruksändamål
579 475 162 37 bebyggd
765 474 168 37 fastighet
957 474 169 31 inräknas
1150 474 13 30 i
1186 472 308 36 taxeringsvärdet
1510 471 62 31 vid
1588 471 199 36 beräkning

279 540 44 21 av
348 529 134 31 andels-
506 529 63 31 och
593 528 163 35 lånerätt,
781 527 72 31 dels
876 528 53 29 att
952 526 13 31 i
988 525 310 37 jordbrukskassas
1322 524 222 31 kassareserv
1564 524 57 29 må
1637 522 58 31 till
1714 523 73 31 viss

279 581 217 36 omfattning
519 580 134 37 jämväl
678 580 83 36 ingå
784 578 248 36 inteckningar
1056 578 12 30 i
1091 576 361 38 jordbruksfastighet
1474 576 96 30 inom
1588 575 39 30 50
1643 576 143 35 procent

279 643 44 21 av
347 631 319 37 taxeringsvärdet.

322 683 224 33 Beträffande
571 683 39 32 de
635 683 86 35 skäl,
747 692 73 21 som
844 681 133 31 anförts
1001 681 58 30 till
1083 680 77 31 stöd
1185 680 132 35 härför,
1334 679 168 31 hänvisas
1520 678 57 30 till
1595 678 190 31 motionen.

322 736 75 31 Den
421 737 38 30 år
484 736 83 30 1915
593 734 226 37 genomförda
843 733 63 31 och
921 732 195 32 sedermera
1132 731 61 32 vid
1210 731 96 31 olika
1322 730 171 32 tillfällen
1509 729 278 36 kompletterade

279 787 276 38 lagstiftningen
590 785 179 38 angående
802 784 311 37 jordbrukskassor
1137 783 63 32 och
1223 783 258 31 centralkassor
1505 782 55 30 för
1583 781 203 36 jordbruks-

278 840 116 31 kredit
428 840 148 30 innebär
611 836 62 39 (jfr
707 837 136 31 Svensk
878 835 387 37 författningssamling
1300 835 83 30 1915
1418 844 43 20 nr
1496 833 180 35 231—237,
1701 833 87 30 1916

279 902 43 20 nr
357 892 51 35 36,
443 892 84 30 1918
562 900 43 21 nr
641 890 72 35 592,
749 889 179 35 595—597,
964 889 85 30 1920
1084 897 42 21 nr
1161 888 61 30 171
1258 886 64 31 och
1357 887 61 30 172
1454 887 91 29 samt
1570 885 83 30 1924
1677 894 43 20 nr
1745 884 40 31 73

280 944 63 30 och
378 941 64 38 74),
477 944 52 29 att
564 941 210 31 statsverket
809 941 136 30 lämnar
968 940 90 30 visst
1082 937 368 37 förvaltningsbidrag
1474 936 113 31 under
1612 936 40 31 de
1675 936 111 30 första

279 996 50 30 tio
364 994 327 32 verksamhetsåren
728 994 36 29 åt
798 992 203 31 ekonomisk
1036 991 173 35 förening,
1246 999 73 22 som
1354 989 64 31 har
1453 988 58 31 till
1545 987 164 31 ändamål
1734 989 53 29 att

280 1048 96 30 inom
415 1047 89 30 visst
543 1045 140 32 område
721 1045 125 31 bereda
881 1043 206 31 driftkredit
1125 1043 36 30 åt
1200 1041 120 31 idkare
1359 1051 44 20 av
1443 1040 138 31 mindre
1616 1039 171 37 jordbruk

279 1095 324 41 (jordbrukskassa)
636 1097 84 30 eller
754 1097 104 35 utgör
893 1094 323 35 sammanslutning
1251 1094 55 30 för
1344 1094 49 29 ett
1428 1092 86 31 eller
1550 1091 84 31 flera
1658 1091 59 30 län
1742 1100 44 21 av

279 1150 311 37 jordbrukskassor
623 1146 252 36 (centralkassa
906 1147 56 36 för
984 1143 332 40 jordbrukskredit).
1363 1143 250 32 Centralkassa
1635 1142 154 31 erhåller

280 1203 170 36 därjämte
486 1202 90 30 visst
600 1199 396 38 organisationsbidrag.
1042 1197 272 35 Förutsättning
1338 1196 54 30 för
1416 1196 144 35 bidrags
1585 1194 203 31 erhållande

279 1257 50 33 är,
369 1256 51 29 att
459 1252 258 32 vederbörande
756 1252 120 30 kassor
914 1250 131 31 vunnit
1084 1248 255 38 godkännande
1380 1248 81 30 från
1496 1247 58 31 det
1588 1246 200 31 allmännas

279 1306 86 35 sida,
401 1306 63 30 och
499 1305 125 31 sådant
659 1303 253 37 godkännande
947 1303 69 30 kan
1052 1302 138 35 vinnas,
1226 1310 55 21 om
1316 1300 126 30 kassan
1477 1298 181 37 uppfyller
1693 1298 96 30 vissa

284 1368 49 21 av
374 1358 117 30 staten
531 1356 207 37 uppställda
780 1355 132 31 villkor
944 1355 57 30 för
1031 1353 269 36 godkännande.
1343 1351 111 33 Dessa
1474 1351 133 31 villkor
1629 1360 83 21 avse
1733 1351 55 30 att

286 1409 113 36 skapa
420 1409 145 36 garanti
587 1408 57 31 för
664 1409 54 29 att
738 1407 192 31 kassornas
949 1405 159 32 soliditet
1128 1405 74 36 och,
1224 1405 71 31 vad
1316 1404 114 35 angår
1450 1403 135 36 kassor,
1608 1411 73 22 som
1701 1401 87 32 idka

284 1459 425 37 inlåningsverksamhet,
731 1458 137 37 jämväl
892 1459 102 30 deras
1015 1456 186 32 likviditet
1221 1458 63 29 äro
1306 1454 345 32 tillfredsställande.
1693 1453 95 31 Slut-

285 1512 98 36 ligen
403 1511 232 32 säkerställer
652 1512 119 30 staten
791 1512 41 30 så
853 1510 57 31 till
930 1509 87 32 vida
1037 1508 328 31 centralkassornas
1385 1507 229 35 borgenärer,
1635 1515 74 21 som
1732 1505 59 30 för

286 1564 104 36 varje
410 1563 245 32 centralkassa
677 1563 57 30 för
754 1560 322 38 jordbrukskredit,
1098 1570 74 22 som
1193 1559 128 31 vinner
1343 1558 260 36 godkännande
1625 1557 82 30 från
1728 1556 60 31 det

286 1615 203 32 allmännas
512 1614 89 37 sida,
624 1614 84 31 från
729 1612 347 36 riksgäldskontoret
1098 1611 57 31 till
1178 1610 166 35 Sveriges
1367 1609 172 31 riksbank
1564 1608 226 32 överlämnas

288 1667 152 31 svenska
465 1667 136 30 statens
625 1664 237 36 obligationer
887 1663 57 31 till
967 1663 112 31 värde
1102 1672 47 21 av
1174 1662 129 35 100,000
1325 1662 129 30 kronor
1478 1662 56 30 att
1557 1671 48 21 av
1628 1659 161 32 riksban-

288 1719 67 30 ken
381 1717 199 32 innehavas
605 1717 115 31 såsom
746 1717 89 35 pant
858 1716 57 30 för
940 1714 168 36 samtliga
1135 1713 286 32 centralkassans
1448 1711 236 32 förbindelser
1709 1711 80 31 med

289 1771 74 30 rätt
382 1770 57 30 för
455 1770 150 30 kassans
624 1768 295 35 fordringsägare
934 1768 54 30 att
1008 1767 12 30 i
1038 1766 76 31 viss
1132 1765 155 35 ordning
1302 1764 170 32 använda
1488 1765 134 34 panten
1641 1763 57 30 till
1718 1765 71 28 täc-

288 1821 117 32 kande
424 1831 47 21 av
490 1821 81 32 sina
592 1820 217 35 fordringar.

327 1915 53 32 De
421 1914 260 37 ursprungliga
720 1913 314 32 bestämmelserna
1056 1922 56 21 om
1134 1911 130 31 villkor
1288 1911 56 30 för
1366 1909 318 37 jordbrukskassas
1707 1907 82 36 god-

288 1967 192 32 kännande
499 1966 180 31 innehöllo
696 1966 111 31 bland
824 1966 113 30 annat
957 1964 173 36 följande:

325 2018 310 32 Jordbrukskassa
656 2018 115 31 skulle
792 2027 88 21 vara
902 2016 233 36 organiserad
1155 2016 117 30 såsom
1293 2013 205 32 ekonomisk
1520 2011 167 35 förening
1706 2011 82 31 med

286 2063 200 35 begränsad
505 2061 182 37 personlig
705 2060 243 36 ansvarighet.
988 2059 232 35 Delaktighet
1239 2059 12 29 i
1272 2057 113 33 sådan
1404 2057 106 30 kassa
1531 2055 114 32 skulle
1663 2054 123 31 beräk-

285 2115 66 22 nas
369 2106 90 31 efter
476 2105 60 32 det
555 2105 101 31 antal
673 2105 129 31 hektar
820 2104 90 36 jord,
930 2104 56 31 för
1003 2103 114 31 vilket
1134 2102 152 31 medlem
1304 2100 130 31 vunnit
1451 2099 145 31 inträde
1615 2098 13 31 i
1644 2098 143 31 kassan.

287 2147 120 38 Ägare
425 2149 85 33 eller
529 2149 155 31 brukare
700 2158 47 21 av
766 2148 81 36 jord
865 2148 99 35 finge
981 2146 114 31 vinna
1112 2146 142 31 inträde
1272 2145 13 30 i
1303 2144 132 31 kassan
1452 2143 57 31 för
1526 2142 106 35 högst
1650 2142 57 31 det
1726 2150 60 21 an-

286 2194 52 30 tal
354 2193 128 31 hektar
499 2192 107 32 odlad
624 2192 89 37 jord,
728 2192 73 31 han
817 2191 185 35 verkligen
1020 2190 91 36 ägde
1127 2189 86 32 eller
1229 2187 160 32 brukade
1404 2187 99 31 inom
1518 2186 150 31 kassans
1684 2184 102 31 verk-

287 2236 312 32 samhetsområde.
637 2235 56 31 Då
711 2235 174 35 fastighet
902 2244 48 21 av
969 2236 135 34 ägaren
1122 2232 177 37 upplåtits
1318 2232 38 30 åt
1374 2240 121 22 annan
1515 2229 58 31 till
1593 2227 194 36 brukande,

288 2281 99 35 finge
405 2283 134 33 ägaren
558 2280 32 36 ej
610 2279 112 31 vinna
740 2278 221 36 delaktighet
979 2278 56 31 för
1052 2287 78 21 mer
1147 2279 47 28 än
1211 2275 141 31 hälften
1368 2284 47 21 av
1433 2273 237 39 fastighetens
1686 2270 101 32 areal

286 2324 107 32 odlad
425 2324 89 36 jord.
556 2323 71 31 Vid
658 2322 200 35 beräkning
886 2332 47 20 av
965 2320 222 36 delaktighet
1218 2318 114 33 skulle
1364 2317 54 32 del
1439 2327 47 21 av
1506 2316 128 31 hektar
1655 2314 132 31 räknas

288 2369 114 30 såsom
424 2367 57 31 hel
502 2367 139 31 hektar.
681 2366 239 31 Beträffande
941 2374 120 22 annan
1083 2363 151 32 medlem
1255 2373 47 20 av
1324 2360 298 38 jordbrukskassa
1645 2361 46 28 än
1712 2367 75 21 som

286 2420 86 27 nyss
403 2410 139 31 berörts
574 2409 114 33 skulle
719 2409 150 32 kassans
890 2409 149 35 stadgar
1060 2407 134 36 angiva
1218 2406 57 31 det
1296 2404 102 32 antal
1418 2404 129 31 hektar
1568 2402 107 32 odlad
1696 2400 94 37 jord,

289 2456 57 30 för
363 2455 112 31 vilket
494 2454 112 32 sådan
624 2453 150 32 medlem
793 2452 116 33 skulle
924 2462 103 21 anses
1044 2451 87 36 ingå
1149 2450 12 31 i
1179 2450 140 32 kassan.
1358 2447 112 37 Ingen
1490 2446 100 36 finge
1607 2445 110 31 vinna
1734 2444 54 31 in-
