2220 2673
458 153 17 30 2
922 151 241 33 Statsutskottets
1190 152 168 32 Utlåtande
1381 152 63 32 N:o
1474 153 51 31 76.

553 240 119 38 Sedan
703 241 421 50 härordningsförslaget
1156 241 124 37 blifvit
1314 242 83 36 med
1429 243 95 36 vissa
1557 242 198 48 ändringar
1782 242 40 36 af
1849 245 91 35 1901
1972 247 57 34 års

417 293 164 49 Riksdag
616 299 158 42 antaget,
808 294 91 36 hade
932 293 401 49 departementschefen
1361 293 110 49 gifvit
1499 293 130 36 chefen
1656 293 57 36 för
1740 293 290 38 fortifikationen

415 346 13 35 i
460 345 167 49 uppdrag
655 350 53 31 att
734 346 75 35 låta
836 345 168 37 utarbeta
1031 345 218 48 detaljerade
1277 345 137 48 förslag
1442 345 30 47 ej
1505 345 141 37 mindre
1673 346 59 35 till
1761 353 100 42 typer
1870 347 68 50 för
1958 361 71 35 nya

416 398 392 35 kasernetablissement
839 401 36 32 åt
903 397 45 36 de
976 396 271 49 truppförband
1275 396 40 37 af
1340 398 97 35 olika
1465 398 210 47 vapenslag,
1704 398 124 35 hvilka
1855 400 175 46 antingen

415 449 12 35 i
458 449 67 35 och
560 449 83 35 med
675 449 69 35 den
772 462 73 36 nya
872 449 272 48 härordningen
1173 449 147 35 komme
1349 454 54 30 att
1432 454 192 43 uppsättas
1653 450 97 42 eller,
1781 449 117 36 ehuru
1927 449 102 37 förut

415 500 183 47 ingående
625 501 12 34 i
664 501 136 43 armén,
828 501 78 36 icke
935 506 61 41 egt
1023 501 183 44 kaserner,
1235 508 44 28 än
1309 501 65 35 ock
1399 501 56 35 till
1474 501 228 48 förändring
1722 501 60 36 och
1804 501 226 50 tillbyggnad

416 551 40 36 af
482 551 142 43 sådana,
657 552 113 36 redan
806 552 190 48 befintliga
1023 552 282 44 etablissement,
1335 555 44 45 på
1406 552 125 36 hvilka
1558 552 69 36 den
1656 565 73 36 nya
1755 552 272 50 härordningen

415 603 13 35 i
457 602 170 37 afseende
655 607 20 32 å
704 609 183 43 utrymme
915 604 115 36 stälde
1058 609 115 30 större
1200 603 86 36 kraf
1312 611 46 28 än
1385 604 70 35 den
1483 605 131 46 gamla.

549 654 102 36 Efter
683 654 252 49 fullgörandet
963 654 40 37 af
1028 655 159 36 nämnda
1214 655 169 48 uppdrag
1410 655 91 36 hade
1530 655 167 36 bemälde
1725 655 84 36 chef
1834 656 57 36 uti
1919 656 107 36 skrif-

415 707 97 33 velse
540 706 69 34 den
639 707 45 33 30
713 706 191 35 december
935 708 106 39 1901,
1072 707 81 34 med
1182 706 301 35 öfverlemnande
1511 705 40 35 af
1576 711 52 30 ett
1648 707 258 47 sammandrag
1925 708 41 34 af
1982 709 45 34 de

416 756 207 48 uppgjorda
654 756 484 49 kostnadsberäkningarna,
1173 755 133 42 anfört,
1342 761 53 30 att
1427 756 44 36 de
1499 756 417 40 kasernetablissement,
1947 771 76 22 som

413 808 12 34 i
466 807 153 36 främsta
659 814 160 29 rummet
855 808 111 35 borde
998 809 146 34 komma
1176 808 55 35 till
1266 807 206 44 utförande,
1508 814 87 29 utan
1625 807 128 37 tvifvel
1781 821 98 30 vore,
1908 812 117 33 såsom

413 859 68 35 ock
514 859 54 34 uti
602 858 69 36 den
699 859 58 35 till
789 860 92 34 1901
912 862 57 32 års
984 859 164 46 Riksdag
1175 859 201 35 aflemnade
1404 859 276 47 propositionen
1708 860 186 46 angående
1922 866 104 30 extra

413 910 128 46 anslag
568 910 56 35 till
652 923 73 36 nya
752 910 217 48 byggnader
998 909 58 36 för
1083 911 123 34 armén
1236 909 230 44 framhållits,
1497 910 44 35 de
1562 909 57 36 för
1638 909 388 50 fästningstrupperna

414 960 161 36 afsedda.
630 960 161 36 Sålunda
818 961 93 35 hade
930 962 13 34 i
963 961 44 35 de
1033 974 51 22 nu
1113 961 211 48 uppgjorda
1351 960 186 49 förslagen
1566 962 190 47 upptagits
1785 961 241 49 fullständiga

413 1011 274 36 etablissement
714 1011 60 36 för
803 1011 224 37 Karlskrona
1055 1013 65 34 och
1151 1012 201 35 Vaxholms
1380 1012 432 48 grenadierregementen
1842 1013 65 35 och
1938 1013 87 36 fäst-

413 1063 490 48 ningsingeniörkompanier
928 1069 94 30 samt
1042 1063 238 36 Norrbottens
1299 1069 211 42 regemente
1529 1064 67 35 och
1616 1063 144 36 Bodens
1779 1065 244 47 ingeniörkår.

548 1114 154 36 Dernäst
730 1114 93 35 hade
850 1114 57 36 för
933 1115 300 47 inqvarteringen
1262 1114 40 36 af
1319 1115 211 36 artilleriets
1551 1114 184 49 betydligt
1755 1115 170 36 tillökade
1945 1129 80 35 per-

414 1166 103 34 sonal
546 1166 66 34 och
642 1165 123 35 hästar
794 1166 170 47 samtliga
991 1166 211 35 nuvarande
1230 1166 428 35 artillerietablissement
1686 1172 138 30 ansetts
1852 1166 88 36 böra
1969 1174 56 28 ut-

413 1215 128 48 vidgas
573 1216 66 35 och
673 1221 53 30 ett
759 1221 86 44 nytt
878 1216 273 36 etablissement
1177 1217 12 34 i
1218 1216 124 35 Boden
1371 1216 56 35 för
1454 1216 74 36 fem
1556 1216 175 35 batterier
1759 1216 40 35 af
1824 1216 200 37 Norrlands

413 1267 365 47 artilleriregemente
807 1266 186 50 uppföras.
1048 1267 70 35 För
1146 1268 573 47 positionsartilleriregementet,
1745 1280 76 23 som
1843 1268 118 35 under
1980 1269 44 35 de

412 1324 182 30 närmaste
614 1322 84 31 åren
718 1318 112 36 borde
849 1318 125 35 kunna
992 1319 225 47 inqvarteras
1236 1319 12 34 i
1268 1318 208 48 Lifgardets
1496 1319 57 35 till
1573 1319 80 35 häst
1672 1318 23 35 f.
1718 1319 34 35 d.
1773 1319 141 44 kasern,
1931 1319 92 36 hade

411 1369 163 35 deremot
615 1369 78 35 icke
733 1375 112 41 något
883 1370 404 35 kasernetablissement
1321 1369 58 35 för
1411 1370 228 35 närvarande
1667 1369 125 36 blifvit
1819 1369 202 49 ifrågasatt.

547 1419 53 36 Då
641 1420 43 35 de
726 1420 213 36 nuvarande
972 1420 404 36 skoletablissementen
1409 1419 58 36 för
1500 1419 303 48 Lifregementets
1832 1421 190 48 dragoner,

412 1469 161 37 Skånska
611 1471 128 35 husar-
779 1472 66 34 och
887 1471 398 47 dragonregementena
1317 1477 94 30 samt
1443 1471 201 36 Norrlands
1673 1471 349 48 dragonregemente

412 1521 187 36 äfvensom
635 1522 268 48 Kronprinsens
935 1523 341 46 husarregementes
1309 1523 407 35 kasernetablissement
1742 1523 79 35 icke
1850 1526 45 44 på
1922 1524 102 45 långt

412 1580 67 27 när
505 1573 122 34 kunde
655 1573 184 48 inrymma
865 1579 259 42 regementena
1152 1573 116 47 enligt
1296 1586 72 35 nya
1395 1573 274 46 härordningen
1697 1574 218 35 tillhörande
1943 1587 80 35 per-

412 1624 102 35 sonal
547 1623 66 36 och
646 1624 133 41 hästar,
809 1623 92 36 hade
929 1623 56 36 för
1013 1624 103 35 dessa
1144 1629 237 41 regementen
1409 1623 208 50 föreslagits
1645 1624 182 48 behöfliga
1854 1624 74 35 till-
1956 1625 67 35 och

412 1674 277 49 nybyggnader.
744 1674 233 36 Beträffande
1017 1674 189 48 Lifgardet
1246 1676 56 34 till
1344 1676 80 35 häst
1458 1675 92 35 hade
1583 1675 211 46 nödvändig
1822 1676 139 48 ökning
1988 1676 40 35 af

413 1725 289 49 stallutrymmet
745 1726 191 47 upptagits
976 1726 66 35 och
1083 1724 57 36 för
1180 1725 304 47 Lifregementets
1528 1726 151 35 husarer
1724 1726 67 35 och
1833 1726 189 36 Smålands

412 1776 333 45 husarregemente,
767 1776 122 35 hvilka
908 1777 11 34 i
939 1776 477 47 ingqvarteringshänseende
1436 1789 86 23 vore
1542 1777 236 48 synnerligen
1797 1777 223 41 vanlottade,

411 1826 93 35 hade
532 1840 73 35 nya
632 1826 243 49 fullständiga
902 1827 405 36 kasernetablissement
1336 1827 217 49 föreslagits.
1602 1827 137 37 Chefen
1766 1827 59 36 för
1843 1827 178 36 fortifika-

411 1878 135 39 tionen,
589 1890 77 22 som
708 1883 130 38 ansett,
881 1883 53 30 att
972 1879 267 46 trängkårerna
1275 1879 114 35 borde
1422 1877 115 37 förses
1567 1878 82 36 med
1677 1878 242 47 fullständiga
1947 1885 73 29 eta-

411 1928 213 36 blissement
652 1937 19 26 å
698 1927 57 37 för
782 1928 103 37 dessa
912 1929 124 35 kårers
1064 1929 253 47 mobilisering
1343 1930 174 48 lämpliga
1545 1935 107 37 orter,
1682 1929 93 36 hade
1794 1929 227 37 fördenskull

412 1979 176 35 beräknat
629 1992 73 36 nya
740 1980 273 35 etablissement
1053 1979 59 36 för
1151 1981 171 48 samtliga
1364 1980 104 36 dessa
1505 1981 117 43 kårer,
1657 1981 84 35 med
1770 1981 188 48 undantag
1985 1980 38 36 af

412 2030 202 35 Norrlands
642 2031 186 47 trängkår,
858 2031 108 35 hvars
990 2031 211 35 nuvarande
1222 2032 274 35 etablissement
1515 2031 129 36 endast
1663 2031 155 36 behöfde
1839 2032 180 46 utvidgas.

545 2081 70 35 För
655 2079 91 37 Svea
782 2082 65 34 och
889 2080 92 37 Göta
1021 2082 295 47 ingeniörkårers
1349 2082 255 48 inqvartering
1636 2081 92 37 hade
1755 2085 112 45 något
1895 2083 126 46 anslag

410 2132 78 35 icke
528 2137 137 30 ansetts
706 2132 116 36 under
855 2132 120 36 denna
1006 2132 128 48 period
1162 2132 190 49 behöfligt,
1382 2146 83 22 men
1492 2132 57 37 för
1577 2132 361 50 fälttelegrafkårens
1965 2134 54 34 in-

411 2183 214 47 qvartering
653 2182 89 37 hade
770 2183 196 36 beräknats
994 2186 113 46 några
1136 2184 142 35 mindre
1307 2184 325 47 ändringsarbeten
1663 2185 55 35 uti
1747 2184 60 36 det
1827 2184 57 36 för
1903 2184 116 36 denna

411 2235 65 33 kår
503 2233 149 36 afsedda
680 2234 311 36 etablissementet
1020 2238 19 31 å
1067 2234 214 47 Marieberg.
