2220 2662
705 151 241 32 Statsutskottets
974 151 166 32 Utlåtande
1163 151 64 31 N:o
1256 152 47 30 76.
1745 153 16 29 1

922 685 74 41 N:0
1026 685 64 41 16.

787 841 75 27 Ank.
886 841 45 28 till
954 841 98 28 Riksd.
1077 841 94 28 kansli
1194 842 54 27 den
1273 843 15 26 6
1314 842 54 35 maj
1397 843 88 33 1902,
1510 842 40 28 kl.
1576 844 16 25 3
1617 850 23 20 e.
1666 851 36 19 m.

403 986 207 44 Utlåtande,
641 988 78 35 med
739 987 197 48 anledning
956 987 47 49 af
1017 987 129 48 Kongl.
1167 988 126 48 Maj:ts
1313 988 13 34 i
1344 988 460 47 statsverkspropositionen

595 1055 128 48 gjorda
744 1055 323 48 framställningar
1094 1056 186 47 angdende
1307 1055 128 49 anslag
1465 1056 56 35 till
1549 1069 70 34 nya
1649 1057 156 47 byggna-

598 1123 61 36 der
680 1123 64 49 för
772 1122 124 36 armén
925 1136 43 21 m.
1000 1136 42 21 m.
1072 1123 181 49 äfvensom
1281 1123 13 36 1
1321 1128 117 31 ämnet
1466 1126 125 33 väckta
1618 1124 185 35 motioner.

1432 1189 74 47 (1:a
1534 1190 43 37 U.
1609 1187 61 44 ÅA.)

330 1343 62 36 Uti
420 1344 163 48 punkten
614 1345 43 34 36
688 1343 116 36 under
830 1343 117 47 fjerde
976 1343 249 36 hufvudtiteln
1252 1344 66 35 har
1347 1343 130 50 Kongl.
1499 1343 106 48 Maj:t
1624 1345 13 34 i
1657 1344 70 36 den
1746 1345 57 35 till
1838 1348 151 28 Angående

195 1394 211 48 Riksdagen
447 1395 68 35 den
560 1397 42 33 14
634 1395 148 47 januari
813 1394 245 36 innevarande
1085 1398 40 32 år
1152 1395 133 35 aflåtna
1312 1395 277 48 propositionen
1618 1394 186 50 angående
1833 1392 62 86 nya
1911 1383 86 102 bygg:

196 1446 240 36 statsverkets
477 1445 169 36 tillstånd
686 1445 66 36 och
793 1445 113 36 behof
943 1444 190 49 föreslagit
1163 1445 208 47 Riksdagen
1403 1451 54 30 att
1484 1447 57 34 till
1570 1446 288 47 uppförande
1827 1440 33 57 »

196 1496 39 36 af
259 1510 73 35 nya
358 1496 216 49 byggnader
600 1495 58 36 för
685 1497 125 35 armén
838 1499 45 45 på
910 1501 105 30 extra
1042 1502 73 30 stat
1142 1495 60 37 för
1229 1500 84 32 åren
1345 1498 106 42 1903,
1485 1498 95 34 1904
1609 1498 67 35 och
1707 1499 93 34 1905
1860 1451 115 61 armén.

196 1548 137 47 bevilja
371 1553 54 29 ett
464 1547 131 48 belopp
634 1546 41 36 af
714 1549 220 42 21,000,000
975 1547 134 36 kronor
1146 1553 94 30 samt
1273 1547 105 36 deraf
1402 1547 58 36 för
1483 1551 39 32 år
1552 1549 96 35 1903
1678 1549 125 35 anvisa

198 1599 197 43 7,000,000
423 1598 147 35 kronor.

332 1698 409 48 Departementschefen
773 1699 66 35 har
870 1699 56 35 uti
958 1699 118 35 denna
1105 1698 105 48 fråga
1242 1700 147 43 erinrat,
1418 1705 54 30 att
1498 1700 71 35 han
1596 1700 13 35 i
1637 1700 63 36 sitt
1727 1705 75 44 ytt-
1847 1705 134 34 Departe-

197 1750 113 35 rande
336 1750 57 35 till
421 1750 401 47 statsrådsprotokollet
863 1749 103 36 öfver
1004 1749 428 37 landtförsvarsärenden
1459 1750 57 36 för
1543 1750 70 36 den
1634 1754 42 32 11
1694 1751 108 46 janu-
1812 1739 205 69 ERE

197 1801 52 35 ari
294 1802 91 34 1901
429 1800 190 48 redogjort
659 1799 57 37 för
756 1801 60 35 det
848 1799 113 37 behof
990 1799 38 37 af
1052 1814 73 35 nya
1152 1801 89 35 eller
1267 1801 115 35 ökade
1409 1802 138 34 lokaler
1574 1800 58 36 för
1659 1802 145 35 arméns

197 1850 237 49 förläggning
473 1851 66 35 och
578 1851 223 46 utbildning,
843 1864 77 23 som
953 1855 130 44 ansågs
1116 1852 100 35 skola
1245 1850 114 37 blifva
1387 1865 43 22 en
1458 1851 92 48 följd
1578 1851 40 36 af
1644 1852 61 36 det
1732 1865 74 36 nya

197 1896 442 54 härordningsförslagets
667 1902 216 47 antagande.

332 1952 126 37 Under
484 1952 277 49 förutsättning,
790 1958 54 30 att
866 1953 114 48 nödig
998 1953 102 35 mark
1119 1952 59 37 för
1197 1954 43 35 de
1259 1953 206 48 föreslagna
1483 1940 323 50 kasernetablisse-

198 2009 147 30 menten
385 2004 176 49 antingen
593 2004 153 36 erhölles
777 2003 83 37 från
887 2004 139 35 kronan
1053 2004 112 36 redan
1191 2004 186 48 tillhöriga
1404 2004 220 47 egendomar
1653 2005 89 35 eller
1770 2004 41 36 af

197 2055 242 35 intresserade
479 2033 216 57 kommuner
734 2054 58 36 för
833 2055 207 35 ändamålet
1079 2054 81 36 fritt
1202 2055 134 36 stäldes
1369 2056 55 35 till
1452 2055 232 49 förfogande,
1713 2056 93 35 hade

198 2105 104 36 dessa
341 2119 72 35 nya
452 2105 215 50 byggnader
705 2105 193 37 beräknats
939 2106 101 35 skola
1079 2105 129 37 kräfva
1240 2119 45 23 en
1317 2106 156 36 kostnad
1505 2084 72 58 af
1565 2080 20 79 i
1609 2085 117 57 rundt
1754 2108 52 34 tal

199 2156 49 36 48
275 2157 179 35 millioner
481 2157 142 36 kronor.

333 2228 76 31 Bih.
434 2228 49 31 till
505 2228 108 32 Riksd.
637 2228 86 32 Prot.
748 2229 95 31 1902.
888 2230 19 29 4
931 2228 97 32 Saml.
1073 2231 18 29 1
1115 2229 80 42 Afd.
1221 2230 44 30 52
1288 2229 96 43 Häft.
1429 2229 78 42 (N:o
1534 2230 62 41 76.)
1748 2231 16 30 1
