1898 2856
463 159 397 33 Jordbruksutskottets
888 160 187 32 utlåtande
1103 160 51 31 Nr
1182 162 52 30 80.
1520 160 40 31 13

101 237 152 31 baserad
284 236 151 38 lösning,
469 237 57 32 till
555 237 123 32 vilken
710 240 134 30 motion
876 239 173 32 utskottet
1081 241 102 29 strax
1213 240 246 36 återkommer,
1494 240 108 30 fram-

94 289 130 31 ställas
242 289 97 31 vissa
359 290 204 36 erinringar
584 290 108 31 bland
713 295 110 28 annat
844 294 71 28 mot
935 293 54 29 att
1011 291 166 36 förlägga
1199 291 297 32 driftsledarkurs
1517 292 84 30 alle-

96 343 84 30 nast
205 341 56 32 till
286 342 150 36 Alnarp.
472 342 70 31 För
568 351 89 27 egen
683 343 54 31 del
764 343 120 30 finner
909 343 174 31 utskottet
1110 343 134 36 Kungl.
1270 343 128 36 Maj:ts
1425 343 136 37 förslag
1589 345 12 29 i

98 394 238 32 förevarande
360 395 172 31 avseende
556 396 45 35 på
624 398 52 28 ett
697 395 152 36 lyckligt
869 398 73 29 sätt
963 395 189 36 tillgodose
1177 396 67 31 den
1267 406 46 20 av
1335 396 173 32 utskottet
1532 396 69 31 för-

98 446 90 32 lidet
208 448 41 29 år
269 447 161 32 uttalade
451 447 290 36 uppfattningen,
762 450 55 29 att
838 448 282 36 ifrågavarande
1143 448 205 37 utbildning
1369 448 106 32 borde
1496 450 106 35 göras

97 509 100 21 mera
224 500 180 36 praktiskt
432 500 161 36 betonad,
620 501 63 30 och
710 500 64 31 vill
804 501 11 30 i
844 501 103 35 fråga
975 511 56 20 om
1061 501 41 31 de
1130 501 235 32 förenämnda
1391 501 210 32 motionsvis

99 552 201 32 framförda
325 552 253 36 erinringarna
603 553 202 36 framhålla,
828 556 54 29 att
904 553 136 36 jämväl
1064 554 134 35 Kungl.
1223 553 127 37 Maj:ts
1373 554 134 36 förslag
1533 555 69 30 för-

97 604 91 32 lidet
211 606 40 29 år
276 606 112 35 avsåg
410 605 206 31 inrättande
641 616 45 20 av
710 605 152 32 allenast
886 616 43 20 en
953 606 269 36 agronomkurs,
1246 606 127 32 liksom
1396 606 113 37 enligt
1534 607 69 31 den

101 657 248 36 föreliggande
373 657 266 36 propositionen
663 658 142 36 förlagd
829 658 56 31 till
908 658 149 37 Alnarp.
1102 659 53 30 Då
1180 659 172 32 utskottet
1375 659 12 31 i
1410 659 102 37 varje
1537 659 66 31 fall

98 719 116 26 anser,
241 713 53 28 att
322 711 114 34 några
462 711 58 30 års
546 710 204 31 erfarenhet
777 721 56 20 om
860 711 149 32 behovet
1036 711 12 30 i
1075 711 236 32 förevarande
1339 712 173 31 avseende
1539 712 63 32 bör

95 762 191 36 avvaktas,
307 762 158 32 biträder
485 762 175 33 utskottet
680 763 132 35 Kungl.
834 762 128 37 Maj:ts
983 763 136 36 förslag
1139 764 12 30 i
1171 774 48 20 nu
1240 764 156 36 angiven
1416 764 65 31 del.

143 814 238 31 Beträffande
409 814 160 31 härefter
598 814 131 36 frågan
755 824 57 21 om
841 815 67 31 den
935 815 329 36 högskolemässiga
1289 816 320 32 lantbruksunder-

102 866 210 36 visningens
361 865 183 32 allmänna
592 866 272 36 planläggning,
903 867 66 30 har
999 867 394 36 departementschefen
1419 870 86 34 vägt
1535 872 72 28 mot

101 918 183 31 varandra
313 918 42 31 de
384 917 86 38 skäl,
499 928 74 21 som
600 918 123 31 kunna
752 919 171 36 åberopas
953 919 56 31 för
1037 919 323 32 huvudalternativ
1388 920 42 36 A,
1458 920 65 31 och
1552 921 52 32 de,

98 980 79 22 som
200 970 123 31 kunna
347 970 147 31 anföras
518 970 56 31 för
600 970 321 32 huvudalternativ
945 971 39 36 B,
1010 974 94 29 samt
1129 972 129 31 därvid
1283 972 148 31 kommit
1456 973 57 30 till
1537 973 67 31 den

101 1022 292 36 uppfattningen,
428 1024 54 29 att
516 1022 195 31 alternativ
747 1023 29 30 B
811 1033 43 20 ur
888 1023 205 36 principiell
1127 1024 184 36 synpunkt
1335 1024 62 31 bör
1423 1024 101 36 givas
1550 1025 54 31 be-

106 1075 111 30 stämt
244 1073 179 32 företräde
449 1073 155 32 framför
627 1073 196 32 alternativ
848 1075 41 31 A.
936 1074 57 31 Av
1015 1075 81 31 skäl
1120 1077 162 31 närmast
1306 1078 55 30 att
1385 1076 224 32 driftsledar-

102 1125 254 36 utbildningen
377 1125 76 32 icke
475 1127 136 30 ansetts
634 1125 121 32 kunna
779 1127 186 31 användas
988 1128 116 30 såsom
1127 1127 235 33 förberedelse
1385 1129 55 30 för
1464 1129 141 31 inträde

98 1178 67 32 vid
192 1178 397 36 lantbrukshögskolan,
615 1179 65 30 har
709 1179 57 31 det
795 1180 101 35 synts
924 1179 391 36 departementschefen
1342 1180 179 36 riktigast,
1550 1183 54 29 att

105 1230 69 31 den
198 1229 327 36 högskolemässiga
547 1229 498 38 lantbruksundervisningen
1069 1232 284 32 sammanfördes
1376 1232 55 31 till
1453 1242 45 21 en
1520 1233 88 30 kurs

106 1282 67 32 och
201 1282 153 31 sålunda
384 1281 271 36 organiserades
685 1283 12 31 i
726 1283 190 31 huvudsak
944 1283 115 36 enligt
1086 1283 43 32 de
1159 1284 166 37 grunder,
1356 1294 73 22 som
1458 1285 150 35 avsåges

106 1334 81 31 med
235 1334 41 31 de
305 1334 244 35 sakkunnigas
579 1334 322 33 huvudalternativ
931 1335 41 36 A,
1002 1335 114 32 vilket
1146 1336 390 36 departementschefen
1564 1347 45 21 ur

103 1385 289 36 organisatorisk
438 1386 64 31 och
549 1386 218 37 pedagogisk
792 1388 185 35 synpunkt
1005 1390 117 29 ansett
1148 1398 89 21 vara
1264 1388 144 36 avgjort
1436 1390 52 30 att
1518 1390 90 30 före-

106 1436 123 36 draga.
275 1436 17 31 I
317 1437 265 37 propositionen
605 1437 67 31 har
694 1447 83 22 man
799 1438 198 32 emellertid
1022 1439 187 36 samtidigt
1233 1440 80 31 sökt
1338 1439 187 37 tillgodose
1547 1441 62 30 hu-

100 1489 190 36 vudsyftet
312 1490 81 31 med
415 1489 357 33 huvudalternativet
797 1491 39 36 B,
860 1491 86 31 eller
968 1493 56 29 att
1047 1491 177 31 särskilda
1249 1491 226 36 möjligheter
1498 1492 107 31 borde

107 1541 132 36 skapas
263 1542 56 30 för
342 1541 157 35 ungdom
521 1552 44 20 ur
587 1542 70 31 den
680 1542 267 36 jordbrukande
969 1542 275 37 befolkningens
1266 1543 57 31 led
1346 1545 52 30 att
1421 1544 114 30 vinna
1558 1544 52 30 in-

108 1593 101 31 träde
241 1593 61 31 vid
334 1593 371 36 lantbrukshögskola.
756 1594 272 37 Propositionen
1059 1595 200 31 innefattar
1291 1596 151 31 sålunda
1473 1595 135 37 jämväl

109 1644 138 35 förslag
296 1645 57 31 till
378 1645 232 32 anordnande
635 1654 46 23 av
708 1646 57 31 till
794 1645 248 36 folkhögskola
1072 1646 166 36 förlagda
1265 1647 261 36 specialkurser
1554 1648 55 31 för

107 1695 99 32 vissa
231 1696 417 34 lantbruksstuderande.
696 1698 71 31 Till
789 1699 103 31 dessa
916 1698 136 36 kurser,
1079 1708 74 22 som
1178 1699 115 32 skulle
1317 1709 90 21 vara
1431 1699 179 36 tvååriga,

107 1746 115 33 skulle
244 1756 176 29 personer,
443 1749 101 31 vilka
567 1752 207 33 genomgått
795 1750 101 36 lägre
918 1749 605 38 lantbruksundervisningsanstalt
1545 1751 65 31 och

104 1799 155 36 åtnjutit
285 1801 75 31 viss
386 1800 262 38 undervisning
673 1802 62 31 vid
762 1802 249 37 folkhögskola
1038 1805 93 29 samt
1159 1803 155 32 önskade
1342 1803 186 32 förbereda
1552 1804 56 36 sig

102 1851 59 31 till
185 1852 143 31 inträde
355 1852 60 32 vid
439 1853 397 37 lantbrukshögskolan,
862 1854 113 31 vinna
999 1854 143 31 inträde
1167 1855 64 30 och
1257 1855 65 31 där
1348 1855 180 31 förskaffa
1555 1855 55 36 sig

103 1903 43 31 de
171 1903 56 30 för
250 1904 137 31 studier
407 1904 62 31 vid
493 1905 387 36 lantbrukshögskolan
903 1906 237 35 erforderliga
1165 1906 319 36 förkunskaperna.

145 1955 54 31 Då
232 1955 173 32 utskottet
439 1956 128 36 finner,
602 1958 54 30 att
689 1957 11 29 i
735 1957 57 31 det
825 1968 46 19 av
904 1958 134 35 Kungl.
1073 1957 110 36 Maj:t
1207 1958 203 36 framlagda
1435 1958 172 36 förslaget

106 2007 60 30 till
196 2007 69 30 den
297 2007 328 36 högskolemässiga
657 2007 516 37 lantbruksundervisningens
1204 2008 185 33 allmänna
1419 2010 187 36 planlägg-

103 2059 89 35 ning
217 2058 198 32 innefattas
438 2069 42 21 en
505 2070 42 20 ur
572 2060 117 31 skilda
711 2061 222 35 synpunkter
957 2061 151 36 lämplig
1133 2061 245 31 kombination
1400 2072 45 20 av
1470 2062 137 31 huvud-

109 2110 242 32 alternativen
374 2111 30 30 A
423 2111 63 31 och
506 2111 39 36 B,
567 2113 208 35 varigenom
795 2113 42 31 de
858 2113 257 35 väsentligaste
1138 2114 206 31 fördelarna
1364 2115 11 30 i
1396 2114 92 32 båda
1507 2114 104 32 dessa

106 2162 136 36 förslag
270 2163 270 37 tillvaratagits,
568 2164 66 31 vill
663 2165 171 31 utskottet
863 2165 138 32 skänka
1029 2166 56 30 sin
1111 2165 211 36 anslutning
1350 2165 57 31 till
1436 2166 171 36 förslaget

110 2214 233 31 härutinnan.

146 2265 77 31 Den
253 2266 109 35 högre
393 2266 432 37 mejeriundervisningen
856 2278 104 26 synes
992 2269 172 31 utskottet
1197 2271 116 28 såsom
1343 2269 264 35 propositionen

106 2316 151 32 innebär
279 2318 86 30 böra
388 2317 212 37 planläggas
622 2321 115 29 såsom
760 2329 43 21 en
825 2320 144 35 tvåårig
993 2320 96 35 eller,
1114 2321 117 30 därest
1256 2321 352 35 omständigheterna

106 2368 114 31 skulle
242 2369 80 31 visa
346 2369 193 36 lämpligen
563 2371 85 31 böra
673 2371 185 32 föranleda
880 2371 133 34 därtill,
1038 2373 107 33 något
1171 2372 122 34 längre
1317 2372 85 31 kurs
1426 2373 78 30 med
1526 2373 82 34 hög-

105 2420 233 36 skolemässig
365 2421 205 36 utbildning
594 2423 77 30 med
696 2433 135 21 samma
858 2423 84 31 nivå
968 2433 73 20 som
1066 2423 59 31 vid
1155 2424 394 34 lantbrukshögskolan.
