1878 2818
24 1869 66 25 1912
104 1871 43 20 och
163 1868 65 25 1918

36 1905 38 22 års
92 1904 135 29 riksdagar.

245 168 38 30 12
682 169 105 29 Första
810 170 193 36 lagutskottets
1027 170 144 28 utlåtande
1193 170 47 28 Nr
1261 170 49 28 29.

243 243 190 40 ersättning
456 243 142 41 upplåta
620 243 231 31 betesmarker
873 244 34 30 åt
922 243 136 31 bofasta
1074 254 74 20 som
1164 244 35 29 åt
1214 243 172 41 lapparna,
1400 243 92 31 helst
1508 243 58 32 det
1580 244 88 31 visat
1685 244 62 41 sig,

243 287 49 29 att
315 285 209 31 åtminstone
547 284 108 31 under
677 285 93 31 vissa
792 285 89 31 tider
904 287 184 39 utrymmet
1111 287 19 28 å
1153 285 103 31 dessa
1278 285 234 32 betesmarker
1535 286 28 41 ej
1580 286 86 31 varit
1682 287 65 30 till-

242 327 143 41 räckligt
417 327 53 31 för
503 327 97 31 båda.
647 327 272 31 Kommitterade
947 329 125 39 ansåge
1095 327 214 31 fördenskull
1332 328 58 31 det
1413 328 90 32 både
1526 339 78 21 vara
1626 327 121 42 princi-

242 369 98 41 plellt
362 369 120 40 riktigt
505 369 63 31 och
592 369 358 31 överensstämmande
973 369 77 31 med
1073 369 107 40 bägge
1201 369 298 34 folkstammarnas
1516 370 232 31 vilförstådda

242 412 157 36 intresse,
423 413 50 29 att
488 411 154 32 bofastas
664 413 68 29 rätt
754 413 50 29 att
825 412 53 31 för
901 422 87 30 egna
1009 422 99 20 renar
1125 412 152 40 begagna
1292 411 41 31 de
1349 423 124 30 genom
1489 412 259 41 lagstiftningen

242 454 52 31 till
317 454 141 31 renbete
481 454 167 40 upplåtna
671 453 132 31 marker
824 454 11 30 i
858 454 93 40 regel
975 453 134 31 komme
1133 456 49 28 att
1205 454 164 40 upphöra.
1416 455 53 30 Av
1490 454 167 32 särskilda
1674 455 73 30 skäl

243 498 126 39 ansågo
386 495 262 32 kommitterade
671 496 199 37 emellertid,
895 497 50 29 att
969 497 49 29 ett
1041 495 110 42 dylikt
1174 495 125 32 förbud
1321 496 73 31 icke
1411 496 53 31 för
1480 497 58 31 det
1554 496 193 31 dåvarande

242 538 114 32 kunde
379 538 217 40 genomföras
620 538 10 30 1
646 538 78 31 hela
740 538 54 31 sin
809 538 82 31 vidd
903 540 83 29 utan
1002 540 108 29 måste
1126 538 187 41 begränsas
1329 540 49 30 att
1395 539 143 31 omfatta
1577 539 171 31 Jämtlands

243 581 64 30 och
318 580 265 32 Västerbottens
594 581 56 30 län
663 583 88 28 samt
762 580 190 31 socknarna
963 580 166 31 nedanför
1139 580 346 41 lappmarksgränsen
1495 581 11 30 i
1552 581 196 31 Norrbottens

242 623 65 31 län.
354 623 123 31 Såsom
512 623 73 30 skäl
607 623 53 30 för
683 633 41 20 en
753 622 93 41 dylik
870 622 214 41 uppdelning
1106 622 170 38 anfördes,
1300 624 49 29 att
1373 622 66 32 den
1463 623 134 32 bofasta
1619 623 127 32 befolk-

243 665 125 40 ningen
392 665 11 30 i
426 664 231 32 Norrbottens
680 665 179 41 lappmark
874 664 89 31 hade
978 664 112 32 behov
1106 666 49 29 att
1170 664 89 31 hålla
1277 676 98 19 renar
1391 666 115 30 såsom
1522 665 158 40 binäring
1695 665 53 31 till

244 707 60 31 sitt
324 707 168 41 jordbruk
516 707 63 31 och
603 709 49 29 att
675 707 66 31 den
766 709 117 39 syntes
907 707 29 40 ej
962 707 95 30 driva
1079 707 154 31 rörelsen
1257 707 10 30 1
1292 709 108 29 större
1417 707 96 31 skala
1529 709 41 28 än
1587 708 51 30 för
1654 708 95 30 detta

243 749 157 31 ändamål
415 760 81 20 vore
512 749 128 41 nödigt.
675 749 164 32 Flertalet
854 760 40 20 av
910 749 43 31 de
969 749 154 31 bofastas
1139 750 93 30 inom
1250 749 92 31 länet
1359 760 99 20 renar
1474 749 161 31 tillhörde
1649 751 99 39 ägare

242 791 12 31 1
277 791 208 37 kustlandet,
510 791 60 32 där
592 802 76 20 man
693 792 63 30 ock
778 791 87 31 hade
889 793 49 29 att
962 791 83 31 söka
1068 791 41 31 de
1132 794 171 39 renägare,
1331 802 73 20 som
1432 791 161 31 förenade
1620 794 129 29 största

243 834 127 30 antalet
392 844 101 20 renar
515 836 44 39 på
583 845 40 19 en
647 833 101 31 hand.
773 834 68 30 Det
863 833 89 31 hade
976 833 51 31 till
1052 833 63 31 och
1132 834 78 30 med
1226 835 73 39 gått
1317 835 37 29 så
1370 834 104 40 långt,
1489 836 50 28 att
1554 833 195 42 aktiebolag

243 875 128 31 bildats
394 876 53 30 för
470 878 50 28 att
543 876 94 32 driva
663 875 192 32 renskötsel
878 876 11 30 i
915 877 109 29 större
1048 876 213 40 omfattning.
1310 875 120 31 Såsom
1455 876 196 41 ytterligare
1669 876 79 31 stöd

242 918 53 30 för
328 920 49 28 att
410 918 94 31 inom
532 917 221 42 lappmarken
781 918 173 31 bibehålla
978 917 41 31 de
1042 918 154 30 bofastas
1219 918 228 40 renägarskap
1472 918 203 41 påpekades,
1700 920 50 29 att

244 960 43 31 då
310 960 271 41 skogslapparna
603 960 93 31 inom
719 960 111 31 länets
854 960 103 30 södra
973 959 143 31 socknar
1132 959 168 41 framgent
1317 971 72 20 som
1407 960 125 31 dittills
1549 962 80 29 utan
1647 960 102 32 tvivel

243 1003 135 30 komme
401 1004 50 29 att
474 1002 88 33 välla
585 1002 42 31 de
651 1002 134 31 bofasta
808 1004 93 29 stora
924 1002 229 40 olägenheter,
1171 1002 90 33 vilka
1277 1002 76 31 med
1370 1002 136 41 hänsyn
1522 1002 53 31 till
1592 1013 159 20 sommar-

243 1044 297 32 betesmarkernas
563 1044 204 41 belägenhet
790 1044 169 40 svårligen
983 1044 113 31 kunde
1120 1044 111 31 under
1253 1044 149 31 rådande
1425 1044 237 31 förhållanden
1679 1045 74 31 helt

245 1086 177 35 undvikas,
456 1087 202 41 billigheten
693 1088 117 40 syntes
838 1086 124 38 fordra,
987 1088 49 29 att
1058 1086 11 30 i
1092 1087 146 41 gengäld
1262 1097 127 20 samma
1413 1086 134 31 bofasta
1570 1087 182 40 medgåves

244 1129 209 30 åtminstone
476 1131 112 29 rätten
612 1131 48 29 att
683 1129 86 31 hava
791 1140 85 30 egna
899 1139 99 20 renar
1021 1128 109 31 under
1151 1129 183 41 lapparnas
1358 1128 91 32 vård.
1478 1128 69 31 För
1570 1131 49 28 att
1635 1129 118 40 ifråga-

243 1171 147 31 varande
424 1173 68 29 rätt
524 1171 53 31 för
605 1171 42 31 de
669 1171 136 31 bofasta
827 1171 92 30 inom
943 1170 232 32 Norrbottens
1199 1171 74 31 läns
1296 1171 178 41 lappmark
1497 1173 50 28 att
1570 1173 60 38 äga
1652 1182 101 20 renar

244 1213 73 31 icke
352 1213 109 31 skulle
496 1215 80 29 över
610 1213 111 31 hövan
755 1213 201 36 mutsträckas,
992 1213 105 31 fästes
1121 1212 190 32 emellertid
1334 1213 57 30 vid
1415 1213 199 31 densamma
1638 1215 113 29 såsom

244 1255 130 38 villkor,
397 1257 50 29 att
469 1258 185 37 renägaren
679 1256 110 31 skulle
812 1266 78 20 vara
912 1255 117 31 bosatt
1051 1255 93 31 inom
1167 1255 223 41 lappmarken
1414 1255 66 31 och
1504 1256 60 30 där
1586 1257 61 39 äga
1670 1255 83 31 eller

244 1297 108 31 bruka
373 1297 360 41 jordbruksfastighet,
758 1299 87 29 samt
868 1299 49 29 att
940 1308 144 20 renarna
1108 1297 110 31 skulle
1242 1297 107 31 hållas
1372 1297 11 31 1
1406 1297 83 31 vård
1513 1309 40 19 av
1568 1298 89 40 lapp,
1677 1308 73 20 som

245 1339 219 31 uteslutande
499 1340 201 40 sysselsatte
736 1339 52 41 sig
820 1339 78 31 med
931 1339 202 31 renskötsel.
1179 1340 164 30 Däremot
1376 1340 151 39 föreslog
1549 1340 202 30 kommittén

244 1382 74 30 icke
352 1384 111 38 någon
497 1382 232 41 begränsning
762 1382 11 30 i
806 1382 93 41 fråga
933 1392 55 20 om
1019 1381 58 31 det
1104 1382 93 30 antal
1219 1392 107 27 renar,
1351 1382 104 30 vilket
1479 1393 39 19 av
1542 1382 93 41 dylik
1657 1382 94 30 inom

245 1424 230 31 Norrbottens
499 1424 75 31 läns
597 1424 177 41 lappmark
797 1424 115 31 bosatt
935 1435 126 30 person
1084 1425 91 39 finge
1199 1426 88 38 ägas.

297 1483 73 31 Den
403 1483 107 40 kungl.
529 1483 240 41 propositionen
804 1483 48 31 till
885 1485 86 29 1898
993 1487 55 27 års
1070 1483 142 39 riksdag,
1237 1494 40 19 nr
1299 1483 48 37 36,
1372 1484 133 39 upptog
1529 1482 222 31 kommitténs

244 1533 261 31 bestämmelser
520 1533 144 31 rörande
682 1533 216 31 skötesrenar
915 1533 233 31 oförändrade.
1166 1532 202 32 Emellertid
1380 1532 138 32 väcktes
1534 1532 57 31 vid
1603 1533 149 31 nämnda

245 1583 137 41 riksdag
403 1584 94 30 inom
514 1584 105 31 andra
634 1584 194 30 kammaren
845 1594 41 20 en
904 1583 125 37 motion,
1047 1595 41 19 nr
1103 1583 70 37 215,
1191 1583 10 30 i
1219 1583 110 31 vilken
1345 1583 157 41 yrkades,
1519 1583 105 31 bland
1639 1585 114 35 annat,

246 1635 49 29 att
317 1636 111 29 rätten
452 1635 52 29 för
527 1634 81 41 lapp
631 1636 49 29 att
703 1634 85 31 hava
811 1633 109 31 under
944 1633 53 31 sin
1020 1634 82 30 vård
1125 1645 108 23 renar,
1251 1633 206 33 tillhörande
1474 1644 112 20 annan
1602 1635 42 29 än
1660 1633 92 41 lapp,

246 1686 104 29 måtte
373 1684 186 41 begränsas
582 1684 52 31 till
657 1684 102 41 högst
782 1684 97 41 tjugu
903 1695 99 20 renar
1024 1684 53 30 för
1098 1684 91 40 varje
1214 1683 105 32 sådan
1343 1695 137 30 person.
1516 1684 17 30 I
1557 1684 132 40 avgivet
1705 1685 49 29 ut-

245 1735 147 38 låtande,
417 1746 40 19 nr
480 1736 49 36 66,
554 1734 185 41 tillstyrkte
763 1734 86 31 dock
872 1734 225 40 lagutskottet
1123 1734 8 30 i
1148 1734 113 31 denna
1277 1734 54 31 del
1348 1734 125 41 Kungl.
1491 1734 117 41 Maj:ts
1624 1734 128 39 förslag

247 1784 205 35 oförändrat,
478 1785 64 30 och
565 1785 187 31 utskottets
775 1784 204 32 hemställan
1003 1784 77 31 blev
1103 1796 39 20 av
1165 1784 181 41 riksdagen
1368 1784 153 31 bifallen.

299 1861 67 31 Vid
400 1864 84 28 1912
517 1861 52 31 och
602 1864 81 28 1913
704 1863 55 29 års
783 1861 172 39 riksdagar
978 1861 136 31 väcktes
1138 1863 88 39 ånyo
1250 1861 169 31 motioner
1442 1872 55 19 om
1522 1860 233 41 begränsning

247 1923 41 19 av
311 1912 41 31 de
375 1912 154 31 bofastas
552 1911 209 34 reninnehav
784 1911 55 41 (II:
854 1911 61 31 209
938 1913 37 29 år
999 1912 80 30 1912
1103 1911 62 31 och
1189 1912 47 30 IT:
1253 1912 57 30 192
1327 1913 36 29 år
1380 1911 101 40 1913).
1507 1911 248 39 Lagutskottet

247 1962 181 31 förordade
463 1973 41 20 en
529 1962 183 40 utredning
734 1962 11 30 i
769 1961 233 31 motionernas
1027 1962 86 40 syfte
1137 1962 70 40 (utl.
1232 1973 40 19 nr
1295 1962 39 30 28
1357 1963 37 29 år
1419 1962 81 30 1912
1524 1961 65 31 och
1612 1972 40 20 nr
1676 1962 16 30 7
1718 1962 36 29 år

250 2013 99 40 1913).
395 2013 68 31 Vid
500 2013 80 30 1912
614 2014 53 29 års
691 2012 138 41 riksdag
852 2012 114 31 förföll
988 2012 116 40 frågan
1128 2012 10 30 i
1162 2012 186 41 anledning
1381 2023 39 19 av
1443 2012 196 30 kamrarnas
1664 2011 91 41 skilj-

249 2063 112 41 aktiga
387 2063 124 37 beslut,
547 2074 77 20 men
647 2066 83 28 1913
752 2064 56 30 års
831 2063 134 39 riksdag
988 2062 205 31 hemställde
1216 2063 14 30 i
1251 2062 148 31 skrivelse
1422 2062 51 31 till
1497 2062 120 40 Kungl.
1642 2062 113 37 Maj:t,

251 2125 39 20 nr
311 2117 49 34 30,
385 2116 50 28 att
457 2114 129 40 Kungl.
610 2113 97 41 Maj:t
731 2113 127 31 täcktes
881 2113 70 30 låta
973 2113 183 31 verkställa
1179 2113 192 40 utredning,
1396 2112 170 31 huruvida
1584 2112 63 31 och
1663 2112 11 30 i
1690 2112 65 30 vad

250 2166 78 29 mån
351 2164 66 31 den
441 2166 76 35 rätt,
536 2175 73 20 som
633 2165 43 39 på
699 2163 110 42 grund
832 2175 40 19 av
892 2164 38 30 27
955 2162 22 42 &
999 2163 11 30 i
1035 2163 80 31 1898
1138 2165 55 29 års
1216 2163 217 40 renbeteslag
1456 2162 124 41 (vilken
1603 2164 152 29 närmast

250 2215 215 31 motsvarade
501 2214 66 31 den
600 2214 195 31 nuvarande
819 2214 39 31 35
882 2213 31 42 $)
937 2214 188 30 tillkomme
1148 2214 135 31 bofasta
1305 2213 93 31 inom
1421 2213 234 32 Norrbottens
1678 2213 76 30 läns

250 2265 215 42 lappmarker
499 2267 49 29 att
582 2267 61 38 äga
676 2276 99 19 renar
808 2264 63 31 och
905 2264 52 31 för
991 2264 76 31 dem
1091 2264 154 41 begagna
1268 2264 52 40 sig
1343 2275 39 19 av
1405 2264 184 41 lapparnas
1611 2265 67 29 rätt
1702 2262 53 31 till

250 2316 151 34 renbete,
436 2318 105 30 måtte
575 2315 114 31 kunna
721 2315 186 38 begränsas
936 2316 89 31 samt
1047 2314 52 31 för
1121 2314 182 41 riksdagen
1326 2314 185 40 framlägga
1535 2313 58 31 det
1615 2313 140 40 förslag,

252 2377 74 20 som
349 2377 40 19 av
413 2366 113 31 denna
548 2365 184 41 utredning
755 2365 113 31 kunde
891 2364 206 31 föranledas.

305 2425 17 30 I
344 2424 324 40 riksdagsskrivelsen
691 2424 173 30 erinrades
888 2423 52 31 till
965 2434 41 20 en
1030 2423 128 41 början,
1176 2425 50 28 att
1242 2423 65 31 den
1325 2423 155 41 gällande
1497 2422 257 40 lagstiftningen

252 2467 210 40 principiellt
490 2467 115 39 intoge
634 2466 65 31 den
724 2465 266 41 ståndpunkten,
1015 2468 48 28 att
1087 2467 111 29 rätten
1222 2467 49 29 att
1295 2467 60 39 äga
1379 2465 63 31 och
1466 2448 167 47 innehava
1657 2475 99 20 renar
