1864 2794
547 179 286 30 Statsutskottets
854 179 180 30 utlåtande
1056 188 43 21 nr
1119 179 30 30 2.
1579 180 19 30 3

137 264 116 30 Under
268 265 37 29 år
325 264 82 30 1952
423 264 63 29 har
503 264 130 30 antalet
649 263 238 40 ansökningar
903 273 55 21 om
977 264 142 30 svenskt
1135 263 297 40 medborgarskap
1449 263 90 30 visat
1555 272 43 20 en

93 313 203 40 fortgående
321 313 162 40 stegring.
508 313 139 30 Antalet
675 314 251 29 inkommande
949 313 120 40 dylika
1095 313 153 30 ärenden
1272 313 152 40 uppgick
1449 313 148 31 sålunda

92 364 54 29 till
167 364 162 40 omkring
350 365 17 29 5
383 364 73 34 300,
478 365 63 29 och
560 364 58 30 vid
639 365 57 29 det
716 366 136 28 senaste
873 364 181 31 årsskiftet
1076 363 133 40 förelåg
1229 373 43 20 en
1292 364 239 30 arbetsbalans
1553 364 45 39 på

93 414 97 30 cirka
211 414 94 31 1350
325 414 163 30 ärenden.
506 415 122 29 Denna
648 414 250 40 arbetsökning
915 415 64 29 har
997 414 162 34 medfört,
1178 415 51 28 att
1246 414 41 29 de
1305 414 122 34 medel,
1447 423 75 21 som
1540 414 57 30 vid

92 465 82 30 1951
202 465 56 30 års
284 465 144 39 riksdag
452 465 184 30 anvisades
663 465 54 29 för
744 467 96 28 extra
866 465 264 39 föredragande,
1158 464 92 30 måst
1276 466 98 37 tagas
1400 464 11 29 i
1439 464 155 40 anspråk

91 516 55 29 för
169 516 60 29 sitt
250 516 175 34 ändamål,
447 516 172 39 varjämte
642 515 147 31 behovet
810 525 42 20 av
876 515 260 40 skrivpersonal
1159 515 93 30 ökat.
1276 515 67 30 För
1365 516 51 28 att
1437 515 157 38 tillgodo-

91 575 35 21 se
151 567 220 29 sistnämnda
391 566 110 31 behov
523 575 101 21 anses
646 566 157 39 anslaget
823 566 55 30 för
900 567 101 29 nästa
1024 566 170 39 budgetår
1215 566 84 29 böra
1320 565 102 39 höjas
1444 566 79 29 med
1545 565 49 30 åt-

91 617 175 30 minstone
288 617 39 29 10
342 617 62 30 000
424 617 140 29 kronor.
584 617 76 29 Den
678 617 111 29 under
810 617 143 39 fjolåret
973 616 229 40 genomförda
1223 615 296 40 löneregleringen
1540 616 55 29 för

91 676 209 21 amanuens-
322 667 65 30 och
409 667 485 40 expeditionsvaktspersonal
916 669 91 27 samt
1028 668 68 28 den
1119 667 179 29 allmänna
1321 666 274 40 lönehöjningen

90 718 209 34 föranleder,
319 720 50 27 att
388 718 157 39 anslaget
561 718 205 39 uppräknas
784 718 78 29 med
880 717 200 40 ytterligare
1101 717 61 30 120
1177 717 63 30 800
1257 718 141 30 kronor.
1418 717 66 30 För
1502 717 93 29 löne-

90 768 382 41 klassuppflyttningar
493 768 173 30 beräknas
690 768 20 29 4
725 768 62 30 800
809 768 140 30 kronor.

134 819 79 30 Med
238 819 138 39 hänsyn
404 819 52 29 till
482 819 66 30 vad
574 819 126 30 chefen
727 819 55 29 för
808 819 360 40 civildepartementet
1192 818 57 30 vid
1278 818 166 30 anmälan
1470 828 42 20 av
1539 818 55 30 för

89 870 89 29 flera
206 870 219 29 huvudtitlar
455 877 261 32 gemensamma
744 869 117 39 frågor
891 869 118 30 anfört
1038 869 150 30 rörande
1219 868 293 40 löneställningen
1540 869 55 30 för

89 920 95 30 vissa
210 920 215 39 tjänstemän
452 920 95 29 inom
574 920 377 40 statsdepartementen
976 929 45 20 m.
1048 929 46 20 m.
1123 919 148 31 föreslås
1299 920 10 29 i
1347 920 245 39 personal-

91 971 410 37 förteckningen
541 971 55 29 för
627 971 416 40 justitiedepartementet
1073 970 155 40 uppförd
1261 979 42 20 en
1335 970 111 39 tjänst
1478 970 117 30 såsom

89 1021 110 30 förste
224 1021 333 30 kanslisekreterare
582 1021 11 30 i
618 1021 165 39 lönegrad
810 1021 43 30 Ce
879 1021 51 30 29.
959 1021 13 29 I
1000 1021 117 30 stället
1142 1029 102 21 anses
1270 1030 43 20 en
1341 1020 112 40 tjänst
1476 1020 118 30 såsom

89 1073 98 28 extra
210 1072 255 39 föredragande
487 1072 11 29 i
521 1072 46 39 Cg
590 1072 41 29 29
656 1072 85 30 böra
764 1072 174 39 indragas.
963 1072 128 29 Vidare
1116 1080 102 21 anses
1243 1071 12 30 i
1278 1070 316 42 personalförteck-

89 1122 130 40 ningen
244 1124 179 38 upptagna
448 1122 149 39 tjänster
623 1122 116 30 såsom
764 1122 108 30 andre
896 1121 336 31 kanslisekreterare
1256 1122 11 29 i
1293 1122 165 39 lönegrad
1482 1121 46 31 Ca
1552 1121 41 31 25

88 1173 85 30 böra
189 1173 141 39 utbytas
346 1174 74 28 mot
438 1173 149 39 tjänster
605 1173 116 29 såsom
739 1173 334 29 kanslisekreterare
1091 1172 11 29 i
1123 1181 135 21 samma
1277 1172 175 39 lönegrad.
1472 1172 13 29 I
1504 1181 91 20 sam-

89 1223 93 30 band
200 1224 144 29 därmed
361 1223 148 30 föreslås
526 1224 90 29 dock
635 1223 116 30 såsom
770 1232 42 21 en
830 1223 90 40 följd
939 1232 41 21 av
999 1224 41 29 de
1059 1223 39 30 år
1117 1223 84 30 1949
1219 1223 180 30 beslutade
1417 1222 178 41 personal-

88 1274 301 39 indragningarna
411 1274 12 29 i
447 1274 277 40 departementet
748 1283 43 20 en
815 1283 147 20 numera
985 1274 132 29 vakant
1142 1273 110 31 sådan
1277 1273 112 40 tjänst
1415 1274 98 30 skola
1537 1283 57 21 av-

89 1325 96 29 föras
210 1334 41 20 ur
275 1324 277 40 förteckningen,
577 1325 202 39 varigenom
804 1325 132 29 antalet
959 1325 160 29 minskas
1143 1324 81 30 från
1247 1324 20 29 4
1292 1324 53 29 till
1366 1324 30 30 3.
1419 1324 175 40 Åtgärden

89 1375 199 30 föranleder
310 1375 77 30 icke
410 1375 113 39 någon
544 1375 228 39 nedsättning
793 1385 42 21 av
858 1375 167 39 anslaget,
1049 1384 75 20 som
1147 1375 109 29 redan
1280 1376 39 28 är
1341 1374 151 30 bestämt
1514 1375 79 29 med

89 1425 138 40 hänsyn
247 1425 129 30 härtill.
399 1425 167 39 Slutligen
586 1425 148 30 föreslås
755 1425 132 30 antalet
906 1425 309 30 kontorsbiträden
1234 1424 12 30 i
1266 1425 46 30 Ca
1332 1424 20 30 8
1371 1425 83 30 ökat
1473 1424 78 32 från
1574 1424 19 30 3

89 1476 52 29 till
167 1476 30 29 6.
223 1476 76 30 Med
328 1475 224 41 tillämpning
576 1485 43 21 av
645 1476 160 39 gällande
833 1476 151 39 grunder
1013 1476 55 30 för
1095 1475 158 40 reglerad
1280 1475 314 39 befordringsgång

90 1535 103 21 anses
223 1526 176 39 nämligen
430 1528 51 27 tre
512 1526 269 30 icke-ordinarie
811 1526 160 30 biträden
1002 1526 84 30 böra
1116 1525 133 31 erhålla
1280 1526 263 29 konstitutorial
1574 1526 21 30 å

89 1576 176 30 ordinarie
289 1576 425 40 kontorsbiträdestjänst.
739 1577 53 30 Då
815 1577 58 30 två
897 1586 42 20 av
962 1576 261 30 vederbörande
1248 1576 345 39 befattningshavare

90 1627 148 30 innehar
261 1627 106 39 högre
390 1629 96 28 extra
508 1627 175 30 ordinarie
706 1627 121 39 tjänst,
852 1627 198 30 föranledes
1073 1627 110 31 härav
1205 1627 77 29 icke
1305 1636 117 20 annan
1446 1626 149 39 ändring

88 1678 223 29 beträffande
339 1678 382 39 anslagsberäkningen
751 1679 43 28 än
822 1679 51 28 att
901 1678 102 29 lönen
1031 1677 56 30 för
1115 1679 49 28 ett
1189 1677 282 30 kontorsbiträde
1498 1678 96 29 över-

89 1728 94 30 föres
204 1728 79 30 från
306 1728 394 40 icke-ordinarieposten
722 1728 52 29 till
795 1728 312 40 ordinarieposten.

139 1812 176 30 Utskottet
339 1812 63 29 har
428 1812 10 29 i
464 1811 58 30 sitt
547 1812 181 29 utlåtande
757 1821 41 22 nr
825 1811 38 30 13
888 1812 171 38 tillstyrkt
1084 1811 127 39 Kungl.
1239 1811 124 39 Maj:ts
1389 1812 131 38 förslag
1545 1812 53 29 rö-

90 1862 109 29 rande
226 1862 292 38 löneställningen
543 1862 55 29 för
624 1862 94 29 vissa
744 1862 216 39 tjänstemän
986 1862 56 29 vid
1072 1862 376 38 statsdepartementen
1474 1870 46 20 m.
1548 1870 46 20 m.

91 1912 177 29 Utskottet
290 1912 65 29 har
377 1912 77 29 icke
478 1912 108 29 heller
609 1912 11 28 i
643 1912 112 38 övrigt
779 1912 118 29 funnit
920 1911 191 39 anledning
1132 1911 52 29 till
1208 1911 142 29 erinran
1372 1913 74 27 mot
1468 1911 125 38 Kungl.

91 1962 124 39 Maj:ts
241 1962 132 39 förslag
398 1961 65 30 och
489 1961 213 35 hemställer,

447 2014 50 27 att
515 2012 187 39 riksdagen
722 2012 58 30 må

446 2063 37 34 a)
513 2062 210 40 bemyndiga
747 2063 125 39 Kungl.
898 2062 107 39 Maj:t
1029 2064 52 28 att
1105 2062 140 39 vidtaga
1270 2062 11 29 i
1307 2062 289 40 statsrådsproto-

403 2113 107 29 kollet
539 2114 80 28 över
647 2113 555 39 justitiedepartementsärenden
1231 2113 55 29 för
1313 2113 67 29 den
1408 2113 19 29 2
1453 2112 143 40 januari

404 2163 82 30 1953
515 2163 150 39 angivna
697 2163 188 39 ändringar
915 2163 10 29 i
955 2163 434 39 justitiedepartementets
1419 2163 178 39 personal-

401 2213 235 39 förteckning;

445 2263 38 33 b)
506 2263 175 29 fastställa
699 2263 156 38 följande
873 2262 255 39 avlöningsstat
1146 2263 54 29 för
1216 2262 379 39 justitiedepartemen-

406 2314 55 32 tet,
482 2314 47 27 att
549 2312 174 37 tillämpas
742 2313 70 28 tills
833 2312 117 30 vidare
970 2312 42 29 fr.
1034 2322 30 20 o.
1085 2321 45 20 m.
1152 2312 200 37 budgetåret
1378 2311 155 36 1953/54:

877 2386 247 38 Avlöningsstat.

406 2445 25 29 1.
457 2445 163 38 Avlöning
643 2444 49 30 till
716 2444 369 40 departementschefen,
1110 2444 181 38 förslagsvis
1302 2467 131 6 .......
1482 2443 112 31 31500

402 2495 29 29 2.
456 2494 201 39 Avlöningar
680 2495 48 30 till
753 2495 159 30 ordinarie
935 2495 214 38 tjänstemän,
1173 2494 260 39 förslagsvis....
1462 2493 59 31 376
1532 2494 62 31 600
