<?xml version="1.0" encoding="UTF-8"?>
<alto xmlns="http://www.loc.gov/standards/alto/ns-v3#" xmlns:xlink="http://www.w3.org/1999/xlink" xmlns:xsi="http://www.w3.org/2001/XMLSchema-instance" xsi:schemaLocation="http://www.loc.gov/standards/alto/ns-v3# http://www.loc.gov/alto/v3/alto-3-0.xsd">
	<Description>
		<MeasurementUnit>pixel</MeasurementUnit>
		<sourceImageInformation>
			<fileName>/tmp/tess_cuezyck9_input.PNG</fileName>
		</sourceImageInformation>
		<OCRProcessing ID="OCR_0">
			<ocrProcessingStep>
				<processingSoftware>
					<softwareName>tesseract 5.3.0</softwareName>
				</processingSoftware>
			</ocrProcessingStep>
		</OCRProcessing>
	</Description>
	<Layout>
		<Page WIDTH="2204" HEIGHT="2626" PHYSICAL_IMG_NR="0" ID="page_0">
			<PrintSpace HPOS="0" VPOS="0" WIDTH="2204" HEIGHT="2626">
				<ComposedBlock ID="cblock_0" HPOS="615" VPOS="173" WIDTH="1149" HEIGHT="45">
					<TextBlock ID="block_0" HPOS="615" VPOS="173" WIDTH="1149" HEIGHT="45">
						<TextLine ID="line_0" HPOS="615" VPOS="173" WIDTH="1149" HEIGHT="45">
							<String ID="string_0" HPOS="615" VPOS="177" WIDTH="363" HEIGHT="41" WC="0.91" CONTENT="Bevillningsutskottets"/><SP WIDTH="23" VPOS="177" HPOS="978"/>
							<String ID="string_1" HPOS="1001" VPOS="175" WIDTH="193" HEIGHT="32" WC="0.95" CONTENT="betänkande"/><SP WIDTH="25" VPOS="175" HPOS="1194"/>
							<String ID="string_2" HPOS="1219" VPOS="175" WIDTH="50" HEIGHT="30" WC="0.93" CONTENT="Nr"/><SP WIDTH="24" VPOS="175" HPOS="1269"/>
							<String ID="string_3" HPOS="1293" VPOS="176" WIDTH="51" HEIGHT="30" WC="0.92" CONTENT="45."/><SP WIDTH="402" VPOS="176" HPOS="1344"/>
							<String ID="string_4" HPOS="1746" VPOS="173" WIDTH="18" HEIGHT="30" WC="0.73" CONTENT="5"/>
						</TextLine>
					</TextBlock>
				</ComposedBlock>
				<ComposedBlock ID="cblock_1" HPOS="208" VPOS="253" WIDTH="1602" HEIGHT="1495">
					<TextBlock ID="block_1" HPOS="210" VPOS="253" WIDTH="1599" HEIGHT="1028">
						<TextLine ID="line_1" HPOS="343" VPOS="253" WIDTH="1465" HEIGHT="51">
							<String ID="string_5" HPOS="343" VPOS="256" WIDTH="149" HEIGHT="48" WC="0.96" CONTENT="Frågan"/><SP WIDTH="42" VPOS="256" HPOS="492"/>
							<String ID="string_6" HPOS="534" VPOS="268" WIDTH="59" HEIGHT="23" WC="0.94" CONTENT="om"/><SP WIDTH="36" VPOS="268" HPOS="593"/>
							<String ID="string_7" HPOS="629" VPOS="255" WIDTH="211" HEIGHT="36" WC="0.94" CONTENT="beredande"/><SP WIDTH="30" VPOS="255" HPOS="840"/>
							<String ID="string_8" HPOS="870" VPOS="268" WIDTH="44" HEIGHT="22" WC="0.96" CONTENT="av"/><SP WIDTH="29" VPOS="268" HPOS="914"/>
							<String ID="string_9" HPOS="943" VPOS="254" WIDTH="120" HEIGHT="36" WC="0.96" CONTENT="ökade"/><SP WIDTH="28" VPOS="254" HPOS="1063"/>
							<String ID="string_10" HPOS="1091" VPOS="253" WIDTH="208" HEIGHT="36" WC="0.96" CONTENT="inkomster"/><SP WIDTH="28" VPOS="253" HPOS="1299"/>
							<String ID="string_11" HPOS="1327" VPOS="253" WIDTH="57" HEIGHT="34" WC="0.93" CONTENT="för"/><SP WIDTH="29" VPOS="253" HPOS="1384"/>
							<String ID="string_12" HPOS="1413" VPOS="253" WIDTH="229" HEIGHT="35" WC="0.48" CONTENT="stutsverket"/><SP WIDTH="28" VPOS="253" HPOS="1642"/>
							<String ID="string_13" HPOS="1670" VPOS="265" WIDTH="138" HEIGHT="35" WC="0.96" CONTENT="genom"/>
						</TextLine>
						<TextLine ID="line_2" HPOS="213" VPOS="304" WIDTH="1595" HEIGHT="48">
							<String ID="string_14" HPOS="213" VPOS="308" WIDTH="195" HEIGHT="35" WC="0.95" CONTENT="införande"/><SP WIDTH="43" VPOS="308" HPOS="408"/>
							<String ID="string_15" HPOS="451" VPOS="321" WIDTH="45" HEIGHT="22" WC="0.96" CONTENT="av"/><SP WIDTH="41" VPOS="321" HPOS="496"/>
							<String ID="string_16" HPOS="537" VPOS="320" WIDTH="45" HEIGHT="23" WC="0.93" CONTENT="en"/><SP WIDTH="43" VPOS="320" HPOS="582"/>
							<String ID="string_17" HPOS="625" VPOS="307" WIDTH="159" HEIGHT="35" WC="0.93" CONTENT="särskild"/><SP WIDTH="44" VPOS="307" HPOS="784"/>
							<String ID="string_18" HPOS="828" VPOS="306" WIDTH="257" HEIGHT="46" WC="0.95" CONTENT="beskattning,"/><SP WIDTH="42" VPOS="306" HPOS="1085"/>
							<String ID="string_19" HPOS="1127" VPOS="318" WIDTH="79" HEIGHT="22" WC="0.95" CONTENT="som"/><SP WIDTH="43" VPOS="318" HPOS="1206"/>
							<String ID="string_20" HPOS="1249" VPOS="304" WIDTH="162" HEIGHT="36" WC="0.93" CONTENT="träffade"/><SP WIDTH="33" VPOS="304" HPOS="1411"/>
							<String ID="string_21" HPOS="1444" VPOS="304" WIDTH="289" HEIGHT="36" WC="0.96" CONTENT="konsumtionen"/><SP WIDTH="30" VPOS="304" HPOS="1733"/>
							<String ID="string_22" HPOS="1763" VPOS="319" WIDTH="45" HEIGHT="22" WC="0.96" CONTENT="av"/>
						</TextLine>
						<TextLine ID="line_3" HPOS="213" VPOS="356" WIDTH="1596" HEIGHT="53">
							<String ID="string_23" HPOS="213" VPOS="359" WIDTH="219" HEIGHT="50" WC="0.90" CONTENT="lyxartiklar"/><SP WIDTH="29" VPOS="359" HPOS="432"/>
							<String ID="string_24" HPOS="461" VPOS="359" WIDTH="70" HEIGHT="35" WC="0.95" CONTENT="och"/><SP WIDTH="42" VPOS="359" HPOS="531"/>
							<String ID="string_25" HPOS="573" VPOS="358" WIDTH="157" HEIGHT="47" WC="0.95" CONTENT="utgifter"/><SP WIDTH="41" VPOS="358" HPOS="730"/>
							<String ID="string_26" HPOS="771" VPOS="358" WIDTH="56" HEIGHT="35" WC="0.96" CONTENT="för"/><SP WIDTH="38" VPOS="358" HPOS="827"/>
							<String ID="string_27" HPOS="865" VPOS="357" WIDTH="115" HEIGHT="36" WC="0.96" CONTENT="andra"/><SP WIDTH="28" VPOS="357" HPOS="980"/>
							<String ID="string_28" HPOS="1008" VPOS="357" WIDTH="183" HEIGHT="35" WC="0.96" CONTENT="likartade"/><SP WIDTH="29" VPOS="357" HPOS="1191"/>
							<String ID="string_29" HPOS="1220" VPOS="356" WIDTH="183" HEIGHT="45" WC="0.96" CONTENT="ändamål,"/><SP WIDTH="31" VPOS="356" HPOS="1403"/>
							<String ID="string_30" HPOS="1434" VPOS="356" WIDTH="54" HEIGHT="34" WC="0.95" CONTENT="lär"/><SP WIDTH="28" VPOS="356" HPOS="1488"/>
							<String ID="string_31" HPOS="1516" VPOS="358" WIDTH="47" HEIGHT="46" WC="0.96" CONTENT="på"/><SP WIDTH="28" VPOS="358" HPOS="1563"/>
							<String ID="string_32" HPOS="1591" VPOS="357" WIDTH="58" HEIGHT="34" WC="0.95" CONTENT="sin"/><SP WIDTH="30" VPOS="357" HPOS="1649"/>
							<String ID="string_33" HPOS="1679" VPOS="356" WIDTH="51" HEIGHT="36" WC="0.92" CONTENT="tid"/><SP WIDTH="30" VPOS="356" HPOS="1730"/>
							<String ID="string_34" HPOS="1760" VPOS="378" WIDTH="49" HEIGHT="4" WC="0.90" CONTENT="—"/>
						</TextLine>
						<TextLine ID="line_4" HPOS="213" VPOS="407" WIDTH="1595" HEIGHT="49">
							<String ID="string_35" HPOS="213" VPOS="411" WIDTH="118" HEIGHT="35" WC="0.96" CONTENT="under"/><SP WIDTH="29" VPOS="411" HPOS="331"/>
							<String ID="string_36" HPOS="360" VPOS="420" WIDTH="88" HEIGHT="26" WC="0.96" CONTENT="åren"/><SP WIDTH="32" VPOS="420" HPOS="448"/>
							<String ID="string_37" HPOS="480" VPOS="412" WIDTH="95" HEIGHT="33" WC="0.95" CONTENT="1915"/><SP WIDTH="30" VPOS="412" HPOS="575"/>
							<String ID="string_38" HPOS="605" VPOS="410" WIDTH="70" HEIGHT="35" WC="0.95" CONTENT="och"/><SP WIDTH="33" VPOS="410" HPOS="675"/>
							<String ID="string_39" HPOS="708" VPOS="411" WIDTH="95" HEIGHT="33" WC="0.93" CONTENT="1916"/><SP WIDTH="30" VPOS="411" HPOS="803"/>
							<String ID="string_40" HPOS="833" VPOS="431" WIDTH="46" HEIGHT="3" WC="0.90" CONTENT="—"/><SP WIDTH="32" VPOS="431" HPOS="879"/>
							<String ID="string_41" HPOS="911" VPOS="409" WIDTH="122" HEIGHT="47" WC="0.96" CONTENT="enligt"/><SP WIDTH="31" VPOS="409" HPOS="1033"/>
							<String ID="string_42" HPOS="1064" VPOS="408" WIDTH="137" HEIGHT="46" WC="0.92" CONTENT="Kungl."/><SP WIDTH="34" VPOS="408" HPOS="1201"/>
							<String ID="string_43" HPOS="1235" VPOS="407" WIDTH="124" HEIGHT="47" WC="0.96" CONTENT="Maj:ts"/><SP WIDTH="30" VPOS="407" HPOS="1359"/>
							<String ID="string_44" HPOS="1389" VPOS="407" WIDTH="303" HEIGHT="49" WC="0.96" CONTENT="bemyndigande"/><SP WIDTH="20" VPOS="407" HPOS="1692"/>
							<String ID="string_45" HPOS="1712" VPOS="409" WIDTH="96" HEIGHT="35" WC="0.96" CONTENT="hava"/>
						</TextLine>
						<TextLine ID="line_5" HPOS="213" VPOS="459" WIDTH="1595" HEIGHT="48">
							<String ID="string_46" HPOS="213" VPOS="463" WIDTH="96" HEIGHT="34" WC="0.96" CONTENT="varit"/><SP WIDTH="20" VPOS="463" HPOS="309"/>
							<String ID="string_47" HPOS="329" VPOS="462" WIDTH="155" HEIGHT="35" WC="0.96" CONTENT="föremål"/><SP WIDTH="22" VPOS="462" HPOS="484"/>
							<String ID="string_48" HPOS="506" VPOS="461" WIDTH="56" HEIGHT="35" WC="0.96" CONTENT="för"/><SP WIDTH="20" VPOS="461" HPOS="562"/>
							<String ID="string_49" HPOS="582" VPOS="460" WIDTH="161" HEIGHT="36" WC="0.96" CONTENT="särskild"/><SP WIDTH="21" VPOS="460" HPOS="743"/>
							<String ID="string_50" HPOS="764" VPOS="460" WIDTH="207" HEIGHT="47" WC="0.96" CONTENT="utredning"/><SP WIDTH="20" VPOS="460" HPOS="971"/>
							<String ID="string_51" HPOS="991" VPOS="461" WIDTH="10" HEIGHT="34" WC="0.93" CONTENT="i"/><SP WIDTH="21" VPOS="461" HPOS="1001"/>
							<String ID="string_52" HPOS="1022" VPOS="459" WIDTH="430" HEIGHT="48" WC="0.74" CONTENT="finansdepartementet."/><SP WIDTH="45" VPOS="459" HPOS="1452"/>
							<String ID="string_53" HPOS="1497" VPOS="459" WIDTH="13" HEIGHT="34" WC="0.96" CONTENT="I"/><SP WIDTH="22" VPOS="459" HPOS="1510"/>
							<String ID="string_54" HPOS="1532" VPOS="460" WIDTH="276" HEIGHT="46" WC="0.95" CONTENT="motiveringen"/>
						</TextLine>
						<TextLine ID="line_6" HPOS="212" VPOS="509" WIDTH="1596" HEIGHT="51">
							<String ID="string_55" HPOS="212" VPOS="513" WIDTH="57" HEIGHT="35" WC="0.92" CONTENT="till"/><SP WIDTH="42" VPOS="513" HPOS="269"/>
							<String ID="string_56" HPOS="311" VPOS="526" WIDTH="97" HEIGHT="22" WC="0.92" CONTENT="ovan"/><SP WIDTH="42" VPOS="526" HPOS="408"/>
							<String ID="string_57" HPOS="450" VPOS="512" WIDTH="260" HEIGHT="40" WC="0.88" CONTENT="omförmälda,"/><SP WIDTH="32" VPOS="512" HPOS="710"/>
							<String ID="string_58" HPOS="742" VPOS="511" WIDTH="51" HEIGHT="36" WC="0.95" CONTENT="till"/><SP WIDTH="49" VPOS="511" HPOS="793"/>
							<String ID="string_59" HPOS="842" VPOS="513" WIDTH="95" HEIGHT="33" WC="0.96" CONTENT="1919"/><SP WIDTH="42" VPOS="513" HPOS="937"/>
							<String ID="string_60" HPOS="979" VPOS="513" WIDTH="59" HEIGHT="33" WC="0.94" CONTENT="års"/><SP WIDTH="42" VPOS="513" HPOS="1038"/>
							<String ID="string_61" HPOS="1080" VPOS="511" WIDTH="156" HEIGHT="47" WC="0.94" CONTENT="lagtima"/><SP WIDTH="41" VPOS="511" HPOS="1236"/>
							<String ID="string_62" HPOS="1277" VPOS="509" WIDTH="156" HEIGHT="48" WC="0.94" CONTENT="riksdag"/><SP WIDTH="33" VPOS="509" HPOS="1433"/>
							<String ID="string_63" HPOS="1466" VPOS="511" WIDTH="166" HEIGHT="45" WC="0.93" CONTENT="avgivna"/><SP WIDTH="41" VPOS="511" HPOS="1632"/>
							<String ID="string_64" HPOS="1673" VPOS="525" WIDTH="135" HEIGHT="35" WC="0.89" CONTENT="propo-"/>
						</TextLine>
						<TextLine ID="line_7" HPOS="213" VPOS="560" WIDTH="1595" HEIGHT="51">
							<String ID="string_65" HPOS="213" VPOS="565" WIDTH="123" HEIGHT="43" WC="0.91" CONTENT="gition,"/><SP WIDTH="57" VPOS="565" HPOS="336"/>
							<String ID="string_66" HPOS="393" VPOS="577" WIDTH="44" HEIGHT="21" WC="0.95" CONTENT="nr"/><SP WIDTH="43" VPOS="577" HPOS="437"/>
							<String ID="string_67" HPOS="480" VPOS="565" WIDTH="86" HEIGHT="43" WC="0.94" CONTENT="251,"/><SP WIDTH="42" VPOS="565" HPOS="566"/>
							<String ID="string_68" HPOS="608" VPOS="563" WIDTH="128" HEIGHT="35" WC="0.95" CONTENT="vilken"/><SP WIDTH="44" VPOS="563" HPOS="736"/>
							<String ID="string_69" HPOS="780" VPOS="563" WIDTH="177" HEIGHT="35" WC="0.95" CONTENT="föranlett"/><SP WIDTH="42" VPOS="563" HPOS="957"/>
							<String ID="string_70" HPOS="999" VPOS="561" WIDTH="232" HEIGHT="48" WC="0.96" CONTENT="antagandet"/><SP WIDTH="43" VPOS="561" HPOS="1231"/>
							<String ID="string_71" HPOS="1274" VPOS="574" WIDTH="44" HEIGHT="22" WC="0.96" CONTENT="av"/><SP WIDTH="42" VPOS="574" HPOS="1318"/>
							<String ID="string_72" HPOS="1360" VPOS="560" WIDTH="72" HEIGHT="36" WC="0.96" CONTENT="den"/><SP WIDTH="44" VPOS="560" HPOS="1432"/>
							<String ID="string_73" HPOS="1476" VPOS="562" WIDTH="230" HEIGHT="49" WC="0.96" CONTENT="författning"/><SP WIDTH="41" VPOS="562" HPOS="1706"/>
							<String ID="string_74" HPOS="1747" VPOS="576" WIDTH="61" HEIGHT="22" WC="0.95" CONTENT="om"/>
						</TextLine>
						<TextLine ID="line_8" HPOS="212" VPOS="612" WIDTH="1595" HEIGHT="50">
							<String ID="string_75" HPOS="212" VPOS="628" WIDTH="86" HEIGHT="22" WC="0.96" CONTENT="vars"/><SP WIDTH="29" VPOS="628" HPOS="298"/>
							<String ID="string_76" HPOS="327" VPOS="614" WIDTH="199" HEIGHT="47" WC="0.96" CONTENT="förlängda"/><SP WIDTH="28" VPOS="614" HPOS="526"/>
							<String ID="string_77" HPOS="554" VPOS="614" WIDTH="181" HEIGHT="48" WC="0.95" CONTENT="giltighet"/><SP WIDTH="35" VPOS="614" HPOS="735"/>
							<String ID="string_78" HPOS="770" VPOS="614" WIDTH="71" HEIGHT="35" WC="0.95" CONTENT="den"/><SP WIDTH="44" VPOS="614" HPOS="841"/>
							<String ID="string_79" HPOS="885" VPOS="613" WIDTH="260" HEIGHT="48" WC="0.95" CONTENT="föreliggande"/><SP WIDTH="41" VPOS="613" HPOS="1145"/>
							<String ID="string_80" HPOS="1186" VPOS="612" WIDTH="192" HEIGHT="36" WC="0.95" CONTENT="motionen"/><SP WIDTH="38" VPOS="612" HPOS="1378"/>
							<String ID="string_81" HPOS="1416" VPOS="612" WIDTH="209" HEIGHT="37" WC="0.95" CONTENT="innehåller"/><SP WIDTH="29" VPOS="612" HPOS="1625"/>
							<String ID="string_82" HPOS="1654" VPOS="615" WIDTH="153" HEIGHT="47" WC="0.96" CONTENT="förslag,"/>
						</TextLine>
						<TextLine ID="line_9" HPOS="213" VPOS="664" WIDTH="1595" HEIGHT="51">
							<String ID="string_83" HPOS="213" VPOS="665" WIDTH="230" HEIGHT="50" WC="0.91" CONTENT="åberopades"/><SP WIDTH="41" VPOS="665" HPOS="443"/>
							<String ID="string_84" HPOS="484" VPOS="666" WIDTH="82" HEIGHT="35" WC="0.96" CONTENT="icke"/><SP WIDTH="40" VPOS="666" HPOS="566"/>
							<String ID="string_85" HPOS="606" VPOS="665" WIDTH="159" HEIGHT="37" WC="0.96" CONTENT="berörda"/><SP WIDTH="28" VPOS="665" HPOS="765"/>
							<String ID="string_86" HPOS="793" VPOS="665" WIDTH="216" HEIGHT="47" WC="0.95" CONTENT="utredning,"/><SP WIDTH="43" VPOS="665" HPOS="1009"/>
							<String ID="string_87" HPOS="1052" VPOS="664" WIDTH="69" HEIGHT="36" WC="0.96" CONTENT="och"/><SP WIDTH="33" VPOS="664" HPOS="1121"/>
							<String ID="string_88" HPOS="1154" VPOS="664" WIDTH="219" HEIGHT="35" WC="0.96" CONTENT="densamma"/><SP WIDTH="28" VPOS="664" HPOS="1373"/>
							<String ID="string_89" HPOS="1401" VPOS="676" WIDTH="112" HEIGHT="37" WC="0.96" CONTENT="synes"/><SP WIDTH="29" VPOS="676" HPOS="1513"/>
							<String ID="string_90" HPOS="1542" VPOS="665" WIDTH="81" HEIGHT="36" WC="0.96" CONTENT="icke"/><SP WIDTH="29" VPOS="665" HPOS="1623"/>
							<String ID="string_91" HPOS="1652" VPOS="666" WIDTH="117" HEIGHT="35" WC="0.96" CONTENT="heller"/><SP WIDTH="28" VPOS="666" HPOS="1769"/>
							<String ID="string_92" HPOS="1797" VPOS="666" WIDTH="11" HEIGHT="35" WC="0.96" CONTENT="i"/>
						</TextLine>
						<TextLine ID="line_10" HPOS="212" VPOS="715" WIDTH="1595" HEIGHT="50">
							<String ID="string_93" HPOS="212" VPOS="719" WIDTH="125" HEIGHT="46" WC="0.96" CONTENT="övrigt"/><SP WIDTH="45" VPOS="719" HPOS="337"/>
							<String ID="string_94" HPOS="382" VPOS="718" WIDTH="97" HEIGHT="35" WC="0.94" CONTENT="hava"/><SP WIDTH="46" VPOS="718" HPOS="479"/>
							<String ID="string_95" HPOS="525" VPOS="717" WIDTH="122" HEIGHT="36" WC="0.94" CONTENT="direkt"/><SP WIDTH="41" VPOS="717" HPOS="647"/>
							<String ID="string_96" HPOS="688" VPOS="717" WIDTH="175" HEIGHT="35" WC="0.95" CONTENT="föranlett"/><SP WIDTH="43" VPOS="717" HPOS="863"/>
							<String ID="string_97" HPOS="906" VPOS="723" WIDTH="125" HEIGHT="41" WC="0.95" CONTENT="någon"/><SP WIDTH="47" VPOS="723" HPOS="1031"/>
							<String ID="string_98" HPOS="1078" VPOS="715" WIDTH="131" HEIGHT="48" WC="0.95" CONTENT="åtgärd"/><SP WIDTH="38" VPOS="715" HPOS="1209"/>
							<String ID="string_99" HPOS="1247" VPOS="715" WIDTH="82" HEIGHT="36" WC="0.95" CONTENT="från"/><SP WIDTH="42" VPOS="715" HPOS="1329"/>
							<String ID="string_100" HPOS="1371" VPOS="715" WIDTH="142" HEIGHT="48" WC="0.90" CONTENT="Kungl."/><SP WIDTH="41" VPOS="715" HPOS="1513"/>
							<String ID="string_101" HPOS="1554" VPOS="716" WIDTH="124" HEIGHT="48" WC="0.96" CONTENT="Maj:ts"/><SP WIDTH="38" VPOS="716" HPOS="1678"/>
							<String ID="string_102" HPOS="1716" VPOS="717" WIDTH="91" HEIGHT="36" WC="0.96" CONTENT="sida."/>
						</TextLine>
						<TextLine ID="line_11" HPOS="211" VPOS="767" WIDTH="1598" HEIGHT="48">
							<String ID="string_103" HPOS="211" VPOS="770" WIDTH="85" HEIGHT="35" WC="0.96" CONTENT="Men"/><SP WIDTH="41" VPOS="770" HPOS="296"/>
							<String ID="string_104" HPOS="337" VPOS="771" WIDTH="95" HEIGHT="34" WC="0.95" CONTENT="1919"/><SP WIDTH="44" VPOS="771" HPOS="432"/>
							<String ID="string_105" HPOS="476" VPOS="772" WIDTH="59" HEIGHT="33" WC="0.96" CONTENT="års"/><SP WIDTH="42" VPOS="772" HPOS="535"/>
							<String ID="string_106" HPOS="577" VPOS="768" WIDTH="159" HEIGHT="37" WC="0.93" CONTENT="berörda"/><SP WIDTH="39" VPOS="768" HPOS="736"/>
							<String ID="string_107" HPOS="775" VPOS="768" WIDTH="413" HEIGHT="47" WC="0.91" CONTENT="beskattningsförslag"/><SP WIDTH="29" VPOS="768" HPOS="1188"/>
							<String ID="string_108" HPOS="1217" VPOS="767" WIDTH="227" HEIGHT="36" WC="0.96" CONTENT="framfördes"/><SP WIDTH="29" VPOS="767" HPOS="1444"/>
							<String ID="string_109" HPOS="1473" VPOS="770" WIDTH="122" HEIGHT="34" WC="0.96" CONTENT="såsom"/><SP WIDTH="31" VPOS="770" HPOS="1595"/>
							<String ID="string_110" HPOS="1626" VPOS="769" WIDTH="183" HEIGHT="36" WC="0.95" CONTENT="avseende"/>
						</TextLine>
						<TextLine ID="line_12" HPOS="213" VPOS="818" WIDTH="1596" HEIGHT="51">
							<String ID="string_111" HPOS="213" VPOS="828" WIDTH="52" HEIGHT="29" WC="0.96" CONTENT="att"/><SP WIDTH="26" VPOS="828" HPOS="265"/>
							<String ID="string_112" HPOS="291" VPOS="821" WIDTH="110" HEIGHT="36" WC="0.96" CONTENT="träffa"/><SP WIDTH="29" VPOS="821" HPOS="401"/>
							<String ID="string_113" HPOS="430" VPOS="834" WIDTH="46" HEIGHT="23" WC="0.93" CONTENT="en"/><SP WIDTH="28" VPOS="834" HPOS="476"/>
							<String ID="string_114" HPOS="504" VPOS="820" WIDTH="326" HEIGHT="49" WC="0.89" CONTENT="lyxkonsumtion;"/><SP WIDTH="39" VPOS="820" HPOS="830"/>
							<String ID="string_115" HPOS="869" VPOS="819" WIDTH="72" HEIGHT="36" WC="0.96" CONTENT="och"/><SP WIDTH="21" VPOS="819" HPOS="941"/>
							<String ID="string_116" HPOS="962" VPOS="832" WIDTH="46" HEIGHT="23" WC="0.96" CONTENT="av"/><SP WIDTH="21" VPOS="832" HPOS="1008"/>
							<String ID="string_117" HPOS="1029" VPOS="820" WIDTH="153" HEIGHT="46" WC="0.96" CONTENT="frågans"/><SP WIDTH="28" VPOS="820" HPOS="1182"/>
							<String ID="string_118" HPOS="1210" VPOS="818" WIDTH="235" HEIGHT="48" WC="0.96" CONTENT="behandling"/><SP WIDTH="27" VPOS="818" HPOS="1445"/>
							<String ID="string_119" HPOS="1472" VPOS="819" WIDTH="101" HEIGHT="36" WC="0.95" CONTENT="inom"/><SP WIDTH="28" VPOS="819" HPOS="1573"/>
							<String ID="string_120" HPOS="1601" VPOS="821" WIDTH="208" HEIGHT="47" WC="0.96" CONTENT="riksdagen"/>
						</TextLine>
						<TextLine ID="line_13" HPOS="212" VPOS="870" WIDTH="1594" HEIGHT="50">
							<String ID="string_121" HPOS="212" VPOS="873" WIDTH="179" HEIGHT="47" WC="0.96" CONTENT="framgår,"/><SP WIDTH="45" VPOS="873" HPOS="391"/>
							<String ID="string_122" HPOS="436" VPOS="878" WIDTH="55" HEIGHT="30" WC="0.96" CONTENT="att"/><SP WIDTH="37" VPOS="878" HPOS="491"/>
							<String ID="string_123" HPOS="528" VPOS="872" WIDTH="130" HEIGHT="35" WC="0.96" CONTENT="därvid"/><SP WIDTH="42" VPOS="872" HPOS="658"/>
							<String ID="string_124" HPOS="700" VPOS="871" WIDTH="195" HEIGHT="36" WC="0.96" CONTENT="enahanda"/><SP WIDTH="41" VPOS="871" HPOS="895"/>
							<String ID="string_125" HPOS="936" VPOS="870" WIDTH="236" HEIGHT="49" WC="0.95" CONTENT="principiella"/><SP WIDTH="41" VPOS="870" HPOS="1172"/>
							<String ID="string_126" HPOS="1213" VPOS="870" WIDTH="195" HEIGHT="48" WC="0.96" CONTENT="synpunkt"/><SP WIDTH="45" VPOS="870" HPOS="1408"/>
							<String ID="string_127" HPOS="1453" VPOS="871" WIDTH="122" HEIGHT="47" WC="0.95" CONTENT="gjorts"/><SP WIDTH="46" VPOS="871" HPOS="1575"/>
							<String ID="string_128" HPOS="1621" VPOS="872" WIDTH="185" HEIGHT="48" WC="0.95" CONTENT="gällande."/>
						</TextLine>
						<TextLine ID="line_14" HPOS="212" VPOS="921" WIDTH="1595" HEIGHT="48">
							<String ID="string_129" HPOS="212" VPOS="923" WIDTH="71" HEIGHT="36" WC="0.96" CONTENT="Vid"/><SP WIDTH="31" VPOS="923" HPOS="283"/>
							<String ID="string_130" HPOS="314" VPOS="923" WIDTH="135" HEIGHT="36" WC="0.96" CONTENT="sådant"/><SP WIDTH="34" VPOS="923" HPOS="449"/>
							<String ID="string_131" HPOS="483" VPOS="923" WIDTH="232" HEIGHT="36" WC="0.96" CONTENT="förhållande"/><SP WIDTH="29" VPOS="923" HPOS="715"/>
							<String ID="string_132" HPOS="744" VPOS="922" WIDTH="67" HEIGHT="36" WC="0.96" CONTENT="har"/><SP WIDTH="25" VPOS="922" HPOS="811"/>
							<String ID="string_133" HPOS="836" VPOS="922" WIDTH="185" HEIGHT="36" WC="0.96" CONTENT="utskottet"/><SP WIDTH="27" VPOS="922" HPOS="1021"/>
							<String ID="string_134" HPOS="1048" VPOS="926" WIDTH="124" HEIGHT="31" WC="0.96" CONTENT="ansett"/><SP WIDTH="27" VPOS="926" HPOS="1172"/>
							<String ID="string_135" HPOS="1199" VPOS="921" WIDTH="177" HEIGHT="48" WC="0.96" CONTENT="lämpligt"/><SP WIDTH="29" VPOS="921" HPOS="1376"/>
							<String ID="string_136" HPOS="1405" VPOS="928" WIDTH="54" HEIGHT="29" WC="0.96" CONTENT="att"/><SP WIDTH="28" VPOS="928" HPOS="1459"/>
							<String ID="string_137" HPOS="1487" VPOS="922" WIDTH="68" HEIGHT="35" WC="0.91" CONTENT="bär"/><SP WIDTH="28" VPOS="922" HPOS="1555"/>
							<String ID="string_138" HPOS="1583" VPOS="923" WIDTH="123" HEIGHT="36" WC="0.96" CONTENT="erinra"/><SP WIDTH="28" VPOS="923" HPOS="1706"/>
							<String ID="string_139" HPOS="1734" VPOS="936" WIDTH="73" HEIGHT="33" WC="0.96" CONTENT="om,"/>
						</TextLine>
						<TextLine ID="line_15" HPOS="213" VPOS="972" WIDTH="1594" HEIGHT="52">
							<String ID="string_140" HPOS="213" VPOS="980" WIDTH="52" HEIGHT="31" WC="0.96" CONTENT="att"/><SP WIDTH="29" VPOS="980" HPOS="265"/>
							<String ID="string_141" HPOS="294" VPOS="975" WIDTH="131" HEIGHT="48" WC="0.96" CONTENT="frågan"/><SP WIDTH="30" VPOS="975" HPOS="425"/>
							<String ID="string_142" HPOS="455" VPOS="988" WIDTH="61" HEIGHT="22" WC="0.96" CONTENT="om"/><SP WIDTH="29" VPOS="988" HPOS="516"/>
							<String ID="string_143" HPOS="545" VPOS="987" WIDTH="46" HEIGHT="23" WC="0.93" CONTENT="en"/><SP WIDTH="28" VPOS="987" HPOS="591"/>
							<String ID="string_144" HPOS="619" VPOS="974" WIDTH="317" HEIGHT="48" WC="0.92" CONTENT="lyxbeskattning"/><SP WIDTH="33" VPOS="974" HPOS="936"/>
							<String ID="string_145" HPOS="969" VPOS="973" WIDTH="11" HEIGHT="35" WC="0.96" CONTENT="i"/><SP WIDTH="28" VPOS="973" HPOS="980"/>
							<String ID="string_146" HPOS="1008" VPOS="973" WIDTH="184" HEIGHT="36" WC="0.96" CONTENT="utsträckt"/><SP WIDTH="27" VPOS="973" HPOS="1192"/>
							<String ID="string_147" HPOS="1219" VPOS="972" WIDTH="234" HEIGHT="49" WC="0.96" CONTENT="omfattning"/><SP WIDTH="26" VPOS="972" HPOS="1453"/>
							<String ID="string_148" HPOS="1479" VPOS="974" WIDTH="97" HEIGHT="35" WC="0.91" CONTENT="varit"/><SP WIDTH="26" VPOS="974" HPOS="1576"/>
							<String ID="string_149" HPOS="1602" VPOS="975" WIDTH="205" HEIGHT="49" WC="0.91" CONTENT="uppmärk-"/>
						</TextLine>
						<TextLine ID="line_16" HPOS="211" VPOS="1024" WIDTH="1597" HEIGHT="49">
							<String ID="string_150" HPOS="211" VPOS="1026" WIDTH="168" HEIGHT="36" WC="0.90" CONTENT="sammad"/><SP WIDTH="29" VPOS="1026" HPOS="379"/>
							<String ID="string_151" HPOS="408" VPOS="1040" WIDTH="47" HEIGHT="22" WC="0.96" CONTENT="av"/><SP WIDTH="28" VPOS="1040" HPOS="455"/>
							<String ID="string_152" HPOS="483" VPOS="1026" WIDTH="142" HEIGHT="47" WC="0.94" CONTENT="Kungl."/><SP WIDTH="28" VPOS="1026" HPOS="625"/>
							<String ID="string_153" HPOS="653" VPOS="1025" WIDTH="117" HEIGHT="48" WC="0.96" CONTENT="Maj:t."/><SP WIDTH="57" VPOS="1025" HPOS="770"/>
							<String ID="string_154" HPOS="827" VPOS="1025" WIDTH="205" HEIGHT="46" WC="0.95" CONTENT="Utskottet,"/><SP WIDTH="21" VPOS="1025" HPOS="1032"/>
							<String ID="string_155" HPOS="1053" VPOS="1037" WIDTH="80" HEIGHT="23" WC="0.96" CONTENT="som"/><SP WIDTH="20" VPOS="1037" HPOS="1133"/>
							<String ID="string_156" HPOS="1153" VPOS="1024" WIDTH="82" HEIGHT="36" WC="0.96" CONTENT="icke"/><SP WIDTH="29" VPOS="1024" HPOS="1235"/>
							<String ID="string_157" HPOS="1264" VPOS="1024" WIDTH="144" HEIGHT="36" WC="0.96" CONTENT="känner"/><SP WIDTH="40" VPOS="1024" HPOS="1408"/>
							<String ID="string_158" HPOS="1448" VPOS="1027" WIDTH="196" HEIGHT="35" WC="0.94" CONTENT="resultatet"/><SP WIDTH="27" VPOS="1027" HPOS="1644"/>
							<String ID="string_159" HPOS="1671" VPOS="1040" WIDTH="47" HEIGHT="22" WC="0.93" CONTENT="av"/><SP WIDTH="28" VPOS="1040" HPOS="1718"/>
							<String ID="string_160" HPOS="1746" VPOS="1026" WIDTH="62" HEIGHT="36" WC="0.89" CONTENT="be-"/>
						</TextLine>
						<TextLine ID="line_17" HPOS="210" VPOS="1076" WIDTH="1598" HEIGHT="49">
							<String ID="string_161" HPOS="210" VPOS="1078" WIDTH="110" HEIGHT="36" WC="0.91" CONTENT="rörda"/><SP WIDTH="47" VPOS="1078" HPOS="320"/>
							<String ID="string_162" HPOS="367" VPOS="1078" WIDTH="216" HEIGHT="47" WC="0.88" CONTENT="utredning,"/><SP WIDTH="47" VPOS="1078" HPOS="583"/>
							<String ID="string_163" HPOS="630" VPOS="1077" WIDTH="69" HEIGHT="36" WC="0.94" CONTENT="har"/><SP WIDTH="46" VPOS="1077" HPOS="699"/>
							<String ID="string_164" HPOS="745" VPOS="1077" WIDTH="207" HEIGHT="36" WC="0.94" CONTENT="emellertid"/><SP WIDTH="46" VPOS="1077" HPOS="952"/>
							<String ID="string_165" HPOS="998" VPOS="1076" WIDTH="11" HEIGHT="35" WC="0.96" CONTENT="i"/><SP WIDTH="47" VPOS="1076" HPOS="1009"/>
							<String ID="string_166" HPOS="1056" VPOS="1076" WIDTH="146" HEIGHT="49" WC="0.94" CONTENT="princip"/><SP WIDTH="49" VPOS="1076" HPOS="1202"/>
							<String ID="string_167" HPOS="1251" VPOS="1076" WIDTH="102" HEIGHT="36" WC="0.96" CONTENT="velat"/><SP WIDTH="44" VPOS="1076" HPOS="1353"/>
							<String ID="string_168" HPOS="1397" VPOS="1077" WIDTH="119" HEIGHT="36" WC="0.95" CONTENT="uttala"/><SP WIDTH="43" VPOS="1077" HPOS="1516"/>
							<String ID="string_169" HPOS="1559" VPOS="1078" WIDTH="61" HEIGHT="47" WC="0.96" CONTENT="sig"/><SP WIDTH="41" VPOS="1078" HPOS="1620"/>
							<String ID="string_170" HPOS="1661" VPOS="1079" WIDTH="59" HEIGHT="35" WC="0.95" CONTENT="för"/><SP WIDTH="33" VPOS="1079" HPOS="1720"/>
							<String ID="string_171" HPOS="1753" VPOS="1084" WIDTH="55" HEIGHT="30" WC="0.95" CONTENT="att"/>
						</TextLine>
						<TextLine ID="line_18" HPOS="210" VPOS="1128" WIDTH="1597" HEIGHT="50">
							<String ID="string_172" HPOS="210" VPOS="1130" WIDTH="362" HEIGHT="48" WC="0.91" CONTENT="lyxkonsumtionen"/><SP WIDTH="41" VPOS="1130" HPOS="572"/>
							<String ID="string_173" HPOS="613" VPOS="1134" WIDTH="112" HEIGHT="43" WC="0.95" CONTENT="göres"/><SP WIDTH="41" VPOS="1134" HPOS="725"/>
							<String ID="string_174" HPOS="766" VPOS="1129" WIDTH="56" HEIGHT="35" WC="0.96" CONTENT="till"/><SP WIDTH="41" VPOS="1129" HPOS="822"/>
							<String ID="string_175" HPOS="863" VPOS="1129" WIDTH="156" HEIGHT="36" WC="0.96" CONTENT="föremål"/><SP WIDTH="43" VPOS="1129" HPOS="1019"/>
							<String ID="string_176" HPOS="1062" VPOS="1128" WIDTH="57" HEIGHT="36" WC="0.96" CONTENT="för"/><SP WIDTH="28" VPOS="1128" HPOS="1119"/>
							<String ID="string_177" HPOS="1147" VPOS="1141" WIDTH="45" HEIGHT="23" WC="0.96" CONTENT="en"/><SP WIDTH="28" VPOS="1141" HPOS="1192"/>
							<String ID="string_178" HPOS="1220" VPOS="1128" WIDTH="176" HEIGHT="48" WC="0.96" CONTENT="lämpligt"/><SP WIDTH="28" VPOS="1128" HPOS="1396"/>
							<String ID="string_179" HPOS="1424" VPOS="1129" WIDTH="193" HEIGHT="37" WC="0.96" CONTENT="anordnad"/><SP WIDTH="29" VPOS="1129" HPOS="1617"/>
							<String ID="string_180" HPOS="1646" VPOS="1130" WIDTH="161" HEIGHT="36" WC="0.96" CONTENT="särskild"/>
						</TextLine>
						<TextLine ID="line_19" HPOS="211" VPOS="1180" WIDTH="1598" HEIGHT="50">
							<String ID="string_181" HPOS="211" VPOS="1181" WIDTH="246" HEIGHT="49" WC="0.96" CONTENT="beskattning"/><SP WIDTH="26" VPOS="1181" HPOS="457"/>
							<String ID="string_182" HPOS="483" VPOS="1182" WIDTH="12" HEIGHT="35" WC="0.96" CONTENT="i"/><SP WIDTH="28" VPOS="1182" HPOS="495"/>
							<String ID="string_183" HPOS="523" VPOS="1182" WIDTH="98" HEIGHT="46" WC="0.96" CONTENT="syfte"/><SP WIDTH="41" VPOS="1182" HPOS="621"/>
							<String ID="string_184" HPOS="662" VPOS="1181" WIDTH="32" HEIGHT="47" WC="0.96" CONTENT="ej"/><SP WIDTH="37" VPOS="1181" HPOS="694"/>
							<String ID="string_185" HPOS="731" VPOS="1180" WIDTH="143" HEIGHT="37" WC="0.96" CONTENT="mindre"/><SP WIDTH="29" VPOS="1180" HPOS="874"/>
							<String ID="string_186" HPOS="903" VPOS="1185" WIDTH="55" HEIGHT="31" WC="0.93" CONTENT="att"/><SP WIDTH="28" VPOS="1185" HPOS="958"/>
							<String ID="string_187" HPOS="986" VPOS="1180" WIDTH="183" HEIGHT="36" WC="0.92" CONTENT="förskaffa"/><SP WIDTH="28" VPOS="1180" HPOS="1169"/>
							<String ID="string_188" HPOS="1197" VPOS="1180" WIDTH="227" HEIGHT="36" WC="0.92" CONTENT="statsverket"/><SP WIDTH="29" VPOS="1180" HPOS="1424"/>
							<String ID="string_189" HPOS="1453" VPOS="1180" WIDTH="118" HEIGHT="38" WC="0.96" CONTENT="ökade"/><SP WIDTH="28" VPOS="1180" HPOS="1571"/>
							<String ID="string_190" HPOS="1599" VPOS="1182" WIDTH="210" HEIGHT="36" WC="0.96" CONTENT="inkomster"/>
						</TextLine>
						<TextLine ID="line_20" HPOS="210" VPOS="1231" WIDTH="1378" HEIGHT="50">
							<String ID="string_191" HPOS="210" VPOS="1238" WIDTH="48" HEIGHT="31" WC="0.96" CONTENT="än"/><SP WIDTH="28" VPOS="1238" HPOS="258"/>
							<String ID="string_192" HPOS="286" VPOS="1239" WIDTH="96" HEIGHT="30" WC="0.96" CONTENT="även"/><SP WIDTH="30" VPOS="1239" HPOS="382"/>
							<String ID="string_193" HPOS="412" VPOS="1238" WIDTH="55" HEIGHT="31" WC="0.96" CONTENT="att"/><SP WIDTH="28" VPOS="1238" HPOS="467"/>
							<String ID="string_194" HPOS="495" VPOS="1246" WIDTH="60" HEIGHT="22" WC="0.96" CONTENT="om"/><SP WIDTH="30" VPOS="1246" HPOS="555"/>
							<String ID="string_195" HPOS="585" VPOS="1233" WIDTH="152" HEIGHT="48" WC="0.91" CONTENT="möjligt"/><SP WIDTH="28" VPOS="1233" HPOS="737"/>
							<String ID="string_196" HPOS="765" VPOS="1231" WIDTH="213" HEIGHT="49" WC="0.91" CONTENT="nedbringa"/><SP WIDTH="28" VPOS="1231" HPOS="978"/>
							<String ID="string_197" HPOS="1006" VPOS="1232" WIDTH="291" HEIGHT="35" WC="0.96" CONTENT="konsumtionen"/><SP WIDTH="29" VPOS="1232" HPOS="1297"/>
							<String ID="string_198" HPOS="1326" VPOS="1244" WIDTH="46" HEIGHT="22" WC="0.93" CONTENT="av"/><SP WIDTH="28" VPOS="1244" HPOS="1372"/>
							<String ID="string_199" HPOS="1400" VPOS="1232" WIDTH="188" HEIGHT="49" WC="0.93" CONTENT="lyxvaror."/>
						</TextLine>
					</TextBlock>
					<TextBlock ID="block_2" HPOS="208" VPOS="1282" WIDTH="1602" HEIGHT="466">
						<TextLine ID="line_21" HPOS="338" VPOS="1282" WIDTH="1469" HEIGHT="51">
							<String ID="string_200" HPOS="338" VPOS="1284" WIDTH="82" HEIGHT="36" WC="0.96" CONTENT="Den"/><SP WIDTH="29" VPOS="1284" HPOS="420"/>
							<String ID="string_201" HPOS="449" VPOS="1284" WIDTH="259" HEIGHT="48" WC="0.96" CONTENT="beskattning,"/><SP WIDTH="31" VPOS="1284" HPOS="708"/>
							<String ID="string_202" HPOS="739" VPOS="1297" WIDTH="57" HEIGHT="23" WC="0.96" CONTENT="om"/><SP WIDTH="30" VPOS="1297" HPOS="796"/>
							<String ID="string_203" HPOS="826" VPOS="1284" WIDTH="126" HEIGHT="36" WC="0.96" CONTENT="vilken"/><SP WIDTH="29" VPOS="1284" HPOS="952"/>
							<String ID="string_204" HPOS="981" VPOS="1284" WIDTH="12" HEIGHT="35" WC="0.96" CONTENT="i"/><SP WIDTH="29" VPOS="1284" HPOS="993"/>
							<String ID="string_205" HPOS="1022" VPOS="1283" WIDTH="71" HEIGHT="36" WC="0.96" CONTENT="den"/><SP WIDTH="29" VPOS="1283" HPOS="1093"/>
							<String ID="string_206" HPOS="1122" VPOS="1282" WIDTH="264" HEIGHT="49" WC="0.96" CONTENT="föreliggande"/><SP WIDTH="28" VPOS="1282" HPOS="1386"/>
							<String ID="string_207" HPOS="1414" VPOS="1284" WIDTH="194" HEIGHT="37" WC="0.96" CONTENT="motionen"/><SP WIDTH="19" VPOS="1284" HPOS="1608"/>
							<String ID="string_208" HPOS="1627" VPOS="1291" WIDTH="41" HEIGHT="30" WC="0.96" CONTENT="är"/><SP WIDTH="19" VPOS="1291" HPOS="1668"/>
							<String ID="string_209" HPOS="1687" VPOS="1286" WIDTH="120" HEIGHT="47" WC="0.96" CONTENT="fråga,"/>
						</TextLine>
						<TextLine ID="line_22" HPOS="210" VPOS="1334" WIDTH="1599" HEIGHT="51">
							<String ID="string_210" HPOS="210" VPOS="1336" WIDTH="106" HEIGHT="36" WC="0.96" CONTENT="torde"/><SP WIDTH="43" VPOS="1336" HPOS="316"/>
							<String ID="string_211" HPOS="359" VPOS="1336" WIDTH="36" HEIGHT="35" WC="0.96" CONTENT="få"/><SP WIDTH="32" VPOS="1336" HPOS="395"/>
							<String ID="string_212" HPOS="427" VPOS="1349" WIDTH="111" HEIGHT="23" WC="0.96" CONTENT="anses"/><SP WIDTH="29" VPOS="1349" HPOS="538"/>
							<String ID="string_213" HPOS="567" VPOS="1349" WIDTH="91" HEIGHT="22" WC="0.96" CONTENT="vara"/><SP WIDTH="28" VPOS="1349" HPOS="658"/>
							<String ID="string_214" HPOS="686" VPOS="1349" WIDTH="46" HEIGHT="22" WC="0.96" CONTENT="en"/><SP WIDTH="29" VPOS="1349" HPOS="732"/>
							<String ID="string_215" HPOS="761" VPOS="1336" WIDTH="128" HEIGHT="49" WC="0.93" CONTENT="typisk"/><SP WIDTH="28" VPOS="1336" HPOS="889"/>
							<String ID="string_216" HPOS="917" VPOS="1335" WIDTH="323" HEIGHT="48" WC="0.92" CONTENT="lyxbeskattning."/><SP WIDTH="56" VPOS="1335" HPOS="1240"/>
							<String ID="string_217" HPOS="1296" VPOS="1334" WIDTH="137" HEIGHT="48" WC="0.95" CONTENT="Någon"/><SP WIDTH="30" VPOS="1334" HPOS="1433"/>
							<String ID="string_218" HPOS="1463" VPOS="1336" WIDTH="240" HEIGHT="49" WC="0.96" CONTENT="invändning"/><SP WIDTH="26" VPOS="1336" HPOS="1703"/>
							<String ID="string_219" HPOS="1729" VPOS="1342" WIDTH="80" HEIGHT="31" WC="0.96" CONTENT="mot"/>
						</TextLine>
						<TextLine ID="line_23" HPOS="210" VPOS="1386" WIDTH="1598" HEIGHT="50">
							<String ID="string_220" HPOS="210" VPOS="1387" WIDTH="219" HEIGHT="37" WC="0.95" CONTENT="densamma"/><SP WIDTH="29" VPOS="1387" HPOS="429"/>
							<String ID="string_221" HPOS="458" VPOS="1401" WIDTH="43" HEIGHT="22" WC="0.96" CONTENT="ur"/><SP WIDTH="28" VPOS="1401" HPOS="501"/>
							<String ID="string_222" HPOS="529" VPOS="1387" WIDTH="124" HEIGHT="36" WC="0.96" CONTENT="denna"/><SP WIDTH="27" VPOS="1387" HPOS="653"/>
							<String ID="string_223" HPOS="680" VPOS="1386" WIDTH="235" HEIGHT="50" WC="0.96" CONTENT="principiella"/><SP WIDTH="30" VPOS="1386" HPOS="915"/>
							<String ID="string_224" HPOS="945" VPOS="1386" WIDTH="196" HEIGHT="49" WC="0.96" CONTENT="synpunkt"/><SP WIDTH="28" VPOS="1386" HPOS="1141"/>
							<String ID="string_225" HPOS="1169" VPOS="1398" WIDTH="113" HEIGHT="37" WC="0.96" CONTENT="synes"/><SP WIDTH="29" VPOS="1398" HPOS="1282"/>
							<String ID="string_226" HPOS="1311" VPOS="1386" WIDTH="84" HEIGHT="36" WC="0.96" CONTENT="icke"/><SP WIDTH="32" VPOS="1386" HPOS="1395"/>
							<String ID="string_227" HPOS="1427" VPOS="1387" WIDTH="115" HEIGHT="36" WC="0.94" CONTENT="heller"/><SP WIDTH="32" VPOS="1387" HPOS="1542"/>
							<String ID="string_228" HPOS="1574" VPOS="1389" WIDTH="100" HEIGHT="35" WC="0.93" CONTENT="hava"/><SP WIDTH="24" VPOS="1389" HPOS="1674"/>
							<String ID="string_229" HPOS="1698" VPOS="1389" WIDTH="110" HEIGHT="36" WC="0.91" CONTENT="fram-"/>
						</TextLine>
						<TextLine ID="line_24" HPOS="209" VPOS="1437" WIDTH="1601" HEIGHT="49">
							<String ID="string_230" HPOS="209" VPOS="1439" WIDTH="170" HEIGHT="36" WC="0.93" CONTENT="kommit."/><SP WIDTH="70" VPOS="1439" HPOS="379"/>
							<String ID="string_231" HPOS="449" VPOS="1439" WIDTH="361" HEIGHT="47" WC="0.63" CONTENT="Betänkligheterna"/><SP WIDTH="47" VPOS="1439" HPOS="810"/>
							<String ID="string_232" HPOS="857" VPOS="1444" WIDTH="80" HEIGHT="30" WC="0.96" CONTENT="mot"/><SP WIDTH="44" VPOS="1444" HPOS="937"/>
							<String ID="string_233" HPOS="981" VPOS="1438" WIDTH="123" HEIGHT="36" WC="0.95" CONTENT="denna"/><SP WIDTH="41" VPOS="1438" HPOS="1104"/>
							<String ID="string_234" HPOS="1145" VPOS="1437" WIDTH="246" HEIGHT="49" WC="0.95" CONTENT="lagstiftning"/><SP WIDTH="41" VPOS="1437" HPOS="1391"/>
							<String ID="string_235" HPOS="1432" VPOS="1439" WIDTH="97" HEIGHT="36" WC="0.91" CONTENT="hava"/><SP WIDTH="41" VPOS="1439" HPOS="1529"/>
							<String ID="string_236" HPOS="1570" VPOS="1441" WIDTH="240" HEIGHT="36" WC="0.90" CONTENT="uteslutande"/>
						</TextLine>
						<TextLine ID="line_25" HPOS="210" VPOS="1489" WIDTH="1598" HEIGHT="50">
							<String ID="string_237" HPOS="210" VPOS="1491" WIDTH="95" HEIGHT="48" WC="0.95" CONTENT="gällt"/><SP WIDTH="42" VPOS="1491" HPOS="305"/>
							<String ID="string_238" HPOS="347" VPOS="1491" WIDTH="103" HEIGHT="36" WC="0.96" CONTENT="vissa"/><SP WIDTH="29" VPOS="1491" HPOS="450"/>
							<String ID="string_239" HPOS="479" VPOS="1491" WIDTH="86" HEIGHT="36" WC="0.96" CONTENT="dess"/><SP WIDTH="33" VPOS="1491" HPOS="565"/>
							<String ID="string_240" HPOS="598" VPOS="1490" WIDTH="158" HEIGHT="48" WC="0.96" CONTENT="detaljer"/><SP WIDTH="29" VPOS="1490" HPOS="756"/>
							<String ID="string_241" HPOS="785" VPOS="1496" WIDTH="97" HEIGHT="31" WC="0.95" CONTENT="samt"/><SP WIDTH="28" VPOS="1496" HPOS="882"/>
							<String ID="string_242" HPOS="910" VPOS="1489" WIDTH="86" HEIGHT="37" WC="0.96" CONTENT="dess"/><SP WIDTH="29" VPOS="1489" HPOS="996"/>
							<String ID="string_243" HPOS="1025" VPOS="1489" WIDTH="192" HEIGHT="50" WC="0.96" CONTENT="praktiska"/><SP WIDTH="27" VPOS="1489" HPOS="1217"/>
							<String ID="string_244" HPOS="1244" VPOS="1489" WIDTH="169" HEIGHT="37" WC="0.93" CONTENT="resultat."/><SP WIDTH="56" VPOS="1489" HPOS="1413"/>
							<String ID="string_245" HPOS="1469" VPOS="1491" WIDTH="85" HEIGHT="37" WC="0.96" CONTENT="Med"/><SP WIDTH="30" VPOS="1491" HPOS="1554"/>
							<String ID="string_246" HPOS="1584" VPOS="1492" WIDTH="73" HEIGHT="36" WC="0.93" CONTENT="den"/><SP WIDTH="28" VPOS="1492" HPOS="1657"/>
							<String ID="string_247" HPOS="1685" VPOS="1493" WIDTH="123" HEIGHT="36" WC="0.91" CONTENT="stånd-"/>
						</TextLine>
						<TextLine ID="line_26" HPOS="210" VPOS="1541" WIDTH="1598" HEIGHT="50">
							<String ID="string_248" HPOS="210" VPOS="1543" WIDTH="120" HEIGHT="48" WC="0.96" CONTENT="punkt"/><SP WIDTH="29" VPOS="1543" HPOS="330"/>
							<String ID="string_249" HPOS="359" VPOS="1543" WIDTH="11" HEIGHT="35" WC="0.96" CONTENT="i"/><SP WIDTH="29" VPOS="1543" HPOS="370"/>
							<String ID="string_250" HPOS="399" VPOS="1543" WIDTH="146" HEIGHT="48" WC="0.96" CONTENT="princip"/><SP WIDTH="42" VPOS="1543" HPOS="545"/>
							<String ID="string_251" HPOS="587" VPOS="1542" WIDTH="57" HEIGHT="36" WC="0.95" CONTENT="till"/><SP WIDTH="44" VPOS="1542" HPOS="644"/>
							<String ID="string_252" HPOS="688" VPOS="1542" WIDTH="134" HEIGHT="48" WC="0.96" CONTENT="frågan"/><SP WIDTH="29" VPOS="1542" HPOS="822"/>
							<String ID="string_253" HPOS="851" VPOS="1555" WIDTH="61" HEIGHT="23" WC="0.92" CONTENT="om"/><SP WIDTH="29" VPOS="1555" HPOS="912"/>
							<String ID="string_254" HPOS="941" VPOS="1541" WIDTH="325" HEIGHT="48" WC="0.91" CONTENT="lyxbeskattning,"/><SP WIDTH="30" VPOS="1541" HPOS="1266"/>
							<String ID="string_255" HPOS="1296" VPOS="1554" WIDTH="80" HEIGHT="23" WC="0.96" CONTENT="som"/><SP WIDTH="31" VPOS="1554" HPOS="1376"/>
							<String ID="string_256" HPOS="1407" VPOS="1543" WIDTH="182" HEIGHT="37" WC="0.96" CONTENT="utskottet"/><SP WIDTH="29" VPOS="1543" HPOS="1589"/>
							<String ID="string_257" HPOS="1618" VPOS="1557" WIDTH="97" HEIGHT="23" WC="0.93" CONTENT="ovan"/><SP WIDTH="30" VPOS="1557" HPOS="1715"/>
							<String ID="string_258" HPOS="1745" VPOS="1558" WIDTH="63" HEIGHT="22" WC="0.91" CONTENT="an-"/>
						</TextLine>
						<TextLine ID="line_27" HPOS="209" VPOS="1592" WIDTH="1599" HEIGHT="52">
							<String ID="string_259" HPOS="209" VPOS="1595" WIDTH="109" HEIGHT="48" WC="0.96" CONTENT="givit,"/><SP WIDTH="29" VPOS="1595" HPOS="318"/>
							<String ID="string_260" HPOS="347" VPOS="1595" WIDTH="67" HEIGHT="35" WC="0.96" CONTENT="har"/><SP WIDTH="28" VPOS="1595" HPOS="414"/>
							<String ID="string_261" HPOS="442" VPOS="1595" WIDTH="185" HEIGHT="35" WC="0.96" CONTENT="utskottet"/><SP WIDTH="27" VPOS="1595" HPOS="627"/>
							<String ID="string_262" HPOS="654" VPOS="1594" WIDTH="83" HEIGHT="36" WC="0.96" CONTENT="icke"/><SP WIDTH="29" VPOS="1594" HPOS="737"/>
							<String ID="string_263" HPOS="766" VPOS="1594" WIDTH="145" HEIGHT="35" WC="0.93" CONTENT="kunnat"/><SP WIDTH="27" VPOS="1594" HPOS="911"/>
							<String ID="string_264" HPOS="938" VPOS="1594" WIDTH="160" HEIGHT="35" WC="0.92" CONTENT="tillmäta"/><SP WIDTH="28" VPOS="1594" HPOS="1098"/>
							<String ID="string_265" HPOS="1126" VPOS="1593" WIDTH="110" HEIGHT="36" WC="0.96" CONTENT="dessa"/><SP WIDTH="29" VPOS="1593" HPOS="1236"/>
							<String ID="string_266" HPOS="1265" VPOS="1592" WIDTH="301" HEIGHT="51" WC="0.96" CONTENT="betänkligheter"/><SP WIDTH="23" VPOS="1592" HPOS="1566"/>
							<String ID="string_267" HPOS="1589" VPOS="1596" WIDTH="219" HEIGHT="48" WC="0.96" CONTENT="avgörande"/>
						</TextLine>
						<TextLine ID="line_28" HPOS="208" VPOS="1644" WIDTH="1601" HEIGHT="51">
							<String ID="string_268" HPOS="208" VPOS="1645" WIDTH="203" HEIGHT="50" WC="0.95" CONTENT="betydelse."/><SP WIDTH="57" VPOS="1645" HPOS="411"/>
							<String ID="string_269" HPOS="468" VPOS="1646" WIDTH="81" HEIGHT="36" WC="0.93" CONTENT="Den"/><SP WIDTH="41" VPOS="1646" HPOS="549"/>
							<String ID="string_270" HPOS="590" VPOS="1645" WIDTH="345" HEIGHT="49" WC="0.95" CONTENT="omständigheten,"/><SP WIDTH="35" VPOS="1645" HPOS="935"/>
							<String ID="string_271" HPOS="970" VPOS="1650" WIDTH="56" HEIGHT="30" WC="0.96" CONTENT="att"/><SP WIDTH="39" VPOS="1650" HPOS="1026"/>
							<String ID="string_272" HPOS="1065" VPOS="1644" WIDTH="215" HEIGHT="37" WC="0.96" CONTENT="inkomsten"/><SP WIDTH="43" VPOS="1644" HPOS="1280"/>
							<String ID="string_273" HPOS="1323" VPOS="1658" WIDTH="46" HEIGHT="23" WC="0.96" CONTENT="av"/><SP WIDTH="43" VPOS="1658" HPOS="1369"/>
							<String ID="string_274" HPOS="1412" VPOS="1646" WIDTH="123" HEIGHT="37" WC="0.96" CONTENT="denna"/><SP WIDTH="36" VPOS="1646" HPOS="1535"/>
							<String ID="string_275" HPOS="1571" VPOS="1648" WIDTH="113" HEIGHT="46" WC="0.96" CONTENT="skatt,"/><SP WIDTH="30" VPOS="1648" HPOS="1684"/>
							<String ID="string_276" HPOS="1714" VPOS="1648" WIDTH="95" HEIGHT="36" WC="0.96" CONTENT="efter"/>
						</TextLine>
						<TextLine ID="line_29" HPOS="209" VPOS="1697" WIDTH="1599" HEIGHT="51">
							<String ID="string_277" HPOS="209" VPOS="1698" WIDTH="134" HEIGHT="36" WC="0.96" CONTENT="hittills"/><SP WIDTH="50" VPOS="1698" HPOS="343"/>
							<String ID="string_278" HPOS="393" VPOS="1711" WIDTH="151" HEIGHT="23" WC="0.95" CONTENT="vunnen"/><SP WIDTH="53" VPOS="1711" HPOS="544"/>
							<String ID="string_279" HPOS="597" VPOS="1698" WIDTH="215" HEIGHT="35" WC="0.95" CONTENT="erfarenhet"/><SP WIDTH="45" VPOS="1698" HPOS="812"/>
							<String ID="string_280" HPOS="857" VPOS="1703" WIDTH="54" HEIGHT="30" WC="0.96" CONTENT="att"/><SP WIDTH="42" VPOS="1703" HPOS="911"/>
							<String ID="string_281" HPOS="953" VPOS="1697" WIDTH="121" HEIGHT="46" WC="0.95" CONTENT="döma,"/><SP WIDTH="46" VPOS="1697" HPOS="1074"/>
							<String ID="string_282" HPOS="1120" VPOS="1697" WIDTH="83" HEIGHT="36" WC="0.96" CONTENT="icke"/><SP WIDTH="45" VPOS="1697" HPOS="1203"/>
							<String ID="string_283" HPOS="1248" VPOS="1697" WIDTH="74" HEIGHT="35" WC="0.96" CONTENT="kan"/><SP WIDTH="47" VPOS="1697" HPOS="1322"/>
							<String ID="string_284" HPOS="1369" VPOS="1697" WIDTH="184" HEIGHT="38" WC="0.96" CONTENT="beräknas"/><SP WIDTH="46" VPOS="1697" HPOS="1553"/>
							<String ID="string_285" HPOS="1599" VPOS="1700" WIDTH="37" HEIGHT="35" WC="0.96" CONTENT="få"/><SP WIDTH="45" VPOS="1700" HPOS="1636"/>
							<String ID="string_286" HPOS="1681" VPOS="1703" WIDTH="127" HEIGHT="45" WC="0.90" CONTENT="någon"/>
						</TextLine>
					</TextBlock>
				</ComposedBlock>
				<ComposedBlock ID="cblock_2" HPOS="209" VPOS="1748" WIDTH="1607" HEIGHT="52">
					<TextBlock ID="block_3" HPOS="209" VPOS="1748" WIDTH="1607" HEIGHT="52">
						<TextLine ID="line_30" HPOS="209" VPOS="1748" WIDTH="1607" HEIGHT="52">
							<String ID="string_287" HPOS="209" VPOS="1755" WIDTH="120" HEIGHT="30" WC="0.96" CONTENT="större"/><SP WIDTH="43" VPOS="1755" HPOS="329"/>
							<String ID="string_288" HPOS="372" VPOS="1749" WIDTH="193" HEIGHT="49" WC="0.96" CONTENT="betydelse"/><SP WIDTH="41" VPOS="1749" HPOS="565"/>
							<String ID="string_289" HPOS="606" VPOS="1749" WIDTH="59" HEIGHT="36" WC="0.96" CONTENT="för"/><SP WIDTH="27" VPOS="1749" HPOS="665"/>
							<String ID="string_290" HPOS="692" VPOS="1749" WIDTH="202" HEIGHT="48" WC="0.95" CONTENT="budgeten,"/><SP WIDTH="34" VPOS="1749" HPOS="894"/>
							<String ID="string_291" HPOS="928" VPOS="1749" WIDTH="204" HEIGHT="35" WC="0.96" CONTENT="innefattar"/><SP WIDTH="28" VPOS="1749" HPOS="1132"/>
							<String ID="string_292" HPOS="1160" VPOS="1748" WIDTH="120" HEIGHT="48" WC="0.96" CONTENT="enligt"/><SP WIDTH="28" VPOS="1748" HPOS="1280"/>
							<String ID="string_293" HPOS="1308" VPOS="1749" WIDTH="204" HEIGHT="38" WC="0.96" CONTENT="utskottets"/><SP WIDTH="29" VPOS="1749" HPOS="1512"/>
							<String ID="string_294" HPOS="1541" VPOS="1752" WIDTH="156" HEIGHT="48" WC="0.96" CONTENT="mening"/><SP WIDTH="28" VPOS="1752" HPOS="1697"/>
							<String ID="string_295" HPOS="1725" VPOS="1752" WIDTH="91" HEIGHT="46" WC="0.97" CONTENT="icke"/>
						</TextLine>
					</TextBlock>
				</ComposedBlock>
				<ComposedBlock ID="cblock_3" HPOS="207" VPOS="1800" WIDTH="1601" HEIGHT="467">
					<TextBlock ID="block_4" HPOS="207" VPOS="1800" WIDTH="1601" HEIGHT="414">
						<TextLine ID="line_31" HPOS="209" VPOS="1800" WIDTH="1597" HEIGHT="51">
							<String ID="string_296" HPOS="209" VPOS="1801" WIDTH="219" HEIGHT="47" WC="0.95" CONTENT="tillräckligt"/><SP WIDTH="42" VPOS="1801" HPOS="428"/>
							<String ID="string_297" HPOS="470" VPOS="1802" WIDTH="81" HEIGHT="35" WC="0.96" CONTENT="skäl"/><SP WIDTH="43" VPOS="1802" HPOS="551"/>
							<String ID="string_298" HPOS="594" VPOS="1806" WIDTH="66" HEIGHT="41" WC="0.93" CONTENT="att,"/><SP WIDTH="44" VPOS="1806" HPOS="660"/>
							<String ID="string_299" HPOS="704" VPOS="1801" WIDTH="207" HEIGHT="36" WC="0.91" CONTENT="allraminst"/><SP WIDTH="27" VPOS="1801" HPOS="911"/>
							<String ID="string_300" HPOS="938" VPOS="1801" WIDTH="12" HEIGHT="35" WC="0.96" CONTENT="i"/><SP WIDTH="28" VPOS="1801" HPOS="950"/>
							<String ID="string_301" HPOS="978" VPOS="1800" WIDTH="217" HEIGHT="36" WC="0.96" CONTENT="nuvarande"/><SP WIDTH="42" VPOS="1800" HPOS="1195"/>
							<String ID="string_302" HPOS="1237" VPOS="1801" WIDTH="307" HEIGHT="38" WC="0.96" CONTENT="statsfinansiella"/><SP WIDTH="28" VPOS="1801" HPOS="1544"/>
							<String ID="string_303" HPOS="1572" VPOS="1804" WIDTH="98" HEIGHT="47" WC="0.95" CONTENT="läge,"/><SP WIDTH="32" VPOS="1804" HPOS="1670"/>
							<String ID="string_304" HPOS="1702" VPOS="1801" WIDTH="104" HEIGHT="38" WC="0.95" CONTENT="avstå"/>
						</TextLine>
						<TextLine ID="line_32" HPOS="209" VPOS="1851" WIDTH="1597" HEIGHT="50">
							<String ID="string_305" HPOS="209" VPOS="1853" WIDTH="83" HEIGHT="35" WC="0.96" CONTENT="från"/><SP WIDTH="41" VPOS="1853" HPOS="292"/>
							<String ID="string_306" HPOS="333" VPOS="1853" WIDTH="224" HEIGHT="36" WC="0.93" CONTENT="inkomsten."/><SP WIDTH="57" VPOS="1853" HPOS="557"/>
							<String ID="string_307" HPOS="614" VPOS="1852" WIDTH="56" HEIGHT="36" WC="0.95" CONTENT="De"/><SP WIDTH="42" VPOS="1852" HPOS="670"/>
							<String ID="string_308" HPOS="712" VPOS="1853" WIDTH="298" HEIGHT="47" WC="0.93" CONTENT="anmärkningar"/><SP WIDTH="35" VPOS="1853" HPOS="1010"/>
							<String ID="string_309" HPOS="1045" VPOS="1851" WIDTH="235" HEIGHT="37" WC="0.92" CONTENT="beträffande"/><SP WIDTH="28" VPOS="1851" HPOS="1280"/>
							<String ID="string_310" HPOS="1308" VPOS="1853" WIDTH="233" HEIGHT="38" WC="0.92" CONTENT="kontrollens"/><SP WIDTH="30" VPOS="1853" HPOS="1541"/>
							<String ID="string_311" HPOS="1571" VPOS="1854" WIDTH="235" HEIGHT="47" WC="0.95" CONTENT="effektivitet,"/>
						</TextLine>
						<TextLine ID="line_33" HPOS="208" VPOS="1904" WIDTH="1598" HEIGHT="49">
							<String ID="string_312" HPOS="208" VPOS="1918" WIDTH="79" HEIGHT="23" WC="0.96" CONTENT="som"/><SP WIDTH="42" VPOS="1918" HPOS="287"/>
							<String ID="string_313" HPOS="329" VPOS="1904" WIDTH="63" HEIGHT="37" WC="0.96" CONTENT="vid"/><SP WIDTH="39" VPOS="1904" HPOS="392"/>
							<String ID="string_314" HPOS="431" VPOS="1905" WIDTH="156" HEIGHT="48" WC="0.55" CONTENT="frågans"/><SP WIDTH="46" VPOS="1905" HPOS="587"/>
							<String ID="string_315" HPOS="633" VPOS="1904" WIDTH="233" HEIGHT="48" WC="0.96" CONTENT="behandling"/><SP WIDTH="49" VPOS="1904" HPOS="866"/>
							<String ID="string_316" HPOS="915" VPOS="1906" WIDTH="96" HEIGHT="34" WC="0.96" CONTENT="1919"/><SP WIDTH="31" VPOS="1906" HPOS="1011"/>
							<String ID="string_317" HPOS="1042" VPOS="1904" WIDTH="69" HEIGHT="36" WC="0.96" CONTENT="och"/><SP WIDTH="44" VPOS="1904" HPOS="1111"/>
							<String ID="string_318" HPOS="1155" VPOS="1905" WIDTH="97" HEIGHT="34" WC="0.95" CONTENT="1920"/><SP WIDTH="43" VPOS="1905" HPOS="1252"/>
							<String ID="string_319" HPOS="1295" VPOS="1905" WIDTH="205" HEIGHT="45" WC="0.96" CONTENT="framförts,"/><SP WIDTH="34" VPOS="1905" HPOS="1500"/>
							<String ID="string_320" HPOS="1534" VPOS="1906" WIDTH="107" HEIGHT="36" WC="0.96" CONTENT="torde"/><SP WIDTH="28" VPOS="1906" HPOS="1641"/>
							<String ID="string_321" HPOS="1669" VPOS="1907" WIDTH="137" HEIGHT="35" WC="0.96" CONTENT="hava"/><SP WIDTH="-24" VPOS="1907" HPOS="1806"/>
							<String ID="string_322" HPOS="1782" VPOS="1900" WIDTH="26" HEIGHT="57" WC="0.96" CONTENT="i"/>
						</TextLine>
						<TextLine ID="line_34" HPOS="207" VPOS="1955" WIDTH="1601" HEIGHT="51">
							<String ID="string_323" HPOS="207" VPOS="1956" WIDTH="189" HEIGHT="48" WC="0.95" CONTENT="väsentlig"/><SP WIDTH="41" VPOS="1956" HPOS="396"/>
							<String ID="string_324" HPOS="437" VPOS="1959" WIDTH="86" HEIGHT="33" WC="0.95" CONTENT="mån"/><SP WIDTH="41" VPOS="1959" HPOS="523"/>
							<String ID="string_325" HPOS="564" VPOS="1956" WIDTH="82" HEIGHT="36" WC="0.96" CONTENT="haft"/><SP WIDTH="41" VPOS="1956" HPOS="646"/>
							<String ID="string_326" HPOS="687" VPOS="1956" WIDTH="56" HEIGHT="36" WC="0.96" CONTENT="till"/><SP WIDTH="36" VPOS="1956" HPOS="743"/>
							<String ID="string_327" HPOS="779" VPOS="1956" WIDTH="291" HEIGHT="49" WC="0.95" CONTENT="utgångspunkt"/><SP WIDTH="29" VPOS="1956" HPOS="1070"/>
							<String ID="string_328" HPOS="1099" VPOS="1955" WIDTH="44" HEIGHT="36" WC="0.93" CONTENT="de"/><SP WIDTH="29" VPOS="1955" HPOS="1143"/>
							<String ID="string_329" HPOS="1172" VPOS="1955" WIDTH="188" HEIGHT="50" WC="0.95" CONTENT="tillfälliga"/><SP WIDTH="28" VPOS="1955" HPOS="1360"/>
							<String ID="string_330" HPOS="1388" VPOS="1957" WIDTH="273" HEIGHT="49" WC="0.96" CONTENT="försäljningar"/><SP WIDTH="27" VPOS="1957" HPOS="1661"/>
							<String ID="string_331" HPOS="1688" VPOS="1959" WIDTH="120" HEIGHT="36" WC="0.95" CONTENT="under"/>
						</TextLine>
						<TextLine ID="line_35" HPOS="208" VPOS="2007" WIDTH="1597" HEIGHT="50">
							<String ID="string_332" HPOS="208" VPOS="2008" WIDTH="100" HEIGHT="36" WC="0.94" CONTENT="hand"/><SP WIDTH="43" VPOS="2008" HPOS="308"/>
							<String ID="string_333" HPOS="351" VPOS="2022" WIDTH="46" HEIGHT="22" WC="0.95" CONTENT="av"/><SP WIDTH="41" VPOS="2022" HPOS="397"/>
							<String ID="string_334" HPOS="438" VPOS="2008" WIDTH="204" HEIGHT="36" WC="0.96" CONTENT="utländska"/><SP WIDTH="41" VPOS="2008" HPOS="642"/>
							<String ID="string_335" HPOS="683" VPOS="2008" WIDTH="191" HEIGHT="48" WC="0.95" CONTENT="smycken,"/><SP WIDTH="30" VPOS="2008" HPOS="874"/>
							<String ID="string_336" HPOS="904" VPOS="2008" WIDTH="102" HEIGHT="35" WC="0.96" CONTENT="vilka"/><SP WIDTH="29" VPOS="2008" HPOS="1006"/>
							<String ID="string_337" HPOS="1035" VPOS="2008" WIDTH="46" HEIGHT="35" WC="0.96" CONTENT="då"/><SP WIDTH="28" VPOS="2008" HPOS="1081"/>
							<String ID="string_338" HPOS="1109" VPOS="2007" WIDTH="119" HEIGHT="48" WC="0.96" CONTENT="enligt"/><SP WIDTH="28" VPOS="2007" HPOS="1228"/>
							<String ID="string_339" HPOS="1256" VPOS="2009" WIDTH="154" HEIGHT="48" WC="0.93" CONTENT="uppgift"/><SP WIDTH="30" VPOS="2009" HPOS="1410"/>
							<String ID="string_340" HPOS="1440" VPOS="2010" WIDTH="234" HEIGHT="36" WC="0.92" CONTENT="förekommo"/><SP WIDTH="28" VPOS="2010" HPOS="1674"/>
							<String ID="string_341" HPOS="1702" VPOS="2010" WIDTH="12" HEIGHT="36" WC="0.92" CONTENT="i"/><SP WIDTH="28" VPOS="2010" HPOS="1714"/>
							<String ID="string_342" HPOS="1742" VPOS="2011" WIDTH="63" HEIGHT="36" WC="0.92" CONTENT="be-"/>
						</TextLine>
						<TextLine ID="line_36" HPOS="208" VPOS="2060" WIDTH="1597" HEIGHT="50">
							<String ID="string_343" HPOS="208" VPOS="2060" WIDTH="164" HEIGHT="49" WC="0.92" CONTENT="tydande"/><SP WIDTH="43" VPOS="2060" HPOS="372"/>
							<String ID="string_344" HPOS="415" VPOS="2060" WIDTH="245" HEIGHT="47" WC="0.96" CONTENT="omfattning,"/><SP WIDTH="43" VPOS="2060" HPOS="660"/>
							<String ID="string_345" HPOS="703" VPOS="2073" WIDTH="46" HEIGHT="23" WC="0.96" CONTENT="en"/><SP WIDTH="41" VPOS="2073" HPOS="749"/>
							<String ID="string_346" HPOS="790" VPOS="2060" WIDTH="139" HEIGHT="35" WC="0.96" CONTENT="rörelse"/><SP WIDTH="33" VPOS="2060" HPOS="929"/>
							<String ID="string_347" HPOS="962" VPOS="2072" WIDTH="78" HEIGHT="23" WC="0.96" CONTENT="som"/><SP WIDTH="31" VPOS="2072" HPOS="1040"/>
							<String ID="string_348" HPOS="1071" VPOS="2072" WIDTH="156" HEIGHT="23" WC="0.96" CONTENT="numera"/><SP WIDTH="28" VPOS="2072" HPOS="1227"/>
							<String ID="string_349" HPOS="1255" VPOS="2060" WIDTH="188" HEIGHT="50" WC="0.96" CONTENT="knappast"/><SP WIDTH="29" VPOS="2060" HPOS="1443"/>
							<String ID="string_350" HPOS="1472" VPOS="2062" WIDTH="54" HEIGHT="36" WC="0.96" CONTENT="lär"/><SP WIDTH="27" VPOS="2062" HPOS="1526"/>
							<String ID="string_351" HPOS="1553" VPOS="2062" WIDTH="97" HEIGHT="36" WC="0.96" CONTENT="hava"/><SP WIDTH="28" VPOS="2062" HPOS="1650"/>
							<String ID="string_352" HPOS="1678" VPOS="2065" WIDTH="127" HEIGHT="45" WC="0.96" CONTENT="någon"/>
						</TextLine>
						<TextLine ID="line_37" HPOS="208" VPOS="2110" WIDTH="1597" HEIGHT="52">
							<String ID="string_353" HPOS="208" VPOS="2112" WIDTH="180" HEIGHT="36" WC="0.96" CONTENT="avsevärd"/><SP WIDTH="43" VPOS="2112" HPOS="388"/>
							<String ID="string_354" HPOS="431" VPOS="2111" WIDTH="203" HEIGHT="49" WC="0.95" CONTENT="betydelse."/><SP WIDTH="56" VPOS="2111" HPOS="634"/>
							<String ID="string_355" HPOS="690" VPOS="2111" WIDTH="15" HEIGHT="36" WC="0.93" CONTENT="I"/><SP WIDTH="32" VPOS="2111" HPOS="705"/>
							<String ID="string_356" HPOS="737" VPOS="2112" WIDTH="73" HEIGHT="35" WC="0.96" CONTENT="den"/><SP WIDTH="35" VPOS="2112" HPOS="810"/>
							<String ID="string_357" HPOS="845" VPOS="2114" WIDTH="86" HEIGHT="33" WC="0.96" CONTENT="mån"/><SP WIDTH="29" VPOS="2114" HPOS="931"/>
							<String ID="string_358" HPOS="960" VPOS="2110" WIDTH="169" HEIGHT="37" WC="0.96" CONTENT="normala"/><SP WIDTH="28" VPOS="2110" HPOS="1129"/>
							<String ID="string_359" HPOS="1157" VPOS="2111" WIDTH="262" HEIGHT="37" WC="0.96" CONTENT="förhållanden"/><SP WIDTH="29" VPOS="2111" HPOS="1419"/>
							<String ID="string_360" HPOS="1448" VPOS="2116" WIDTH="47" HEIGHT="46" WC="0.96" CONTENT="på"/><SP WIDTH="28" VPOS="2116" HPOS="1495"/>
							<String ID="string_361" HPOS="1523" VPOS="2113" WIDTH="104" HEIGHT="37" WC="0.95" CONTENT="detta"/><SP WIDTH="28" VPOS="2113" HPOS="1627"/>
							<String ID="string_362" HPOS="1655" VPOS="2113" WIDTH="150" HEIGHT="37" WC="0.96" CONTENT="område"/>
						</TextLine>
						<TextLine ID="line_38" HPOS="208" VPOS="2163" WIDTH="1595" HEIGHT="51">
							<String ID="string_363" HPOS="208" VPOS="2163" WIDTH="147" HEIGHT="37" WC="0.95" CONTENT="alltmer"/><SP WIDTH="19" VPOS="2163" HPOS="355"/>
							<String ID="string_364" HPOS="374" VPOS="2163" WIDTH="160" HEIGHT="47" WC="0.95" CONTENT="inträda,"/><SP WIDTH="21" VPOS="2163" HPOS="534"/>
							<String ID="string_365" HPOS="555" VPOS="2163" WIDTH="105" HEIGHT="36" WC="0.96" CONTENT="torde"/><SP WIDTH="16" VPOS="2163" HPOS="660"/>
							<String ID="string_366" HPOS="676" VPOS="2163" WIDTH="213" HEIGHT="36" WC="0.95" CONTENT="kontrollen"/><SP WIDTH="21" VPOS="2163" HPOS="889"/>
							<String ID="string_367" HPOS="910" VPOS="2163" WIDTH="127" HEIGHT="35" WC="0.96" CONTENT="kunna"/><SP WIDTH="28" VPOS="2163" HPOS="1037"/>
							<String ID="string_368" HPOS="1065" VPOS="2163" WIDTH="194" HEIGHT="36" WC="0.96" CONTENT="förväntas"/><SP WIDTH="21" VPOS="2163" HPOS="1259"/>
							<String ID="string_369" HPOS="1280" VPOS="2164" WIDTH="64" HEIGHT="36" WC="0.96" CONTENT="allt"/><SP WIDTH="19" VPOS="2164" HPOS="1344"/>
							<String ID="string_370" HPOS="1363" VPOS="2164" WIDTH="122" HEIGHT="37" WC="0.96" CONTENT="bättre"/><SP WIDTH="15" VPOS="2164" HPOS="1485"/>
							<String ID="string_371" HPOS="1500" VPOS="2165" WIDTH="91" HEIGHT="49" WC="0.96" CONTENT="fylla"/><SP WIDTH="16" VPOS="2165" HPOS="1591"/>
							<String ID="string_372" HPOS="1607" VPOS="2166" WIDTH="66" HEIGHT="35" WC="0.96" CONTENT="sitt"/><SP WIDTH="20" VPOS="2166" HPOS="1673"/>
							<String ID="string_373" HPOS="1693" VPOS="2166" WIDTH="110" HEIGHT="48" WC="0.95" CONTENT="syfte."/>
						</TextLine>
					</TextBlock>
					<TextBlock ID="block_5" HPOS="335" VPOS="2214" WIDTH="1471" HEIGHT="53">
						<TextLine ID="line_39" HPOS="335" VPOS="2214" WIDTH="1471" HEIGHT="53">
							<String ID="string_374" HPOS="335" VPOS="2216" WIDTH="86" HEIGHT="36" WC="0.96" CONTENT="Med"/><SP WIDTH="42" VPOS="2216" HPOS="421"/>
							<String ID="string_375" HPOS="463" VPOS="2215" WIDTH="148" HEIGHT="48" WC="0.95" CONTENT="hänsyn"/><SP WIDTH="42" VPOS="2215" HPOS="611"/>
							<String ID="string_376" HPOS="653" VPOS="2215" WIDTH="58" HEIGHT="36" WC="0.95" CONTENT="till"/><SP WIDTH="39" VPOS="2215" HPOS="711"/>
							<String ID="string_377" HPOS="750" VPOS="2215" WIDTH="72" HEIGHT="36" WC="0.96" CONTENT="vad"/><SP WIDTH="30" VPOS="2215" HPOS="822"/>
							<String ID="string_378" HPOS="852" VPOS="2227" WIDTH="98" HEIGHT="23" WC="0.96" CONTENT="ovan"/><SP WIDTH="42" VPOS="2227" HPOS="950"/>
							<String ID="string_379" HPOS="992" VPOS="2215" WIDTH="145" HEIGHT="36" WC="0.96" CONTENT="anförts"/><SP WIDTH="35" VPOS="2215" HPOS="1137"/>
							<String ID="string_380" HPOS="1172" VPOS="2214" WIDTH="67" HEIGHT="36" WC="0.96" CONTENT="har"/><SP WIDTH="27" VPOS="2214" HPOS="1239"/>
							<String ID="string_381" HPOS="1266" VPOS="2216" WIDTH="199" HEIGHT="48" WC="0.96" CONTENT="utskottet,"/><SP WIDTH="30" VPOS="2216" HPOS="1465"/>
							<String ID="string_382" HPOS="1495" VPOS="2230" WIDTH="81" HEIGHT="23" WC="0.96" CONTENT="som"/><SP WIDTH="30" VPOS="2230" HPOS="1576"/>
							<String ID="string_383" HPOS="1606" VPOS="2231" WIDTH="110" HEIGHT="23" WC="0.96" CONTENT="anser"/><SP WIDTH="28" VPOS="2231" HPOS="1716"/>
							<String ID="string_384" HPOS="1744" VPOS="2218" WIDTH="62" HEIGHT="49" WC="0.96" CONTENT="sig"/>
						</TextLine>
					</TextBlock>
				</ComposedBlock>
				<ComposedBlock ID="cblock_4" HPOS="1863" VPOS="258" WIDTH="140" HEIGHT="65">
					<TextBlock ID="block_6" HPOS="1863" VPOS="258" WIDTH="140" HEIGHT="65">
						<TextLine ID="line_40" HPOS="1867" VPOS="258" WIDTH="136" HEIGHT="23">
							<String ID="string_385" HPOS="1867" VPOS="258" WIDTH="136" HEIGHT="23" WC="0.95" CONTENT="Utskottets"/>
						</TextLine>
						<TextLine ID="line_41" HPOS="1863" VPOS="294" WIDTH="134" HEIGHT="29">
							<String ID="string_386" HPOS="1863" VPOS="294" WIDTH="134" HEIGHT="29" WC="0.85" CONTENT="yltrande."/>
						</TextLine>
					</TextBlock>
				</ComposedBlock>
			</PrintSpace>
		</Page>
	</Layout>
</alto>
