1856 2784
446 154 300 36 Statsutskottets
764 157 186 34 utlåtande
968 170 43 21 nr
1030 160 67 33 127
1117 159 39 34 år
1176 162 89 32 1957
1561 166 42 30 55

432 235 68 34 lats
520 236 112 33 under
649 236 80 41 TIII.,
748 237 12 33 i
778 237 164 35 skrivelse
961 238 52 34 till
1033 239 132 43 Kungl.
1184 240 112 42 Maj:t
1313 241 82 42 giva
1413 242 52 34 till
1483 244 121 33 känna

433 289 69 34 vad
518 289 178 35 utskottet
711 290 131 41 anfört;

472 359 43 34 V.
541 364 56 30 att
617 360 185 44 riksdagen
824 362 69 40 må,
913 362 11 34 i
946 363 189 44 anledning
1155 377 45 21 av
1221 366 180 34 motionen
1423 367 49 34 II:
1488 371 79 37 214,
1589 368 11 33 i

427 412 167 35 skrivelse
620 413 52 34 till
698 414 133 44 Kungl.
857 415 110 44 Maj:t
993 416 81 43 giva
1101 417 52 34 till
1179 418 118 35 känna
1325 420 69 34 vad
1420 421 176 34 utskottet

427 465 131 35 anfört.

154 534 206 36 Stockholm
377 535 65 36 den
459 540 40 30 21
519 537 71 43 maj
611 541 86 32 1957

590 636 52 34 På
659 637 286 35 statsutskottets
964 642 144 40 vägnar:

610 706 200 36 MARTIN
831 708 267 36 SKOGLUND

157 989 66 34 Vid
239 990 222 42 förestående
481 992 149 35 ärendes
647 993 285 44 slutbehandling
951 994 98 35 inom
1068 996 179 35 utskottet
1265 998 46 34 ha
1331 999 158 35 närvarit

152 1060 76 35 från
266 1061 167 36 första
467 1064 219 35 kammaren:
722 1065 119 34 herrar
877 1066 131 35 Gustaf
1042 1067 182 42 Karlsson,
1260 1069 88 35 Karl
1383 1066 213 50 Andersson,

107 1113 125 42 Ohlon,
259 1115 200 42 Näsström,
486 1117 86 34 Ivar
598 1118 210 42 Johansson,
835 1120 108 34 Einar
968 1120 161 41 Persson,
1157 1121 180 42 Sundelin,
1365 1123 117 42 Thun,
1509 1125 87 33 Erik

106 1167 189 45 Svedberg,
314 1170 157 41 Pålsson,
490 1171 218 43 Holmqvist,
727 1173 146 43 Ragnar
890 1174 128 43 Bergh,
1038 1175 135 34 Rikard
1193 1175 187 42 Svensson,
1400 1177 194 35 Jacobsson

106 1223 65 34 och
186 1223 241 42 Mårtensson;
444 1230 95 29 samt

150 1294 78 35 från
264 1296 155 34 andra
454 1297 219 35 kammaren:
706 1298 119 35 herrar
857 1299 179 43 Skoglund
1069 1300 11 33 i
1112 1301 232 44 Doverstorp,
1376 1301 218 43 Åkerström,

104 1348 186 35 Petterson
315 1351 11 33 i
351 1350 199 43 Degerfors,
575 1351 151 34 Jansson
751 1352 11 33 i
787 1353 116 40 Kalix,
928 1353 123 34 fröken
1076 1354 137 41 Elmén,
1239 1355 118 34 herrar
1382 1355 176 36 Svensson
1583 1357 10 33 i

104 1402 172 42 Alingsås,
300 1403 212 35 Gustafsson
536 1405 9 33 i
570 1404 215 42 Stockholm,
808 1406 142 34 Nilsson
973 1406 10 34 i
1008 1406 279 44 Göingegården,
1310 1408 122 35 fröken
1456 1410 138 41 Olsson,

104 1455 118 34 herrar
249 1456 165 40 Blidfors,
443 1457 214 34 Gustafsson
686 1458 11 33 i
726 1458 199 42 Skellefteå,
953 1459 124 35 fröken
1106 1461 182 41 Karlsson,
1318 1462 122 34 fröken
1469 1463 123 42 Vinge,

105 1509 117 34 herrar
241 1510 115 34 Helén
376 1511 64 33 och
460 1510 177 35 Svensson
656 1512 11 33 i
687 1511 211 44 Stenkyrka.

692 1789 308 34 Reservationer

148 1886 32 41 1)
209 1885 59 34 vid
307 1886 279 43 avdelning
620 1887 18 33 I
677 1887 95 42 (Den
796 1888 178 34 allmänna
997 1888 421 44 försöksverksamheten)
1445 1903 45 21 av
1514 1891 76 33 her-

102 1950 55 22 rar
173 1939 146 42 Ragnar
336 1939 125 42 Bergh,
479 1939 183 43 Skoglund
680 1941 10 33 i
708 1941 232 43 Doverstorp,
957 1941 146 35 Nilsson
1120 1942 10 33 i
1150 1942 267 43 Göingegården
1436 1944 66 34 och
1521 1943 68 35 frö-

102 1992 67 33 ken
183 1993 184 40 Karlsson,
383 1993 94 34 vilka
492 1998 120 29 ansett
626 1998 54 30 att
696 1995 179 33 utskottet
888 1995 81 33 bort
984 1995 179 42 tillstyrka
1178 1995 98 34 bifall
1293 1996 52 33 till
1361 1997 60 33 det
1442 1996 5 34 i
1462 1997 127 34 motio-

97 2058 108 22 nerna
232 2047 29 33 I:
278 2050 66 30 276
373 2046 63 34 och
465 2047 50 33 II:
531 2050 66 31 307
626 2046 221 35 framställda
875 2048 188 43 yrkandet,
1092 2053 55 29 att
1176 2048 186 44 riksdagen
1391 2050 113 34 måtte
1535 2050 52 33 till

98 2099 349 43 Skolöverstyrelsen:
475 2099 379 35 Försöksverksamhet
881 2113 46 21 m.
953 2113 47 21 m.
1026 2101 55 34 för
1106 2101 210 43 budgetåret
1344 2102 156 44 1957/58
1527 2115 60 22 an-

98 2152 74 34 visa
193 2156 53 30 ett
268 2152 357 43 reservationsanslag
645 2165 45 21 av
713 2156 16 30 1
747 2157 66 30 000
828 2157 65 30 000
913 2153 131 34 kronor
1064 2154 65 33 och
1152 2159 55 29 att
1230 2154 118 34 därför

145 2205 73 34 dels
240 2205 61 33 det
324 2206 121 41 stycke
468 2206 9 33 i
503 2206 194 33 utskottets
720 2207 179 41 yttrande,
922 2219 75 21 som
1020 2208 47 41 på
1089 2219 26 21 s.
1139 2211 20 29 8
1183 2207 118 42 börjar
1324 2209 79 32 med
1429 2209 158 33 »Beträf-

100 2258 104 33 fande
224 2259 138 41 punkt»
385 2259 63 32 och
470 2264 48 36 på
538 2271 26 22 s.
587 2262 19 29 9
628 2259 110 33 slutar
758 2260 80 32 med
863 2260 137 32 »inledd
1021 2260 396 40 försöksverksamhet»,
1439 2262 81 33 bort
1543 2262 42 32 ha

99 2310 154 42 följande
275 2312 141 41 lydelse:

143 2364 252 34 »Beträffande
412 2364 116 43 punkt
548 2368 64 29 182
631 2364 110 34 under
759 2365 146 33 åttonde
923 2365 229 33 huvudtiteln
1170 2365 64 34 har
1251 2366 177 33 utskottet
1446 2366 10 33 i
1475 2366 110 34 likhet

96 2417 79 34 med
199 2417 259 34 statskontoret
482 2417 131 40 funnit,
637 2422 55 29 att
717 2417 67 34 den
809 2417 10 33 i
844 2417 219 34 motionerna
1087 2418 29 33 I:
1132 2421 64 31 276
1223 2423 94 28 samt
1341 2417 48 34 II:
1405 2422 66 30 307
1498 2419 87 33 före-

96 2470 118 43 slagna
237 2470 276 42 begränsningen
537 2483 45 21 av
605 2470 228 34 förevarande
857 2470 120 42 anslag
998 2470 10 34 i
1031 2470 218 34 förhållande
1273 2471 51 33 till
1349 2471 236 44 skolöversty-
