1862 2780
260 163 42 30 40
594 163 299 35 Statsutskottets
911 166 186 34 utlåtande
1116 179 44 21 nr
1179 169 67 32 127
1264 168 39 33 år
1322 171 90 31 1957

257 240 167 43 problem,
445 254 76 21 som
540 242 155 35 behöver
715 243 135 44 belysas
870 257 127 30 genom
1017 247 204 42 ytterligare
1242 248 310 44 undersökningar.
1575 250 172 44 Slutligen

258 295 73 41 har,
348 308 75 22 som
441 297 387 43 departementschefen
846 301 168 43 påpekar,
1032 302 115 34 denna
1165 303 142 43 skoltyp
1324 304 191 35 därutöver
1533 310 52 29 ett
1605 310 141 31 väsent-

259 350 62 42 ligt
343 351 108 35 värde
472 353 47 42 på
539 353 119 43 längre
681 354 71 34 sikt
773 355 86 40 däri,
882 360 56 30 att
962 356 65 35 den
1051 358 159 42 ständigt
1233 358 182 35 fortsätter
1438 360 52 34 sin
1514 358 232 51 experiment-

259 406 225 35 verksamhet
503 408 64 33 och
588 408 66 35 blir
673 414 54 29 ett
746 416 208 37 permanent
975 424 106 30 organ
1102 412 56 34 för
1179 413 337 43 nydaningsarbetet
1537 416 96 34 inom
1655 418 91 33 skol-

259 462 180 34 väsendet.
455 462 189 36 Utskottet
659 464 114 35 finner
788 465 54 34 för
857 465 54 35 sin
929 466 55 34 del
1001 467 59 34 det
1077 467 63 34 sist
1158 468 147 35 anförda
1322 473 126 39 utgöra
1467 470 59 34 det
1544 472 202 42 avgörande

258 516 112 35 skälet
386 517 56 34 för
458 523 56 29 att
530 519 172 34 särskilda
718 520 254 35 försöksskolor
989 522 63 34 bör
1069 523 194 44 tillskapas.

303 579 87 34 Med
410 580 108 35 tanke
538 582 46 41 på
604 581 43 35 de
668 582 110 43 bägge
799 582 111 35 första
931 596 46 21 av
998 584 42 34 de
1061 584 64 34 här
1145 585 152 42 angivna
1318 591 54 29 tre
1394 586 211 44 syftemålen
1627 588 54 35 för
1704 589 42 34 de

257 634 170 35 särskilda
446 635 302 36 försöksskolorna
768 638 113 33 finner
901 639 179 34 utskottet
1101 640 61 34 det
1183 641 193 43 angeläget,
1398 642 72 35 dels
1492 648 55 29 att
1568 656 43 21 en
1633 644 113 35 första

258 689 97 34 skola
375 702 47 21 av
443 690 114 35 denna
577 696 67 38 typ
665 698 139 28 snarast
825 693 139 43 möjligt
986 694 117 43 börjar
1124 695 54 34 sin
1201 696 225 35 verksamhet
1447 698 111 34 under
1579 699 165 35 tillfreds-

258 745 172 34 ställande
453 746 339 43 arbetsbetingelser,
816 748 72 34 dels
913 749 66 33 ock
1004 754 54 29 att
1081 751 203 42 ytterligare
1308 752 117 34 skolor
1449 765 45 22 av
1517 766 137 22 samma
1678 760 67 38 typ

258 799 159 40 inrättas,
449 801 107 34 sedan
586 802 188 43 tillräcklig
803 803 200 35 erfarenhet
1032 806 144 34 vunnits
1207 818 124 30 genom
1363 807 69 34 den
1462 808 110 35 första
1602 810 142 35 skolans

255 856 236 41 organisation
520 857 64 34 och
612 862 104 30 start.
744 859 136 34 Genom
908 860 217 35 tillkomsten
1154 874 46 21 av
1228 862 41 34 de
1296 863 204 43 ytterligare
1527 864 217 35 försökssko-

255 910 97 34 lorna
371 911 72 33 kan
463 912 202 44 erforderlig
685 914 196 43 allsidighet
902 928 46 21 av
970 916 42 34 de
1032 917 228 42 genomförda
1280 918 165 34 försöken
1467 919 65 34 och
1552 920 192 34 undersök-

257 963 169 43 ningarna
443 970 154 38 tryggas.

302 1026 18 33 I
338 1026 220 35 motionerna
577 1028 29 33 TI:
621 1032 67 30 434
710 1029 64 34 och
793 1030 49 33 II:
857 1034 67 30 558
944 1030 65 34 har
1027 1031 210 41 hemställts,
1258 1037 54 29 att
1333 1033 184 43 riksdagen
1538 1034 10 34 i
1568 1035 175 34 samband

256 1079 79 33 med
354 1079 153 35 beslutet
526 1093 58 21 om
602 1081 261 35 försöksskolan
882 1082 11 34 i
911 1083 200 44 Linköping
1130 1086 114 33 måtte
1263 1086 126 40 uttala,
1411 1091 55 29 att
1487 1087 119 43 dylika
1627 1089 116 34 skolor

258 1131 62 34 bör
340 1132 150 35 inrättas
513 1137 88 31 även
623 1135 11 33 i
656 1135 182 40 Karlstad,
857 1136 112 34 Luleå
990 1137 64 33 och
1077 1137 216 41 Stockholm,
1315 1139 108 34 sedan
1446 1140 187 44 tillräcklig
1655 1142 88 34 erfa-

257 1185 121 34 renhet
394 1186 144 34 vunnits
555 1199 46 21 av
617 1188 271 34 verksamheten
905 1189 61 34 vid
983 1189 67 34 den
1066 1191 145 42 statliga
1228 1191 259 35 försöksskolan
1505 1193 10 33 i
1532 1194 212 43 Linköping.

255 1238 19 33 I
298 1238 188 44 anledning
507 1239 111 34 härav
642 1240 62 34 vill
727 1241 177 34 utskottet
928 1242 247 44 understryka,
1201 1248 55 30 att
1281 1244 59 34 det
1365 1245 108 43 enligt
1499 1246 76 34 dess
1601 1248 143 43 mening

257 1303 81 22 vore
357 1295 114 30 sämre
491 1297 55 29 att
566 1293 248 35 åstadkomma
833 1294 86 34 flera
940 1295 116 34 skolor
1075 1297 80 33 med
1177 1297 143 43 knappa
1341 1310 152 23 resurser
1513 1303 44 30 än
1579 1305 53 29 ett
1653 1301 90 34 fåtal

255 1345 79 33 med
354 1345 240 43 betryggande
613 1347 206 43 utrustning
836 1348 11 33 i
867 1348 100 43 fråga
987 1361 58 21 om
1064 1350 162 42 personal
1246 1351 64 33 och
1331 1352 170 34 materiel.
1521 1353 84 34 Mot
1627 1354 116 34 denna

256 1397 184 43 bakgrund
462 1398 113 34 finner
596 1399 179 35 utskottet
797 1400 60 34 det
879 1402 201 33 osannolikt
1102 1407 56 29 att
1181 1415 74 21 mer
1277 1408 44 30 än
1344 1409 53 30 tre
1419 1404 255 37 försöksskolor
1697 1420 46 21 av

256 1450 113 35 denna
388 1456 67 38 typ
475 1452 70 33 kan
565 1452 146 34 komma
731 1453 52 34 till
803 1454 106 34 stånd
929 1455 113 33 under
1061 1456 222 43 överskådlig
1303 1457 63 34 tid.
1389 1457 46 34 Så
1456 1464 97 28 snart
1575 1460 61 34 det
1658 1464 85 31 över

255 1503 121 35 huvud
400 1509 99 38 taget
524 1508 38 30 är
584 1506 151 42 möjligt,
759 1508 112 32 måste
896 1507 149 35 berörda
1068 1508 210 35 kommuner
1302 1511 178 35 meddelas
1506 1525 58 21 om
1588 1513 66 34 och
1681 1514 61 33 vid

255 1557 114 34 vilken
389 1557 171 43 tidpunkt
580 1559 146 42 statliga
746 1559 254 35 försöksskolor
1020 1561 70 34 kan
1110 1562 145 34 komma
1276 1568 55 29 att
1351 1564 151 35 inrättas
1524 1565 95 34 inom
1641 1566 100 34 kom-

254 1622 170 22 munerna
445 1611 12 33 i
478 1611 109 42 fråga.
619 1612 190 34 Utskottet
831 1613 171 40 förordar,
1024 1619 55 29 att
1101 1615 186 43 riksdagen
1310 1616 11 33 i
1344 1617 165 34 skrivelse
1532 1619 53 33 till
1608 1620 133 42 Kungl.

254 1663 109 43 Maj:t
382 1663 211 41 hemställer,
613 1669 57 29 att
689 1665 132 43 Kungl.
840 1666 113 42 Maj:t
973 1672 117 29 senast
1109 1667 55 34 för
1187 1671 87 31 1960
1295 1669 53 34 års
1370 1670 142 43 riksdag
1531 1671 211 44 framlägger

254 1716 128 43 förslag
401 1730 59 20 om
481 1718 242 42 upprättande
745 1731 45 21 av
811 1719 42 34 de
875 1720 203 42 ytterligare
1100 1720 265 42 försöksskolor,
1388 1735 76 22 som
1485 1724 71 34 kan
1579 1725 162 35 befinnas

253 1770 210 40 önskvärda,
480 1771 107 33 sedan
605 1771 208 43 tillräckliga
830 1772 237 35 erfarenheter
1082 1774 145 34 vunnits
1246 1787 45 21 av
1307 1776 269 35 verksamheten
1593 1779 60 33 vid
1672 1779 68 34 den

253 1823 170 34 särskilda
442 1823 262 35 försöksskolan
724 1825 11 33 i
753 1825 210 43 Linköping.

297 1885 188 34 Utskottet
510 1886 94 34 delar
628 1887 106 33 alltså
758 1887 403 43 departementschefens
1188 1890 241 44 uppfattning,
1455 1898 55 29 att
1535 1894 67 34 den
1628 1896 111 34 första

252 1938 169 33 särskilda
448 1938 262 35 försöksskolan
738 1940 62 34 bör
826 1941 174 43 förläggas
1028 1942 52 34 till
1105 1943 210 44 Linköping,
1344 1945 64 34 där
1435 1947 90 42 goda
1552 1947 187 35 förutsätt-

252 1990 122 43 ningar
397 1991 57 33 för
477 2004 43 21 en
544 2004 81 22 snar
649 1997 92 29 start
766 2006 45 21 av
835 1994 270 35 verksamheten
1130 2009 104 30 synes
1258 1997 177 44 föreligga.
1461 2000 188 36 Utskottet
1675 2002 65 34 har

251 2044 79 33 med
355 2044 217 43 beklagande
597 2045 113 34 under
734 2046 95 34 hand
854 2047 189 41 inhämtat,
1068 2053 55 29 att
1149 2050 44 33 de
1219 2050 252 37 förberedande
1498 2054 162 42 åtgärder
1685 2055 55 34 för

250 2096 366 44 lärarrekryteringen,
643 2111 77 22 som
747 2100 124 33 staden
899 2100 153 43 vidtagit
1078 2101 53 34 för
1157 2107 57 29 att
1240 2104 205 43 möjliggöra
1471 2119 42 21 en
1540 2112 91 29 start
1658 2109 81 33 med

251 2150 129 34 minsta
406 2151 143 42 möjliga
572 2151 223 34 tidsutdräkt
819 2152 89 34 efter
932 2153 202 43 riksdagens
1161 2155 126 41 beslut,
1312 2158 46 42 på
1383 2159 114 41 grund
1523 2173 45 21 av
1594 2162 144 33 mellan-

249 2203 214 35 kommande
488 2204 302 43 omständigheter
815 2205 125 35 hittills
968 2206 87 42 givit
1081 2207 101 43 ringa
1208 2209 157 40 resultat,
1394 2212 118 33 varför
1539 2214 199 34 utsikterna

250 2260 56 30 att
321 2256 120 34 kunna
458 2257 100 42 börja
574 2258 270 34 verksamheten
846 2252 18 54 i
887 2259 325 35 tillfredsställande
1230 2261 127 35 former
1375 2264 107 34 redan
1499 2265 239 37 instundande

251 2309 210 35 hösttermin
482 2323 145 21 numera
649 2312 115 33 måste
786 2311 166 35 bedömas
975 2325 75 21 som
1072 2314 135 34 mörka.
1229 2315 19 33 I
1269 2315 114 35 denna
1406 2317 170 35 situation
1599 2320 60 33 vill
1682 2326 55 28 ut-

248 2362 144 40 skottet,
418 2363 55 33 för
497 2368 55 29 att
576 2368 127 38 trygga
729 2369 55 29 att
809 2365 215 34 åtminstone
1048 2366 173 35 effektiva
1245 2368 248 37 förberedelser
1517 2371 53 34 för
1596 2373 142 34 skolans

252 2420 89 30 start
362 2417 87 33 skall
471 2417 120 33 kunna
611 2418 221 42 genomföras
854 2419 113 33 under
987 2419 238 35 instundande
1247 2422 99 40 läsår,
1367 2423 142 35 förorda
1530 2431 55 28 att
1606 2427 133 41 Kungl.

249 2468 110 43 Maj:t
381 2469 57 34 får
460 2469 294 43 handlingsfrihet
778 2476 55 28 att
857 2472 152 34 anställa
1033 2474 161 41 personal
1219 2474 60 34 vid
1303 2475 122 35 skolan
1451 2477 11 33 i
1487 2477 119 34 härför
1630 2479 107 34 erfor-

249 2521 107 44 derlig
382 2523 256 43 utsträckning.
665 2524 190 34 Utskottet
881 2524 65 34 har
973 2525 118 34 därför
1116 2526 77 34 icke
1220 2528 106 42 något
1354 2533 56 29 att
1437 2529 113 35 erinra
1576 2537 77 29 mot
1681 2538 56 29 att
