<?xml version="1.0" encoding="UTF-8"?>
<alto xmlns="http://www.loc.gov/standards/alto/ns-v3#" xmlns:xlink="http://www.w3.org/1999/xlink" xmlns:xsi="http://www.w3.org/2001/XMLSchema-instance" xsi:schemaLocation="http://www.loc.gov/standards/alto/ns-v3# http://www.loc.gov/alto/v3/alto-3-0.xsd">
	<Description>
		<MeasurementUnit>pixel</MeasurementUnit>
		<sourceImageInformation>
			<fileName>/tmp/tess_6_03h_v0_input.PNG</fileName>
		</sourceImageInformation>
		<OCRProcessing ID="OCR_0">
			<ocrProcessingStep>
				<processingSoftware>
					<softwareName>tesseract 5.3.0</softwareName>
				</processingSoftware>
			</ocrProcessingStep>
		</OCRProcessing>
	</Description>
	<Layout>
		<Page WIDTH="1844" HEIGHT="2782" PHYSICAL_IMG_NR="0" ID="page_0">
			<PrintSpace HPOS="0" VPOS="0" WIDTH="1844" HEIGHT="2782">
				<ComposedBlock ID="cblock_0" HPOS="417" VPOS="160" WIDTH="1156" HEIGHT="36">
					<TextBlock ID="block_0" HPOS="417" VPOS="160" WIDTH="1156" HEIGHT="36">
						<TextLine ID="line_0" HPOS="417" VPOS="160" WIDTH="1156" HEIGHT="36">
							<String ID="string_0" HPOS="417" VPOS="161" WIDTH="299" HEIGHT="35" WC="0.91" CONTENT="Statsutskottets"/><SP WIDTH="18" VPOS="161" HPOS="716"/>
							<String ID="string_1" HPOS="734" VPOS="160" WIDTH="186" HEIGHT="34" WC="0.96" CONTENT="utlåtande"/><SP WIDTH="20" VPOS="160" HPOS="920"/>
							<String ID="string_2" HPOS="940" VPOS="172" WIDTH="42" HEIGHT="21" WC="0.96" CONTENT="nr"/><SP WIDTH="19" VPOS="172" HPOS="982"/>
							<String ID="string_3" HPOS="1001" VPOS="162" WIDTH="66" HEIGHT="31" WC="0.96" CONTENT="127"/><SP WIDTH="20" VPOS="162" HPOS="1067"/>
							<String ID="string_4" HPOS="1087" VPOS="160" WIDTH="39" HEIGHT="33" WC="0.96" CONTENT="år"/><SP WIDTH="20" VPOS="160" HPOS="1126"/>
							<String ID="string_5" HPOS="1146" VPOS="161" WIDTH="89" HEIGHT="32" WC="0.96" CONTENT="1957"/><SP WIDTH="298" VPOS="161" HPOS="1235"/>
							<String ID="string_6" HPOS="1533" VPOS="161" WIDTH="40" HEIGHT="30" WC="0.96" CONTENT="15"/>
						</TextLine>
					</TextBlock>
				</ComposedBlock>
				<ComposedBlock ID="cblock_1" HPOS="82" VPOS="237" WIDTH="1493" HEIGHT="450">
					<TextBlock ID="block_1" HPOS="82" VPOS="237" WIDTH="1493" HEIGHT="450">
						<TextLine ID="line_1" HPOS="126" VPOS="237" WIDTH="1446" HEIGHT="47">
							<String ID="string_7" HPOS="126" VPOS="242" WIDTH="496" HEIGHT="42" WC="0.92" CONTENT="Undersökningsproblemen"/><SP WIDTH="21" VPOS="242" HPOS="622"/>
							<String ID="string_8" HPOS="643" VPOS="241" WIDTH="171" HEIGHT="42" WC="0.91" CONTENT="uppdelar"/><SP WIDTH="19" VPOS="241" HPOS="814"/>
							<String ID="string_9" HPOS="833" VPOS="241" WIDTH="124" HEIGHT="33" WC="0.92" CONTENT="Husén"/><SP WIDTH="19" VPOS="241" HPOS="957"/>
							<String ID="string_10" HPOS="976" VPOS="241" WIDTH="10" HEIGHT="32" WC="0.96" CONTENT="i"/><SP WIDTH="20" VPOS="241" HPOS="986"/>
							<String ID="string_11" HPOS="1006" VPOS="246" WIDTH="53" HEIGHT="27" WC="0.96" CONTENT="tre"/><SP WIDTH="19" VPOS="246" HPOS="1059"/>
							<String ID="string_12" HPOS="1078" VPOS="251" WIDTH="163" HEIGHT="31" WC="0.96" CONTENT="grupper."/><SP WIDTH="19" VPOS="251" HPOS="1241"/>
							<String ID="string_13" HPOS="1260" VPOS="238" WIDTH="116" HEIGHT="34" WC="0.93" CONTENT="Bland"/><SP WIDTH="21" VPOS="238" HPOS="1376"/>
							<String ID="string_14" HPOS="1397" VPOS="237" WIDTH="175" HEIGHT="43" WC="0.91" CONTENT="organisa-"/>
						</TextLine>
						<TextLine ID="line_2" HPOS="82" VPOS="282" WIDTH="1491" HEIGHT="46">
							<String ID="string_15" HPOS="82" VPOS="287" WIDTH="415" HEIGHT="34" WC="0.91" CONTENT="torisk-administrativa"/><SP WIDTH="22" VPOS="287" HPOS="497"/>
							<String ID="string_16" HPOS="519" VPOS="285" WIDTH="216" HEIGHT="43" WC="0.96" CONTENT="experiment"/><SP WIDTH="20" VPOS="285" HPOS="735"/>
							<String ID="string_17" HPOS="755" VPOS="288" WIDTH="147" HEIGHT="30" WC="0.96" CONTENT="nämnes"/><SP WIDTH="21" VPOS="288" HPOS="902"/>
							<String ID="string_18" HPOS="923" VPOS="285" WIDTH="107" HEIGHT="33" WC="0.96" CONTENT="bland"/><SP WIDTH="22" VPOS="285" HPOS="1030"/>
							<String ID="string_19" HPOS="1052" VPOS="289" WIDTH="111" HEIGHT="28" WC="0.96" CONTENT="annat"/><SP WIDTH="21" VPOS="289" HPOS="1163"/>
							<String ID="string_20" HPOS="1184" VPOS="283" WIDTH="122" HEIGHT="42" WC="0.95" CONTENT="frågan"/><SP WIDTH="22" VPOS="283" HPOS="1306"/>
							<String ID="string_21" HPOS="1328" VPOS="295" WIDTH="58" HEIGHT="21" WC="0.95" CONTENT="om"/><SP WIDTH="21" VPOS="295" HPOS="1386"/>
							<String ID="string_22" HPOS="1407" VPOS="282" WIDTH="166" HEIGHT="42" WC="0.96" CONTENT="lämpliga"/>
						</TextLine>
						<TextLine ID="line_3" HPOS="82" VPOS="327" WIDTH="1491" HEIGHT="44">
							<String ID="string_23" HPOS="82" VPOS="332" WIDTH="129" HEIGHT="33" WC="0.96" CONTENT="former"/><SP WIDTH="17" VPOS="332" HPOS="211"/>
							<String ID="string_24" HPOS="228" VPOS="332" WIDTH="54" HEIGHT="33" WC="0.96" CONTENT="för"/><SP WIDTH="17" VPOS="332" HPOS="282"/>
							<String ID="string_25" HPOS="299" VPOS="330" WIDTH="276" HEIGHT="41" WC="0.96" CONTENT="differentiering"/><SP WIDTH="18" VPOS="330" HPOS="575"/>
							<String ID="string_26" HPOS="593" VPOS="343" WIDTH="43" HEIGHT="20" WC="0.93" CONTENT="av"/><SP WIDTH="18" VPOS="343" HPOS="636"/>
							<String ID="string_27" HPOS="654" VPOS="329" WIDTH="278" HEIGHT="34" WC="0.92" CONTENT="elevmaterialet"/><SP WIDTH="16" VPOS="329" HPOS="932"/>
							<String ID="string_28" HPOS="948" VPOS="329" WIDTH="10" HEIGHT="33" WC="0.96" CONTENT="i"/><SP WIDTH="18" VPOS="329" HPOS="958"/>
							<String ID="string_29" HPOS="976" VPOS="329" WIDTH="113" HEIGHT="38" WC="0.96" CONTENT="själva"/><SP WIDTH="16" VPOS="329" HPOS="1089"/>
							<String ID="string_30" HPOS="1105" VPOS="327" WIDTH="308" HEIGHT="42" WC="0.95" CONTENT="undervisningen."/><SP WIDTH="17" VPOS="327" HPOS="1413"/>
							<String ID="string_31" HPOS="1430" VPOS="327" WIDTH="56" HEIGHT="32" WC="0.92" CONTENT="De"/><SP WIDTH="16" VPOS="327" HPOS="1486"/>
							<String ID="string_32" HPOS="1502" VPOS="338" WIDTH="71" HEIGHT="22" WC="0.92" CONTENT="me-"/>
						</TextLine>
						<TextLine ID="line_4" HPOS="82" VPOS="371" WIDTH="1492" HEIGHT="47">
							<String ID="string_33" HPOS="82" VPOS="377" WIDTH="142" HEIGHT="33" WC="0.92" CONTENT="todiska"/><SP WIDTH="27" VPOS="377" HPOS="224"/>
							<String ID="string_34" HPOS="251" VPOS="376" WIDTH="216" HEIGHT="42" WC="0.96" CONTENT="problemen,"/><SP WIDTH="29" VPOS="376" HPOS="467"/>
							<String ID="string_35" HPOS="496" VPOS="375" WIDTH="95" HEIGHT="33" WC="0.96" CONTENT="vilka"/><SP WIDTH="27" VPOS="375" HPOS="591"/>
							<String ID="string_36" HPOS="618" VPOS="375" WIDTH="71" HEIGHT="33" WC="0.96" CONTENT="kan"/><SP WIDTH="29" VPOS="375" HPOS="689"/>
							<String ID="string_37" HPOS="718" VPOS="386" WIDTH="83" HEIGHT="21" WC="0.96" CONTENT="avse"/><SP WIDTH="29" VPOS="386" HPOS="801"/>
							<String ID="string_38" HPOS="830" VPOS="373" WIDTH="167" HEIGHT="43" WC="0.96" CONTENT="antingen"/><SP WIDTH="29" VPOS="373" HPOS="997"/>
							<String ID="string_39" HPOS="1026" VPOS="373" WIDTH="113" HEIGHT="41" WC="0.93" CONTENT="själva"/><SP WIDTH="28" VPOS="373" HPOS="1139"/>
							<String ID="string_40" HPOS="1167" VPOS="371" WIDTH="407" HEIGHT="42" WC="0.91" CONTENT="undervisningsformen"/>
						</TextLine>
						<TextLine ID="line_5" HPOS="83" VPOS="415" WIDTH="1491" HEIGHT="48">
							<String ID="string_41" HPOS="83" VPOS="422" WIDTH="81" HEIGHT="32" WC="0.96" CONTENT="eller"/><SP WIDTH="19" VPOS="422" HPOS="164"/>
							<String ID="string_42" HPOS="183" VPOS="421" WIDTH="68" HEIGHT="33" WC="0.96" CONTENT="den"/><SP WIDTH="19" VPOS="421" HPOS="251"/>
							<String ID="string_43" HPOS="270" VPOS="420" WIDTH="160" HEIGHT="43" WC="0.92" CONTENT="speciella"/><SP WIDTH="19" VPOS="420" HPOS="430"/>
							<String ID="string_44" HPOS="449" VPOS="419" WIDTH="337" HEIGHT="39" WC="0.92" CONTENT="ämnesmetodiken,"/><SP WIDTH="20" VPOS="419" HPOS="786"/>
							<String ID="string_45" HPOS="806" VPOS="430" WIDTH="99" HEIGHT="22" WC="0.96" CONTENT="anses"/><SP WIDTH="18" VPOS="430" HPOS="905"/>
							<String ID="string_46" HPOS="923" VPOS="418" WIDTH="144" HEIGHT="33" WC="0.96" CONTENT="komma"/><SP WIDTH="19" VPOS="418" HPOS="1067"/>
							<String ID="string_47" HPOS="1086" VPOS="422" WIDTH="54" HEIGHT="28" WC="0.96" CONTENT="att"/><SP WIDTH="20" VPOS="422" HPOS="1140"/>
							<String ID="string_48" HPOS="1160" VPOS="416" WIDTH="47" HEIGHT="34" WC="0.96" CONTENT="bli"/><SP WIDTH="20" VPOS="416" HPOS="1207"/>
							<String ID="string_49" HPOS="1227" VPOS="429" WIDTH="45" HEIGHT="21" WC="0.95" CONTENT="av"/><SP WIDTH="18" VPOS="429" HPOS="1272"/>
							<String ID="string_50" HPOS="1290" VPOS="421" WIDTH="73" HEIGHT="29" WC="0.96" CONTENT="stor"/><SP WIDTH="19" VPOS="421" HPOS="1363"/>
							<String ID="string_51" HPOS="1382" VPOS="415" WIDTH="192" HEIGHT="43" WC="0.96" CONTENT="betydelse."/>
						</TextLine>
						<TextLine ID="line_6" HPOS="83" VPOS="461" WIDTH="1491" HEIGHT="47">
							<String ID="string_52" HPOS="83" VPOS="466" WIDTH="18" HEIGHT="33" WC="0.96" CONTENT="I"/><SP WIDTH="19" VPOS="466" HPOS="101"/>
							<String ID="string_53" HPOS="120" VPOS="478" WIDTH="160" HEIGHT="30" WC="0.96" CONTENT="gruppen"/><SP WIDTH="18" VPOS="478" HPOS="280"/>
							<String ID="string_54" HPOS="298" VPOS="477" WIDTH="44" HEIGHT="21" WC="0.96" CONTENT="av"/><SP WIDTH="19" VPOS="477" HPOS="342"/>
							<String ID="string_55" HPOS="361" VPOS="477" WIDTH="97" HEIGHT="21" WC="0.96" CONTENT="mera"/><SP WIDTH="19" VPOS="477" HPOS="458"/>
							<String ID="string_56" HPOS="477" VPOS="464" WIDTH="161" HEIGHT="33" WC="0.92" CONTENT="renodlat"/><SP WIDTH="17" VPOS="464" HPOS="638"/>
							<String ID="string_57" HPOS="655" VPOS="461" WIDTH="481" HEIGHT="44" WC="0.92" CONTENT="pedagogisk-psykologiska"/><SP WIDTH="19" VPOS="461" HPOS="1136"/>
							<String ID="string_58" HPOS="1155" VPOS="461" WIDTH="120" HEIGHT="34" WC="0.96" CONTENT="försök"/><SP WIDTH="18" VPOS="461" HPOS="1275"/>
							<String ID="string_59" HPOS="1293" VPOS="464" WIDTH="146" HEIGHT="30" WC="0.96" CONTENT="nämnes"/><SP WIDTH="20" VPOS="464" HPOS="1439"/>
							<String ID="string_60" HPOS="1459" VPOS="461" WIDTH="115" HEIGHT="32" WC="0.96" CONTENT="såsom"/>
						</TextLine>
						<TextLine ID="line_7" HPOS="83" VPOS="504" WIDTH="1492" HEIGHT="48">
							<String ID="string_61" HPOS="83" VPOS="511" WIDTH="156" HEIGHT="41" WC="0.96" CONTENT="exempel"/><SP WIDTH="19" VPOS="511" HPOS="239"/>
							<String ID="string_62" HPOS="258" VPOS="508" WIDTH="302" HEIGHT="42" WC="0.96" CONTENT="undersökningar"/><SP WIDTH="17" VPOS="508" HPOS="560"/>
							<String ID="string_63" HPOS="577" VPOS="508" WIDTH="148" HEIGHT="33" WC="0.96" CONTENT="rörande"/><SP WIDTH="19" VPOS="508" HPOS="725"/>
							<String ID="string_64" HPOS="744" VPOS="507" WIDTH="316" HEIGHT="34" WC="0.96" CONTENT="användbarheten"/><SP WIDTH="17" VPOS="507" HPOS="1060"/>
							<String ID="string_65" HPOS="1077" VPOS="506" WIDTH="63" HEIGHT="34" WC="0.96" CONTENT="hos"/><SP WIDTH="19" VPOS="506" HPOS="1140"/>
							<String ID="string_66" HPOS="1159" VPOS="506" WIDTH="66" HEIGHT="33" WC="0.96" CONTENT="och"/><SP WIDTH="18" VPOS="506" HPOS="1225"/>
							<String ID="string_67" HPOS="1243" VPOS="505" WIDTH="156" HEIGHT="34" WC="0.96" CONTENT="effekten"/><SP WIDTH="20" VPOS="505" HPOS="1399"/>
							<String ID="string_68" HPOS="1419" VPOS="517" WIDTH="45" HEIGHT="21" WC="0.96" CONTENT="av"/><SP WIDTH="18" VPOS="517" HPOS="1464"/>
							<String ID="string_69" HPOS="1482" VPOS="504" WIDTH="93" HEIGHT="34" WC="0.96" CONTENT="olika"/>
						</TextLine>
						<TextLine ID="line_8" HPOS="85" VPOS="549" WIDTH="1490" HEIGHT="48">
							<String ID="string_70" HPOS="85" VPOS="555" WIDTH="89" HEIGHT="42" WC="0.93" CONTENT="slags"/><SP WIDTH="32" VPOS="555" HPOS="174"/>
							<String ID="string_71" HPOS="206" VPOS="552" WIDTH="440" HEIGHT="43" WC="0.91" CONTENT="undervisningsmateriel,"/><SP WIDTH="31" VPOS="552" HPOS="646"/>
							<String ID="string_72" HPOS="677" VPOS="552" WIDTH="216" HEIGHT="39" WC="0.89" CONTENT="läroböcker,"/><SP WIDTH="32" VPOS="552" HPOS="893"/>
							<String ID="string_73" HPOS="925" VPOS="550" WIDTH="268" HEIGHT="35" WC="0.92" CONTENT="audio-visuella"/><SP WIDTH="30" VPOS="550" HPOS="1193"/>
							<String ID="string_74" HPOS="1223" VPOS="549" WIDTH="214" HEIGHT="43" WC="0.96" CONTENT="hjälpmedel"/><SP WIDTH="31" VPOS="549" HPOS="1437"/>
							<String ID="string_75" HPOS="1468" VPOS="562" WIDTH="107" HEIGHT="20" WC="0.89" CONTENT="m.m."/>
						</TextLine>
						<TextLine ID="line_9" HPOS="84" VPOS="593" WIDTH="1491" HEIGHT="47">
							<String ID="string_76" HPOS="84" VPOS="605" WIDTH="93" HEIGHT="28" WC="0.96" CONTENT="samt"/><SP WIDTH="17" VPOS="605" HPOS="177"/>
							<String ID="string_77" HPOS="194" VPOS="598" WIDTH="302" HEIGHT="42" WC="0.96" CONTENT="undersökningar"/><SP WIDTH="16" VPOS="598" HPOS="496"/>
							<String ID="string_78" HPOS="512" VPOS="597" WIDTH="148" HEIGHT="33" WC="0.92" CONTENT="rörande"/><SP WIDTH="17" VPOS="597" HPOS="660"/>
							<String ID="string_79" HPOS="677" VPOS="596" WIDTH="269" HEIGHT="34" WC="0.91" CONTENT="lektionstidens"/><SP WIDTH="16" VPOS="596" HPOS="946"/>
							<String ID="string_80" HPOS="962" VPOS="595" WIDTH="118" HEIGHT="42" WC="0.92" CONTENT="längd,"/><SP WIDTH="15" VPOS="595" HPOS="1080"/>
							<String ID="string_81" HPOS="1095" VPOS="594" WIDTH="237" HEIGHT="34" WC="0.91" CONTENT="lektionernas"/><SP WIDTH="17" VPOS="594" HPOS="1332"/>
							<String ID="string_82" HPOS="1349" VPOS="593" WIDTH="226" HEIGHT="42" WC="0.89" CONTENT="förläggande"/>
						</TextLine>
						<TextLine ID="line_10" HPOS="84" VPOS="640" WIDTH="1156" HEIGHT="47">
							<String ID="string_83" HPOS="84" VPOS="645" WIDTH="47" HEIGHT="42" WC="0.96" CONTENT="på"/><SP WIDTH="17" VPOS="645" HPOS="131"/>
							<String ID="string_84" HPOS="148" VPOS="644" WIDTH="94" HEIGHT="33" WC="0.95" CONTENT="olika"/><SP WIDTH="18" VPOS="644" HPOS="242"/>
							<String ID="string_85" HPOS="260" VPOS="643" WIDTH="91" HEIGHT="34" WC="0.96" CONTENT="tider"/><SP WIDTH="17" VPOS="643" HPOS="351"/>
							<String ID="string_86" HPOS="368" VPOS="655" WIDTH="45" HEIGHT="21" WC="0.96" CONTENT="av"/><SP WIDTH="18" VPOS="655" HPOS="413"/>
							<String ID="string_87" HPOS="431" VPOS="642" WIDTH="114" HEIGHT="42" WC="0.96" CONTENT="dagen"/><SP WIDTH="17" VPOS="642" HPOS="545"/>
							<String ID="string_88" HPOS="562" VPOS="641" WIDTH="65" HEIGHT="34" WC="0.96" CONTENT="och"/><SP WIDTH="18" VPOS="641" HPOS="627"/>
							<String ID="string_89" HPOS="645" VPOS="641" WIDTH="182" HEIGHT="41" WC="0.95" CONTENT="växlingar"/><SP WIDTH="17" VPOS="641" HPOS="827"/>
							<String ID="string_90" HPOS="844" VPOS="640" WIDTH="128" HEIGHT="33" WC="0.96" CONTENT="mellan"/><SP WIDTH="18" VPOS="640" HPOS="972"/>
							<String ID="string_91" HPOS="990" VPOS="640" WIDTH="93" HEIGHT="33" WC="0.95" CONTENT="olika"/><SP WIDTH="18" VPOS="640" HPOS="1083"/>
							<String ID="string_92" HPOS="1101" VPOS="642" WIDTH="139" HEIGHT="30" WC="0.96" CONTENT="ämnen."/>
						</TextLine>
					</TextBlock>
				</ComposedBlock>
				<ComposedBlock ID="cblock_2" HPOS="85" VPOS="691" WIDTH="1504" HEIGHT="1839">
					<TextBlock ID="block_2" HPOS="85" VPOS="691" WIDTH="1492" HEIGHT="226">
						<TextLine ID="line_11" HPOS="130" VPOS="691" WIDTH="1445" HEIGHT="48">
							<String ID="string_93" HPOS="130" VPOS="698" WIDTH="18" HEIGHT="33" WC="0.96" CONTENT="I"/><SP WIDTH="23" VPOS="698" HPOS="148"/>
							<String ID="string_94" HPOS="171" VPOS="697" WIDTH="99" HEIGHT="42" WC="0.96" CONTENT="fråga"/><SP WIDTH="22" VPOS="697" HPOS="270"/>
							<String ID="string_95" HPOS="292" VPOS="709" WIDTH="58" HEIGHT="21" WC="0.96" CONTENT="om"/><SP WIDTH="24" VPOS="709" HPOS="350"/>
							<String ID="string_96" HPOS="374" VPOS="696" WIDTH="176" HEIGHT="34" WC="0.95" CONTENT="storleken"/><SP WIDTH="23" VPOS="696" HPOS="550"/>
							<String ID="string_97" HPOS="573" VPOS="707" WIDTH="45" HEIGHT="22" WC="0.96" CONTENT="av"/><SP WIDTH="23" VPOS="707" HPOS="618"/>
							<String ID="string_98" HPOS="641" VPOS="695" WIDTH="42" HEIGHT="33" WC="0.93" CONTENT="de"/><SP WIDTH="24" VPOS="695" HPOS="683"/>
							<String ID="string_99" HPOS="707" VPOS="695" WIDTH="240" HEIGHT="42" WC="0.91" CONTENT="elevgrupper,"/><SP WIDTH="23" VPOS="695" HPOS="947"/>
							<String ID="string_100" HPOS="970" VPOS="706" WIDTH="75" HEIGHT="21" WC="0.96" CONTENT="som"/><SP WIDTH="22" VPOS="706" HPOS="1045"/>
							<String ID="string_101" HPOS="1067" VPOS="706" WIDTH="84" HEIGHT="20" WC="0.96" CONTENT="man"/><SP WIDTH="24" VPOS="706" HPOS="1151"/>
							<String ID="string_102" HPOS="1175" VPOS="693" WIDTH="153" HEIGHT="33" WC="0.96" CONTENT="behöver"/><SP WIDTH="22" VPOS="693" HPOS="1328"/>
							<String ID="string_103" HPOS="1350" VPOS="692" WIDTH="123" HEIGHT="33" WC="0.96" CONTENT="arbeta"/><SP WIDTH="22" VPOS="692" HPOS="1473"/>
							<String ID="string_104" HPOS="1495" VPOS="691" WIDTH="80" HEIGHT="33" WC="0.96" CONTENT="med"/>
						</TextLine>
						<TextLine ID="line_12" HPOS="85" VPOS="736" WIDTH="1491" HEIGHT="47">
							<String ID="string_105" HPOS="85" VPOS="742" WIDTH="54" HEIGHT="33" WC="0.96" CONTENT="för"/><SP WIDTH="19" VPOS="742" HPOS="139"/>
							<String ID="string_106" HPOS="158" VPOS="747" WIDTH="55" HEIGHT="28" WC="0.96" CONTENT="att"/><SP WIDTH="18" VPOS="747" HPOS="213"/>
							<String ID="string_107" HPOS="231" VPOS="742" WIDTH="37" HEIGHT="33" WC="0.96" CONTENT="få"/><SP WIDTH="17" VPOS="742" HPOS="268"/>
							<String ID="string_108" HPOS="285" VPOS="753" WIDTH="96" HEIGHT="22" WC="0.93" CONTENT="mera"/><SP WIDTH="18" VPOS="753" HPOS="381"/>
							<String ID="string_109" HPOS="399" VPOS="739" WIDTH="294" HEIGHT="44" WC="0.91" CONTENT="generaliserbara"/><SP WIDTH="18" VPOS="739" HPOS="693"/>
							<String ID="string_110" HPOS="711" VPOS="739" WIDTH="161" HEIGHT="39" WC="0.96" CONTENT="resultat,"/><SP WIDTH="18" VPOS="739" HPOS="872"/>
							<String ID="string_111" HPOS="890" VPOS="738" WIDTH="113" HEIGHT="33" WC="0.91" CONTENT="finner"/><SP WIDTH="18" VPOS="738" HPOS="1003"/>
							<String ID="string_112" HPOS="1021" VPOS="738" WIDTH="123" HEIGHT="33" WC="0.91" CONTENT="Husén"/><SP WIDTH="20" VPOS="738" HPOS="1144"/>
							<String ID="string_113" HPOS="1164" VPOS="737" WIDTH="60" HEIGHT="33" WC="0.96" CONTENT="det"/><SP WIDTH="19" VPOS="737" HPOS="1224"/>
							<String ID="string_114" HPOS="1243" VPOS="737" WIDTH="98" HEIGHT="33" WC="0.96" CONTENT="svårt"/><SP WIDTH="19" VPOS="737" HPOS="1341"/>
							<String ID="string_115" HPOS="1360" VPOS="741" WIDTH="55" HEIGHT="29" WC="0.96" CONTENT="att"/><SP WIDTH="17" VPOS="741" HPOS="1415"/>
							<String ID="string_116" HPOS="1432" VPOS="736" WIDTH="144" HEIGHT="33" WC="0.96" CONTENT="komma"/>
						</TextLine>
						<TextLine ID="line_13" HPOS="85" VPOS="781" WIDTH="1491" HEIGHT="47">
							<String ID="string_117" HPOS="85" VPOS="787" WIDTH="81" HEIGHT="34" WC="0.96" CONTENT="med"/><SP WIDTH="18" VPOS="787" HPOS="166"/>
							<String ID="string_118" HPOS="184" VPOS="787" WIDTH="129" HEIGHT="33" WC="0.96" CONTENT="exakta"/><SP WIDTH="18" VPOS="787" HPOS="313"/>
							<String ID="string_119" HPOS="331" VPOS="785" WIDTH="204" HEIGHT="43" WC="0.96" CONTENT="angivelser."/><SP WIDTH="17" VPOS="785" HPOS="535"/>
							<String ID="string_120" HPOS="552" VPOS="785" WIDTH="66" HEIGHT="33" WC="0.96" CONTENT="Ett"/><SP WIDTH="19" VPOS="785" HPOS="618"/>
							<String ID="string_121" HPOS="637" VPOS="784" WIDTH="97" HEIGHT="33" WC="0.96" CONTENT="antal"/><SP WIDTH="19" VPOS="784" HPOS="734"/>
							<String ID="string_122" HPOS="753" VPOS="795" WIDTH="46" HEIGHT="22" WC="0.96" CONTENT="av"/><SP WIDTH="17" VPOS="795" HPOS="799"/>
							<String ID="string_123" HPOS="816" VPOS="783" WIDTH="96" HEIGHT="34" WC="0.96" CONTENT="cirka"/><SP WIDTH="18" VPOS="783" HPOS="912"/>
							<String ID="string_124" HPOS="930" VPOS="786" WIDTH="64" HEIGHT="30" WC="0.96" CONTENT="100"/><SP WIDTH="18" VPOS="786" HPOS="994"/>
							<String ID="string_125" HPOS="1012" VPOS="783" WIDTH="88" HEIGHT="33" WC="0.96" CONTENT="barn"/><SP WIDTH="16" VPOS="783" HPOS="1100"/>
							<String ID="string_126" HPOS="1116" VPOS="782" WIDTH="48" HEIGHT="42" WC="0.96" CONTENT="på"/><SP WIDTH="18" VPOS="782" HPOS="1164"/>
							<String ID="string_127" HPOS="1182" VPOS="794" WIDTH="63" HEIGHT="21" WC="0.96" CONTENT="var"/><SP WIDTH="17" VPOS="794" HPOS="1245"/>
							<String ID="string_128" HPOS="1262" VPOS="781" WIDTH="65" HEIGHT="34" WC="0.96" CONTENT="och"/><SP WIDTH="17" VPOS="781" HPOS="1327"/>
							<String ID="string_129" HPOS="1344" VPOS="793" WIDTH="43" HEIGHT="21" WC="0.96" CONTENT="en"/><SP WIDTH="19" VPOS="793" HPOS="1387"/>
							<String ID="string_130" HPOS="1406" VPOS="793" WIDTH="45" HEIGHT="21" WC="0.93" CONTENT="av"/><SP WIDTH="17" VPOS="793" HPOS="1451"/>
							<String ID="string_131" HPOS="1468" VPOS="781" WIDTH="108" HEIGHT="33" WC="0.92" CONTENT="klass-"/>
						</TextLine>
						<TextLine ID="line_14" HPOS="87" VPOS="825" WIDTH="1490" HEIGHT="42">
							<String ID="string_132" HPOS="87" VPOS="831" WIDTH="168" HEIGHT="34" WC="0.96" CONTENT="nivåerna"/><SP WIDTH="23" VPOS="831" HPOS="255"/>
							<String ID="string_133" HPOS="278" VPOS="831" WIDTH="96" HEIGHT="33" WC="0.96" CONTENT="inom"/><SP WIDTH="24" VPOS="831" HPOS="374"/>
							<String ID="string_134" HPOS="398" VPOS="842" WIDTH="43" HEIGHT="21" WC="0.93" CONTENT="en"/><SP WIDTH="25" VPOS="842" HPOS="441"/>
							<String ID="string_135" HPOS="466" VPOS="829" WIDTH="237" HEIGHT="33" WC="0.91" CONTENT="försöksskola"/><SP WIDTH="26" VPOS="829" HPOS="703"/>
							<String ID="string_136" HPOS="729" VPOS="840" WIDTH="100" HEIGHT="21" WC="0.93" CONTENT="anser"/><SP WIDTH="25" VPOS="840" HPOS="829"/>
							<String ID="string_137" HPOS="854" VPOS="828" WIDTH="123" HEIGHT="33" WC="0.92" CONTENT="Husén"/><SP WIDTH="25" VPOS="828" HPOS="977"/>
							<String ID="string_138" HPOS="1002" VPOS="827" WIDTH="91" HEIGHT="33" WC="0.96" CONTENT="dock"/><SP WIDTH="23" VPOS="827" HPOS="1093"/>
							<String ID="string_139" HPOS="1116" VPOS="827" WIDTH="123" HEIGHT="33" WC="0.96" CONTENT="kunna"/><SP WIDTH="24" VPOS="827" HPOS="1239"/>
							<String ID="string_140" HPOS="1263" VPOS="838" WIDTH="86" HEIGHT="20" WC="0.96" CONTENT="vara"/><SP WIDTH="24" VPOS="838" HPOS="1349"/>
							<String ID="string_141" HPOS="1373" VPOS="825" WIDTH="204" HEIGHT="42" WC="0.96" CONTENT="tillräckligt"/>
						</TextLine>
						<TextLine ID="line_15" HPOS="86" VPOS="873" WIDTH="689" HEIGHT="44">
							<String ID="string_142" HPOS="86" VPOS="876" WIDTH="54" HEIGHT="33" WC="0.96" CONTENT="för"/><SP WIDTH="17" VPOS="876" HPOS="140"/>
							<String ID="string_143" HPOS="157" VPOS="881" WIDTH="54" HEIGHT="28" WC="0.96" CONTENT="ett"/><SP WIDTH="17" VPOS="881" HPOS="211"/>
							<String ID="string_144" HPOS="228" VPOS="875" WIDTH="116" HEIGHT="34" WC="0.96" CONTENT="flertal"/><SP WIDTH="18" VPOS="875" HPOS="344"/>
							<String ID="string_145" HPOS="362" VPOS="880" WIDTH="104" HEIGHT="37" WC="0.96" CONTENT="typer"/><SP WIDTH="19" VPOS="880" HPOS="466"/>
							<String ID="string_146" HPOS="485" VPOS="886" WIDTH="45" HEIGHT="21" WC="0.96" CONTENT="av"/><SP WIDTH="18" VPOS="886" HPOS="530"/>
							<String ID="string_147" HPOS="548" VPOS="873" WIDTH="227" HEIGHT="42" WC="0.96" CONTENT="experiment."/>
						</TextLine>
					</TextBlock>
					<TextBlock ID="block_3" HPOS="85" VPOS="919" WIDTH="1494" HEIGHT="270">
						<TextLine ID="line_16" HPOS="132" VPOS="919" WIDTH="1445" HEIGHT="46">
							<String ID="string_148" HPOS="132" VPOS="927" WIDTH="74" HEIGHT="33" WC="0.93" CONTENT="Det"/><SP WIDTH="20" VPOS="927" HPOS="206"/>
							<String ID="string_149" HPOS="226" VPOS="926" WIDTH="200" HEIGHT="34" WC="0.78" CONTENT="framhålles"/><SP WIDTH="20" VPOS="926" HPOS="426"/>
							<String ID="string_150" HPOS="446" VPOS="926" WIDTH="11" HEIGHT="32" WC="0.96" CONTENT="i"/><SP WIDTH="19" VPOS="926" HPOS="457"/>
							<String ID="string_151" HPOS="476" VPOS="925" WIDTH="101" HEIGHT="33" WC="0.96" CONTENT="detta"/><SP WIDTH="19" VPOS="925" HPOS="577"/>
							<String ID="string_152" HPOS="596" VPOS="924" WIDTH="268" HEIGHT="41" WC="0.96" CONTENT="sammanhang,"/><SP WIDTH="20" VPOS="924" HPOS="864"/>
							<String ID="string_153" HPOS="884" VPOS="928" WIDTH="55" HEIGHT="28" WC="0.96" CONTENT="att"/><SP WIDTH="19" VPOS="928" HPOS="939"/>
							<String ID="string_154" HPOS="958" VPOS="921" WIDTH="259" HEIGHT="44" WC="0.96" CONTENT="upprättandet"/><SP WIDTH="20" VPOS="921" HPOS="1217"/>
							<String ID="string_155" HPOS="1237" VPOS="933" WIDTH="45" HEIGHT="21" WC="0.96" CONTENT="av"/><SP WIDTH="19" VPOS="933" HPOS="1282"/>
							<String ID="string_156" HPOS="1301" VPOS="925" WIDTH="53" HEIGHT="29" WC="0.96" CONTENT="ett"/><SP WIDTH="20" VPOS="925" HPOS="1354"/>
							<String ID="string_157" HPOS="1374" VPOS="920" WIDTH="115" HEIGHT="33" WC="0.93" CONTENT="flertal"/><SP WIDTH="20" VPOS="920" HPOS="1489"/>
							<String ID="string_158" HPOS="1509" VPOS="919" WIDTH="68" HEIGHT="34" WC="0.92" CONTENT="för-"/>
						</TextLine>
						<TextLine ID="line_17" HPOS="87" VPOS="964" WIDTH="1491" HEIGHT="48">
							<String ID="string_159" HPOS="87" VPOS="971" WIDTH="200" HEIGHT="34" WC="0.91" CONTENT="söksskolor"/><SP WIDTH="21" VPOS="971" HPOS="287"/>
							<String ID="string_160" HPOS="308" VPOS="970" WIDTH="185" HEIGHT="42" WC="0.96" CONTENT="möjliggör"/><SP WIDTH="22" VPOS="970" HPOS="493"/>
							<String ID="string_161" HPOS="515" VPOS="974" WIDTH="56" HEIGHT="28" WC="0.96" CONTENT="att"/><SP WIDTH="22" VPOS="974" HPOS="571"/>
							<String ID="string_162" HPOS="593" VPOS="968" WIDTH="94" HEIGHT="34" WC="0.95" CONTENT="vissa"/><SP WIDTH="23" VPOS="968" HPOS="687"/>
							<String ID="string_163" HPOS="710" VPOS="967" WIDTH="301" HEIGHT="42" WC="0.96" CONTENT="undersökningar"/><SP WIDTH="22" VPOS="967" HPOS="1011"/>
							<String ID="string_164" HPOS="1033" VPOS="967" WIDTH="71" HEIGHT="33" WC="0.96" CONTENT="kan"/><SP WIDTH="22" VPOS="967" HPOS="1104"/>
							<String ID="string_165" HPOS="1126" VPOS="965" WIDTH="136" HEIGHT="34" WC="0.96" CONTENT="utföras"/><SP WIDTH="23" VPOS="965" HPOS="1262"/>
							<String ID="string_166" HPOS="1285" VPOS="965" WIDTH="174" HEIGHT="42" WC="0.96" CONTENT="parallellt"/><SP WIDTH="23" VPOS="965" HPOS="1459"/>
							<String ID="string_167" HPOS="1482" VPOS="964" WIDTH="10" HEIGHT="33" WC="0.96" CONTENT="i"/><SP WIDTH="23" VPOS="964" HPOS="1492"/>
							<String ID="string_168" HPOS="1515" VPOS="964" WIDTH="63" HEIGHT="33" WC="0.96" CONTENT="två"/>
						</TextLine>
						<TextLine ID="line_18" HPOS="87" VPOS="1008" WIDTH="1492" HEIGHT="45">
							<String ID="string_169" HPOS="87" VPOS="1016" WIDTH="81" HEIGHT="33" WC="0.96" CONTENT="eller"/><SP WIDTH="25" VPOS="1016" HPOS="168"/>
							<String ID="string_170" HPOS="193" VPOS="1015" WIDTH="87" HEIGHT="33" WC="0.96" CONTENT="flera"/><SP WIDTH="25" VPOS="1015" HPOS="280"/>
							<String ID="string_171" HPOS="305" VPOS="1015" WIDTH="126" HEIGHT="33" WC="0.96" CONTENT="skolor."/><SP WIDTH="25" VPOS="1015" HPOS="431"/>
							<String ID="string_172" HPOS="456" VPOS="1014" WIDTH="162" HEIGHT="33" WC="0.96" CONTENT="Bortsett"/><SP WIDTH="25" VPOS="1014" HPOS="618"/>
							<String ID="string_173" HPOS="643" VPOS="1012" WIDTH="79" HEIGHT="34" WC="0.96" CONTENT="från"/><SP WIDTH="27" VPOS="1012" HPOS="722"/>
							<String ID="string_174" HPOS="749" VPOS="1017" WIDTH="55" HEIGHT="28" WC="0.96" CONTENT="att"/><SP WIDTH="25" VPOS="1017" HPOS="804"/>
							<String ID="string_175" HPOS="829" VPOS="1012" WIDTH="206" HEIGHT="41" WC="0.96" CONTENT="underlaget"/><SP WIDTH="25" VPOS="1012" HPOS="1035"/>
							<String ID="string_176" HPOS="1060" VPOS="1010" WIDTH="125" HEIGHT="34" WC="0.96" CONTENT="därvid"/><SP WIDTH="25" VPOS="1010" HPOS="1185"/>
							<String ID="string_177" HPOS="1210" VPOS="1015" WIDTH="79" HEIGHT="28" WC="0.93" CONTENT="rent"/><SP WIDTH="26" VPOS="1015" HPOS="1289"/>
							<String ID="string_178" HPOS="1315" VPOS="1008" WIDTH="264" HEIGHT="42" WC="0.92" CONTENT="antalsmässigt"/>
						</TextLine>
						<TextLine ID="line_19" HPOS="85" VPOS="1054" WIDTH="1494" HEIGHT="46">
							<String ID="string_179" HPOS="85" VPOS="1061" WIDTH="66" HEIGHT="33" WC="0.95" CONTENT="blir"/><SP WIDTH="26" VPOS="1061" HPOS="151"/>
							<String ID="string_180" HPOS="177" VPOS="1064" WIDTH="121" HEIGHT="36" WC="0.95" CONTENT="större,"/><SP WIDTH="26" VPOS="1064" HPOS="298"/>
							<String ID="string_181" HPOS="324" VPOS="1060" WIDTH="124" HEIGHT="32" WC="0.96" CONTENT="vinner"/><SP WIDTH="24" VPOS="1060" HPOS="448"/>
							<String ID="string_182" HPOS="472" VPOS="1071" WIDTH="84" HEIGHT="21" WC="0.96" CONTENT="man"/><SP WIDTH="27" VPOS="1071" HPOS="556"/>
							<String ID="string_183" HPOS="583" VPOS="1058" WIDTH="106" HEIGHT="33" WC="0.96" CONTENT="också"/><SP WIDTH="26" VPOS="1058" HPOS="689"/>
							<String ID="string_184" HPOS="715" VPOS="1057" WIDTH="67" HEIGHT="34" WC="0.95" CONTENT="den"/><SP WIDTH="27" VPOS="1057" HPOS="782"/>
							<String ID="string_185" HPOS="809" VPOS="1057" WIDTH="155" HEIGHT="33" WC="0.96" CONTENT="fördelen"/><SP WIDTH="29" VPOS="1057" HPOS="964"/>
							<String ID="string_186" HPOS="993" VPOS="1060" WIDTH="54" HEIGHT="29" WC="0.95" CONTENT="att"/><SP WIDTH="26" VPOS="1060" HPOS="1047"/>
							<String ID="string_187" HPOS="1073" VPOS="1067" WIDTH="84" HEIGHT="22" WC="0.96" CONTENT="man"/><SP WIDTH="25" VPOS="1067" HPOS="1157"/>
							<String ID="string_188" HPOS="1182" VPOS="1055" WIDTH="71" HEIGHT="33" WC="0.96" CONTENT="kan"/><SP WIDTH="27" VPOS="1055" HPOS="1253"/>
							<String ID="string_189" HPOS="1280" VPOS="1057" WIDTH="82" HEIGHT="39" WC="0.93" CONTENT="göra"/><SP WIDTH="27" VPOS="1057" HPOS="1362"/>
							<String ID="string_190" HPOS="1389" VPOS="1054" WIDTH="190" HEIGHT="34" WC="0.92" CONTENT="undersök-"/>
						</TextLine>
						<TextLine ID="line_20" HPOS="88" VPOS="1097" WIDTH="1491" HEIGHT="50">
							<String ID="string_191" HPOS="88" VPOS="1104" WIDTH="172" HEIGHT="43" WC="0.96" CONTENT="ningarna"/><SP WIDTH="14" VPOS="1104" HPOS="260"/>
							<String ID="string_192" HPOS="274" VPOS="1104" WIDTH="11" HEIGHT="33" WC="0.95" CONTENT="i"/><SP WIDTH="16" VPOS="1104" HPOS="285"/>
							<String ID="string_193" HPOS="301" VPOS="1103" WIDTH="205" HEIGHT="34" WC="0.93" CONTENT="varierande"/><SP WIDTH="16" VPOS="1103" HPOS="506"/>
							<String ID="string_194" HPOS="522" VPOS="1101" WIDTH="224" HEIGHT="42" WC="0.92" CONTENT="skolmiljöer,"/><SP WIDTH="15" VPOS="1101" HPOS="746"/>
							<String ID="string_195" HPOS="761" VPOS="1101" WIDTH="111" HEIGHT="33" WC="0.96" CONTENT="vilket"/><SP WIDTH="15" VPOS="1101" HPOS="872"/>
							<String ID="string_196" HPOS="887" VPOS="1100" WIDTH="150" HEIGHT="43" WC="0.96" CONTENT="givetvis"/><SP WIDTH="16" VPOS="1100" HPOS="1037"/>
							<String ID="string_197" HPOS="1053" VPOS="1100" WIDTH="86" HEIGHT="33" WC="0.93" CONTENT="ökar"/><SP WIDTH="15" VPOS="1100" HPOS="1139"/>
							<String ID="string_198" HPOS="1154" VPOS="1099" WIDTH="211" HEIGHT="33" WC="0.91" CONTENT="resultatens"/><SP WIDTH="15" VPOS="1099" HPOS="1365"/>
							<String ID="string_199" HPOS="1380" VPOS="1097" WIDTH="199" HEIGHT="43" WC="0.96" CONTENT="pålitlighet"/>
						</TextLine>
						<TextLine ID="line_21" HPOS="88" VPOS="1143" WIDTH="1231" HEIGHT="46">
							<String ID="string_200" HPOS="88" VPOS="1150" WIDTH="66" HEIGHT="33" WC="0.96" CONTENT="och"/><SP WIDTH="20" VPOS="1150" HPOS="154"/>
							<String ID="string_201" HPOS="174" VPOS="1150" WIDTH="11" HEIGHT="33" WC="0.96" CONTENT="i"/><SP WIDTH="21" VPOS="1150" HPOS="185"/>
							<String ID="string_202" HPOS="206" VPOS="1152" WIDTH="111" HEIGHT="30" WC="0.96" CONTENT="större"/><SP WIDTH="19" VPOS="1152" HPOS="317"/>
							<String ID="string_203" HPOS="336" VPOS="1147" WIDTH="248" HEIGHT="42" WC="0.96" CONTENT="utsträckning"/><SP WIDTH="19" VPOS="1147" HPOS="584"/>
							<String ID="string_204" HPOS="603" VPOS="1146" WIDTH="185" HEIGHT="42" WC="0.96" CONTENT="möjliggör"/><SP WIDTH="21" VPOS="1146" HPOS="788"/>
							<String ID="string_205" HPOS="809" VPOS="1151" WIDTH="55" HEIGHT="28" WC="0.96" CONTENT="att"/><SP WIDTH="20" VPOS="1151" HPOS="864"/>
							<String ID="string_206" HPOS="884" VPOS="1157" WIDTH="83" HEIGHT="21" WC="0.96" CONTENT="man"/><SP WIDTH="20" VPOS="1157" HPOS="967"/>
							<String ID="string_207" HPOS="987" VPOS="1145" WIDTH="70" HEIGHT="32" WC="0.96" CONTENT="kan"/><SP WIDTH="22" VPOS="1145" HPOS="1057"/>
							<String ID="string_208" HPOS="1079" VPOS="1143" WIDTH="240" HEIGHT="43" WC="0.96" CONTENT="generalisera."/>
						</TextLine>
					</TextBlock>
					<TextBlock ID="block_4" HPOS="89" VPOS="1195" WIDTH="1494" HEIGHT="491">
						<TextLine ID="line_22" HPOS="134" VPOS="1195" WIDTH="1445" HEIGHT="47">
							<String ID="string_209" HPOS="134" VPOS="1201" WIDTH="124" HEIGHT="33" WC="0.90" CONTENT="Husén"/><SP WIDTH="19" VPOS="1201" HPOS="258"/>
							<String ID="string_210" HPOS="277" VPOS="1199" WIDTH="263" HEIGHT="43" WC="0.96" CONTENT="understryker,"/><SP WIDTH="21" VPOS="1199" HPOS="540"/>
							<String ID="string_211" HPOS="561" VPOS="1203" WIDTH="54" HEIGHT="29" WC="0.96" CONTENT="att"/><SP WIDTH="20" VPOS="1203" HPOS="615"/>
							<String ID="string_212" HPOS="635" VPOS="1198" WIDTH="124" HEIGHT="43" WC="0.96" CONTENT="frågan"/><SP WIDTH="20" VPOS="1198" HPOS="759"/>
							<String ID="string_213" HPOS="779" VPOS="1210" WIDTH="59" HEIGHT="21" WC="0.93" CONTENT="om"/><SP WIDTH="19" VPOS="1210" HPOS="838"/>
							<String ID="string_214" HPOS="857" VPOS="1197" WIDTH="369" HEIGHT="43" WC="0.92" CONTENT="representativiteten"/><SP WIDTH="19" VPOS="1197" HPOS="1226"/>
							<String ID="string_215" HPOS="1245" VPOS="1196" WIDTH="63" HEIGHT="34" WC="0.93" CONTENT="hos"/><SP WIDTH="22" VPOS="1196" HPOS="1308"/>
							<String ID="string_216" HPOS="1330" VPOS="1195" WIDTH="249" HEIGHT="34" WC="0.91" CONTENT="barnmaterial"/>
						</TextLine>
						<TextLine ID="line_23" HPOS="89" VPOS="1241" WIDTH="1491" HEIGHT="44">
							<String ID="string_217" HPOS="89" VPOS="1246" WIDTH="66" HEIGHT="33" WC="0.96" CONTENT="och"/><SP WIDTH="19" VPOS="1246" HPOS="155"/>
							<String ID="string_218" HPOS="174" VPOS="1246" WIDTH="112" HEIGHT="32" WC="0.95" CONTENT="lärare"/><SP WIDTH="21" VPOS="1246" HPOS="286"/>
							<String ID="string_219" HPOS="307" VPOS="1248" WIDTH="37" HEIGHT="30" WC="0.96" CONTENT="är"/><SP WIDTH="19" VPOS="1248" HPOS="344"/>
							<String ID="string_220" HPOS="363" VPOS="1244" WIDTH="185" HEIGHT="41" WC="0.95" CONTENT="väsentlig."/><SP WIDTH="20" VPOS="1244" HPOS="548"/>
							<String ID="string_221" HPOS="568" VPOS="1244" WIDTH="18" HEIGHT="32" WC="0.96" CONTENT="I"/><SP WIDTH="19" VPOS="1244" HPOS="586"/>
							<String ID="string_222" HPOS="605" VPOS="1242" WIDTH="100" HEIGHT="43" WC="0.96" CONTENT="fråga"/><SP WIDTH="19" VPOS="1242" HPOS="705"/>
							<String ID="string_223" HPOS="724" VPOS="1255" WIDTH="57" HEIGHT="21" WC="0.93" CONTENT="om"/><SP WIDTH="22" VPOS="1255" HPOS="781"/>
							<String ID="string_224" HPOS="803" VPOS="1242" WIDTH="287" HEIGHT="34" WC="0.92" CONTENT="barnmaterialet"/><SP WIDTH="19" VPOS="1242" HPOS="1090"/>
							<String ID="string_225" HPOS="1109" VPOS="1242" WIDTH="72" HEIGHT="33" WC="0.96" CONTENT="kan"/><SP WIDTH="19" VPOS="1242" HPOS="1181"/>
							<String ID="string_226" HPOS="1200" VPOS="1241" WIDTH="123" HEIGHT="42" WC="0.95" CONTENT="frågan"/><SP WIDTH="20" VPOS="1241" HPOS="1323"/>
							<String ID="string_227" HPOS="1343" VPOS="1241" WIDTH="91" HEIGHT="33" WC="0.96" CONTENT="lösas"/><SP WIDTH="20" VPOS="1241" HPOS="1434"/>
							<String ID="string_228" HPOS="1454" VPOS="1252" WIDTH="126" HEIGHT="30" WC="0.96" CONTENT="genom"/>
						</TextLine>
						<TextLine ID="line_24" HPOS="90" VPOS="1285" WIDTH="1491" HEIGHT="46">
							<String ID="string_229" HPOS="90" VPOS="1295" WIDTH="55" HEIGHT="28" WC="0.96" CONTENT="att"/><SP WIDTH="18" VPOS="1295" HPOS="145"/>
							<String ID="string_230" HPOS="163" VPOS="1290" WIDTH="161" HEIGHT="33" WC="0.96" CONTENT="eleverna"/><SP WIDTH="18" VPOS="1290" HPOS="324"/>
							<String ID="string_231" HPOS="342" VPOS="1289" WIDTH="199" HEIGHT="42" WC="0.96" CONTENT="rekryteras"/><SP WIDTH="18" VPOS="1289" HPOS="541"/>
							<String ID="string_232" HPOS="559" VPOS="1288" WIDTH="52" HEIGHT="33" WC="0.92" CONTENT="till"/><SP WIDTH="19" VPOS="1288" HPOS="611"/>
							<String ID="string_233" HPOS="630" VPOS="1287" WIDTH="262" HEIGHT="34" WC="0.92" CONTENT="försöksskolan"/><SP WIDTH="18" VPOS="1287" HPOS="892"/>
							<String ID="string_234" HPOS="910" VPOS="1286" WIDTH="108" HEIGHT="42" WC="0.96" CONTENT="enligt"/><SP WIDTH="19" VPOS="1286" HPOS="1018"/>
							<String ID="string_235" HPOS="1037" VPOS="1298" WIDTH="135" HEIGHT="21" WC="0.96" CONTENT="samma"/><SP WIDTH="18" VPOS="1298" HPOS="1172"/>
							<String ID="string_236" HPOS="1190" VPOS="1285" WIDTH="174" HEIGHT="43" WC="0.96" CONTENT="principer"/><SP WIDTH="18" VPOS="1285" HPOS="1364"/>
							<String ID="string_237" HPOS="1382" VPOS="1297" WIDTH="75" HEIGHT="21" WC="0.96" CONTENT="som"/><SP WIDTH="18" VPOS="1297" HPOS="1457"/>
							<String ID="string_238" HPOS="1475" VPOS="1285" WIDTH="106" HEIGHT="41" WC="0.96" CONTENT="gäller"/>
						</TextLine>
						<TextLine ID="line_25" HPOS="89" VPOS="1329" WIDTH="1492" HEIGHT="46">
							<String ID="string_239" HPOS="89" VPOS="1334" WIDTH="225" HEIGHT="34" WC="0.96" CONTENT="beträffande"/><SP WIDTH="21" VPOS="1334" HPOS="314"/>
							<String ID="string_240" HPOS="335" VPOS="1333" WIDTH="122" HEIGHT="42" WC="0.96" CONTENT="övriga"/><SP WIDTH="21" VPOS="1333" HPOS="457"/>
							<String ID="string_241" HPOS="478" VPOS="1333" WIDTH="115" HEIGHT="33" WC="0.96" CONTENT="skolor"/><SP WIDTH="20" VPOS="1333" HPOS="593"/>
							<String ID="string_242" HPOS="613" VPOS="1332" WIDTH="47" HEIGHT="42" WC="0.96" CONTENT="på"/><SP WIDTH="21" VPOS="1332" HPOS="660"/>
							<String ID="string_243" HPOS="681" VPOS="1337" WIDTH="112" HEIGHT="28" WC="0.95" CONTENT="orten."/><SP WIDTH="21" VPOS="1337" HPOS="793"/>
							<String ID="string_244" HPOS="814" VPOS="1332" WIDTH="91" HEIGHT="32" WC="0.96" CONTENT="Man"/><SP WIDTH="21" VPOS="1332" HPOS="905"/>
							<String ID="string_245" HPOS="926" VPOS="1331" WIDTH="63" HEIGHT="33" WC="0.96" CONTENT="bör"/><SP WIDTH="21" VPOS="1331" HPOS="989"/>
							<String ID="string_246" HPOS="1010" VPOS="1331" WIDTH="91" HEIGHT="33" WC="0.96" CONTENT="dock"/><SP WIDTH="21" VPOS="1331" HPOS="1101"/>
							<String ID="string_247" HPOS="1122" VPOS="1331" WIDTH="142" HEIGHT="38" WC="0.96" CONTENT="beakta,"/><SP WIDTH="22" VPOS="1331" HPOS="1264"/>
							<String ID="string_248" HPOS="1286" VPOS="1334" WIDTH="56" HEIGHT="29" WC="0.96" CONTENT="att"/><SP WIDTH="20" VPOS="1334" HPOS="1342"/>
							<String ID="string_249" HPOS="1362" VPOS="1329" WIDTH="219" HEIGHT="33" WC="0.96" CONTENT="föräldrarna"/>
						</TextLine>
						<TextLine ID="line_26" HPOS="89" VPOS="1373" WIDTH="1492" HEIGHT="48">
							<String ID="string_250" HPOS="89" VPOS="1380" WIDTH="47" HEIGHT="41" WC="0.96" CONTENT="på"/><SP WIDTH="21" VPOS="1380" HPOS="136"/>
							<String ID="string_251" HPOS="157" VPOS="1384" WIDTH="101" HEIGHT="28" WC="0.96" CONTENT="orten"/><SP WIDTH="21" VPOS="1384" HPOS="258"/>
							<String ID="string_252" HPOS="279" VPOS="1379" WIDTH="71" HEIGHT="32" WC="0.96" CONTENT="kan"/><SP WIDTH="20" VPOS="1379" HPOS="350"/>
							<String ID="string_253" HPOS="370" VPOS="1378" WIDTH="146" HEIGHT="33" WC="0.95" CONTENT="komma"/><SP WIDTH="21" VPOS="1378" HPOS="516"/>
							<String ID="string_254" HPOS="537" VPOS="1382" WIDTH="55" HEIGHT="28" WC="0.96" CONTENT="att"/><SP WIDTH="21" VPOS="1382" HPOS="592"/>
							<String ID="string_255" HPOS="613" VPOS="1376" WIDTH="86" HEIGHT="41" WC="0.96" CONTENT="vilja"/><SP WIDTH="20" VPOS="1376" HPOS="699"/>
							<String ID="string_256" HPOS="719" VPOS="1376" WIDTH="217" HEIGHT="33" WC="0.96" CONTENT="konkurrera"/><SP WIDTH="21" VPOS="1376" HPOS="936"/>
							<String ID="string_257" HPOS="957" VPOS="1388" WIDTH="58" HEIGHT="20" WC="0.95" CONTENT="om"/><SP WIDTH="22" VPOS="1388" HPOS="1015"/>
							<String ID="string_258" HPOS="1037" VPOS="1380" WIDTH="55" HEIGHT="28" WC="0.96" CONTENT="att"/><SP WIDTH="21" VPOS="1380" HPOS="1092"/>
							<String ID="string_259" HPOS="1113" VPOS="1375" WIDTH="37" HEIGHT="33" WC="0.96" CONTENT="få"/><SP WIDTH="20" VPOS="1375" HPOS="1150"/>
							<String ID="string_260" HPOS="1170" VPOS="1374" WIDTH="36" HEIGHT="33" WC="0.96" CONTENT="in"/><SP WIDTH="22" VPOS="1374" HPOS="1206"/>
							<String ID="string_261" HPOS="1228" VPOS="1374" WIDTH="76" HEIGHT="34" WC="0.96" CONTENT="sina"/><SP WIDTH="21" VPOS="1374" HPOS="1304"/>
							<String ID="string_262" HPOS="1325" VPOS="1374" WIDTH="88" HEIGHT="33" WC="0.96" CONTENT="barn"/><SP WIDTH="21" VPOS="1374" HPOS="1413"/>
							<String ID="string_263" HPOS="1434" VPOS="1374" WIDTH="10" HEIGHT="32" WC="0.96" CONTENT="i"/><SP WIDTH="22" VPOS="1374" HPOS="1444"/>
							<String ID="string_264" HPOS="1466" VPOS="1373" WIDTH="115" HEIGHT="33" WC="0.96" CONTENT="denna"/>
						</TextLine>
						<TextLine ID="line_27" HPOS="91" VPOS="1418" WIDTH="1491" HEIGHT="44">
							<String ID="string_265" HPOS="91" VPOS="1424" WIDTH="110" HEIGHT="38" WC="0.96" CONTENT="skola,"/><SP WIDTH="20" VPOS="1424" HPOS="201"/>
							<String ID="string_266" HPOS="221" VPOS="1423" WIDTH="46" HEIGHT="33" WC="0.95" CONTENT="då"/><SP WIDTH="19" VPOS="1423" HPOS="267"/>
							<String ID="string_267" HPOS="286" VPOS="1434" WIDTH="83" HEIGHT="22" WC="0.96" CONTENT="man"/><SP WIDTH="20" VPOS="1434" HPOS="369"/>
							<String ID="string_268" HPOS="389" VPOS="1422" WIDTH="71" HEIGHT="33" WC="0.95" CONTENT="kan"/><SP WIDTH="20" VPOS="1422" HPOS="460"/>
							<String ID="string_269" HPOS="480" VPOS="1421" WIDTH="193" HEIGHT="33" WC="0.95" CONTENT="förutsätta"/><SP WIDTH="22" VPOS="1421" HPOS="673"/>
							<String ID="string_270" HPOS="695" VPOS="1425" WIDTH="55" HEIGHT="28" WC="0.95" CONTENT="att"/><SP WIDTH="20" VPOS="1425" HPOS="750"/>
							<String ID="string_271" HPOS="770" VPOS="1420" WIDTH="68" HEIGHT="33" WC="0.96" CONTENT="den"/><SP WIDTH="19" VPOS="1420" HPOS="838"/>
							<String ID="string_272" HPOS="857" VPOS="1420" WIDTH="47" HEIGHT="42" WC="0.96" CONTENT="på"/><SP WIDTH="19" VPOS="1420" HPOS="904"/>
							<String ID="string_273" HPOS="923" VPOS="1419" WIDTH="113" HEIGHT="42" WC="0.96" CONTENT="grund"/><SP WIDTH="21" VPOS="1419" HPOS="1036"/>
							<String ID="string_274" HPOS="1057" VPOS="1431" WIDTH="45" HEIGHT="20" WC="0.96" CONTENT="av"/><SP WIDTH="20" VPOS="1431" HPOS="1102"/>
							<String ID="string_275" HPOS="1122" VPOS="1419" WIDTH="53" HEIGHT="33" WC="0.96" CONTENT="sin"/><SP WIDTH="19" VPOS="1419" HPOS="1175"/>
							<String ID="string_276" HPOS="1194" VPOS="1418" WIDTH="163" HEIGHT="39" WC="0.96" CONTENT="kvalitet,"/><SP WIDTH="20" VPOS="1418" HPOS="1357"/>
							<String ID="string_277" HPOS="1377" VPOS="1418" WIDTH="75" HEIGHT="33" WC="0.96" CONTENT="icke"/><SP WIDTH="21" VPOS="1418" HPOS="1452"/>
							<String ID="string_278" HPOS="1473" VPOS="1418" WIDTH="109" HEIGHT="32" WC="0.96" CONTENT="minst"/>
						</TextLine>
						<TextLine ID="line_28" HPOS="91" VPOS="1462" WIDTH="1491" HEIGHT="42">
							<String ID="string_279" HPOS="91" VPOS="1468" WIDTH="70" HEIGHT="32" WC="0.96" CONTENT="vad"/><SP WIDTH="25" VPOS="1468" HPOS="161"/>
							<String ID="string_280" HPOS="186" VPOS="1466" WIDTH="172" HEIGHT="34" WC="0.95" CONTENT="beträffar"/><SP WIDTH="24" VPOS="1466" HPOS="358"/>
							<String ID="string_281" HPOS="382" VPOS="1466" WIDTH="151" HEIGHT="38" WC="0.95" CONTENT="lärarna,"/><SP WIDTH="25" VPOS="1466" HPOS="533"/>
							<String ID="string_282" HPOS="558" VPOS="1465" WIDTH="70" HEIGHT="33" WC="0.96" CONTENT="kan"/><SP WIDTH="25" VPOS="1465" HPOS="628"/>
							<String ID="string_283" HPOS="653" VPOS="1464" WIDTH="48" HEIGHT="33" WC="0.96" CONTENT="bli"/><SP WIDTH="25" VPOS="1464" HPOS="701"/>
							<String ID="string_284" HPOS="726" VPOS="1476" WIDTH="97" HEIGHT="21" WC="0.96" CONTENT="mera"/><SP WIDTH="24" VPOS="1476" HPOS="823"/>
							<String ID="string_285" HPOS="847" VPOS="1463" WIDTH="170" HEIGHT="34" WC="0.96" CONTENT="lockande"/><SP WIDTH="27" VPOS="1463" HPOS="1017"/>
							<String ID="string_286" HPOS="1044" VPOS="1466" WIDTH="44" HEIGHT="30" WC="0.96" CONTENT="än"/><SP WIDTH="25" VPOS="1466" HPOS="1088"/>
							<String ID="string_287" HPOS="1113" VPOS="1462" WIDTH="122" HEIGHT="42" WC="0.96" CONTENT="övriga"/><SP WIDTH="25" VPOS="1462" HPOS="1235"/>
							<String ID="string_288" HPOS="1260" VPOS="1462" WIDTH="115" HEIGHT="33" WC="0.96" CONTENT="skolor"/><SP WIDTH="24" VPOS="1462" HPOS="1375"/>
							<String ID="string_289" HPOS="1399" VPOS="1462" WIDTH="47" HEIGHT="42" WC="0.96" CONTENT="på"/><SP WIDTH="24" VPOS="1462" HPOS="1446"/>
							<String ID="string_290" HPOS="1470" VPOS="1467" WIDTH="112" HEIGHT="28" WC="0.96" CONTENT="orten."/>
						</TextLine>
						<TextLine ID="line_29" HPOS="90" VPOS="1506" WIDTH="1492" HEIGHT="47">
							<String ID="string_291" HPOS="90" VPOS="1512" WIDTH="77" HEIGHT="33" WC="0.96" CONTENT="När"/><SP WIDTH="23" VPOS="1512" HPOS="167"/>
							<String ID="string_292" HPOS="190" VPOS="1512" WIDTH="61" HEIGHT="33" WC="0.96" CONTENT="det"/><SP WIDTH="24" VPOS="1512" HPOS="251"/>
							<String ID="string_293" HPOS="275" VPOS="1511" WIDTH="105" HEIGHT="42" WC="0.93" CONTENT="gäller"/><SP WIDTH="23" VPOS="1511" HPOS="380"/>
							<String ID="string_294" HPOS="403" VPOS="1508" WIDTH="357" HEIGHT="43" WC="0.91" CONTENT="lärarrekryteringen"/><SP WIDTH="25" VPOS="1508" HPOS="760"/>
							<String ID="string_295" HPOS="785" VPOS="1508" WIDTH="140" HEIGHT="33" WC="0.93" CONTENT="avvisar"/><SP WIDTH="24" VPOS="1508" HPOS="925"/>
							<String ID="string_296" HPOS="949" VPOS="1508" WIDTH="122" HEIGHT="33" WC="0.89" CONTENT="Husén"/><SP WIDTH="25" VPOS="1508" HPOS="1071"/>
							<String ID="string_297" HPOS="1096" VPOS="1519" WIDTH="45" HEIGHT="21" WC="0.96" CONTENT="av"/><SP WIDTH="24" VPOS="1519" HPOS="1141"/>
							<String ID="string_298" HPOS="1165" VPOS="1506" WIDTH="108" HEIGHT="34" WC="0.96" CONTENT="bland"/><SP WIDTH="25" VPOS="1506" HPOS="1273"/>
							<String ID="string_299" HPOS="1298" VPOS="1511" WIDTH="110" HEIGHT="28" WC="0.93" CONTENT="annat"/><SP WIDTH="23" VPOS="1511" HPOS="1408"/>
							<String ID="string_300" HPOS="1431" VPOS="1506" WIDTH="151" HEIGHT="42" WC="0.90" CONTENT="pedago-"/>
						</TextLine>
						<TextLine ID="line_30" HPOS="90" VPOS="1550" WIDTH="1493" HEIGHT="48">
							<String ID="string_301" HPOS="90" VPOS="1557" WIDTH="99" HEIGHT="41" WC="0.90" CONTENT="giska"/><SP WIDTH="22" VPOS="1557" HPOS="189"/>
							<String ID="string_302" HPOS="211" VPOS="1556" WIDTH="65" HEIGHT="33" WC="0.93" CONTENT="och"/><SP WIDTH="22" VPOS="1556" HPOS="276"/>
							<String ID="string_303" HPOS="298" VPOS="1553" WIDTH="445" HEIGHT="43" WC="0.91" CONTENT="undersökningstekniska"/><SP WIDTH="21" VPOS="1553" HPOS="743"/>
							<String ID="string_304" HPOS="764" VPOS="1552" WIDTH="74" HEIGHT="34" WC="0.96" CONTENT="skäl"/><SP WIDTH="23" VPOS="1552" HPOS="838"/>
							<String ID="string_305" HPOS="861" VPOS="1552" WIDTH="133" HEIGHT="33" WC="0.96" CONTENT="tanken"/><SP WIDTH="22" VPOS="1552" HPOS="994"/>
							<String ID="string_306" HPOS="1016" VPOS="1552" WIDTH="46" HEIGHT="42" WC="0.96" CONTENT="på"/><SP WIDTH="22" VPOS="1552" HPOS="1062"/>
							<String ID="string_307" HPOS="1084" VPOS="1556" WIDTH="55" HEIGHT="28" WC="0.96" CONTENT="att"/><SP WIDTH="22" VPOS="1556" HPOS="1139"/>
							<String ID="string_308" HPOS="1161" VPOS="1550" WIDTH="183" HEIGHT="43" WC="0.93" CONTENT="tillgodose"/><SP WIDTH="23" VPOS="1550" HPOS="1344"/>
							<String ID="string_309" HPOS="1367" VPOS="1550" WIDTH="216" HEIGHT="34" WC="0.92" CONTENT="försökssko-"/>
						</TextLine>
						<TextLine ID="line_31" HPOS="91" VPOS="1594" WIDTH="1492" HEIGHT="43">
							<String ID="string_310" HPOS="91" VPOS="1602" WIDTH="98" HEIGHT="33" WC="0.91" CONTENT="lorna"/><SP WIDTH="16" VPOS="1602" HPOS="189"/>
							<String ID="string_311" HPOS="205" VPOS="1600" WIDTH="80" HEIGHT="33" WC="0.96" CONTENT="med"/><SP WIDTH="16" VPOS="1600" HPOS="285"/>
							<String ID="string_312" HPOS="301" VPOS="1600" WIDTH="120" HEIGHT="36" WC="0.96" CONTENT="lärare,"/><SP WIDTH="16" VPOS="1600" HPOS="421"/>
							<String ID="string_313" HPOS="437" VPOS="1611" WIDTH="77" HEIGHT="21" WC="0.96" CONTENT="som"/><SP WIDTH="16" VPOS="1611" HPOS="514"/>
							<String ID="string_314" HPOS="530" VPOS="1597" WIDTH="223" HEIGHT="35" WC="0.93" CONTENT="beträffande"/><SP WIDTH="17" VPOS="1597" HPOS="753"/>
							<String ID="string_315" HPOS="770" VPOS="1595" WIDTH="478" HEIGHT="42" WC="0.90" CONTENT="undervisningsskicklighet"/><SP WIDTH="16" VPOS="1595" HPOS="1248"/>
							<String ID="string_316" HPOS="1264" VPOS="1595" WIDTH="65" HEIGHT="33" WC="0.96" CONTENT="och"/><SP WIDTH="17" VPOS="1595" HPOS="1329"/>
							<String ID="string_317" HPOS="1346" VPOS="1594" WIDTH="121" HEIGHT="42" WC="0.92" CONTENT="övriga"/><SP WIDTH="17" VPOS="1594" HPOS="1467"/>
							<String ID="string_318" HPOS="1484" VPOS="1594" WIDTH="99" HEIGHT="34" WC="0.91" CONTENT="meri-"/>
						</TextLine>
						<TextLine ID="line_32" HPOS="92" VPOS="1639" WIDTH="1430" HEIGHT="47">
							<String ID="string_319" HPOS="92" VPOS="1650" WIDTH="53" HEIGHT="29" WC="0.96" CONTENT="ter"/><SP WIDTH="17" VPOS="1650" HPOS="145"/>
							<String ID="string_320" HPOS="162" VPOS="1645" WIDTH="151" HEIGHT="33" WC="0.96" CONTENT="fördelar"/><SP WIDTH="17" VPOS="1645" HPOS="313"/>
							<String ID="string_321" HPOS="330" VPOS="1644" WIDTH="51" HEIGHT="42" WC="0.96" CONTENT="sig"/><SP WIDTH="16" VPOS="1644" HPOS="381"/>
							<String ID="string_322" HPOS="397" VPOS="1644" WIDTH="46" HEIGHT="42" WC="0.96" CONTENT="på"/><SP WIDTH="17" VPOS="1644" HPOS="443"/>
							<String ID="string_323" HPOS="460" VPOS="1655" WIDTH="135" HEIGHT="22" WC="0.96" CONTENT="samma"/><SP WIDTH="18" VPOS="1655" HPOS="595"/>
							<String ID="string_324" HPOS="613" VPOS="1646" WIDTH="73" HEIGHT="30" WC="0.96" CONTENT="sätt"/><SP WIDTH="17" VPOS="1646" HPOS="686"/>
							<String ID="string_325" HPOS="703" VPOS="1654" WIDTH="77" HEIGHT="22" WC="0.95" CONTENT="som"/><SP WIDTH="17" VPOS="1654" HPOS="780"/>
							<String ID="string_326" HPOS="797" VPOS="1642" WIDTH="67" HEIGHT="33" WC="0.95" CONTENT="alla"/><SP WIDTH="17" VPOS="1642" HPOS="864"/>
							<String ID="string_327" HPOS="881" VPOS="1642" WIDTH="110" HEIGHT="32" WC="0.96" CONTENT="lärare"/><SP WIDTH="18" VPOS="1642" HPOS="991"/>
							<String ID="string_328" HPOS="1009" VPOS="1641" WIDTH="10" HEIGHT="32" WC="0.92" CONTENT="1"/><SP WIDTH="17" VPOS="1641" HPOS="1019"/>
							<String ID="string_329" HPOS="1036" VPOS="1640" WIDTH="120" HEIGHT="34" WC="0.96" CONTENT="landet"/><SP WIDTH="18" VPOS="1640" HPOS="1156"/>
							<String ID="string_330" HPOS="1174" VPOS="1640" WIDTH="47" HEIGHT="42" WC="0.96" CONTENT="på"/><SP WIDTH="16" VPOS="1640" HPOS="1221"/>
							<String ID="string_331" HPOS="1237" VPOS="1639" WIDTH="131" HEIGHT="34" WC="0.96" CONTENT="stadiet"/><SP WIDTH="17" VPOS="1639" HPOS="1368"/>
							<String ID="string_332" HPOS="1385" VPOS="1639" WIDTH="10" HEIGHT="33" WC="0.96" CONTENT="i"/><SP WIDTH="18" VPOS="1639" HPOS="1395"/>
							<String ID="string_333" HPOS="1413" VPOS="1639" WIDTH="109" HEIGHT="42" WC="0.96" CONTENT="fråga."/>
						</TextLine>
					</TextBlock>
					<TextBlock ID="block_5" HPOS="92" VPOS="1690" WIDTH="1497" HEIGHT="840">
						<TextLine ID="line_33" HPOS="137" VPOS="1690" WIDTH="1446" HEIGHT="46">
							<String ID="string_334" HPOS="137" VPOS="1694" WIDTH="318" HEIGHT="42" WC="0.96" CONTENT="Förutsättningen"/><SP WIDTH="21" VPOS="1694" HPOS="455"/>
							<String ID="string_335" HPOS="476" VPOS="1693" WIDTH="53" HEIGHT="33" WC="0.96" CONTENT="för"/><SP WIDTH="22" VPOS="1693" HPOS="529"/>
							<String ID="string_336" HPOS="551" VPOS="1698" WIDTH="55" HEIGHT="29" WC="0.96" CONTENT="att"/><SP WIDTH="19" VPOS="1698" HPOS="606"/>
							<String ID="string_337" HPOS="625" VPOS="1705" WIDTH="84" HEIGHT="21" WC="0.96" CONTENT="man"/><SP WIDTH="21" VPOS="1705" HPOS="709"/>
							<String ID="string_338" HPOS="730" VPOS="1694" WIDTH="81" HEIGHT="32" WC="0.96" CONTENT="med"/><SP WIDTH="21" VPOS="1694" HPOS="811"/>
							<String ID="string_339" HPOS="832" VPOS="1693" WIDTH="184" HEIGHT="42" WC="0.96" CONTENT="framgång"/><SP WIDTH="20" VPOS="1693" HPOS="1016"/>
							<String ID="string_340" HPOS="1036" VPOS="1693" WIDTH="87" HEIGHT="33" WC="0.95" CONTENT="skall"/><SP WIDTH="21" VPOS="1693" HPOS="1123"/>
							<String ID="string_341" HPOS="1144" VPOS="1693" WIDTH="122" HEIGHT="33" WC="0.96" CONTENT="kunna"/><SP WIDTH="21" VPOS="1693" HPOS="1266"/>
							<String ID="string_342" HPOS="1287" VPOS="1692" WIDTH="146" HEIGHT="33" WC="0.93" CONTENT="bedriva"/><SP WIDTH="20" VPOS="1692" HPOS="1433"/>
							<String ID="string_343" HPOS="1453" VPOS="1690" WIDTH="130" HEIGHT="43" WC="0.90" CONTENT="experi-"/>
						</TextLine>
						<TextLine ID="line_34" HPOS="92" VPOS="1736" WIDTH="1492" HEIGHT="42">
							<String ID="string_344" HPOS="92" VPOS="1744" WIDTH="100" HEIGHT="28" WC="0.96" CONTENT="ment"/><SP WIDTH="22" VPOS="1744" HPOS="192"/>
							<String ID="string_345" HPOS="214" VPOS="1740" WIDTH="65" HEIGHT="32" WC="0.96" CONTENT="och"/><SP WIDTH="22" VPOS="1740" HPOS="279"/>
							<String ID="string_346" HPOS="301" VPOS="1739" WIDTH="118" HEIGHT="33" WC="0.95" CONTENT="försök"/><SP WIDTH="22" VPOS="1739" HPOS="419"/>
							<String ID="string_347" HPOS="441" VPOS="1738" WIDTH="60" HEIGHT="33" WC="0.91" CONTENT="vid"/><SP WIDTH="23" VPOS="1738" HPOS="501"/>
							<String ID="string_348" HPOS="524" VPOS="1738" WIDTH="261" HEIGHT="33" WC="0.91" CONTENT="försöksskolan"/><SP WIDTH="23" VPOS="1738" HPOS="785"/>
							<String ID="string_349" HPOS="808" VPOS="1741" WIDTH="49" HEIGHT="36" WC="0.96" CONTENT="är,"/><SP WIDTH="22" VPOS="1741" HPOS="857"/>
							<String ID="string_350" HPOS="879" VPOS="1742" WIDTH="55" HEIGHT="29" WC="0.96" CONTENT="att"/><SP WIDTH="22" VPOS="1742" HPOS="934"/>
							<String ID="string_351" HPOS="956" VPOS="1737" WIDTH="59" HEIGHT="33" WC="0.96" CONTENT="vid"/><SP WIDTH="23" VPOS="1737" HPOS="1015"/>
							<String ID="string_352" HPOS="1038" VPOS="1737" WIDTH="122" HEIGHT="33" WC="0.96" CONTENT="skolan"/><SP WIDTH="22" VPOS="1737" HPOS="1160"/>
							<String ID="string_353" HPOS="1182" VPOS="1736" WIDTH="270" HEIGHT="42" WC="0.96" CONTENT="tjänstgörande"/><SP WIDTH="21" VPOS="1736" HPOS="1452"/>
							<String ID="string_354" HPOS="1473" VPOS="1736" WIDTH="111" HEIGHT="32" WC="0.96" CONTENT="lärare"/>
						</TextLine>
						<TextLine ID="line_35" HPOS="93" VPOS="1779" WIDTH="1491" HEIGHT="46">
							<String ID="string_355" HPOS="93" VPOS="1784" WIDTH="119" HEIGHT="33" WC="0.96" CONTENT="ställer"/><SP WIDTH="20" VPOS="1784" HPOS="212"/>
							<String ID="string_356" HPOS="232" VPOS="1783" WIDTH="51" HEIGHT="42" WC="0.96" CONTENT="sig"/><SP WIDTH="18" VPOS="1783" HPOS="283"/>
							<String ID="string_357" HPOS="301" VPOS="1783" WIDTH="154" HEIGHT="42" WC="0.96" CONTENT="positiva"/><SP WIDTH="20" VPOS="1783" HPOS="455"/>
							<String ID="string_358" HPOS="475" VPOS="1782" WIDTH="53" HEIGHT="33" WC="0.96" CONTENT="till"/><SP WIDTH="20" VPOS="1782" HPOS="528"/>
							<String ID="string_359" HPOS="548" VPOS="1783" WIDTH="65" HEIGHT="33" WC="0.96" CONTENT="och"/><SP WIDTH="20" VPOS="1783" HPOS="613"/>
							<String ID="string_360" HPOS="633" VPOS="1782" WIDTH="148" HEIGHT="33" WC="0.96" CONTENT="sålunda"/><SP WIDTH="21" VPOS="1782" HPOS="781"/>
							<String ID="string_361" HPOS="802" VPOS="1787" WIDTH="200" HEIGHT="37" WC="0.96" CONTENT="accepterar"/><SP WIDTH="20" VPOS="1787" HPOS="1002"/>
							<String ID="string_362" HPOS="1022" VPOS="1786" WIDTH="55" HEIGHT="28" WC="0.96" CONTENT="att"/><SP WIDTH="19" VPOS="1786" HPOS="1077"/>
							<String ID="string_363" HPOS="1096" VPOS="1781" WIDTH="297" HEIGHT="41" WC="0.96" CONTENT="undervisningen"/><SP WIDTH="20" VPOS="1781" HPOS="1393"/>
							<String ID="string_364" HPOS="1413" VPOS="1783" WIDTH="98" HEIGHT="39" WC="0.96" CONTENT="göres"/><SP WIDTH="20" VPOS="1783" HPOS="1511"/>
							<String ID="string_365" HPOS="1531" VPOS="1779" WIDTH="53" HEIGHT="33" WC="0.96" CONTENT="till"/>
						</TextLine>
						<TextLine ID="line_36" HPOS="93" VPOS="1824" WIDTH="1491" HEIGHT="44">
							<String ID="string_366" HPOS="93" VPOS="1828" WIDTH="147" HEIGHT="33" WC="0.96" CONTENT="föremål"/><SP WIDTH="19" VPOS="1828" HPOS="240"/>
							<String ID="string_367" HPOS="259" VPOS="1828" WIDTH="53" HEIGHT="33" WC="0.96" CONTENT="för"/><SP WIDTH="18" VPOS="1828" HPOS="312"/>
							<String ID="string_368" HPOS="330" VPOS="1839" WIDTH="97" HEIGHT="21" WC="0.96" CONTENT="mera"/><SP WIDTH="19" VPOS="1839" HPOS="427"/>
							<String ID="string_369" HPOS="446" VPOS="1826" WIDTH="246" HEIGHT="42" WC="0.96" CONTENT="systematiskt"/><SP WIDTH="19" VPOS="1826" HPOS="692"/>
							<String ID="string_370" HPOS="711" VPOS="1826" WIDTH="187" HEIGHT="39" WC="0.96" CONTENT="inriktade,"/><SP WIDTH="19" VPOS="1826" HPOS="898"/>
							<String ID="string_371" HPOS="917" VPOS="1826" WIDTH="266" HEIGHT="41" WC="0.96" CONTENT="vetenskapliga"/><SP WIDTH="20" VPOS="1826" HPOS="1183"/>
							<String ID="string_372" HPOS="1203" VPOS="1825" WIDTH="133" HEIGHT="33" WC="0.96" CONTENT="studier"/><SP WIDTH="19" VPOS="1825" HPOS="1336"/>
							<String ID="string_373" HPOS="1355" VPOS="1829" WIDTH="93" HEIGHT="29" WC="0.95" CONTENT="samt"/><SP WIDTH="20" VPOS="1829" HPOS="1448"/>
							<String ID="string_374" HPOS="1468" VPOS="1829" WIDTH="55" HEIGHT="28" WC="0.95" CONTENT="att"/><SP WIDTH="19" VPOS="1829" HPOS="1523"/>
							<String ID="string_375" HPOS="1542" VPOS="1824" WIDTH="42" HEIGHT="32" WC="0.96" CONTENT="de"/>
						</TextLine>
						<TextLine ID="line_37" HPOS="94" VPOS="1869" WIDTH="1492" HEIGHT="43">
							<String ID="string_376" HPOS="94" VPOS="1873" WIDTH="107" HEIGHT="32" WC="0.96" CONTENT="också"/><SP WIDTH="19" VPOS="1873" HPOS="201"/>
							<String ID="string_377" HPOS="220" VPOS="1872" WIDTH="145" HEIGHT="33" WC="0.96" CONTENT="besitter"/><SP WIDTH="19" VPOS="1872" HPOS="365"/>
							<String ID="string_378" HPOS="384" VPOS="1883" WIDTH="43" HEIGHT="21" WC="0.97" CONTENT="en"/><SP WIDTH="19" VPOS="1883" HPOS="427"/>
							<String ID="string_379" HPOS="446" VPOS="1870" WIDTH="174" HEIGHT="42" WC="0.96" CONTENT="personlig"/><SP WIDTH="19" VPOS="1870" HPOS="620"/>
							<String ID="string_380" HPOS="639" VPOS="1871" WIDTH="66" HEIGHT="32" WC="0.93" CONTENT="och"/><SP WIDTH="19" VPOS="1871" HPOS="705"/>
							<String ID="string_381" HPOS="724" VPOS="1870" WIDTH="351" HEIGHT="41" WC="0.91" CONTENT="utbildningsmässig"/><SP WIDTH="18" VPOS="1870" HPOS="1075"/>
							<String ID="string_382" HPOS="1093" VPOS="1869" WIDTH="207" HEIGHT="41" WC="0.86" CONTENT="lämplighet"/><SP WIDTH="19" VPOS="1869" HPOS="1300"/>
							<String ID="string_383" HPOS="1319" VPOS="1869" WIDTH="53" HEIGHT="32" WC="0.96" CONTENT="för"/><SP WIDTH="20" VPOS="1869" HPOS="1372"/>
							<String ID="string_384" HPOS="1392" VPOS="1873" WIDTH="55" HEIGHT="28" WC="0.93" CONTENT="att"/><SP WIDTH="19" VPOS="1873" HPOS="1447"/>
							<String ID="string_385" HPOS="1466" VPOS="1869" WIDTH="120" HEIGHT="32" WC="0.86" CONTENT="limna"/>
						</TextLine>
						<TextLine ID="line_38" HPOS="94" VPOS="1912" WIDTH="1491" HEIGHT="43">
							<String ID="string_386" HPOS="94" VPOS="1916" WIDTH="52" HEIGHT="33" WC="0.96" CONTENT="sin"/><SP WIDTH="23" VPOS="1916" HPOS="146"/>
							<String ID="string_387" HPOS="169" VPOS="1916" WIDTH="216" HEIGHT="32" WC="0.96" CONTENT="medverkan"/><SP WIDTH="24" VPOS="1916" HPOS="385"/>
							<String ID="string_388" HPOS="409" VPOS="1915" WIDTH="52" HEIGHT="33" WC="0.96" CONTENT="till"/><SP WIDTH="25" VPOS="1915" HPOS="461"/>
							<String ID="string_389" HPOS="486" VPOS="1915" WIDTH="133" HEIGHT="33" WC="0.96" CONTENT="sådana"/><SP WIDTH="22" VPOS="1915" HPOS="619"/>
							<String ID="string_390" HPOS="641" VPOS="1914" WIDTH="313" HEIGHT="41" WC="0.96" CONTENT="undersökningar."/><SP WIDTH="23" VPOS="1914" HPOS="954"/>
							<String ID="string_391" HPOS="977" VPOS="1914" WIDTH="72" HEIGHT="32" WC="0.96" CONTENT="Det"/><SP WIDTH="24" VPOS="1914" HPOS="1049"/>
							<String ID="string_392" HPOS="1073" VPOS="1913" WIDTH="159" HEIGHT="42" WC="0.95" CONTENT="betyder,"/><SP WIDTH="25" VPOS="1913" HPOS="1232"/>
							<String ID="string_393" HPOS="1257" VPOS="1917" WIDTH="55" HEIGHT="28" WC="0.96" CONTENT="att"/><SP WIDTH="22" VPOS="1917" HPOS="1312"/>
							<String ID="string_394" HPOS="1334" VPOS="1924" WIDTH="84" HEIGHT="21" WC="0.96" CONTENT="man"/><SP WIDTH="23" VPOS="1924" HPOS="1418"/>
							<String ID="string_395" HPOS="1441" VPOS="1912" WIDTH="52" HEIGHT="33" WC="0.93" CONTENT="till"/><SP WIDTH="24" VPOS="1912" HPOS="1493"/>
							<String ID="string_396" HPOS="1517" VPOS="1912" WIDTH="68" HEIGHT="32" WC="0.92" CONTENT="för-"/>
						</TextLine>
						<TextLine ID="line_39" HPOS="95" VPOS="1955" WIDTH="1490" HEIGHT="45">
							<String ID="string_397" HPOS="95" VPOS="1961" WIDTH="246" HEIGHT="33" WC="0.88" CONTENT="söksskolorna"/><SP WIDTH="21" VPOS="1961" HPOS="341"/>
							<String ID="string_398" HPOS="362" VPOS="1960" WIDTH="114" HEIGHT="32" WC="0.96" CONTENT="måste"/><SP WIDTH="22" VPOS="1960" HPOS="476"/>
							<String ID="string_399" HPOS="498" VPOS="1959" WIDTH="85" HEIGHT="32" WC="0.96" CONTENT="söka"/><SP WIDTH="21" VPOS="1959" HPOS="583"/>
							<String ID="string_400" HPOS="604" VPOS="1959" WIDTH="114" HEIGHT="41" WC="0.96" CONTENT="knyta"/><SP WIDTH="20" VPOS="1959" HPOS="718"/>
							<String ID="string_401" HPOS="738" VPOS="1959" WIDTH="123" HEIGHT="38" WC="0.96" CONTENT="lärare,"/><SP WIDTH="22" VPOS="1959" HPOS="861"/>
							<String ID="string_402" HPOS="883" VPOS="1970" WIDTH="74" HEIGHT="21" WC="0.96" CONTENT="som"/><SP WIDTH="22" VPOS="1970" HPOS="957"/>
							<String ID="string_403" HPOS="979" VPOS="1958" WIDTH="74" HEIGHT="32" WC="0.96" CONTENT="icke"/><SP WIDTH="22" VPOS="1958" HPOS="1053"/>
							<String ID="string_404" HPOS="1075" VPOS="1958" WIDTH="126" HEIGHT="32" WC="0.96" CONTENT="endast"/><SP WIDTH="22" VPOS="1958" HPOS="1201"/>
							<String ID="string_405" HPOS="1223" VPOS="1957" WIDTH="273" HEIGHT="33" WC="0.96" CONTENT="dokumenterat"/><SP WIDTH="21" VPOS="1957" HPOS="1496"/>
							<String ID="string_406" HPOS="1517" VPOS="1955" WIDTH="68" HEIGHT="43" WC="0.96" CONTENT="god"/>
						</TextLine>
						<TextLine ID="line_40" HPOS="94" VPOS="2000" WIDTH="1491" HEIGHT="45">
							<String ID="string_407" HPOS="94" VPOS="2003" WIDTH="492" HEIGHT="42" WC="0.90" CONTENT="undervisningsskicklighet,"/><SP WIDTH="20" VPOS="2003" HPOS="586"/>
							<String ID="string_408" HPOS="606" VPOS="2008" WIDTH="88" HEIGHT="28" WC="0.96" CONTENT="utan"/><SP WIDTH="21" VPOS="2008" HPOS="694"/>
							<String ID="string_409" HPOS="715" VPOS="2003" WIDTH="107" HEIGHT="32" WC="0.96" CONTENT="också"/><SP WIDTH="20" VPOS="2003" HPOS="822"/>
							<String ID="string_410" HPOS="842" VPOS="2003" WIDTH="64" HEIGHT="32" WC="0.96" CONTENT="har"/><SP WIDTH="19" VPOS="2003" HPOS="906"/>
							<String ID="string_411" HPOS="925" VPOS="2014" WIDTH="43" HEIGHT="21" WC="0.96" CONTENT="en"/><SP WIDTH="21" VPOS="2014" HPOS="968"/>
							<String ID="string_412" HPOS="989" VPOS="2013" WIDTH="173" HEIGHT="30" WC="0.95" CONTENT="gynnsam"/><SP WIDTH="21" VPOS="2013" HPOS="1162"/>
							<String ID="string_413" HPOS="1183" VPOS="2000" WIDTH="204" HEIGHT="43" WC="0.92" CONTENT="inställning"/><SP WIDTH="20" VPOS="2000" HPOS="1387"/>
							<String ID="string_414" HPOS="1407" VPOS="2000" WIDTH="52" HEIGHT="33" WC="0.93" CONTENT="till"/><SP WIDTH="21" VPOS="2000" HPOS="1459"/>
							<String ID="string_415" HPOS="1480" VPOS="2001" WIDTH="105" HEIGHT="41" WC="0.92" CONTENT="peda-"/>
						</TextLine>
						<TextLine ID="line_41" HPOS="95" VPOS="2045" WIDTH="1492" HEIGHT="46">
							<String ID="string_416" HPOS="95" VPOS="2049" WIDTH="145" HEIGHT="42" WC="0.92" CONTENT="gogiska"/><SP WIDTH="17" VPOS="2049" HPOS="240"/>
							<String ID="string_417" HPOS="257" VPOS="2048" WIDTH="302" HEIGHT="41" WC="0.96" CONTENT="undersökningar"/><SP WIDTH="18" VPOS="2048" HPOS="559"/>
							<String ID="string_418" HPOS="577" VPOS="2047" WIDTH="64" HEIGHT="33" WC="0.96" CONTENT="och"/><SP WIDTH="20" VPOS="2047" HPOS="641"/>
							<String ID="string_419" HPOS="661" VPOS="2050" WIDTH="37" HEIGHT="30" WC="0.97" CONTENT="är"/><SP WIDTH="20" VPOS="2050" HPOS="698"/>
							<String ID="string_420" HPOS="718" VPOS="2047" WIDTH="152" HEIGHT="33" WC="0.96" CONTENT="beredda"/><SP WIDTH="19" VPOS="2047" HPOS="870"/>
							<String ID="string_421" HPOS="889" VPOS="2051" WIDTH="55" HEIGHT="29" WC="0.95" CONTENT="att"/><SP WIDTH="17" VPOS="2051" HPOS="944"/>
							<String ID="string_422" HPOS="961" VPOS="2046" WIDTH="83" HEIGHT="41" WC="0.95" CONTENT="böja"/><SP WIDTH="17" VPOS="2046" HPOS="1044"/>
							<String ID="string_423" HPOS="1061" VPOS="2046" WIDTH="51" HEIGHT="42" WC="0.96" CONTENT="sig"/><SP WIDTH="18" VPOS="2046" HPOS="1112"/>
							<String ID="string_424" HPOS="1130" VPOS="2046" WIDTH="53" HEIGHT="32" WC="0.96" CONTENT="för"/><SP WIDTH="19" VPOS="2046" HPOS="1183"/>
							<String ID="string_425" HPOS="1202" VPOS="2045" WIDTH="111" HEIGHT="33" WC="0.95" CONTENT="fakta."/><SP WIDTH="18" VPOS="2045" HPOS="1313"/>
							<String ID="string_426" HPOS="1331" VPOS="2045" WIDTH="74" HEIGHT="33" WC="0.96" CONTENT="Det"/><SP WIDTH="18" VPOS="2045" HPOS="1405"/>
							<String ID="string_427" HPOS="1423" VPOS="2048" WIDTH="38" HEIGHT="30" WC="0.96" CONTENT="är"/><SP WIDTH="17" VPOS="2048" HPOS="1461"/>
							<String ID="string_428" HPOS="1478" VPOS="2045" WIDTH="109" HEIGHT="41" WC="0.96" CONTENT="enligt"/>
						</TextLine>
						<TextLine ID="line_42" HPOS="95" VPOS="2089" WIDTH="1493" HEIGHT="46">
							<String ID="string_429" HPOS="95" VPOS="2094" WIDTH="141" HEIGHT="33" WC="0.86" CONTENT="Huséns"/><SP WIDTH="20" VPOS="2094" HPOS="236"/>
							<String ID="string_430" HPOS="256" VPOS="2092" WIDTH="233" HEIGHT="43" WC="0.93" CONTENT="uppfattning"/><SP WIDTH="19" VPOS="2092" HPOS="489"/>
							<String ID="string_431" HPOS="508" VPOS="2091" WIDTH="244" HEIGHT="41" WC="0.90" CONTENT="väsentligare,"/><SP WIDTH="21" VPOS="2091" HPOS="752"/>
							<String ID="string_432" HPOS="773" VPOS="2096" WIDTH="54" HEIGHT="28" WC="0.96" CONTENT="att"/><SP WIDTH="20" VPOS="2096" HPOS="827"/>
							<String ID="string_433" HPOS="847" VPOS="2103" WIDTH="82" HEIGHT="21" WC="0.96" CONTENT="man"/><SP WIDTH="21" VPOS="2103" HPOS="929"/>
							<String ID="string_434" HPOS="950" VPOS="2091" WIDTH="53" HEIGHT="32" WC="0.96" CONTENT="får"/><SP WIDTH="20" VPOS="2091" HPOS="1003"/>
							<String ID="string_435" HPOS="1023" VPOS="2091" WIDTH="109" HEIGHT="32" WC="0.96" CONTENT="lärare"/><SP WIDTH="20" VPOS="2091" HPOS="1132"/>
							<String ID="string_436" HPOS="1152" VPOS="2090" WIDTH="81" HEIGHT="33" WC="0.96" CONTENT="med"/><SP WIDTH="21" VPOS="2090" HPOS="1233"/>
							<String ID="string_437" HPOS="1254" VPOS="2089" WIDTH="109" HEIGHT="34" WC="0.96" CONTENT="sådan"/><SP WIDTH="21" VPOS="2089" HPOS="1363"/>
							<String ID="string_438" HPOS="1384" VPOS="2089" WIDTH="204" HEIGHT="41" WC="0.96" CONTENT="inställning"/>
						</TextLine>
						<TextLine ID="line_43" HPOS="95" VPOS="2133" WIDTH="1492" HEIGHT="45">
							<String ID="string_439" HPOS="95" VPOS="2138" WIDTH="52" HEIGHT="32" WC="0.96" CONTENT="till"/><SP WIDTH="26" VPOS="2138" HPOS="147"/>
							<String ID="string_440" HPOS="173" VPOS="2138" WIDTH="97" HEIGHT="33" WC="0.95" CONTENT="såväl"/><SP WIDTH="25" VPOS="2138" HPOS="270"/>
							<String ID="string_441" HPOS="295" VPOS="2137" WIDTH="60" HEIGHT="33" WC="0.95" CONTENT="det"/><SP WIDTH="24" VPOS="2137" HPOS="355"/>
							<String ID="string_442" HPOS="379" VPOS="2136" WIDTH="185" HEIGHT="42" WC="0.95" CONTENT="praktiska"/><SP WIDTH="23" VPOS="2136" HPOS="564"/>
							<String ID="string_443" HPOS="587" VPOS="2136" WIDTH="217" HEIGHT="32" WC="0.96" CONTENT="skolarbetet"/><SP WIDTH="24" VPOS="2136" HPOS="804"/>
							<String ID="string_444" HPOS="828" VPOS="2147" WIDTH="75" HEIGHT="21" WC="0.96" CONTENT="som"/><SP WIDTH="24" VPOS="2147" HPOS="903"/>
							<String ID="string_445" HPOS="927" VPOS="2135" WIDTH="42" HEIGHT="32" WC="0.96" CONTENT="de"/><SP WIDTH="24" VPOS="2135" HPOS="969"/>
							<String ID="string_446" HPOS="993" VPOS="2134" WIDTH="184" HEIGHT="41" WC="0.95" CONTENT="objektiva"/><SP WIDTH="24" VPOS="2134" HPOS="1177"/>
							<String ID="string_447" HPOS="1201" VPOS="2133" WIDTH="181" HEIGHT="34" WC="0.96" CONTENT="studierna"/><SP WIDTH="24" VPOS="2133" HPOS="1382"/>
							<String ID="string_448" HPOS="1406" VPOS="2145" WIDTH="45" HEIGHT="21" WC="0.96" CONTENT="av"/><SP WIDTH="24" VPOS="2145" HPOS="1451"/>
							<String ID="string_449" HPOS="1475" VPOS="2133" WIDTH="112" HEIGHT="38" WC="0.96" CONTENT="detta,"/>
						</TextLine>
						<TextLine ID="line_44" HPOS="97" VPOS="2177" WIDTH="1490" HEIGHT="44">
							<String ID="string_450" HPOS="97" VPOS="2185" WIDTH="44" HEIGHT="30" WC="0.96" CONTENT="än"/><SP WIDTH="20" VPOS="2185" HPOS="141"/>
							<String ID="string_451" HPOS="161" VPOS="2187" WIDTH="56" HEIGHT="28" WC="0.95" CONTENT="att"/><SP WIDTH="18" VPOS="2187" HPOS="217"/>
							<String ID="string_452" HPOS="235" VPOS="2194" WIDTH="83" HEIGHT="21" WC="0.96" CONTENT="man"/><SP WIDTH="17" VPOS="2194" HPOS="318"/>
							<String ID="string_453" HPOS="335" VPOS="2181" WIDTH="54" HEIGHT="33" WC="0.96" CONTENT="får"/><SP WIDTH="18" VPOS="2181" HPOS="389"/>
							<String ID="string_454" HPOS="407" VPOS="2185" WIDTH="54" HEIGHT="28" WC="0.95" CONTENT="ett"/><SP WIDTH="19" VPOS="2185" HPOS="461"/>
							<String ID="string_455" HPOS="480" VPOS="2180" WIDTH="273" HEIGHT="41" WC="0.93" CONTENT="representativt"/><SP WIDTH="18" VPOS="2180" HPOS="753"/>
							<String ID="string_456" HPOS="771" VPOS="2179" WIDTH="205" HEIGHT="33" WC="0.89" CONTENT="lärarurval."/><SP WIDTH="18" VPOS="2179" HPOS="976"/>
							<String ID="string_457" HPOS="994" VPOS="2179" WIDTH="157" HEIGHT="32" WC="0.94" CONTENT="Lärarna"/><SP WIDTH="19" VPOS="2179" HPOS="1151"/>
							<String ID="string_458" HPOS="1170" VPOS="2178" WIDTH="63" HEIGHT="32" WC="0.96" CONTENT="bör"/><SP WIDTH="17" VPOS="2178" HPOS="1233"/>
							<String ID="string_459" HPOS="1250" VPOS="2177" WIDTH="176" HEIGHT="42" WC="0.96" CONTENT="nämligen"/><SP WIDTH="20" VPOS="2177" HPOS="1426"/>
							<String ID="string_460" HPOS="1446" VPOS="2177" WIDTH="113" HEIGHT="41" WC="0.96" CONTENT="själva"/><SP WIDTH="18" VPOS="2177" HPOS="1559"/>
							<String ID="string_461" HPOS="1577" VPOS="2177" WIDTH="10" HEIGHT="32" WC="0.95" CONTENT="i"/>
						</TextLine>
						<TextLine ID="line_45" HPOS="96" VPOS="2221" WIDTH="1492" HEIGHT="46">
							<String ID="string_462" HPOS="96" VPOS="2226" WIDTH="69" HEIGHT="41" WC="0.96" CONTENT="hög"/><SP WIDTH="20" VPOS="2226" HPOS="165"/>
							<String ID="string_463" HPOS="185" VPOS="2226" WIDTH="85" HEIGHT="40" WC="0.96" CONTENT="grad"/><SP WIDTH="22" VPOS="2226" HPOS="270"/>
							<String ID="string_464" HPOS="292" VPOS="2237" WIDTH="189" HEIGHT="29" WC="0.96" CONTENT="engageras"/><SP WIDTH="21" VPOS="2237" HPOS="481"/>
							<String ID="string_465" HPOS="502" VPOS="2224" WIDTH="53" HEIGHT="32" WC="0.93" CONTENT="för"/><SP WIDTH="20" VPOS="2224" HPOS="555"/>
							<String ID="string_466" HPOS="575" VPOS="2224" WIDTH="339" HEIGHT="40" WC="0.90" CONTENT="forskningsarbetet"/><SP WIDTH="21" VPOS="2224" HPOS="914"/>
							<String ID="string_467" HPOS="935" VPOS="2223" WIDTH="65" HEIGHT="32" WC="0.96" CONTENT="och"/><SP WIDTH="21" VPOS="2223" HPOS="1000"/>
							<String ID="string_468" HPOS="1021" VPOS="2222" WIDTH="72" HEIGHT="32" WC="0.96" CONTENT="inte"/><SP WIDTH="21" VPOS="2222" HPOS="1093"/>
							<String ID="string_469" HPOS="1114" VPOS="2222" WIDTH="127" HEIGHT="32" WC="0.96" CONTENT="endast"/><SP WIDTH="21" VPOS="2222" HPOS="1241"/>
							<String ID="string_470" HPOS="1262" VPOS="2233" WIDTH="85" HEIGHT="21" WC="0.96" CONTENT="vara"/><SP WIDTH="21" VPOS="2233" HPOS="1347"/>
							<String ID="string_471" HPOS="1368" VPOS="2222" WIDTH="145" HEIGHT="32" WC="0.96" CONTENT="föremål"/><SP WIDTH="22" VPOS="2222" HPOS="1513"/>
							<String ID="string_472" HPOS="1535" VPOS="2221" WIDTH="53" HEIGHT="32" WC="0.96" CONTENT="för"/>
						</TextLine>
						<TextLine ID="line_46" HPOS="97" VPOS="2265" WIDTH="1491" HEIGHT="41">
							<String ID="string_473" HPOS="97" VPOS="2269" WIDTH="134" HEIGHT="34" WC="0.91" CONTENT="studier"/><SP WIDTH="26" VPOS="2269" HPOS="231"/>
							<String ID="string_474" HPOS="257" VPOS="2281" WIDTH="43" HEIGHT="21" WC="0.95" CONTENT="av"/><SP WIDTH="26" VPOS="2281" HPOS="300"/>
							<String ID="string_475" HPOS="326" VPOS="2269" WIDTH="156" HEIGHT="32" WC="0.95" CONTENT="forskare"/><SP WIDTH="27" VPOS="2269" HPOS="482"/>
							<String ID="string_476" HPOS="509" VPOS="2267" WIDTH="143" HEIGHT="33" WC="0.93" CONTENT="utifrån."/><SP WIDTH="27" VPOS="2267" HPOS="652"/>
							<String ID="string_477" HPOS="679" VPOS="2266" WIDTH="137" HEIGHT="33" WC="0.89" CONTENT="Ilärvid"/><SP WIDTH="27" VPOS="2266" HPOS="816"/>
							<String ID="string_478" HPOS="843" VPOS="2267" WIDTH="219" HEIGHT="37" WC="0.91" CONTENT="förutsättes,"/><SP WIDTH="26" VPOS="2267" HPOS="1062"/>
							<String ID="string_479" HPOS="1088" VPOS="2270" WIDTH="55" HEIGHT="28" WC="0.96" CONTENT="att"/><SP WIDTH="26" VPOS="2270" HPOS="1143"/>
							<String ID="string_480" HPOS="1169" VPOS="2265" WIDTH="244" HEIGHT="41" WC="0.95" CONTENT="vetenskaplig"/><SP WIDTH="25" VPOS="2265" HPOS="1413"/>
							<String ID="string_481" HPOS="1438" VPOS="2265" WIDTH="150" HEIGHT="41" WC="0.95" CONTENT="expertis"/>
						</TextLine>
						<TextLine ID="line_47" HPOS="97" VPOS="2309" WIDTH="1491" HEIGHT="41">
							<String ID="string_482" HPOS="97" VPOS="2314" WIDTH="134" HEIGHT="32" WC="0.95" CONTENT="utifrån"/><SP WIDTH="31" VPOS="2314" HPOS="231"/>
							<String ID="string_483" HPOS="262" VPOS="2313" WIDTH="208" HEIGHT="33" WC="0.95" CONTENT="medverkar"/><SP WIDTH="32" VPOS="2313" HPOS="470"/>
							<String ID="string_484" HPOS="502" VPOS="2312" WIDTH="109" HEIGHT="32" WC="0.95" CONTENT="under"/><SP WIDTH="31" VPOS="2312" HPOS="611"/>
							<String ID="string_485" HPOS="642" VPOS="2312" WIDTH="68" HEIGHT="31" WC="0.94" CONTENT="alla"/><SP WIDTH="31" VPOS="2312" HPOS="710"/>
							<String ID="string_486" HPOS="741" VPOS="2310" WIDTH="130" HEIGHT="33" WC="0.94" CONTENT="stadier"/><SP WIDTH="31" VPOS="2310" HPOS="871"/>
							<String ID="string_487" HPOS="902" VPOS="2322" WIDTH="44" HEIGHT="20" WC="0.96" CONTENT="av"/><SP WIDTH="31" VPOS="2322" HPOS="946"/>
							<String ID="string_488" HPOS="977" VPOS="2310" WIDTH="42" HEIGHT="32" WC="0.96" CONTENT="de"/><SP WIDTH="30" VPOS="2310" HPOS="1019"/>
							<String ID="string_489" HPOS="1049" VPOS="2309" WIDTH="302" HEIGHT="41" WC="0.96" CONTENT="undersökningar"/><SP WIDTH="31" VPOS="2309" HPOS="1351"/>
							<String ID="string_490" HPOS="1382" VPOS="2321" WIDTH="74" HEIGHT="21" WC="0.96" CONTENT="som"/><SP WIDTH="32" VPOS="2321" HPOS="1456"/>
							<String ID="string_491" HPOS="1488" VPOS="2321" WIDTH="100" HEIGHT="20" WC="0.96" CONTENT="avses"/>
						</TextLine>
						<TextLine ID="line_48" HPOS="97" VPOS="2353" WIDTH="1491" HEIGHT="41">
							<String ID="string_492" HPOS="97" VPOS="2358" WIDTH="145" HEIGHT="32" WC="0.96" CONTENT="komma"/><SP WIDTH="30" VPOS="2358" HPOS="242"/>
							<String ID="string_493" HPOS="272" VPOS="2357" WIDTH="49" HEIGHT="32" WC="0.93" CONTENT="till"/><SP WIDTH="34" VPOS="2357" HPOS="321"/>
							<String ID="string_494" HPOS="355" VPOS="2355" WIDTH="200" HEIGHT="34" WC="0.93" CONTENT="utförande."/><SP WIDTH="31" VPOS="2355" HPOS="555"/>
							<String ID="string_495" HPOS="586" VPOS="2354" WIDTH="351" HEIGHT="40" WC="0.87" CONTENT="Forskningsarbetet"/><SP WIDTH="34" VPOS="2354" HPOS="937"/>
							<String ID="string_496" HPOS="971" VPOS="2353" WIDTH="58" HEIGHT="32" WC="0.92" CONTENT="vid"/><SP WIDTH="32" VPOS="2353" HPOS="1029"/>
							<String ID="string_497" HPOS="1061" VPOS="2353" WIDTH="303" HEIGHT="32" WC="0.91" CONTENT="försöksskolorna"/><SP WIDTH="31" VPOS="2353" HPOS="1364"/>
							<String ID="string_498" HPOS="1395" VPOS="2353" WIDTH="110" HEIGHT="32" WC="0.85" CONTENT="skulle"/><SP WIDTH="31" VPOS="2353" HPOS="1505"/>
							<String ID="string_499" HPOS="1536" VPOS="2353" WIDTH="52" HEIGHT="32" WC="0.85" CONTENT="så-"/>
						</TextLine>
						<TextLine ID="line_49" HPOS="97" VPOS="2396" WIDTH="1491" HEIGHT="44">
							<String ID="string_500" HPOS="97" VPOS="2402" WIDTH="109" HEIGHT="33" WC="0.92" CONTENT="lunda"/><SP WIDTH="21" VPOS="2402" HPOS="206"/>
							<String ID="string_501" HPOS="227" VPOS="2402" WIDTH="143" HEIGHT="32" WC="0.96" CONTENT="komma"/><SP WIDTH="22" VPOS="2402" HPOS="370"/>
							<String ID="string_502" HPOS="392" VPOS="2405" WIDTH="52" HEIGHT="28" WC="0.96" CONTENT="att"/><SP WIDTH="24" VPOS="2405" HPOS="444"/>
							<String ID="string_503" HPOS="468" VPOS="2400" WIDTH="85" HEIGHT="31" WC="0.94" CONTENT="bära"/><SP WIDTH="20" VPOS="2400" HPOS="553"/>
							<String ID="string_504" HPOS="573" VPOS="2399" WIDTH="116" HEIGHT="41" WC="0.93" CONTENT="prägel"/><SP WIDTH="25" VPOS="2399" HPOS="689"/>
							<String ID="string_505" HPOS="714" VPOS="2410" WIDTH="44" HEIGHT="21" WC="0.93" CONTENT="av"/><SP WIDTH="22" VPOS="2410" HPOS="758"/>
							<String ID="string_506" HPOS="780" VPOS="2396" WIDTH="333" HEIGHT="42" WC="0.88" CONTENT="aktionsforskning."/><SP WIDTH="22" VPOS="2396" HPOS="1113"/>
							<String ID="string_507" HPOS="1135" VPOS="2397" WIDTH="67" HEIGHT="32" WC="0.96" CONTENT="Vid"/><SP WIDTH="22" VPOS="2397" HPOS="1202"/>
							<String ID="string_508" HPOS="1224" VPOS="2402" WIDTH="128" HEIGHT="33" WC="0.95" CONTENT="många"/><SP WIDTH="21" VPOS="2402" HPOS="1352"/>
							<String ID="string_509" HPOS="1373" VPOS="2397" WIDTH="215" HEIGHT="40" WC="0.94" CONTENT="experiment"/>
						</TextLine>
						<TextLine ID="line_50" HPOS="98" VPOS="2440" WIDTH="1491" HEIGHT="44">
							<String ID="string_510" HPOS="98" VPOS="2447" WIDTH="171" HEIGHT="37" WC="0.92" CONTENT="kommer,"/><SP WIDTH="30" VPOS="2447" HPOS="269"/>
							<String ID="string_511" HPOS="299" VPOS="2444" WIDTH="200" HEIGHT="33" WC="0.65" CONTENT="framhålles"/><SP WIDTH="31" VPOS="2444" HPOS="499"/>
							<String ID="string_512" HPOS="530" VPOS="2444" WIDTH="54" HEIGHT="32" WC="0.95" CONTENT="det"/><SP WIDTH="37" VPOS="2444" HPOS="584"/>
							<String ID="string_513" HPOS="621" VPOS="2443" WIDTH="131" HEIGHT="38" WC="0.93" CONTENT="vidare,"/><SP WIDTH="30" VPOS="2443" HPOS="752"/>
							<String ID="string_514" HPOS="782" VPOS="2442" WIDTH="235" HEIGHT="33" WC="0.87" CONTENT="lärarfaktorn"/><SP WIDTH="30" VPOS="2442" HPOS="1017"/>
							<String ID="string_515" HPOS="1047" VPOS="2446" WIDTH="55" HEIGHT="28" WC="0.92" CONTENT="att"/><SP WIDTH="30" VPOS="2446" HPOS="1102"/>
							<String ID="string_516" HPOS="1132" VPOS="2441" WIDTH="122" HEIGHT="32" WC="0.96" CONTENT="kunna"/><SP WIDTH="29" VPOS="2441" HPOS="1254"/>
							<String ID="string_517" HPOS="1283" VPOS="2440" WIDTH="196" HEIGHT="33" WC="0.92" CONTENT="elimineras"/><SP WIDTH="30" VPOS="2440" HPOS="1479"/>
							<String ID="string_518" HPOS="1509" VPOS="2441" WIDTH="80" HEIGHT="32" WC="0.93" CONTENT="eller"/>
						</TextLine>
						<TextLine ID="line_51" HPOS="99" VPOS="2484" WIDTH="1490" HEIGHT="46">
							<String ID="string_519" HPOS="99" VPOS="2490" WIDTH="231" HEIGHT="33" WC="0.94" CONTENT="kontrolleras"/><SP WIDTH="28" VPOS="2490" HPOS="330"/>
							<String ID="string_520" HPOS="358" VPOS="2501" WIDTH="124" HEIGHT="29" WC="0.94" CONTENT="genom"/><SP WIDTH="31" VPOS="2501" HPOS="482"/>
							<String ID="string_521" HPOS="513" VPOS="2492" WIDTH="54" HEIGHT="28" WC="0.86" CONTENT="alt"/><SP WIDTH="28" VPOS="2492" HPOS="567"/>
							<String ID="string_522" HPOS="595" VPOS="2500" WIDTH="82" HEIGHT="20" WC="0.95" CONTENT="man"/><SP WIDTH="30" VPOS="2500" HPOS="677"/>
							<String ID="string_523" HPOS="707" VPOS="2486" WIDTH="180" HEIGHT="33" WC="0.93" CONTENT="använder"/><SP WIDTH="28" VPOS="2486" HPOS="887"/>
							<String ID="string_524" HPOS="915" VPOS="2485" WIDTH="115" HEIGHT="41" WC="0.69" CONTENT="övliga"/><SP WIDTH="28" VPOS="2485" HPOS="1030"/>
							<String ID="string_525" HPOS="1058" VPOS="2484" WIDTH="266" HEIGHT="42" WC="0.90" CONTENT="vetenskaphga"/><SP WIDTH="29" VPOS="2484" HPOS="1324"/>
							<String ID="string_526" HPOS="1353" VPOS="2485" WIDTH="236" HEIGHT="32" WC="0.96" CONTENT="förfaranden."/>
						</TextLine>
					</TextBlock>
				</ComposedBlock>
			</PrintSpace>
		</Page>
	</Layout>
</alto>
