1898 2792
502 139 117 31 Andra
640 138 239 37 lagutskottets
902 137 175 31 utlåtande
1099 146 41 21 nr
1166 136 49 30 34.
1572 130 36 29 17

105 235 123 28 person
255 225 79 31 med
360 225 356 34 domarekompetens.
744 223 14 29 I
787 223 41 29 de
853 222 72 35 fall,
952 221 44 30 då
1023 221 137 36 enighet
1187 220 31 36 ej
1246 220 71 29 kan
1347 218 136 36 uppnås
1512 217 94 30 inom

105 277 184 35 nämnden,
313 277 64 29 bör
400 275 253 31 ordförandens
676 275 71 29 röst
770 273 93 30 bliva
884 271 287 37 utslagsgivande.
1194 271 14 30 I
1231 269 99 37 fråga
1352 279 57 21 om
1430 268 178 31 utseendet

105 338 41 21 av
172 328 189 30 ledamöter
382 327 10 30 i
417 326 176 30 nämnden
618 325 98 30 torde
739 324 56 30 det
820 324 194 30 allmännas
1041 322 143 30 intresse
1207 330 42 21 av
1274 319 333 36 virkesmätningens

103 378 124 35 riktiga
247 376 258 31 handhavande
528 375 165 37 påfordra
715 378 50 27 att
788 374 240 30 ordföranden
1050 373 190 30 förordnas
1262 381 43 21 av
1327 371 163 36 offentlig
1512 380 96 26 myn-

105 430 125 36 dighet.
258 428 53 31 Då
336 429 128 30 antalet
490 426 260 32 auktoriserade
776 424 397 36 virkesmätningsorgan
1202 422 57 31 får
1286 422 202 30 förutsättas
1516 419 92 32 bliva

106 481 134 30 relativt
258 481 81 34 litet,
356 481 90 29 lärer
462 478 177 31 utseendet
658 487 42 21 av
718 476 210 31 ordförande
947 476 119 29 kunna
1084 474 199 36 uppdragas
1300 472 34 32 åt
1354 471 123 36 Kungl.
1496 470 111 36 Maj:t.

107 532 73 30 Den
197 532 160 34 ledamot,
376 539 75 22 som
469 530 65 30 har
550 532 49 27 att
617 528 176 31 företräda
811 528 200 29 arbetarnas
1028 526 177 34 intressen,
1226 524 97 30 torde
1341 523 187 36 lämpligen
1549 522 58 30 bö-

106 592 39 21 ra
172 585 92 28 utses
293 591 42 21 av
361 580 114 37 någon
503 577 383 38 arbetarorganisation,
915 587 74 20 som
1017 577 123 35 Kungl.
1171 574 103 36 Maj:t
1300 575 218 30 bestämmer.
1560 571 48 31 På

106 632 375 36 sammanslutningens
501 631 140 37 styrelse
659 630 96 30 torde
775 630 86 29 böra
882 628 189 30 ankomma
1091 629 50 28 att
1159 627 142 29 tillsätta
1320 625 117 36 övriga
1458 623 150 31 ledamö-

107 687 49 27 ter
184 684 5 30 i
208 683 186 31 nämnden.
415 681 68 31 Vid
504 681 226 31 tillsättandet
750 689 42 21 av
815 679 189 30 ledamöter
1023 679 64 29 bör
1107 685 90 28 noga
1221 676 170 36 iakttagas
1412 678 50 27 att
1486 682 123 29 genom

107 736 78 30 dem
211 744 42 21 en
278 733 168 37 ingående
472 732 224 35 sakkunskap
723 730 146 31 tillföres
896 729 185 30 nämnden.
1122 728 63 36 Jag
1213 726 100 36 utgår
1341 727 86 29 även
1455 724 80 32 från
1561 726 48 28 att

106 786 186 34 nämnden,
319 784 11 30 i
355 785 65 29 den
444 782 84 31 mån
550 782 37 31 så
611 782 158 30 befinnes
791 780 183 36 behövligt,
1000 780 10 29 i
1033 779 52 30 sin
1107 777 221 31 verksamhet
1350 775 171 38 utnyttjar
1544 776 65 29 den

108 837 104 30 insikt
230 836 66 30 och
312 834 205 36 erfarenhet,
535 843 73 20 som
626 832 46 37 på
687 831 266 37 ifrågavarande
971 829 142 31 område
1131 830 40 29 är
1188 832 49 27 att
1256 827 95 37 tillgå
1368 828 96 29 inom
1481 826 127 31 virkes-

107 889 176 29 mätarnas
305 886 64 31 led.

153 936 352 31 Kontrollnämndens
526 934 138 37 uppgift
681 934 65 30 bör
762 933 210 30 inskränkas
993 932 52 30 till
1063 934 49 27 att
1132 940 81 21 avse
1231 929 170 37 prövning
1422 939 41 21 av
1485 929 127 36 klagan

107 988 82 30 över
213 985 395 37 mätningsförrättning.
634 985 68 30 För
730 984 66 30 den
820 983 174 35 händelse,
1020 981 114 31 såsom
1160 991 42 20 av
1230 980 271 37 skogsstyrelsen
1524 979 87 30 före-

109 1038 127 37 slagits,
262 1037 57 30 det
340 1036 130 39 jämväl
494 1035 118 31 ålades
634 1035 178 30 nämnden
837 1036 49 28 att
910 1035 103 29 utöva
1038 1043 41 21 en
1103 1032 149 36 generell
1276 1031 117 36 tillsyn
1420 1032 82 29 över
1526 1031 85 29 mät-

108 1088 242 36 ningsarbetet,
376 1087 111 30 skulle
509 1086 55 30 det
585 1085 92 31 bliva
698 1084 121 37 nödigt
843 1088 49 27 att
911 1092 124 28 genom
1058 1081 275 37 lagföreskrifter
1353 1081 84 30 eller
1461 1080 11 30 i
1496 1089 116 21 annan

108 1138 149 37 ordning
286 1137 186 31 verkställa
497 1146 44 21 en
566 1136 189 36 ingalunda
780 1136 64 29 lätt
867 1133 274 37 gränsdragning
1167 1133 129 30 mellan
1324 1132 192 30 nämndens
1547 1130 65 30 och

106 1189 184 36 styrelsens
305 1186 218 37 åligganden;
541 1195 79 21 men
636 1187 87 29 även
739 1194 57 21 om
813 1194 42 20 en
871 1183 109 31 sådan
996 1182 274 38 gränsdragning
1286 1182 169 35 företoges
1472 1180 78 31 med
1567 1180 45 30 all

108 1238 121 39 möjlig
248 1238 137 36 omsikt,
406 1238 112 31 skulle
537 1237 193 36 säkerligen
750 1236 57 31 vid
832 1237 65 30 den
918 1234 178 37 praktiska
1116 1233 265 36 tillämpningen
1402 1242 42 20 av
1466 1233 43 30 de
1527 1241 84 26 upp-

110 1290 125 31 ställda
261 1289 156 36 reglerna
442 1288 217 31 tveksamma
685 1287 63 30 fall
773 1286 73 32 ofta
872 1287 144 29 komma
1042 1288 50 28 att
1121 1283 126 37 uppstå
1276 1284 66 30 och
1368 1282 91 31 vålla
1483 1282 128 36 tvistig-

109 1341 104 30 heter.

154 1390 123 30 Därest
297 1389 330 30 kontrollnämnden
651 1386 148 32 erhåller
819 1397 42 20 en
884 1386 109 31 sådan
1016 1384 313 37 sammansättning
1353 1393 75 21 som
1449 1393 82 27 nyss
1555 1392 57 21 an-

108 1440 111 36 givits,
242 1441 74 29 lära
341 1441 109 29 större
468 1438 275 36 betänkligheter
763 1437 31 37 ej
816 1437 135 30 behöva
971 1438 94 29 möta
1086 1438 73 27 mot
1180 1438 50 28 att
1251 1434 69 31 låta
1340 1434 194 30 nämndens
1557 1433 55 30 be-

110 1490 68 31 slut
199 1490 93 31 bliva
312 1488 189 32 definitiva.
522 1488 48 30 På
590 1487 37 31 så
646 1489 67 30 sätt
732 1488 112 30 skulle
862 1487 121 30 vinnas
1004 1487 66 30 den
1088 1486 167 36 fördelen,
1275 1489 49 26 att
1346 1488 46 27 ett
1412 1484 126 30 snabbt
1557 1493 56 21 av-

108 1540 154 36 görande
278 1540 149 30 rörande
446 1539 230 36 överklagade
693 1537 425 37 mätningsförrättningar
1135 1536 119 30 kunde
1270 1536 143 29 komma
1430 1534 53 30 till
1501 1533 111 32 stånd.

110 1592 55 30 Att
187 1590 38 31 så
246 1591 79 30 sker
345 1591 48 35 är,
417 1589 114 31 såsom
552 1589 12 30 i
586 1589 91 31 vissa
701 1589 185 37 yttranden
908 1587 178 37 påpekats,
1112 1596 42 21 av
1179 1589 71 27 stor
1270 1585 184 37 betydelse.
1481 1584 14 30 I
1521 1584 92 30 detta

111 1642 253 36 sammanhang
383 1640 57 31 må
458 1640 187 31 anmärkas
663 1642 58 33 att,
740 1639 105 36 enligt
863 1639 67 30 vad
946 1638 59 36 jag
1022 1637 130 37 erfarit,
1173 1637 110 30 under
1301 1637 65 29 den
1384 1635 50 31 tid
1455 1635 84 30 1943
1557 1633 55 32 års

111 1694 53 36 lag
188 1693 88 30 varit
299 1692 158 36 gällande
478 1692 124 30 besvär
623 1691 76 30 icke
721 1690 99 30 blivit
841 1690 63 30 hos
930 1688 270 38 skogsstyrelsen
1222 1687 11 30 i
1255 1686 105 37 något
1380 1687 63 29 fall
1464 1685 148 30 anförda

110 1745 81 29 över
208 1752 116 21 annan
343 1742 155 36 mätning
515 1743 45 29 än
580 1740 107 31 sådan
706 1750 74 21 som
797 1743 110 28 avsett
925 1739 73 30 ved.

156 1792 52 32 Då
232 1803 42 21 en
298 1791 450 37 virkesmätningsförening
773 1792 81 29 eller
877 1800 117 21 annan
1018 1789 315 36 sammanslutning
1357 1787 147 31 erhåller
1531 1787 82 30 auk-

111 1843 181 31 torisation
311 1842 114 31 såsom
444 1843 257 37 virkesmätare,
720 1842 68 30 blir
804 1841 142 36 givetvis
965 1840 76 31 icke
1061 1849 117 21 annan
1196 1849 42 21 av
1258 1838 357 35 sammanslutningen

111 1893 178 36 företagen
313 1892 158 37 mätning
495 1894 46 29 än
563 1891 118 37 sådan,
706 1901 76 21 som
807 1890 188 31 innefattas
1018 1891 111 29 under
1152 1888 308 37 auktorisationen,
1486 1892 50 27 att
1558 1888 56 30 be-

113 1943 113 31 trakta
243 1942 115 31 såsom
375 1942 241 31 auktoriserad
632 1941 165 36 mätning.
820 1940 363 36 Sammanslutningen
1201 1940 71 29 kan
1289 1937 100 33 alltså
1405 1938 144 31 komma
1567 1941 48 27 att

112 1993 116 31 utföra
253 1992 96 31 såväl
372 1992 240 30 auktoriserad
635 2002 75 20 som
735 1991 141 37 frivillig
902 1991 164 36 mätning.
1093 1990 75 31 Den
1194 1989 191 36 olägenhet,
1412 1998 74 21 som
1512 1988 103 36 enligt

112 2044 90 31 vissa
222 2044 111 30 hörda
352 2042 256 37 myndigheters
628 2043 65 30 och
715 2041 281 36 korporationers
1018 2040 224 37 uppfattning
1260 2041 39 29 är
1318 2039 197 31 förbunden
1537 2039 77 29 med

112 2094 146 31 berörda
279 2092 229 36 förhållande,
531 2102 99 26 synes
652 2093 11 29 i
684 2092 68 31 viss
774 2091 83 31 mån
878 2091 119 31 kunna
1022 2091 192 36 avhjälpas,
1238 2090 113 30 därest
1373 2089 242 31 sammanslut-

112 2143 127 37 ningen
269 2144 153 30 beslutar
447 2147 51 26 att
524 2144 45 29 all
597 2151 122 28 genom
747 2143 76 30 dess
852 2142 135 37 försorg
1013 2141 188 30 verkställd
1228 2140 158 36 mätning
1410 2140 89 30 skall
1527 2139 87 30 före-

115 2196 93 33 tagas
230 2194 10 29 i
259 2193 150 36 enlighet
427 2194 80 29 med
527 2194 116 35 lagens
665 2192 260 31 bestämmelser
943 2202 57 20 om
1019 2191 240 31 auktoriserad
1279 2190 164 36 mätning.

158 2242 77 36 Om,
257 2242 43 31 då
324 2242 97 37 fråga
443 2242 144 36 uppstår
606 2246 49 26 att
674 2242 221 30 beträffande
916 2246 46 26 ett
981 2240 141 31 område
1142 2240 193 31 föreskriva
1356 2239 198 31 införandet
1575 2249 42 20 av

114 2293 154 36 opartisk
295 2292 166 37 mätning,
489 2293 55 30 det
572 2292 76 30 icke
673 2292 158 30 befinnes
861 2291 133 38 möjligt
1021 2295 48 26 att
1096 2291 56 30 för
1177 2289 198 32 ändamålet
1402 2289 214 30 auktorisera

113 2342 114 37 någon
247 2343 110 29 redan
377 2342 214 30 existerande
611 2341 535 37 inmätningssammanslutning,
1173 2340 111 30 måste
1305 2339 35 31 åt
1360 2339 128 36 statligt
1510 2348 105 27 organ

113 2393 198 36 uppdragas
335 2396 49 26 att
403 2392 197 38 ombesörja
621 2391 210 36 mätningen.
854 2391 274 36 Skogsstyrelsen
1150 2391 66 29 har
1237 2390 56 30 för
1312 2399 48 21 nu
1381 2388 235 37 ifrågavaran-

116 2443 41 30 de
184 2443 62 30 fall
278 2442 175 36 föreslagit
479 2442 225 31 tillsättandet
731 2452 44 21 av
801 2451 43 21 en
872 2441 146 31 särskild
1046 2441 142 35 nämnd,
1221 2440 126 31 liksom
1374 2440 243 30 motsvarande

161 2507 111 27 Bihana
283 2507 43 25 till
336 2508 167 29 riksdagens
515 2507 144 32 protokoll
673 2507 73 25 1947.
782 2506 15 23 9
813 2507 80 24 saml.
917 2506 16 23 2
952 2506 56 22 avd.
1045 2506 39 23 Nr
1102 2505 38 23 34.
1569 2501 15 24 2
