1886 2846
593 147 231 29 Statsutskottets
846 147 148 27 utlåtande
1017 147 48 27 Nr
1089 147 68 28 140.
1607 145 15 30 1

784 414 60 40 Nr
870 414 90 41 140.

498 515 126 27 Ankom
647 515 49 27 till
720 514 189 38 riksdagens
933 514 104 28 kansli
1062 515 62 27 den
1148 514 38 28 28
1214 514 81 36 april
1321 513 78 28 1939
1424 513 40 28 kl.
1491 514 17 26 2
1532 523 25 18 e.
1583 522 40 19 m.

438 615 195 36 Utlåtande
660 616 13 35 i
699 615 195 49 anledning
923 628 45 23 av
995 615 137 49 Kungl.
1163 614 127 49 Maj:ts
1309 613 227 49 proposition
1560 626 65 23 an-

529 675 138 48 gående
706 675 208 37 inrättande
954 688 45 23 av
1041 688 41 23 en
1122 682 131 29 statens
1294 673 330 37 kriminaltekniska

531 735 134 36 anstalt
691 749 44 22 m.
765 749 47 22 m.

1400 791 61 42 (3:e
1484 791 87 42 avd.)

171 884 18 31 I
216 884 200 42 anslutning
442 885 52 31 till
522 885 93 32 vissa
641 886 11 30 i
679 888 89 29 årets
796 886 405 41 statsverksproposition
1229 885 109 31 under
1364 885 102 31 femte
1493 883 127 32 huvud-

120 934 100 32 titeln
249 935 204 41 (punkterna
480 936 177 41 188—191)
687 936 120 42 gjorda
833 936 291 42 framställningar
1147 936 61 31 har
1232 935 127 42 Kungl.
1387 935 101 42 Maj:t
1512 936 11 30 i
1549 945 72 32 pro-

119 985 196 41 positionen
338 997 40 20 nr
401 986 49 38 60,
474 986 108 32 under
605 986 214 42 åberopande
843 998 41 20 av
906 987 108 41 bilagt
1037 987 122 41 utdrag
1181 997 40 20 av
1244 984 378 43 statsrådsprotokollet

120 1037 80 31 över
219 1037 256 31 socialärenden
496 1037 66 31 den
583 1038 41 30 20
642 1037 132 41 januari
796 1038 90 37 1939,
907 1037 179 42 föreslagit
1105 1037 182 41 riksdagen
1307 1039 50 29 att

172 1087 74 32 dels
266 1087 145 38 besluta,
432 1090 48 29 att
500 1099 42 20 en
563 1090 129 29 statens
712 1088 317 31 kriminaltekniska
1048 1087 127 32 anstalt
1193 1087 87 32 skall
1300 1087 142 31 inrättas
1463 1087 75 30 från
1559 1084 62 33 och

119 1138 77 31 med
220 1138 66 31 den
312 1139 15 29 1
354 1138 142 31 oktober
521 1138 81 32 1939
626 1141 87 28 samt
736 1141 50 29 att
810 1138 101 32 civila
934 1138 405 41 avlöningsreglementet
1361 1136 85 32 skall
1471 1139 62 40 äga
1557 1136 64 32 till-

120 1187 174 43 lämpning
319 1190 19 29 å
361 1188 336 42 befattningshavare
722 1188 56 32 vid
803 1188 182 38 anstalten;

172 1238 74 33 dels
264 1238 206 41 bemyndiga
486 1239 127 41 Kungl.
633 1238 101 41 Maj:t
751 1240 58 37 att,
837 1239 4 31 i
858 1238 229 42 huvudsaklig
1105 1238 338 31 överensstämmelse
1461 1238 78 31 med
1556 1236 66 32 vad

119 1289 13 31 i
151 1290 377 41 statsrådsprotokollet
547 1290 156 41 angivits,
724 1289 157 32 meddela
899 1290 42 31 de
960 1289 257 32 bestämmelser
1235 1288 145 32 rörande
1398 1288 223 41 befattnings-

120 1340 140 32 havares
288 1342 171 40 övergång
485 1341 75 31 från
586 1340 194 32 kommunal
807 1340 210 41 anställning
1042 1340 55 31 till
1123 1340 107 41 tjänst
1255 1339 59 31 vid
1341 1339 179 38 anstalten,
1548 1350 73 20 som

118 1393 55 29 må
194 1391 159 32 befinnas
378 1391 233 42 erforderliga;

171 1442 75 31 dels
277 1442 180 41 godkänna
487 1453 41 20 av
560 1441 374 42 departementschefen
967 1440 163 31 förordad
1160 1440 377 42 personalförteckning
1567 1440 53 31 för

119 1492 179 38 anstalten,
323 1495 49 28 att
394 1491 172 42 tillämpas
589 1492 72 31 tills
683 1491 116 32 vidare
822 1492 75 30 från
920 1491 63 31 och
1006 1491 77 31 med
1106 1490 65 32 den
1195 1491 16 30 1
1235 1490 144 32 oktober
1402 1490 92 38 1939;

171 1543 74 31 dels
264 1543 180 41 godkänna
464 1554 39 20 av
523 1542 375 41 departementschefen
917 1541 163 31 förordad
1099 1541 249 41 avlöningsstat
1367 1541 54 31 för
1439 1541 180 37 anstalten,

120 1595 50 30 att
191 1593 172 42 tillämpas
386 1593 71 31 tills
479 1593 116 31 vidare
618 1593 74 30 från
714 1592 62 31 och
799 1592 77 31 med
898 1592 66 31 den
988 1592 16 30 1
1027 1591 143 31 oktober
1192 1591 81 32 1939
1294 1591 55 30 till
1371 1591 62 31 och
1455 1591 78 31 med
1555 1591 65 31 den

119 1644 40 31 30
178 1644 73 41 juni
273 1644 93 37 1940;

172 1695 74 31 dels
272 1696 61 30 ock
360 1695 53 30 för
437 1694 204 42 budgetåret
666 1693 135 32 1939/40
827 1693 109 32 under
961 1693 103 31 femte
1089 1692 219 32 huvudtiteln
1333 1692 118 32 anvisa

173 1746 26 30 1.
223 1745 55 31 till
312 1745 138 31 Statens
482 1744 316 32 kriminaltekniska
829 1743 137 32 anstalt:
989 1742 211 42 Avlöningar
1221 1744 49 30 ett
1292 1743 268 41 förslagsanslag
1580 1753 41 19 av

120 1796 133 37 100,800
274 1796 135 31 kronor.

172 1847 27 30 2.
224 1847 54 30 till
299 1846 139 32 Statens
459 1845 314 32 kriminaltekniska
794 1845 137 31 anstalt:
954 1844 250 32 Omkostnader
1224 1847 50 29 ett
1294 1844 267 42 förslagsanslag
1580 1855 40 20 av

118 1897 113 38 50,000
256 1897 134 31 kronor.

171 1947 28 31 3.
223 1947 54 30 till
303 1946 140 32 Statens
466 1945 316 32 kriminaltekniska
805 1944 137 32 anstalt:
969 1944 207 41 Utrustning
1200 1946 49 29 ett
1272 1943 349 41 reservationsanslag

120 2008 40 20 av
185 1997 133 38 150,000
341 1997 136 37 kronor;
502 1998 88 29 samt

172 2049 28 30 4,
224 2048 55 31 till
307 2047 219 41 Gottgörelse
555 2046 53 31 till
637 2046 90 31 vissa
755 2044 232 43 polisdistrikt
1015 2044 54 32 för
1096 2044 260 41 ombesörjande
1385 2055 40 21 av
1452 2044 168 32 särskilda

121 2098 229 41 anordningar
367 2098 53 31 för
436 2096 255 42 polisväsendet
706 2096 11 30 i
734 2096 79 31 dess
830 2095 117 31 helhet
963 2106 40 20 m.
1022 2106 41 19 m.
1082 2096 50 30 ett
1147 2094 267 42 förslagsanslag
1429 2106 41 20 av
1487 2094 133 38 125,300

119 2149 132 31 kronor.

540 2231 140 34 Statens
704 2230 342 33 kriminaltekniska
1069 2229 143 32 anstalt.

163 2295 217 26 Nuvarande
391 2290 262 35 förhållanden.
672 2288 143 31 Jämlikt
832 2287 156 42 gällande
1008 2287 309 41 polislagstiftning
1336 2289 57 29 äro
1412 2286 209 42 principiellt

121 2342 67 29 sett
210 2340 41 31 de
273 2339 91 32 olika
386 2339 274 41 polisdistrikten
682 2338 156 40 skyldiga
859 2339 50 29 att
929 2337 63 30 hos
1014 2337 54 40 sig
1088 2336 85 31 hava
1193 2336 149 31 anställd
1364 2337 158 40 personal
1545 2336 75 31 med

121 2389 296 32 kriminalteknisk
440 2389 197 40 utbildning
660 2390 86 28 samt
769 2389 51 29 att
843 2386 157 32 anskaffa
1024 2386 66 31 den
1113 2388 191 39 apparatur,
1329 2397 73 20 som
1425 2386 119 31 kräves
1569 2386 53 31 för

120 2439 181 32 utförande
327 2450 41 20 av
393 2437 315 32 kriminaltekniska
734 2436 294 40 undersökningar
1053 2446 40 20 av
1119 2436 91 30 inom
1236 2435 176 31 distriktet
1437 2436 183 31 inträffade

166 2502 113 36 Bihang
302 2501 46 28 till
371 2501 168 35 riksdagens
557 2499 147 37 protokoll
728 2499 89 27 1939.
865 2499 19 26 6
906 2497 81 29 saml.
1034 2497 46 28 Nr
1104 2497 174 28 140—141.
1436 2504 41 19 9280
1493 2504 26 19 89
1567 2498 12 27 1
