1898 2828
527 172 110 30 Andra
660 172 227 37 lagutskottets
910 170 167 29 utlåtande
1099 170 46 28 Nr
1178 169 48 28 13.
1607 163 20 31 5

173 250 81 32 Med
291 248 79 33 stöd
395 259 40 21 av
463 248 99 41 lagen
586 247 67 31 den
678 247 40 31 14
737 245 76 42 juni
839 245 81 32 1940
945 244 62 32 har
1033 243 110 33 under
1170 242 94 33 tiden
1291 243 74 31 från
1392 241 149 33 nämnda
1564 240 66 42 dag

120 301 54 32 till
197 300 64 33 och
286 301 78 31 med
387 299 67 32 den
478 299 40 31 15
539 297 152 33 februari
715 297 82 32 1942
819 314 41 5 —
883 296 145 32 frånsett
1051 296 56 31 två
1129 294 110 32 under
1261 295 37 30 år
1322 294 82 32 1940
1426 292 203 32 meddelade

121 351 254 33 förordnanden
398 349 147 32 rörande
567 347 364 41 lantarbetstidslagen
948 365 39 3 —
1003 344 255 34 förordnanden
1276 343 191 33 meddelats
1483 342 148 33 allenast

122 404 11 31 i
167 403 92 42 fråga
291 413 54 21 om
375 401 182 41 dispenser
578 401 75 30 från
677 398 92 33 olika
791 397 261 33 bestämmelser
1073 396 12 32 i
1107 396 100 41 lagen
1231 406 55 21 om
1309 393 258 43 arbetarskydd.
1612 393 19 31 I

122 454 145 32 flertalet
299 453 60 32 fall
392 452 86 32 hava
511 451 228 42 dispenserna
765 451 111 30 avsett
898 447 307 34 bestämmelserna
1226 446 12 32 i
1262 447 39 31 19
1322 445 22 43 $
1365 446 107 32 första
1495 444 136 42 stycket

123 503 367 43 arbetarskyddslagen
513 501 187 43 (angående
722 500 166 32 kvinnors
911 499 193 32 nattarbete
1126 498 95 32 inom
1241 496 220 42 industrien);
1477 495 12 33 i
1505 497 50 31 ett
1571 495 61 32 tio-

124 556 47 32 tal
193 556 58 31 fall
274 555 87 32 hava
382 552 279 34 förordnandena
683 553 112 31 avsett
816 550 260 33 föreskrifterna
1097 549 13 32 i
1131 550 40 31 14
1184 548 22 43 8
1221 549 19 32 3
1256 559 100 21 mom.
1373 547 108 32 första
1497 546 134 42 stycket

125 606 186 42 (angående
345 604 227 42 minderårigs
605 602 194 33 nattarbete
831 602 95 31 inom
959 599 206 43 industrien)
1189 599 120 33 enbart
1335 598 83 33 eller
1439 597 12 32 i
1473 597 160 41 förening

125 657 78 32 med
228 658 37 31 19
287 656 22 43 8
331 656 108 32 första
459 655 141 42 stycket.
637 653 234 41 Sammanlagt
886 653 41 32 65
942 652 132 41 företag
1090 651 84 32 eller
1188 649 342 43 verksmyndigheter
1545 648 87 32 hava

125 708 109 32 under
256 707 146 42 angivna
424 706 52 32 tid
499 705 141 42 åtnjutit
663 704 144 42 dispens
828 704 136 31 kortare
988 703 84 31 eller
1093 702 118 42 längre
1234 701 60 32 tid.
1332 700 77 32 Den
1427 700 39 31 15
1482 698 151 33 februari

126 759 81 32 1942
230 758 111 43 gällde
364 756 183 33 meddelad
569 755 152 42 eftergift
743 754 212 32 beträffande
979 754 39 31 27
1042 753 133 41 företag
1197 752 83 32 eller
1302 750 248 43 myndigheter.

176 810 19 31 I
221 808 222 33 förevarande
477 806 248 42 sammanhang
751 807 55 30 må
829 804 189 39 anmärkas,
1043 805 50 30 att
1115 803 126 42 Kungl.
1265 802 99 42 Maj:t
1387 801 145 42 tidigare
1554 799 80 33 med

125 860 79 33 stöd
227 872 40 20 av
291 859 148 32 särskild
460 859 56 41 lag
539 858 66 32 den
629 858 19 32 8
671 856 185 33 december
880 856 89 38 1939,
993 866 41 20 nr
1057 855 72 38 831,
1144 854 114 32 vilken
1278 852 113 43 gällde
1407 852 53 32 till
1475 851 66 33 och
1556 850 80 33 med

127 911 66 32 den
226 912 38 31 31
299 921 91 21 mars
426 910 89 38 1941,
539 909 12 31 i
574 910 50 30 ett
647 910 88 30 stort
757 907 94 32 antal
873 907 60 31 fall
955 905 174 33 meddelat
1152 904 149 42 eftergift
1323 904 75 31 från
1419 903 218 32 bestämmel-

128 973 100 21 serna
249 962 13 31 i
286 962 38 31 19
346 960 22 43 8
390 961 108 32 första
521 959 134 43 stycket
677 959 99 41 lagen
800 969 55 21 om
879 956 257 42 arbetarskydd.

178 1038 254 41 Föredragande
468 1035 355 43 departementschefen,
857 1034 177 32 statsrådet
1065 1033 128 38 Möller,
1227 1032 61 32 har
1321 1032 12 31 i
1367 1030 266 44 propositionen

125 1089 196 39 framhållit,
345 1090 51 30 att
418 1087 109 32 under
549 1086 152 33 rådande
724 1085 238 33 förhållanden
985 1084 147 41 alltjämt
1154 1083 148 41 förelåge
1325 1081 112 33 behov
1452 1092 41 21 av
1509 1080 124 33 sådant

125 1139 276 44 bemyndigande
432 1139 53 32 för
517 1138 126 42 Kungl.
678 1137 108 42 Maj:t,
822 1147 74 21 som
923 1135 186 32 innefattas
1132 1134 12 32 i
1166 1134 100 42 lagen
1289 1133 67 32 den
1381 1134 39 30 14
1440 1132 76 43 juni
1541 1131 90 33 1940.

125 1192 118 42 Lagen
270 1192 118 41 syntes
418 1189 115 32 därför
555 1189 84 32 böra
662 1187 129 33 erhålla
813 1186 139 32 fortsatt
973 1185 169 42 giltighet,
1165 1184 202 41 förslagsvis
1390 1183 52 32 till
1465 1182 65 33 och
1553 1181 80 33 med

127 1242 66 32 den
215 1242 41 32 30
277 1241 75 42 juni
377 1241 89 32 1943.

179 1388 181 33 Utskottet
391 1387 62 32 har
475 1386 74 32 icke
571 1385 116 32 funnit
709 1384 187 41 anledning
919 1383 52 32 till
999 1383 135 32 erinran
1159 1384 72 30 mot
1252 1382 60 32 det
1333 1381 12 32 i
1368 1380 264 44 propositionen

127 1438 188 42 framlagda
337 1437 222 42 lagförslaget
582 1436 64 32 och
669 1436 51 31 får
742 1435 102 31 alltså
865 1433 192 38 hemställa,
1507 1426 2 3 |

448 1515 50 30 att
519 1511 222 34 förevarande
764 1510 218 43 proposition
1006 1511 106 30 måtte
1134 1509 137 32 bifallas
1294 1519 40 21 av
1356 1507 192 42 riksdagen.

184 1582 198 33 Stockholm
407 1581 66 32 den
499 1581 37 31 17
560 1591 91 21 mars
676 1580 92 31 1942.

580 1674 50 32 På
652 1673 107 33 andra
780 1672 245 42 lagutskottets
1048 1673 138 40 vägnar:

691 1750 152 33 DAVID
866 1748 211 34 NORMAN.

185 1995 61 27 Vid
270 1994 149 28 ärendets
442 1993 198 37 behandling
663 1993 85 27 hava
770 1991 157 29 närvarit:

186 2053 71 28 från
280 2053 122 28 första
426 2053 199 27 kammaren:
649 2052 110 27 herrar
782 2050 141 34 Norman,
951 2049 108 35 Tamm,
1085 2049 178 35 Löfvander,
1288 2048 157 35 Forslund,
1477 2048 158 32 Wistrand,

137 2096 83 34 Roos,
246 2095 72 35 Olof
338 2094 137 30 Carlsson
497 2095 59 28 och
579 2094 68 29 Nils
669 2093 162 33 Elowsson;

186 2154 71 28 från
282 2155 118 27 andra
424 2155 197 38 kammaren:
640 2153 73 28 herr
729 2152 94 36 Hage,
840 2152 111 28 fröken
967 2151 175 34 Andersson,
1158 2152 109 27 herrar
1283 2149 177 37 Hallagård,
1480 2149 156 28 Hermans-

133 2206 60 25 son,
217 2196 99 34 Holm,
342 2196 128 28 Larsson
494 2196 9 27 i
527 2194 190 34 Östersund,
742 2194 162 28 Barnekow
927 2194 57 28 och
1008 2193 126 29 Jansson
1159 2193 8 27 i
1192 2193 169 28 Hällefors.

1690 1390 132 25 Utskollet.
