2239 2662
670 225 365 42 Bevillningsutskottets
1058 226 209 34 Betänkande
1290 228 62 33 N:o
1375 231 51 31 25.
1783 235 40 32 97

449 307 133 41 Kongl.
611 306 135 41 Maj:ts
767 306 158 43 förslag.
1307 309 204 32 Utskottets
1532 310 161 44 förslag.

275 359 322 50 nästföregående
627 363 41 33 år
696 360 12 36 i
736 360 201 50 utdelning
963 361 84 36 från
1102 362 317 49 nästföregående
1455 367 39 33 år
1521 365 12 35 i
1561 366 200 49 utdelning
1788 367 82 37 från

274 411 122 38 aktie-
446 412 94 37 eller
579 413 259 49 bankbolaget
878 414 70 36 fått
990 414 58 36 till
1102 414 119 37 aktie-
1251 415 93 37 eller
1371 416 261 51 bankbolaget
1651 419 70 36 fått
1734 419 59 37 till
1808 420 61 49 sig

275 464 61 49 sig
364 465 266 36 utanordnadt.
1096 467 277 46 utanordnadt;
1423 471 126 35 dervid
1588 473 185 45 iakttages,
1817 478 53 31 att

1100 521 184 43 utdelning
1320 523 95 41 från
1448 523 194 36 inländska
1672 526 197 46 aktiebolag

1097 574 61 35 och
1200 574 162 35 enskilda
1405 575 197 47 bankbolag
1642 579 133 34 räknas
1811 580 55 34 så-

1096 637 74 24 som
1211 627 155 35 inkomst
1406 627 47 44 af
1485 629 148 45 kapital,
1659 631 131 35 medan
1818 635 50 32 ut-

1097 679 147 45 delming
1286 679 95 43 från
1431 681 196 36 utländska
1669 684 200 46 aktiebolag

1096 731 105 47 skall,
1262 733 116 34 såsom
1439 734 62 34 vid
1555 734 313 47 bevillningstaxe-

1098 785 138 45 ringen,
1265 784 178 44 hänföras
1473 786 56 35 till
1557 788 155 35 inkomst
1741 789 47 43 af
1813 801 54 23 ar-

1099 836 80 36 bete.

1027 974 85 50 5:0).

272 1060 201 41 Taxering
498 1060 46 33 af
563 1061 189 39 inkomst,
784 1071 86 23 som
895 1061 175 42 åtnjutes
1095 1062 45 33 af
1159 1063 301 42 handelsbolag,
1485 1064 382 45 kommanditbolag,

782 1106 123 34 enkla
929 1107 115 42 bolag
1068 1107 74 33 och
1165 1107 185 34 rederier.

402 1201 75 36 För
491 1201 179 48 inkomst,
688 1215 80 23 som
785 1203 169 49 åtnjutes
984 1203 40 36 af
1034 1204 154 49 vanliga
1214 1204 275 50 handelsbolag,
1519 1197 346 65 kommanditbolag,

275 1253 114 36 enkla
418 1253 117 49 bolag
563 1254 70 36 och
667 1254 179 49 rederier,
881 1269 80 23 som
990 1257 33 48 ej
1055 1261 64 32 äro
1149 1257 230 49 aktiebolag,
1409 1263 150 32 taxeras
1587 1259 83 37 icke
1698 1260 167 50 bolaget,

272 1310 93 31 utan
395 1306 46 36 de
471 1306 188 37 särskilda
688 1307 206 48 delegarne
924 1308 91 49 deri,
1045 1322 47 23 en
1121 1309 92 36 hvar
1242 1310 97 36 efter
1363 1311 94 36 hans
1486 1311 112 37 andel
1627 1312 41 36 af
1692 1312 175 51 bolagets

272 1358 180 36 inkomst.
520 1359 243 49 Taxeringen
791 1360 88 37 sker
907 1361 146 37 således
1081 1362 60 36 för
1168 1362 132 49 hvarje
1330 1363 176 49 delegare
1534 1363 82 38 icke
1646 1368 20 33 å
1695 1365 73 37 den
1796 1372 70 42 ort,

273 1410 66 36 der
368 1411 175 48 bolagets
572 1411 245 38 verksamhet
844 1413 205 48 bedrifves,
1078 1419 93 31 utan
1191 1414 12 36 i
1223 1415 277 49 sammanhang
1520 1416 86 36 med
1625 1416 96 38 hans
1741 1419 126 49 öfriga

272 1463 353 49 inkomsttaxering
653 1467 20 33 å
703 1464 72 36 den
804 1470 70 43 ort,
902 1466 68 36 der
998 1466 75 36 han
1102 1467 121 49 enligt
1251 1467 338 38 bestämmelserna
1614 1469 11 36 i
1647 1471 59 46 16,
1730 1472 43 34 17
1797 1472 70 36 och

275 1516 46 35 18
352 1514 44 51 $$
424 1520 41 32 är
493 1516 261 50 skattskyldig
782 1517 59 36 för
869 1518 284 37 inkomstskatt.

402 1568 75 35 Till
508 1568 125 48 grund
667 1569 59 36 för
754 1570 226 48 taxeringon
1010 1571 39 36 af
1072 1572 169 36 inkomst
1269 1572 84 36 från
1382 1574 323 47 kommanditbolag
1731 1575 135 49 lägges

273 1619 73 37 den
389 1620 166 49 uppgift,
592 1634 79 23 som
711 1621 121 50 enligt
861 1624 46 35 25
937 1622 20 50 &
985 1623 30 50 c)
1045 1623 95 37 skall
1170 1624 38 36 af
1233 1624 156 49 bolaget
1417 1624 193 50 aflemnas,
1641 1626 224 49 delegarens

272 1685 100 36 egen
401 1673 156 49 uppgift
586 1674 129 36 samti
749 1675 117 49 öfrigt
894 1675 179 50 upplysta
1094 1677 92 37 eller
1205 1677 127 37 kända
1351 1678 274 37 förhållanden.
1682 1679 184 51 Bolagets

272 1725 155 49 uppgift
456 1725 96 36 skall
580 1732 198 43 upprättas
806 1728 12 35 1
847 1728 175 49 enlighet
1052 1730 85 36 med
1170 1730 63 36 det
1265 1730 13 35 i
1308 1732 45 34 21
1377 1730 20 49 $
1418 1731 248 36 omförmälda
1682 1732 185 38 formulär

272 1783 99 30 samt
413 1777 146 38 således
592 1779 175 36 utmärka
801 1780 80 36 dels
911 1780 45 37 de
984 1781 238 50 fastigheter,
1252 1782 154 49 bolaget
1436 1796 102 36 eger,
1567 1784 71 36 och
1666 1784 73 37 den
1769 1786 98 37 efter

270 1830 333 49 taxeringsvärdet
631 1831 216 38 beräknade
877 1833 220 49 afkastning
1126 1834 118 49 deraf,
1274 1848 81 24 som
1379 1836 153 48 jemlikt
1553 1839 20 33 2
1597 1835 19 50 &
1638 1837 97 36 skall
1756 1852 110 23 anses

271 1881 117 38 hafva
430 1883 251 49 uppkommit,
711 1885 80 36 dels
820 1885 176 50 bolagets
1024 1887 167 36 inkomst
1218 1888 321 49 nästföregående
1568 1891 41 34 år
1638 1891 41 34 af
1702 1890 124 49 öfriga
1855 1892 12 35 i

275 1934 224 38 formuläret
540 1936 159 49 angifna
727 1937 303 48 inkomstkällor,
1066 1939 5 36 i
1100 1940 73 36 den
1202 1943 85 33 mån
1316 1940 104 49 dylik
1449 1941 169 36 inkomst
1646 1942 41 36 af
1714 1943 152 50 bolaget

273 1987 188 49 åtnjutits,
492 1988 80 37 dels
602 1989 71 37 ock
702 1989 45 37 de
777 1991 133 48 afdrag
938 1991 58 36 för
1016 1992 244 37 skuldräntor
1280 1993 69 36 och
1368 1993 190 37 förluster.
1586 2007 79 23 som
1686 1995 64 36 vid
1770 2010 95 36 upp-

273 2039 250 50 skattningen
552 2041 42 36 af
619 2042 174 49 bolagets
822 2042 169 38 inkomst
1018 2047 60 34 må
1098 2058 73 36 ega
1190 2059 94 22 rum.
1330 2046 192 47 Derjemte
1543 2046 97 37 skall
1659 2049 206 48 uppgiften

272 2092 158 48 angifva
459 2093 73 36 den
570 2107 44 23 en
644 2094 93 36 hvar
766 2095 177 49 delegare
971 2096 290 38 tillkommande
1291 2098 111 36 andel
1431 2098 40 36 af
1494 2099 228 47 inkomsten,
1753 2101 112 36 äfven

272 2157 59 23 om
361 2144 104 37 vinst
494 2145 134 37 endast
657 2146 121 37 delvis
808 2148 91 36 eller
927 2148 82 37 icke
1039 2149 68 36 alls
1137 2150 58 36 till
1210 2150 205 50 delegarne
1440 2150 158 37 utdelas.
1639 2152 225 50 Uppgiften,

272 2196 156 37 hvilken
458 2198 122 49 enligt
609 2200 46 35 25
685 2198 20 50 $
735 2200 97 36 skall
852 2201 197 49 upprättas
1069 2202 12 36 i
1100 2202 78 36 lika
1199 2205 139 46 många
1359 2203 194 49 exemplar
1573 2217 79 23 som
1675 2218 189 24 samman-

271 2248 114 49 lagda
426 2250 144 37 antalet
609 2251 40 36 af
688 2252 45 35 de
776 2252 225 38 kommuner
1036 2254 90 37 eller
1162 2255 240 36 territoriella
1436 2256 388 51 stadsförsamlingar,
1853 2259 12 36 i

271 2300 131 37 hvilka
437 2302 176 49 delegare
648 2304 12 35 i
689 2304 155 49 bolaget
876 2305 92 37 böra
996 2312 162 43 taxeras,
1190 2308 97 36 skall
1315 2308 182 37 aflemnas
1525 2309 58 36 till
1611 2310 254 38 ordföranden

360 2362 73 33 Bih.
458 2364 49 32 till
531 2365 111 31 Riksd.
667 2365 89 32 Prot.
782 2368 94 31 1902.
923 2369 21 30 5
967 2368 97 32 Saml.
1093 2370 16 30 1
1136 2368 77 41 Afd.
1237 2370 42 31 22
1303 2369 96 42 Häft.
1783 2373 39 32 13
