2244 2657
644 191 364 41 Bevillningsutskotlels
1033 192 208 31 Betänkande
1263 192 65 31 N:v
1351 194 54 30 25.
1755 194 40 31 79

395 270 132 43 Konyl.
554 271 136 42 Maj:ts
711 270 159 43 förslag.
1279 271 206 32 Utskottets
1505 271 159 44 förslag.

990 343 44 34 14
1064 341 31 50 8.

373 428 110 38 Skatt
524 430 59 36 för
624 430 180 46 inkomst,
848 443 81 22 som
967 430 167 48 åtnjutes
1169 430 40 36 af
1234 430 155 48 vanliga
1416 430 288 50 handelsbolag,
1733 431 107 37 kom-

245 480 273 51 manditbolag,
558 482 113 36 enkla
706 482 117 49 bolag
851 482 70 37 och
950 482 175 47 rederier,
1157 495 79 23 som
1266 482 32 49 ej
1330 487 64 32 äro
1424 483 229 50 aktiebolag,
1683 488 158 44 utgöres

244 534 40 35 af
310 533 217 50 delegarne,
557 548 46 23 en
633 535 92 36 hvar
752 535 96 36 efter
875 534 95 37 hans
999 534 110 38 andel
1139 535 39 36 af
1202 534 176 50 bolagets
1406 535 179 38 inkomst.

991 623 45 35 15
1067 621 31 50 $.

371 696 21 32 1
422 705 103 24 mom.
582 691 280 37 Inkomstskatt
889 690 176 50 erlägges
1093 691 83 37 icke
1206 691 54 37 af:

372 743 37 50 a)
439 749 144 41 staten;

373 796 33 50 b)
436 797 154 49 kyrkor,
621 796 219 36 akademier
868 796 70 36 och
966 796 295 49 vetenskapliga
1282 798 188 46 samfund,
1492 796 189 37 allmänna
1701 797 139 36 under-

244 847 284 50 visningsverk,
571 848 341 50 stipendiefonder,
950 848 377 50 pensionsanstalter,
1358 849 102 50 sjuk-
1491 849 70 36 och
1589 848 251 50 fattigvårds-

243 900 258 49 inrättningar
525 902 120 48 jemte
675 901 117 36 andra
820 901 160 36 fromma
1009 900 199 46 stiftelser;

373 952 33 50 c)
426 953 209 49 landsting,
657 952 448 50 hushållningssällskap,
1126 954 225 37 kommuner
1367 954 69 37 och
1453 953 116 37 andra
1584 952 256 50 menigheter,;

373 1004 37 51 d)
437 1005 193 37 allmänna
649 1005 351 50 hypoteksbanken,
1022 1004 187 38 allmänna
1228 1007 333 50 hypotekskassan
1580 1006 58 36 för
1660 1004 180 51 Sveriges

244 1057 127 37 städer
400 1059 70 35 och
499 1058 433 50 hypoteksföreningar;

373 1109 31 51 e)
428 1111 282 48 jernkontoret,
737 1113 40 33 så
796 1110 113 49 länge
931 1111 197 36 kontorets
1147 1111 229 37 vinstmedel
1396 1111 192 37 användas
1607 1110 59 36 till
1685 1110 156 36 allmänt

244 1162 149 50 nyttiga
413 1163 177 37 ändamål
611 1163 70 37 och
702 1163 177 37 kontoret
899 1163 82 37 icke
1001 1163 147 37 lemnar
1163 1164 202 49 utdelning
1381 1167 37 34 åt
1434 1164 83 37 sina
1532 1162 192 50 delegare;
1743 1168 98 31 samt

367 1215 41 50 £)
446 1216 246 48 sparbanker,
731 1229 81 23 som
848 1216 99 36 afses
975 1216 10 35 i
1014 1215 117 50 lagen
1159 1216 41 36 af
1226 1217 72 36 den
1328 1218 46 36 29
1400 1217 71 48 juli
1502 1217 110 47 1892,
1642 1216 198 36 äfvensom

244 1268 141 36 sådana
427 1268 204 37 Iinländska
671 1273 126 32 ränte-
840 1268 69 36 och
947 1268 582 50 kapitalförsäkringsanstalter,
1566 1281 80 24 som
1676 1268 80 37 afse
1785 1273 56 31 att

242 1321 140 36 bereda
411 1321 103 36 vinst
544 1321 135 37 endast
708 1324 38 33 åt
773 1321 193 36 insättare.

371 1376 26 34 2
425 1387 103 23 mom.
585 1374 98 36 Från
721 1373 212 49 utgörande
962 1373 42 36 af
1029 1374 102 36 skatt
1159 1374 59 36 för
1246 1374 167 37 inkomst
1443 1375 40 36 af
1508 1373 146 50 kapital
1682 1372 69 37 och
1780 1386 59 23 ar-

242 1425 83 37 bete
355 1425 184 48 frikallas,
568 1426 12 36 1
609 1426 74 37 den
713 1428 87 34 mån
828 1425 67 36 här
923 1426 125 36 nedan
1078 1431 104 44 sägs:

372 1477 36 50 a)
438 1478 161 37 medlem
630 1479 41 35 af
698 1478 304 49 konungaätten:

370 1530 57 36 för
456 1531 42 36 af
523 1535 127 32 staten
679 1530 177 37 anvisadt
884 1530 135 50 anslag
1048 1536 97 31 samt
1172 1532 59 36 för
1259 1530 170 37 inkomst
1458 1531 40 36 af
1523 1530 161 49 kapital;

373 1581 34 50 b)
448 1582 64 37 vid
555 1583 45 36 de
638 1583 180 37 förenade
855 1582 151 37 rikenas
1040 1583 295 49 beskickningar
1362 1583 70 37 hos
1460 1582 205 37 utländska
1694 1582 146 36 makter

243 1634 183 48 anstälde,
451 1635 122 49 jemte
603 1635 72 36 alla
704 1634 123 50 öfrige
855 1635 120 36 under
1006 1635 449 50 utrikesdepartementet
1481 1635 165 50 lydande
1676 1634 163 37 embets-

243 1686 70 36 och
341 1687 234 48 tjenstemän
605 1692 99 32 samt
732 1687 283 49 vaktbetjente:

373 1738 57 37 för
459 1739 72 37 den
561 1739 60 37 del
650 1740 41 36 af
716 1739 110 37 deras
856 1740 168 48 aflöning
1052 1740 92 37 eller
1171 1740 172 49 pension,
1373 1754 80 23 som
1479 1744 210 32 motsvarar
1709 1740 131 35 norska

244 1791 252 37 statsverkets
524 1792 137 48 bidrag
689 1791 145 45 dertill;

373 1842 33 51 ce)
436 1843 236 37 främmande
701 1844 167 36 makters
896 1844 237 37 härvarande
1161 1844 296 49 beskickningar
1476 1844 70 37 och
1567 1843 176 37 konsulat
1763 1843 76 36 till-

244 1896 169 36 hörande
441 1910 184 35 personer
649 1897 120 49 jemte
798 1896 108 37 deras
933 1896 217 50 betjening:

374 1962 55 23 om
458 1951 41 35 de
527 1952 75 35 icke
631 1956 63 30 äro
722 1951 148 35 svenske
898 1951 245 45 medborgare:

374 2000 57 37 för
461 2015 123 23 annan
613 2002 168 36 inkomst
809 2006 48 32 än
886 2001 84 49 den,
1001 2015 80 23 som
1109 2007 158 44 utgöres
1296 2001 40 36 af
1356 2001 82 37 från
1460 2001 158 49 Sverige
1637 2001 202 49 uppburen

246 2052 138 37 allmän
414 2054 91 36 eller
534 2054 147 37 enskild
709 2054 159 49 pension
888 2054 92 37 eller
1000 2054 160 37 erhålles
1180 2067 139 36 genom
1341 2054 68 36 här
1428 2054 116 36 idkad
1563 2053 158 45 rörelse;
1743 2053 96 37 dock

245 2110 55 31 att
340 2119 187 36 personer
568 2106 229 37 tillhörande
836 2106 158 37 olönade
1029 2106 179 37 konsulat
1235 2106 83 37 icke
1346 2111 64 32 äro
1439 2106 201 37 frikallade
1668 2105 83 37 från
1779 2111 59 30 ut-

245 2158 172 48 görande
447 2159 40 36 af
512 2158 274 38 inkomstskatt
813 2159 60 36 för
900 2158 213 50 utdelning,
1144 2172 80 23 som
1252 2158 12 36 1
1294 2161 20 34 3
1345 2157 21 50 $
1395 2157 32 51 ce)
1458 2157 255 46 omförmäles;

375 2224 55 23 om
459 2213 42 35 de
530 2218 61 30 äro
620 2214 147 35 svenske
795 2213 244 44 medborgare:

375 2263 60 36 för
477 2263 72 37 den
591 2263 180 48 inkomst,
814 2264 46 36 de
902 2264 148 48 åtnjuta
1092 2263 39 36 af
1170 2262 57 38 sin
1260 2263 121 48 tjenst
1408 2262 67 38 hos
1504 2263 71 37 den
1605 2262 234 37 främmande

247 2315 173 45 makten;
