1874 2846
251 160 104 29 Andra
375 160 199 27 kammarens
605 153 128 41 fjärde
769 154 156 35 tillfälliga
947 153 133 27 utskotts
1102 151 168 33 utlåtande,
1292 150 43 27 Nr
1356 150 27 26 2.
1544 149 19 29 5

74 242 108 40 varlig
204 241 76 31 fara
303 240 55 31 för
381 239 292 31 rättssäkerheten
697 236 45 40 på
765 236 42 30 de
829 236 9 29 i
864 234 221 31 ekonomiskt
1108 231 168 32 avseende
1298 230 131 38 viktiga
1453 227 111 32 områ-

74 288 77 36 den,
172 287 62 31 där
254 286 170 30 domsrätt
444 285 11 30 i
475 285 106 38 högre
602 283 67 30 och
689 280 220 32 beträffande
930 279 92 30 vissa
1045 286 147 30 grupper
1214 286 42 20 av
1277 274 72 31 mål
1369 275 124 37 högsta
1515 272 49 30 in-

74 334 94 29 stans
189 331 210 31 tillkommer
420 328 282 31 kammarrätten.
727 326 91 30 Utan
839 323 258 32 åsidosättande
1118 331 42 21 av
1183 319 291 32 rättssäkerheten
1495 318 70 29 kan

74 377 105 39 enligt
207 375 292 31 kammarrättens
526 372 181 31 bestämda
737 369 212 39 övertygelse
977 377 43 21 en
1048 365 238 39 utsträckning
1316 373 42 21 av
1389 363 94 30 tiden
1511 361 54 30 för

73 421 253 30 ledamöternas
352 415 463 42 föredragningsskyldighet
841 414 76 30 icke
943 414 142 29 komma
1111 411 11 30 i
1147 409 108 40 fråga.
1282 408 49 31 På
1359 408 114 30 denna
1500 407 65 38 väg

73 467 88 30 lärer
185 465 118 31 därför
325 473 84 21 vara
433 463 161 31 uteslutet
618 464 50 27 att
691 460 245 31 åstadkomma
959 467 43 21 en
1027 456 169 31 snabbare
1220 453 190 32 arbetstakt
1433 452 10 30 i
1467 452 97 29 kam-

73 511 197 30 marrätten.
297 508 91 31 Utan
412 507 130 39 ökning
567 516 42 21 av
634 503 302 33 ledamotsantalet
961 501 96 32 torde
1079 501 75 30 icke
1176 500 107 30 heller
1307 506 125 31 genom
1455 496 110 30 andra

73 555 159 40 åtgärder
261 555 107 29 större
397 552 250 40 skyndsamhet
676 550 10 30 i
715 548 132 32 målens
877 546 197 40 avgörande
1104 546 9 30 i
1142 544 274 31 kammarrätten
1444 542 120 29 kunna

73 598 260 41 åvägabringas,
353 597 38 32 så
410 598 107 30 framt
533 596 76 31 icke
628 594 252 31 ämbetsverket
896 592 129 30 befrias
1043 589 79 32 från
1139 588 256 38 behandlingen
1412 596 43 21 av
1474 585 89 30 vissa

74 653 147 32 grupper
243 646 81 28 utav
345 642 81 37 mål,
449 641 105 40 något
576 650 74 21 som
672 640 54 30 för
747 637 218 32 närvarande
987 636 75 30 icke
1083 636 88 29 lärer
1192 634 120 30 kunna
1333 631 231 39 ifrågasättas.

118 689 121 31 Såsom
267 688 139 30 särskilt
434 687 76 31 skäl
539 686 54 30 för
620 685 57 30 det
709 684 5 30 i
742 683 179 31 motionen
949 679 217 32 framställda
1195 677 172 40 yrkandet
1393 676 64 30 har
1487 674 77 31 åbe-

73 737 116 37 ropats
219 733 67 31 den
314 731 302 39 omständigheten
644 732 50 28 att
723 728 91 30 vissa
844 737 43 20 av
916 725 290 31 kammarrättens
1235 722 189 31 ledamöter
1456 719 109 39 syssla

73 780 79 30 med
171 778 232 39 fullgörandet
423 786 43 21 av
486 775 158 40 uppdrag
665 776 97 28 utom
781 772 161 39 tjänsten.
965 769 125 32 Härtill
1108 767 58 32 må
1185 768 146 30 allenast
1349 763 215 35 framhållas,

72 827 49 28 att
145 823 199 31 utförandet
371 831 43 21 av
440 821 119 39 dylika
585 819 168 40 uppdrag,
781 817 11 30 i
818 817 68 30 den
911 815 84 31 mån
1022 815 41 30 de
1089 813 228 34 förekomma,
1344 809 220 40 möjliggöres

73 870 145 29 allenast
240 876 124 31 genom
386 865 241 38 utsträckning
649 873 42 21 av
713 861 275 32 vederbörandes
1010 858 137 40 dagliga
1169 856 165 32 arbetstid
1355 856 120 30 utöver
1498 852 68 31 vad

74 924 75 21 som
169 913 159 39 rimligen
348 912 71 30 kan
439 910 136 31 fordras
596 919 42 20 av
659 909 131 30 honom
794 900 22 56 i
842 906 162 39 tjänsten,
1025 904 65 30 och
1111 906 49 27 att
1179 901 292 31 kammarrättens
1491 907 73 30 pre-

73 958 112 31 sident
209 958 63 30 har
295 960 50 27 att
369 956 90 30 vaka
483 956 80 29 över
588 956 50 28 att
661 951 242 32 innehavande
928 959 42 21 av
994 948 167 40 uppdrag,
1188 956 74 21 som
1286 945 77 30 icke
1386 945 65 29 har
1476 952 87 21 sam-

72 1004 94 30 band
191 1003 79 30 med
293 1001 291 30 kammarrättens
607 997 230 35 verksamhet,
863 994 175 39 medgives
1063 993 145 30 allenast
1232 1000 58 21 om
1314 989 160 31 säkerhet
1498 987 66 30 fin-

73 1058 59 21 nes
152 1048 54 30 för
225 1050 49 27 att
294 1047 194 29 detsamma
505 1044 76 30 icke
599 1041 144 40 menligt
760 1041 162 30 inverkar
941 1038 45 40 på
1006 1034 344 43 tjänstegöromålens
1369 1032 194 32 utförande.

117 1094 13 29 I
152 1091 256 39 behandlingen
431 1099 43 21 av
495 1089 93 30 detta
612 1087 136 34 ärende,
772 1085 75 31 däri
870 1083 177 40 skiljaktig
1069 1081 140 39 mening
1231 1080 76 30 icke
1330 1076 233 35 förekommit,

72 1138 90 30 hava
182 1136 141 39 deltagit
342 1132 262 34 undertecknad
624 1131 184 40 president,
830 1139 75 21 som
925 1126 188 40 föredragit
1133 1125 149 35 ärendet,
1303 1122 261 32 kammarrätts-

74 1180 106 32 råden
211 1179 151 37 Wåhlin,
394 1178 197 40 Ljungberg
622 1176 66 31 och
719 1173 159 37 Henriks,
910 1171 213 41 byråchefen
1154 1170 84 39 Ripe
1269 1171 90 28 samt
1389 1174 176 24 assessorn

76 1225 214 32 Neuendorff
312 1225 67 30 och
402 1233 27 21 e.
455 1233 30 21 o.
509 1230 176 23 assessorn
709 1219 177 32 Eriksson.

119 1323 200 32 Stockholm
342 1322 68 31 den
433 1323 42 29 26
499 1319 153 32 februari
679 1319 93 31 1934.

310 1420 49 31 På
381 1420 124 39 Kungl.
527 1418 118 39 Maj:ts
665 1417 66 31 och
751 1416 117 31 Rikets
890 1414 251 31 Kammarrätts
1163 1412 143 38 vägnar:

628 1497 34 31 C.
689 1497 41 30 H.
757 1490 252 36 HÖGSTEDT.

1273 1560 69 37 /N.
1365 1561 30 31 J.
1419 1561 123 38 Bagge.
