1856 2798
249 169 38 28 14
634 171 378 31 Jordbruksutskottets
1041 172 174 30 utlåtande
1241 181 42 21 nr
1307 174 44 29 73.

252 256 122 29 härom
394 255 186 36 lämpligen
602 256 64 29 bör
685 254 98 31 anstå
803 255 10 30 i
833 255 151 30 avbidan
1004 255 44 36 på
1069 256 137 31 fortsatt
1227 256 183 37 utredning
1431 267 42 20 av
1494 257 258 31 försöksväsen-

252 307 55 30 det
325 323 44 3 —
390 306 10 30 i
420 306 111 30 första
550 306 94 30 hand
665 307 67 29 den
751 315 41 20 av
812 305 201 36 jordbruks-
1035 306 65 30 och
1123 306 518 36 husdjursförsöksanstalterna
1663 312 87 25 samt

251 356 203 36 föreningen
473 356 167 30 bedrivna
659 355 212 37 forsknings-
891 356 66 30 och
976 356 412 37 försöksverksamheten,
1408 357 151 31 varefter
1579 359 56 29 det
1656 358 96 29 torde

251 406 90 31 bliva
360 406 136 38 möjligt
514 411 48 26 att
580 406 140 30 säkrare
738 406 196 30 överblicka
953 406 158 36 samtliga
1132 408 41 29 de
1191 407 294 36 omständigheter
1503 417 74 20 som
1597 408 85 30 böra
1701 412 49 26 ta-

251 465 59 27 gas
332 457 10 29 i
363 457 228 30 betraktande
611 457 80 30 med
713 457 167 30 avseende
900 455 45 37 på
971 457 66 30 den
1059 455 346 37 ändamålsenligaste
1427 457 323 36 organisationsfor-

251 516 79 21 men
350 507 55 30 för
422 507 65 30 här
506 507 150 30 avsedda
674 506 228 31 verksamhet.
925 505 51 32 Då
996 508 57 29 det
1073 506 104 31 likväl
1199 507 273 38 uppenbarligen
1491 509 39 28 är
1549 517 41 21 av
1611 507 73 31 vikt
1703 511 48 26 att

252 557 267 30 statsmakterna
548 556 114 31 såsom
690 557 204 36 vägledning
922 556 57 31 för
1008 558 54 29 det
1093 556 159 31 fortsatta
1280 557 334 36 utredningsarbetet
1645 558 106 29 redan

249 617 48 20 nu
319 607 123 37 angiva
466 607 54 30 sin
541 607 215 36 principiella
778 607 160 36 ställning
961 607 51 30 till
1034 607 121 36 Kungl.
1178 606 119 37 Maj:ts
1318 607 130 37 förslag
1469 608 11 29 i
1502 608 126 35 ämnet,
1651 616 101 22 anser

252 658 50 36 sig
323 658 165 30 utskottet
509 658 65 30 här
593 658 85 29 böra
699 656 126 31 föreslå
844 657 186 36 riksdagen
1053 661 48 26 att
1125 657 87 30 fatta
1234 660 46 27 ett
1301 657 121 36 beslut,
1445 657 236 31 innebärande
1703 661 47 26 att

251 708 183 36 riksdagen
454 707 128 31 liksom
603 707 122 36 Kungl.
752 707 99 38 Maj:t
873 706 101 37 utgår
994 706 92 30 ifrån
1107 711 48 26 att
1179 706 219 37 föreningens
1420 707 221 31 verksamhet
1662 707 88 30 skall

252 758 256 30 sammanföras
526 759 79 29 med
624 758 66 30 den
709 757 134 37 statliga
862 757 213 36 forsknings-
1095 757 65 30 och
1180 757 404 30 försöksverksamheten
1604 767 80 20 men
1703 761 49 26 att

252 808 175 30 formerna
452 808 56 30 för
529 809 93 29 detta
644 807 260 36 förstatligande
926 807 98 31 skola
1045 807 227 30 underkastas
1296 807 239 36 omprövning.

293 858 171 30 Utskottet
485 859 66 29 har
570 858 75 30 icke
665 857 156 31 förbisett
843 860 47 28 att
912 857 91 31 vissa
1024 857 218 36 olägenheter
1262 856 108 31 måste
1392 857 217 36 uppkomma
1628 865 124 28 genom

248 912 49 27 att
320 909 180 36 lösningen
525 919 41 20 av
589 908 207 31 hithörande
818 907 170 37 spörsmål
1014 907 213 36 uppskjutes.
1254 907 78 30 Med
1355 908 138 36 hänsyn
1518 907 115 30 härtill
1657 908 96 29 torde

249 960 56 30 det
328 959 159 31 fortsatta
510 959 332 36 utredningsarbetet
865 960 86 31 böra
975 958 158 30 bedrivas
1157 959 78 29 med
1261 959 123 30 största
1409 958 258 36 skyndsamhet,
1695 958 57 30 Ut-

250 1011 124 30 skottet
395 1010 201 30 förutsätter
619 1014 48 26 att
690 1010 394 36 utredningsuppdraget
1105 1010 159 29 kommer
1285 1013 49 27 att
1358 1009 147 30 omfatta
1530 1009 86 29 även
1639 1010 111 34 spörs-

248 1059 104 32 målet
375 1060 174 30 huruvida
572 1061 56 29 det
650 1060 138 36 statliga
811 1059 303 31 försöksväsendet
1135 1060 10 29 i
1168 1058 266 37 fortsättningen
1459 1059 66 30 bör
1547 1059 205 30 omhänder-

247 1111 108 30 havas
375 1120 41 21 av
435 1111 377 35 lantbrukshögskolan
831 1110 82 30 eller
930 1120 43 21 av
994 1118 43 21 en
1056 1109 147 32 särskild
1223 1110 113 36 statlig
1354 1109 195 30 institution
1568 1110 79 29 med
1669 1117 83 28 egen

249 1162 149 35 styrelse.
423 1161 13 30 I
460 1162 92 30 detta
576 1160 252 38 sammanhang
849 1161 59 29 vill
930 1161 165 30 utskottet
1118 1159 187 31 framhålla
1328 1160 117 30 vikten
1471 1170 43 20 av
1537 1162 48 28 att
1607 1160 42 30 de
1675 1169 76 27 syn-

247 1212 150 35 punkter
423 1221 75 21 som
523 1211 390 31 norrlandskommittén
938 1211 12 30 i
976 1211 59 29 sitt
1058 1211 158 36 yttrande
1241 1210 115 31 anfört
1381 1209 221 32 beträffande
1627 1209 122 31 studie-

247 1261 368 37 gårdsverksamheten
640 1262 142 30 beaktas
806 1261 56 31 vid
887 1261 237 36 utredningen.
1150 1261 125 30 Vidare
1299 1261 65 30 bör
1389 1261 329 36 uppmärksammas
1741 1259 11 30 i

248 1314 66 29 vad
335 1312 81 31 mån
440 1314 58 29 det
519 1313 116 30 lokala
656 1312 301 31 konsulentarbete
978 1321 74 21 som
1073 1313 56 30 för
1149 1312 217 30 närvarande
1387 1311 211 36 ombesörjes
1621 1321 41 20 av
1684 1311 67 30 för-

248 1364 145 35 eningen
412 1362 59 31 må
490 1364 119 30 kunna
629 1362 202 37 överflyttas
851 1362 45 38 på
918 1361 449 37 hushållningssällskapen.
1390 1362 13 30 I
1427 1361 150 37 enlighet
1595 1362 79 30 med
1697 1361 55 30 det

250 1423 47 20 nu
323 1413 149 31 anförda
496 1414 98 30 torde
615 1413 185 36 riksdagen
826 1414 84 30 böra
936 1414 133 30 besluta
1093 1417 48 27 att
1164 1414 64 29 hos
1255 1413 120 35 Kungl.
1404 1412 102 39 Maj:t
1530 1411 140 31 anhålla
1694 1421 57 20 om

249 1464 275 31 föranstaltande
542 1473 42 21 av
601 1463 182 37 utredning
802 1464 147 30 rörande
969 1463 211 36 forsknings-
1199 1463 66 30 och
1284 1462 405 31 försöksverksamheten
1707 1460 42 37 på

250 1514 221 35 jordbrukets
493 1513 141 31 område
654 1518 90 26 samt
763 1514 262 36 framläggande
1044 1523 56 20 om
1123 1512 134 37 möjligt
1280 1513 50 30 till
1350 1514 100 29 nästa
1471 1511 57 32 års
1549 1512 141 36 riksdag
1710 1521 41 20 av

251 1565 55 30 det
323 1565 130 36 förslag
469 1564 114 30 vartill
601 1564 225 36 utredningen
847 1564 70 30 kan
934 1563 189 30 föranleda.

292 1614 49 30 De
362 1615 11 30 i
394 1616 118 29 ämnet
532 1615 123 29 väckta
676 1614 215 30 motionerna
913 1614 27 29 I:
956 1614 63 29 384
1041 1614 64 29 och
1127 1613 44 30 II:
1186 1614 74 34 593,
1282 1613 231 36 likalydande,
1537 1615 87 28 samt
1646 1612 27 30 I:
1689 1612 61 30 387

248 1665 65 30 och
336 1665 44 30 II:
395 1666 74 36 591,
493 1665 130 36 jämväl
643 1664 230 37 likalydande,
896 1664 96 31 vilka
1010 1667 77 33 taga
1111 1664 86 29 sikte
1215 1663 46 37 på
1283 1663 138 30 fortsatt
1441 1662 193 36 utredning,
1655 1663 97 29 torde

249 1715 37 31 få
304 1725 98 22 anses
420 1716 189 30 besvarade
625 1717 80 29 med
722 1715 67 30 vad
807 1716 165 29 utskottet
988 1715 65 29 här
1069 1714 116 30 anfört
1202 1715 65 29 och
1286 1713 185 37 föreslagit.
1491 1713 50 30 De
1558 1713 192 36 likalydan-

250 1766 41 30 de
311 1766 217 30 motionerna
549 1766 27 30 1:
591 1766 63 30 385
674 1766 66 29 och
760 1765 43 30 II:
820 1766 61 29 592
904 1774 57 21 om
984 1764 68 30 viss
1071 1764 146 36 ändring
1238 1764 11 30 i
1271 1764 65 30 den
1357 1774 42 21 av
1420 1763 123 36 Kungl.
1566 1762 101 37 Maj:t
1686 1762 64 30 till-

250 1817 132 36 styrkta
399 1816 280 36 organisationen
696 1815 95 30 torde
808 1815 75 29 icke
900 1814 141 36 påkalla
1060 1814 137 31 särskilt
1214 1815 160 35 yttrande
1391 1823 43 21 av
1451 1814 165 29 utskottet
1634 1813 11 30 i
1663 1813 87 30 före-

248 1866 151 31 varande
422 1865 262 36 sammanhang.
710 1864 74 31 Vad
807 1873 90 22 ovan
922 1863 134 31 anförts
1079 1864 96 30 torde
1201 1864 129 36 jämväl
1352 1864 47 30 ha
1423 1863 84 37 givit
1532 1862 56 31 vid
1613 1863 139 30 handen

248 1920 48 27 att
313 1917 165 31 utskottet
494 1916 75 30 icke
586 1916 69 31 kan
670 1914 135 33 biträda
823 1915 41 30 de
880 1914 222 36 likalydande
1118 1914 215 30 motionerna
1350 1914 28 30 I:
1394 1914 63 30 383
1475 1913 65 30 och
1557 1913 44 30 II:
1615 1913 62 31 590
1695 1923 57 20 om

248 1970 48 27 att
320 1967 185 35 riksdagen
530 1965 114 37 måtte,
671 1965 191 31 oberoende
885 1974 42 21 av
953 1964 53 31 sin
1031 1964 214 36 ståndpunkt
1267 1964 10 30 i
1303 1963 119 37 övrigt,
1447 1963 88 32 fatta
1560 1964 112 30 beslut
1695 1973 56 21 om

249 2017 234 37 organisering
512 2027 43 20 av
582 2015 489 36 studiegårdsverksamheten.
1101 2014 278 31 Vidkommande
1408 2014 159 36 slutligen
1597 2015 41 29 de
1666 2014 84 30 lika-

247 2068 149 36 lydande
413 2067 217 31 motionerna
648 2066 27 30 I:
691 2067 63 30 386
772 2067 65 30 och
857 2066 45 30 II:
917 2066 64 30 589
999 2064 176 37 angående
1195 2065 247 37 lönereglering
1459 2065 57 30 för
1532 2064 221 36 föreningens

249 2118 343 36 befattningshavare
612 2127 102 20 anser
734 2117 163 30 utskottet
919 2120 58 33 att,
999 2117 111 29 ehuru
1134 2125 42 21 en
1197 2115 248 37 lönereglering
1467 2125 100 26 synes
1591 2115 158 36 befogad,

251 2169 63 30 den
337 2168 186 36 påkallade
541 2167 226 36 utredningen
787 2168 88 29 dock
895 2167 64 29 bör
980 2167 165 30 avvaktas
1165 2166 108 30 innan
1293 2165 114 37 någon
1427 2165 123 36 åtgärd
1570 2165 9 30 i
1602 2165 148 36 angivna

250 2219 89 36 syfte
358 2219 163 36 vidtages.

293 2269 189 31 Utskottets
510 2268 325 36 ställningstagande
860 2267 148 30 innebär
1032 2269 48 28 att
1106 2265 114 38 någon
1247 2265 321 37 anslagsanvisning
1593 2265 50 30 till
1673 2266 41 29 de
1741 2263 10 30 i

247 2319 260 37 propositionen
526 2319 148 36 angivna
693 2317 208 32 ändamålen
917 2317 77 31 icke
1013 2316 183 37 påfordras
1215 2316 55 31 för
1289 2318 98 30 nästa
1406 2315 178 37 budgetår.

293 2370 115 30 Under
430 2369 219 36 åberopande
670 2379 42 21 av
735 2369 55 30 det
814 2368 148 31 anförda
985 2368 197 30 hemställer
1204 2368 174 35 utskottet,
