1886 2816
327 144 105 28 Andra
453 144 200 28 kammarens
675 141 108 40 tredje
806 145 155 35 tillfälliga
983 145 133 28 utskotts
1138 145 160 28 utlåtande
1320 146 44 27 Nr
1387 146 25 27 7.
1579 146 39 31 13

122 227 140 34 tressen,
291 235 75 20 som
394 226 60 29 äro
482 225 200 31 förbundna
711 226 80 30 med
817 226 134 30 landets
979 226 245 39 motorseglare
1251 226 66 30 och
1345 226 110 30 andra
1482 226 136 30 mindre

121 277 114 40 fartyg
261 278 10 30 i
298 278 174 30 fraktfart.
511 278 82 30 Skäl
617 279 97 30 torde
739 278 119 31 därför
884 279 104 39 enligt
1013 280 182 29 utskottets
1221 279 141 39 mening
1388 279 75 31 icke
1489 280 128 29 saknas

121 330 53 31 för
200 334 50 27 att
277 339 124 31 genom
428 332 284 30 statsmakternas
739 331 136 40 försorg
901 341 41 21 en
972 333 159 29 närmare
1157 332 261 40 undersökning
1445 332 171 40 företages

121 385 147 30 rörande
295 385 41 30 de
362 384 254 37 förhållanden,
643 394 75 21 som
744 386 79 30 med
849 385 186 40 anledning
1062 395 42 21 av
1130 385 178 31 motionen
1334 386 147 30 kommit
1507 386 109 30 under

122 437 207 32 diskussion.

165 490 93 32 Enär
285 491 190 31 emellertid
499 510 45 3 —
571 490 114 32 såsom
712 502 42 20 av
783 492 305 39 myndigheternas
1115 493 185 38 yttranden
1328 492 154 40 framgår
1509 511 44 4 —
1580 492 36 31 åt

121 544 169 31 särskilda
313 545 96 30 inom
430 545 420 40 handelsdepartementet
872 546 190 31 tillkallade
1085 546 219 39 sakkunniga
1328 547 157 39 uppdrag
1508 547 107 30 redan

122 597 149 31 lämnats
292 601 49 27 att
361 598 51 30 till
431 599 184 39 utredning
635 602 152 36 upptaga
807 599 125 39 frågan
952 610 58 20 om
1030 600 329 39 premiesättningen
1379 600 95 31 inom
1496 600 120 30 skade-

119 650 243 40 försäkringen
389 652 65 30 och
478 651 101 31 alltså
604 653 86 30 även
715 653 95 30 inom
837 653 304 39 sjöförsäkringen,
1168 654 65 30 och
1260 652 54 37 då,
1340 653 106 40 enligt
1470 654 68 30 vad
1562 656 52 28 ut-

120 704 125 31 skottet
268 705 183 36 inhämtat,
476 706 114 30 denna
613 706 184 39 utredning
821 707 97 29 torde
941 708 143 28 komma
1107 710 49 27 att
1179 707 93 30 bliva
1296 716 42 21 av
1362 707 175 39 betydelse
1560 707 55 31 för

121 757 182 40 lösningen
335 758 133 41 jämväl
499 768 42 21 av
574 759 42 30 de
648 759 170 30 särskilda
852 759 179 40 spörsmål,
1065 769 74 21 som
1170 761 142 30 beröras
1344 760 11 30 i
1386 760 229 31 förevarande

120 810 143 37 motion,
282 811 64 30 har
365 813 165 29 utskottet
549 812 116 30 funnit
684 813 188 39 anledning
891 813 76 30 icke
984 813 168 39 föreligga
1172 817 50 27 att
1241 813 11 30 i
1270 813 209 32 hithörande
1498 813 118 41 frågor

120 873 48 21 nu
189 864 127 39 begära
337 865 196 39 ytterligare
554 866 193 39 utredning.

166 917 172 31 Utskottet
356 917 56 31 får
430 919 119 30 därför
567 919 193 36 hemställa,

474 1028 49 28 att
544 1026 177 30 motionen
744 1026 45 30 II:
804 1027 63 29 212
890 1026 76 31 icke
987 1026 106 31 måtte
1116 1027 51 30 till
1188 1026 116 40 någon
1326 1028 109 30 andra
1457 1028 157 30 kamma-

430 1088 77 21 rens
528 1078 122 40 åtgärd
669 1079 191 31 föranleda.

164 1184 202 31 Stockholm
388 1185 65 30 den
478 1186 37 30 12
537 1185 71 40 maj
632 1187 93 29 1938.

656 1293 49 31 På
726 1294 183 30 utskottets
929 1295 144 38 vägnar:

661 1364 33 31 C.
719 1364 36 32 G.
780 1360 284 36 TENGSTRÖM.

157 1629 213 28 Närvarande:
389 1630 108 27 herrar
515 1631 193 34 Tengström,
726 1631 120 27 Janson
863 1632 9 27 i
890 1631 198 34 Frändesta",
1108 1628 209 39 Åkerström”,
1336 1633 144 34 Viklund,
1499 1633 112 28 fröken

117 1668 101 40 Öberg
237 1677 81 24 samt
337 1674 109 28 herrar
465 1674 178 29 Johansson
663 1676 9 27 i
693 1675 165 28 Norrfors"
881 1676 58 28 och
959 1677 150 27 Eriksson
1129 1677 8 27 i
1159 1675 156 37 Frägsta"”.

153 1754 13 14 +
187 1754 33 31 Ej
243 1755 181 25 närvarande
447 1755 47 25 vid
516 1755 184 31 justeringen.

154 2524 120 35 Bihang
294 2525 46 27 till
359 2525 181 34 riksdagens
558 2526 156 34 protokoll
738 2528 83 25 1938.
854 2528 35 25 13
909 2528 86 26 saml.
1026 2528 17 26 3
1063 2527 67 28 avd.
1162 2528 43 27 Nr
1227 2528 25 27 7.
1588 2531 19 29 3
