1924 2848
441 164 420 41 Bevillningsutskottets
887 168 225 34 betänkande
1137 170 53 33 Nr
1220 170 51 32 78.
1544 172 18 33 7

142 245 18 31 I
178 245 212 37 anslutning
410 247 57 30 till
488 247 69 31 vad
577 247 393 36 departementschefen
989 249 121 32 anfört
1131 250 66 31 har
1217 250 135 36 Kungl.
1372 250 109 37 Maj:t
1501 252 12 30 i
1533 261 69 21 om-

105 296 179 32 förmälda
311 298 222 36 proposition
561 308 42 21 nr
631 299 68 36 271,
727 300 80 31 med
836 300 155 36 ändring
1021 311 45 20 av
1096 301 12 30 i
1136 302 467 37 statsverkspropositionen

104 348 205 36 framlagda
333 350 135 36 förslag
491 351 183 35 angående
698 351 230 36 upptagande
950 352 11 30 i
984 352 195 33 riksstaten
1202 354 56 30 för
1282 354 212 36 budgetåret
1513 355 90 35 1933/

104 400 77 31 1934
209 411 45 20 av
285 402 95 30 vissa
408 402 269 37 inkomsttitlar,
707 402 187 37 föreslagit
923 404 194 36 riksdagen
1145 406 55 29 att
1229 406 11 29 i
1269 407 156 30 nämnda
1454 407 148 31 riksstat

106 452 105 31 bland
232 456 112 29 annat
365 454 157 30 beräkna
544 454 158 36 följande
724 455 261 31 inkomstlitlar
1006 456 167 31 sålunda:

100 512 173 32 Inkomst-
293 514 63 31 och
377 515 361 35 förmögenhetsskatt
763 541 453 8 .......................
1244 518 129 31 kronor
1396 520 196 36 120,000,000

99 564 195 32 TUlIIMmedel
338 591 784 9 ossesrersereresesererses
836 560 31 49 ss
875 560 32 49 sr
918 560 29 49 rr
958 560 29 49 er
998 560 47 49 ers
1056 560 29 49 rs
1093 560 31 49 rs
1135 593 83 8 ere
1309 583 13 16 »
1352 566 21 47 —
1396 572 196 36 117,000,000

101 616 104 32 ÅcCCis
225 619 20 29 å
266 618 89 31 Silke
382 643 836 10 sosoosessesseere
702 612 92 47 reses
802 612 89 47 ererr
901 612 31 47 rr
943 612 50 47 rss
1001 612 31 47 rr
1042 612 89 47 sees
1154 612 69 47 Vera
1466 623 126 37 300,000

99 669 237 31 '"Tobaksskatt
366 695 852 10 .........s.ssssssosrseseeerersser
967 665 30 47 ss
1008 665 51 47 ses
1067 665 10 47 s
1087 665 48 47 ser
1152 665 69 47 oss
1312 687 9 17 »
1416 675 176 37 73,000,000

101 721 560 38 Brännvinstillverkningsskatt
690 748 528 9 ............s.sssssssss
1149 717 73 46 sera
1308 739 14 16 »
1416 727 177 36 16,000,000

100 773 573 37 Rusdrycksförsäljningsmedel:

139 825 362 38 Partihandelsbolag
537 821 27 47 oo
588 851 627 9 sssososesesesrssrrsrrssrrrss
1127 821 31 47 re
1169 821 50 47 rss
1306 842 13 16 »
1433 830 156 37 9,000,000

139 877 378 37 Detaljhandelsbolag
551 873 19 46 —
588 904 627 8 .ossssseeserersrrrrrrsrsrrs
1089 873 70 46 rens
1170 873 49 46 sea
1305 894 14 16 »
1413 882 176 37 16,000,000

98 928 190 32 Maltskatt
315 954 899 10 .ss.ssssossoorssrersseeeeserseser
895 924 54 47 rss
957 924 28 47 rr
995 924 60 47 rer
1075 924 27 47 rs
1113 924 36 47 ss
1166 924 51 47 ser
1304 946 14 16 »
1411 935 178 36 28,000,000

139 1023 125 36 Enligt
288 1034 45 21 av
357 1024 125 32 chefen
507 1025 55 31 för
589 1025 406 37 finansdepartementet
1020 1028 61 31 vid
1107 1028 274 37 framläggande
1406 1040 45 21 av
1475 1039 123 28 propo-

98 1075 154 30 sitionen
276 1086 42 20 nr
340 1077 59 30 271
422 1077 128 35 gjorda
574 1078 242 36 beräkningar
838 1079 114 31 skulle
977 1080 41 30 de
1043 1080 12 30 i
1079 1080 57 31 det
1160 1080 210 32 reviderade
1394 1082 203 36 budgetför-

98 1127 114 35 slaget
235 1130 185 34 upptagna
443 1128 243 32 inkomsterna
709 1130 130 31 bereda
861 1130 172 37 täckning
1058 1132 55 30 för
1137 1132 41 31 de
1203 1133 163 37 utgifter,
1389 1143 74 22 som
1486 1134 111 31 beslu-

99 1180 71 30 tats
200 1179 87 31 eller
318 1180 117 31 kunde
467 1181 174 31 beräknas
673 1181 97 31 bliva
802 1182 183 32 beslutade
1016 1193 44 21 av
1091 1183 203 38 riksdagen,
1325 1186 64 30 och
1421 1186 176 36 därjämte

98 1230 120 31 lämna
245 1233 50 29 ett
323 1232 138 31 mindre
488 1233 190 30 överskott.
724 1234 212 32 Emellertid
963 1235 65 30 har
1057 1235 61 31 vid
1144 1236 116 31 denna
1288 1237 197 37 beräkning
1512 1239 84 30 hän-

98 1292 66 27 syn
189 1283 77 30 icke
293 1283 110 36 tagits
428 1284 57 30 till
511 1284 41 31 de
577 1284 232 37 jämkningar
835 1286 12 30 i
872 1287 172 35 anslagen
1069 1287 56 31 till
1150 1290 124 29 räntor
1300 1290 20 30 å
1346 1290 251 37 statsskulden,

99 1334 97 31 vilka
223 1335 119 31 kunde
371 1335 203 32 föranledas
603 1347 45 20 av
677 1337 211 36 riksdagens
917 1338 115 32 beslut
1061 1339 12 30 i
1101 1341 272 36 anslagsfrågor
1402 1342 193 32 berörande

97 1386 262 37 lånebudgeten
379 1387 85 31 eller
487 1398 44 21 av
555 1397 119 22 annan
694 1389 205 37 anledning.

137 1438 133 31 Genom
295 1449 45 20 av
364 1439 193 36 riksdagen
581 1449 150 21 numera
756 1441 139 31 fattade
920 1441 115 32 beslut
1060 1444 92 29 samt
1177 1445 80 30 med
1281 1445 315 37 hänsynstagande

96 1489 56 31 till
176 1491 66 30 den
265 1490 203 36 uppkomna
492 1491 178 37 ökningen
694 1502 45 21 av
762 1493 149 31 berörda
936 1494 125 36 anslag
1083 1494 56 31 till
1163 1497 123 30 räntor
1310 1498 21 29 å
1355 1498 241 31 statsskulden

98 1542 69 30 kan
198 1542 186 36 beräknas,
415 1544 53 30 att
501 1543 55 31 för
587 1543 196 37 budgetens
811 1544 259 33 balanserande
1101 1547 183 32 erfordras
1315 1550 50 29 ett
1394 1549 125 38 belopp
1551 1561 45 20 av

95 1593 127 36 303,300
247 1594 140 31 kronor.
432 1594 82 32 Med
537 1596 172 30 avseende
733 1597 20 29 å
777 1597 68 30 den
870 1597 206 37 minskning
1100 1599 12 29 i
1137 1599 200 36 utgifterna
1364 1601 54 30 för
1443 1601 152 37 dyrtids-

96 1645 138 37 tillägg,
254 1657 73 20 som
346 1647 98 30 torde
465 1647 214 36 uppkomma
700 1656 126 28 genom
845 1648 211 37 riksdagens
1077 1651 114 31 beslut
1208 1652 12 30 i
1242 1653 104 35 fråga
1366 1663 55 21 om
1442 1654 153 36 dyrtids-

97 1697 127 36 tillägg
263 1699 112 31 under
412 1699 293 32 nästkommande
745 1701 174 36 budgetår
959 1703 36 29 åt
1035 1703 357 37 befattningshavare
1421 1707 11 30 i
1461 1708 134 30 statens

96 1749 121 36 tjänst,
237 1750 65 30 har
323 1751 171 31 utskottet
515 1753 116 29 ansett
650 1753 222 35 postverkets
894 1754 190 37 överskott,
1105 1755 113 32 vilket
1238 1758 101 30 såväl
1359 1758 112 37 enligt
1492 1760 102 30 stats-

95 1802 372 35 verkspropositionen
488 1813 74 21 som
586 1804 112 36 enligt
723 1805 265 36 propositionen
1013 1817 42 20 nr
1080 1808 58 30 271
1161 1808 192 32 beräknats
1377 1810 56 31 till
1458 1812 37 30 15
1518 1811 75 31 mil-

95 1852 99 36 Joner
215 1854 140 36 kronor,
377 1855 121 30 kunna
518 1857 177 34 upptagas
716 1856 55 31 till
793 1858 60 29 15.s
874 1858 165 36 miljoner
1059 1859 140 32 kronor.
1240 1860 220 37 Härigenom
1481 1863 113 31 skulle

96 1905 40 30 de
163 1906 10 29 i
201 1906 175 35 budgeten
402 1908 183 35 upptagna
611 1907 243 32 inkomsterna
878 1909 140 31 komma
1044 1912 53 29 att
1123 1911 120 32 lämna
1268 1914 51 29 ett
1344 1914 180 32 överskott
1549 1925 45 21 av

96 1956 125 36 196,700
249 1958 140 30 kronor.
434 1959 207 31 Emellertid
672 1960 98 30 torde
797 1960 111 36 enligt
937 1962 69 30 vad
1035 1963 173 31 utskottet
1234 1964 187 38 inhämtat,
1449 1967 144 30 statsut-

95 2007 131 31 skottet
244 2009 143 30 komma
400 2012 53 28 att
469 2010 182 31 nedräkna
668 2011 262 32 inkomsttiteln
946 2013 138 32 diverse
1103 2014 196 32 inkomster
1314 2017 77 31 med
1407 2018 187 31 sistnämn-

96 2061 44 30 da
162 2061 134 36 belopp,
317 2062 206 36 varigenom
544 2063 123 31 balans
688 2064 11 30 i
721 2064 177 36 budgeten
918 2066 114 30 skulle
1054 2068 113 30 ernås.

138 2112 68 31 Vid
232 2123 48 20 nu
307 2114 157 35 angivna
491 2115 225 32 förhållande
743 2116 132 31 saknar
902 2117 172 33 utskottet
1099 2119 195 37 anledning
1321 2121 130 32 föreslå
1477 2124 117 35 någon

95 2164 154 36 ändring
273 2176 45 20 av
343 2165 56 31 det
423 2167 209 35 procenttal,
656 2167 91 30 efter
773 2168 109 31 vilket
906 2169 168 31 inkomst-
1098 2171 63 30 och
1187 2172 406 36 förmögenhetsskatten

94 2216 111 35 enligt
230 2217 465 36 statsverkspropositionen
721 2219 205 36 föreslagits
950 2221 100 31 skola
1074 2224 96 33 utgå.
1217 2223 181 33 Utskottet
1424 2225 65 31 har
1515 2227 77 30 där-

98 2267 51 29 för
174 2268 197 35 föreslagit,
398 2269 53 29 att
476 2269 167 31 inkomst-
670 2271 64 29 och
762 2272 409 34 förmögenhetsskatten
1194 2274 93 31 skall
1313 2277 86 34 utgå
1426 2277 90 30 efter
1542 2279 50 29 ett

94 2319 199 33 procenttal
316 2329 45 19 av
384 2319 65 30 165.
493 2320 17 30 I
532 2320 112 31 likhet
667 2321 79 30 med
769 2322 392 35 departementschefen
1185 2326 65 29 har
1275 2327 172 31 utskottet
1471 2328 121 31 funnit

93 2369 54 34 sig
174 2369 121 30 kunna
323 2370 52 30 för
399 2372 104 28 nästa
527 2371 175 35 budgetår
728 2372 166 36 beräkna,
919 2375 54 29 alt
998 2374 10 30 i
1032 2374 168 33 inkomst-
1226 2377 61 30 och
1320 2378 272 35 förmögenhets-

94 2420 96 30 skatt
209 2421 89 30 skall
319 2421 133 36 inflyta
472 2423 50 29 ett
541 2422 124 37 belopp
685 2434 45 20 av
751 2425 58 29 120
825 2424 166 36 miljoner
1011 2426 140 31 kronor.

134 2472 51 30 På
208 2473 115 34 grund
348 2482 44 20 av
416 2483 149 21 numera
586 2484 44 20 av
653 2474 193 36 riksdagen
869 2476 110 31 fattat
1001 2476 114 33 beslut
1138 2479 9 30 i
1172 2479 194 37 anledning
1390 2491 46 21 av
1458 2483 132 35 Kungl.

95 2523 126 36 Maj:ts
246 2524 219 36 proposition
493 2525 66 30 den
584 2526 17 29 3
626 2525 146 36 januari
802 2527 73 30 1933
902 2537 42 21 nr
970 2528 37 30 34
1033 2530 79 30 med
1137 2531 134 36 förslag
1298 2532 54 31 till
1383 2534 207 37 förordning

1660 1037 137 25 Utskottet.
