1898 2788
499 163 406 38 Bevillningsutskottets
931 163 220 30 betänkande
1176 173 42 20 nr
1241 164 52 30 63.
1634 164 15 30 I

828 398 60 40 Nr
909 399 64 40 63.

364 516 405 39 Bevillningsutskottets
797 516 219 30 betänkande
1044 516 11 30 i
1081 516 190 39 anledning
1297 526 42 20 av
1368 515 124 40 Kungl.
1519 515 126 40 Maj:ts

585 566 218 40 proposition
822 567 82 29 med
921 566 132 40 förslag
1073 567 53 29 till
1142 567 208 39 förordning
1368 576 56 20 om
1444 566 135 30 ändrad
1598 566 48 39 ly-

588 617 93 29 delse
707 626 42 20 av
776 617 19 29 2
822 618 18 33 8
867 617 15 29 1
911 626 104 20 mom.
1041 617 252 39 förordningen
1320 617 66 29 den
1413 617 20 29 8
1456 616 80 40 juni
1563 616 85 30 1923

589 667 62 34 (nr
687 667 79 34 155)
795 667 179 39 angående
1009 666 249 40 omsättnings-
1281 667 63 30 och
1371 667 275 39 utskänknings-

586 717 97 29 skatt
700 717 20 30 å
737 717 249 39 spritdrycker,
1004 727 45 20 m.
1068 726 57 27 m.,
1142 717 109 40 jämte
1270 717 11 29 i
1297 718 119 29 ämnet
1435 716 122 30 väckta
1574 726 74 20 mo-

588 767 122 30 tioner.

190 885 13 29 I
229 894 43 20 en
297 886 67 29 den
391 885 39 30 13
456 885 143 29 oktober
628 885 83 29 1950
736 885 229 39 dagtecknad,
990 884 54 30 till
1068 885 383 39 bevillningsutskottet
1475 885 172 30 hänvisad

144 936 229 39 proposition,
397 945 42 20 nr
463 935 72 34 255,
559 935 65 29 har
648 935 126 40 Kungl.
799 935 117 40 Maj:t,
940 935 111 30 under
1075 935 219 40 åberopande
1319 945 42 20 av
1384 935 263 40 propositionen

145 986 108 39 bilagt
281 987 126 38 utdrag
434 995 42 20 av
502 985 386 40 statsrådsprotokollet
914 986 82 29 över
1023 986 273 30 finansärenden
1324 986 55 30 för
1407 995 134 21 samma
1569 987 77 38 dag,

144 1036 180 40 föreslagit
345 1037 188 38 riksdagen
555 1037 51 28 att

189 1087 73 30 dels
285 1088 128 38 antaga
433 1087 58 31 vid
511 1086 264 40 propositionen
797 1086 126 40 fogade
945 1087 131 39 förslag
1098 1087 53 30 till

190 1137 34 35 1)
254 1137 207 39 förordning
480 1146 55 20 om
555 1137 135 29 ändrad
711 1137 130 39 lydelse
861 1147 43 20 av
922 1137 18 30 2
964 1137 15 37 $
1003 1138 15 28 1
1040 1146 106 21 mom.
1168 1137 251 39 förordningen
1438 1137 67 30 den
1526 1137 19 29 8
1564 1137 80 39 juni

146 1187 83 30 1923
252 1187 58 34 (nr
331 1187 79 34 155)
432 1186 178 40 angående
629 1186 250 40 omsättnings-
896 1187 64 29 och
978 1187 358 39 utskänkningsskatt
1353 1187 21 30 å
1392 1187 254 40 spritdrycker;

188 1238 36 34 2)
254 1237 207 40 förordning
483 1246 56 21 om
562 1237 136 31 ändrad
720 1237 130 40 lydelse
872 1246 42 21 av
938 1237 39 31 13
1002 1237 15 37 $
1040 1237 252 40 förordningen
1314 1238 67 31 den
1406 1239 38 29 15
1467 1239 181 29 december

142 1289 84 30 1939
251 1289 58 33 (nr
329 1289 81 36 887)
435 1289 177 39 angående
632 1288 226 39 tillverkning
878 1288 65 30 och
962 1288 225 40 beskattning
1207 1297 42 22 av
1269 1289 251 39 maltdrycker;

187 1340 37 34 3)
254 1339 207 40 förordning
481 1338 179 40 angående
680 1339 135 30 ändrad
834 1338 131 40 lydelse
985 1348 41 21 av
1047 1339 18 30 2
1088 1339 16 37 $
1127 1339 250 40 förordningen
1398 1341 66 29 den
1484 1340 41 30 30
1544 1340 104 40 janu-

142 1391 50 29 ari
218 1391 83 30 1948
328 1391 58 33 (nr
407 1391 58 34 21)
491 1400 55 20 om
568 1389 156 39 tillfällig
743 1390 95 30 skatt
861 1390 20 29 å
900 1389 70 30 viss
990 1389 199 39 maltdryck
1210 1398 41 21 av
1272 1390 110 29 första
1403 1390 155 35 klassen;

186 1441 36 33 4)
253 1441 206 39 förordning
475 1440 178 39 angående
671 1441 133 29 ändrad
821 1440 130 39 lydelse
968 1449 42 20 av
1027 1440 18 29 5
1066 1439 15 37 $
1101 1439 250 39 förordningen
1370 1441 67 29 den
1454 1440 40 30 22
1512 1440 135 30 decem-

140 1491 60 30 ber
223 1492 83 30 1939
335 1492 59 33 (nr
419 1491 79 33 919)
528 1501 56 20 om
608 1491 95 28 skatt
727 1490 19 29 å
767 1490 263 39 läskedrycker;
1057 1492 92 27 samt

185 1542 36 33 5)
251 1541 207 39 förordning
482 1541 178 39 angående
687 1541 133 29 ändrad
845 1540 130 39 lydelse
999 1549 42 21 av
1066 1540 67 29 den
1156 1539 58 32 vid
1240 1540 250 39 förordningen
1514 1541 67 30 den
1606 1541 40 30 25

145 1593 70 39 maj
238 1593 79 29 1941
344 1593 59 32 (nr
419 1592 79 34 251)
521 1600 56 21 om
593 1591 186 30 varuskatt
795 1591 125 39 fogade
936 1591 371 39 varuförteckningen;

190 1643 73 30 dels
283 1643 65 30 ock
368 1643 145 33 besluta,
534 1643 50 29 att
604 1642 68 29 den
691 1641 58 30 vid
768 1641 402 40 tulltaxeförordningen
1189 1642 66 29 den
1274 1641 20 30 4
1313 1642 145 30 oktober
1480 1642 83 30 1929
1589 1642 59 34 (nr

146 1694 81 34 316)
252 1694 125 39 fogade
397 1694 173 28 tulltaxan
591 1692 91 30 skall
702 1692 80 29 från
803 1692 65 29 och
888 1692 80 30 med
988 1692 66 30 den
1076 1692 14 29 1
1115 1692 180 30 december
1318 1693 83 30 1950
1422 1693 12 28 i
1454 1694 114 29 nedan
1589 1702 59 21 an-

147 1745 102 38 givna
268 1744 106 30 delar”
391 1744 90 29 hava
498 1743 158 39 följande
676 1743 153 29 ändrade
848 1742 140 39 lydelse.

1332 1879 42 23 för
1391 1877 45 24 100
1448 1880 34 28 kg

1358 1913 100 23 kronor

312 2004 58 30 144
384 1998 13 47 |
401 2003 251 30 Mineralvatten
678 2003 60 29 och
760 2002 182 39 kolsyrade,
960 2002 143 30 alkohol-

442 2054 60 29 fria
524 2053 231 38 läskedrycker
782 2075 318 8 ................
1136 2052 59 31 100
1219 2053 67 30 liter
1318 2084 3 20 |
1368 2053 102 30 21:—
1495 2076 3 32 |

292 2132 2 12 |
387 2104 247 38 Maltdrycker:

312 2155 58 30 145
389 2149 15 48 |
444 2154 41 39 på
507 2154 594 29 fåt.............sssessoses
1031 2149 72 48 rer.
1258 2154 27 29 B
1369 2154 49 30 69:
1431 2173 39 3 —

312 2204 59 31 146!
444 2204 41 38 på
508 2204 101 29 andra
633 2203 69 29 kärl
740 2225 361 8 ........ss.oess.0.
1073 2198 30 48 0.
1137 2203 59 30 100
1220 2204 67 29 liter
1368 2205 49 28 78:
1442 2221 29 4 —

443 2264 76 22 Anm.
540 2261 148 31 Angående
707 2261 107 24 införsel
834 2273 31 4 —
884 2273 32 4 —
936 2273 29 4 —
986 2262 29 22 är
1033 2262 115 28 stadgat.

192 2336 255 30 Ovannämnda
469 2335 57 29 vid
549 2334 264 40 propositionen
838 2334 124 39 fogade
985 2334 364 41 författningsförslag
1373 2337 61 29 äro
1457 2346 41 21 av
1522 2337 128 40 följan-

148 2389 41 28 de
208 2387 137 39 lydelse.

189 2473 6 14 1
216 2474 109 24 Senaste
344 2472 101 30 lydelse
464 2478 34 17 av
517 2471 138 23 tulltaxan
677 2470 7 23 i
705 2470 177 23 förevarande
901 2470 75 23 delar
994 2476 25 17 se
1040 2468 71 25 1948:
1124 2468 40 26 23.

180 2522 11 26 1
235 2521 112 30 Bihang
361 2520 45 24 till
418 2520 168 30 riksdagens
598 2518 148 31 protokoll
759 2518 76 24 1950.
855 2518 15 23 7
882 2518 84 24 saml.
985 2518 40 24 Nr
1044 2520 39 23 63.
