1884 2836
296 154 19 30 2
699 157 118 31 Andra
837 156 237 37 lagutskottets
1094 154 177 32 utlåtande
1288 154 48 31 Nr
1348 155 50 31 19.

297 241 228 37 arbetsgivare
547 242 64 29 och
630 241 56 30 för
704 250 79 21 vars
805 240 228 30 förbindelser
1055 239 185 37 delägarna
1263 248 99 21 svara
1383 238 79 30 med
1485 237 215 37 obegränsad
1722 245 74 29 per-

297 293 107 37 sonlig
426 292 227 36 ansvarighet,
676 291 240 36 försäkringen
939 300 42 22 av
1005 291 202 36 delägarnas
1232 290 154 30 arbetare
1409 288 10 30 i
1441 288 112 31 stället
1572 288 111 30 under
1706 287 92 30 vissa

297 343 122 30 villkor
437 344 65 35 äga
521 352 77 21 rum
617 343 9 29 i
647 342 93 30 detta
761 342 102 37 bolag
886 341 31 39 (4
937 340 47 41 8).

340 389 91 35 Även
451 393 140 37 frivillig
613 392 401 38 olycksfallsförsäkring
1034 392 69 30 kan
1123 392 10 29 i
1154 391 91 30 vissa
1266 390 61 31 fall
1347 390 178 30 meddelas
1547 388 104 37 enligt
1671 387 125 37 ifråga-

296 444 149 30 varande
466 444 64 37 lag.
575 443 237 36 Arbetsgivare
831 444 38 29 är
890 441 147 32 sålunda
1060 441 191 37 berättigad
1275 443 49 28 att
1345 440 11 31 i
1379 438 417 38 riksförsäkringsanstal-

296 498 54 27 ten
371 495 160 30 försäkra
550 495 70 29 dels
638 503 117 21 annan
776 494 155 30 arbetare
951 494 45 29 än
1014 493 11 29 i
1042 493 98 36 lagen
1158 501 97 21 avses
1274 492 55 30 för
1347 490 183 38 olycksfall
1550 490 10 29 i
1578 490 126 35 arbete,
1722 489 74 30 dels

295 546 63 29 ock
376 546 10 29 i
404 546 171 30 anstalten
594 545 184 29 försäkrad
795 544 155 30 arbetare
970 543 55 30 för
1044 542 182 37 olycksfall
1246 545 96 28 utom
1362 541 126 31 arbete.
1530 539 114 32 Sådan
1661 540 134 30 försäk-

295 596 75 37 ring
389 597 70 29 kan
480 597 64 29 ock
566 604 42 21 av
628 595 198 36 ömsesidigt
848 595 101 36 bolag
971 593 174 31 meddelas
1166 593 57 30 för
1244 593 173 36 delägares
1439 592 165 30 arbetare.
1648 590 74 31 Har
1745 588 51 32 så-

296 647 67 30 dan
391 646 198 37 försäkring
614 647 55 36 ägt
695 655 89 26 rum,
813 645 96 31 skola
934 644 306 31 bestämmelserna
1265 643 12 30 i
1305 643 97 37 lagen
1431 642 10 30 i
1467 641 205 37 tillämpliga
1700 641 96 30 delar

295 698 101 30 lända
421 697 50 30 till
500 697 225 30 efterrättelse
751 695 129 38 jämväl
906 696 78 29 med
1014 694 166 31 avseende
1206 693 21 32 å
1253 693 152 31 nämnda
1432 692 206 36 försäkring.
1694 690 53 40 (385
1777 690 17 37 $

295 747 106 31 första
425 749 66 29 och
512 748 109 30 andra
643 745 188 40 styckena.)

337 798 198 30 Kostnaden
557 798 54 30 för
633 797 199 37 försäkring
854 796 102 37 enligt
977 794 519 39 olycksfallsförsäkringslagen
1516 792 176 36 bestrides,
1717 791 78 31 med

294 849 120 37 bidrag
436 858 43 21 av
501 848 195 31 statsmedel
718 847 52 30 till
792 847 301 35 omkostnaderna,
1114 854 124 29 genom
1258 843 372 38 försäkringsavgifter,
1651 852 75 21 som
1746 851 49 21 er-

294 900 113 36 läggas
440 909 44 21 av
519 898 265 37 arbetsgivaren.
831 897 113 37 Avgift
977 897 55 30 för
1065 896 198 37 försäkring
1285 896 85 30 skall
1392 904 43 21 av
1459 893 336 37 försäkringsinrätt-

295 950 123 36 ningen
441 950 210 30 bestämmas
675 949 51 30 till
752 949 135 36 belopp,
911 957 77 21 som
1009 948 79 30 med
1110 948 137 36 hänsyn
1272 946 50 30 till
1347 946 147 30 arbetets
1518 944 161 37 farlighet
1701 943 10 30 i
1736 943 59 30 all-

294 1001 139 30 mänhet
458 1001 67 29 och
550 1000 51 31 till
627 1000 41 30 de
696 999 171 31 särskilda
893 997 254 36 förhållanden,
1176 997 112 31 under
1316 996 91 30 vilka
1435 996 56 31 det
1516 994 167 36 bedrives,
1709 993 88 32 efter

293 1052 374 36 försäkringstekniska
695 1051 152 37 grunder
871 1051 125 36 prövas
1024 1059 82 21 vara
1132 1048 218 37 erforderligt
1375 1047 57 31 för
1461 1046 169 32 täckande
1658 1054 42 22 av
1728 1044 67 30 den

293 1101 80 35 risk,
399 1110 76 21 som
498 1100 242 36 försäkringen
763 1108 108 27 avser,
896 1099 79 30 med
1001 1098 117 37 tillägg
1143 1098 9 30 i
1177 1096 100 38 fråga
1300 1106 57 22 om
1381 1096 158 31 enskilda
1565 1094 229 36 försäkrings-

292 1151 99 37 bolag
418 1161 43 21 av
489 1153 47 28 ett
563 1151 134 36 belopp,
726 1149 242 31 motsvarande
994 1148 296 32 omkostnaderna
1314 1147 54 31 för
1392 1145 242 38 försäkringen
1667 1144 53 39 (15
1746 1142 47 40 8).

293 1201 119 31 Såsom
435 1201 124 38 bidrag
582 1201 50 30 till
658 1200 220 31 bestridande
905 1209 42 21 av
972 1199 295 31 omkostnaderna
1292 1198 53 30 för
1371 1194 332 39 försäkringsrådets
1728 1194 65 31 och

292 1252 477 37 riksförsäkringsanstaltens
800 1250 219 31 verksamhet
1050 1250 88 30 skall
1168 1249 57 30 för
1257 1247 95 38 varje
1382 1247 199 37 försäkring
1608 1246 12 30 i
1649 1244 144 32 riksför-

292 1303 328 36 säkringsanstalten
653 1300 51 33 till
734 1301 202 31 statsverket
966 1298 156 38 erläggas
1151 1298 244 37 tilläggsavgift
1426 1298 79 31 med
1537 1297 136 37 belopp,
1707 1298 86 28 mot-

291 1353 168 31 svarande
480 1353 71 30 fem
572 1354 141 35 procent
735 1361 43 21 av
797 1349 376 38 försäkringsavgiften.
1218 1348 136 31 Enskilt
1371 1347 330 37 försäkringsbolag,
1720 1355 76 21 som

292 1404 154 30 bedriver
470 1403 11 30 i
506 1402 228 31 förevarande
756 1403 54 35 lag
832 1401 126 31 avsedd
978 1400 208 36 försäkring,
1209 1400 39 29 är
1270 1400 86 29 även
1380 1398 150 38 skyldigt
1554 1400 47 28 att
1622 1397 51 30 till
1694 1399 100 28 stats-

292 1455 115 30 verket
426 1454 137 37 erlägga
584 1453 121 37 bidrag
721 1452 52 31 till
792 1451 219 38 bestridande
1031 1460 42 21 av
1090 1450 147 31 berörda
1258 1449 255 31 omkostnader.
1555 1448 100 30 Detta
1673 1447 122 36 bidrag

291 1506 86 29 skall
401 1504 82 37 utgå
506 1505 79 30 med
610 1507 46 27 ett
681 1504 137 36 belopp,
844 1502 244 31 motsvarande
1109 1504 50 28 tre
1183 1502 142 36 procent
1349 1509 41 21 av
1415 1497 378 38 försäkringsavgifter-

288 1565 63 21 nas
371 1565 147 21 summa.
562 1549 125 42 Övriga
706 1553 246 31 omkostnader
972 1553 57 30 för
1048 1549 329 39 försäkringsrådets
1400 1550 66 30 och
1489 1548 302 36 riksförsäkrings-

290 1607 186 30 anstaltens
500 1605 218 31 verksamhet
742 1604 167 30 bestridas
933 1613 43 21 av
999 1602 196 31 statsmedel
1226 1601 54 39 (16
1303 1599 46 40 8).

333 1706 121 31 Såsom
477 1704 155 38 framgår
654 1714 41 21 av
720 1705 67 30 den
813 1713 87 21 ovan
927 1703 161 31 lämnade
1114 1702 249 37 redogörelsen,
1387 1700 176 32 användes
1588 1700 10 30 i
1627 1700 83 31 1916
1736 1698 56 32 års

288 1758 55 36 lag
367 1757 173 37 uttrycket
565 1756 192 30 »arbetare»
784 1755 11 30 i
816 1764 42 21 en
880 1763 118 22 annan
1022 1754 65 30 och
1110 1762 94 21 mera
1229 1752 215 31 omfattande
1466 1751 174 38 betydelse
1665 1751 45 30 än
1734 1759 56 21 en-

290 1808 58 36 ligt
366 1808 55 30 det
440 1808 179 29 allmänna
637 1804 240 39 språkbruket.
920 1804 116 31 Envar
1056 1813 74 21 som
1150 1806 73 28 mot
1244 1802 160 37 avlöning
1422 1802 95 31 utför
1539 1802 116 30 arbete
1675 1800 35 32 åt
1732 1810 59 21 an-

291 1868 68 21 nan
379 1860 37 29 är
436 1859 9 30 i
468 1858 91 37 regel
580 1860 48 28 att
649 1866 82 21 anse
751 1866 76 21 som
849 1856 156 30 arbetare
1027 1855 11 30 i
1059 1855 116 36 lagens
1196 1853 149 37 mening.

334 1959 64 31 Till
419 1960 153 30 ledamot
593 1968 42 21 av
656 1957 186 37 riksdagen
864 1955 101 38 utgår
989 1956 54 30 för
1065 1954 217 32 närvarande
1305 1954 152 30 förutom
1480 1952 90 31 vissa
1594 1952 195 31 reseersätt-

287 2011 120 36 ningar
427 2011 129 30 arvode
573 2010 79 30 med
671 2009 10 30 i
701 2009 91 35 regel
813 2008 95 35 3,000
929 2008 130 30 kronor
1079 2006 55 30 för
1153 2006 150 35 riksdag,
1326 2014 56 21 om
1401 2005 72 30 han
1493 2005 39 29 är
1550 2004 114 30 bosatt
1684 2002 21 32 å
1726 2005 62 32 ort,

287 2062 62 30 där
367 2061 185 37 riksdagen
571 2059 117 37 hålles,
709 2069 82 21 men
810 2058 96 37 eljest
924 2058 80 30 med
1025 2057 95 36 4,000
1140 2057 140 30 kronor.

330 2112 62 30 Till
415 2112 188 36 belysande
627 2120 42 21 av
693 2109 135 38 frågan,
853 2108 173 31 huruvida
1049 2106 418 38 riksdagsmannaarvode
1490 2106 64 30 har
1579 2105 210 31 karaktären

286 2173 42 20 av
350 2163 162 36 avlöning
536 2163 81 30 eller
639 2162 86 35 icke,
749 2160 56 31 får
828 2160 163 31 utskottet
1013 2159 123 31 anföra
1159 2157 166 37 följande.
1373 2157 115 37 Enligt
1514 2156 84 30 1866
1621 2154 57 32 års
1702 2154 86 31 riks-

286 2213 231 37 dagsordning
541 2213 86 36 ägde
649 2212 153 30 ledamot
825 2221 42 21 av
889 2210 110 31 första
1024 2211 203 29 kammaren
1250 2209 75 30 icke
1348 2207 114 37 någon
1485 2208 68 30 rätt
1576 2206 51 31 till
1650 2205 137 32 arvode.

286 2265 163 30 Ledamot
472 2274 43 21 av
536 2264 109 31 andra
666 2264 205 29 kammaren
891 2262 87 36 ägde
999 2262 155 29 däremot
1176 2259 138 37 åtnjuta
1333 2258 189 36 ersättning
1543 2257 56 31 för
1620 2257 167 31 resekost-

285 2315 68 30 nad
375 2315 49 30 till
447 2315 67 30 och
535 2313 80 31 från
635 2314 185 35 riksdagen
842 2316 88 27 samt
951 2312 127 31 arvode
1100 2311 78 30 med
1201 2311 11 29 i
1235 2310 88 36 regel
1348 2309 94 36 1,200
1465 2309 129 30 kronor
1615 2307 55 32 för
1692 2307 97 37 varje

284 2366 147 35 riksdag.
475 2366 14 29 I
511 2366 92 30 detta
623 2364 252 37 sammanhang
895 2362 58 31 må
973 2363 206 30 omnämnas
1201 2364 47 28 ett
1267 2360 176 31 uttalande
1465 2369 42 20 av
1526 2358 260 31 konstitutions-

285 2417 164 30 utskottet
468 2417 12 30 i
501 2417 77 30 dess
601 2426 41 21 av
663 2416 185 36 riksdagen
867 2414 187 37 godkända
1073 2412 179 32 utlåtande
1273 2422 42 20 nr
1334 2413 19 29 9
1374 2411 58 30 vid
1455 2410 83 31 1868
1560 2409 55 33 års
1635 2409 151 36 riksdag.

285 2465 113 38 Enligt
424 2466 95 31 detta
544 2465 178 32 uttalande
749 2464 111 32 skulle
887 2464 159 31 arvodets
1073 2461 164 33 ändamål
1265 2471 83 22 vara
1373 2464 49 28 att
1448 2461 90 30 sätta
1565 2459 184 32 samhället
1776 2458 11 31 i
