2155 2641
601 185 258 34 Statsutskottets
887 186 173 34 Utlåtande
1084 186 64 33 N:o
1173 187 74 31 112.
1700 188 19 30 3

123 278 159 30 männen
324 272 102 35 finna
468 271 199 50 styckning
709 272 88 35 eller
839 269 216 52 afsöndring
1091 270 89 39 böra
1208 279 68 41 äga
1304 284 95 32 rum,
1431 270 138 50 förslag
1598 271 122 37 därtill

123 325 41 36 af
189 326 83 36 dem
303 325 168 49 afgifvas.

255 380 190 36 Utskottet
481 380 120 36 finner
639 380 70 36 den
747 393 52 23 nu
837 380 186 49 pågående
1054 379 266 50 försäljningen
1350 379 40 36 af
1415 380 143 36 mindre
1588 382 133 35 krono-

121 434 225 48 egendomar
387 435 237 48 synnerligen
667 435 183 47 gagnelig.
909 433 153 37 Oafsedt
1104 435 138 36 hvilket
1280 434 122 35 beslut
1435 434 210 49 Riksdagen
1675 442 45 28 än

120 491 61 32 må
223 489 148 35 komma
412 493 53 31 att
508 487 93 37 fatta
642 490 12 34 i
697 487 130 50 frågan
870 501 58 23 om
968 502 74 36 nya
1075 487 137 37 former
1240 487 58 37 för
1321 487 315 50 jordupplåtelser
1664 490 57 34 till

119 542 149 36 bildade
311 541 41 37 af
386 555 94 36 egna
517 543 96 44 hem,
654 555 110 36 synas
802 544 77 34 skäl
907 543 79 35 icke
1016 542 180 50 föreligga
1225 547 53 31 att
1305 542 149 49 vidtaga
1482 543 199 49 ändringar
1709 545 12 33 i

120 610 52 22 nu
216 596 169 49 gällande
427 597 287 44 bestämmelser,
759 610 78 22 som
880 604 61 28 äro
984 597 140 49 ägnade
1154 602 53 31 att
1236 596 133 48 främja
1397 596 224 45 ändamålet;
1653 598 68 35 och

120 652 91 34 allra
240 652 113 35 minst
381 651 104 36 torde
515 651 70 36 den
615 649 40 37 af
680 652 274 35 motionärerna
983 650 209 50 föreslagna
1220 651 175 48 åtgärden
1424 651 89 36 böra
1541 651 178 49 vidtagas,

120 705 46 36 då
195 705 70 36 den
295 710 90 31 utan
415 704 129 38 tvifvel
574 706 118 35 skulle
720 707 13 34 i
761 706 75 48 hög
864 705 90 49 grad
983 705 112 36 skada
1124 705 70 37 den
1223 705 84 36 med
1336 706 66 35 allt
1431 710 115 31 större
1565 707 155 34 intresse

121 759 201 36 omfattade
365 760 373 48 egnahemsrörelsen.
806 759 127 36 Under
974 758 267 37 framhållande
1283 758 108 37 häraf
1430 758 56 36 får
1528 761 191 43 utskottet,

121 814 84 35 med
243 813 192 45 förmälan,
476 819 53 30 att
567 815 116 47 enligt
711 813 172 49 bifogade
913 813 150 49 uppgift
1092 812 83 49 (Bil.
1206 811 62 48 A.)
1298 814 138 35 antalet
1465 812 40 36 af
1530 814 44 35 de
1603 814 119 35 under

121 868 336 49 domänstyrelsens
487 867 227 49 förvaltning
743 868 141 45 ställda,
916 867 57 36 för
1002 869 234 35 statsverkets
1261 868 156 48 räkning
1437 868 283 35 utarrenderade

121 922 351 49 kronoegendomar,
516 922 141 37 hvilkas
692 922 178 36 arrenden
898 923 79 35 icke
1006 921 199 50 öfverstiga
1236 923 72 35 600
1340 922 134 35 kronor
1502 922 68 36 och
1599 922 123 36 hvilka

120 977 139 36 således
302 978 148 34 komma
485 981 54 31 att
565 978 116 47 enligt
709 990 52 23 nu
791 976 168 49 gällande
988 977 275 36 bestämmelser
1292 975 118 36 under
1439 976 70 36 den
1538 981 183 31 närmaste

119 1031 103 36 tiden
261 1030 180 49 försäljas,
468 1036 111 43 utgör
618 1032 87 44 690,
736 1030 164 50 afstyrka
930 1030 239 36 förenämnda
1197 1032 182 34 motioner
1406 1032 13 33 i
1448 1030 95 37 hvad
1573 1031 43 35 de
1645 1029 76 38 afse

120 1084 261 49 upphäfvande
410 1084 40 36 af
478 1085 326 36 bestämmelserna
831 1087 13 33 i
874 1084 102 50 fråga
1005 1098 59 22 om
1094 1084 121 37 denna
1243 1083 230 49 försäljning.

253 1193 86 36 Med
368 1193 201 49 anledning
597 1192 40 37 af
653 1194 84 35 herr
756 1192 132 37 Staaffs
909 1192 84 37 med
1011 1193 87 36 flere
1118 1194 12 34 i
1151 1192 274 37 ofvannämnda
1444 1194 141 34 motion
1607 1191 113 37 fram-

121 1247 132 37 ställda
291 1247 139 49 förslag
458 1261 60 22 om
548 1247 202 48 utredning
776 1249 13 33 i
819 1246 103 49 fråga
951 1260 59 22 om
1040 1247 169 49 åtgärder
1237 1248 58 34 till
1325 1246 204 48 främjande
1559 1246 40 36 af
1624 1260 94 35 egna

120 1302 104 35 hems
253 1301 174 36 bildande
457 1304 20 33 å
505 1301 340 49 kronoegendomar
874 1301 56 36 får
958 1301 181 35 utskottet
1168 1303 120 33 erinra
1317 1314 59 22 om
1397 1300 94 36 hvad
1511 1313 78 23 som
1611 1305 108 31 stats-

120 1356 103 36 rådet
257 1356 67 35 och
354 1355 130 36 chefen
515 1355 57 36 för
596 1355 496 49 jordbruksdepartementet
1120 1357 12 33 i
1162 1355 100 35 detta
1291 1361 106 29 ämne
1426 1359 117 45 yttrat
1571 1356 58 34 till
1658 1354 61 36 det

122 1410 61 36 vid
217 1410 69 35 den
315 1411 59 34 till
407 1412 97 34 1907
537 1413 56 32 års
623 1409 162 49 Riksdag
814 1410 134 35 aflåtna
976 1411 279 46 propositionen
1285 1409 188 48 angående
1503 1408 216 36 förändrade

121 1464 163 49 grunder
312 1463 58 37 för
399 1464 69 36 den
498 1462 40 38 af
564 1469 119 31 staten
713 1462 174 38 utöfvade
907 1464 446 48 egnahemslånerörelsen
1374 1462 131 50 fogade
1527 1463 193 35 statsråds-

121 1520 183 47 protokoll
343 1518 58 36 för
434 1518 70 36 den
535 1520 21 33 4
588 1519 92 47 april
710 1531 140 22 samma
878 1521 49 32 år.
985 1516 435 50 Departementschefens
1451 1516 200 37 anförande
1681 1524 39 29 är

120 1574 12 34 i
162 1572 119 36 denna
310 1572 58 36 del
398 1571 40 36 af
464 1571 164 48 följande
657 1572 155 49 lydelse:

258 1626 95 36 »Det
390 1626 67 36 har
498 1626 124 36 vidare
663 1625 224 49 ifrågasatts,
932 1630 53 31 att
1027 1625 170 49 åtgärder
1239 1626 117 35 skulle
1385 1624 166 49 vidtagas
1581 1624 58 36 för
1667 1629 53 30 att

121 1682 159 35 kronans
324 1680 175 37 domäner
542 1685 94 31 samt
669 1681 155 48 lämplig
852 1681 103 34 mark
984 1678 40 37 af
1048 1681 159 34 kronans
1237 1678 335 50 skogsegendomar
1601 1679 118 35 skulle

119 1737 13 33 i
162 1740 115 30 större
307 1735 268 47 utsträckning,
606 1741 46 28 än
681 1747 51 23 nu
762 1741 86 41 äger
876 1747 94 31 rum,
1002 1735 171 46 upplåtas
1202 1735 57 33 till
1289 1746 93 35 egna
1401 1734 96 34 hem.
1536 1728 33 58 TI
1593 1732 125 36 anled-

120 1790 93 47 ning
253 1787 109 37 häraf
400 1791 60 33 må
502 1790 150 43 erinras,
697 1793 54 31 att
793 1800 133 36 genom
969 1788 129 48 kungl.
1141 1786 142 38 brefvet
1315 1788 58 34 till
1403 1786 317 49 domänstyrelsen

121 1842 71 36 den
237 1844 47 34 25
330 1842 206 49 september
581 1843 98 35 1896
715 1841 128 49 åtgärd
871 1841 175 49 vidtagits
1075 1840 58 37 för
1161 1854 45 23 en
1236 1842 138 48 ganska
1402 1839 228 38 omfattande
1660 1845 61 30 ut-

121 1897 201 48 styckning
364 1895 40 37 af
438 1896 143 36 mindre
619 1896 417 48 jordbrukslägenheter
1078 1894 81 37 från
1201 1896 159 34 kronans
1399 1895 185 35 domäner.
1647 1894 73 48 Jag

120 1951 68 35 har
229 1951 109 34 också
379 1949 81 36 haft
502 1952 77 33 min
613 1950 326 48 uppmärksamhet
968 1948 72 37 fäst
1068 1949 62 36 vid
1158 1949 314 48 angelägenheten
1501 1947 41 36 af
1567 1953 53 31 att
1650 1948 69 35 den

122 2009 113 43 utväg
280 2005 59 34 till
381 2003 174 36 bildande
603 2002 37 37 af
681 2017 94 35 egna
807 2004 96 44 hem,
935 2016 78 23 som
1043 2003 155 36 sålunda
1227 2008 168 43 öppnats,
1426 2005 114 33 måtte
1568 2002 112 36 varda
1707 2004 12 33 i

122 2063 134 31 största
298 2058 154 48 möjliga
494 2058 257 48 utsträckning
794 2057 150 36 anlitad.
1014 2056 215 37 Emellertid
1270 2057 67 35 har
1378 2056 61 35 det
1473 2056 126 36 därvid
1626 2058 94 34 visat

122 2114 66 47 sig,
221 2117 53 30 att
303 2125 86 22 man
419 2116 91 31 stött
538 2115 47 45 på
613 2111 142 45 hinder,
786 2124 78 23 som
895 2111 61 36 det
983 2112 80 34 icke
1092 2114 89 32 stått
1200 2112 13 34 i
1234 2110 43 36 de
1298 2109 227 37 förvaltande
1546 2110 174 49 myndig-

121 2166 170 36 heternas
334 2167 102 35 makt
478 2171 54 30 att
574 2165 217 49 undanröja.
849 2164 178 37 MNSärskildt
1064 2165 67 36 har
1172 2165 61 35 det
1262 2169 94 31 mött
1385 2165 30 47 ej
1449 2167 39 32 så
1517 2163 37 37 få
1582 2165 138 47 svårig-

121 2221 104 35 heter
267 2225 64 40 att,
371 2220 46 36 då
457 2220 124 36 beslut
623 2218 127 38 fattats
793 2233 59 22 om
883 2233 45 22 en
967 2218 193 49 fastighets
1190 2220 199 48 styckning
1417 2219 89 35 eller
1534 2231 60 22 om
1624 2231 94 35 upp-

121 2275 127 35 låtelse
291 2273 39 37 af
369 2279 53 31 ett
464 2279 116 31 större
623 2275 100 35 antal
764 2274 214 48 lägenheter
1015 2272 82 37 från
1126 2286 46 23 en
1201 2272 188 49 fastighet,
1424 2277 128 44 genast
1581 2272 137 35 erhålla

121 2330 177 48 lämpliga
340 2329 237 48 spekulanter
604 2330 13 34 i
646 2329 215 48 tillräckligt
890 2328 109 36 antal.
1056 2327 56 36 En
1141 2326 94 49 följd
1263 2325 108 37 häraf
1395 2327 67 35 har
1489 2325 134 45 blifvit,
1655 2339 64 22 an-
