1858 2780
265 151 64 30 146
628 150 253 27 Statsutskottets
905 150 161 27 utlåtande
1088 158 41 18 nr
1150 150 23 26 B
1195 150 37 27 53
1255 150 36 27 år
1314 150 76 27 1958

576 231 49 28 att
646 230 187 39 riksdagen
856 230 65 34 må,
945 230 77 30 med
1044 230 100 29 bifall
1165 230 52 29 till
1239 230 126 39 Kungl.
1388 229 123 39 Maj:ts
1534 229 130 40 förslag
1687 230 65 29 och

532 283 77 29 med
640 283 117 39 avslag
787 283 20 29 å
839 284 177 29 motionen
1048 283 152 35 II:
1110 279 21 48 B
1146 283 54 35 90,
1233 283 104 30 såvitt
1369 292 47 20 nu
1448 284 37 28 är
1516 283 11 29 i
1559 283 107 39 fråga,
1699 283 53 29 till

530 336 175 30 Marinen:
734 336 178 40 Övningar
938 346 104 20 m.m.
1071 337 55 30 för
1152 336 206 40 budgetåret
1387 336 140 31 1958/59
1556 337 120 29 anvisa
1704 338 48 28 ett

532 390 356 39 reservationsanslag
912 399 40 20 av
977 390 40 29 24
1033 390 62 30 000
1110 390 62 29 000
1197 391 141 29 kronor.

326 504 98 34 40:0)
445 506 178 30 Marinen:
641 506 346 40 Fartygsbyggnader
1003 517 47 19 m.
1060 517 47 19 m.
1126 505 125 39 Kungl.
1268 504 107 40 Maj:t
1392 505 64 28 har
1472 504 179 39 föreslagit
1668 504 89 29 riks-

265 557 112 39 dagen
410 558 128 39 (punkt
566 558 58 34 24)
656 561 49 27 att
732 559 74 29 dels
834 559 186 39 godkänna
1047 559 66 29 vad
1141 568 75 20 som
1243 559 10 29 i
1281 558 263 40 propositionen
1574 558 178 30 1958:110

266 612 112 29 under
403 612 158 39 punkten
588 612 40 29 40
655 612 198 39 föreslagits
879 612 221 30 beträffande
1127 612 241 40 utnyttjandet
1395 621 42 20 av
1463 612 111 29 medel
1601 621 75 20 som
1702 612 51 28 in-

266 665 106 38 flyter
397 665 57 29 vid
480 666 253 38 nedskrotning
759 675 42 20 av
827 666 277 39 pansarskeppet
1132 666 146 39 Sverige,
1306 666 74 29 dels
1407 666 64 29 ock
1497 665 52 30 till
1577 665 173 30 Marinen:

266 719 349 39 Fartygsbyggnader
637 729 44 19 m.
697 729 43 19 m.
765 719 56 30 för
844 719 204 39 budgetåret
1075 719 140 30 1958/59
1240 718 123 30 anvisa
1387 721 48 28 ett
1460 719 293 29 reservationsan-

267 772 74 39 slag
360 781 41 20 av
422 772 61 29 108
497 772 62 30 000
574 772 63 30 000
656 773 140 29 kronor.

323 861 126 29 Vidare
469 861 64 29 har
553 861 9 29 i
583 861 204 30 förberörda
807 861 133 29 motion
961 862 44 29 II:
1022 862 56 28 B1
1103 871 40 19 av
1164 862 80 29 herr
1264 861 188 39 Lundberg
1472 861 206 34 hemställts,
1702 861 52 29 så-

266 914 65 30 vitt
353 924 47 20 nu
424 916 37 28 är
484 915 10 28 i
517 915 109 39 fråga,
650 917 49 27 att
722 915 188 39 riksdagen
935 915 106 29 måtte
1065 915 95 29 avslå
1184 915 126 39 Kungl.
1334 915 124 39 Maj:ts
1482 914 130 39 förslag
1636 916 49 28 att
1710 914 44 40 på

267 968 171 39 grundval
464 977 41 20 av
531 968 219 30 skrotvärdet
776 977 41 20 av
843 968 235 40 pansarbåten
1106 969 135 39 Sverige
1267 969 167 38 upprätta
1460 977 42 21 en
1528 968 226 29 minnesfond

267 1023 81 28 över
367 1021 454 40 pansarbåtsinsamlingen.

324 1119 164 39 Anslaget
509 1121 37 28 är
567 1119 54 29 för
639 1119 205 39 budgetåret
866 1119 141 29 1957/58
1027 1119 144 39 uppfört
1192 1119 78 29 med
1293 1118 61 30 107
1370 1118 62 30 000
1447 1118 62 30 000
1529 1119 141 29 kronor.

324 1173 278 30 Verksamheten
624 1173 110 30 under
755 1173 230 30 förevarande
1007 1172 122 40 anslag
1151 1172 150 39 regleras
1324 1173 80 29 med
1427 1172 77 29 stöd
1525 1181 42 20 av
1589 1171 72 30 dels
1684 1172 72 40 pla-

269 1235 62 20 ner
356 1226 217 30 omfattande
598 1226 247 39 nybyggnader
869 1226 64 29 och
956 1225 319 40 moderniseringar
1300 1234 76 21 som
1399 1225 169 30 beslutats
1592 1225 54 29 för
1670 1225 87 30 bud-

268 1278 142 40 getåren
445 1278 140 31 1947/52
625 1279 111 33 (äldre
769 1279 313 39 nybyggnadsplan
1116 1279 64 29 och
1213 1279 96 29 äldre
1342 1278 413 40 moderniseringsplan),

270 1331 73 29 dels
369 1341 43 20 en
437 1332 82 39 plan
545 1332 55 29 för
624 1332 215 38 budgetåren
866 1331 141 31 1952/59
1031 1332 243 29 innefattande
1300 1331 37 34 a)
1368 1332 56 29 det
1449 1331 44 40 på
1518 1332 170 39 grundval
1715 1341 42 20 av

268 1384 263 40 propositionen
558 1384 156 29 1952:18
737 1384 201 30 fastställda
961 1389 236 35 programmet
1221 1385 55 29 för
1300 1384 146 30 flottans
1470 1384 287 40 fartygsbyggna-

269 1437 61 29 der
360 1438 90 28 samt
477 1437 37 34 b)
548 1438 55 29 för
630 1437 268 39 ifrågavarande
927 1437 56 40 sju
1012 1437 170 40 budgetår
1209 1438 201 30 beräknade
1438 1437 318 40 moderniseringar

270 1489 55 30 för
352 1490 127 29 flottan
505 1491 110 38 jämte
642 1490 247 39 nybyggnader
916 1499 104 21 m.m.
1048 1490 54 30 för
1129 1491 267 30 kustartilleriet
1423 1491 64 30 och
1514 1491 55 30 för
1596 1491 160 30 marinen

269 1550 261 31 gemensamma
554 1543 162 30 ändamål
746 1543 103 33 (1952
874 1543 56 30 års
955 1543 201 40 sjuårsplan
1181 1543 54 30 för
1258 1544 337 39 fartygsbyggnader
1618 1553 45 21 m.
1677 1545 79 33 m.),

270 1595 74 29 dels
371 1595 92 30 vissa
490 1605 42 20 av
561 1596 84 29 1956
671 1596 64 29 och
764 1595 83 30 1957
876 1596 56 30 års
959 1597 184 38 riksdagar
1168 1597 181 29 beslutade
1378 1597 246 39 nybyggnader
1651 1607 105 20 m.m.

271 1648 56 29 för
355 1648 127 29 flottan
509 1649 65 28 och
603 1648 54 29 för
685 1648 161 30 marinen
874 1656 261 31 gemensamma
1163 1649 164 30 ändamål
1362 1650 103 33 (1956
1492 1650 65 30 och
1587 1650 82 30 1957
1699 1650 57 30 års

269 1701 337 39 fartygsbyggnader
630 1710 44 21 m.
689 1701 77 33 m.).
803 1701 112 30 Medel
940 1702 54 29 för
1019 1702 121 30 försök
1165 1703 149 29 rörande
1341 1702 293 40 fartygsmateriel
1659 1705 98 29 redo-

269 1754 94 29 visas
384 1753 57 30 vid
463 1754 100 29 sidan
585 1763 43 20 av
648 1754 154 30 nämnda
824 1754 131 40 planer.

326 1815 67 30 Vid
421 1815 175 40 utgången
623 1824 42 20 av
691 1816 206 39 budgetåret
926 1816 140 31 1956/57
1095 1816 89 30 hade
1212 1817 378 41 marinförvaltningen
1618 1819 139 29 erhållit

267 1868 306 39 bemyndiganden
598 1877 57 20 om
681 1869 234 39 sammanlagt
941 1869 15 29 1
973 1869 119 35 206,679
1116 1870 165 39 miljoner
1306 1871 131 30 kronor
1463 1871 53 31 för
1542 1873 51 28 att
1617 1873 140 39 utlägga

269 1922 252 40 beställningar
539 1923 96 28 inom
655 1923 200 29 fastställda
875 1923 121 39 planer
1016 1932 45 21 m.
1076 1932 45 21 m.
1154 1924 12 29 I
1187 1924 139 39 angivet
1344 1924 125 40 belopp
1489 1925 64 29 har
1573 1925 183 30 inräknats

270 1975 41 29 de
345 1975 123 34 medel,
503 1976 233 38 sammanlagt
772 1975 61 30 163
849 1975 62 30 000
946 1976 141 35 kronor,
1111 1986 74 20 som
1209 1977 54 30 för
1285 1977 216 40 budgetåren
1525 1978 140 31 1954/57
1689 1979 68 29 till-

270 2027 90 30 förts
382 2028 155 38 anslaget
559 2029 79 28 från
661 2028 120 40 anslag
804 2029 111 29 under
937 2029 100 29 tolfte
1059 2029 233 30 huvudtiteln.
1327 2031 68 29 För
1417 2032 50 28 att
1488 2031 154 30 bestrida
1663 2032 94 29 kost-

270 2081 157 29 naderna
456 2080 54 30 för
539 2081 267 39 ifrågavarande
834 2082 537 41 beställningsbemyndiganden
1400 2084 89 30 hade
1517 2084 155 30 anvisats
1701 2085 56 29 be-

269 2132 268 40 talningsmedel
563 2142 56 20 om
645 2135 233 39 sammanlagt
905 2134 116 35 724,48
1045 2135 165 40 miljoner
1234 2136 142 30 kronor.
1402 2138 75 28 Den
1502 2137 40 30 30
1567 2138 79 39 juni
1674 2138 82 30 1957

269 2195 62 21 var
373 2186 132 31 således
544 2187 305 40 bemyndiganden
891 2188 51 30 till
984 2191 48 27 ett
1074 2189 125 40 belopp
1242 2199 42 20 av
1332 2189 32 34 (1
1382 2189 305 36 206,679
1530 2182 20 51 —
1571 2189 116 36 724,418
1703 2192 49 33 =)

269 2240 118 34 482,261
408 2241 163 39 miljoner
591 2241 128 29 kronor
740 2241 76 30 icke
837 2242 117 30 täckta
975 2252 40 20 av
1036 2243 323 39 betalningsmedel.

325 2304 68 28 För
424 2303 204 39 budgetåret
662 2304 140 29 1957/58
835 2305 64 29 har
931 2305 187 39 riksdagen
1151 2306 225 39 bemyndigat
1409 2307 125 38 Kungl.
1568 2307 105 39 Maj:t
1707 2309 50 27 att

269 2356 160 39 medgiva
450 2357 209 39 utläggande
681 2367 40 20 av
742 2358 251 39 beställningar
1015 2359 96 28 inom
1133 2369 43 19 en
1197 2359 249 30 kostnadsram
1470 2370 41 19 av
1534 2360 88 34 100,0
1643 2361 115 39 miljo-

271 2419 61 19 ner
358 2410 129 29 kronor
513 2411 64 29 och
605 2411 135 29 anvisat
767 2411 88 34 107,0
881 2412 163 39 miljoner
1071 2412 129 29 kronor
1227 2413 10 29 i
1264 2413 322 39 betalningsmedel.
1615 2415 74 29 Den
1717 2414 40 29 30

269 2463 80 39 juni
376 2463 83 30 1958
483 2464 159 29 kommer
667 2464 132 30 således
825 2464 106 39 enligt
956 2465 125 30 hittills
1107 2466 203 29 meddelade
1334 2466 114 30 beslut
1472 2467 286 39 beställningsbe-
