1860 2778
262 150 41 30 78
625 149 253 27 Statsutskottets
902 150 162 27 utlåtande
1087 158 39 19 nr
1146 150 24 27 B
1192 151 38 27 53
1252 151 37 27 år
1311 151 75 27 1958

264 228 241 39 myndigheter
530 229 63 28 har
618 230 125 33 ansett,
769 231 50 28 att
844 229 422 40 avlöningskostnaderna
1289 231 63 29 bör
1376 231 71 31 helt
1471 231 172 31 bestridas
1669 232 80 30 från

263 280 314 40 avlöningsanslag.
601 282 129 29 Därvid
752 282 64 29 har
837 282 183 40 åberopats
1042 285 48 28 ett
1111 284 320 39 principuttalande
1453 287 11 29 i
1486 285 263 39 propositionen

265 333 98 29 1957:
382 334 71 34 110,
478 335 106 29 vilket
609 335 193 30 emellertid
827 345 98 20 avser
951 337 189 29 försvarets
1166 338 379 30 materielförvaltande
1570 339 94 29 verk.
1692 339 57 30 Så-

264 396 75 20 som
359 387 516 41 fortifikationsförvaltningen
896 389 195 30 framhållit
1111 392 100 38 utgör
1232 391 195 29 kostnaden
1449 391 55 30 för
1524 392 164 40 avlöning
1708 401 42 21 av

263 440 67 29 den
353 442 171 37 personal,
550 451 75 20 som
649 443 220 38 sysselsättes
894 444 78 29 med
997 445 48 28 ett
1069 444 374 40 nybyggnadsföretag,
1469 455 42 19 en
1536 446 54 29 del
1616 455 41 20 av
1682 446 67 29 den

262 494 154 39 verkliga
434 495 195 29 kostnaden
648 496 55 29 för
722 496 179 39 företaget.
919 498 68 28 För
1006 499 50 27 att
1075 507 81 20 man
1176 498 89 29 skall
1284 498 132 29 erhålla
1433 498 10 29 i
1463 499 184 39 görligaste
1667 499 82 30 mån

263 547 214 30 rättvisande
503 548 372 40 byggnadskostnader
902 550 64 29 och
993 551 143 29 därmed
1163 552 87 29 även
1277 553 49 28 ett
1352 552 121 39 riktigt
1499 552 168 40 underlag
1695 553 54 29 för

262 600 238 40 beräkningen
517 611 42 20 av
574 602 337 40 underhållsanslag,
930 613 103 20 anser
1050 605 255 29 ämbetsverket
1322 605 57 30 det
1395 614 83 21 vara
1495 615 41 20 ur
1552 606 197 40 principiell

264 655 178 38 synpunkt
468 655 121 40 riktigt
615 658 50 27 att
692 656 71 29 låta
790 656 131 30 sådana
948 658 374 39 avlöningskostnader
1348 659 133 29 belasta
1507 659 243 39 byggnadsan-

264 708 127 38 slagen.
418 709 202 29 Försvarets
647 709 411 40 förvaltningsdirektion
1084 711 63 29 har
1173 711 11 29 i
1211 712 60 29 sitt
1296 713 162 37 yttrande
1486 712 195 31 framhållit
1708 714 41 29 de

263 761 106 39 enligt
392 762 72 28 min
488 762 140 39 mening
650 763 280 30 beaktansvärda
954 765 276 38 synpunkterna,
1255 767 50 27 att
1329 766 56 29 det
1409 767 101 38 utgör
1534 768 48 27 ett
1606 767 143 29 särskilt

264 814 203 30 incitament
492 815 52 30 till
570 816 281 40 rationalisering
877 817 64 30 och
967 817 286 31 återhållsamhet
1279 819 79 29 med
1384 819 111 30 medel
1522 821 50 27 att
1597 820 70 29 låta
1693 829 56 20 av-

263 868 329 39 löningskostnader
620 869 173 30 bestridas
823 879 42 20 av
892 870 303 41 byggnadsanslag
1224 874 91 27 samt
1345 874 49 27 att
1423 882 43 19 en
1495 873 171 40 övergång
1696 874 53 29 till

263 922 224 39 utnyttjande
509 931 41 20 av
570 923 306 40 avlöningsanslag
898 924 112 30 skulle
1032 924 158 30 försvåra
1211 934 42 21 en
1275 926 174 29 successiv
1471 926 214 39 anpassning
1707 936 42 20 av

262 976 207 38 personalen
486 975 88 30 efter
590 976 217 30 inträffande
826 977 247 40 förändringar
1090 978 10 29 i
1119 978 306 40 arbetsomfånget.
1444 979 78 30 Med
1540 980 137 39 hänsyn
1696 980 52 29 till

263 1028 41 29 de
328 1028 119 30 delade
472 1029 181 39 meningar
677 1039 76 20 som
775 1032 126 38 yppats
925 1031 10 28 i
959 1031 229 30 förevarande
1212 1032 100 39 fråga
1336 1041 102 21 anser
1461 1032 59 40 jag
1544 1033 204 35 emellertid,

263 1083 50 28 att
334 1082 65 29 den
419 1082 70 29 kan
510 1082 155 40 förtjäna
685 1085 51 27 att
757 1085 161 28 närmare
939 1085 153 29 utredas.
1112 1085 65 39 Jag
1198 1085 131 30 räknar
1349 1086 71 29 tills
1441 1086 118 30 vidare
1581 1087 78 29 med
1682 1087 67 29 den

263 1144 42 19 av
324 1135 516 41 fortifikationsförvaltningen
859 1137 123 39 gjorda
1002 1137 243 40 fördelningen
1266 1148 42 20 av
1327 1139 422 39 avlöningskostnaderna

263 1188 128 29 mellan
411 1189 306 40 avlöningsanslag
737 1191 65 29 och
821 1190 314 41 byggnadsanslag.

318 1242 67 29 För
404 1242 468 40 befästningsinspektionen
893 1244 174 30 beräknar
1088 1245 59 39 jag
1169 1255 68 29 nya
1259 1246 251 39 beställningar
1532 1247 20 29 å
1574 1247 175 30 fortifika-

263 1295 222 30 tionskårens
506 1298 68 28 stat
594 1297 54 29 för
668 1307 43 20 en
733 1297 114 40 major
867 1298 10 29 i
898 1298 50 29 Ao
963 1298 40 30 23
1024 1299 64 29 och
1108 1299 58 29 två
1186 1299 170 40 kaptener
1376 1300 11 28 i
1408 1300 50 29 Ao
1472 1300 52 29 21.
1545 1300 127 30 Vidare
1693 1301 56 29 be-

263 1349 129 29 räknar
415 1349 59 39 jag
498 1349 54 30 för
575 1350 350 40 befästningsbyråns
950 1352 347 39 utredningssektion
1322 1362 43 20 en
1389 1363 46 29 ny
1459 1353 210 41 beställning
1695 1354 55 30 för

262 1403 289 38 överstelöjtnant
571 1403 10 29 i
601 1404 119 39 utbyte
740 1406 73 28 mot
832 1414 42 20 en
893 1405 161 39 befintlig
1074 1406 354 40 majorsbeställning.
1448 1407 65 40 Jag
1533 1409 38 28 är
1592 1408 158 30 däremot

262 1456 76 29 icke
360 1456 128 29 beredd
511 1456 128 30 föreslå
662 1458 121 38 utbyte
806 1467 42 20 av
871 1458 40 30 de
934 1459 183 40 befintliga
1141 1460 207 29 alternativa
1371 1461 299 39 beställningarna
1694 1462 55 29 för

263 1510 289 38 överstelöjtnant
574 1511 81 29 eller
678 1511 115 39 major
815 1513 72 28 mot
908 1512 251 40 beställningar
1181 1513 55 30 för
1258 1514 300 39 överstelöjtnant.
1583 1515 167 39 Samtliga

263 1562 55 30 för
340 1563 443 31 fortifikationsofficerare
806 1565 151 30 avsedda
979 1566 150 38 tjänster
1150 1567 58 29 vid
1232 1566 517 41 fortifikationsförvaltningen

261 1616 63 30 bör
347 1616 175 30 redovisas
545 1618 10 28 i
578 1617 386 31 fortifikationskårens
986 1619 397 40 personalförteckning.
1406 1620 121 39 Någon
1549 1622 200 39 ytterligare

263 1670 172 39 utökning
456 1679 42 20 av
519 1670 127 30 kårens
669 1671 254 30 officerskader
945 1672 71 29 kan
1038 1672 59 40 jag
1118 1672 70 29 f.n.
1212 1673 76 30 icke
1311 1673 138 30 föreslå.
1472 1674 65 40 Jag
1559 1674 64 29 har
1645 1675 104 39 ingen

262 1723 141 29 erinran
432 1725 72 27 mot
533 1724 66 29 den
628 1724 10 29 i
667 1724 96 30 detta
793 1725 256 40 sammanhang
1078 1726 198 40 föreslagna
1306 1727 217 40 utökningen
1553 1737 41 20 av
1624 1729 126 29 under-

263 1776 278 30 officerskadern
559 1778 78 29 med
656 1787 42 20 en
717 1778 188 30 förvaltare
924 1779 10 29 i
953 1779 50 29 Ao
1020 1779 38 29 17
1077 1780 64 29 och
1160 1789 42 20 en
1221 1780 214 39 fanjunkare
1454 1781 11 28 i
1484 1781 50 30 Ao
1550 1781 49 30 13.
1618 1782 13 29 I
1650 1782 100 39 fråga

262 1839 58 20 om
342 1830 385 31 fortifikationskårens
751 1832 162 39 personal
936 1832 235 31 återkommer
1193 1833 60 40 jag
1277 1834 78 29 med
1379 1834 211 31 hemställan
1612 1835 58 30 vid
1693 1836 57 29 be-

262 1884 214 40 handlingen
496 1885 10 29 i
526 1885 56 29 det
603 1885 157 39 följande
781 1895 42 20 av
842 1886 139 30 arméns
1003 1886 178 30 allmänna
1201 1887 316 40 avlöningsanslag.

319 1938 74 30 Vad
423 1938 172 30 beträffar
624 1939 488 40 befästningsinspektionens
1142 1941 112 29 behov
1285 1950 42 20 av
1357 1941 200 40 ytterligare
1587 1942 162 40 personal

264 1999 102 30 synes
389 1991 70 39 mig
481 1991 88 30 intet
591 2000 83 21 vara
698 1994 51 27 att
772 1993 115 29 erinra
911 1995 73 27 mot
1007 1993 166 39 förslaget
1196 1994 108 39 enligt
1326 1994 107 30 vilket
1457 1995 149 39 tjänster
1628 1995 55 30 för
1707 2004 42 21 en

263 2043 160 30 tekniker
446 2043 11 29 i
481 2044 48 29 Ae
545 2044 38 29 10
608 2045 64 29 och
694 2047 49 27 ett
766 2044 134 31 biträde
923 2045 11 29 i
957 2046 156 39 reglerad
1135 2046 314 41 befordringsgång
1473 2050 91 27 samt
1587 2057 42 20 en
1652 2057 98 20 arvo-

262 2096 259 40 desbefattning
542 2097 54 30 för
616 2098 232 39 pensionerad
869 2098 124 30 officer
1013 2099 11 29 i
1044 2098 43 30 A:
1104 2098 51 35 24,
1175 2099 95 30 vilka
1291 2109 47 20 nu
1360 2100 115 30 finnes
1496 2101 57 29 vid
1574 2101 176 29 fortifika-

262 2148 364 41 tionsförvaltningen,
654 2151 177 30 överföres
858 2151 52 29 till
936 2151 257 40 inspektionen.
1233 2152 121 30 Såsom
1381 2153 190 30 försvarets
1598 2154 151 30 civilför-

261 2201 157 40 valtning
450 2202 179 40 föreslagit
660 2203 63 30 bör
755 2204 154 29 nämnda
941 2204 150 39 tjänster
1122 2205 64 29 och
1218 2205 345 40 arvodesbefattning
1596 2206 153 40 alltjämt

265 2254 176 30 redovisas
475 2254 20 30 å
527 2255 538 41 fortifikationsförvaltningens
1099 2258 397 40 personalförteckning,
1530 2259 122 30 därvid
1686 2260 62 29 bör

262 2314 105 31 anges
393 2309 49 28 att
468 2308 41 29 de
533 2308 189 30 beräknats
748 2309 55 29 för
827 2309 478 41 befästningsinspektionen.

319 2359 13 29 I
360 2361 47 28 ett
433 2360 116 30 flertal
577 2361 315 39 remissyttranden
920 2362 64 29 har
1012 2362 135 31 anförts
1173 2365 51 28 att
1250 2381 45 3 —
1320 2364 127 30 liksom
1473 2365 57 30 vid
1558 2365 190 30 försvarets

261 2412 118 39 övriga
416 2414 154 28 centrala
607 2414 489 40 förvaltningsmyndigheter,
1133 2416 94 29 vilka
1266 2416 84 30 1954
1387 2418 294 39 omorganiserats
1705 2436 44 3 —

261 2466 147 38 översyn
428 2475 42 20 av
490 2466 537 41 fortifikationsförvaltningens
1048 2468 238 40 organisation
1308 2470 64 29 och
1392 2471 274 38 personalbehov
1686 2471 63 29 bör
