1862 2780
456 155 254 28 Statsutskottets
734 155 161 28 utlåtande
917 164 41 18 nr
977 156 24 27 B
1023 156 37 27 53
1083 156 37 27 år
1143 156 75 26 1958
1542 159 43 30 83

150 236 176 29 Utskottet
344 236 192 38 tillstyrker
557 236 126 39 Kungl.
702 236 123 39 Maj:ts
845 236 131 39 förslag
995 236 64 29 och
1080 236 202 29 hemställer
1302 236 112 34 alltså,

405 292 49 27 att
471 290 188 39 riksdagen
677 289 56 30 må
750 290 51 29 till
818 289 547 40 Fortifikationsförvaltningen:
1384 290 199 38 Byggnads-

362 343 62 29 och
454 343 479 39 reparationsberedskapens
963 343 169 39 övningar
1161 352 104 20 m.m.
1296 343 55 30 för
1378 343 206 40 budgetåret

364 396 140 31 1958/59
527 397 121 29 anvisa
671 398 48 28 ett
741 397 356 39 reservationsanslag
1120 406 41 20 av
1186 396 60 30 100
1269 397 141 29 kronor.

153 531 75 33 8:0)
258 532 551 39 Fortifikationsförvaltningen:
846 532 197 39 Byggnads-
1077 532 69 30 och
1178 532 410 40 reparationsberedska-

98 596 88 29 pens
213 585 171 31 materiel.
424 584 125 39 Kungl.
578 584 106 39 Maj:t
711 584 64 29 har
803 584 179 39 föreslagit
1009 584 188 39 riksdagen
1230 585 130 38 (punkt
1387 584 35 34 4)
1456 587 50 27 att
1534 585 52 29 till

95 637 268 39 ifrågavarande
381 638 161 29 ändamål
562 638 55 30 för
635 638 203 39 budgetåret
859 638 140 30 1958/59
1020 638 121 29 anvisa
1160 640 48 28 ett
1226 638 357 39 reservationsanslag

95 700 43 20 av
157 691 61 29 100
236 691 140 29 kronor.

150 798 164 39 Anslaget
334 800 38 28 är
390 798 54 29 för
460 798 205 39 budgetåret
687 798 140 31 1957/58
846 798 143 40 uppfört
1010 799 78 29 med
1110 798 61 30 100
1191 799 140 29 kronor.

149 852 530 39 Fortifikationsförvaltningen
714 852 64 30 har
812 852 178 30 hemställt
1025 854 50 28 att
1110 852 156 39 anslaget
1301 852 167 39 uppföres
1504 852 78 30 med

97 905 62 29 100
174 905 62 29 000
255 906 140 29 kronor.

152 959 393 39 Departementschefen
568 959 70 29 kan
661 959 75 30 icke
758 959 176 39 tillstyrka
956 960 50 28 att
1027 959 157 39 anslaget
1206 959 99 40 höjes
1328 961 85 28 utan
1437 959 147 30 föreslår

97 1014 50 28 att
164 1013 195 29 detsamma
378 1014 85 28 även
482 1012 54 30 för
553 1012 205 39 budgetåret
777 1012 142 30 195859
937 1013 167 39 uppföres
1123 1013 78 29 med
1220 1014 48 28 ett
1287 1012 154 30 formellt
1459 1013 125 39 belopp

97 1075 41 20 av
158 1066 61 29 100
237 1066 140 29 kronor.

153 1173 176 29 Utskottet
347 1173 191 39 tillstyrker
559 1174 125 38 Kungl.
704 1174 122 38 Maj:ts
847 1173 131 39 förslag
997 1173 64 29 och
1082 1173 202 30 hemställer
1304 1173 112 34 alltså,

408 1229 49 28 att
474 1227 188 39 riksdagen
680 1227 56 30 må
753 1227 51 30 till
820 1226 548 40 Fortifikationsförvaltningen:
1386 1227 200 39 Byggnads-

364 1281 63 28 och
450 1280 479 40 reparationsberedskapens
953 1280 160 30 materiel
1136 1280 54 30 för
1213 1280 205 40 budgetåret
1444 1280 141 32 1958/59

364 1334 120 29 anvisa
506 1336 47 28 ett
576 1334 356 39 reservationsanslag
954 1343 41 20 av
1019 1334 61 30 100
1103 1334 140 29 kronor.

155 1459 76 33 9:0)
260 1460 449 40 Armétygförvaltningen:
742 1460 227 40 Avlöningar.
1014 1459 127 39 Kungl.
1176 1459 105 39 Maj:t
1313 1459 65 29 har
1410 1459 180 39 föreslagit

99 1513 187 39 riksdagen
313 1513 130 39 (punkt
465 1513 35 33 5)
528 1515 50 27 att
600 1513 73 29 dels
695 1513 209 39 bemyndiga
926 1513 126 39 Kungl.
1075 1512 106 39 Maj:t
1204 1514 49 28 att
1275 1512 140 40 vidtaga
1438 1512 41 30 de
1503 1512 83 30 änd-

98 1566 118 39 ringar
234 1567 9 28 i
261 1566 432 39 personalförteckningen
713 1566 53 30 för
785 1566 428 39 armétygförvaltningen,
1234 1575 75 20 som
1327 1566 199 30 föranledes
1545 1575 42 20 av

96 1620 67 29 vad
188 1629 74 20 som
286 1619 197 40 föreslagits
507 1619 9 29 i
540 1619 263 40 propositionen
828 1619 178 30 1958:110
1032 1620 112 29 under
1167 1619 157 40 punkten
1349 1619 30 34 9,
1404 1619 72 30 dels
1501 1619 86 30 fast-

98 1674 102 29 ställa
230 1683 41 19 av
301 1673 387 39 departementschefen
718 1673 164 30 förordad
914 1673 254 40 avlöningsstat
1199 1673 54 30 för
1285 1673 301 39 armétygförvalt-

98 1727 139 39 ningen,
258 1728 49 28 att
327 1727 176 39 tillämpas
524 1727 70 29 tills
614 1727 118 29 vidare
753 1727 79 29 från
852 1727 65 29 och
938 1727 77 29 med
1035 1726 205 40 budgetåret
1263 1726 152 34 1958/59,
1437 1727 73 29 dels
1530 1726 56 30 be-

99 1781 165 38 myndiga
291 1780 125 39 Kungl.
444 1780 105 39 Maj:t
576 1782 50 28 att
654 1780 10 29 i
692 1780 203 39 anslutning
921 1780 52 30 till
1001 1780 289 39 genomförandet
1318 1789 42 20 av
1388 1780 199 39 föreslagna

97 1833 413 40 personalförändringar
545 1834 55 29 för
635 1834 153 29 nämnda
823 1833 169 39 budgetår
1026 1833 222 30 beträffande
1285 1833 302 39 armétygförvalt-

99 1887 129 39 ningen
248 1887 139 37 vidtaga
410 1887 171 29 särskilda
604 1887 354 38 övergångsåtgärder
979 1886 107 39 enligt
1107 1887 66 28 vad
1196 1895 74 20 som
1293 1886 149 39 angivits
1465 1887 10 28 i
1498 1886 89 29 före-

99 1940 154 29 nämnda
281 1940 227 39 proposition,
538 1940 73 29 dels
641 1940 64 28 ock
735 1940 50 29 till
815 1939 442 39 Armétygförvaltningen:
1290 1939 213 39 Avlöningar
1532 1939 55 30 för

99 2003 135 19 samma
257 1993 169 39 budgetår
450 1993 119 29 anvisa
594 1995 48 27 ett
666 1993 273 39 förslagsanslag
963 2002 40 19 av
1030 1992 39 29 14
1083 1992 63 30 900
1161 1992 62 30 000
1247 1993 140 29 kronor.

156 2101 164 37 Anslaget
341 2101 37 28 är
399 2100 53 29 för
471 2100 205 37 budgetåret
699 2100 140 29 1957/58
860 2100 143 38 uppfört
1024 2100 79 28 med
1127 2099 36 29 12
1180 2099 61 29 600
1256 2099 62 29 000
1341 2100 140 28 kronor.

155 2154 117 29 Under
288 2153 166 29 rubriken
473 2153 121 29 »Vissa
611 2161 259 30 gemensamma
888 2153 117 38 frågor
1021 2152 222 30 beträffande
1261 2153 180 38 armétyg-,
1460 2154 128 28 marin-

100 2207 64 28 och
186 2207 395 38 flygförvaltningarna»
606 2206 64 28 har
692 2206 384 39 departementschefen
1099 2205 10 29 i
1131 2215 97 29 prop.
1253 2205 178 29 1958:110
1459 2206 43 29 (s.
1525 2205 63 30 208

100 2259 64 29 och
184 2259 79 32 209)
287 2259 117 29 anfört
423 2258 166 39 följande.

158 2321 96 28 »Med
281 2320 76 29 stöd
383 2329 41 20 av
449 2320 124 38 Kungl.
600 2320 124 38 Maj:ts
748 2319 278 39 bemyndigande
1052 2320 63 28 har
1142 2319 71 29 min
1240 2319 215 30 företrädare
1481 2320 9 28 i
1517 2321 71 28 äm-

100 2374 91 29 betet
215 2374 66 29 den
305 2374 40 28 27
370 2373 140 38 januari
538 2373 83 29 1956
645 2373 163 29 tillkallat
833 2374 50 28 tre
908 2372 222 39 sakkunniga
1156 2372 53 30 för
1233 2374 50 28 att
1306 2372 190 29 verkställa
1518 2373 70 28 viss

100 2427 149 38 översyn
279 2435 41 20 av
351 2426 478 38 försvarsförvaltningarnas
860 2425 237 39 organisation
1128 2434 104 20 m.m.
1275 2426 49 28 De
1355 2425 233 38 sakkunniga,

101 2488 74 20 som
208 2479 133 38 antagit
373 2478 257 39 benämningen
663 2478 83 30 1956
778 2478 56 30 års
866 2478 627 39 försvarsförvaltningssakkunniga,
1525 2478 64 29 har
