1858 2780
263 168 65 29 154
626 165 253 28 Statsutskottets
903 165 161 27 utlåtande
1086 173 40 18 nr
1146 166 24 26 B
1193 165 37 27 53
1253 165 37 27 år
1312 165 74 27 1958

263 246 161 29 närmare
458 245 240 40 inriktningen
732 255 42 19 av
808 245 177 30 marinens
1018 245 505 39 vapenmaterielanskaffning
1558 245 193 39 igångsatts

264 298 96 29 inom
384 298 312 40 marinledningen.
721 299 144 39 Förslag
888 299 52 29 till
963 308 46 29 ny
1033 298 242 40 materielplan
1299 298 174 30 beräknas
1498 298 121 29 kunna
1644 298 107 29 fram-

264 352 117 39 läggas
402 352 179 39 samtidigt
601 353 78 29 med
699 352 67 30 den
786 352 146 39 tidigare
953 352 154 30 nämnda
1127 352 221 39 flottplanen.

320 406 66 29 För
403 407 49 28 att
469 406 164 29 fortsätta
649 406 231 39 anskaffning
897 415 41 19 av
954 405 271 40 vapenmateriel
1244 415 44 19 m.
1304 415 44 19 m.
1366 405 107 39 enligt
1491 405 159 39 gällande
1668 405 83 39 plan

263 459 173 29 beräknas
456 459 67 30 den
542 459 40 29 30
601 459 78 39 juni
700 459 84 29 1958
804 459 142 29 komma
966 461 49 27 att
1035 459 130 29 återstå
1183 459 315 39 bemyndiganden,
1520 468 76 20 som
1616 459 76 29 icke
1714 460 38 28 är

264 513 118 29 täckta
402 522 41 20 av
461 512 323 40 betalningsmedel,
805 513 52 29 till
877 514 48 28 ett
944 512 124 40 belopp
1090 521 41 21 av
1151 512 105 34 206,24
1276 512 164 39 miljoner
1460 512 141 29 kronor.
1623 512 128 29 Marin-

264 566 124 29 chefen
408 566 216 34 förutsätter,
645 568 49 27 att
715 566 156 39 anslaget
891 566 53 29 till
964 566 229 39 anskaffning
1215 575 41 20 av
1276 565 272 40 vapenmateriel
1570 575 44 20 m.
1630 575 44 20 m.
1697 565 55 30 för

264 619 204 39 budgetåret
491 619 141 31 1958/59
654 620 89 29 skall
765 619 169 40 uppföras
957 619 77 30 med
1055 621 48 28 ett
1123 619 125 40 belopp
1271 629 42 19 av
1335 619 67 34 86,0
1424 619 164 39 miljoner
1610 619 141 29 kronor.

264 673 104 29 Detta
386 673 125 39 belopp
531 673 98 39 åtgår
649 673 10 29 i
680 673 54 29 sin
754 673 117 30 helhet
891 673 55 29 för
966 675 50 27 att
1037 673 169 29 likvidera
1226 673 109 29 redan
1356 672 123 39 gjorda
1500 672 252 39 beställningar

265 728 91 27 samt
385 726 53 29 för
467 726 94 29 vissa
590 726 135 30 mindre
754 726 259 39 utbetalningar
1044 726 346 39 sammanhängande
1421 726 78 29 med
1531 726 220 29 materielens

264 780 223 38 mottagande
506 780 65 29 och
589 779 218 30 installation
825 781 164 28 ävensom
1008 779 54 30 för
1081 779 230 40 anskaffning
1331 788 42 20 av
1390 779 71 30 viss
1481 779 270 30 robotmateriel.

264 833 195 29 Härutöver
477 833 174 30 beräknas
671 833 75 29 icke
766 833 115 39 någon
899 833 463 39 beställningsverksamhet,
1384 842 75 20 som
1480 832 198 30 föranleder
1699 834 53 28 ut-

263 886 219 39 betalningar
511 887 110 29 under
648 886 205 39 budgetåret
882 886 150 34 1958/59,
1060 886 48 29 bli
1136 886 132 39 möjlig.
1297 886 48 29 På
1372 886 113 39 grund
1513 886 109 30 härav
1650 895 102 20 anser

264 939 241 30 marinchefen
524 940 111 29 behov
655 949 40 20 av
715 949 69 30 nya
803 940 534 39 beställningsbemyndiganden
1357 940 75 29 icke
1453 939 168 40 föreligga
1641 940 111 29 under

264 993 154 29 nämnda
436 993 180 39 budgetår.

319 1090 393 40 Departementschefen
740 1091 65 29 har
833 1091 117 29 anfört
976 1090 167 40 följande.

322 1152 101 30 »Som
442 1152 59 40 jag
522 1152 118 30 anfört
660 1153 112 29 under
791 1153 85 29 Avd.
897 1153 13 29 I
931 1153 201 29 Försvarets
1154 1152 220 39 utformning
1394 1152 45 40 på
1459 1153 120 38 längre
1600 1152 69 29 sikt
1688 1152 65 29 har

263 1206 60 39 jag
342 1206 74 29 icke
434 1206 119 29 funnit
572 1207 188 38 anledning
780 1206 52 29 till
851 1207 140 28 erinran
1010 1208 72 27 mot
1101 1206 259 29 marinchefens
1380 1205 131 39 förslag
1530 1205 222 30 beträffande

264 1259 71 30 viss
355 1259 235 39 begränsning
610 1269 41 19 av
673 1259 319 39 anskaffningarna
1013 1259 106 39 enligt
1142 1259 83 29 1953
1248 1259 57 29 års
1328 1259 213 39 sexårsplan.
1565 1259 12 29 I
1600 1258 153 40 enlighet

265 1313 79 29 med
368 1313 142 29 chefens
534 1313 55 29 för
613 1312 159 29 marinen
796 1312 131 39 förslag
950 1312 130 29 räknar
1102 1312 59 39 jag
1185 1312 75 29 icke
1285 1312 108 29 heller
1418 1312 78 30 med
1522 1321 68 30 nya
1614 1312 139 30 beställ-

264 1366 409 39 ningsbemyndiganden
700 1365 55 30 för
782 1365 271 39 vapenmateriel
1081 1375 44 20 m.
1140 1374 45 20 m.
1213 1365 111 30 under
1352 1367 101 28 nästa
1480 1365 179 39 budgetår.
1687 1366 65 29 Det

264 1420 98 28 torde
381 1419 35 29 få
433 1419 191 29 ankomma
640 1419 45 39 på
703 1419 125 39 Kungl.
847 1418 104 39 Maj:t
969 1420 60 33 att,
1047 1427 57 20 om
1122 1418 38 30 så
1178 1418 188 34 erfordras,
1386 1419 159 29 meddela
1562 1419 114 29 beslut
1695 1428 57 20 om

265 1473 125 29 ändrat
419 1472 225 40 utnyttjande
673 1481 42 20 av
743 1472 147 39 tidigare
919 1472 161 29 lämnade
1108 1472 546 39 beställningsbemyndiganden.
1685 1472 68 29 An-

266 1526 109 39 slaget
392 1526 62 30 bör
474 1526 170 39 uppföras
664 1526 78 29 med
763 1525 39 30 85
818 1525 62 30 500
896 1525 61 29 000
978 1525 140 29 kronor.

322 1580 79 29 Som
422 1579 59 40 jag
505 1579 146 30 anförde
673 1579 57 29 vid
754 1579 166 29 anmälan
944 1588 41 20 av
1009 1580 157 28 närmast
1190 1578 208 40 föregående
1423 1579 121 39 anslag
1568 1579 62 30 bör
1654 1580 99 29 verk-

265 1633 181 29 samheten
470 1633 112 29 under
607 1632 166 39 anslagen
798 1632 52 29 till
875 1632 334 39 fartygsbyggnader
1234 1641 45 20 m.
1294 1642 45 19 m.
1365 1632 64 29 och
1455 1632 230 39 anskaffning
1711 1642 42 19 av

265 1686 272 39 vapenmateriel
567 1695 45 20 m.
627 1695 44 20 m.
700 1686 164 38 planeras
894 1685 77 30 med
1001 1685 265 40 utgångspunkt
1295 1685 11 30 i
1336 1687 50 28 att
1415 1686 102 30 dessa
1547 1686 121 39 anslag
1698 1686 55 29 för

263 1739 205 40 budgetåret
503 1738 141 31 1959/60
677 1739 70 29 kan
780 1738 169 40 uppföras
982 1739 79 29 med
1094 1739 234 39 sammanlagt
1359 1739 102 40 högst
1496 1739 60 30 175
1589 1739 165 40 miljoner

265 1793 141 29 kronor.

321 1847 66 29 Vid
406 1846 98 30 bifall
525 1846 52 29 till
596 1846 66 29 vad
682 1846 10 29 i
712 1846 57 29 det
790 1845 207 39 föregående
1018 1845 197 40 föreslagits
1236 1846 159 29 kommer
1416 1846 67 30 den
1505 1846 40 29 30
1567 1846 78 40 juni
1669 1846 83 29 1959

264 1900 305 39 bemyndiganden
587 1908 56 20 om
661 1899 234 39 sammanlagt
918 1898 134 35 (203,157
1064 1917 43 2 —
1121 1898 96 35 85,500
1233 1899 48 34 =)
1307 1899 116 34 117,657
1441 1899 164 40 miljoner
1623 1900 130 28 kronor

265 1955 51 27 att
337 1953 110 30 sakna
468 1952 168 40 täckning
658 1962 42 20 av
720 1952 343 39 betalningsmedel.»

322 2059 185 30 Utskottet.
545 2060 116 29 Under
686 2059 213 39 hänvisning
925 2059 50 30 till
1001 2060 66 29 vad
1093 2060 170 29 utskottet
1291 2060 110 29 under
1427 2060 160 39 punkten
1615 2060 14 29 1
1658 2060 11 29 i
1696 2060 58 29 det

265 2113 208 40 föregående
496 2113 119 30 anfört
635 2113 224 30 beträffande
881 2111 177 31 marinens
1080 2113 102 30 andel
1205 2122 43 20 av
1268 2113 396 30 försvarskostnaderna
1687 2113 68 30 till-

266 2167 137 39 styrker
425 2167 181 33 utskottet,
628 2168 49 28 att
700 2166 230 30 förevarande
952 2167 121 39 anslag
1094 2166 54 30 för
1170 2168 102 28 nästa
1294 2167 168 39 budgetår
1485 2167 167 39 uppföres
1675 2167 80 30 med

266 2220 74 34 85,5
380 2220 163 40 miljoner
570 2220 140 29 kronor.
750 2220 117 30 Härav
904 2220 113 39 följer,
1057 2221 50 28 att
1145 2220 171 30 utskottet
1355 2220 182 39 avstyrker
1575 2221 180 29 motionen

266 2273 46 29 II:
329 2274 25 28 B
369 2273 50 35 89,
442 2273 104 30 såvitt
569 2283 47 20 nu
638 2275 38 29 är
697 2274 11 29 i
729 2273 110 40 fråga.

322 2327 176 29 Utskottet
523 2327 65 29 har
614 2327 75 30 icke
715 2327 105 39 något
848 2328 50 29 att
924 2327 114 29 erinra
1065 2329 72 27 mot
1164 2328 51 29 att
1241 2327 125 40 Kungl.
1394 2327 105 40 Maj:t
1527 2327 227 40 bemyndigas

266 2381 61 33 att,
356 2389 56 20 om
438 2380 38 30 så
503 2380 188 34 erfordras,
719 2381 161 29 meddela
906 2381 112 29 beslut
1047 2389 57 21 om
1131 2381 126 29 ändrat
1284 2381 225 39 utnyttjande
1538 2390 43 20 av
1608 2381 147 39 tidigare

266 2434 162 29 lämnade
447 2433 546 40 beställningsbemyndiganden.

322 2486 226 40 Åberopande
568 2488 57 29 det
644 2487 149 30 anförda
813 2487 202 30 hemställer
1033 2487 181 35 utskottet,
