1856 2780
272 174 64 31 164
636 167 252 29 Statsutskottets
913 167 161 28 utlåtande
1096 175 39 18 nr
1157 167 23 26 B
1202 166 37 27 53
1262 166 36 28 år
1321 165 75 27 1958

273 259 108 31 anger
412 250 130 30 antalet
573 248 365 41 tjänstgöringsdagar
969 248 52 29 till
1056 247 15 30 2
1086 246 152 34 833482,
1269 255 107 21 varav
1408 263 44 3 —
1482 245 108 39 enligt
1621 243 139 40 uppgift

273 305 112 29 under
413 304 94 30 hand
533 321 44 3 —
604 303 41 30 30
660 302 62 30 000
751 303 106 38 dagar
885 302 55 29 för
970 302 113 28 lottor.
1111 302 68 28 För
1207 308 85 31 egen
1320 300 54 29 del
1403 298 174 30 beräknar
1606 298 154 39 departe-

273 357 243 30 mentschefen
538 375 44 2 —
605 357 79 29 med
706 356 195 29 beaktande
926 364 41 20 av
991 355 57 29 det
1071 355 111 29 under
1207 353 139 30 arméns
1372 352 246 29 motsvarande
1642 351 121 39 anslag

274 412 197 38 framlagda
491 411 166 38 förslaget
678 419 56 20 om
755 409 206 39 utvidgning
981 417 42 20 av
1042 409 114 28 rätten
1177 407 52 29 till
1250 406 150 40 premier
1420 423 44 3 —
1485 404 279 30 medelsbehovet

274 465 55 29 för
355 464 205 40 budgetåret
588 463 141 31 1958/59
755 463 52 29 till
834 462 96 29 8400
945 461 62 30 000
1034 461 140 29 kronor.

332 571 186 30 Utskottet.
540 572 75 28 Den
638 579 42 20 av
702 568 386 41 departementschefen
1111 567 213 30 verkställda
1347 565 240 39 beräkningen
1610 574 42 20 av
1676 564 88 29 före-

275 626 154 29 varande
448 625 120 38 anslag
589 633 102 30 synes
711 624 82 29 böra
814 623 176 39 godtagas.

332 679 117 29 Under
480 678 138 29 arméns
648 676 245 30 motsvarande
925 675 120 39 anslag
1076 675 63 29 har
1169 674 171 29 utskottet
1370 672 158 39 avstyrkt
1558 671 205 29 motionsvis

276 732 125 39 gjorda
423 731 183 39 yrkanden
630 740 57 20 om
712 730 214 29 förbättrade
951 728 177 30 förmåner
1153 727 54 30 för
1231 727 41 30 de
1297 725 246 40 värnpliktiga,
1568 733 121 21 varom
1712 725 53 28 ut-

278 786 130 29 skottet
431 785 59 29 vill
514 784 63 30 här
600 784 127 29 erinra.

332 838 177 30 Utskottet
527 837 212 33 hemställer,

599 892 51 28 att
681 890 187 39 riksdagen
900 889 57 29 må
988 888 51 30 till
1070 888 231 39 Flygvapnet:
1333 885 213 39 Avlöningar
1577 894 106 20 m.m.
1715 884 51 29 till

544 943 234 40 värnpliktiga
803 943 53 30 för
880 942 205 39 budgetåret
1110 940 140 31 1958/59
1274 939 122 30 anvisa
1420 941 48 27 ett
1493 938 273 39 förslagsanslag

544 1007 42 20 av
610 997 96 30 8400
721 996 62 30 000
808 997 140 28 kronor.

336 1130 99 30 45:0)
466 1131 228 39 Flygvapnet:
723 1129 285 40 Familjebidrag.
1049 1127 125 38 Kungl.
1204 1126 105 39 Maj:t
1337 1125 64 29 har
1429 1124 179 39 föreslagit
1637 1123 133 29 riksda-

278 1194 65 31 gen
372 1185 131 39 (punkt
525 1185 57 32 26)
611 1185 51 28 att
685 1184 51 29 till
758 1183 266 39 ifrågavarande
1049 1181 162 31 ändamål
1235 1181 54 29 för
1313 1179 205 40 budgetåret
1542 1177 141 31 1958/59
1708 1187 60 20 an-

277 1239 75 29 visa
375 1240 48 28 ett
446 1237 274 40 förslagsanslag
742 1246 41 20 av
804 1237 17 28 5
839 1236 61 29 100
915 1235 62 30 000
1000 1235 140 29 kronor.

335 1345 166 39 Anslaget
521 1346 37 28 är
578 1344 55 29 för
653 1342 204 40 budgetåret
878 1341 141 31 1957/58
1040 1341 144 39 uppfört
1204 1341 79 29 med
1305 1340 17 29 2
1338 1339 62 30 300
1416 1339 62 29 000
1499 1339 140 29 kronor.

335 1399 118 30 Under
471 1397 212 39 hänvisning
703 1397 50 29 till
772 1396 66 30 vad
858 1404 79 21 sonr
953 1395 135 29 anförts
1107 1394 57 30 vid
1182 1393 258 39 behandlingen
1460 1401 43 21 av
1521 1392 140 29 arméns
1682 1392 87 28 mot-

280 1453 172 29 svarande
477 1452 120 38 anslag
620 1450 174 30 beräknar
819 1447 386 41 departementschefen
1231 1447 156 38 anslaget
1413 1446 52 30 till
1491 1445 18 30 5
1526 1444 61 30 100
1602 1444 63 30 000
1691 1444 78 29 kro-

280 1515 64 21 nor
373 1506 55 29 för
456 1504 205 40 budgetåret
692 1502 151 32 1958/59.

337 1612 186 30 Utskottet.
556 1611 117 30 Under
705 1609 211 39 hänvisning
949 1608 51 29 till
1031 1608 65 29 vad
1130 1607 170 29 utskottet
1333 1606 118 30 anfört
1484 1606 112 29 under
1629 1604 139 30 arméns

280 1666 248 29 motsvarande
549 1664 122 39 anslag
693 1663 201 30 hemställer
916 1662 180 33 utskottet,

603 1719 51 28 att
679 1717 187 38 riksdagen
890 1715 58 30 må
973 1715 51 29 till
1049 1714 231 39 Flygvapnet:
1307 1712 274 40 Familjebidrag
1605 1711 55 30 för
1685 1711 84 29 bud-

548 1771 131 39 getåret
702 1769 139 31 1958/59
863 1769 121 29 anvisa
1005 1769 47 28 ett
1075 1767 273 39 förslagsanslag
1370 1775 41 20 av
1434 1766 17 29 5
1469 1765 60 29 100
1544 1764 62 30 000
1629 1765 139 28 kronor.

339 1905 100 32 46:0)
469 1905 228 39 Flygvapnet:
735 1902 187 40 Sjukvård.
971 1900 125 39 Kungl.
1132 1899 104 39 Maj:t
1273 1899 65 29 har
1373 1898 179 38 föreslagit
1587 1897 187 38 riksdagen

287 1959 132 40 (punkt
445 1958 58 33 27)
534 1959 50 28 att
610 1957 52 29 till
688 1956 267 39 ifrågavarande
981 1954 163 31 ändamål
1170 1954 54 29 för
1249 1952 204 40 budgetåret
1482 1951 140 31 1958/59
1650 1951 121 29 anvisa

282 2014 49 28 ett
355 2011 274 39 förslagsanslag
653 2020 42 20 av
719 2009 62 30 450
796 2009 62 30 000
883 2009 140 29 kronor.

339 2119 166 39 Anslaget
526 2119 37 28 är
585 2117 54 30 för
660 2116 204 39 budgetåret
889 2114 141 31 1957/58
1052 2114 144 39 uppfört
1217 2114 79 29 med
1318 2112 64 30 400
1396 2112 63 30 000
1482 2112 140 29 kronor.

339 2173 204 29 Försvarets
562 2169 338 41 sjukvårdsstyrelse
919 2167 212 34 hemställer,
1151 2168 50 29 att
1219 2166 158 38 anslaget
1396 2165 167 40 uppföres
1582 2164 80 30 med
1682 2163 91 30 oför-

284 2226 127 29 ändrat
435 2225 134 39 belopp.
594 2222 263 31 Ämbetsverket
881 2221 136 30 bortser
1040 2220 122 30 därvid
1187 2219 80 30 från
1291 2218 238 30 kostnaderna
1555 2217 55 29 för
1634 2217 140 29 remiss-

284 2278 230 33 tandvården,
533 2277 96 30 vilka
649 2276 55 30 för
723 2275 205 40 budgetåret
950 2274 139 30 1956/57
1111 2273 147 40 uppgått
1279 2272 52 30 till
1352 2271 98 30 cirka
1473 2270 59 30 147
1548 2269 63 30 000
1633 2270 140 29 kronor.

339 2332 69 29 För
429 2339 84 31 egen
533 2331 55 29 del
608 2329 148 30 föreslår
776 2327 387 41 departementschefen
1183 2328 50 28 att
1255 2326 157 38 anslaget
1432 2324 99 39 höjes
1553 2324 79 29 med
1655 2322 40 30 50
1710 2322 63 29 000

284 2385 143 29 kronor.

342 2491 176 29 Utskottet
540 2490 63 29 har
624 2490 76 29 icke
724 2488 117 30 funnit
865 2488 188 38 anledning
1075 2487 51 28 till
1150 2486 140 30 erinran
1314 2487 72 27 mot
1408 2485 125 38 Kungl.
1558 2483 124 39 Maj:ts
1705 2482 69 29 för-

286 2545 73 39 slag
381 2545 65 29 och
469 2543 202 30 hemställer
694 2542 111 34 alltså,
