<?xml version="1.0" encoding="UTF-8"?>
<alto xmlns="http://www.loc.gov/standards/alto/ns-v3#" xmlns:xlink="http://www.w3.org/1999/xlink" xmlns:xsi="http://www.w3.org/2001/XMLSchema-instance" xsi:schemaLocation="http://www.loc.gov/standards/alto/ns-v3# http://www.loc.gov/alto/v3/alto-3-0.xsd">
	<Description>
		<MeasurementUnit>pixel</MeasurementUnit>
		<sourceImageInformation>
			<fileName>/tmp/tess_poei2hzd_input.PNG</fileName>
		</sourceImageInformation>
		<OCRProcessing ID="OCR_0">
			<ocrProcessingStep>
				<processingSoftware>
					<softwareName>tesseract 5.3.0</softwareName>
				</processingSoftware>
			</ocrProcessingStep>
		</OCRProcessing>
	</Description>
	<Layout>
		<Page WIDTH="1860" HEIGHT="2780" PHYSICAL_IMG_NR="0" ID="page_0">
			<PrintSpace HPOS="0" VPOS="0" WIDTH="1860" HEIGHT="2780">
				<ComposedBlock ID="cblock_0" HPOS="257" VPOS="158" WIDTH="1125" HEIGHT="36">
					<TextBlock ID="block_0" HPOS="257" VPOS="158" WIDTH="1125" HEIGHT="36">
						<TextLine ID="line_0" HPOS="257" VPOS="158" WIDTH="1125" HEIGHT="36">
							<String ID="string_0" HPOS="257" VPOS="164" WIDTH="41" HEIGHT="30" WC="0.96" CONTENT="94"/><SP WIDTH="322" VPOS="164" HPOS="298"/>
							<String ID="string_1" HPOS="620" VPOS="160" WIDTH="253" HEIGHT="28" WC="0.92" CONTENT="Statsutskottets"/><SP WIDTH="24" VPOS="160" HPOS="873"/>
							<String ID="string_2" HPOS="897" VPOS="159" WIDTH="162" HEIGHT="28" WC="0.96" CONTENT="utlåtande"/><SP WIDTH="22" VPOS="159" HPOS="1059"/>
							<String ID="string_3" HPOS="1081" VPOS="167" WIDTH="40" HEIGHT="19" WC="0.91" CONTENT="nr"/><SP WIDTH="20" VPOS="167" HPOS="1121"/>
							<String ID="string_4" HPOS="1141" VPOS="160" WIDTH="24" HEIGHT="26" WC="0.91" CONTENT="B"/><SP WIDTH="23" VPOS="160" HPOS="1165"/>
							<String ID="string_5" HPOS="1188" VPOS="159" WIDTH="37" HEIGHT="27" WC="0.96" CONTENT="53"/><SP WIDTH="23" VPOS="159" HPOS="1225"/>
							<String ID="string_6" HPOS="1248" VPOS="159" WIDTH="36" HEIGHT="27" WC="0.96" CONTENT="år"/><SP WIDTH="23" VPOS="159" HPOS="1284"/>
							<String ID="string_7" HPOS="1307" VPOS="158" WIDTH="75" HEIGHT="27" WC="0.96" CONTENT="1958"/>
						</TextLine>
					</TextBlock>
				</ComposedBlock>
				<ComposedBlock ID="cblock_1" HPOS="260" VPOS="237" WIDTH="1497" HEIGHT="2264">
					<TextBlock ID="block_1" HPOS="260" VPOS="237" WIDTH="1487" HEIGHT="94">
						<TextLine ID="line_1" HPOS="261" VPOS="237" WIDTH="1486" HEIGHT="44">
							<String ID="string_8" HPOS="261" VPOS="242" WIDTH="159" HEIGHT="39" WC="0.96" CONTENT="operatör"/><SP WIDTH="25" VPOS="242" HPOS="420"/>
							<String ID="string_9" HPOS="445" VPOS="241" WIDTH="10" HEIGHT="29" WC="0.96" CONTENT="i"/><SP WIDTH="25" VPOS="241" HPOS="455"/>
							<String ID="string_10" HPOS="480" VPOS="242" WIDTH="47" HEIGHT="28" WC="0.83" CONTENT="Ae"/><SP WIDTH="17" VPOS="242" HPOS="527"/>
							<String ID="string_11" HPOS="544" VPOS="241" WIDTH="26" HEIGHT="33" WC="0.83" CONTENT="7,"/><SP WIDTH="26" VPOS="241" HPOS="570"/>
							<String ID="string_12" HPOS="596" VPOS="241" WIDTH="152" HEIGHT="29" WC="0.96" CONTENT="avsedda"/><SP WIDTH="26" VPOS="241" HPOS="748"/>
							<String ID="string_13" HPOS="774" VPOS="240" WIDTH="54" HEIGHT="29" WC="0.93" CONTENT="för"/><SP WIDTH="25" VPOS="240" HPOS="828"/>
							<String ID="string_14" HPOS="853" VPOS="239" WIDTH="336" HEIGHT="30" WC="0.91" CONTENT="centralsektionens"/><SP WIDTH="26" VPOS="239" HPOS="1189"/>
							<String ID="string_15" HPOS="1215" VPOS="238" WIDTH="302" HEIGHT="29" WC="0.87" CONTENT="hålkortscentral."/><SP WIDTH="39" VPOS="238" HPOS="1517"/>
							<String ID="string_16" HPOS="1556" VPOS="238" WIDTH="53" HEIGHT="28" WC="0.96" CONTENT="En"/><SP WIDTH="26" VPOS="238" HPOS="1609"/>
							<String ID="string_17" HPOS="1635" VPOS="237" WIDTH="112" HEIGHT="39" WC="0.95" CONTENT="tjänst"/>
						</TextLine>
						<TextLine ID="line_2" HPOS="260" VPOS="290" WIDTH="1486" HEIGHT="41">
							<String ID="string_18" HPOS="260" VPOS="294" WIDTH="53" HEIGHT="30" WC="0.93" CONTENT="för"/><SP WIDTH="17" VPOS="294" HPOS="313"/>
							<String ID="string_19" HPOS="330" VPOS="294" WIDTH="251" HEIGHT="29" WC="0.92" CONTENT="kanslibiträde"/><SP WIDTH="18" VPOS="294" HPOS="581"/>
							<String ID="string_20" HPOS="599" VPOS="294" WIDTH="10" HEIGHT="28" WC="0.96" CONTENT="i"/><SP WIDTH="20" VPOS="294" HPOS="609"/>
							<String ID="string_21" HPOS="629" VPOS="293" WIDTH="48" HEIGHT="29" WC="0.95" CONTENT="Ae"/><SP WIDTH="16" VPOS="293" HPOS="677"/>
							<String ID="string_22" HPOS="693" VPOS="293" WIDTH="16" HEIGHT="29" WC="0.95" CONTENT="7"/><SP WIDTH="19" VPOS="293" HPOS="709"/>
							<String ID="string_23" HPOS="728" VPOS="293" WIDTH="57" HEIGHT="30" WC="0.93" CONTENT="vid"/><SP WIDTH="18" VPOS="293" HPOS="785"/>
							<String ID="string_24" HPOS="803" VPOS="293" WIDTH="336" HEIGHT="29" WC="0.91" CONTENT="centralsektionens"/><SP WIDTH="18" VPOS="293" HPOS="1139"/>
							<String ID="string_25" HPOS="1157" VPOS="292" WIDTH="199" HEIGHT="39" WC="0.96" CONTENT="expedition"/><SP WIDTH="18" VPOS="292" HPOS="1356"/>
							<String ID="string_26" HPOS="1374" VPOS="291" WIDTH="62" HEIGHT="30" WC="0.96" CONTENT="bör"/><SP WIDTH="19" VPOS="291" HPOS="1436"/>
							<String ID="string_27" HPOS="1455" VPOS="290" WIDTH="179" HEIGHT="40" WC="0.95" CONTENT="samtidigt"/><SP WIDTH="19" VPOS="290" HPOS="1634"/>
							<String ID="string_28" HPOS="1653" VPOS="290" WIDTH="93" HEIGHT="39" WC="0.96" CONTENT="utgå."/>
						</TextLine>
					</TextBlock>
					<TextBlock ID="block_2" HPOS="261" VPOS="343" WIDTH="1486" HEIGHT="201">
						<TextLine ID="line_3" HPOS="315" VPOS="343" WIDTH="1431" HEIGHT="44">
							<String ID="string_29" HPOS="315" VPOS="348" WIDTH="364" HEIGHT="39" WC="0.91" CONTENT="Flygförvaltningens"/><SP WIDTH="41" VPOS="348" HPOS="679"/>
							<String ID="string_30" HPOS="720" VPOS="347" WIDTH="129" HEIGHT="39" WC="0.95" CONTENT="förslag"/><SP WIDTH="40" VPOS="347" HPOS="849"/>
							<String ID="string_31" HPOS="889" VPOS="355" WIDTH="56" HEIGHT="20" WC="0.96" CONTENT="om"/><SP WIDTH="41" VPOS="355" HPOS="945"/>
							<String ID="string_32" HPOS="986" VPOS="348" WIDTH="50" HEIGHT="27" WC="0.93" CONTENT="att"/><SP WIDTH="39" VPOS="348" HPOS="1036"/>
							<String ID="string_33" HPOS="1075" VPOS="345" WIDTH="151" HEIGHT="40" WC="0.91" CONTENT="uppdela"/><SP WIDTH="39" VPOS="345" HPOS="1226"/>
							<String ID="string_34" HPOS="1265" VPOS="343" WIDTH="481" HEIGHT="41" WC="0.90" CONTENT="inköpsavdelningens"/>
						</TextLine>
						<TextLine ID="line_4" HPOS="262" VPOS="396" WIDTH="1484" HEIGHT="44">
							<String ID="string_35" HPOS="262" VPOS="401" WIDTH="148" HEIGHT="29" WC="0.93" CONTENT="svenska"/><SP WIDTH="25" VPOS="401" HPOS="410"/>
							<String ID="string_36" HPOS="435" VPOS="400" WIDTH="267" HEIGHT="40" WC="0.92" CONTENT="inköpssektion"/><SP WIDTH="25" VPOS="400" HPOS="702"/>
							<String ID="string_37" HPOS="727" VPOS="399" WIDTH="44" HEIGHT="40" WC="0.96" CONTENT="på"/><SP WIDTH="25" VPOS="399" HPOS="771"/>
							<String ID="string_38" HPOS="796" VPOS="399" WIDTH="56" HEIGHT="30" WC="0.96" CONTENT="två"/><SP WIDTH="27" VPOS="399" HPOS="852"/>
							<String ID="string_39" HPOS="879" VPOS="399" WIDTH="176" HEIGHT="29" WC="0.96" CONTENT="sektioner"/><SP WIDTH="25" VPOS="399" HPOS="1055"/>
							<String ID="string_40" HPOS="1080" VPOS="408" WIDTH="102" HEIGHT="20" WC="0.96" CONTENT="anser"/><SP WIDTH="26" VPOS="408" HPOS="1182"/>
							<String ID="string_41" HPOS="1208" VPOS="398" WIDTH="59" HEIGHT="39" WC="0.96" CONTENT="jag"/><SP WIDTH="25" VPOS="398" HPOS="1267"/>
							<String ID="string_42" HPOS="1292" VPOS="398" WIDTH="70" HEIGHT="38" WC="0.96" CONTENT="mig"/><SP WIDTH="26" VPOS="398" HPOS="1362"/>
							<String ID="string_43" HPOS="1388" VPOS="398" WIDTH="75" HEIGHT="29" WC="0.96" CONTENT="icke"/><SP WIDTH="25" VPOS="398" HPOS="1463"/>
							<String ID="string_44" HPOS="1488" VPOS="397" WIDTH="86" HEIGHT="29" WC="0.96" CONTENT="böra"/><SP WIDTH="24" VPOS="397" HPOS="1574"/>
							<String ID="string_45" HPOS="1598" VPOS="396" WIDTH="148" HEIGHT="30" WC="0.96" CONTENT="biträda."/>
						</TextLine>
						<TextLine ID="line_5" HPOS="261" VPOS="449" WIDTH="1486" HEIGHT="43">
							<String ID="string_46" HPOS="261" VPOS="453" WIDTH="49" HEIGHT="29" WC="0.96" CONTENT="Av"/><SP WIDTH="20" VPOS="453" HPOS="310"/>
							<String ID="string_47" HPOS="330" VPOS="454" WIDTH="42" HEIGHT="29" WC="0.95" CONTENT="de"/><SP WIDTH="19" VPOS="454" HPOS="372"/>
							<String ID="string_48" HPOS="391" VPOS="453" WIDTH="197" HEIGHT="39" WC="0.96" CONTENT="föreslagna"/><SP WIDTH="21" VPOS="453" HPOS="588"/>
							<String ID="string_49" HPOS="609" VPOS="462" WIDTH="69" HEIGHT="30" WC="0.96" CONTENT="nya"/><SP WIDTH="21" VPOS="462" HPOS="678"/>
							<String ID="string_50" HPOS="699" VPOS="453" WIDTH="197" HEIGHT="38" WC="0.96" CONTENT="tjänsterna"/><SP WIDTH="21" VPOS="453" HPOS="896"/>
							<String ID="string_51" HPOS="917" VPOS="452" WIDTH="192" HEIGHT="38" WC="0.96" CONTENT="tillstyrker"/><SP WIDTH="21" VPOS="452" HPOS="1109"/>
							<String ID="string_52" HPOS="1130" VPOS="452" WIDTH="60" HEIGHT="38" WC="0.96" CONTENT="jag"/><SP WIDTH="20" VPOS="452" HPOS="1190"/>
							<String ID="string_53" HPOS="1210" VPOS="452" WIDTH="51" HEIGHT="29" WC="0.96" CONTENT="att"/><SP WIDTH="20" VPOS="452" HPOS="1261"/>
							<String ID="string_54" HPOS="1281" VPOS="460" WIDTH="42" HEIGHT="20" WC="0.96" CONTENT="en"/><SP WIDTH="21" VPOS="460" HPOS="1323"/>
							<String ID="string_55" HPOS="1344" VPOS="450" WIDTH="111" HEIGHT="39" WC="0.96" CONTENT="tjänst"/><SP WIDTH="20" VPOS="450" HPOS="1455"/>
							<String ID="string_56" HPOS="1475" VPOS="450" WIDTH="54" HEIGHT="30" WC="0.96" CONTENT="för"/><SP WIDTH="21" VPOS="450" HPOS="1529"/>
							<String ID="string_57" HPOS="1550" VPOS="450" WIDTH="167" HEIGHT="29" WC="0.96" CONTENT="assistent"/><SP WIDTH="19" VPOS="450" HPOS="1717"/>
							<String ID="string_58" HPOS="1736" VPOS="449" WIDTH="11" HEIGHT="30" WC="0.96" CONTENT="i"/>
						</TextLine>
						<TextLine ID="line_6" HPOS="261" VPOS="505" WIDTH="915" HEIGHT="39">
							<String ID="string_59" HPOS="261" VPOS="507" WIDTH="47" HEIGHT="29" WC="0.89" CONTENT="Ae"/><SP WIDTH="16" VPOS="507" HPOS="308"/>
							<String ID="string_60" HPOS="324" VPOS="507" WIDTH="49" HEIGHT="34" WC="0.89" CONTENT="17,"/><SP WIDTH="25" VPOS="507" HPOS="373"/>
							<String ID="string_61" HPOS="398" VPOS="507" WIDTH="128" HEIGHT="29" WC="0.96" CONTENT="avsedd"/><SP WIDTH="24" VPOS="507" HPOS="526"/>
							<String ID="string_62" HPOS="550" VPOS="506" WIDTH="54" HEIGHT="30" WC="0.93" CONTENT="för"/><SP WIDTH="23" VPOS="506" HPOS="604"/>
							<String ID="string_63" HPOS="627" VPOS="505" WIDTH="366" HEIGHT="39" WC="0.92" CONTENT="räkningssektionen,"/><SP WIDTH="23" VPOS="505" HPOS="993"/>
							<String ID="string_64" HPOS="1016" VPOS="505" WIDTH="160" HEIGHT="29" WC="0.96" CONTENT="inrättas."/>
						</TextLine>
					</TextBlock>
					<TextBlock ID="block_3" HPOS="262" VPOS="555" WIDTH="1489" HEIGHT="626">
						<TextLine ID="line_7" HPOS="316" VPOS="555" WIDTH="1432" HEIGHT="43">
							<String ID="string_65" HPOS="316" VPOS="559" WIDTH="345" HEIGHT="39" WC="0.92" CONTENT="Flygförvaltningen"/><SP WIDTH="21" VPOS="559" HPOS="661"/>
							<String ID="string_66" HPOS="682" VPOS="559" WIDTH="65" HEIGHT="28" WC="0.96" CONTENT="har"/><SP WIDTH="21" VPOS="559" HPOS="747"/>
							<String ID="string_67" HPOS="768" VPOS="558" WIDTH="89" HEIGHT="39" WC="0.95" CONTENT="ånyo"/><SP WIDTH="23" VPOS="558" HPOS="857"/>
							<String ID="string_68" HPOS="880" VPOS="558" WIDTH="164" HEIGHT="29" WC="0.96" CONTENT="framfört"/><SP WIDTH="22" VPOS="558" HPOS="1044"/>
							<String ID="string_69" HPOS="1066" VPOS="558" WIDTH="131" HEIGHT="38" WC="0.96" CONTENT="förslag"/><SP WIDTH="22" VPOS="558" HPOS="1197"/>
							<String ID="string_70" HPOS="1219" VPOS="566" WIDTH="57" HEIGHT="20" WC="0.96" CONTENT="om"/><SP WIDTH="22" VPOS="566" HPOS="1276"/>
							<String ID="string_71" HPOS="1298" VPOS="558" WIDTH="50" HEIGHT="28" WC="0.93" CONTENT="att"/><SP WIDTH="22" VPOS="558" HPOS="1348"/>
							<String ID="string_72" HPOS="1370" VPOS="555" WIDTH="265" HEIGHT="40" WC="0.91" CONTENT="robotbyrån"/><SP WIDTH="23" VPOS="555" HPOS="1635"/>
							<String ID="string_73" HPOS="1658" VPOS="555" WIDTH="90" HEIGHT="30" WC="0.96" CONTENT="skall"/>
						</TextLine>
						<TextLine ID="line_8" HPOS="262" VPOS="608" WIDTH="1487" HEIGHT="43">
							<String ID="string_74" HPOS="262" VPOS="612" WIDTH="203" HEIGHT="29" WC="0.96" CONTENT="omvandlas"/><SP WIDTH="28" VPOS="612" HPOS="465"/>
							<String ID="string_75" HPOS="493" VPOS="612" WIDTH="51" HEIGHT="29" WC="0.96" CONTENT="till"/><SP WIDTH="28" VPOS="612" HPOS="544"/>
							<String ID="string_76" HPOS="572" VPOS="612" WIDTH="197" HEIGHT="39" WC="0.96" CONTENT="avdelning."/><SP WIDTH="27" VPOS="612" HPOS="769"/>
							<String ID="string_77" HPOS="796" VPOS="612" WIDTH="64" HEIGHT="38" WC="0.96" CONTENT="Jag"/><SP WIDTH="28" VPOS="612" HPOS="860"/>
							<String ID="string_78" HPOS="888" VPOS="612" WIDTH="38" HEIGHT="29" WC="0.96" CONTENT="är"/><SP WIDTH="28" VPOS="612" HPOS="926"/>
							<String ID="string_79" HPOS="954" VPOS="611" WIDTH="75" HEIGHT="30" WC="0.96" CONTENT="icke"/><SP WIDTH="27" VPOS="611" HPOS="1029"/>
							<String ID="string_80" HPOS="1056" VPOS="610" WIDTH="54" HEIGHT="30" WC="0.96" CONTENT="för"/><SP WIDTH="28" VPOS="610" HPOS="1110"/>
							<String ID="string_81" HPOS="1138" VPOS="610" WIDTH="218" HEIGHT="30" WC="0.96" CONTENT="närvarande"/><SP WIDTH="28" VPOS="610" HPOS="1356"/>
							<String ID="string_82" HPOS="1384" VPOS="610" WIDTH="128" HEIGHT="29" WC="0.96" CONTENT="beredd"/><SP WIDTH="29" VPOS="610" HPOS="1512"/>
							<String ID="string_83" HPOS="1541" VPOS="611" WIDTH="50" HEIGHT="27" WC="0.96" CONTENT="att"/><SP WIDTH="28" VPOS="611" HPOS="1591"/>
							<String ID="string_84" HPOS="1619" VPOS="608" WIDTH="130" HEIGHT="30" WC="0.96" CONTENT="föreslå"/>
						</TextLine>
						<TextLine ID="line_9" HPOS="263" VPOS="662" WIDTH="1485" HEIGHT="42">
							<String ID="string_85" HPOS="263" VPOS="665" WIDTH="112" HEIGHT="39" WC="0.96" CONTENT="någon"/><SP WIDTH="31" VPOS="665" HPOS="375"/>
							<String ID="string_86" HPOS="406" VPOS="665" WIDTH="298" HEIGHT="39" WC="0.96" CONTENT="omorganisation"/><SP WIDTH="31" VPOS="665" HPOS="704"/>
							<String ID="string_87" HPOS="735" VPOS="674" WIDTH="42" HEIGHT="20" WC="0.96" CONTENT="av"/><SP WIDTH="29" VPOS="674" HPOS="777"/>
							<String ID="string_88" HPOS="806" VPOS="664" WIDTH="121" HEIGHT="40" WC="0.96" CONTENT="byrån,"/><SP WIDTH="32" VPOS="664" HPOS="927"/>
							<String ID="string_89" HPOS="959" VPOS="665" WIDTH="117" HEIGHT="28" WC="0.96" CONTENT="vilken"/><SP WIDTH="31" VPOS="665" HPOS="1076"/>
							<String ID="string_90" HPOS="1107" VPOS="664" WIDTH="71" HEIGHT="30" WC="0.96" CONTENT="tills"/><SP WIDTH="31" VPOS="664" HPOS="1178"/>
							<String ID="string_91" HPOS="1209" VPOS="664" WIDTH="118" HEIGHT="29" WC="0.96" CONTENT="vidare"/><SP WIDTH="32" VPOS="664" HPOS="1327"/>
							<String ID="string_92" HPOS="1359" VPOS="663" WIDTH="97" HEIGHT="29" WC="0.96" CONTENT="torde"/><SP WIDTH="32" VPOS="663" HPOS="1456"/>
							<String ID="string_93" HPOS="1488" VPOS="662" WIDTH="36" HEIGHT="30" WC="0.96" CONTENT="få"/><SP WIDTH="31" VPOS="662" HPOS="1524"/>
							<String ID="string_94" HPOS="1555" VPOS="662" WIDTH="193" HEIGHT="30" WC="0.96" CONTENT="bibehållas"/>
						</TextLine>
						<TextLine ID="line_10" HPOS="263" VPOS="715" WIDTH="1485" HEIGHT="43">
							<String ID="string_95" HPOS="263" VPOS="719" WIDTH="55" HEIGHT="30" WC="0.96" CONTENT="vid"/><SP WIDTH="30" VPOS="719" HPOS="318"/>
							<String ID="string_96" HPOS="348" VPOS="720" WIDTH="53" HEIGHT="29" WC="0.96" CONTENT="sin"/><SP WIDTH="30" VPOS="720" HPOS="401"/>
							<String ID="string_97" HPOS="431" VPOS="720" WIDTH="201" HEIGHT="29" WC="0.96" CONTENT="nuvarande"/><SP WIDTH="29" VPOS="720" HPOS="632"/>
							<String ID="string_98" HPOS="661" VPOS="718" WIDTH="249" HEIGHT="40" WC="0.96" CONTENT="organisation."/><SP WIDTH="39" VPOS="718" HPOS="910"/>
							<String ID="string_99" HPOS="949" VPOS="719" WIDTH="64" HEIGHT="38" WC="0.96" CONTENT="Jag"/><SP WIDTH="28" VPOS="719" HPOS="1013"/>
							<String ID="string_100" HPOS="1041" VPOS="727" WIDTH="102" HEIGHT="20" WC="0.96" CONTENT="anser"/><SP WIDTH="29" VPOS="727" HPOS="1143"/>
							<String ID="string_101" HPOS="1172" VPOS="717" WIDTH="71" HEIGHT="39" WC="0.96" CONTENT="mig"/><SP WIDTH="30" VPOS="717" HPOS="1243"/>
							<String ID="string_102" HPOS="1273" VPOS="716" WIDTH="191" HEIGHT="30" WC="0.96" CONTENT="emellertid"/><SP WIDTH="28" VPOS="716" HPOS="1464"/>
							<String ID="string_103" HPOS="1492" VPOS="716" WIDTH="85" HEIGHT="29" WC="0.96" CONTENT="böra"/><SP WIDTH="29" VPOS="716" HPOS="1577"/>
							<String ID="string_104" HPOS="1606" VPOS="715" WIDTH="142" HEIGHT="30" WC="0.96" CONTENT="förorda"/>
						</TextLine>
						<TextLine ID="line_11" HPOS="264" VPOS="769" WIDTH="1484" HEIGHT="42">
							<String ID="string_105" HPOS="264" VPOS="772" WIDTH="68" HEIGHT="30" WC="0.96" CONTENT="viss"/><SP WIDTH="28" VPOS="772" HPOS="332"/>
							<String ID="string_106" HPOS="360" VPOS="772" WIDTH="240" HEIGHT="39" WC="0.96" CONTENT="förstärkning"/><SP WIDTH="27" VPOS="772" HPOS="600"/>
							<String ID="string_107" HPOS="627" VPOS="781" WIDTH="42" HEIGHT="20" WC="0.96" CONTENT="av"/><SP WIDTH="28" VPOS="781" HPOS="669"/>
							<String ID="string_108" HPOS="697" VPOS="771" WIDTH="129" HEIGHT="39" WC="0.96" CONTENT="byråns"/><SP WIDTH="28" VPOS="771" HPOS="826"/>
							<String ID="string_109" HPOS="854" VPOS="771" WIDTH="162" HEIGHT="40" WC="0.96" CONTENT="personal"/><SP WIDTH="28" VPOS="771" HPOS="1016"/>
							<String ID="string_110" HPOS="1044" VPOS="770" WIDTH="64" HEIGHT="30" WC="0.96" CONTENT="och"/><SP WIDTH="27" VPOS="770" HPOS="1108"/>
							<String ID="string_111" HPOS="1135" VPOS="769" WIDTH="149" HEIGHT="31" WC="0.96" CONTENT="föreslår"/><SP WIDTH="27" VPOS="769" HPOS="1284"/>
							<String ID="string_112" HPOS="1311" VPOS="769" WIDTH="10" HEIGHT="29" WC="0.96" CONTENT="i"/><SP WIDTH="29" VPOS="769" HPOS="1321"/>
							<String ID="string_113" HPOS="1350" VPOS="770" WIDTH="94" HEIGHT="29" WC="0.96" CONTENT="detta"/><SP WIDTH="27" VPOS="770" HPOS="1444"/>
							<String ID="string_114" HPOS="1471" VPOS="769" WIDTH="199" HEIGHT="29" WC="0.96" CONTENT="hänseende"/><SP WIDTH="28" VPOS="769" HPOS="1670"/>
							<String ID="string_115" HPOS="1698" VPOS="769" WIDTH="50" HEIGHT="28" WC="0.96" CONTENT="att"/>
						</TextLine>
						<TextLine ID="line_12" HPOS="264" VPOS="820" WIDTH="1484" HEIGHT="43">
							<String ID="string_116" HPOS="264" VPOS="826" WIDTH="109" HEIGHT="28" WC="0.96" CONTENT="under"/><SP WIDTH="28" VPOS="826" HPOS="373"/>
							<String ID="string_117" HPOS="401" VPOS="825" WIDTH="228" HEIGHT="29" WC="0.96" CONTENT="förevarande"/><SP WIDTH="30" VPOS="825" HPOS="629"/>
							<String ID="string_118" HPOS="659" VPOS="824" WIDTH="122" HEIGHT="39" WC="0.95" CONTENT="anslag"/><SP WIDTH="28" VPOS="824" HPOS="781"/>
							<String ID="string_119" HPOS="809" VPOS="824" WIDTH="150" HEIGHT="39" WC="0.96" CONTENT="tjänster"/><SP WIDTH="29" VPOS="824" HPOS="959"/>
							<String ID="string_120" HPOS="988" VPOS="824" WIDTH="147" HEIGHT="28" WC="0.96" CONTENT="inrättas"/><SP WIDTH="31" VPOS="824" HPOS="1135"/>
							<String ID="string_121" HPOS="1166" VPOS="823" WIDTH="55" HEIGHT="29" WC="0.96" CONTENT="för"/><SP WIDTH="29" VPOS="823" HPOS="1221"/>
							<String ID="string_122" HPOS="1250" VPOS="832" WIDTH="42" HEIGHT="20" WC="0.93" CONTENT="en"/><SP WIDTH="28" VPOS="832" HPOS="1292"/>
							<String ID="string_123" HPOS="1320" VPOS="821" WIDTH="243" HEIGHT="40" WC="0.92" CONTENT="byrådirektör"/><SP WIDTH="29" VPOS="821" HPOS="1563"/>
							<String ID="string_124" HPOS="1592" VPOS="821" WIDTH="12" HEIGHT="29" WC="0.96" CONTENT="i"/><SP WIDTH="30" VPOS="821" HPOS="1604"/>
							<String ID="string_125" HPOS="1634" VPOS="821" WIDTH="47" HEIGHT="29" WC="0.89" CONTENT="Ae"/><SP WIDTH="15" VPOS="821" HPOS="1681"/>
							<String ID="string_126" HPOS="1696" VPOS="820" WIDTH="52" HEIGHT="34" WC="0.81" CONTENT="24,"/>
						</TextLine>
						<TextLine ID="line_13" HPOS="263" VPOS="873" WIDTH="1487" HEIGHT="44">
							<String ID="string_127" HPOS="263" VPOS="877" WIDTH="70" HEIGHT="30" WC="0.96" CONTENT="fem"/><SP WIDTH="27" VPOS="877" HPOS="333"/>
							<String ID="string_128" HPOS="360" VPOS="877" WIDTH="107" HEIGHT="30" WC="0.93" CONTENT="förste"/><SP WIDTH="26" VPOS="877" HPOS="467"/>
							<String ID="string_129" HPOS="493" VPOS="877" WIDTH="288" HEIGHT="40" WC="0.91" CONTENT="byråingenjörer"/><SP WIDTH="26" VPOS="877" HPOS="781"/>
							<String ID="string_130" HPOS="807" VPOS="877" WIDTH="10" HEIGHT="29" WC="0.96" CONTENT="i"/><SP WIDTH="26" VPOS="877" HPOS="817"/>
							<String ID="string_131" HPOS="843" VPOS="877" WIDTH="47" HEIGHT="29" WC="0.93" CONTENT="Ae"/><SP WIDTH="15" VPOS="877" HPOS="890"/>
							<String ID="string_132" HPOS="905" VPOS="876" WIDTH="52" HEIGHT="35" WC="0.93" CONTENT="23,"/><SP WIDTH="27" VPOS="876" HPOS="957"/>
							<String ID="string_133" HPOS="984" VPOS="876" WIDTH="70" HEIGHT="30" WC="0.93" CONTENT="fem"/><SP WIDTH="26" VPOS="876" HPOS="1054"/>
							<String ID="string_134" HPOS="1080" VPOS="875" WIDTH="288" HEIGHT="40" WC="0.91" CONTENT="byråingenjörer"/><SP WIDTH="26" VPOS="875" HPOS="1368"/>
							<String ID="string_135" HPOS="1394" VPOS="875" WIDTH="10" HEIGHT="29" WC="0.96" CONTENT="i"/><SP WIDTH="28" VPOS="875" HPOS="1404"/>
							<String ID="string_136" HPOS="1432" VPOS="875" WIDTH="47" HEIGHT="29" WC="0.81" CONTENT="Ae"/><SP WIDTH="14" VPOS="875" HPOS="1479"/>
							<String ID="string_137" HPOS="1493" VPOS="874" WIDTH="52" HEIGHT="34" WC="0.81" CONTENT="21,"/><SP WIDTH="27" VPOS="874" HPOS="1545"/>
							<String ID="string_138" HPOS="1572" VPOS="876" WIDTH="51" HEIGHT="27" WC="0.93" CONTENT="tre"/><SP WIDTH="26" VPOS="876" HPOS="1623"/>
							<String ID="string_139" HPOS="1649" VPOS="873" WIDTH="101" HEIGHT="40" WC="0.92" CONTENT="byrå-"/>
						</TextLine>
						<TextLine ID="line_14" HPOS="263" VPOS="927" WIDTH="1487" HEIGHT="43">
							<String ID="string_140" HPOS="263" VPOS="931" WIDTH="199" HEIGHT="39" WC="0.96" CONTENT="ingenjörer"/><SP WIDTH="24" VPOS="931" HPOS="462"/>
							<String ID="string_141" HPOS="486" VPOS="932" WIDTH="10" HEIGHT="28" WC="0.96" CONTENT="i"/><SP WIDTH="26" VPOS="932" HPOS="496"/>
							<String ID="string_142" HPOS="522" VPOS="932" WIDTH="47" HEIGHT="28" WC="0.92" CONTENT="Ae"/><SP WIDTH="16" VPOS="932" HPOS="569"/>
							<String ID="string_143" HPOS="585" VPOS="931" WIDTH="39" HEIGHT="29" WC="0.92" CONTENT="19"/><SP WIDTH="26" VPOS="931" HPOS="624"/>
							<String ID="string_144" HPOS="650" VPOS="931" WIDTH="65" HEIGHT="29" WC="0.96" CONTENT="och"/><SP WIDTH="25" VPOS="931" HPOS="715"/>
							<String ID="string_145" HPOS="740" VPOS="932" WIDTH="52" HEIGHT="28" WC="0.95" CONTENT="tre"/><SP WIDTH="24" VPOS="932" HPOS="792"/>
							<String ID="string_146" HPOS="816" VPOS="930" WIDTH="201" HEIGHT="39" WC="0.96" CONTENT="ingenjörer"/><SP WIDTH="25" VPOS="930" HPOS="1017"/>
							<String ID="string_147" HPOS="1042" VPOS="930" WIDTH="11" HEIGHT="28" WC="0.96" CONTENT="i"/><SP WIDTH="25" VPOS="930" HPOS="1053"/>
							<String ID="string_148" HPOS="1078" VPOS="930" WIDTH="48" HEIGHT="29" WC="0.56" CONTENT="Ae"/><SP WIDTH="16" VPOS="930" HPOS="1126"/>
							<String ID="string_149" HPOS="1142" VPOS="929" WIDTH="50" HEIGHT="29" WC="0.56" CONTENT="17."/><SP WIDTH="38" VPOS="929" HPOS="1192"/>
							<String ID="string_150" HPOS="1230" VPOS="929" WIDTH="13" HEIGHT="29" WC="0.96" CONTENT="I"/><SP WIDTH="25" VPOS="929" HPOS="1243"/>
							<String ID="string_151" HPOS="1268" VPOS="928" WIDTH="152" HEIGHT="39" WC="0.96" CONTENT="enlighet"/><SP WIDTH="26" VPOS="928" HPOS="1420"/>
							<String ID="string_152" HPOS="1446" VPOS="928" WIDTH="79" HEIGHT="29" WC="0.96" CONTENT="med"/><SP WIDTH="25" VPOS="928" HPOS="1525"/>
							<String ID="string_153" HPOS="1550" VPOS="927" WIDTH="132" HEIGHT="39" WC="0.96" CONTENT="förslag"/><SP WIDTH="26" VPOS="927" HPOS="1682"/>
							<String ID="string_154" HPOS="1708" VPOS="936" WIDTH="42" HEIGHT="19" WC="0.95" CONTENT="av"/>
						</TextLine>
						<TextLine ID="line_15" HPOS="264" VPOS="979" WIDTH="1486" HEIGHT="44">
							<String ID="string_155" HPOS="264" VPOS="984" WIDTH="122" HEIGHT="30" WC="0.96" CONTENT="chefen"/><SP WIDTH="23" VPOS="984" HPOS="386"/>
							<String ID="string_156" HPOS="409" VPOS="984" WIDTH="54" HEIGHT="29" WC="0.96" CONTENT="för"/><SP WIDTH="21" VPOS="984" HPOS="463"/>
							<String ID="string_157" HPOS="484" VPOS="984" WIDTH="201" HEIGHT="39" WC="0.96" CONTENT="flygvapnet"/><SP WIDTH="22" VPOS="984" HPOS="685"/>
							<String ID="string_158" HPOS="707" VPOS="983" WIDTH="98" HEIGHT="30" WC="0.96" CONTENT="torde"/><SP WIDTH="21" VPOS="983" HPOS="805"/>
							<String ID="string_159" HPOS="826" VPOS="982" WIDTH="111" HEIGHT="40" WC="0.96" CONTENT="byrån"/><SP WIDTH="21" VPOS="982" HPOS="937"/>
							<String ID="string_160" HPOS="958" VPOS="983" WIDTH="118" HEIGHT="29" WC="0.96" CONTENT="vidare"/><SP WIDTH="21" VPOS="983" HPOS="1076"/>
							<String ID="string_161" HPOS="1097" VPOS="982" WIDTH="85" HEIGHT="30" WC="0.96" CONTENT="böra"/><SP WIDTH="22" VPOS="982" HPOS="1182"/>
							<String ID="string_162" HPOS="1204" VPOS="981" WIDTH="195" HEIGHT="30" WC="0.96" CONTENT="förstärkas"/><SP WIDTH="22" VPOS="981" HPOS="1399"/>
							<String ID="string_163" HPOS="1421" VPOS="981" WIDTH="79" HEIGHT="29" WC="0.95" CONTENT="med"/><SP WIDTH="22" VPOS="981" HPOS="1500"/>
							<String ID="string_164" HPOS="1522" VPOS="980" WIDTH="151" HEIGHT="39" WC="0.95" CONTENT="tjänster"/><SP WIDTH="22" VPOS="980" HPOS="1673"/>
							<String ID="string_165" HPOS="1695" VPOS="979" WIDTH="55" HEIGHT="30" WC="0.96" CONTENT="för"/>
						</TextLine>
						<TextLine ID="line_16" HPOS="264" VPOS="1033" WIDTH="1487" HEIGHT="39">
							<String ID="string_166" HPOS="264" VPOS="1046" WIDTH="42" HEIGHT="20" WC="0.96" CONTENT="en"/><SP WIDTH="25" VPOS="1046" HPOS="306"/>
							<String ID="string_167" HPOS="331" VPOS="1037" WIDTH="108" HEIGHT="29" WC="0.93" CONTENT="förste"/><SP WIDTH="25" VPOS="1037" HPOS="439"/>
							<String ID="string_168" HPOS="464" VPOS="1037" WIDTH="228" HEIGHT="29" WC="0.92" CONTENT="trafikledare"/><SP WIDTH="26" VPOS="1037" HPOS="692"/>
							<String ID="string_169" HPOS="718" VPOS="1036" WIDTH="10" HEIGHT="29" WC="0.96" CONTENT="i"/><SP WIDTH="27" VPOS="1036" HPOS="728"/>
							<String ID="string_170" HPOS="755" VPOS="1036" WIDTH="47" HEIGHT="29" WC="0.89" CONTENT="Ae"/><SP WIDTH="15" VPOS="1036" HPOS="802"/>
							<String ID="string_171" HPOS="817" VPOS="1036" WIDTH="37" HEIGHT="29" WC="0.89" CONTENT="21"/><SP WIDTH="30" VPOS="1036" HPOS="854"/>
							<String ID="string_172" HPOS="884" VPOS="1036" WIDTH="65" HEIGHT="29" WC="0.96" CONTENT="och"/><SP WIDTH="26" VPOS="1036" HPOS="949"/>
							<String ID="string_173" HPOS="975" VPOS="1045" WIDTH="43" HEIGHT="20" WC="0.93" CONTENT="en"/><SP WIDTH="26" VPOS="1045" HPOS="1018"/>
							<String ID="string_174" HPOS="1044" VPOS="1035" WIDTH="227" HEIGHT="29" WC="0.92" CONTENT="trafikledare"/><SP WIDTH="27" VPOS="1035" HPOS="1271"/>
							<String ID="string_175" HPOS="1298" VPOS="1034" WIDTH="10" HEIGHT="29" WC="0.96" CONTENT="i"/><SP WIDTH="28" VPOS="1034" HPOS="1308"/>
							<String ID="string_176" HPOS="1336" VPOS="1034" WIDTH="47" HEIGHT="29" WC="0.55" CONTENT="Ae"/><SP WIDTH="16" VPOS="1034" HPOS="1383"/>
							<String ID="string_177" HPOS="1399" VPOS="1033" WIDTH="50" HEIGHT="30" WC="0.55" CONTENT="17."/><SP WIDTH="37" VPOS="1033" HPOS="1449"/>
							<String ID="string_178" HPOS="1486" VPOS="1034" WIDTH="64" HEIGHT="38" WC="0.93" CONTENT="Jag"/><SP WIDTH="26" VPOS="1034" HPOS="1550"/>
							<String ID="string_179" HPOS="1576" VPOS="1033" WIDTH="175" HEIGHT="29" WC="0.92" CONTENT="återkom-"/>
						</TextLine>
						<TextLine ID="line_17" HPOS="264" VPOS="1086" WIDTH="1486" HEIGHT="41">
							<String ID="string_180" HPOS="264" VPOS="1099" WIDTH="73" HEIGHT="20" WC="0.96" CONTENT="mer"/><SP WIDTH="19" VPOS="1099" HPOS="337"/>
							<String ID="string_181" HPOS="356" VPOS="1090" WIDTH="79" HEIGHT="29" WC="0.96" CONTENT="med"/><SP WIDTH="20" VPOS="1090" HPOS="435"/>
							<String ID="string_182" HPOS="455" VPOS="1089" WIDTH="210" HEIGHT="30" WC="0.96" CONTENT="hemställan"/><SP WIDTH="20" VPOS="1089" HPOS="665"/>
							<String ID="string_183" HPOS="685" VPOS="1089" WIDTH="123" HEIGHT="29" WC="0.96" CONTENT="härom"/><SP WIDTH="20" VPOS="1089" HPOS="808"/>
							<String ID="string_184" HPOS="828" VPOS="1088" WIDTH="57" HEIGHT="29" WC="0.96" CONTENT="vid"/><SP WIDTH="20" VPOS="1088" HPOS="885"/>
							<String ID="string_185" HPOS="905" VPOS="1088" WIDTH="257" HEIGHT="39" WC="0.95" CONTENT="behandlingen"/><SP WIDTH="20" VPOS="1088" HPOS="1162"/>
							<String ID="string_186" HPOS="1182" VPOS="1087" WIDTH="11" HEIGHT="29" WC="0.95" CONTENT="i"/><SP WIDTH="20" VPOS="1087" HPOS="1193"/>
							<String ID="string_187" HPOS="1213" VPOS="1088" WIDTH="58" HEIGHT="30" WC="0.96" CONTENT="det"/><SP WIDTH="19" VPOS="1088" HPOS="1271"/>
							<String ID="string_188" HPOS="1290" VPOS="1087" WIDTH="157" HEIGHT="39" WC="0.96" CONTENT="följande"/><SP WIDTH="20" VPOS="1087" HPOS="1447"/>
							<String ID="string_189" HPOS="1467" VPOS="1096" WIDTH="41" HEIGHT="19" WC="0.96" CONTENT="av"/><SP WIDTH="21" VPOS="1096" HPOS="1508"/>
							<String ID="string_190" HPOS="1529" VPOS="1086" WIDTH="221" HEIGHT="39" WC="0.96" CONTENT="flygvapnets"/>
						</TextLine>
						<TextLine ID="line_18" HPOS="265" VPOS="1141" WIDTH="518" HEIGHT="40">
							<String ID="string_191" HPOS="265" VPOS="1143" WIDTH="177" HEIGHT="29" WC="0.93" CONTENT="allmänna"/><SP WIDTH="25" VPOS="1143" HPOS="442"/>
							<String ID="string_192" HPOS="467" VPOS="1141" WIDTH="316" HEIGHT="40" WC="0.91" CONTENT="avlöningsanslag."/>
						</TextLine>
					</TextBlock>
					<TextBlock ID="block_4" HPOS="265" VPOS="1191" WIDTH="1487" HEIGHT="206">
						<TextLine ID="line_19" HPOS="320" VPOS="1191" WIDTH="1432" HEIGHT="47">
							<String ID="string_193" HPOS="320" VPOS="1199" WIDTH="63" HEIGHT="39" WC="0.96" CONTENT="Jag"/><SP WIDTH="29" VPOS="1199" HPOS="383"/>
							<String ID="string_194" HPOS="412" VPOS="1199" WIDTH="192" HEIGHT="38" WC="0.96" CONTENT="tillstyrker"/><SP WIDTH="28" VPOS="1199" HPOS="604"/>
							<String ID="string_195" HPOS="632" VPOS="1198" WIDTH="120" HEIGHT="29" WC="0.96" CONTENT="vidare"/><SP WIDTH="29" VPOS="1198" HPOS="752"/>
							<String ID="string_196" HPOS="781" VPOS="1199" WIDTH="49" HEIGHT="27" WC="0.96" CONTENT="att"/><SP WIDTH="29" VPOS="1199" HPOS="830"/>
							<String ID="string_197" HPOS="859" VPOS="1205" WIDTH="42" HEIGHT="20" WC="0.96" CONTENT="en"/><SP WIDTH="28" VPOS="1205" HPOS="901"/>
							<String ID="string_198" HPOS="929" VPOS="1195" WIDTH="210" HEIGHT="39" WC="0.96" CONTENT="beställning"/><SP WIDTH="29" VPOS="1195" HPOS="1139"/>
							<String ID="string_199" HPOS="1168" VPOS="1194" WIDTH="54" HEIGHT="30" WC="0.96" CONTENT="för"/><SP WIDTH="29" VPOS="1194" HPOS="1222"/>
							<String ID="string_200" HPOS="1251" VPOS="1193" WIDTH="115" HEIGHT="39" WC="0.96" CONTENT="major"/><SP WIDTH="28" VPOS="1193" HPOS="1366"/>
							<String ID="string_201" HPOS="1394" VPOS="1192" WIDTH="82" HEIGHT="30" WC="0.93" CONTENT="eller"/><SP WIDTH="29" VPOS="1192" HPOS="1476"/>
							<String ID="string_202" HPOS="1505" VPOS="1191" WIDTH="247" HEIGHT="30" WC="0.92" CONTENT="kommendör-"/>
						</TextLine>
						<TextLine ID="line_20" HPOS="265" VPOS="1245" WIDTH="1487" HEIGHT="46">
							<String ID="string_203" HPOS="265" VPOS="1252" WIDTH="129" HEIGHT="39" WC="0.96" CONTENT="kapten"/><SP WIDTH="18" VPOS="1252" HPOS="394"/>
							<String ID="string_204" HPOS="412" VPOS="1260" WIDTH="42" HEIGHT="20" WC="0.96" CONTENT="av"/><SP WIDTH="18" VPOS="1260" HPOS="454"/>
							<String ID="string_205" HPOS="472" VPOS="1251" WIDTH="29" HEIGHT="30" WC="0.96" CONTENT="2."/><SP WIDTH="19" VPOS="1251" HPOS="501"/>
							<String ID="string_206" HPOS="520" VPOS="1251" WIDTH="130" HEIGHT="39" WC="0.96" CONTENT="graden"/><SP WIDTH="19" VPOS="1251" HPOS="650"/>
							<String ID="string_207" HPOS="669" VPOS="1251" WIDTH="10" HEIGHT="28" WC="0.96" CONTENT="i"/><SP WIDTH="20" VPOS="1251" HPOS="679"/>
							<String ID="string_208" HPOS="699" VPOS="1250" WIDTH="50" HEIGHT="29" WC="0.96" CONTENT="Ao"/><SP WIDTH="14" VPOS="1250" HPOS="749"/>
							<String ID="string_209" HPOS="763" VPOS="1250" WIDTH="52" HEIGHT="34" WC="0.95" CONTENT="23,"/><SP WIDTH="19" VPOS="1250" HPOS="815"/>
							<String ID="string_210" HPOS="834" VPOS="1249" WIDTH="129" HEIGHT="30" WC="0.96" CONTENT="avsedd"/><SP WIDTH="18" VPOS="1249" HPOS="963"/>
							<String ID="string_211" HPOS="981" VPOS="1248" WIDTH="54" HEIGHT="30" WC="0.96" CONTENT="för"/><SP WIDTH="19" VPOS="1248" HPOS="1035"/>
							<String ID="string_212" HPOS="1054" VPOS="1248" WIDTH="78" HEIGHT="29" WC="0.96" CONTENT="chef"/><SP WIDTH="19" VPOS="1248" HPOS="1132"/>
							<String ID="string_213" HPOS="1151" VPOS="1247" WIDTH="55" HEIGHT="29" WC="0.92" CONTENT="för"/><SP WIDTH="18" VPOS="1247" HPOS="1206"/>
							<String ID="string_214" HPOS="1224" VPOS="1245" WIDTH="421" HEIGHT="33" WC="0.91" CONTENT="försöksverksamheten,"/><SP WIDTH="20" VPOS="1245" HPOS="1645"/>
							<String ID="string_215" HPOS="1665" VPOS="1252" WIDTH="87" HEIGHT="31" WC="0.92" CONTENT="upp-"/>
						</TextLine>
						<TextLine ID="line_21" HPOS="265" VPOS="1297" WIDTH="1486" HEIGHT="47">
							<String ID="string_216" HPOS="265" VPOS="1305" WIDTH="120" HEIGHT="39" WC="0.96" CONTENT="flyttas"/><SP WIDTH="36" VPOS="1305" HPOS="385"/>
							<String ID="string_217" HPOS="421" VPOS="1304" WIDTH="51" HEIGHT="30" WC="0.96" CONTENT="till"/><SP WIDTH="36" VPOS="1304" HPOS="472"/>
							<String ID="string_218" HPOS="508" VPOS="1304" WIDTH="211" HEIGHT="38" WC="0.96" CONTENT="beställning"/><SP WIDTH="36" VPOS="1304" HPOS="719"/>
							<String ID="string_219" HPOS="755" VPOS="1303" WIDTH="54" HEIGHT="29" WC="0.96" CONTENT="för"/><SP WIDTH="35" VPOS="1303" HPOS="809"/>
							<String ID="string_220" HPOS="844" VPOS="1301" WIDTH="290" HEIGHT="39" WC="0.94" CONTENT="överstelöjtnant"/><SP WIDTH="24" VPOS="1301" HPOS="1134"/>
							<String ID="string_221" HPOS="1158" VPOS="1300" WIDTH="84" HEIGHT="29" WC="0.95" CONTENT="eller"/><SP WIDTH="24" VPOS="1300" HPOS="1242"/>
							<String ID="string_222" HPOS="1266" VPOS="1298" WIDTH="363" HEIGHT="39" WC="0.96" CONTENT="kommendörkapten"/><SP WIDTH="26" VPOS="1298" HPOS="1629"/>
							<String ID="string_223" HPOS="1655" VPOS="1306" WIDTH="42" HEIGHT="20" WC="0.96" CONTENT="av"/><SP WIDTH="26" VPOS="1306" HPOS="1697"/>
							<String ID="string_224" HPOS="1723" VPOS="1297" WIDTH="28" HEIGHT="28" WC="0.96" CONTENT="1."/>
						</TextLine>
						<TextLine ID="line_22" HPOS="265" VPOS="1357" WIDTH="304" HEIGHT="40">
							<String ID="string_225" HPOS="265" VPOS="1358" WIDTH="128" HEIGHT="39" WC="0.96" CONTENT="graden"/><SP WIDTH="25" VPOS="1358" HPOS="393"/>
							<String ID="string_226" HPOS="418" VPOS="1357" WIDTH="12" HEIGHT="29" WC="0.96" CONTENT="i"/><SP WIDTH="25" VPOS="1357" HPOS="430"/>
							<String ID="string_227" HPOS="455" VPOS="1357" WIDTH="49" HEIGHT="29" WC="0.94" CONTENT="Ao"/><SP WIDTH="15" VPOS="1357" HPOS="504"/>
							<String ID="string_228" HPOS="519" VPOS="1357" WIDTH="50" HEIGHT="28" WC="0.94" CONTENT="26."/>
						</TextLine>
					</TextBlock>
					<TextBlock ID="block_5" HPOS="266" VPOS="1404" WIDTH="1489" HEIGHT="728">
						<TextLine ID="line_23" HPOS="322" VPOS="1404" WIDTH="1430" HEIGHT="45">
							<String ID="string_229" HPOS="322" VPOS="1413" WIDTH="83" HEIGHT="30" WC="0.96" CONTENT="1956"/><SP WIDTH="26" VPOS="1413" HPOS="405"/>
							<String ID="string_230" HPOS="431" VPOS="1413" WIDTH="56" HEIGHT="29" WC="0.93" CONTENT="års"/><SP WIDTH="27" VPOS="1413" HPOS="487"/>
							<String ID="string_231" HPOS="514" VPOS="1409" WIDTH="617" HEIGHT="40" WC="0.91" CONTENT="försvarsförvaltningssakkunniga"/><SP WIDTH="26" VPOS="1409" HPOS="1131"/>
							<String ID="string_232" HPOS="1157" VPOS="1409" WIDTH="65" HEIGHT="29" WC="0.96" CONTENT="har"/><SP WIDTH="25" VPOS="1409" HPOS="1222"/>
							<String ID="string_233" HPOS="1247" VPOS="1408" WIDTH="11" HEIGHT="29" WC="0.96" CONTENT="i"/><SP WIDTH="27" VPOS="1408" HPOS="1258"/>
							<String ID="string_234" HPOS="1285" VPOS="1408" WIDTH="59" HEIGHT="29" WC="0.96" CONTENT="sitt"/><SP WIDTH="25" VPOS="1408" HPOS="1344"/>
							<String ID="string_235" HPOS="1369" VPOS="1406" WIDTH="221" HEIGHT="31" WC="0.95" CONTENT="betänkande"/><SP WIDTH="27" VPOS="1406" HPOS="1590"/>
							<String ID="string_236" HPOS="1617" VPOS="1406" WIDTH="67" HEIGHT="29" WC="0.96" CONTENT="den"/><SP WIDTH="27" VPOS="1406" HPOS="1684"/>
							<String ID="string_237" HPOS="1711" VPOS="1404" WIDTH="41" HEIGHT="30" WC="0.95" CONTENT="24"/>
						</TextLine>
						<TextLine ID="line_24" HPOS="267" VPOS="1457" WIDTH="1486" HEIGHT="49">
							<String ID="string_238" HPOS="267" VPOS="1466" WIDTH="192" HEIGHT="40" WC="0.96" CONTENT="september"/><SP WIDTH="30" VPOS="1466" HPOS="459"/>
							<String ID="string_239" HPOS="489" VPOS="1465" WIDTH="82" HEIGHT="30" WC="0.96" CONTENT="1957"/><SP WIDTH="30" VPOS="1465" HPOS="571"/>
							<String ID="string_240" HPOS="601" VPOS="1464" WIDTH="167" HEIGHT="39" WC="0.96" CONTENT="framlagt"/><SP WIDTH="28" VPOS="1464" HPOS="768"/>
							<String ID="string_241" HPOS="796" VPOS="1463" WIDTH="131" HEIGHT="39" WC="0.96" CONTENT="förslag"/><SP WIDTH="28" VPOS="1463" HPOS="927"/>
							<String ID="string_242" HPOS="955" VPOS="1463" WIDTH="148" HEIGHT="29" WC="0.93" CONTENT="rörande"/><SP WIDTH="28" VPOS="1463" HPOS="1103"/>
							<String ID="string_243" HPOS="1131" VPOS="1459" WIDTH="440" HEIGHT="39" WC="0.89" CONTENT="intendenturbyrån."/><SP WIDTH="39" VPOS="1459" HPOS="1571"/>
							<String ID="string_244" HPOS="1610" VPOS="1459" WIDTH="65" HEIGHT="38" WC="0.89" CONTENT="Jag"/><SP WIDTH="28" VPOS="1459" HPOS="1675"/>
							<String ID="string_245" HPOS="1703" VPOS="1457" WIDTH="50" HEIGHT="30" WC="0.89" CONTENT="bi-"/>
						</TextLine>
						<TextLine ID="line_25" HPOS="266" VPOS="1510" WIDTH="1488" HEIGHT="47">
							<String ID="string_246" HPOS="266" VPOS="1520" WIDTH="115" HEIGHT="29" WC="0.96" CONTENT="träder"/><SP WIDTH="26" VPOS="1520" HPOS="381"/>
							<String ID="string_247" HPOS="407" VPOS="1518" WIDTH="175" HEIGHT="39" WC="0.96" CONTENT="förslaget,"/><SP WIDTH="27" VPOS="1518" HPOS="582"/>
							<String ID="string_248" HPOS="609" VPOS="1519" WIDTH="99" HEIGHT="28" WC="0.96" CONTENT="utom"/><SP WIDTH="28" VPOS="1519" HPOS="708"/>
							<String ID="string_249" HPOS="736" VPOS="1517" WIDTH="104" HEIGHT="29" WC="0.96" CONTENT="såvitt"/><SP WIDTH="25" VPOS="1517" HPOS="840"/>
							<String ID="string_250" HPOS="865" VPOS="1525" WIDTH="100" HEIGHT="20" WC="0.96" CONTENT="avser"/><SP WIDTH="25" VPOS="1525" HPOS="965"/>
							<String ID="string_251" HPOS="990" VPOS="1515" WIDTH="200" HEIGHT="30" WC="0.96" CONTENT="inrättande"/><SP WIDTH="28" VPOS="1515" HPOS="1190"/>
							<String ID="string_252" HPOS="1218" VPOS="1523" WIDTH="42" HEIGHT="21" WC="0.96" CONTENT="av"/><SP WIDTH="27" VPOS="1523" HPOS="1260"/>
							<String ID="string_253" HPOS="1287" VPOS="1523" WIDTH="43" HEIGHT="20" WC="0.96" CONTENT="en"/><SP WIDTH="25" VPOS="1523" HPOS="1330"/>
							<String ID="string_254" HPOS="1355" VPOS="1513" WIDTH="210" HEIGHT="38" WC="0.96" CONTENT="beställning"/><SP WIDTH="28" VPOS="1513" HPOS="1565"/>
							<String ID="string_255" HPOS="1593" VPOS="1511" WIDTH="55" HEIGHT="30" WC="0.93" CONTENT="för"/><SP WIDTH="25" VPOS="1511" HPOS="1648"/>
							<String ID="string_256" HPOS="1673" VPOS="1510" WIDTH="81" HEIGHT="40" WC="0.90" CONTENT="löjt-"/>
						</TextLine>
						<TextLine ID="line_26" HPOS="266" VPOS="1565" WIDTH="1488" HEIGHT="40">
							<String ID="string_257" HPOS="266" VPOS="1574" WIDTH="84" HEIGHT="28" WC="0.90" CONTENT="nant"/><SP WIDTH="21" VPOS="1574" HPOS="350"/>
							<String ID="string_258" HPOS="371" VPOS="1572" WIDTH="10" HEIGHT="29" WC="0.96" CONTENT="i"/><SP WIDTH="22" VPOS="1572" HPOS="381"/>
							<String ID="string_259" HPOS="403" VPOS="1572" WIDTH="50" HEIGHT="29" WC="0.94" CONTENT="Ao"/><SP WIDTH="15" VPOS="1572" HPOS="453"/>
							<String ID="string_260" HPOS="468" VPOS="1571" WIDTH="107" HEIGHT="34" WC="0.96" CONTENT="17/13,"/><SP WIDTH="23" VPOS="1571" HPOS="575"/>
							<String ID="string_261" HPOS="598" VPOS="1571" WIDTH="65" HEIGHT="30" WC="0.96" CONTENT="och"/><SP WIDTH="22" VPOS="1571" HPOS="663"/>
							<String ID="string_262" HPOS="685" VPOS="1570" WIDTH="131" HEIGHT="30" WC="0.96" CONTENT="räknar"/><SP WIDTH="22" VPOS="1570" HPOS="816"/>
							<String ID="string_263" HPOS="838" VPOS="1569" WIDTH="149" HEIGHT="30" WC="0.96" CONTENT="sålunda"/><SP WIDTH="21" VPOS="1569" HPOS="987"/>
							<String ID="string_264" HPOS="1008" VPOS="1569" WIDTH="111" HEIGHT="29" WC="0.96" CONTENT="under"/><SP WIDTH="22" VPOS="1569" HPOS="1119"/>
							<String ID="string_265" HPOS="1141" VPOS="1567" WIDTH="232" HEIGHT="30" WC="0.96" CONTENT="förevarande"/><SP WIDTH="21" VPOS="1567" HPOS="1373"/>
							<String ID="string_266" HPOS="1394" VPOS="1566" WIDTH="120" HEIGHT="39" WC="0.96" CONTENT="anslag"/><SP WIDTH="22" VPOS="1566" HPOS="1514"/>
							<String ID="string_267" HPOS="1536" VPOS="1565" WIDTH="80" HEIGHT="30" WC="0.95" CONTENT="med"/><SP WIDTH="22" VPOS="1565" HPOS="1616"/>
							<String ID="string_268" HPOS="1638" VPOS="1566" WIDTH="50" HEIGHT="28" WC="0.96" CONTENT="att"/><SP WIDTH="22" VPOS="1566" HPOS="1688"/>
							<String ID="string_269" HPOS="1710" VPOS="1573" WIDTH="44" HEIGHT="20" WC="0.97" CONTENT="en"/>
						</TextLine>
						<TextLine ID="line_27" HPOS="266" VPOS="1616" WIDTH="1488" HEIGHT="48">
							<String ID="string_270" HPOS="266" VPOS="1626" WIDTH="383" HEIGHT="38" WC="0.91" CONTENT="kanslibiträdestjänst"/><SP WIDTH="24" VPOS="1626" HPOS="649"/>
							<String ID="string_271" HPOS="673" VPOS="1625" WIDTH="11" HEIGHT="29" WC="0.96" CONTENT="i"/><SP WIDTH="24" VPOS="1625" HPOS="684"/>
							<String ID="string_272" HPOS="708" VPOS="1624" WIDTH="48" HEIGHT="29" WC="0.93" CONTENT="Ae"/><SP WIDTH="16" VPOS="1624" HPOS="756"/>
							<String ID="string_273" HPOS="772" VPOS="1624" WIDTH="16" HEIGHT="29" WC="0.93" CONTENT="7"/><SP WIDTH="23" VPOS="1624" HPOS="788"/>
							<String ID="string_274" HPOS="811" VPOS="1624" WIDTH="58" HEIGHT="29" WC="0.93" CONTENT="vid"/><SP WIDTH="23" VPOS="1624" HPOS="869"/>
							<String ID="string_275" HPOS="892" VPOS="1621" WIDTH="319" HEIGHT="31" WC="0.91" CONTENT="centralsektionen"/><SP WIDTH="23" VPOS="1621" HPOS="1211"/>
							<String ID="string_276" HPOS="1234" VPOS="1620" WIDTH="139" HEIGHT="39" WC="0.96" CONTENT="utbytes"/><SP WIDTH="23" VPOS="1620" HPOS="1373"/>
							<String ID="string_277" HPOS="1396" VPOS="1621" WIDTH="73" HEIGHT="27" WC="0.97" CONTENT="mot"/><SP WIDTH="23" VPOS="1621" HPOS="1469"/>
							<String ID="string_278" HPOS="1492" VPOS="1619" WIDTH="112" HEIGHT="39" WC="0.96" CONTENT="tjänst"/><SP WIDTH="23" VPOS="1619" HPOS="1604"/>
							<String ID="string_279" HPOS="1627" VPOS="1618" WIDTH="55" HEIGHT="29" WC="0.93" CONTENT="för"/><SP WIDTH="22" VPOS="1618" HPOS="1682"/>
							<String ID="string_280" HPOS="1704" VPOS="1616" WIDTH="50" HEIGHT="30" WC="0.93" CONTENT="bi-"/>
						</TextLine>
						<TextLine ID="line_28" HPOS="266" VPOS="1671" WIDTH="1488" HEIGHT="44">
							<String ID="string_281" HPOS="266" VPOS="1680" WIDTH="97" HEIGHT="29" WC="0.96" CONTENT="träde"/><SP WIDTH="27" VPOS="1680" HPOS="363"/>
							<String ID="string_282" HPOS="390" VPOS="1679" WIDTH="54" HEIGHT="29" WC="0.93" CONTENT="för"/><SP WIDTH="28" VPOS="1679" HPOS="444"/>
							<String ID="string_283" HPOS="472" VPOS="1678" WIDTH="109" HEIGHT="29" WC="0.92" CONTENT="skriv-"/><SP WIDTH="26" VPOS="1678" HPOS="581"/>
							<String ID="string_284" HPOS="607" VPOS="1678" WIDTH="65" HEIGHT="29" WC="0.93" CONTENT="och"/><SP WIDTH="28" VPOS="1678" HPOS="672"/>
							<String ID="string_285" HPOS="700" VPOS="1675" WIDTH="303" HEIGHT="40" WC="0.90" CONTENT="kontorsgöromål"/><SP WIDTH="26" VPOS="1675" HPOS="1003"/>
							<String ID="string_286" HPOS="1029" VPOS="1674" WIDTH="57" HEIGHT="29" WC="0.93" CONTENT="vid"/><SP WIDTH="27" VPOS="1674" HPOS="1086"/>
							<String ID="string_287" HPOS="1113" VPOS="1672" WIDTH="292" HEIGHT="32" WC="0.91" CONTENT="centralförrådet"/><SP WIDTH="25" VPOS="1672" HPOS="1405"/>
							<String ID="string_288" HPOS="1430" VPOS="1672" WIDTH="55" HEIGHT="29" WC="0.93" CONTENT="för"/><SP WIDTH="26" VPOS="1672" HPOS="1485"/>
							<String ID="string_289" HPOS="1511" VPOS="1671" WIDTH="243" HEIGHT="29" WC="0.91" CONTENT="intendentur-"/>
						</TextLine>
						<TextLine ID="line_29" HPOS="266" VPOS="1723" WIDTH="1488" HEIGHT="46">
							<String ID="string_290" HPOS="266" VPOS="1731" WIDTH="167" HEIGHT="34" WC="0.95" CONTENT="materiel,"/><SP WIDTH="24" VPOS="1731" HPOS="433"/>
							<String ID="string_291" HPOS="457" VPOS="1733" WIDTH="50" HEIGHT="27" WC="0.96" CONTENT="att"/><SP WIDTH="24" VPOS="1733" HPOS="507"/>
							<String ID="string_292" HPOS="531" VPOS="1740" WIDTH="42" HEIGHT="20" WC="0.96" CONTENT="en"/><SP WIDTH="23" VPOS="1740" HPOS="573"/>
							<String ID="string_293" HPOS="596" VPOS="1731" WIDTH="113" HEIGHT="38" WC="0.96" CONTENT="tjänst"/><SP WIDTH="24" VPOS="1731" HPOS="709"/>
							<String ID="string_294" HPOS="733" VPOS="1730" WIDTH="54" HEIGHT="29" WC="0.96" CONTENT="för"/><SP WIDTH="23" VPOS="1730" HPOS="787"/>
							<String ID="string_295" HPOS="810" VPOS="1729" WIDTH="135" HEIGHT="29" WC="0.96" CONTENT="biträde"/><SP WIDTH="24" VPOS="1729" HPOS="945"/>
							<String ID="string_296" HPOS="969" VPOS="1728" WIDTH="55" HEIGHT="29" WC="0.93" CONTENT="för"/><SP WIDTH="23" VPOS="1728" HPOS="1024"/>
							<String ID="string_297" HPOS="1047" VPOS="1726" WIDTH="109" HEIGHT="31" WC="0.92" CONTENT="skriv-"/><SP WIDTH="23" VPOS="1726" HPOS="1156"/>
							<String ID="string_298" HPOS="1179" VPOS="1726" WIDTH="65" HEIGHT="30" WC="0.93" CONTENT="och"/><SP WIDTH="24" VPOS="1726" HPOS="1244"/>
							<String ID="string_299" HPOS="1268" VPOS="1723" WIDTH="303" HEIGHT="41" WC="0.90" CONTENT="kontorsgöromål"/><SP WIDTH="23" VPOS="1723" HPOS="1571"/>
							<String ID="string_300" HPOS="1594" VPOS="1724" WIDTH="58" HEIGHT="29" WC="0.93" CONTENT="vid"/><SP WIDTH="24" VPOS="1724" HPOS="1652"/>
							<String ID="string_301" HPOS="1676" VPOS="1732" WIDTH="78" HEIGHT="20" WC="0.93" CONTENT="cen-"/>
						</TextLine>
						<TextLine ID="line_30" HPOS="266" VPOS="1776" WIDTH="1488" HEIGHT="47">
							<String ID="string_302" HPOS="266" VPOS="1784" WIDTH="252" HEIGHT="30" WC="0.91" CONTENT="tralsektionen"/><SP WIDTH="24" VPOS="1784" HPOS="518"/>
							<String ID="string_303" HPOS="542" VPOS="1784" WIDTH="196" HEIGHT="39" WC="0.92" CONTENT="uppflyttas"/><SP WIDTH="25" VPOS="1784" HPOS="738"/>
							<String ID="string_304" HPOS="763" VPOS="1782" WIDTH="51" HEIGHT="29" WC="0.93" CONTENT="till"/><SP WIDTH="24" VPOS="1782" HPOS="814"/>
							<String ID="string_305" HPOS="838" VPOS="1780" WIDTH="387" HEIGHT="39" WC="0.91" CONTENT="kanslibiträdestjänst"/><SP WIDTH="23" VPOS="1780" HPOS="1225"/>
							<String ID="string_306" HPOS="1248" VPOS="1779" WIDTH="11" HEIGHT="29" WC="0.96" CONTENT="i"/><SP WIDTH="24" VPOS="1779" HPOS="1259"/>
							<String ID="string_307" HPOS="1283" VPOS="1779" WIDTH="47" HEIGHT="29" WC="0.95" CONTENT="Ae"/><SP WIDTH="17" VPOS="1779" HPOS="1330"/>
							<String ID="string_308" HPOS="1347" VPOS="1779" WIDTH="15" HEIGHT="29" WC="0.95" CONTENT="7"/><SP WIDTH="27" VPOS="1779" HPOS="1362"/>
							<String ID="string_309" HPOS="1389" VPOS="1779" WIDTH="90" HEIGHT="28" WC="0.96" CONTENT="samt"/><SP WIDTH="23" VPOS="1779" HPOS="1479"/>
							<String ID="string_310" HPOS="1502" VPOS="1779" WIDTH="50" HEIGHT="27" WC="0.95" CONTENT="att"/><SP WIDTH="24" VPOS="1779" HPOS="1552"/>
							<String ID="string_311" HPOS="1576" VPOS="1786" WIDTH="43" HEIGHT="20" WC="0.95" CONTENT="en"/><SP WIDTH="23" VPOS="1786" HPOS="1619"/>
							<String ID="string_312" HPOS="1642" VPOS="1776" WIDTH="112" HEIGHT="39" WC="0.96" CONTENT="tjänst"/>
						</TextLine>
						<TextLine ID="line_31" HPOS="268" VPOS="1828" WIDTH="1486" HEIGHT="48">
							<String ID="string_313" HPOS="268" VPOS="1838" WIDTH="54" HEIGHT="29" WC="0.93" CONTENT="för"/><SP WIDTH="27" VPOS="1838" HPOS="322"/>
							<String ID="string_314" HPOS="349" VPOS="1837" WIDTH="252" HEIGHT="39" WC="0.91" CONTENT="byråassistent"/><SP WIDTH="27" VPOS="1837" HPOS="601"/>
							<String ID="string_315" HPOS="628" VPOS="1836" WIDTH="11" HEIGHT="29" WC="0.96" CONTENT="i"/><SP WIDTH="29" VPOS="1836" HPOS="639"/>
							<String ID="string_316" HPOS="668" VPOS="1836" WIDTH="48" HEIGHT="29" WC="0.90" CONTENT="Ae"/><SP WIDTH="16" VPOS="1836" HPOS="716"/>
							<String ID="string_317" HPOS="732" VPOS="1835" WIDTH="39" HEIGHT="29" WC="0.90" CONTENT="19"/><SP WIDTH="27" VPOS="1835" HPOS="771"/>
							<String ID="string_318" HPOS="798" VPOS="1834" WIDTH="57" HEIGHT="30" WC="0.92" CONTENT="vid"/><SP WIDTH="29" VPOS="1834" HPOS="855"/>
							<String ID="string_319" HPOS="884" VPOS="1833" WIDTH="344" HEIGHT="30" WC="0.91" CONTENT="materielsektionen"/><SP WIDTH="28" VPOS="1833" HPOS="1228"/>
							<String ID="string_320" HPOS="1256" VPOS="1831" WIDTH="195" HEIGHT="40" WC="0.92" CONTENT="uppflyttas"/><SP WIDTH="29" VPOS="1831" HPOS="1451"/>
							<String ID="string_321" HPOS="1480" VPOS="1830" WIDTH="51" HEIGHT="30" WC="0.96" CONTENT="till"/><SP WIDTH="28" VPOS="1830" HPOS="1531"/>
							<String ID="string_322" HPOS="1559" VPOS="1830" WIDTH="112" HEIGHT="39" WC="0.96" CONTENT="tjänst"/><SP WIDTH="28" VPOS="1830" HPOS="1671"/>
							<String ID="string_323" HPOS="1699" VPOS="1828" WIDTH="55" HEIGHT="30" WC="0.96" CONTENT="för"/>
						</TextLine>
						<TextLine ID="line_32" HPOS="266" VPOS="1881" WIDTH="1489" HEIGHT="48">
							<String ID="string_324" HPOS="266" VPOS="1890" WIDTH="248" HEIGHT="39" WC="0.90" CONTENT="byråingenjör"/><SP WIDTH="23" VPOS="1890" HPOS="514"/>
							<String ID="string_325" HPOS="537" VPOS="1890" WIDTH="11" HEIGHT="28" WC="0.96" CONTENT="i"/><SP WIDTH="23" VPOS="1890" HPOS="548"/>
							<String ID="string_326" HPOS="571" VPOS="1889" WIDTH="47" HEIGHT="29" WC="0.93" CONTENT="Ae"/><SP WIDTH="15" VPOS="1889" HPOS="618"/>
							<String ID="string_327" HPOS="633" VPOS="1889" WIDTH="52" HEIGHT="29" WC="0.93" CONTENT="21."/><SP WIDTH="35" VPOS="1889" HPOS="685"/>
							<String ID="string_328" HPOS="720" VPOS="1888" WIDTH="127" HEIGHT="30" WC="0.96" CONTENT="Vidare"/><SP WIDTH="22" VPOS="1888" HPOS="847"/>
							<String ID="string_329" HPOS="869" VPOS="1887" WIDTH="99" HEIGHT="29" WC="0.93" CONTENT="torde"/><SP WIDTH="24" VPOS="1887" HPOS="968"/>
							<String ID="string_330" HPOS="992" VPOS="1884" WIDTH="390" HEIGHT="41" WC="0.91" CONTENT="tjänstebenämningen"/><SP WIDTH="24" VPOS="1884" HPOS="1382"/>
							<String ID="string_331" HPOS="1406" VPOS="1883" WIDTH="19" HEIGHT="30" WC="0.89" CONTENT="å"/><SP WIDTH="22" VPOS="1883" HPOS="1425"/>
							<String ID="string_332" HPOS="1447" VPOS="1883" WIDTH="57" HEIGHT="30" WC="0.96" CONTENT="två"/><SP WIDTH="22" VPOS="1883" HPOS="1504"/>
							<String ID="string_333" HPOS="1526" VPOS="1883" WIDTH="150" HEIGHT="39" WC="0.96" CONTENT="tjänster"/><SP WIDTH="23" VPOS="1883" HPOS="1676"/>
							<String ID="string_334" HPOS="1699" VPOS="1881" WIDTH="56" HEIGHT="30" WC="0.96" CONTENT="för"/>
						</TextLine>
						<TextLine ID="line_33" HPOS="268" VPOS="1935" WIDTH="1486" HEIGHT="40">
							<String ID="string_335" HPOS="268" VPOS="1943" WIDTH="107" HEIGHT="30" WC="0.93" CONTENT="förste"/><SP WIDTH="23" VPOS="1943" HPOS="375"/>
							<String ID="string_336" HPOS="398" VPOS="1942" WIDTH="304" HEIGHT="29" WC="0.91" CONTENT="kontorsskrivare"/><SP WIDTH="23" VPOS="1942" HPOS="702"/>
							<String ID="string_337" HPOS="725" VPOS="1941" WIDTH="12" HEIGHT="28" WC="0.96" CONTENT="i"/><SP WIDTH="23" VPOS="1941" HPOS="737"/>
							<String ID="string_338" HPOS="760" VPOS="1940" WIDTH="50" HEIGHT="29" WC="0.64" CONTENT="Ao"/><SP WIDTH="16" VPOS="1940" HPOS="810"/>
							<String ID="string_339" HPOS="826" VPOS="1940" WIDTH="37" HEIGHT="29" WC="0.64" CONTENT="15"/><SP WIDTH="24" VPOS="1940" HPOS="863"/>
							<String ID="string_340" HPOS="887" VPOS="1940" WIDTH="85" HEIGHT="29" WC="0.96" CONTENT="böra"/><SP WIDTH="24" VPOS="1940" HPOS="972"/>
							<String ID="string_341" HPOS="996" VPOS="1939" WIDTH="126" HEIGHT="29" WC="0.96" CONTENT="ändras"/><SP WIDTH="24" VPOS="1939" HPOS="1122"/>
							<String ID="string_342" HPOS="1146" VPOS="1938" WIDTH="52" HEIGHT="29" WC="0.96" CONTENT="till"/><SP WIDTH="23" VPOS="1938" HPOS="1198"/>
							<String ID="string_343" HPOS="1221" VPOS="1937" WIDTH="176" HEIGHT="30" WC="0.96" CONTENT="assistent."/><SP WIDTH="34" VPOS="1937" HPOS="1397"/>
							<String ID="string_344" HPOS="1431" VPOS="1936" WIDTH="64" HEIGHT="39" WC="0.96" CONTENT="Jag"/><SP WIDTH="23" VPOS="1936" HPOS="1495"/>
							<String ID="string_345" HPOS="1518" VPOS="1935" WIDTH="236" HEIGHT="30" WC="0.96" CONTENT="återkommer"/>
						</TextLine>
						<TextLine ID="line_34" HPOS="266" VPOS="1987" WIDTH="1488" HEIGHT="47">
							<String ID="string_346" HPOS="266" VPOS="1996" WIDTH="11" HEIGHT="29" WC="0.96" CONTENT="i"/><SP WIDTH="26" VPOS="1996" HPOS="277"/>
							<String ID="string_347" HPOS="303" VPOS="1997" WIDTH="56" HEIGHT="28" WC="0.96" CONTENT="det"/><SP WIDTH="26" VPOS="1997" HPOS="359"/>
							<String ID="string_348" HPOS="385" VPOS="1995" WIDTH="156" HEIGHT="39" WC="0.96" CONTENT="följande"/><SP WIDTH="24" VPOS="1995" HPOS="541"/>
							<String ID="string_349" HPOS="565" VPOS="1995" WIDTH="58" HEIGHT="29" WC="0.96" CONTENT="vid"/><SP WIDTH="24" VPOS="1995" HPOS="623"/>
							<String ID="string_350" HPOS="647" VPOS="1993" WIDTH="259" HEIGHT="38" WC="0.96" CONTENT="behandlingen"/><SP WIDTH="26" VPOS="1993" HPOS="906"/>
							<String ID="string_351" HPOS="932" VPOS="2001" WIDTH="41" HEIGHT="20" WC="0.96" CONTENT="av"/><SP WIDTH="26" VPOS="2001" HPOS="973"/>
							<String ID="string_352" HPOS="999" VPOS="1991" WIDTH="220" HEIGHT="39" WC="0.96" CONTENT="flygvapnets"/><SP WIDTH="25" VPOS="1991" HPOS="1219"/>
							<String ID="string_353" HPOS="1244" VPOS="1990" WIDTH="180" HEIGHT="29" WC="0.92" CONTENT="allmänna"/><SP WIDTH="24" VPOS="1990" HPOS="1424"/>
							<String ID="string_354" HPOS="1448" VPOS="1987" WIDTH="306" HEIGHT="40" WC="0.91" CONTENT="avlöningsanslag"/>
						</TextLine>
						<TextLine ID="line_35" HPOS="267" VPOS="2040" WIDTH="1487" HEIGHT="46">
							<String ID="string_355" HPOS="267" VPOS="2049" WIDTH="78" HEIGHT="29" WC="0.95" CONTENT="med"/><SP WIDTH="23" VPOS="2049" HPOS="345"/>
							<String ID="string_356" HPOS="368" VPOS="2048" WIDTH="211" HEIGHT="29" WC="0.95" CONTENT="hemställan"/><SP WIDTH="24" VPOS="2048" HPOS="579"/>
							<String ID="string_357" HPOS="603" VPOS="2056" WIDTH="57" HEIGHT="20" WC="0.96" CONTENT="om"/><SP WIDTH="26" VPOS="2056" HPOS="660"/>
							<String ID="string_358" HPOS="686" VPOS="2046" WIDTH="241" HEIGHT="40" WC="0.96" CONTENT="uppflyttning"/><SP WIDTH="26" VPOS="2046" HPOS="927"/>
							<String ID="string_359" HPOS="953" VPOS="2054" WIDTH="41" HEIGHT="20" WC="0.96" CONTENT="av"/><SP WIDTH="24" VPOS="2054" HPOS="994"/>
							<String ID="string_360" HPOS="1018" VPOS="2054" WIDTH="43" HEIGHT="20" WC="0.95" CONTENT="en"/><SP WIDTH="22" VPOS="2054" HPOS="1061"/>
							<String ID="string_361" HPOS="1083" VPOS="2043" WIDTH="212" HEIGHT="39" WC="0.95" CONTENT="beställning"/><SP WIDTH="25" VPOS="2043" HPOS="1295"/>
							<String ID="string_362" HPOS="1320" VPOS="2042" WIDTH="54" HEIGHT="30" WC="0.96" CONTENT="för"/><SP WIDTH="25" VPOS="2042" HPOS="1374"/>
							<String ID="string_363" HPOS="1399" VPOS="2042" WIDTH="188" HEIGHT="30" WC="0.96" CONTENT="förvaltare"/><SP WIDTH="25" VPOS="2042" HPOS="1587"/>
							<String ID="string_364" HPOS="1612" VPOS="2041" WIDTH="11" HEIGHT="29" WC="0.96" CONTENT="i"/><SP WIDTH="26" VPOS="2041" HPOS="1623"/>
							<String ID="string_365" HPOS="1649" VPOS="2041" WIDTH="50" HEIGHT="29" WC="0.6" CONTENT="Ao"/><SP WIDTH="16" VPOS="2041" HPOS="1699"/>
							<String ID="string_366" HPOS="1715" VPOS="2040" WIDTH="39" HEIGHT="29" WC="0.6" CONTENT="15"/>
						</TextLine>
						<TextLine ID="line_36" HPOS="267" VPOS="2096" WIDTH="1073" HEIGHT="36">
							<String ID="string_367" HPOS="267" VPOS="2102" WIDTH="56" HEIGHT="30" WC="0.93" CONTENT="vid"/><SP WIDTH="24" VPOS="2102" HPOS="323"/>
							<String ID="string_368" HPOS="347" VPOS="2100" WIDTH="289" HEIGHT="31" WC="0.91" CONTENT="centralförrådet"/><SP WIDTH="23" VPOS="2100" HPOS="636"/>
							<String ID="string_369" HPOS="659" VPOS="2100" WIDTH="55" HEIGHT="30" WC="0.93" CONTENT="för"/><SP WIDTH="24" VPOS="2100" HPOS="714"/>
							<String ID="string_370" HPOS="738" VPOS="2097" WIDTH="387" HEIGHT="32" WC="0.91" CONTENT="intendenturmateriel"/><SP WIDTH="23" VPOS="2097" HPOS="1125"/>
							<String ID="string_371" HPOS="1148" VPOS="2097" WIDTH="53" HEIGHT="29" WC="0.95" CONTENT="till"/><SP WIDTH="24" VPOS="2097" HPOS="1201"/>
							<String ID="string_372" HPOS="1225" VPOS="2097" WIDTH="49" HEIGHT="29" WC="0.85" CONTENT="Ao"/><SP WIDTH="17" VPOS="2097" HPOS="1274"/>
							<String ID="string_373" HPOS="1291" VPOS="2096" WIDTH="49" HEIGHT="29" WC="0.85" CONTENT="17."/>
						</TextLine>
					</TextBlock>
					<TextBlock ID="block_6" HPOS="269" VPOS="2151" WIDTH="1487" HEIGHT="200">
						<TextLine ID="line_37" HPOS="323" VPOS="2151" WIDTH="1433" HEIGHT="43">
							<String ID="string_374" HPOS="323" VPOS="2155" WIDTH="364" HEIGHT="39" WC="0.91" CONTENT="Flygförvaltningens"/><SP WIDTH="25" VPOS="2155" HPOS="687"/>
							<String ID="string_375" HPOS="712" VPOS="2153" WIDTH="130" HEIGHT="39" WC="0.96" CONTENT="förslag"/><SP WIDTH="25" VPOS="2153" HPOS="842"/>
							<String ID="string_376" HPOS="867" VPOS="2161" WIDTH="57" HEIGHT="20" WC="0.95" CONTENT="om"/><SP WIDTH="26" VPOS="2161" HPOS="924"/>
							<String ID="string_377" HPOS="950" VPOS="2154" WIDTH="50" HEIGHT="27" WC="0.95" CONTENT="att"/><SP WIDTH="25" VPOS="2154" HPOS="1000"/>
							<String ID="string_378" HPOS="1025" VPOS="2152" WIDTH="153" HEIGHT="29" WC="0.93" CONTENT="ombilda"/><SP WIDTH="25" VPOS="2152" HPOS="1178"/>
							<String ID="string_379" HPOS="1203" VPOS="2151" WIDTH="315" HEIGHT="39" WC="0.90" CONTENT="materialdetaljen"/><SP WIDTH="25" VPOS="2151" HPOS="1518"/>
							<String ID="string_380" HPOS="1543" VPOS="2151" WIDTH="96" HEIGHT="29" WC="0.92" CONTENT="inom"/><SP WIDTH="26" VPOS="2151" HPOS="1639"/>
							<String ID="string_381" HPOS="1665" VPOS="2158" WIDTH="91" HEIGHT="21" WC="0.90" CONTENT="nor-"/>
						</TextLine>
						<TextLine ID="line_38" HPOS="269" VPOS="2204" WIDTH="1486" HEIGHT="42">
							<String ID="string_382" HPOS="269" VPOS="2207" WIDTH="268" HEIGHT="39" WC="0.92" CONTENT="maliebyrån"/><SP WIDTH="31" VPOS="2207" HPOS="537"/>
							<String ID="string_383" HPOS="568" VPOS="2207" WIDTH="51" HEIGHT="29" WC="0.96" CONTENT="till"/><SP WIDTH="33" VPOS="2207" HPOS="619"/>
							<String ID="string_384" HPOS="652" VPOS="2206" WIDTH="137" HEIGHT="30" WC="0.96" CONTENT="sektion"/><SP WIDTH="31" VPOS="2206" HPOS="789"/>
							<String ID="string_385" HPOS="820" VPOS="2215" WIDTH="102" HEIGHT="20" WC="0.96" CONTENT="anser"/><SP WIDTH="30" VPOS="2215" HPOS="922"/>
							<String ID="string_386" HPOS="952" VPOS="2205" WIDTH="59" HEIGHT="39" WC="0.96" CONTENT="jag"/><SP WIDTH="31" VPOS="2205" HPOS="1011"/>
							<String ID="string_387" HPOS="1042" VPOS="2204" WIDTH="69" HEIGHT="40" WC="0.96" CONTENT="mig"/><SP WIDTH="31" VPOS="2204" HPOS="1111"/>
							<String ID="string_388" HPOS="1142" VPOS="2204" WIDTH="76" HEIGHT="30" WC="0.96" CONTENT="icke"/><SP WIDTH="31" VPOS="2204" HPOS="1218"/>
							<String ID="string_389" HPOS="1249" VPOS="2204" WIDTH="84" HEIGHT="30" WC="0.96" CONTENT="böra"/><SP WIDTH="30" VPOS="2204" HPOS="1333"/>
							<String ID="string_390" HPOS="1363" VPOS="2204" WIDTH="146" HEIGHT="29" WC="0.96" CONTENT="biträda."/><SP WIDTH="42" VPOS="2204" HPOS="1509"/>
							<String ID="string_391" HPOS="1551" VPOS="2204" WIDTH="204" HEIGHT="29" WC="0.96" CONTENT="Försvarets"/>
						</TextLine>
						<TextLine ID="line_39" HPOS="269" VPOS="2255" WIDTH="1487" HEIGHT="42">
							<String ID="string_392" HPOS="269" VPOS="2260" WIDTH="413" HEIGHT="30" WC="0.91" CONTENT="klassifikationscentral"/><SP WIDTH="25" VPOS="2260" HPOS="682"/>
							<String ID="string_393" HPOS="707" VPOS="2259" WIDTH="97" HEIGHT="30" WC="0.96" CONTENT="torde"/><SP WIDTH="23" VPOS="2259" HPOS="804"/>
							<String ID="string_394" HPOS="827" VPOS="2259" WIDTH="12" HEIGHT="29" WC="0.96" CONTENT="i"/><SP WIDTH="22" VPOS="2259" HPOS="839"/>
							<String ID="string_395" HPOS="861" VPOS="2258" WIDTH="153" HEIGHT="39" WC="0.96" CONTENT="enlighet"/><SP WIDTH="23" VPOS="2258" HPOS="1014"/>
							<String ID="string_396" HPOS="1037" VPOS="2258" WIDTH="79" HEIGHT="29" WC="0.93" CONTENT="med"/><SP WIDTH="24" VPOS="2258" HPOS="1116"/>
							<String ID="string_397" HPOS="1140" VPOS="2256" WIDTH="352" HEIGHT="40" WC="0.92" CONTENT="flygförvaltningens"/><SP WIDTH="25" VPOS="2256" HPOS="1492"/>
							<String ID="string_398" HPOS="1517" VPOS="2255" WIDTH="131" HEIGHT="40" WC="0.96" CONTENT="förslag"/><SP WIDTH="23" VPOS="2255" HPOS="1648"/>
							<String ID="string_399" HPOS="1671" VPOS="2256" WIDTH="85" HEIGHT="29" WC="0.96" CONTENT="böra"/>
						</TextLine>
						<TextLine ID="line_40" HPOS="269" VPOS="2309" WIDTH="1023" HEIGHT="42">
							<String ID="string_400" HPOS="269" VPOS="2314" WIDTH="194" HEIGHT="29" WC="0.96" CONTENT="förstärkas"/><SP WIDTH="24" VPOS="2314" HPOS="463"/>
							<String ID="string_401" HPOS="487" VPOS="2314" WIDTH="78" HEIGHT="28" WC="0.96" CONTENT="med"/><SP WIDTH="25" VPOS="2314" HPOS="565"/>
							<String ID="string_402" HPOS="590" VPOS="2322" WIDTH="42" HEIGHT="20" WC="0.96" CONTENT="en"/><SP WIDTH="25" VPOS="2322" HPOS="632"/>
							<String ID="string_403" HPOS="657" VPOS="2313" WIDTH="112" HEIGHT="38" WC="0.96" CONTENT="tjänst"/><SP WIDTH="24" VPOS="2313" HPOS="769"/>
							<String ID="string_404" HPOS="793" VPOS="2312" WIDTH="54" HEIGHT="29" WC="0.92" CONTENT="för"/><SP WIDTH="23" VPOS="2312" HPOS="847"/>
							<String ID="string_405" HPOS="870" VPOS="2310" WIDTH="249" HEIGHT="40" WC="0.91" CONTENT="byråingenjör"/><SP WIDTH="24" VPOS="2310" HPOS="1119"/>
							<String ID="string_406" HPOS="1143" VPOS="2310" WIDTH="11" HEIGHT="29" WC="0.96" CONTENT="i"/><SP WIDTH="25" VPOS="2310" HPOS="1154"/>
							<String ID="string_407" HPOS="1179" VPOS="2310" WIDTH="48" HEIGHT="29" WC="0.73" CONTENT="Ae"/><SP WIDTH="16" VPOS="2310" HPOS="1227"/>
							<String ID="string_408" HPOS="1243" VPOS="2309" WIDTH="49" HEIGHT="30" WC="0.73" CONTENT="19."/>
						</TextLine>
					</TextBlock>
					<TextBlock ID="block_7" HPOS="269" VPOS="2360" WIDTH="1488" HEIGHT="141">
						<TextLine ID="line_41" HPOS="325" VPOS="2360" WIDTH="1431" HEIGHT="45">
							<String ID="string_409" HPOS="325" VPOS="2367" WIDTH="12" HEIGHT="28" WC="0.96" CONTENT="I"/><SP WIDTH="42" VPOS="2367" HPOS="337"/>
							<String ID="string_410" HPOS="379" VPOS="2366" WIDTH="151" HEIGHT="39" WC="0.96" CONTENT="enlighet"/><SP WIDTH="41" VPOS="2366" HPOS="530"/>
							<String ID="string_411" HPOS="571" VPOS="2366" WIDTH="78" HEIGHT="29" WC="0.93" CONTENT="med"/><SP WIDTH="43" VPOS="2366" HPOS="649"/>
							<String ID="string_412" HPOS="692" VPOS="2364" WIDTH="352" HEIGHT="40" WC="0.89" CONTENT="flygförvaltningens"/><SP WIDTH="42" VPOS="2364" HPOS="1044"/>
							<String ID="string_413" HPOS="1086" VPOS="2363" WIDTH="131" HEIGHT="39" WC="0.96" CONTENT="förslag"/><SP WIDTH="42" VPOS="2363" HPOS="1217"/>
							<String ID="string_414" HPOS="1259" VPOS="2363" WIDTH="97" HEIGHT="29" WC="0.96" CONTENT="torde"/><SP WIDTH="41" VPOS="2363" HPOS="1356"/>
							<String ID="string_415" HPOS="1397" VPOS="2360" WIDTH="359" HEIGHT="31" WC="0.96" CONTENT="administrativa"/>
						</TextLine>
						<TextLine ID="line_42" HPOS="269" VPOS="2414" WIDTH="1488" HEIGHT="44">
							<String ID="string_416" HPOS="269" VPOS="2419" WIDTH="158" HEIGHT="39" WC="0.91" CONTENT="byråns"/><SP WIDTH="27" VPOS="2419" HPOS="427"/>
							<String ID="string_417" HPOS="454" VPOS="2418" WIDTH="387" HEIGHT="40" WC="0.91" CONTENT="organisationskontor"/><SP WIDTH="24" VPOS="2418" HPOS="841"/>
							<String ID="string_418" HPOS="865" VPOS="2417" WIDTH="84" HEIGHT="29" WC="0.96" CONTENT="böra"/><SP WIDTH="27" VPOS="2417" HPOS="949"/>
							<String ID="string_419" HPOS="976" VPOS="2416" WIDTH="195" HEIGHT="30" WC="0.96" CONTENT="förstärkas"/><SP WIDTH="27" VPOS="2416" HPOS="1171"/>
							<String ID="string_420" HPOS="1198" VPOS="2416" WIDTH="79" HEIGHT="29" WC="0.96" CONTENT="med"/><SP WIDTH="27" VPOS="2416" HPOS="1277"/>
							<String ID="string_421" HPOS="1304" VPOS="2425" WIDTH="42" HEIGHT="20" WC="0.96" CONTENT="en"/><SP WIDTH="27" VPOS="2425" HPOS="1346"/>
							<String ID="string_422" HPOS="1373" VPOS="2415" WIDTH="110" HEIGHT="39" WC="0.96" CONTENT="tjänst"/><SP WIDTH="27" VPOS="2415" HPOS="1483"/>
							<String ID="string_423" HPOS="1510" VPOS="2415" WIDTH="54" HEIGHT="29" WC="0.96" CONTENT="för"/><SP WIDTH="27" VPOS="2415" HPOS="1564"/>
							<String ID="string_424" HPOS="1591" VPOS="2414" WIDTH="166" HEIGHT="30" WC="0.95" CONTENT="assistent"/>
						</TextLine>
						<TextLine ID="line_43" HPOS="270" VPOS="2471" WIDTH="148" HEIGHT="30">
							<String ID="string_425" HPOS="270" VPOS="2471" WIDTH="11" HEIGHT="30" WC="0.96" CONTENT="i"/><SP WIDTH="24" VPOS="2471" HPOS="281"/>
							<String ID="string_426" HPOS="305" VPOS="2472" WIDTH="48" HEIGHT="29" WC="0.86" CONTENT="Ae"/><SP WIDTH="16" VPOS="2472" HPOS="353"/>
							<String ID="string_427" HPOS="369" VPOS="2471" WIDTH="49" HEIGHT="30" WC="0.86" CONTENT="17."/>
						</TextLine>
					</TextBlock>
				</ComposedBlock>
			</PrintSpace>
		</Page>
	</Layout>
</alto>
