2134 2660
370 198 17 27 2
757 192 219 41 Bevillnings-
986 191 174 34 Utskottets
1183 190 175 33 Memorial
1381 190 62 32 N:o
1464 192 48 29 10.

328 284 146 44 stämpel
513 283 55 35 till
608 282 237 45 expeditioner
871 281 177 41 hänföras,
1078 279 212 35 omedelbart
1319 278 89 35 efter
1436 278 105 35 orden
1574 279 155 33 »statens
1755 275 178 37 undervis-

327 336 294 44 ningsanstalter»
654 334 133 35 införas
815 333 105 35 orden
953 332 233 35 »riksbanken
1216 331 63 35 och
1308 330 376 45 riksgäldskontoret»>,
1712 331 117 33 röstar

1096 435 65 45 Ja;

461 559 90 45 Den,
581 560 58 34 det
667 559 30 45 ej
727 559 72 44 vill,
828 562 116 31 röstar

1081 676 87 45 Nej;

461 802 138 35 Vinner
639 800 81 45 Nej,
763 800 65 34 har
855 799 200 45 Riksdagen
1085 797 8 33 i
1123 795 359 36 öfverensstämmelse
1509 794 76 34 med
1613 792 128 35 Första
1768 790 165 36 Kamma-

326 866 80 23 rens
437 854 140 43 mening
609 853 156 44 godkänt
792 849 273 46 ifrågavarande
1093 848 22 43 $
1143 848 75 34 med
1247 846 221 35 uteslutande
1497 846 39 33 af
1560 845 105 34 orden
1698 843 236 34 »riksbanken

326 907 62 34 och
417 905 374 44 riksgäldskontoret».

1103 1040 64 32 2:0.

461 1130 124 36 Under
626 1131 56 33 2:a
722 1128 157 44 punkten
915 1125 89 35 hade
1044 1123 187 36 Utskottet
1269 1121 123 36 vidare
1431 1120 176 44 hemstält,
1649 1120 54 33 att
1735 1117 9 35 i
1774 1117 159 45 stämpel-

327 1183 142 35 tariffen
507 1182 112 33 under
658 1179 22 45 8
723 1181 19 32 3
780 1176 109 36 måtte
929 1178 174 42 upptagas
1136 1184 41 24 en
1209 1173 123 34 rubrik
1365 1172 39 35 af
1433 1171 155 44 följande
1615 1170 145 44 lydelse:
1796 1184 12 15 »
1817 1169 115 42 Bevis,

327 1232 310 44 vederhäftighets-,
667 1241 71 24 som
765 1230 146 34 tecknas
942 1225 21 37 å
990 1225 156 36 företedd
1176 1224 208 34 förbindelse
1413 1243 47 3 —
1481 1222 119 42 fritt».

462 1283 129 36 Denna
631 1282 209 34 hemställan
879 1280 66 34 har
984 1277 127 35 Första
1150 1274 216 36 Kammaren
1406 1273 139 43 bifallit,
1587 1274 183 34 hvaremot
1809 1270 125 35 Andra

327 1336 216 36 Kammaren
570 1335 54 34 för
652 1334 52 34 sin
732 1333 55 34 del
813 1331 154 42 beslutit,
997 1331 54 33 att
1078 1324 274 47 ifrågavarande
1379 1325 124 35 rubrik
1522 1325 90 35 skall
1632 1321 132 39 erhålla
1781 1322 154 45 följande

327 1389 146 43 lydelse:
509 1401 12 15 »
530 1386 116 42 Bevis,
674 1382 298 45 vederhäftighets-
1002 1402 45 2 —
1069 1380 118 42 frit».

462 1438 71 34 För
564 1434 145 47 frågans
737 1434 192 45 afgörande
955 1442 124 34 genom
1105 1440 198 35 gemensam
1331 1429 216 43 omröstning
1573 1424 148 38 föreslår
1747 1425 188 36 Utskottet

328 1490 153 44 följande
509 1486 408 45 voteringsproposition:

467 1540 112 43 >»Den,
621 1549 69 24 som
731 1537 139 35 bifaller
909 1533 441 45 Bevillnings-Utskottets
1391 1532 39 34 af
1459 1531 127 34 Första
1615 1528 215 35 Kammaren
1857 1527 79 44 god-

329 1593 116 35 kända
485 1591 220 42 hemställan,
745 1591 53 32 att
837 1587 166 35 rubriken
1049 1585 139 41 »Bevis,
1224 1583 335 44 vederhäftighets->
1596 1580 110 35 under
1733 1578 22 46 $
1784 1581 20 32 3
1832 1578 9 34 i
1871 1578 65 33 för-

329 1644 192 43 ordningen
563 1639 180 46 angående
783 1637 298 45 stämpelafgiften
1122 1636 90 35 skall
1253 1632 133 37 erhålla
1426 1633 154 44 följande
1616 1631 146 44 lydelse:
1797 1644 12 15 »
1818 1629 116 43 Bevis,

328 1693 310 45 vederhäftighets-,
668 1702 70 24 som
766 1691 146 34 tecknas
941 1686 20 37 å
988 1688 158 34 företedd
1173 1686 209 35 förbindelse
1411 1705 45 3 —
1478 1684 119 43 fritt»,
1626 1685 115 32 röstar

1096 1789 64 45 Ja;

480 1914 91 43 Den,
600 1914 59 34 det
686 1913 30 44 ej
746 1913 73 43 vill,
848 1914 115 31 röstar

1090 2011 88 45 Nej;

463 2136 137 35 Vinner
626 2134 82 45 Nej,
737 2135 65 33 har
829 2133 201 43 Riksdagen
1058 2133 8 33 i
1089 2130 357 37 öfverensstämmelse
1465 2129 76 34 med
1562 2127 123 35 Andra
1704 2127 232 35 Kammarens

330 2189 140 44 mening
496 2187 154 43 beslutit,
680 2188 54 33 att
760 2183 273 46 ifrågavarande
1061 2184 122 34 rubrik
1205 2182 87 34 skall
1310 2179 130 37 erhålla
1458 2180 154 45 följande
1626 2180 145 43 lydelse:
1800 2193 11 15 »
1821 2178 114 41 Bevis,

330 2239 297 45 vederhäftighets-
656 2258 39 2 —
721 2237 121 41 fritt».
