2199 2724
412 191 19 28 4
798 192 247 33 Konstitutions-
1055 194 168 32 Utskottets
1251 196 169 32 Utlåtande
1446 197 61 32 N:o
1530 199 30 30 3.

504 271 97 32 Tider
626 273 110 32 kunna
760 273 141 42 komma,
927 275 42 33 då
994 276 56 32 det
1074 287 77 21 vore
1175 277 109 33 bättre
1309 278 98 33 hafva
1430 279 255 41 ifrågavarande
1711 282 64 32 lika
1800 288 36 27 så
1859 285 120 33 talrika

371 334 68 21 som
478 323 257 42 aktningsvärda
769 326 314 41 medborgareklass
1112 329 75 31 med
1216 330 49 41 sig
1293 333 41 29 än
1363 335 69 28 mot
1460 331 56 41 sig.
1570 332 14 31 I
1611 332 101 42 lugna
1740 335 62 31 och
1830 338 151 33 normala

369 375 232 33 förhållanden
639 376 64 33 kan
734 377 60 42 jag
828 382 42 28 än
898 379 128 33 mindre
1056 379 88 33 finna
1168 383 109 39 någon
1302 382 85 33 våda
1411 383 46 32 uti
1481 386 49 30 att
1552 385 158 41 inrymma
1735 385 62 33 den
1824 398 122 23 samma
1970 390 10 32 i

370 427 62 32 den
455 427 156 42 politiska
634 429 341 42 medborgarerätten.

502 480 77 32 Icke
616 480 105 33 heller
754 484 128 30 mäktar
905 483 59 42 jag
991 484 72 32 inse
1087 484 84 32 huru
1195 484 74 40 den,
1295 496 69 22 som
1393 486 61 32 har
1477 488 61 31 800
1562 487 140 33 kronors
1730 489 144 34 inkomst
1898 493 81 32 eller

369 532 162 38 deröfver,
558 532 104 32 skulle
687 533 98 32 hafva
809 537 107 30 större
940 535 136 41 politisk
1099 535 266 43 sjelfständighet
1390 538 61 32 och
1477 538 170 42 duglighet
1670 543 40 29 än
1737 541 74 39 den,
1830 553 70 21 som
1917 544 63 32 har

370 583 176 39 derunder,
580 587 33 39 ty
649 584 235 34 erfarenheten
908 586 60 33 har
996 587 93 39 visat,
1117 591 49 29 att
1192 588 48 32 till
1270 589 63 32 och
1361 590 75 32 med
1461 590 75 40 den,
1561 602 70 21 som
1655 593 72 39 gått
1751 593 62 32 och
1837 595 68 39 gält
1927 595 51 33 för

368 635 174 39 millionär,
577 636 126 33 kunnat
738 637 133 33 komma
906 639 9 31 i
954 650 39 21 en
1027 638 101 42 högst
1154 639 169 34 beroende
1353 642 167 41 ställning,
1552 642 42 33 då
1622 643 150 34 deremot
1800 645 177 35 arbetaren

368 687 73 31 med
465 690 60 29 400
549 687 140 34 kronors
713 689 143 33 inkomst
879 689 159 34 förblifvit
1061 691 189 33 oberoende
1274 693 61 32 och
1359 693 126 33 kunnat
1504 697 81 38 göra
1599 695 82 33 hvar
1697 707 74 22 man
1789 701 74 29 rätt.
1901 699 75 32 Men

369 739 131 31 derföre
536 742 71 28 tror
630 740 59 40 jag
716 741 84 38 icke,
829 744 110 29 såsom
961 742 173 32 Utskottet
1157 744 125 40 antydt,
1308 748 48 28 att
1381 745 54 30 det
1459 745 105 32 skulle
1592 757 77 20 vara
1692 749 108 38 någon
1827 749 63 31 lätt
1917 750 59 31 sak

367 789 50 30 för
452 799 39 21 en
529 789 152 32 arbetare
719 791 75 31 med
829 792 65 40 god
923 792 78 42 vilja
1025 795 49 29 att
1096 792 128 33 komma
1249 805 64 31 upp
1336 795 49 32 till
1409 798 62 30 800
1494 795 139 33 kronors
1662 797 80 42 årlig
1765 798 154 41 inkomst,
1943 803 33 40 ty

367 840 94 32 hvem
491 840 103 33 skulle
622 841 73 33 icke
725 843 77 41 vilja
824 843 99 33 hafva
945 846 62 31 800
1033 844 123 33 kronor
1181 846 62 32 och
1267 846 82 33 flera
1376 849 126 39 gånger
1526 848 63 32 den
1618 859 146 23 summan
1790 851 8 31 i
1823 853 81 40 årlig
1927 853 49 31 in-

367 892 118 38 komst,
510 903 52 20 om
587 892 57 33 det
672 894 119 32 endast
815 893 145 34 berodde
984 897 42 40 på
1051 896 62 31 den
1138 897 88 40 goda
1253 898 122 41 viljan?

499 944 46 32 På
574 944 98 33 dessa
700 946 9 31 i
737 945 134 33 korthet
895 947 139 33 anförda
1058 947 82 40 skäl,
1165 948 62 33 har
1249 949 59 42 jag
1330 950 88 32 inom
1442 950 167 33 Utskottet
1632 952 201 35 understödt
1856 956 118 32 motio-

365 1006 104 21 nerna
491 996 10 31 1
523 995 123 41 fråga."

498 1100 34 31 at
558 1099 85 32 Herr
667 1099 38 32 F.
735 1101 36 31 T.
797 1101 107 41 Borg:
944 1103 86 32 "Mot
1056 1103 450 35 Konstitutions-Utskottets
1531 1106 96 33 ofvan
1651 1107 126 41 aftgifna
1799 1109 172 33 utlåtande

365 1155 94 36 tager
478 1152 58 40 jag
559 1152 66 39 mig
648 1150 144 34 friheten
821 1153 118 33 anföra
962 1154 252 33 nedanstående
1239 1157 219 32 reservation:

495 1202 57 33 Att
583 1202 205 34 fortfarande
818 1204 71 33 från
918 1206 135 40 politisk
1080 1210 139 29 rösträtt
1246 1207 143 32 utesluta
1416 1208 144 32 berörde
1590 1213 92 29 stora
1709 1222 104 30 grnpp
1842 1212 35 31 af
1901 1216 69 37 nyt-

364 1254 66 39 tige
461 1255 62 30 och
551 1254 141 32 redbare
721 1255 229 42 medborgare,
978 1257 111 32 hvilka
1116 1259 10 29 i
1153 1258 209 33 förhållande
1391 1260 49 31 till
1469 1260 72 31 sina
1568 1261 181 32 inkomster
1773 1262 110 32 skatta
1907 1263 64 31 lika

363 1304 117 41 mycket
502 1306 47 31 till
572 1306 196 40 kommunen,
798 1318 70 21 som
893 1307 104 42 öfrige
1023 1308 272 42 skattdragande,
1319 1321 75 21 men
1418 1322 120 29 genom
1562 1311 410 42 förbrukningsskatterna

361 1356 77 32 vida
460 1367 65 21 mer
554 1357 49 31 till
629 1360 110 37 staten,
769 1369 96 31 synes
895 1359 105 32 sakna
1027 1360 59 32 allt
1110 1361 72 31 stöd
1207 1361 35 31 af
1262 1362 137 32 rättvisa
1425 1362 61 32 och
1512 1362 153 41 billighet
1693 1368 85 28 samt
1807 1365 27 41 ej
1860 1365 110 33 kunna
1992 1359 7 7 ”

361 1408 101 31 lända
485 1408 49 31 till
557 1408 240 33 fosterlandets
822 1421 105 21 sanna
949 1422 95 30 gagn,
1070 1415 81 28 enär
1176 1412 183 33 detsamma
1381 1414 55 31 väl
1458 1413 159 33 behöfver
1641 1415 72 32 sina
1731 1415 237 42 medborgares

363 1459 64 31 alla
450 1458 136 40 krafter,
609 1459 53 32 för
690 1460 39 32 de
758 1461 124 40 vigtiga
905 1462 165 39 ändamål,
1095 1473 70 21 som
1188 1463 161 42 föreligga
1372 1464 114 41 hvarje
1511 1465 68 32 folk
1604 1465 60 33 och
1690 1466 113 42 hvarje
1828 1468 143 31 medlem

361 1510 35 32 alt
429 1513 48 29 ett
512 1510 77 40 folk,
626 1512 129 32 hvadan
785 1512 301 34 underlåtenheten
1116 1517 49 29 att
1192 1515 152 33 använda
1372 1516 99 32 dessa
1498 1516 124 33 krafter
1649 1519 105 31 måste
1779 1518 101 33 verka
1902 1519 66 32 för-

361 1562 178 40 svagande,
575 1563 28 40 ej
634 1564 99 31 minst
760 1574 119 30 genom
909 1565 39 32 de
977 1565 136 32 känslor
1141 1565 34 32 af
1202 1565 169 34 öfvermod
1401 1567 62 32 och
1491 1567 217 42 missaktning
1734 1570 20 31 å
1781 1580 63 22 ena
1872 1570 95 32 sidan

360 1617 85 28 samt
473 1613 101 31 afund
603 1614 62 31 och
689 1614 161 32 bitterhet
873 1617 19 30 å
915 1616 115 39 andra,
1058 1628 70 20 som
1154 1617 192 40 derigenom
1369 1618 169 41 lätteligen
1561 1619 201 33 framkallas.
1810 1621 157 41 Lagstift-

359 1665 121 40 ningen
517 1664 61 32 har
613 1665 62 31 ock
703 1666 10 31 i
743 1667 106 37 någon
878 1668 74 31 mån
977 1667 169 41 medgifvit
1169 1668 251 40 ifrågavarande
1444 1670 231 41 folkgruppers
1699 1671 268 42 medborgerliga

359 1716 98 31 värde
484 1715 62 32 och
569 1715 186 42 betydelse,
780 1717 41 32 då
845 1717 63 32 den
933 1719 170 32 tillerkänt
1127 1719 74 32 dem
1227 1720 108 32 direkt
1353 1724 139 29 rösträtt
1516 1722 1 31 i
1534 1721 216 33 kommunens
1767 1724 198 40 angelägen-

358 1767 94 31 heter
489 1767 61 31 och
585 1767 146 32 indirekt
758 1769 10 30 1
797 1771 135 37 statens,
956 1770 53 31 vid
1033 1770 50 32 val
1112 1770 49 32 till
1185 1771 120 32 Första
1331 1772 210 34 Kammaren.
1597 1773 64 32 Det
1684 1777 38 29 är
1749 1774 117 33 endast
1892 1776 72 31 från

357 1818 94 32 valen
477 1818 50 31 till
554 1817 117 33 Ändra
694 1819 198 33 Kammaren
921 1821 39 32 de
986 1822 140 31 sålunda
1149 1825 57 29 äro
1230 1823 177 32 uteslutne.

489 1869 76 32 Men
589 1870 51 31 vid
665 1870 178 41 riksdagen
867 1872 96 32 hafva
986 1873 104 32 redan
1114 1873 51 32 för
1188 1874 117 40 sjunde
1328 1876 130 39 gången
1483 1875 84 32 efter
1591 1876 61 31 den
1676 1887 62 31 nya
1754 1880 209 37 representa-

356 1921 130 31 tionens
509 1920 177 34 införande
711 1925 109 29 röster
843 1922 70 42 höjt
939 1924 48 40 sig
1011 1924 50 32 för
1083 1925 195 41 utvidgning
1302 1926 34 32 af
1358 1926 64 32 den
1446 1927 157 41 politiska
1626 1930 180 30 rösträtten
1829 1929 10 30 i
1857 1928 104 32 öfver-

357 1972 250 33 ensstämmelse
632 1973 76 32 med
732 1973 106 32 tidens
862 1974 82 40 kraf,
971 1975 64 32 den
1060 1976 104 32 ökade
1188 1978 238 40 upplysningen
1452 1978 63 32 och
1540 1978 56 32 det
1620 1979 149 32 vaknade
1795 1979 166 41 sjelfmed-

355 2023 156 32 vetandet
546 2023 101 33 bland
672 2024 99 33 dessa
799 2025 139 32 klasser.
992 2027 48 32 De
1070 2027 81 40 skäl,
1180 2038 69 22 som
1274 2028 131 33 anföras
1431 2029 161 39 deremot,
1616 2033 57 29 äro
1702 2030 73 32 icke
1799 2030 162 33 hållbara.

353 2074 141 32 Arbetet
517 2074 60 32 har
600 2075 91 40 gifvit
715 2076 97 32 dessa
835 2076 200 34 folkklasser
1059 2079 88 32 kraft
1171 2079 62 32 och
1258 2079 182 42 duglighet,
1466 2080 187 33 folkskolan
1679 2082 62 31 och
1765 2082 196 32 literaturen

353 2125 98 33 hafva
478 2126 118 32 beredt
621 2126 74 32 dem
724 2127 120 32 allmän
869 2128 160 42 bildning,
1053 2130 189 40 föreningar
1265 2131 59 31 och
1352 2131 170 41 offentliga
1549 2135 109 29 möten
1688 2133 97 32 väckt
1813 2133 62 32 och
1904 2144 56 21 un-

354 2177 153 32 derhållit
533 2177 98 32 deras
655 2178 64 41 håg
742 2178 63 32 och
827 2179 142 34 intresse
993 2180 51 33 för
1071 2181 235 33 fosterlandets
1331 2183 168 32 allmänna
1522 2184 292 40 angelägenheter.

486 2228 170 33 Utskottet
690 2230 94 31 anför
821 2241 69 21 som
929 2231 70 33 skäl
1024 2236 69 28 mot
1120 2233 177 40 reformen,
1324 2237 49 29 att
1400 2236 58 30 vår
1480 2234 310 42 Riksdagsordning
1814 2238 87 29 ännu
1924 2239 37 28 är

352 2279 51 31 för
426 2291 40 30 ny
493 2280 60 31 och
581 2280 160 41 opröfvad
765 2281 50 31 för
837 2285 49 28 att
910 2283 69 31 skäl
1006 2284 103 32 skulle
1138 2284 180 32 förefinnas
1343 2286 71 31 deri
1442 2289 80 37 göra
1546 2286 247 41 förändringar;
1820 2298 76 21 men
1920 2297 38 21 en
