1874 2784
419 157 389 33 Jordbruksutskottets
829 155 178 30 utlåtande
1028 164 41 20 nr
1091 154 39 29 16
1149 153 40 29 år
1210 152 82 30 1957
1568 150 35 29 11

102 247 79 29 från
203 245 240 39 nyssnämnda
465 243 157 32 stiftelse,
646 251 75 20 som
743 240 245 39 möjliggjorde
1010 238 249 39 upprättandet
1282 237 82 28 åren
1390 233 213 31 1931—1932

101 298 42 20 av
164 298 43 20 en
229 286 297 38 undersöknings-
547 285 63 29 och
633 283 273 31 försöksanstalt
929 282 54 29 för
1007 280 201 39 insjöfisket
1230 279 11 29 i
1264 276 295 39 Drottningholm.

146 331 117 38 Enligt
289 330 169 39 styrelsen
483 329 69 28 kan
576 328 56 29 det
658 327 147 29 sålunda
831 325 78 29 med
934 324 57 38 fog
1016 324 110 37 sägas,
1152 323 51 28 att
1228 320 126 29 svensk
1380 318 137 30 fiskeri-
1541 317 64 29 och

102 372 274 38 havsforskning
400 372 193 38 igångsatts
617 369 65 30 och
707 368 206 39 upprustats
939 374 123 31 genom
1089 364 137 29 enskild
1252 362 179 38 offervilja
1457 361 63 29 och
1546 360 60 29 all-

103 416 187 32 mänanda,
316 415 63 28 och
405 415 50 28 att
481 412 208 30 statsverket
714 411 76 28 icke
816 410 77 29 haft
918 411 50 27 att
993 408 197 29 vidkännas
1216 405 217 30 nämnvärda
1460 403 146 39 kapital-

104 458 190 29 kostnader
319 455 284 38 (investeringar)
629 455 64 28 när
712 453 58 29 det
789 452 83 39 gällt
891 453 50 28 att
962 451 109 39 skapa
1090 450 66 29 den
1177 447 234 30 institutions-
1431 446 64 30 och
1516 445 91 29 labo-

104 499 283 39 raloriemässiga
415 497 216 40 grundvalen
661 496 54 29 för
743 494 279 30 verksamheten.
1080 491 212 30 Statsverket
1322 490 64 28 har
1415 487 192 31 emellertid

104 543 190 39 självfallet
318 543 43 38 på
384 541 95 29 olika
502 542 67 27 sätt
593 541 116 27 svarat
733 538 54 29 för
810 538 41 29 de
876 536 147 40 löpande
1046 535 101 29 drift-
1171 534 64 28 och
1261 531 346 30 underhållskostna-

104 586 118 32 derna,
243 585 118 29 såsom
382 582 204 39 avlöningar
607 581 65 29 och
693 579 250 31 omkostnader
965 587 44 20 m.
1032 587 44 19 m.

149 627 99 29 Efter
267 625 279 40 upprustningen
565 624 9 28 i
593 623 126 38 början
739 632 42 19 av
802 621 184 30 1930-talet
1005 620 63 28 har
1087 619 60 29 vår
1167 617 137 30 fiskeri-
1323 617 64 29 och
1407 614 202 30 havsforsk-

105 670 82 38 ning
212 669 11 29 i
249 669 61 29 allt
333 667 186 39 väsentligt
544 667 150 29 lämnats
720 663 167 36 orubbad,
914 662 103 30 såvitt
1043 661 106 38 gäller
1175 660 149 29 insatser
1349 660 81 27 över
1456 658 65 29 den
1547 657 60 28 all-

106 714 130 28 männa
262 711 272 38 statsbudgeten,
560 709 64 28 och
650 717 56 19 om
733 716 81 19 man
839 706 135 29 bortser
1001 705 78 29 från
1105 704 68 28 den
1200 702 160 39 speciella
1385 699 223 30 verksamhet

106 756 78 28 med
214 763 95 20 mera
338 754 146 28 allmänt
512 750 205 40 hygieniska
746 749 64 29 och
841 747 216 30 medicinska
1086 747 44 28 än
1160 743 294 39 fiskefrämjande
1484 742 124 39 syften,

107 807 74 20 som
208 796 252 30 vattenvården
487 795 44 38 på
557 802 121 20 senare
706 792 49 29 tid
783 790 148 30 kommit
959 791 50 28 att
1036 788 178 29 innebära.
1241 786 231 29 Tillkomsten
1501 794 40 20 av
1567 793 42 20 en

106 838 271 39 fiskeristyrelse
400 837 58 29 vid
484 836 82 30 1948
590 836 56 29 års
671 834 142 38 riksdag
842 834 114 38 (prop.
980 831 56 34 49;
1062 831 72 28 JoU
1161 831 54 33 15;
1242 829 88 28 rskr.
1355 828 80 32 264)
1465 827 144 28 innebar

107 882 177 38 nämligen
307 881 123 29 endast
453 879 193 39 skapandet
669 886 42 20 av
733 886 43 20 en
799 875 152 39 enhetlig
975 872 323 41 topporganisation
1322 870 147 30 ovanför
1492 871 40 28 de
1556 869 55 29 be-

109 924 138 39 fintliga
270 922 307 31 arbetsenheterna
597 921 44 39 på
663 917 375 40 forskningsområdet,
1061 916 111 28 under
1194 915 56 29 det
1272 915 49 27 att
1345 922 41 20 av
1409 912 203 29 statsfinan-

108 967 98 29 siella
229 966 76 29 skäl
326 965 64 29 och
413 964 10 29 i
445 964 173 29 avvaktan
640 962 44 39 på
705 960 200 40 ytterligare
928 958 238 30 erfarenheter
1190 957 40 29 de
1255 956 108 29 under
1387 953 225 31 kollektivbe-

109 1008 214 39 nämningen
356 1008 132 28 statens
522 1003 246 31 fiskeriförsök
802 1000 264 31 sammanförda
1099 992 511 49 undersökningsanstalterna,

107 1051 102 30 alltså
235 1051 66 29 den
326 1049 171 39 egentliga
522 1045 403 40 arbetsorganisalionen
950 1043 44 39 på
1020 1040 374 38 fiskeriforskningens
1421 1039 64 29 och
1511 1039 99 28 havs-

110 1092 327 38 undersökningens
457 1090 177 32 områden,
655 1089 9 28 i
685 1088 61 29 allt
766 1086 186 38 väsentligt
973 1085 70 29 fick
1064 1084 105 29 förbli
1188 1083 57 29 vid
1266 1084 56 28 det
1342 1081 125 39 gamla.

154 1135 118 29 Under
298 1135 40 28 de
365 1134 97 28 snart
488 1132 47 29 tio
561 1132 38 29 år
624 1129 298 38 fiskeristyrelsen
949 1127 79 29 med
1055 1128 132 27 statens
1215 1123 247 31 fiskeriförsök
1487 1122 89 29 varit
1602 1121 11 28 i

108 1177 224 30 verksamhet
358 1176 64 28 har
449 1175 113 38 någon
591 1182 95 20 mera
713 1171 152 40 påtaglig
893 1171 235 39 upprustning
1156 1177 42 20 av
1225 1167 296 37 undersöknings-
1547 1164 65 29 och

111 1219 358 31 försöksanstalterna
489 1217 53 29 för
560 1215 196 30 havsfisket
775 1214 63 29 och
859 1213 54 29 för
933 1210 300 32 sötvaltensfisket
1253 1211 79 29 över
1352 1207 262 38 statsbudgeten

110 1263 74 29 icke
206 1264 58 36 ägt
285 1271 86 19 rum.
394 1261 109 28 Dessa
524 1256 402 41 organisationsenheter
947 1254 160 30 kvarstår
1129 1252 103 30 alltså
1252 1251 57 29 vid
1331 1252 66 28 den
1419 1249 194 41 personella

111 1305 64 29 och
200 1303 229 31 ekonomiska
453 1302 90 34 nivå,
568 1310 74 19 som
666 1299 199 30 bestämdes
888 1298 10 28 i
922 1297 126 38 början
1072 1296 44 38 på
1143 1294 193 30 1930-talet.
1362 1293 164 29 Däremot
1552 1291 62 28 har

108 1357 42 19 en
179 1347 55 29 del
264 1343 407 42 specialorganisationer
700 1342 205 38 upprustats
934 1339 11 29 i
973 1338 196 39 betydande
1198 1335 223 39 omfattning.
1451 1334 65 29 Till
1546 1334 65 28 den

112 1390 55 30 del
196 1390 58 28 det
283 1389 72 28 rört
385 1387 50 38 sig
465 1395 56 20 om
552 1385 187 38 styrelsens
772 1380 324 41 tillsynsavdelning
1127 1380 55 28 för
1211 1376 363 38 vattenföroreningar
1604 1375 11 28 i

112 1430 287 38 Drottningholm
416 1429 65 28 har
500 1429 112 28 denna
632 1425 237 40 upprustning
888 1425 57 37 ägt
964 1432 79 19 rum
1062 1422 77 28 med
1160 1419 309 31 tillbakasältande
1490 1427 40 20 av
1549 1418 66 28 den

112 1473 172 40 egentliga
306 1466 693 40 fiskeriundersökningsorganisationen
1023 1464 157 33 sålunda,
1203 1464 47 27 alt
1274 1460 278 40 upprustningen
1576 1467 41 20 av

114 1513 372 41 tillsynsavdelningen
513 1511 226 29 inberäknats
768 1509 10 28 i
805 1509 40 28 de
873 1507 171 39 egentliga
1073 1505 290 32 fiskeribehoven,
1394 1512 74 19 som
1496 1501 120 30 därvid

114 1559 44 38 på
182 1558 113 39 grund
320 1565 41 20 av
384 1555 154 30 rådande
563 1551 290 31 statsfinansiella
879 1549 168 30 situation
1072 1548 65 29 fått
1164 1547 52 29 stå
1243 1546 153 29 tillbaka.
1422 1545 101 28 Detta
1548 1544 69 28 för-

114 1600 165 30 hållande
302 1599 69 28 kan
394 1597 107 38 enligt
525 1596 169 39 styrelsen
718 1594 175 38 knappast
917 1600 101 20 anses
1044 1589 120 39 riktigt
1189 1588 141 30 särskilt
1354 1588 11 29 i
1388 1586 229 30 betraktande

115 1652 41 20 av
177 1644 51 27 att
248 1650 145 20 numera
414 1640 10 28 i
444 1648 97 30 prop.
565 1638 97 29 1957:
679 1636 41 29 49
743 1635 129 38 förslag
894 1633 182 38 framlagts
1098 1641 57 20 om
1177 1633 50 27 att
1250 1628 368 41 tillsynsavdelningen

116 1685 89 29 skall
224 1683 177 30 överföras
421 1682 50 29 till
491 1678 362 41 byggnadsstyrelsen.

156 1726 127 30 Vidare
304 1725 64 29 har
389 1724 97 29 inom
508 1732 120 20 ramen
650 1722 54 29 för
727 1718 297 37 undersöknings-
1046 1717 63 29 och
1133 1715 317 31 försöksanstalten
1473 1714 53 29 för
1550 1714 66 28 söt-

114 1768 245 30 valtensfisket
388 1776 80 20 men
498 1766 43 38 på
570 1764 193 30 bekostnad
793 1772 42 19 av
864 1760 172 31 särskilda
1067 1757 291 41 uppbördsmedel
1389 1758 97 27 utom
1517 1756 101 28 stats-

117 1812 172 37 budgeten
314 1809 195 39 uppbyggts
533 1817 41 19 en
600 1806 138 38 mycket
763 1807 70 26 stor
858 1802 237 39 organisation
1121 1801 54 29 för
1199 1798 263 38 undersökning
1487 1807 41 19 av
1552 1797 68 38 sjö-

116 1853 229 39 regleringars
374 1851 169 29 inverkan
570 1850 44 37 på
642 1848 117 29 fisket.
787 1847 51 28 En
866 1845 210 39 ytterligare,
1104 1844 101 37 högst
1233 1842 194 38 betydande
1456 1840 163 39 upprust-

119 1896 81 37 ning
222 1904 41 20 av
283 1895 113 28 denna
416 1891 238 39 organisation
675 1890 152 28 förutses
848 1888 10 28 i
879 1896 97 30 prop.
1000 1886 96 29 1957:
1114 1885 51 29 22.
1187 1884 47 29 Ur
1255 1882 266 30 statsfinansiell
1542 1890 79 29 syn-

119 1938 112 39 punkt
254 1937 68 28 kan
345 1937 56 28 det
423 1934 202 37 visserligen
650 1933 100 36 sägas
772 1940 81 19 vara
878 1928 174 39 likgiltigt,
1075 1936 56 19 om
1155 1935 81 20 man
1259 1926 43 38 på
1325 1926 95 28 detta
1444 1925 67 28 sätt
1536 1932 85 29 upp-

116 1981 126 38 bygger
267 1978 62 28 och
355 1977 160 37 utvidgar
539 1985 41 18 en
606 1971 370 42 specialorganisation
1002 1970 93 28 inom
1122 1967 319 31 sötvattensfiskets
1468 1966 150 32 område,

121 2032 76 20 men
221 2031 41 19 ur
285 2020 222 39 synpunkten
530 2027 40 20 av
592 2015 272 38 hushållningen
887 2013 77 29 med
987 2012 62 29 och
1072 2010 239 38 inriktningen
1336 2019 41 19 av
1399 2009 57 29 det
1478 2008 144 29 allmän-

121 2074 60 19 nas
202 2072 156 21 resurser
377 2062 9 28 i
407 2062 98 36 fråga
525 2069 54 19 om
602 2058 217 37 forsknings-
839 2056 62 28 och
924 2053 302 40 försökspersonal
1248 2053 76 28 med
1345 2050 205 37 erforderlig
1570 2051 53 27 ut-

120 2106 158 37 bildning
298 2114 101 29 synes
420 2105 55 28 det
498 2103 173 37 knappast
693 2099 136 39 möjligt
850 2101 50 26 att
921 2107 41 19 av
983 2099 75 26 rent
1080 2095 319 37 formalbudgetära
1422 2093 73 28 skäl
1519 2092 105 29 förbi-

121 2150 40 38 gå
183 2150 114 27 denna
321 2147 106 37 fråga.

164 2192 103 27 Trots
287 2191 47 27 att
355 2188 169 38 styrelsen
544 2187 109 27 under
672 2194 41 19 en
734 2184 79 36 lång
832 2182 88 38 följd
940 2190 41 20 av
1000 2181 37 29 år
1057 2180 8 28 i
1085 2180 75 28 sina
1181 2177 444 39 anslagsframställningar

121 2235 67 27 fäst
215 2231 292 29 statsmakternas
533 2226 311 40 uppmärksamhet
871 2224 44 38 på
939 2224 55 28 det
1021 2222 147 38 prekära
1195 2221 86 37 läget
1309 2221 7 27 i
1343 2220 97 36 fråga
1466 2229 54 18 om
1547 2219 75 28 vårt

126 2275 98 27 lands
245 2272 191 29 havsfiske-
454 2270 62 28 och
537 2267 402 36 havsundersökningar,
961 2265 61 27 har
1041 2263 178 28 resultatet
1240 2263 120 28 endast
1379 2262 96 27 blivit
1498 2262 39 27 de
1558 2261 67 27 för-

123 2316 224 36 stärkningar
370 2324 40 18 av
434 2309 418 42 specialorganisationer,
876 2316 119 19 varom
1020 2315 80 28 nyss
1125 2305 112 31 talats,
1263 2304 74 28 med
1362 2312 41 19 en
1428 2302 75 29 klar
1527 2301 99 28 sned-

123 2357 197 37 belastning
344 2357 92 27 inom
463 2356 131 27 statens
620 2350 244 31 fiskeriförsök
891 2358 74 19 som
991 2348 98 37 följd.
1127 2346 102 37 Snligt
1255 2346 167 37 styrelsen
1451 2344 93 29 torde
1569 2344 57 28 det

123 2410 41 20 av
194 2409 82 28 nyss
305 2398 147 29 anförda
484 2395 242 29 förhållanden
759 2393 90 28 klart
880 2391 163 36 framgår,
1074 2391 50 26 att
1156 2388 91 29 tiden
1279 2389 37 27 är
1348 2394 122 30 mogen
1502 2386 52 28 för
1583 2393 43 20 en

123 2443 192 38 skyndsam
341 2439 186 36 utredning
552 2438 8 27 i
585 2437 40 29 de
651 2435 205 30 avseenden,
883 2442 74 19 som
983 2431 148 37 angivils
1157 2430 8 28 i
1191 2431 40 28 de
1258 2429 220 28 remitterade
1506 2427 120 29 motlio-

123 2495 117 20 nerna.
263 2483 126 29 Härför
410 2481 86 29 talar
517 2482 82 27 även
621 2480 54 28 det
699 2476 243 31 förhållandet,
964 2476 47 27 att
1033 2474 52 28 det
1109 2474 38 27 är
1168 2472 6 28 i
1197 2472 62 28 och
1280 2480 123 28 genom
1424 2470 201 29 havsforsk-
