1900 2798
574 116 313 31 Bankoutskottets
914 117 179 29 utlåtande
1119 125 42 20 nr
1181 115 58 31 29.
1645 114 20 30 9

202 204 95 34 22:0)
319 204 422 29 Militieombudsmannen
761 203 63 29 och
841 202 88 29 hans
947 201 210 36 expedition:
1181 200 222 35 Avlöningar.
1420 198 115 30 Under
1551 198 111 37 punk-

158 257 58 27 ten
237 255 40 29 22
298 256 64 28 har
382 255 126 38 Kungl.
531 254 105 38 Maj:t
657 253 178 39 föreslagit
856 252 188 39 riksdagen
1066 253 50 28 att
1136 251 54 30 för
1210 250 204 39 budgetåret
1438 248 149 36 1953/54
1608 249 54 29 till

159 305 427 30 Militieombudsmannen
609 305 65 28 och
696 304 88 29 hans
807 302 214 40 expedition:
1047 302 212 38 Avlöningar
1282 300 122 31 anvisa
1427 302 48 27 ett
1498 299 165 39 förslags-

159 356 120 39 anslag
306 365 42 21 av
376 356 59 29 161
452 355 63 30 000
540 355 140 30 kronor.

204 407 351 38 Riksgäldskontoret
582 406 63 29 har
672 406 11 28 i
711 405 54 29 sin
792 404 169 39 förnyade
988 402 335 40 anslagsberäkning
1349 401 132 39 angivit
1508 401 155 38 anslags-

159 458 144 29 behovet
339 448 23 50 —
395 457 110 29 under
530 455 253 39 förutsättning
807 465 43 20 av
873 455 206 38 riksdagens
1106 453 256 40 godkännande
1386 462 43 20 av
1453 452 66 29 den
1544 461 43 20 av
1609 453 54 27 ut-

159 508 128 29 skottet
305 508 191 39 tillstyrkta
515 505 573 41 tjänsteförteckningsrevisionen
1104 505 58 29 vid
1179 504 206 38 riksdagens
1403 503 84 29 verk
1508 502 43 30 fr.
1569 511 29 21 o.
1616 511 45 20 m.

159 559 67 28 den
247 559 14 28 1
282 558 68 39 juli
372 558 84 30 1953
474 576 44 3 —
535 558 52 29 till
608 556 62 30 164
684 556 62 30 000
767 557 140 29 kronor.

204 609 77 29 Med
306 609 207 29 biträdande
538 618 43 20 av
607 607 358 39 riksgäldskontorets
990 606 193 38 beräkning
1208 605 202 29 hemställer
1437 604 180 32 utskottet,

515 660 50 28 att
591 658 187 38 riksdagen
807 657 57 29 må
890 657 56 29 för
972 656 204 39 budgetåret
1209 654 150 36 1953/54
1387 654 53 29 till
1465 654 199 29 Militieom-

473 709 243 30 budsmannen
749 708 63 29 och
845 708 89 29 hans
968 706 213 40 expedition:
1215 706 215 38 Avlöningar
1461 704 121 30 anvisa
1615 705 49 28 ett

467 758 275 41 förslagsanslag
769 768 41 20 av
841 757 61 30 164
917 757 63 30 000
1006 757 141 29 kronor.

203 862 96 33 23:0)
326 861 423 29 Militieombudsmannen
772 860 64 29 och
863 860 88 28 hans
973 858 210 36 expedition:
1208 857 264 30 Omkostnader.
1496 855 76 30 Med
1596 855 68 29 till-

160 912 145 39 styrkan
327 922 42 20 av
390 912 126 39 Kungl.
539 911 124 39 Maj:ts
689 911 110 29 under
819 910 160 40 punkten
1001 909 40 30 23
1064 908 222 30 framställda
1307 907 132 39 förslag
1462 906 202 30 hemställer

160 963 179 33 utskottet,

516 1015 49 28 att
594 1012 186 38 riksdagen
808 1012 58 29 må
893 1011 55 29 för
976 1010 205 39 budgetåret
1210 1008 150 36 1953/54
1387 1008 53 29 till
1468 1007 197 30 Militieom-

470 1063 243 29 budsmannen
739 1062 63 29 och
829 1062 89 29 hans
946 1060 213 40 expedition:
1187 1059 258 30 Omkostnader
1471 1058 120 30 anvisa
1616 1059 49 28 ett

469 1112 275 40 förslagsanslag
765 1122 42 20 av
835 1112 38 29 16
889 1111 63 30 000
976 1112 139 28 kronor.

205 1213 96 34 24:0)
334 1214 215 35 Riksdagens
578 1213 171 29 revisorer
779 1213 65 29 och
874 1212 100 29 deras
1005 1211 128 29 kansli:
1166 1211 160 29 Arvoden
1355 1209 54 30 till
1438 1209 227 29 revisorerna.

162 1265 78 31 Med
268 1265 203 38 tillstyrkan
500 1274 41 20 av
570 1263 126 39 Kungl.
727 1264 122 39 Maj:ts
880 1263 112 29 under
1020 1262 158 40 punkten
1210 1261 40 30 24
1281 1260 223 30 framställda
1533 1260 131 38 förslag

161 1316 201 30 hemställer
389 1316 180 33 utskottet,

516 1368 49 27 att
589 1366 187 38 riksdagen
800 1365 59 30 må
886 1365 55 30 för
965 1364 204 39 budgetåret
1195 1363 150 35 1953/54
1369 1363 52 29 till
1446 1361 219 40 Riksdagens

472 1417 170 29 revisorer
666 1416 63 30 och
754 1417 100 28 deras
882 1415 131 29 kansli:
1039 1414 160 30 Arvoden
1226 1414 51 29 till
1302 1414 216 29 revisorerna
1544 1412 122 30 anvisa

469 1469 48 27 ett
548 1466 275 40 förslagsanslag
855 1475 42 20 av
928 1465 41 29 45
985 1465 62 30 000
1080 1465 140 29 kronor.

205 1566 96 34 25:0)
326 1567 214 35 Riksdagens
563 1567 170 28 revisorer
756 1566 63 29 och
843 1566 100 29 deras
966 1565 127 29 kansli:
1119 1564 222 35 Avlöningar.
1366 1563 117 30 Under
1506 1557 163 45 punkten

163 1618 39 29 25
230 1618 64 29 har
322 1618 126 38 Kungl.
477 1617 105 39 Maj:t
610 1617 180 38 föreslagit
817 1616 189 38 riksdagen
1037 1617 50 28 att
1116 1615 54 29 för
1198 1615 205 38 budgetåret
1432 1612 149 36 1953/54
1610 1613 55 29 till

162 1668 216 38 Riksdagens
398 1668 170 29 revisorer
587 1668 65 29 och
673 1668 100 29 deras
794 1666 131 30 kansli:
948 1666 212 38 Avlöningar
1182 1666 120 29 anvisa
1323 1667 48 27 ett
1392 1664 274 39 förslagsanslag

162 1727 42 21 av
226 1717 58 30 141
302 1718 62 30 000
386 1719 141 29 kronor.

207 1768 350 39 Riksgäldskontoret
583 1769 64 28 har
674 1768 10 28 i
716 1768 52 29 sin
794 1767 170 39 förnyade
991 1766 336 39 anslagsberäkning
1353 1765 131 39 angivit
1511 1765 155 38 anslags-

161 1819 146 29 behovet
329 1836 45 3 —
398 1819 110 29 under
532 1818 253 39 förutsättning
811 1827 42 20 av
877 1817 206 38 riksdagens
1109 1816 255 39 godkännande
1390 1825 42 20 av
1456 1816 67 29 den
1547 1825 43 20 av
1613 1817 53 27 ut-

163 1869 128 29 skottet
309 1869 192 39 tillstyrkta
519 1867 572 40 tjänsteförteckningsrevisionen
1109 1866 56 30 vid
1184 1867 205 38 riksdagens
1407 1866 85 29 verk
1508 1866 44 29 fr.
1570 1874 29 21 o.
1619 1875 46 19 m.

162 1919 67 29 den
253 1920 13 28 1
289 1919 66 39 juli
381 1918 82 30 1953
484 1937 44 3 —
549 1919 52 28 till
625 1918 60 29 145
700 1918 62 29 000
784 1919 141 28 kronor.

206 1969 76 29 Med
309 1969 207 30 biträdande
542 1978 42 20 av
612 1968 358 39 riksgäldskontorets
995 1967 234 38 beräkningar
1255 1966 202 31 hemställer
1484 1966 180 33 utskottet,

517 2020 49 29 att
591 2019 187 38 riksdagen
804 2019 56 29 må
885 2018 55 29 för
964 2018 204 38 budgetåret
1195 2016 150 36 1953/54
1370 2017 52 29 till
1447 2016 219 39 Riksdagens

472 2070 171 29 revisorer
667 2069 62 30 och
754 2070 101 28 deras
880 2068 132 30 kansli:
1041 2067 213 39 Avlöningar
1280 2068 120 29 anvisa
1427 2069 48 27 ett
1500 2067 166 39 förslags-

471 2120 122 39 anslag
617 2129 41 20 av
683 2119 59 29 145
759 2120 61 29 000
844 2120 141 28 kronor.

206 2219 95 32 26:0)
329 2220 214 34 Riksdagens
566 2219 170 29 revisorer
759 2220 62 28 och
847 2220 100 29 deras
971 2219 127 28 kansli:
1124 2219 264 28 Omkostnader.
1414 2218 116 29 Under
1554 2218 113 38 punk-

162 2271 57 27 ten
241 2269 40 29 26
301 2269 64 29 har
384 2270 126 37 Kungl.
532 2269 105 38 Maj:t
658 2270 178 37 föreslagit
858 2269 186 37 riksdagen
1067 2271 49 27 att
1138 2269 54 29 för
1213 2268 205 38 budgetåret
1445 2267 148 35 1953/54
1613 2267 51 29 till

163 2319 216 37 Riksdagens
401 2319 170 29 revisorer
593 2319 64 29 och
679 2319 101 29 deras
801 2318 131 29 kansli:
959 2318 259 30 Omkostnader
1240 2318 121 29 anvisa
1385 2319 48 27 ett
1455 2317 212 38 förslagsan-

163 2368 72 38 slag
255 2378 41 20 av
314 2368 41 29 28
369 2369 64 28 300
452 2369 139 31 kronor.
612 2369 124 37 Kungl.
758 2368 123 39 Maj:ts
901 2368 132 39 förslag
1051 2368 145 29 innebär
1214 2377 41 20 en
1275 2367 290 39 anslagshöjning
1587 2367 78 29 med

163 2418 95 29 2000
279 2419 140 31 kronor.
