2202 2618
411 148 42 31 34
838 149 117 30 Första
978 148 212 41 lagutskottets
1214 149 161 32 utlåtande
1398 150 53 31 Nr
1477 151 46 30 10.

529 232 141 41 (Kungl.
694 231 121 41 Maj:ts
837 231 154 42 förslag.)

417 350 90 23 vare
548 339 58 43 sig
644 340 130 34 verket
814 339 187 44 återgives
1041 340 12 33 i
1086 341 58 33 sin

366 389 129 34 helhet
521 389 89 34 eller
638 389 132 35 delvis.

443 439 82 35 Den
566 440 195 44 brottslige
802 442 139 33 ersätte
986 441 69 34 ock
1095 442 49 33 all

367 489 130 35 skada.

698 558 45 34 25
772 555 34 45 8.

441 641 82 34 Har
562 644 54 32 ett
651 642 118 44 enligt
796 642 126 34 denna
949 643 63 43 lag
1030 643 113 43 skyd-

365 691 67 35 dat
471 692 91 34 verk
606 692 110 34 blivit
750 693 12 33 i
803 695 119 38 annat
949 692 79 43 fall,
1056 696 49 31 än
1133 694 12 33 i

368 742 56 42 10,
449 743 56 41 11,
530 742 43 34 12
603 743 90 33 eller
714 743 44 34 14
783 740 23 44 $
825 743 205 44 medgives,
1051 746 91 32 utan

362 792 247 34 författarens
642 793 90 34 eller
759 793 95 34 hans
886 794 256 34 rättsinneha-

362 853 111 24 vares
505 842 173 35 tillstånd
706 843 281 45 mångfaldigat
1000 844 51 44 på
1065 847 78 32 sätt

362 893 13 33 i
403 893 21 33 2
459 893 90 34 eller
581 893 20 34 3
634 891 24 44 $
686 896 97 42 sägs,
813 894 106 35 skola
942 894 47 34 de
1008 894 134 35 därvid

362 943 240 35 framställda
634 945 239 43 exemplaren
907 944 97 35 efter
1031 944 112 35 måls-

362 994 196 43 ägandens
578 995 60 33 val
658 995 182 44 antingen
856 995 181 35 förstöras
1054 996 90 34 eller

362 1045 70 33 ock
451 1045 191 34 utlämnas
669 1045 58 34 till
755 1045 276 44 målsäganden
1060 1049 80 31 mot

363 1095 212 43 ersättning
601 1095 60 35 för
691 1095 135 35 värdet
857 1097 92 33 eller
980 1099 79 32 mot
1077 1108 65 22 av-

362 1145 96 44 drag
485 1145 128 34 därför
640 1145 22 35 å
690 1146 138 34 honom
856 1146 287 35 tillkommande

362 1195 243 35 skadestånd.
659 1196 85 35 Vad
785 1208 52 22 nu
877 1199 44 32 är
952 1200 84 41 sagt
1067 1200 69 41 äge

361 1246 69 34 ock
461 1246 244 44 tillämpning
732 1247 11 33 i
783 1246 110 44 fråga
926 1258 61 23 om
1016 1259 124 23 exem-

359 1297 96 42 plar,
493 1307 81 23 som
606 1296 109 35 blivit
740 1297 153 43 jämlikt
915 1298 45 34 10
981 1295 23 44 $
1022 1298 118 34 fram-

360 1347 106 34 ställt
497 1349 93 32 utan
623 1347 173 35 tillstånd
824 1359 49 23 av
899 1347 239 44 författaren,

359 1397 69 34 där
456 1396 64 35 det
547 1396 119 36 hålles
693 1398 57 34 till
779 1398 83 34 salu
882 1399 91 33 eller
993 1399 146 43 sprides

360 1448 90 33 eller
477 1447 70 35 ock
574 1447 147 44 nyttjas
749 1448 65 34 vid
832 1448 150 34 verkets
1003 1449 135 33 offent-

358 1498 77 43 liga
450 1497 251 44 uppförande,
718 1498 203 35 utförande
937 1499 91 33 eller
1041 1498 96 35 före-

359 1548 207 43 dragande.

435 1648 87 35 Med
549 1648 153 43 formar,
732 1652 138 40 stenar,
891 1653 245 40 stereotyper,

358 1698 126 44 plåtar
538 1699 69 34 och
652 1699 121 34 andra
813 1699 141 44 dylika,
997 1701 140 34 uteslu-

358 1749 116 34 tande
515 1749 59 34 för
613 1749 64 35 det
713 1750 163 43 olovliga
909 1750 228 44 mångfaldi-

357 1799 143 44 gandet
519 1800 247 34 användbara
784 1801 230 34 materialier
1028 1801 107 43 skall,

357 1861 61 23 om
447 1849 272 44 målsäganden
748 1850 64 35 det
839 1851 125 43 yrkar,
994 1851 42 34 så
1063 1851 74 35 för-

357 1900 115 43 faras,
515 1903 56 31 att
611 1901 187 33 missbruk
826 1901 157 34 därmed
1012 1901 33 44 ej
1076 1902 62 34 må

358 1951 75 34 ske.

433 2001 86 34 Vad
547 2012 98 23 ovan
677 2004 43 31 är
747 2002 153 44 stadgat
923 2003 99 43 gälle
1041 2002 95 35 dock

357 2051 136 35 endast
533 2062 61 23 om
635 2051 145 35 sådana
820 2053 194 43 exemplar
1045 2053 90 34 eller

356 2102 240 42 materialier,
629 2113 80 23 som
742 2102 236 35 fortfarande
1010 2102 124 35 finnas

355 2152 12 33 i
386 2152 74 34 den
480 2152 216 44 brottsliges
716 2153 208 44 besittning
943 2154 90 33 eller
1048 2157 87 31 över

355 2203 104 34 vilka
487 2203 75 34 han
591 2203 111 42 eljest
728 2203 179 44 förfogar.

1421 233 197 42 (Utskottets
1640 236 153 41 förslag.)

1291 352 89 23 vare
1421 342 58 43 sig
1517 343 129 34 verket
1680 343 184 44 återgives
1892 345 12 32 i
1933 346 56 33 sin

1216 391 126 35 helhet
1369 393 92 33 eller
1488 391 132 36 delvis.

1292 441 82 35 Den
1420 442 195 44 brottslige
1660 447 136 31 ersätte
1838 445 68 34 ock
1944 446 49 33 all

1218 491 128 34 skada.

1558 561 44 33 25
1632 558 34 44 8.

1291 643 82 34 Har
1414 647 54 31 ett
1500 645 116 43 enligt
1648 644 124 35 denna
1800 646 63 43 lag
1882 646 112 43 skyd-

1216 693 66 34 dat
1308 694 90 34 verk
1426 695 109 34 blivit
1556 695 12 33 i
1589 698 118 31 annat
1724 695 79 42 fall,
1824 699 49 31 än
1894 697 11 33 i
1923 698 26 32 2
1977 697 18 39 $

1215 743 114 42 första
1354 743 137 45 stycket
1517 744 115 35 andra
1656 746 173 43 punkten,
1854 748 56 42 10,
1935 749 55 41 11,

1219 794 43 33 12
1292 795 89 33 eller
1412 796 44 33 14
1486 792 23 45 $
1536 796 204 43 medgives,
1752 799 92 32 utan
1860 797 133 35 förfat-

1214 847 126 32 tarens
1382 845 90 34 eller
1512 846 95 34 hans
1644 847 348 38 rättsinnehavares

1215 894 171 35 tillstånd
1427 895 279 45 mångfaldigat
1745 897 50 43 på
1831 899 111 33 sätt
1929 890 22 54 i
1971 900 19 33 2

1215 946 89 33 eller
1332 946 20 34 3
1373 943 24 45 $
1417 948 97 42 sägs,
1536 947 105 34 skola
1661 946 46 35 de
1726 947 134 35 därvid
1876 948 115 35 fram-

1214 996 138 34 ställda
1384 997 240 43 exemplaren
1658 997 94 35 efter
1779 998 214 45 målsägan-

1214 1046 92 35 dens
1350 1047 63 34 val
1458 1048 181 43 antingen
1681 1048 180 35 förstöras
1903 1050 89 34 eller

1214 1096 67 35 ock
1309 1097 192 34 utlämnas
1529 1098 57 34 till
1615 1097 270 45 målsäganden
1915 1103 78 31 mot

1213 1147 212 44 ersättning
1455 1147 60 35 för
1542 1148 133 34 värdet
1702 1149 89 34 eller
1822 1152 79 31 mot
1928 1162 64 22 av-

1213 1197 94 44 drag
1334 1197 130 35 därför
1491 1198 22 34 å
1541 1199 138 33 honom
1704 1199 284 36 tillkommande

1211 1248 242 34 skadestånd.
1508 1248 85 35 Vad
1634 1260 51 22 nu
1727 1252 41 31 är
1808 1254 86 40 sagt
1921 1253 68 41 äge

1212 1298 67 34 ock
1319 1299 245 43 tillämpning
1603 1300 12 33 i
1643 1299 108 44 fråga
1778 1311 60 23 om
1868 1312 122 23 exem-

1210 1349 94 43 plar,
1334 1360 80 23 som
1443 1349 109 35 blivit
1577 1349 152 43 jämlikt
1759 1351 44 33 10
1831 1348 24 45 $
1874 1351 115 35 fram-

1211 1399 104 34 ställt
1354 1402 92 31 utan
1475 1399 172 35 tillstånd
1675 1411 49 23 av
1750 1400 237 44 författaren,

1210 1449 69 34 där
1306 1449 64 34 det
1397 1449 119 34 hålles
1545 1450 56 34 till
1630 1451 83 33 salu
1732 1451 90 34 eller
1840 1452 147 43 sprides

1210 1499 89 34 eller
1326 1500 69 33 ock
1421 1499 148 44 nyttjas
1596 1500 65 34 vid
1684 1501 147 35 verkets
1851 1501 138 35 offent-

1209 1549 77 44 liga
1304 1549 251 44 uppförande,
1573 1551 199 35 utförande
1788 1553 89 33 eller
1892 1552 96 35 före-

1210 1599 204 44 dragande.

1285 1650 86 34 Med
1399 1650 154 43 formar,
1582 1655 137 39 stenar,
1741 1655 244 42 stereotyper,

1208 1700 125 44 plåtar
1385 1701 70 34 och
1497 1701 119 35 andra
1661 1702 139 43 dylika,
1843 1704 143 34 uteslu-

1208 1751 114 34 tande
1362 1751 59 34 för
1462 1751 64 35 det
1566 1753 163 43 olovliga
1757 1753 228 44 mångfaldi-

1207 1801 142 43 gandet
1367 1802 248 34 användbara
1634 1804 229 33 materialier
1878 1804 107 42 skall,

1208 1863 61 22 om
1296 1851 273 45 målsäganden
1597 1853 64 34 det
1688 1854 122 42 yrkar,
1841 1853 42 35 så
1910 1853 75 36 för-

1207 1902 113 42 faras,
1363 1905 56 32 att
1459 1903 187 34 missbruk
1679 1903 153 35 därmed
1861 1904 34 43 ej
1927 1904 61 35 må

1208 1953 75 33 ske.

1282 2003 85 34 Vad
1395 2014 100 23 ovan
1524 2006 42 32 är
1593 2004 153 44 stadgat
1772 2006 98 42 gälle
1890 2005 96 34 dock

1207 2053 135 34 endast
1382 2065 60 23 om
1485 2053 144 35 sådana
1670 2056 191 43 exemplar
1893 2056 90 34 eller

1207 2104 238 43 materialier,
1484 2116 80 23 som
1593 2104 234 35 fortfarande
1855 2105 125 35 finnas

1206 2154 11 33 i
1237 2154 73 34 den
1329 2154 217 44 brottsliges
1566 2155 206 44 besittning
1790 2156 89 34 eller
1897 2159 89 31 över

1205 2204 102 34 vilka
1336 2205 73 34 han
1439 2205 112 43 eljest
1578 2205 177 44 förfogar.
