1908 2800
96 1912 143 27 Utskottet.

61 1959 207 29 Departement!:-

114 1993 94 30 chefen.

317 178 19 32 2
627 178 420 38 Bevillningsutskottets
1066 179 225 33 betänkande
1309 179 53 32 Nr
1385 180 52 31 43.

316 256 70 31 Till
410 256 374 37 bevillningsutskottet
806 257 65 30 har
892 257 134 36 jämväl
1049 257 176 31 hänvisats
1247 258 61 30 två
1331 257 12 30 i
1366 257 188 36 anledning
1577 268 45 20 av
1645 258 135 37 Kungl.

274 308 117 37 Maj:ts
424 318 88 22 ovan
546 309 144 36 intagna
712 308 129 37 förslag
864 308 14 31 i
899 308 110 31 andra
1032 308 200 32 kammaren
1255 309 123 31 väckta
1400 310 178 35 motioner,
1602 310 174 36 nämligen

274 371 43 21 nr
340 361 62 31 160
425 371 45 21 av
493 361 80 32 herr
594 361 154 32 Jansson
771 361 13 31 i
807 361 198 32 Edsbäcken
1028 361 62 32 och
1113 371 42 21 nr
1178 361 63 32 263
1264 372 45 21 av
1333 362 79 31 herr
1436 361 204 39 Holmberg.

318 430 18 31 I
358 430 64 32 den
445 441 45 20 av
513 431 77 31 herr
612 431 153 31 Jansson
789 431 12 30 i
825 430 200 32 Edsbäcken
1049 431 124 31 väckta
1196 432 173 30 motionen
1392 431 73 36 har,
1488 431 13 31 i
1524 432 86 36 syfte
1633 434 51 29 att
1699 432 82 37 möj-

275 483 134 36 liggöra
431 492 41 21 en
485 483 88 31 ökad
597 483 281 35 skattesänkning
901 484 21 29 å
944 483 126 36 socker,
1094 493 119 20 varom
1229 483 78 31 herr
1329 483 149 31 Jansson
1502 484 102 30 väckt
1626 484 149 31 särskild

276 535 138 36 motion,
453 534 199 37 hemställts,
690 535 70 30 »att
793 534 184 36 riksdagen
1001 535 105 30 måtte
1128 534 142 37 besluta,
1294 536 51 30 att
1368 535 108 31 tullen
1499 536 22 29 å
1543 536 127 30 orostat
1692 536 88 31 kaffe

276 587 88 32 skall
398 587 204 31 bestämmas
636 587 57 31 till
717 587 40 30 40
791 588 57 29 öre
870 596 59 27 per
951 587 202 36 kilogram».
1199 587 177 36 Därjämte
1399 587 63 31 har
1485 588 211 30 motionären
1722 598 58 21 an-

275 639 113 36 hållit,
418 640 51 30 att
490 639 165 31 utskottet
677 639 103 30 måtte
803 638 124 32 föreslå
950 638 66 32 den
1038 638 149 37 ändring
1211 639 13 30 i
1246 639 183 35 tulltaxan,
1453 649 72 21 som
1549 639 113 31 kunde
1685 639 94 31 bliva

275 701 43 20 en
340 690 87 37 följd
450 700 44 21 av
516 692 48 29 ett
586 690 100 31 bifall
710 690 56 31 till
789 690 152 31 nämnda
963 690 216 31 hemställan.

320 768 18 31 I
373 768 64 31 den
470 778 44 21 av
549 768 79 31 herr
656 767 194 38 Holmberg
873 768 124 31 väckta
1019 767 175 32 motionen
1217 767 63 32 har
1303 767 202 37 hemställts,
1533 769 68 30 »att
1624 768 110 31 tullen
1756 769 21 30 å

277 821 122 31 obränt
425 821 89 31 kaffe
538 820 89 32 skall
651 821 125 31 sänkas
799 820 76 32 med
899 821 18 30 2
942 822 56 30 öre
1021 820 53 32 för
1097 821 97 37 varje
1218 821 124 31 månad
1366 830 74 22 som
1463 822 72 35 går,
1559 821 54 31 till
1636 821 74 31 dess
1733 822 50 30 att

277 874 108 31 tullen
408 873 69 31 blir
501 874 40 30 12
565 875 56 29 öre
644 883 58 27 per
725 873 171 36 kilogram
919 873 62 31 och
1006 873 146 32 sålunda
1175 875 137 35 utgöra:

277 950 108 32 under
408 950 66 37 juli
584 950 127 32 månad
736 951 83 30 1926
836 974 385 7 ..ssmeemsmrseressssrsisnn
1174 944 50 49 sr
1230 975 244 5 rsesersrrenesnenrennn
1501 952 41 30 48
1565 953 56 29 öre
1644 961 60 26 per
1726 951 56 37 kg.

324 1013 14 17 »
408 1002 140 37 augusti
641 1014 14 16 »
773 1013 299 19 Podraorrrararasrer
999 997 29 45 rer
1033 997 9 45 s
1047 997 37 45 enas
1102 1028 2 2 sr
1134 1027 25 4 slear
1177 1027 37 5 base
1221 1028 48 4 sssse
1275 997 34 45 sie
1320 997 26 45 ses
1353 1027 69 5 orerar
1441 1028 35 4 ora
1504 1003 39 31 46
1593 1014 14 17 »
1669 1014 14 17 >»
1746 1014 13 17 »

324 1066 14 18 »
408 1055 186 37 september
639 1066 14 17 >
770 1066 670 19 Pöoooterrareosrrärersere
1044 1050 26 45 ses
1075 1050 51 45 aren
1131 1050 38 45 orrn
1176 1050 26 45 arr
1207 1050 29 45 ror
1246 1050 63 45 TONEN
1320 1050 23 45 ro
1350 1050 38 45 anar
1401 1050 26 45 orn
1432 1050 12 45 a
1468 1056 72 31 44
1589 1066 14 18 »
1670 1067 13 17 »
1746 1066 14 17 >

324 1119 14 17 »
408 1108 140 32 oktober
638 1120 14 16 »
770 1119 14 17 Do
836 1132 68 4 Möaskren
922 1132 26 5 oo
947 1103 29 42 SVD
976 1133 92 4 SIGDYER
1086 1133 124 4 Ron
1130 1103 17 42 oo
1154 1133 56 4 FRK
1262 1133 79 4 INR
1360 1133 112 4 dig,
1500 1109 40 30 dd
1590 1120 14 16 PR
1670 1119 14 17 OD
1746 1119 14 17 DM

277 1152 63 31 och
363 1152 36 31 så
421 1151 120 31 vidare
563 1152 119 31 undan
705 1152 53 30 för
781 1151 115 31 undan
920 1151 55 31 till
998 1151 173 32 december
1193 1152 126 31 månad
1342 1152 86 31 1927
1467 1176 4 4 ..
1501 1152 38 30 14
1589 1163 13 16 »>
1670 1163 13 16 >»
1747 1162 13 17 >»

279 1202 50 33 Är
354 1203 83 32 19928
476 1230 2 2 msg...
496 1227 978 6 Drasvinob4aläriaresasos
916 1198 34 45 Bien
955 1198 40 45 ssrr
1000 1198 29 45 sor
1034 1198 49 45 orrar
1093 1198 35 45 ror
1132 1198 15 45 er
1152 1198 18 45 ar
1177 1198 58 45 orerar
1242 1198 52 45 ein
1307 1198 15 45 or
1349 1198 49 45 NEN
1405 1198 21 45 oo
1447 1198 29 45 nn
1500 1204 41 30 12
1591 1215 14 16 »
1672 1215 13 16 >»
1748 1215 13 16 >»

323 1283 51 30 att
396 1281 110 32 tullen
528 1282 21 30 å
572 1281 102 32 bränt
696 1282 81 31 eller
800 1282 105 30 rostat
928 1282 92 31 kaffe
1043 1281 88 31 skall
1154 1283 106 29 sättas
1283 1281 12 31 i
1318 1282 196 36 proportion
1537 1281 159 37 därefter,

323 1336 50 30 att
402 1334 65 32 den
504 1334 109 32 under
650 1335 111 36 punkt
798 1334 18 31 3
856 1336 51 36 (=
947 1334 111 37 punkt
1093 1335 18 30 2
1150 1336 102 37 ovan)
1287 1333 168 32 omtalade
1483 1334 238 31 restitutionen
1743 1343 43 22 av

280 1387 109 31 tullen
412 1386 60 32 vid
495 1386 143 32 utförsel
660 1397 44 21 av
727 1387 101 31 bränt
851 1387 89 30 kaffe
963 1388 103 30 sättes
1084 1387 13 31 i
1112 1387 145 36 lämplig
1279 1387 197 36 proportion
1499 1386 55 31 till
1571 1386 213 36 kaffetullen,

280 1440 90 30 samt

325 1492 50 29 att
404 1490 56 31 det
492 1490 131 37 stycket
657 1500 72 21 som
751 1490 116 37 börjar
891 1491 77 30 med
993 1490 80 31 ”dels
1095 1491 71 30 ock”
1191 1491 109 31 under
1323 1491 18 37 $
1365 1490 39 31 13
1429 1491 112 36 utgår,
1565 1490 140 31 emedan
1729 1490 56 31 det

281 1541 68 32 blir
372 1541 171 37 onödigt».

325 1593 178 37 Därjämte
536 1593 64 31 har
634 1594 213 31 motionären
881 1594 158 36 anhållit,
1078 1595 69 30 »att
1169 1594 163 31 utskottet
1355 1594 107 30 måtte
1484 1594 133 30 avfatta
1640 1593 144 37 lämplig

282 1645 357 38 lag-(tulltaxe-)text».

326 1740 221 32 Beträffande
581 1741 254 36 motiveringen
869 1740 53 31 för
956 1740 41 31 de
1030 1750 45 21 av
1099 1741 253 31 motionärerna
1375 1740 218 32 framställda
1616 1741 171 35 förslagen

285 1793 53 31 får
361 1793 163 31 utskottet
547 1793 147 31 hänvisa
717 1793 55 31 till
795 1793 223 31 motionerna.

329 1898 50 30 På
412 1899 68 30 sätt
508 1898 155 36 framgår
685 1908 45 21 av
753 1898 59 31 vid
835 1898 89 31 årets
946 1898 395 36 statsverksproposition
1365 1898 93 36 fogat
1482 1898 123 36 utdrag
1627 1907 45 21 av
1696 1899 96 30 stats-

286 1949 280 36 rådsprotokollet
600 1952 82 28 över
708 1949 263 32 finansärenden
994 1950 54 30 för
1071 1949 65 31 den
1160 1950 19 30 7
1203 1950 138 36 januari
1366 1950 84 30 1926
1474 1950 129 37 (bilaga
1626 1950 55 30 till
1705 1949 84 31 1926

286 2002 56 30 års
364 2002 410 35 statsverksproposition:
798 2002 256 37 inkomsterna),
1078 2001 232 32 underställde
1325 2002 117 31 chefen
1459 2002 54 30 för
1528 2001 262 36 finansdeparte-

286 2055 128 29 mentet
448 2053 149 31 nämnda
619 2053 67 37 dag
709 2053 132 37 Kungl.
865 2053 117 37 Maj:ts
1005 2053 174 37 prövning
1202 2054 192 36 finansplan
1417 2054 53 31 för
1493 2053 297 37 statsregleringen

286 2106 61 31 vid
369 2106 64 31 den
458 2116 47 21 nu
533 2106 151 31 samlade
707 2106 180 37 riksdagen
910 2108 161 29 ävensom
1094 2106 191 37 beräkning
1308 2116 45 21 av
1377 2108 127 29 statens
1527 2107 188 30 inkomster
1738 2106 55 30 för

286 2160 99 29 nästa
407 2158 166 36 budgetår
596 2160 89 30 samt
707 2159 168 31 framlade
898 2159 13 30 i
934 2158 165 31 samband
1122 2158 139 32 därmed
1284 2159 127 36 förslag
1434 2159 13 30 i
1463 2168 90 22 ovan
1568 2157 226 32 omförmälda

286 2210 222 31 hänseenden.

329 2262 18 32 I
378 2263 60 31 sitt
460 2263 187 32 anförande
669 2263 56 31 till
749 2263 151 32 nämnda
923 2264 168 36 protokoll
1115 2263 132 37 yttrade
1270 2263 52 37 sig
1345 2263 369 36 departementschefen
1737 2262 56 31 till

286 2325 42 21 en
344 2316 119 36 början
487 2316 145 31 rörande
654 2316 56 31 det
732 2316 218 31 ekonomiska
974 2316 90 36 läget
1078 2316 63 31 och
1152 2316 74 31 dess
1236 2316 211 36 verkningar
1457 2311 39 46 på
1512 2315 282 37 statsfinanserna

288 2368 61 31 och
371 2368 148 31 därefter
540 2368 177 37 angående
740 2368 238 36 finansplanen
1001 2368 53 32 för
1077 2368 282 32 nästkommande
1380 2368 175 36 budgetår.
1593 2368 57 31 Av
1673 2367 40 32 de
1729 2367 66 31 för-

289 2421 241 36 utsättningar,
554 2421 79 31 från
657 2421 96 31 vilka
777 2421 365 36 departementschefen
1166 2420 121 32 därvid
1310 2422 107 34 ansåg
1440 2421 51 36 sig
1503 2420 83 31 böra
1601 2421 93 35 utgå,
1711 2420 85 30 fann
