2132 2665
339 211 16 29 4
800 210 79 40 Layq-
891 210 153 31 Utskottets
1076 210 156 31 Utlåtande
1257 210 62 31 N:o
1342 211 51 30 55.

299 298 185 48 grunden,
520 298 194 36 hvarefter
748 297 64 37 det
840 297 117 37 borde
985 302 168 44 utgöras,
1184 303 65 42 egt
1276 311 80 22 rum
1384 297 102 36 inom
1516 297 72 36 alla
1615 297 61 37 län
1704 297 86 37 med
1818 311 66 22 un-

299 351 142 49 dantag
482 350 42 38 af
562 350 303 38 Vesterbottens.
926 350 55 37 Af
1017 351 77 36 hela
1136 350 72 37 den
1248 349 178 50 utgjorda
1466 350 419 50 byggnadskostnaden

298 404 96 36 hade
437 404 33 48 ej
514 403 144 37 mindre
701 409 46 31 än
791 403 175 37 omkring
999 405 49 35 27
1074 411 149 41 procent
1254 403 125 36 blifvit
1405 408 158 43 uttagna
1591 403 97 36 efter
1717 404 167 57 matlags-

299 457 92 36 eller
419 458 184 49 personlig
635 456 404 59 beskattningsgrund.
1094 455 251 38 Förfarandet
1378 455 132 37 härvid
1538 455 96 37 hade
1664 455 98 37 dock
1789 455 96 37 varit

300 509 168 37 särdeles
512 510 98 36 olika
651 510 101 36 inom
796 509 99 37 olika
937 509 103 37 delar
1082 508 40 37 af
1159 509 109 47 riket,
1310 508 204 37 hvaröfver
1553 508 169 37 komitén
1752 522 29 23 s.
1812 511 71 34 372

297 563 145 36 lemnar
470 575 47 24 en
545 567 170 32 närmare
744 561 257 50 redogörelse.

404 614 147 38 Sådana
585 615 275 47 förhållanden,
898 628 81 23 som
1008 614 46 37 de
1083 627 49 23 nu
1161 614 177 49 antydda,
1369 613 183 48 erfordra,
1581 613 121 49 enligt
1729 613 158 37 Utskot-

298 673 76 32 tets
415 668 126 47 tanke,
586 667 251 48 ovilkorligen
871 681 47 22 en
951 667 172 45 rättelse;
1168 667 71 36 och
1273 666 196 37 Utskottet
1498 680 111 23 anser
1639 666 69 49 sig,
1737 666 12 36 i
1779 666 108 48 fråga

303 733 60 23 om
398 725 114 31 sättet
550 720 58 35 för
642 720 134 47 denna,
818 719 92 36 böra
943 719 154 36 förorda
1125 718 73 37 den
1227 719 101 35 förut
1356 718 233 37 beträffande
1619 718 227 48 deltagande
1875 719 12 35 i

300 773 32 48 ej
372 772 145 37 mindre
551 749 257 72 tingshusbyg
810 771 101 59 gnad
946 776 47 32 än
1027 770 406 51 prestgårdsbyggnad
1467 776 165 43 antagna
1674 770 70 37 och
1774 770 41 37 af
1840 770 46 37 de

299 830 139 31 tvänne
480 826 98 35 först
618 824 160 37 anförda
818 824 280 36 motionärerna
1132 824 220 47 föreslagna
1383 823 124 49 grund
1541 824 59 35 för
1629 823 257 48 deltagandet,

301 877 93 37 eller
437 882 54 31 att
531 877 214 37 kostnaden
779 877 60 36 för
866 876 178 37 besväret
1072 876 96 37 skall
1197 852 154 72 OL
1381 853 40 59 af
1447 876 72 36 alla
1547 876 96 48 dem,
1674 889 82 23 som
1784 875 103 36 inom

302 930 274 49 församlingen
611 930 157 48 erlägga
795 929 426 49 kommunalutskylder,
1251 929 60 36 för
1340 928 182 49 fastighet
1552 928 97 37 efter
1677 928 85 37 hela
1791 933 97 31 samt

303 983 60 36 för
404 983 116 36 andra
560 982 431 49 beskattningsföremål
1032 982 98 36 efter
1172 995 47 23 en
1256 981 186 48 fjerdedel
1479 981 41 36 af
1552 981 89 36 derå
1674 981 213 49 belöpande

302 1036 149 49 fyrktal.
506 1035 75 37 För
615 1035 123 37 denna
771 1035 218 48 fördelning
1017 1034 185 49 åberopar
1229 1034 198 37 Utskottet
1455 1033 46 37 de
1530 1034 93 47 skäl,
1654 1046 81 24 som
1763 1032 125 38 blifvit

303 1089 102 36 förut
446 1088 193 49 andragna
668 1088 58 36 för
755 1087 268 49 fördelningen
1052 1087 41 36 af
1123 1087 193 49 tingshus-
1345 1087 71 36 och
1443 1086 445 50 prestgårdsbyggnads-

301 1141 196 37 besvären.

404 1193 96 36 Från
542 1192 227 48 deltagande
802 1192 11 35 i
847 1192 306 49 kyrkobyggnad
1195 1191 120 37 skulle
1349 1191 239 49 visserligen,
1627 1191 120 47 enligt
1774 1191 114 49 privi-

302 1245 170 48 legierna
513 1245 59 36 för
613 1217 265 80 ridderskapet
919 1244 70 36 och
1030 1244 110 36 adeln
1176 1244 73 36 den
1285 1246 45 34 16
1366 1243 169 37 Oktober
1571 1246 110 43 1723,
1713 1243 18 48 $
1761 1246 33 44 8,
1825 1243 63 36 be-

305 1298 127 37 frielse
461 1298 162 48 åtnjutas
652 1297 61 36 för
742 1297 207 36 säterierna
976 1297 10 35 i
1009 1295 136 49 Skåne,
1167 1296 174 47 Halland,
1363 1296 184 48 Blekinge
1569 1296 70 36 och
1658 1273 127 59 Bohus
1806 1295 80 46 län;

303 1363 97 35 men,
431 1350 118 48 enligt
579 1350 45 36 de
654 1349 153 49 åsigter,
838 1362 81 23 som
948 1363 49 22 nu
1026 1362 102 23 mera
1155 1349 104 48 gjort
1287 1349 60 48 sig
1374 1348 174 49 gällande
1584 1349 68 35 och
1682 1348 123 36 funnit
1834 1352 54 31 ett

304 1403 151 49 uttryck
484 1402 11 36 i
523 1403 111 47 lagen
664 1402 196 48 angående
890 1401 220 49 skyldighet
1130 1406 54 31 att
1204 1401 406 48 deltaga
1368 1396 20 60 i
1406 1401 199 48 kostnaden
1627 1400 59 36 för
1704 1400 182 49 byggnad

306 1455 71 36 och
405 1455 193 35 underhåll
630 1455 41 35 af
696 1454 174 48 tingshus
901 1454 70 36 och
999 1453 315 48 häradsfängelse
1344 1454 72 35 den
1446 1455 46 34 26
1524 1452 224 50 September
1779 1454 109 41 1884,

304 1507 198 37 äfvensom
529 1507 12 35 i
570 1507 73 36 den
671 1506 119 37 under
818 1520 49 22 nu
895 1505 254 37 innevarande
1169 1505 182 37 riksmöte
1372 1505 42 36 af
1429 1505 231 49 Riksdagen,
1681 1508 47 46 på
1748 1504 141 50 Kongl.

304 1559 126 49 Maj:ts
472 1559 252 49 proposilion,
767 1563 165 43 antagna
972 1558 113 49 lagen
1126 1558 195 48 angående
1364 1558 220 49 skyldighet
1613 1563 54 30 att
1695 1557 152 48 deltaga
1879 1557 12 35 i

305 1612 214 36 kostnaden
561 1611 60 36 för
661 1611 183 49 byggnad
878 1611 70 35 och
976 1587 193 59 underhåll
1200 1610 41 36 af
1266 1610 213 49 prestgård,
1510 1610 131 47 skulle,
1672 1609 118 37 sedan
1818 1614 73 31 rät-

304 1664 172 48 tigheten
506 1669 54 31 att
587 1663 139 36 besitta
755 1663 158 36 säterier
940 1662 83 37 icke
1051 1663 132 48 längre
1213 1667 40 31 är
1279 1662 203 37 frälsemän
1502 1662 122 36 allena
1643 1662 248 47 förbehållen,

304 1722 89 31 utan
426 1716 123 36 blifvit
582 1716 187 36 utsträckt
803 1715 55 36 till
891 1715 130 48 hvarje
1051 1691 141 60 sveusk
1220 1715 261 48 medborgare,
1511 1714 270 50 privilegierna
1808 1714 84 36 icke

303 1770 126 35 kunna
457 1768 114 49 lägga
597 1768 135 36 hinder
760 1768 11 35 i
798 1773 122 43 vägen
942 1772 79 31 mot
1041 1772 54 31 att
1120 1767 135 48 ålägga
1276 1767 230 48 säteriegare
1525 1767 12 35 1
1559 1767 136 46 Skåne,
1716 1766 175 48 Halland,

304 1821 186 47 Blekinge
534 1820 70 36 och
646 1820 128 36 Bohus
815 1820 73 46 län,
930 1820 12 35 1
978 1819 119 36 likhet
1130 1819 86 36 med
1245 1820 117 36 andra
1390 1819 322 48 fastighetsegare
1742 1819 11 35 1
1782 1819 108 47 riket,

306 1873 227 48 deltagande
561 1872 54 37 uti
642 1886 50 23 nu
719 1872 289 49 ifrågavarande
1036 1872 148 36 besvär.

407 1925 269 37 Förhållandet
703 1925 108 36 torde
842 1925 171 36 deremot
1040 1924 38 37 få
1107 1937 111 24 anses
1248 1924 233 37 annorlunda
1507 1924 234 36 beträffande
1770 1928 122 44 prest-

306 1978 186 48 gårdarne
520 1978 11 35 i
562 1977 113 37 ofvan
703 1977 162 36 nämnda
906 1977 210 48 provinser.
1174 1976 90 37 Som
1293 1977 150 47 bekant,
1472 1976 149 49 byggas
1660 1976 69 36 och
1757 1975 136 37 under-

306 2031 118 36 hållas
452 2030 12 36 i
493 2030 162 36 nämnda
683 2029 199 49 provinser
910 2029 192 49 kyrkorna
1121 2028 56 37 till
1198 2033 141 32 största
1359 2028 110 37 delen
1495 2031 85 33 med
1600 2027 293 50 kyrkotionden,

306 2083 154 36 hvilken
501 2083 10 35 i
555 2082 111 37 dessa
713 2082 199 48 provinser
960 2081 235 36 fortfarande
1238 2086 40 31 är
1318 2081 193 49 kyrkorna
1551 2080 224 37 bibehållen.
1844 2080 54 36 Af

306 2135 181 49 gammalt
527 2134 101 48 njöts
670 2135 12 35 i
723 2134 191 36 Danmark
956 2134 59 35 för
1056 2133 245 49 prestgårdar
1342 2133 114 36 frihet
1491 2133 83 36 från
1607 2132 212 48 utgörande
1856 2132 42 36 af

307 2187 140 37 tionde.
508 2187 123 36 Häraf
667 2187 88 36 kom
798 2186 60 49 sig
899 2185 201 48 sannolikt,
1144 2191 55 31 att
1238 2185 294 49 prestgårdarne
1575 2185 113 36 äfven
1729 2187 164 46 ansågos

308 2239 70 36 frie
406 2239 84 36 från
518 2239 316 49 kyrkobyggnad.

411 2291 56 36 Då
506 2305 51 22 nu
600 2293 96 34 1723
739 2294 59 33 års
837 2290 220 49 privilegier
1097 2290 60 36 för
1197 2290 288 49 presterskapet
1524 2289 11 37 1
1565 2289 114 36 slutet
1707 2288 41 37 af
1772 2288 122 49 fjerde

307 2343 169 50 punkten
506 2343 147 49 stadga,
683 2348 54 31 att
764 2343 100 36 hvad
893 2342 136 50 Skåne,
1058 2342 174 49 Halland,
1260 2342 185 49 Blekinge
1475 2341 70 37 och
1573 2341 127 37 Bohus
1728 2341 61 36 län
1816 2340 78 37 vid-
