2194 2604
379 183 39 29 12
639 185 103 29 Andra
765 185 182 29 kammarens
974 181 124 40 tredje
1123 183 153 36 tillfälliga
1300 183 119 29 utskotts
1442 184 150 30 utlåtande
1616 184 45 29 Nr
1687 185 28 28 8.

378 263 146 39 liggande
548 264 195 30 situationen
767 263 118 29 krävde
910 262 122 30 snabba
1053 262 59 30 och
1133 262 239 31 målmedvetna
1389 262 144 39 åtgärder
1550 263 69 29 från
1637 265 120 28 statens
1775 263 76 36 sida,
1870 264 111 30 därom

378 307 96 31 rådde
498 308 159 40 knappast
681 309 104 36 någon
809 306 378 40 meningsskiljaktighet.
1226 306 104 30 Sedan
1352 307 70 31 dess
1443 307 84 30 hava
1544 307 177 31 emellertid
1738 308 245 31 förhållandena

378 353 169 40 undergått
582 352 119 30 sådana
736 351 230 39 förändringar,
1004 354 47 27 att
1082 351 98 39 enligt
1204 351 397 32 bränslekommissionens
1625 353 131 37 mening
1780 352 53 31 det
1856 354 69 30 icke
1950 355 34 27 är

378 397 196 37 nödvändigt
602 396 76 30 eller
702 396 149 38 lämpligt
875 398 47 28 att
944 396 149 30 fortsätta
1115 397 41 37 på
1179 395 63 31 den
1266 398 68 36 väg,
1361 406 67 20 som
1453 407 77 20 man
1553 397 188 38 föregående
1766 397 34 29 år
1823 397 160 39 nödgades

379 442 47 30 slå
448 442 34 29 in
506 442 49 38 på.

485 486 46 28 De
555 485 79 36 skäl,
660 494 69 20 som
755 485 65 29 tala
843 485 50 30 för
916 495 40 19 en
980 485 160 30 avvikelse
1163 485 71 29 från
1260 485 38 29 de
1322 485 113 30 hittills
1452 486 103 39 följda
1571 486 148 39 linjerna,
1737 486 159 38 klargöras
1915 486 69 29 bäst

378 539 113 30 genom
521 539 39 20 en
588 529 155 30 återblick
773 531 41 37 på
841 529 255 39 bränslefrågans
1125 529 67 38 läge
1216 529 55 30 vid
1296 529 193 39 tidpunkten
1513 530 50 30 för
1587 529 397 32 bränslekommissionens

378 573 197 31 tillsättande
599 573 62 31 den
688 573 40 30 16
754 574 81 39 april
861 573 83 30 1917
971 577 84 27 samt
1078 574 126 38 frågans
1229 583 109 21 senare
1362 574 193 39 utveckling.

485 619 164 39 Importen
686 629 39 20 av
760 618 134 36 stenkol,
932 627 69 21 som
1037 618 138 30 normalt
1203 618 117 30 brukat
1343 619 106 39 uppgå
1472 618 52 30 till
1548 618 143 37 450,000
1716 622 55 27 ton
1796 630 37 28 pr
1856 619 127 36 månad,

379 663 81 31 hade
483 663 55 31 vid
550 660 176 34 årsskiftet
753 662 217 30 1916—1917
997 663 138 38 nedgått,
1162 664 32 29 så
1220 666 47 27 att
1292 662 61 31 den
1377 662 160 40 utgjorde:

590 734 102 30 under
717 735 127 38 januari
883 734 83 30 1917
1054 762 98 2 SKER
1167 730 56 48 TURE.
1231 761 40 4 os
1422 761 99 4 un
1550 734 141 37 216,983
1717 738 55 27 ton

637 790 13 15 >
717 779 141 30 februari
927 791 6 14 >
1169 805 64 4 a
1350 805 169 5 uns
1551 778 137 37 127,42]
1739 791 12 15 5»

717 821 85 43 mars
992 850 98 4 ere
1169 849 63 4 na
1326 849 156 5 rrsserease
1464 821 22 43 sa
1504 850 2 4 -
1572 823 117 36 -70,510
1739 835 12 15 >

486 913 45 29 De
567 912 140 31 rådande
743 911 244 31 förhållandena
1018 916 53 26 ute
1095 912 11 29 i
1130 911 132 31 världen
1286 913 79 37 gåvo
1389 912 94 38 ingen
1509 912 90 32 säker
1623 912 175 39 hållpunkt
1820 913 48 30 för
1894 912 91 31 bedö-

379 957 131 30 mandet
538 967 39 21 av
600 957 213 40 möjligheten
837 957 49 30 till
910 967 39 20 en
973 957 191 38 förbättring
1187 957 205 31 härutinnan,
1440 957 77 29 Man
1543 967 53 21 var
1619 956 107 31 därför
1751 956 163 31 nödsakad
1940 960 46 27 att

380 1002 96 31 såvitt
499 1002 128 39 möjligt
650 1002 58 30 lita
732 1002 47 39 sig
803 1001 51 30 till
878 1001 124 31 landets
1027 1011 79 29 egna
1129 1001 179 39 tillgångar,
1334 1001 132 30 framför
1490 1001 59 31 allt
1573 1001 49 31 till
1646 1001 112 31 veden.
1796 1001 60 32 För
1879 1011 39 21 en
1940 1003 45 29 så-

380 1047 63 30 dan
472 1046 125 38 lösning
624 1056 39 21 av
686 1047 112 38 frågan
821 1056 56 21 var
901 1045 180 31 emellertid
1103 1046 196 38 tidpunkten
1324 1046 201 39 synnerligen
1550 1056 186 30 ogynnsam.
1785 1045 201 39 Föregående

380 1092 119 29 vinters
523 1090 232 39 avverkningar
778 1100 76 21 voro
878 1090 97 30 redan
1000 1090 173 37 avslutade,
1199 1091 107 30 varför
1330 1090 106 31 landet
1460 1091 49 29 för
1533 1091 49 30 sin
1606 1091 212 38 förbrukning
1841 1100 55 21 var
1912 1091 74 30 hän-

380 1136 83 30 visat
486 1135 50 30 till
553 1135 54 30 det
623 1136 96 31 våren
738 1134 85 31 1917
843 1135 163 38 befintliga
1022 1134 262 32 vedinventariet.
1321 1136 94 29 Detta
1431 1135 147 40 utgjorde
1595 1135 61 31 den
1677 1135 14 30 1
1712 1135 81 39 april
1812 1135 175 37 6,429,428

382 1180 89 31 kbm.
495 1180 60 30 och
579 1182 142 36 översteg
746 1179 136 31 sålunda
905 1180 74 38 föga
1003 1179 61 31 vad
1085 1189 68 21 som
1176 1180 141 30 normalt
1334 1179 154 31 erfordras
1505 1180 50 30 till
1572 1180 156 31 täckande
1745 1190 39 21 av
1801 1180 187 32 hushållens

381 1224 221 40 inköpsbehov
630 1225 11 29 i
670 1227 108 37 öppna
807 1224 208 30 marknaden.
1063 1224 61 30 Det
1146 1225 164 30 förefanns
1334 1224 93 31 alltså
1451 1235 39 19 en
1514 1225 88 36 brist,
1627 1224 189 40 uppgående
1840 1225 50 30 till
1913 1225 73 30 hela

381 1269 62 30 den
466 1269 126 39 väldiga
615 1269 231 36 vedkvantitet,
872 1279 68 20 som
966 1269 195 30 beräknades
1185 1270 74 37 åtgå
1282 1270 49 29 för
1355 1272 46 27 att
1424 1272 117 28 ersätta
1565 1269 38 30 de
1626 1269 167 32 uteblivna
1808 1269 174 30 stenkolen.

380 1314 46 30 Då
452 1324 76 20 man
551 1315 102 29 måste
677 1314 101 30 räkna
801 1313 75 30 med
900 1313 219 40 möjligheten,
1144 1316 48 27 att
1215 1313 302 39 stenkolsimporten
1540 1314 68 30 helt
1624 1314 108 30 kunde
1749 1316 162 33 avstanna,
1930 1323 56 22 var

380 1358 54 31 det
462 1368 38 20 en
529 1358 150 39 livsfråga
708 1358 49 30 för
781 1358 118 37 landet,
925 1361 47 28 att
996 1368 39 20 en
1059 1358 156 38 väsentlig
1239 1358 52 30 del
1316 1368 39 21 av
1378 1358 105 30 denna
1506 1358 181 39 vedmängd
1711 1358 202 30 anskaffades
1937 1368 47 28 ge-

380 1406 72 27 nast
477 1403 59 30 och
560 1404 41 38 på
625 1405 45 28 ett
694 1405 72 34 sätt,
793 1413 67 20 som
884 1412 60 29 gav
969 1403 147 30 säkerhet
1138 1403 58 36 för,
1222 1405 48 28 att
1292 1402 102 31 veden
1416 1402 163 39 verkligen
1603 1402 106 32 skulle
1733 1403 133 29 komma
1888 1403 93 29 fram.

486 1447 50 30 En
564 1447 240 39 undersökning
832 1457 39 21 av
896 1447 246 40 möjligheterna
1166 1447 49 30 för
1239 1457 40 20 en
1303 1446 91 40 dylik
1417 1447 267 38 vedanskaffning
1708 1447 118 37 visade,
1852 1450 46 28 att
1922 1447 61 31 till-

379 1493 122 38 gången
525 1493 41 37 på
589 1492 60 31 ved
672 1493 11 29 i
707 1492 39 29 de
771 1491 87 30 delar
882 1501 38 21 av
944 1491 117 37 landet,
1088 1501 68 21 som
1181 1501 37 20 ur
1242 1491 329 39 transportsynpunkt
1586 1492 107 30 kunde
1710 1492 132 32 komma
1857 1492 11 29 i
1884 1492 99 39 fråga,

380 1546 55 20 var
458 1536 119 38 ganska
601 1535 184 39 begränsad.
823 1536 185 30 Tvärtemot
1031 1535 61 30 den
1117 1535 155 39 populära
1295 1535 249 40 uppfattningen
1568 1546 52 20 om
1642 1537 70 30 vårt
1728 1536 148 39 skogrika
1892 1536 92 32 lands

380 1581 188 38 outtömliga
595 1580 232 39 vedtillgångar
856 1581 100 29 måste
981 1589 76 21 man
1080 1579 163 39 nämligen
1266 1580 122 36 fastslå,
1413 1582 46 28 att
1483 1579 55 31 det
1561 1580 198 39 tillgängliga
1782 1581 139 30 förrådet
1946 1591 38 20 av

381 1625 114 31 sådant
523 1626 97 35 virke,
646 1634 69 21 som
740 1624 348 31 nationalekonomiskt
1111 1627 62 28 sett
1196 1625 58 30 bör
1277 1624 152 32 avverkas
1453 1625 106 30 såsom
1583 1624 69 37 ved,
1678 1625 70 30 icke
1772 1626 170 38 överstiger
1967 1626 18 29 3

381 1672 17 28 å
423 1670 21 29 4
468 1671 115 38 gånger
607 1669 54 31 det
684 1670 49 30 för
757 1669 280 39 avverkningsåret
1063 1668 218 31 1917--1918
1306 1668 180 32 beräknade
1511 1669 144 32 behovet.

488 1715 44 30 På
559 1714 102 39 grund
692 1724 39 21 av
759 1714 62 31 den
845 1714 98 30 redan
968 1713 96 39 tidigt
1086 1713 101 31 under
1210 1715 35 29 år
1272 1713 83 30 1917
1381 1713 186 31 förutsedda
1589 1714 211 33 foderbristen
1824 1714 107 31 kunde
1956 1716 28 38 ej

383 1769 55 20 eng
462 1759 88 30 detta
574 1758 194 40 begränsade
792 1758 213 32 virkesförråd
1028 1758 70 30 fritt
1120 1759 170 39 utnyttjas,
1315 1761 78 28 utan
1413 1759 102 30 måste
1532 1759 274 39 avverkningarna
1822 1758 74 31 med
1912 1758 73 30 nöd-

382 1803 173 39 vändighet
578 1804 156 38 förläggas
757 1803 50 30 till
824 1803 38 31 de
879 1803 129 36 trakter,
1027 1812 68 21 som
1112 1813 74 21 voro
1203 1806 84 28 mest
1303 1803 187 38 välbelägna
1506 1804 11 29 i
1533 1803 201 30 förhållande
1751 1803 50 31 till
1817 1806 169 36 transport-

383 1848 135 34 lederna,
560 1849 107 31 Härav
692 1847 157 41 skapades
873 1849 129 37 tvånget
1026 1850 46 28 att
1095 1847 102 31 skaffa
1220 1848 158 38 garantier
1401 1848 49 29 för
1474 1847 117 31 vedens
1615 1848 173 38 uttagande
1812 1848 68 31 icke
1905 1847 81 30 blott

381 1894 87 28 inom
493 1894 64 30 viss
582 1893 47 30 tid
653 1896 78 27 utan
756 1892 96 30 också
875 1893 41 38 på
940 1893 63 30 viss
1028 1892 92 40 plats.

488 1937 61 31 För
577 1940 46 27 att
650 1937 167 31 förhindra
846 1940 44 27 ett
916 1936 196 31 förstörande
1137 1947 39 20 av
1200 1937 125 30 landets
1350 1937 111 38 skogar
1484 1938 102 30 måste
1610 1937 53 30 det
1687 1937 112 35 tillses,
1825 1939 46 28 att
1894 1936 92 31 dessa

382 1992 37 20 av
455 1982 243 30 förhållandena
732 1981 235 39 framtvingade
1003 1981 236 31 extraordinära
1272 1981 290 39 vedavverkningar
1585 1982 11 29 i
1619 1983 35 29 så
1677 1984 65 29 stor
1767 1981 219 38 utsträckning

383 2036 69 20 som
476 2026 127 40 möjligt
627 2026 93 31 blevo
744 2026 129 30 utförda
897 2027 41 39 på
961 2029 46 28 ett
1030 2026 323 39 skogsvårdsmässigt
1376 2028 71 28 sätt.
1488 2026 166 30 Likaledes
1679 2036 55 21 var
1751 2025 54 31 det
1820 2026 49 31 för
1885 2026 100 31 säker-

384 2071 156 31 ställande
564 2081 38 20 av
625 2070 197 31 industriens
845 2071 153 30 framtida
1022 2071 284 39 råvarutillgångar
1330 2080 38 21 av
1392 2071 161 39 synnerlig
1576 2073 64 28 stor
1662 2070 171 40 betydelse,
1856 2073 45 27 att
1918 2071 67 29 här-

383 2115 55 30 vid
461 2116 69 30 icke
555 2116 143 39 tillgreps
722 2115 89 31 virke
836 2125 39 21 av
898 2115 96 38 högre
1018 2115 141 37 kvalitet,
1185 2118 41 28 än
1250 2125 70 20 som
1344 2115 197 39 nödvändigt
1564 2115 204 31 erfordrades.

493 2160 153 39 Samtliga
682 2160 93 30 dessa
809 2160 68 30 skäl
913 2160 93 31 blevo
1042 2160 175 39 avgörande
1241 2160 50 30 för
1316 2160 136 30 beslutet
1475 2163 47 27 att
1545 2160 81 39 fylla
1649 2159 39 31 de
1712 2162 159 28 närmaste
1895 2161 91 29 årens

384 2204 102 33 behov
521 2214 114 29 genom
670 2207 121 28 statens
827 2214 79 29 egna
935 2205 230 38 avverkningar
1189 2204 77 31 eller
1289 2215 113 28 genom
1428 2207 120 29 statens
1571 2205 98 38 inköp
1694 2215 39 20 av
1756 2204 70 31 ved.
1874 2204 111 30 Såsom

384 2258 81 20 ovan
489 2249 202 36 framhållits,
719 2250 164 35 beräknas,
909 2252 47 28 att
980 2249 105 30 denna
1108 2249 267 38 vedanskaffning
1398 2249 49 30 till
1468 2249 62 30 den
1554 2249 16 30 1
1588 2249 217 31 instundande
1822 2250 63 38 maj
1905 2248 80 30 skall
