2123 2666
321 206 17 28 6
826 200 86 43 Lag-
921 199 152 33 Utskottets
1099 198 161 32 Utlåtande
1283 197 65 33 N:o
1370 198 50 31 44.

1071 282 44 35 11
1145 276 29 50 $.

420 362 166 49 Jernväg
615 364 59 34 må
703 361 132 36 endast
863 361 9 35 i
903 360 56 36 sin
987 357 130 38 helhet
1144 357 206 37 intecknas.

421 414 40 48 Ej
505 417 59 32 må
603 414 92 35 flera
730 414 203 47 jernvägar
974 411 192 35 intecknas
1203 409 58 35 för
1297 422 140 23 samma
1469 407 165 45 fordran,
1664 407 85 36 med
1778 406 146 36 mindre

323 466 131 36 dervid
483 465 237 45 bestämmes,
748 463 58 37 för
836 464 96 35 huru
962 469 79 30 stor
1071 461 60 37 del
1159 460 40 37 af
1219 460 220 50 fordringen
1460 460 129 48 hvarje
1606 460 158 47 jernväg
1784 456 141 47 häftar;

325 519 32 48 ej
389 518 116 36 heller
533 520 60 33 må
620 516 83 37 från
732 515 202 38 intecknad
958 516 159 47 jernväg
1145 516 124 46 någon
1298 514 105 35 mark
1432 511 204 45 afsöndras,
1666 510 66 37 der
1761 511 31 47 ej
1813 510 112 44 visas,

323 575 55 31 att
407 570 72 36 den
507 568 227 38 afsöndrade
764 568 109 36 delen
903 574 40 29 är
970 565 83 37 från
1082 564 219 49 inteckning
1326 563 61 38 fri.

1072 679 44 34 12
1146 674 30 49 $.

421 756 90 47 Har,
548 760 48 46 på
633 762 74 31 sätt
745 756 10 36 i
793 759 19 34 5
851 752 18 50 $
907 762 97 41 sägs,
1041 753 105 37 mark
1174 753 125 36 blifvit
1327 751 86 37 med
1438 752 160 49 jernväg
1624 748 168 46 förenad,
1822 747 103 38 häfte

322 810 71 36 den
430 810 118 43 mark,
585 809 75 35 lika
698 808 84 36 med
807 808 206 48 jernvägen
1042 807 10 34 i
1082 805 128 49 öfrigt,
1238 805 59 36 för
1325 804 220 48 inteckning
1572 816 80 23 som
1680 804 11 34 i
1715 804 209 47 jernvägen

321 869 41 28 är
388 860 187 38 faststäld.

1070 936 44 35 13
1144 930 30 50 $.

421 1015 236 47 Inteckning,
691 1027 79 23 som
806 1014 59 35 till
898 1012 177 37 säkerhet
1102 1010 60 37 för
1190 1010 151 49 tryckta
1370 1010 92 35 eller
1490 1008 207 49 graverade
1726 1008 200 47 obligatio-

321 1081 67 23 ner
415 1066 128 37 blifvit
570 1065 175 37 faststäld
774 1066 11 34 i
809 1066 170 47 jernväg,
1005 1063 98 48 gälle
1131 1061 233 38 fortfarande
1395 1067 89 29 utan
1512 1060 203 48 förnyelse,
1745 1060 97 35 ändå
1870 1065 56 30 att

322 1119 71 36 den
422 1118 167 45 fordran,
620 1116 152 37 hvarför
800 1116 270 46 inteckningen
1099 1113 221 44 meddelats,
1351 1113 30 46 ej
1413 1111 125 36 blifvit
1566 1115 39 32 så
1634 1111 182 44 bevakad,
1845 1123 80 23 som

321 1172 11 34 i
363 1174 17 32 1
412 1167 17 48 $
459 1169 39 36 af
523 1169 286 46 Förordningen
838 1168 72 35 den
940 1170 20 32 4
989 1166 98 36 Mars
1118 1168 92 34 1862
1241 1178 60 21 om
1330 1164 139 47 tioårig
1494 1163 259 48 preskription
1774 1163 69 35 och
1865 1175 59 22 om

322 1221 252 48 årsstämning
601 1227 96 41 sägs.

1072 1294 44 35 14
1145 1290 30 49 $.

423 1373 117 37 Söker
565 1374 178 47 jernvägs
765 1385 123 35 egare,
909 1376 56 31 att
985 1370 230 48 inteckning,
1241 1382 80 23 som
1340 1368 127 37 blifvit
1491 1369 11 34 i
1522 1368 211 48 jernvägen
1752 1366 174 37 faststäld

322 1426 58 36 till
409 1426 176 35 säkerhet
617 1423 58 37 för
709 1426 58 33 lån
802 1428 186 43 upptaget
1019 1427 79 30 mot
1125 1422 151 48 tryckta
1305 1420 92 36 eller
1425 1419 207 48 graverade
1661 1419 265 47 obligationer,

323 1480 60 33 må
412 1477 78 35 helt
518 1476 70 35 och
618 1476 118 35 hållet
765 1475 128 43 dödas,
924 1475 69 34 och
1024 1474 71 35 kan
1116 1473 72 36 han
1210 1473 30 47 ej
1263 1471 119 36 förete
1403 1472 74 34 alla
1497 1470 315 48 obligationerna,
1841 1483 83 22 men

321 1529 112 43 visar,
467 1533 55 30 att
551 1527 45 36 de
625 1526 150 36 felande
809 1526 313 47 obligationerna,
1158 1531 67 28 när
1254 1523 269 47 inteckningen
1552 1521 253 44 meddelades,
1834 1533 90 23 voro

322 1579 40 35 af
400 1579 70 35 den
512 1578 156 48 lydelse,
706 1582 55 31 att
792 1577 64 36 vid
885 1578 72 34 den
986 1576 67 44 tid,
1083 1576 46 34 då
1158 1574 287 48 inteckningens
1474 1572 175 36 dödande
1679 1572 169 48 begäres,
1877 1572 48 34 all

323 1631 294 47 betalningsrätt
643 1628 59 36 för
731 1628 84 36 dem
843 1627 172 44 förfallit,
1048 1630 60 32 må
1136 1626 73 35 den
1238 1624 343 48 omständigheten,
1604 1629 55 30 att
1679 1623 71 35 han
1778 1623 29 47 ej
1831 1622 95 36 före-

321 1686 74 31 tett
423 1681 71 36 alla
523 1680 313 48 obligationerna,
867 1679 30 48 ej
928 1684 135 43 utgöra
1092 1677 134 36 hinder
1254 1676 58 36 för
1340 1675 289 48 inteckningens
1659 1674 184 36 dödande.

958 1829 69 37 Om
1053 1827 246 47 utmäåtning.

1075 1936 41 33 15
1147 1929 30 49 $.

423 2021 331 47 Utmätningsman
783 2020 10 34 i
823 2019 73 36 den
929 2025 71 38 ort,
1038 2018 66 36 der
1136 2018 229 48 jernvägens
1401 2028 110 36 egare
1540 2015 68 35 bör
1636 2013 99 37 inför
1764 2013 163 36 domstol

324 2086 109 22 svara
461 2073 9 34 i
499 2072 204 43 tvistemål,
732 2084 79 22 som
841 2073 95 45 angå
964 2069 88 49 gäld
1073 2069 11 35 i
1104 2069 218 43 allmänhet,
1351 2080 87 23 vare
1466 2066 159 48 behörig
1649 2071 56 30 att
1723 2064 205 37 verkställa

324 2124 218 47 utmätning
569 2122 40 36 af
628 2123 171 47 jernväg.

1076 2198 43 34 16
1150 2193 29 49 8.

426 2283 168 50 Jernväg
632 2286 58 33 må
728 2283 31 48 ej
799 2283 119 35 delvis
947 2287 176 31 utmätas.
1178 2280 41 48 Ej
1250 2280 121 35 heller
1400 2282 59 32 må
1486 2281 124 46 någon
1639 2277 116 36 sådan
1779 2276 150 48 jernvä-
