2128 2650
687 182 241 40 Lag-Utskottets
955 184 161 32 Utlåtande
1139 185 65 31 N:o
1226 186 49 31 44.
1745 192 39 28 29

179 261 128 45 mäles,
336 261 117 45 skola,
477 262 117 48 jemte
624 263 96 37 hvad
751 264 61 48 lag
840 264 68 36 och
939 263 267 49 författningar
1243 266 200 46 innehålla,
1477 280 80 24 som
1587 268 81 36 icke
1698 269 83 36 stri-

180 312 68 36 der
277 318 79 30 mot
385 313 121 36 denna
534 313 235 49 förordning,
800 316 188 47 tillämpas
1016 316 165 48 följande
1210 318 184 36 särskilda
1423 318 251 38 föreskrifter:

944 455 13 32 1
991 449 30 48 $.

278 533 78 36 Har
392 534 411 49 jernvägsaktiebolag,
844 549 81 23 som
967 550 87 36 eger
1086 538 172 49 jernväg,
1295 537 60 38 för
1398 539 109 36 hvars
1549 541 233 48 anläggning

178 584 211 48 Konungen
420 586 199 48 medgifvit
646 593 77 30 rätt
751 588 58 35 till
837 588 265 36 förvärfvaude
1132 589 39 35 af
1196 590 225 48 erforderlig
1442 592 104 34 mark
1566 592 118 47 enligt
1705 594 77 46 gäl-

177 635 111 35 lande
317 635 268 50 författningar
614 651 60 22 om
697 639 108 46 jords
834 639 91 35 celler
953 640 198 48 lägenhets
1180 639 195 38 afstående
1399 641 59 36 för
1477 642 157 36 allmänt
1655 643 127 44 behof,

178 685 143 38 afträdt
349 688 55 35 sin
434 689 184 48 egendom
648 689 58 35 till
734 690 180 45 konkurs,
943 691 93 35 skall
1065 691 139 36 Rätten
1233 692 91 36 eller
1353 693 179 36 domaren
1552 700 132 42 genast
1708 694 74 36 för-

178 738 119 35 ordna
326 739 157 48 lämplig
511 753 137 34 person
677 746 66 40 att,
772 742 100 35 intill
900 742 84 36 dess
1004 743 97 47 gode
1122 750 86 28 män
1228 743 126 37 blifvit
1374 744 171 45 utsedde,
1567 745 214 36 handhafva

173 789 229 48 Jernvägens
430 789 231 50 förvaltning
690 792 69 35 och
789 792 144 36 bevaka
960 793 280 37 konkursboets
1269 796 320 47 angelägenheter
1611 803 97 30 samt
1728 803 55 30 att

176 840 11 34 i
215 838 127 37 förvar
378 847 87 42 taga
502 842 171 48 bolagets
710 843 140 35 böcker
887 844 70 35 och
993 844 115 36 andra
1147 845 234 49 handlingar,
1417 859 80 23 som
1526 847 84 36 dess
1638 849 143 34 rörelse

177 894 106 43 angå.
339 891 92 45 Den,
461 892 151 36 hvilken
641 894 134 35 sådant
802 893 256 38 förordnande
1088 896 163 44 erhållit,
1281 898 124 47 åligge
1434 903 56 30 att
1515 898 119 36 under
1663 899 118 44 tiden,

177 944 40 32 så
246 942 80 35 vidt
355 943 64 34 ske
448 943 83 45 kan,
561 944 76 35 låta
666 945 224 35 underhålla
917 946 159 36 trafiken
1106 950 20 32 å
1149 947 220 48 jernvägen.

275 992 148 37 Varder
465 1007 121 23 annan
628 1002 45 28 än
715 996 84 43 den,
837 1008 81 23 som
955 996 169 37 domare-
1162 998 92 35 eller
1292 999 186 47 tjensteed
1507 1000 125 47 aflagt,
1663 1000 119 48 enligt

177 1043 123 35 denna
330 1040 17 49 $
377 1043 218 47 förordnad,
629 1047 121 46 svärje
785 1046 97 36 inför
914 1047 138 36 Rätten
1082 1049 92 35 eller
1202 1049 179 36 domaren
1411 1055 55 30 att
1494 1050 70 36 han
1595 1051 65 35 det
1687 1064 95 35 upp-

176 1094 93 47 drag
297 1095 171 47 redligen
498 1095 164 49 fullgöra
691 1098 111 44 skall;
833 1098 69 35 och
932 1098 109 37 hafve
1070 1099 114 36 sedan
1213 1113 140 23 samma
1374 1102 95 46 pligt
1489 1102 70 35 och
1580 1102 105 47 njute
1706 1103 75 35 lika

175 1145 135 48 skydd,
339 1159 79 22 som
449 1148 118 46 enligt
595 1149 60 47 lag
684 1148 231 36 tillkommer
944 1150 97 44 dem,
1072 1151 125 35 hvilka
1225 1150 158 38 Rättens
1413 1153 166 35 ärenden
1606 1157 61 44 gå.

939 1287 19 34 2
982 1278 36 59 $.

276 1366 137 36 Rätten
443 1368 92 35 eller
564 1368 181 36 domaren
772 1376 91 41 göre
893 1369 271 51 ofördröjligen
1194 1372 66 35 hos
1281 1372 230 49 Konungens
1530 1372 251 51 Befallnings-

175 1416 187 37 hafvande
392 1418 11 35 i
431 1418 104 36 länet
575 1421 173 34 anmälan
783 1434 60 22 om
881 1421 226 45 konkursen,
1142 1423 70 35 och
1241 1422 179 37 förordne
1453 1423 231 50 Konungens
1713 1425 68 37 Be-

174 1467 367 49 fallningshafvande
571 1484 45 22 en
645 1470 162 49 skicklig
830 1472 70 36 och
929 1472 241 48 vederhäftig
1198 1487 138 34 person
1365 1480 56 31 att
1448 1478 122 33 såsom
1599 1477 76 47 god
1695 1490 84 22 man

175 1518 69 36 och
275 1520 208 47 syssloman
513 1521 10 35 i
552 1521 280 37 konkursboets
860 1522 232 50 förvaltning
1120 1525 152 47 deltaga
1300 1525 84 36 med
1414 1526 45 36 de
1484 1526 97 49 gode
1601 1531 86 32 män
1710 1529 70 34 och

174 1570 222 48 sysslomän,
426 1584 80 22 som
535 1578 103 30 utses
667 1577 47 44 på
742 1579 75 30 sätt
845 1574 278 48 konkurslagen
1154 1577 165 46 stadgar.

211 1632 9 10 :
275 1620 93 45 Den,
408 1622 150 36 hvilken
601 1624 158 36 sålunda
796 1624 204 36 förordnad
1035 1625 138 46 blifvit,
1204 1640 66 34 ege
1299 1628 74 34 lika
1403 1628 85 35 med
1516 1628 166 47 Rättens
1704 1643 77 22 om-

173 1671 186 36 budsman
390 1672 229 49 befogenhet
647 1680 55 30 att
731 1676 67 35 hos
825 1675 139 36 Rätten
994 1677 157 45 anmäla,
1182 1691 59 22 om
1271 1691 121 23 annan
1427 1679 76 49 god
1536 1692 85 23 man
1649 1680 11 35 i
1689 1680 92 36 kon-

173 1722 140 36 kursen
343 1724 91 35 eller
470 1725 297 49 medsyssloman
810 1728 97 35 visar
944 1728 171 47 motvilja
1145 1729 92 35 eller
1265 1729 262 37 försummelse
1555 1731 64 36 vid
1647 1730 135 50 fullgö-

172 1773 116 36 rande
318 1773 40 36 af
382 1775 67 35 sitt
477 1777 185 47 uppdrag.

275 1825 52 35 På
355 1825 232 48 Konungens
616 1827 436 49 Befallningshafvande
1068 1830 198 36 ankomme
1287 1835 65 41 att,
1373 1839 67 28 när
1460 1834 40 34 så
1520 1832 138 48 skäligt
1678 1833 102 48 pröf-

173 1888 76 33 vas,
280 1877 191 48 entlediga
500 1878 84 45 den,
622 1892 81 23 som
731 1879 40 36 af
795 1880 230 49 Konungens
1054 1880 421 50 Befallningshafvande
1510 1884 118 48 enligt
1656 1885 123 36 denna

173 1923 18 49 $
221 1925 126 37 blifvit
374 1929 148 45 tillsatt,
552 1930 70 35 och
652 1931 10 34 i
692 1931 91 35 hans
812 1931 109 36 ställe
950 1944 121 23 annan
1100 1931 191 38 förordna.
1345 1933 186 38 Deröfver
1560 1939 60 32 må
1644 1936 136 49 klagan

174 1978 31 46 ej
235 1976 112 38 föras.

937 2069 20 34 3
980 2060 35 59 8.

274 2147 56 36 Då
371 2148 155 36 kallelse
568 2149 171 37 utfärdas
781 2151 59 35 till
873 2151 65 36 det
972 2151 141 47 förhör,
1148 2154 156 36 hvarom
1332 2155 11 35 i
1372 2157 45 34 39
1451 2152 18 49 $
1499 2156 280 50 konkurslagen

174 2198 163 47 stadgas,
366 2199 75 36 låte
470 2199 138 37 Rätten
638 2202 91 35 eller
758 2202 179 36 domaren
961 2204 141 47 jemväl
1132 2205 225 47 kungörelse
1388 2219 60 23 om
1477 2207 55 36 tid
1553 2208 68 35 och
1645 2214 59 30 ort
1723 2208 58 36 för

172 2247 174 39 förhöret
374 2250 10 35 i
414 2251 187 36 allmänna
631 2252 240 49 tidningarna
900 2253 151 38 införas.
