1890 2794
505 154 381 32 Jordbruksutskottets
909 154 176 33 utlåtande
1108 163 43 23 nr
1176 155 48 29 18.
1599 148 17 30 7

111 235 64 29 och
204 236 87 29 även
320 234 10 29 i
358 234 111 39 övrigt
497 234 174 39 utnyttjas
702 234 56 30 för
786 233 475 30 demonstrationsändamål.
1302 234 67 29 För
1398 231 218 31 närvarande

112 286 129 29 saknar
268 285 383 39 skogsvårdsstyrelsen
677 284 11 29 i
717 284 220 39 Kronobergs
965 284 58 30 län
1050 283 143 40 lämplig
1220 283 309 39 skogsvårdsgård.
1559 282 58 30 Så-

111 345 74 20 som
206 336 156 39 framgår
382 345 42 20 av
445 335 233 39 utredningen
698 335 11 29 i
729 325 144 40 ärendet
893 334 164 40 erbjuder
1078 334 52 39 sig
1151 334 193 30 emellertid
1364 343 48 20 nu
1434 333 182 39 möjlighet

111 388 50 28 att
182 387 126 29 bereda
329 386 384 39 skogsvårdsstyrelsen
734 386 146 39 tillgång
900 385 53 30 till
976 394 43 20 en
1040 385 110 30 sådan
1172 385 84 39 gård
1279 385 20 30 å
1320 385 67 29 den
1410 393 42 21 av
1474 384 142 30 domän-

111 437 170 39 styrelsen
298 437 140 39 nyligen
455 437 206 29 förvärvade
679 436 249 39 kronoparken
947 435 70 30 Asa
1034 453 45 3 —
1095 436 251 29 förutvarande
1365 435 68 29 Asa
1453 434 105 30 säteri
1574 451 42 3 —

108 488 11 26 i
141 488 68 28 Asa
232 487 138 29 socken.
393 487 102 29 Detta
517 487 136 29 tillfälle
676 495 102 30 synes
800 486 86 30 böra
907 486 185 39 utnyttjas.
1114 486 65 39 Jag
1200 486 194 39 tillstyrker
1415 485 120 30 därför
1558 485 57 30 do-

109 538 274 38 mänstyrelsens
409 538 64 29 och
501 537 295 38 skogsstyrelsens
824 537 141 39 förslag,
993 538 50 28 att
1080 536 9 30 å
1116 536 155 30 nämnda
1298 536 202 40 kronopark
1527 534 87 31 skall

111 590 162 39 upplåtas
297 589 102 30 mark
421 588 53 29 till
499 589 106 38 sagda
629 588 359 39 skogsvårdsstyrelse
1013 589 50 28 att
1088 587 179 30 användas
1292 596 76 21 som
1393 585 225 41 skogsvårds-

112 640 94 39 gård.
227 640 126 29 Härtill
371 639 96 29 torde
485 639 205 39 riksdagens
709 638 229 39 medgivande
954 638 85 30 böra
1056 637 188 30 inhämtas.

156 690 70 29 Mot
247 690 283 30 ämbetsverkens
553 689 132 39 förslag
704 689 11 29 i
735 689 100 39 fråga
857 698 58 21 om
935 688 361 40 skogsvårdsgårdens
1319 687 214 39 omfattning
1553 686 65 31 och

113 741 73 39 läge
211 741 65 29 har
300 740 61 40 jag
385 740 88 29 intet
500 741 50 28 att
575 739 162 31 invända.
765 739 68 30 Till
858 739 384 39 skogsvårdsstyrelsen
1267 738 63 30 bör
1356 738 148 30 sålunda
1531 746 87 31 upp-

113 791 88 30 låtas
221 791 73 30 dels
315 792 48 28 ett
383 790 136 30 mindre
538 790 142 30 område
700 800 57 20 om
778 789 99 31 cirka
896 789 58 30 två
974 789 122 30 hektar
1115 789 79 29 med
1215 788 85 30 därå
1318 788 191 37 befintliga,
1531 787 12 29 i
1562 788 56 29 det

112 842 209 39 föregående
347 842 162 29 närmare
538 841 151 39 angivna
714 840 210 40 byggnader,
954 840 73 29 dels
1054 841 48 28 ett
1129 840 110 29 större
1266 839 143 30 område
1436 848 57 20 om
1520 837 97 31 cirka

112 892 63 31 400
198 892 125 30 hektar
343 892 110 39 jämte
475 891 205 39 erforderlig
700 891 81 39 jord
802 890 54 30 till
878 890 210 40 plantskola.
1110 890 66 39 Jag
1197 890 65 29 har
1282 890 77 29 icke
1383 889 109 29 heller
1512 889 106 39 något

111 944 50 28 att
183 942 116 30 erinra
320 943 74 29 mot
415 942 42 29 de
481 942 198 39 föreslagna
701 941 173 30 villkoren
896 941 55 29 för
972 940 229 40 upplåtelsen.
1225 940 75 30 Vad
1322 940 108 38 angår
1452 939 167 40 tidpunk-

112 995 59 27 ten
195 993 55 30 för
278 992 220 41 upplåtelsen
523 1001 103 21 anser
653 993 87 29 även
765 992 61 39 jag
852 992 58 29 det
938 991 189 39 angeläget,
1155 992 51 28 att
1234 989 384 41 skogsvårdsstyrelsen

113 1045 139 28 snarast
279 1042 139 40 möjligt
448 1043 90 29 skall
565 1043 122 29 kunna
715 1042 149 40 påbörja
892 1041 55 30 sin
975 1041 224 30 verksamhet
1229 1041 58 30 vid
1316 1041 67 29 den
1410 1040 207 39 ifrågasatta

112 1093 353 40 skogsvårdsgården.
491 1093 78 30 Med
592 1093 138 38 hänsyn
754 1092 120 29 härtill
898 1091 193 40 tillstyrker
1114 1091 70 39 jag,
1209 1092 50 28 att
1284 1091 220 40 upplåtelsen
1528 1090 90 30 skall

113 1145 60 29 ske
196 1144 81 30 från
297 1144 66 30 och
385 1144 79 29 med
485 1143 68 30 den
576 1143 15 29 1
615 1142 66 40 juli
705 1143 94 30 1950.
823 1142 66 30 Det
909 1142 98 30 torde
1028 1142 36 30 få
1085 1142 190 29 ankomma
1297 1142 46 40 på
1363 1141 126 39 Kungl.
1511 1140 106 40 Maj:t

112 1194 93 35 eller,
232 1194 89 30 efter
346 1193 126 40 Kungl.
502 1193 124 40 Maj:ts
652 1192 290 40 bemyndigande,
969 1192 303 39 domänstyrelsen
1299 1192 65 30 och
1390 1190 228 41 skogsstyrel-

114 1254 61 21 sen
195 1246 52 29 att
266 1244 160 31 meddela
447 1245 163 29 närmare
631 1243 223 31 föreskrifter
875 1243 12 29 i
908 1244 129 29 ämnet.

157 1296 67 29 För
252 1295 220 40 upplåtelsen
500 1294 98 30 torde
627 1294 164 39 slutligen
820 1293 195 39 ersättning
1043 1293 85 29 böra
1158 1293 84 39 utgå
1272 1292 53 30 till
1356 1292 262 30 domänfonden

113 1346 106 39 enligt
238 1346 41 30 de
298 1345 162 40 grunder,
482 1354 75 21 som
576 1344 149 40 angivits
745 1344 11 30 i
774 1343 265 42 propositionen
1059 1352 42 21 nr
1122 1343 203 36 158/1939.»

158 1421 185 30 Utskottet.
365 1420 65 30 Det
449 1420 98 30 torde
569 1420 114 29 såsom
705 1418 379 38 departementschefen
1104 1418 117 30 anfört
1241 1427 83 21 vara
1345 1427 43 20 av
1409 1419 85 28 stort
1514 1417 104 30 värde

112 1472 55 29 för
188 1470 425 40 skogsvårdsstyrelserna
635 1471 50 29 att
705 1470 11 29 i
738 1470 54 29 sin
815 1469 247 40 upplysnings-
1082 1470 65 29 och
1169 1468 451 39 undervisningsverksam-

113 1522 59 29 het
199 1522 46 29 ha
273 1529 88 32 egna
390 1520 338 40 skogsvårdsgårdar
758 1520 54 30 till
840 1519 218 39 förfogande.
1088 1519 76 30 Vad
1192 1518 386 40 skogsvårdsstyrelsen
1607 1517 12 29 i

113 1572 220 39 Kronobergs
351 1571 58 30 län
426 1571 172 30 beträffar
618 1580 102 30 synes
738 1579 48 21 nu
805 1569 160 41 lämpligt
981 1569 138 30 tillfälle
1137 1569 45 30 ha
1199 1569 151 29 kommit
1368 1570 51 29 att
1437 1568 181 40 tillgodose

113 1623 78 29 dess
213 1622 122 30 behov.
359 1621 177 30 Utskottet
558 1621 60 30 vill
641 1621 121 30 därför
784 1620 138 30 biträda
944 1619 167 39 förslaget
1136 1629 56 20 om
1216 1618 194 41 upplåtelse
1434 1628 43 21 av
1498 1627 43 21 en
1563 1618 56 30 del

113 1682 43 21 av
173 1673 248 39 kronoparken
442 1671 69 30 Asa
529 1671 11 29 i
559 1671 69 30 Asa
647 1671 129 30 socken
795 1670 54 31 till
868 1670 171 39 styrelsen
1058 1670 55 30 för
1132 1670 126 30 sådant
1277 1669 175 30 ändamål.

158 1723 161 30 Rörande
345 1722 258 39 omfattningen
626 1731 43 21 av
691 1722 66 29 och
781 1721 42 30 de
846 1722 163 28 närmare
1034 1719 172 32 villkoren
1229 1720 57 30 för
1311 1719 220 41 upplåtelsen
1555 1719 65 30 har

113 1774 172 29 utskottet
304 1772 88 30 intet
413 1774 51 29 att
484 1772 116 30 erinra
621 1773 73 29 mot
714 1771 127 39 Kungl.
862 1771 124 39 Maj:ts
1007 1770 141 39 förslag.
1169 1770 65 29 Det
1254 1770 98 30 torde
1373 1770 37 30 få
1429 1770 190 30 ankomma

113 1824 44 39 på
180 1823 126 39 Kungl.
330 1822 106 39 Maj:t
458 1822 93 36 eller,
574 1822 88 29 efter
686 1821 127 39 Kungl.
837 1821 124 39 Maj:ts
984 1820 289 39 bemyndigande,
1299 1820 45 40 på
1367 1819 252 40 domänstyrel-

115 1883 61 20 sen
203 1874 65 30 och
294 1873 278 39 skogsstyrelsen
597 1874 51 28 att
673 1871 160 30 meddela
859 1870 228 39 erforderliga
1114 1870 223 30 föreskrifter
1362 1870 12 29 i
1400 1871 128 29 ämnet.

158 1924 177 29 Utskottet
355 1923 202 29 hemställer
577 1922 112 34 alltså,

468 1974 51 28 att
547 1972 188 39 riksdagen
761 1972 59 30 må
845 1970 169 40 medgiva,
1043 1972 51 28 att
1119 1970 53 30 till
1198 1970 384 40 skogsvårdsstyrelsen
1608 1970 10 29 i

422 2022 219 38 Kronobergs
664 2022 59 29 län
746 2021 59 30 må
829 2021 80 29 från
932 2020 247 39 kronoparken
1203 2020 69 30 Asa
1296 2020 11 29 i
1332 2020 69 30 Asa
1425 2020 128 30 socken
1577 2029 42 21 av

424 2073 106 39 sagda
553 2073 58 29 län
632 2072 162 41 upplåtas
817 2072 101 29 mark
941 2071 53 30 till
1016 2071 296 39 skogsvårdsgård
1336 2070 10 29 i
1368 2070 151 40 enlighet
1540 2070 79 30 med

423 2124 66 29 vad
506 2123 11 29 i
533 2122 263 41 propositionen
814 2121 160 40 angivits.

160 2191 201 30 Stockholm
384 2191 67 29 den
474 2190 39 30 27
538 2190 89 39 april
652 2189 93 30 1950.

563 2289 48 30 På
634 2288 384 39 jordbruksutskottets
1046 2288 144 38 vägnar:

700 2388 36 29 L.
762 2387 268 30 TJÄLLGREN.
