1898 2829
289 165 187 31 Allmänna
499 166 397 41 beredningsutskottets
920 170 178 32 utlåtande
1119 181 42 22 nr
1183 172 42 30 40
1245 173 39 30 år
1307 173 84 31 1967
1566 177 14 28 1

768 479 65 41 Nr
855 482 57 40 40

293 588 184 32 Utlåtande
502 590 11 29 i
533 591 189 41 anledning
744 602 41 20 av
808 593 172 31 motioner
1002 604 56 21 om
1082 596 215 40 anläggande
1320 608 42 20 av
1383 598 195 40 pipe-lines.

136 695 13 29 I
170 695 41 30 de
231 696 53 30 till
305 697 179 30 allmänna
503 698 381 41 beredningsutskottet
904 701 190 31 hänvisade
1114 704 224 39 likalydande
1359 706 219 31 motionerna

92 747 29 31 1:
137 748 63 30 368
220 759 42 21 av
280 750 80 30 herr
378 750 79 30 Eric
477 750 162 32 Carlsson
659 754 65 29 och
743 754 80 29 herr
841 754 138 31 Fälldin
1001 759 90 28 samt
1109 757 49 29 II:
1172 758 64 29 462
1256 768 42 20 av
1315 759 82 30 herr
1415 759 160 30 Eliasson

92 802 9 29 i
132 802 185 31 Sundborn
344 804 98 40 m.fl.
470 805 212 36 hemställes,
711 809 50 28 att
788 808 188 40 riksdagen
1003 810 12 29 i
1044 810 165 31 skrivelse
1237 812 53 29 till
1317 812 126 41 Kungl.
1471 815 105 39 Maj:t

90 856 108 30 måtte
222 857 141 30 anhålla
386 867 57 21 om
467 868 43 21 en
534 859 325 41 förutsättningslös
883 863 187 41 utredning
1094 865 178 39 angående
1296 867 215 40 anläggande
1535 878 42 20 av

89 909 185 40 pipe-lines
297 911 11 28 i
332 911 137 40 Sverige
491 913 12 29 i
526 913 151 40 enlighet
701 916 78 29 med
802 916 66 30 vad
892 917 11 29 i
925 917 220 31 motionerna
1168 919 144 30 anförts.

730 1092 209 33 Motionerna

133 1170 13 29 I
177 1171 220 31 motionerna
427 1173 150 35 anföres,
609 1176 50 28 att
690 1176 68 29 den
789 1177 149 29 svenska
968 1178 399 42 energiförbrukningen
1396 1181 64 30 har
1492 1183 81 30 ökat

87 1225 159 29 avsevärt
269 1225 111 30 under
403 1226 41 30 de
467 1229 137 28 senaste
627 1228 93 30 åren.
744 1228 107 40 Oljan
873 1230 64 30 har
960 1231 148 31 kommit
1131 1234 50 28 att
1204 1233 37 30 få
1262 1235 61 29 allt
1347 1236 110 29 större
1479 1237 94 39 bety-

87 1276 94 31 delse
210 1278 54 29 för
291 1278 77 31 vårt
396 1280 93 30 land.
517 1281 117 40 Enligt
663 1282 539 43 koncentrationsutredningens
1229 1287 222 32 betänkande
1480 1285 93 49 Olje-

86 1330 198 31 branschen
317 1332 101 35 (SOU
450 1333 173 36 1966:21)
657 1336 111 30 ökade
796 1337 111 30 under
936 1338 84 31 åren
1050 1339 216 32 1955—1964
1294 1341 279 42 förbrukningen

85 1393 45 21 av
150 1385 72 39 olja
243 1386 79 30 med
343 1386 50 30 tio
413 1390 144 36 procent
578 1398 61 30 per
662 1390 48 29 år.
735 1390 82 30 1965
841 1391 57 30 års
920 1392 343 42 långtidsutredning
1290 1395 100 35 (SOU
1416 1396 151 35 1966:1)

84 1437 167 31 framhöll
274 1441 50 28 att
347 1440 68 30 den
438 1440 206 32 förutsedda
666 1443 415 43 samhällsutvecklingen
1104 1447 118 31 kunde
1245 1449 124 31 väntas
1393 1450 77 30 föra
1492 1451 81 30 med

87 1491 51 40 sig
159 1493 50 29 att
231 1493 279 41 förbrukningen
532 1505 42 20 av
595 1498 116 38 energi
733 1498 85 29 ökar
841 1499 86 30 även
948 1499 12 30 i
982 1499 200 32 framtiden.
1204 1502 238 41 Utredningen
1464 1505 108 39 ansåg

86 1547 50 27 att
159 1545 96 31 detta
277 1547 118 30 kunde
417 1549 124 30 väntas
565 1550 63 30 dra
650 1551 80 30 med
753 1551 52 40 sig
826 1552 88 30 bl.a.
938 1562 43 21 en
1005 1554 131 40 ökning
1160 1565 42 20 av
1224 1555 174 40 importen
1422 1567 42 20 av
1487 1558 83 40 olje-

83 1598 193 39 produkter
295 1600 81 30 från
396 1601 38 30 17
454 1602 88 40 milj.
562 1603 221 31 kubikmeter
804 1605 82 30 1963
905 1606 53 30 till
977 1607 80 30 över
1077 1607 40 30 25
1137 1609 88 39 milj.
1245 1609 221 32 kubikmeter
1487 1611 83 31 1970

83 1652 66 29 och
168 1653 162 41 omkring
350 1654 40 30 35
410 1655 89 40 milj.
519 1657 222 31 kubikmeter
763 1658 93 31 1975.
876 1660 75 30 Den
972 1660 213 32 förbrukade
1205 1663 233 41 oljevolymen
1458 1666 111 29 skulle

85 1705 150 31 sålunda
255 1716 73 20 mer
352 1709 43 29 än
419 1708 204 32 fördubblas
647 1711 79 30 från
752 1712 81 30 1963
856 1713 53 30 till
934 1713 94 31 1975.

128 1759 259 32 Motionärerna
409 1761 214 37 framhåller,
647 1766 49 28 att
718 1765 56 29 det
797 1766 38 29 är
856 1775 43 22 av
919 1768 288 41 utomordentligt
1230 1773 71 27 stor
1321 1771 176 40 betydelse
1519 1775 50 28 att

82 1812 99 40 oljan
199 1814 70 29 kan
288 1816 258 38 transporteras
565 1817 96 30 inom
679 1818 119 31 landet
816 1819 53 31 till
889 1820 38 31 så
946 1820 78 41 låga
1042 1822 111 40 priser
1174 1832 75 22 som
1268 1825 148 40 möjligt.
1436 1826 132 31 Hittills

81 1866 66 30 har
171 1867 282 41 huvudsakligen
476 1870 67 40 tåg,
569 1871 48 30 bil
642 1872 65 29 och
732 1873 59 30 båt
815 1875 149 30 använts
990 1885 75 21 som
1089 1878 303 39 transportmedel.
1420 1880 12 29 I
1459 1881 110 30 andra

82 1919 96 30 delar
202 1930 43 20 av
267 1922 143 30 världen
434 1923 64 30 har
522 1934 85 20 man
630 1926 192 31 emellertid
847 1928 107 30 sedan
978 1929 101 40 länge
1103 1930 168 40 begagnat
1299 1932 51 40 sig
1374 1942 42 21 av
1438 1934 130 30 rörled-

81 1973 125 40 ningar
234 1974 231 40 (pipe-lines),
489 1978 65 29 och
575 1978 45 39 på
642 1988 121 22 senare
786 1980 37 30 år
845 1981 64 30 har
930 1992 84 20 man
1036 1984 86 29 även
1143 1984 12 29 i
1175 1985 141 40 Europa
1336 1987 86 39 tagit
1444 1988 10 29 i
1476 1988 92 30 bruk

81 2026 251 42 anläggningar
351 2029 54 30 för
422 2031 95 30 detta
535 2032 173 31 ändamål.
727 2033 49 30 Bl.
791 2043 30 22 a.
840 2035 59 40 går
917 2045 44 21 en
978 2036 142 41 ledning
1138 2038 79 30 från
1235 2040 133 31 Trieste
1385 2041 52 30 till
1457 2042 110 39 Ingol-

81 2081 92 29 stadt
191 2082 11 29 i
219 2082 262 40 Västtyskland.
498 2084 95 31 Från
610 2086 114 30 denna
740 2088 127 40 bygges
884 2099 42 20 en
944 2090 366 43 anslutningsledning
1327 2093 80 31 från
1425 2095 141 30 Wildon

80 2133 101 31 söder
197 2144 57 20 om
272 2135 85 30 Graz
373 2138 11 28 i
402 2136 176 33 Österrike
594 2140 53 29 till
663 2140 259 32 wienområdet.
939 2143 546 44 Trieste-Ingolstadt-ledningen
1501 2148 64 30 har

80 2195 44 21 en
146 2188 106 40 längd
276 2199 41 20 av
341 2189 63 30 500
428 2191 71 30 km.
524 2192 53 30 En
601 2202 117 21 annan
741 2195 202 41 rörledning
967 2197 54 30 för
1045 2198 73 39 olja
1141 2199 60 39 går
1225 2199 80 31 från
1329 2201 67 30 den
1420 2202 146 30 franska

80 2240 234 31 hamnstaden
346 2243 133 31 Lavéra
513 2246 87 29 nära
631 2247 174 31 Marseille
837 2249 53 30 till
924 2249 192 32 Karlsruhe
1150 2252 8 29 i
1194 2253 261 40 Västtyskland.
1490 2256 75 29 Den

79 2295 111 29 mäter
212 2296 164 40 omkring
398 2297 61 30 760
482 2299 70 29 km.

122 2348 160 40 Tidigare
308 2350 63 29 har
396 2352 242 40 rörledningar
664 2363 43 21 av
731 2355 115 31 denna
870 2360 53 27 art
949 2358 246 32 aktualiserats
1222 2361 86 30 även
1333 2361 12 30 i
1369 2362 75 30 vårt
1470 2363 93 30 land.

79 2401 154 31 Sålunda
258 2403 189 31 framlades
472 2406 11 28 i
508 2406 127 39 början
660 2417 42 21 av
727 2409 110 30 andra
860 2410 233 41 världskriget
1118 2412 131 41 förslag
1273 2414 222 32 beträffande
1521 2426 43 21 en

76 2454 143 41 ledning
239 2456 54 30 för
312 2457 123 30 bensin
457 2458 80 31 från
557 2460 192 32 Uddevalla
767 2463 53 29 till
841 2464 174 31 Västerås.
1036 2465 179 41 Förslaget
1237 2467 202 32 föranledde
1461 2472 102 28 emel-

76 2507 103 31 lertid
200 2509 71 30 inte
292 2510 115 40 någon
428 2511 131 41 åtgärd,
584 2514 83 30 1946
688 2516 144 31 tillsatte
853 2518 125 30 chefen
999 2519 54 30 för
1075 2520 424 41 handelsdepartementet
1520 2534 42 20 en

79 2570 14 29 1—
108 2571 191 40 Bihang
322 2573 52 30 till
392 2573 206 42 riksdagens
618 2577 176 39 protokoll
816 2578 93 32 1967.
932 2580 37 30 11
993 2582 99 30 saml.
1113 2582 50 30 Nr
1183 2582 41 30 40
