1888 2772
254 145 17 29 6
532 146 406 40 Bevillningsutskottets
961 149 219 32 betänkande
1201 162 43 20 nr
1265 151 41 32 30
1329 154 38 29 år
1391 154 83 31 1958

256 229 86 40 höjd
364 229 153 31 indirekt
538 231 225 41 beskattning
784 234 131 30 tillföra
936 235 192 40 budgetens
1151 237 234 31 inkomstsida
1407 241 162 39 omkring
1592 242 62 30 390
1678 243 77 30 mil-

256 279 102 40 joner
384 280 130 31 kronor
539 283 113 29 under
680 284 147 36 1958/59
854 285 65 30 och
945 295 40 21 ca
1014 287 60 30 110
1101 288 165 39 miljoner
1293 289 132 30 kronor
1451 292 110 29 under
1591 293 80 30 1957
1680 294 72 36 /58.

256 330 267 40 Propositionen
545 335 131 38 upptog
698 334 41 30 de
761 335 176 40 riktlinjer
959 337 55 30 för
1035 337 474 42 beskattningsåtgärdernas
1533 343 219 40 utformning

256 389 120 21 varom
404 382 139 39 enighet
572 383 105 30 nåtts.
706 385 181 39 Därjämte
917 387 189 31 framlades
1137 389 363 42 författningsförslag
1529 393 223 31 beträffande

256 431 40 29 de
319 431 415 41 beskattningsområden
757 436 61 29 där
841 438 48 29 ett
914 438 125 29 snabbt
1063 440 274 37 genomförande
1362 444 132 28 ansetts
1520 439 231 49 erforderligt.

300 481 75 30 Den
403 491 48 20 nu
479 483 237 41 föreliggande
743 487 262 39 propositionen
1034 488 195 33 innehåller
1256 491 132 40 förslag
1416 494 148 29 rörande
1593 495 41 29 de
1663 495 89 29 åter-

255 531 142 31 stående
418 533 444 41 beskattningsområdena.
883 538 109 30 Dessa
1013 539 167 30 omfattar
1201 541 211 39 cigarretter,
1434 544 100 29 malt-
1554 544 64 30 och
1640 545 112 30 läske-

254 582 158 39 drycker,
438 583 167 31 elektrisk
629 586 97 30 kraft
752 590 89 27 samt
867 588 258 33 lotterivinster.

298 634 13 30 I
337 633 61 30 sitt
423 635 80 29 över
527 636 265 40 propositionen
817 647 41 20 nr
884 639 40 30 50
950 640 147 39 avgivna
1121 641 222 31 betänkande
1370 653 41 19 nr
1440 645 37 29 10
1504 645 166 30 framhöll
1696 648 54 28 ut-

253 683 139 37 skottet,
416 686 50 28 att
486 686 57 29 det
564 686 121 30 delade
707 688 270 41 uppfattningen
999 692 51 28 att
1071 692 200 39 ytterligare
1295 694 284 31 statsinkomster
1601 705 42 20 av
1665 706 84 29 nyss

253 733 147 40 angiven
421 735 213 41 omfattning
654 738 38 29 är
713 738 227 41 erforderliga
960 743 90 28 samt
1071 743 50 29 att
1143 742 101 30 dessa
1265 743 195 31 inkomster
1480 745 63 30 bör
1563 746 186 30 anskaffas

252 791 124 31 genom
400 785 86 40 höjd
510 786 154 31 indirekt
688 788 233 41 beskattning.
948 791 175 31 Utskottet
1148 793 156 32 uttalade
1328 794 128 35 vidare,
1482 797 50 28 att
1557 796 67 30 den
1649 797 100 29 verk-

252 834 127 31 ställda
402 836 239 41 avvägningen
663 838 221 32 beträffande
907 842 91 29 valet
1022 852 42 19 av
1087 843 237 40 skatteobjekt
1348 845 65 29 och
1438 845 244 41 fördelningen
1707 857 43 20 av

251 884 359 42 skattebelastningen
635 888 64 30 bör
726 889 121 31 kunna
873 891 176 40 godtagas.
1077 894 125 29 Denna
1229 895 228 40 uppfattning
1484 896 64 30 har
1576 898 172 29 utskotlet

250 934 72 31 inte
344 935 120 31 funnit
485 938 189 40 anledning
695 941 51 28 att
768 940 133 40 frångå,
924 942 103 30 Detta
1048 942 156 36 innebär,
1228 947 50 27 att
1301 946 170 30 utskottet
1494 948 182 39 avstyrker
1698 948 50 30 bi-

250 985 62 30 fall
333 986 54 30 till
408 987 220 31 motionerna
649 990 29 29 I:
694 990 62 30 317
779 991 64 29 och
865 992 44 29 II:
925 992 74 30 408.

295 1038 14 29 I
334 1036 97 30 detta
458 1039 256 40 sammanhang
740 1041 96 30 torde
863 1042 189 40 lämpligen
1077 1044 192 31 behandlas
1298 1046 219 31 motionerna
1544 1048 108 30 I:320
1681 1049 65 29 och

250 1086 44 30 If:
310 1086 74 35 413,
406 1088 75 29 vari
502 1088 201 39 hemställes
726 1100 57 20 om
805 1092 186 40 utredning
1014 1094 177 39 angående
1215 1105 42 20 en
1280 1097 223 40 omläggning
1526 1107 42 20 av
1590 1099 157 30 alkohol-

248 1136 271 42 beskattningen
536 1139 10 29 i
564 1140 154 39 enlighet
737 1142 77 30 med
832 1144 49 28 ett
900 1145 129 37 system
1049 1154 76 19 som
1144 1145 217 31 konsekvent
1380 1147 128 40 bygger
1526 1148 45 40 på
1590 1150 41 28 de
1652 1150 94 29 olika

247 1187 214 39 dryckernas
491 1189 332 41 berusningseffekt.
853 1193 176 31 Utskottet
1059 1195 55 29 får
1142 1195 12 29 i
1184 1196 189 40 anledning
1402 1198 110 30 härav
1540 1199 117 30 erinra
1686 1209 58 20 om

247 1239 50 28 att
316 1239 274 30 statsmakterna
609 1242 112 29 under
739 1251 120 22 senare
878 1243 38 30 år
935 1244 222 31 eftersträvat
1176 1249 51 27 att
1246 1247 244 31 åstadkomma
1510 1259 43 20 en
1573 1250 172 40 förskjut-

247 1287 83 40 ning
354 1288 12 29 i
391 1289 275 32 konsumtionen
690 1292 82 30 från
796 1294 157 30 starkare
979 1295 52 31 till
1057 1304 143 31 svagare
1226 1298 158 39 drycker.
1412 1299 48 30 På
1485 1299 259 41 beskattnings-

246 1337 158 32 området
425 1340 230 32 verkställdes
678 1342 11 29 i
713 1344 202 40 anslutning
941 1345 50 29 till
1017 1346 82 31 1954
1122 1346 57 30 års
1202 1347 115 31 beslut
1340 1358 57 20 om
1421 1346 323 49 nykterhetspoliti-

245 1388 68 30 ken
332 1398 45 21 en
395 1390 131 31 allmän
544 1392 149 40 översyn
713 1394 78 29 med
809 1394 96 30 detta
924 1395 100 39 syfte.
1054 1398 3 29 I
1078 1406 136 22 samma
1233 1398 156 40 riktning
1408 1400 151 30 verkade
1579 1401 67 29 den
1666 1402 78 39 höj-

246 1438 82 40 ning
348 1448 44 21 av
411 1440 273 40 spritskatterna
703 1452 76 21 som
798 1445 128 30 skedde
946 1446 44 39 på
1009 1446 126 31 hösten
1158 1448 93 30 1956.
1273 1449 93 30 Även
1387 1450 57 30 det
1464 1450 131 40 förslag
1615 1461 58 20 om
1694 1454 48 28 ett

245 1489 174 35 mellanöl,
443 1500 75 21 som
539 1492 191 32 framlades
752 1494 11 29 i
783 1496 262 38 propositionen
1067 1507 42 20 nr
1134 1498 169 36 143/1957
1328 1509 81 20 men
1431 1502 135 38 avslogs
1590 1511 42 20 av
1654 1502 89 29 riks-

245 1539 121 40 dagen,
391 1541 217 31 utformades
632 1544 81 29 med
737 1553 134 22 samma
895 1546 100 39 syfte.
1019 1548 228 31 Beträffande
1272 1549 41 30 de
1337 1559 47 20 nu
1411 1551 155 29 aktuella
1589 1552 154 30 beskatt-

244 1589 315 41 ningsåtgärderna
580 1593 181 40 påpekade
785 1596 170 30 utskottet
976 1597 11 29 i
1010 1597 59 30 sitt
1091 1598 222 31 betänkande
1337 1609 41 20 nr
1404 1601 49 34 10,
1477 1603 50 27 att
1550 1602 58 29 det
1630 1602 10 28 i
1663 1612 79 30 pro-

242 1640 201 39 positionen
464 1651 40 20 nr
526 1643 40 30 50
588 1643 197 41 framlagda
806 1646 166 40 förslaget
993 1648 146 30 innebar
1161 1659 44 20 en
1227 1649 110 30 sådan
1358 1650 199 41 fördelning
1578 1654 51 28 att
1652 1653 89 39 pris-

243 1690 268 33 förhållandena
536 1694 130 30 mellan
692 1696 212 39 rusdrycker
928 1707 43 19 av
995 1698 93 30 olika
1114 1699 218 31 alkoholhalt
1358 1701 11 28 i
1396 1703 87 28 stort
1510 1704 66 28 sett
1602 1702 138 31 kunnat

243 1741 112 30 hållas
388 1743 244 31 oförändrade.
665 1746 176 30 Utskottet
874 1748 221 35 underströk,
1128 1751 51 28 att
1211 1750 68 30 den
1309 1752 247 39 väsentligaste
1588 1754 154 39 prishöj-

242 1791 129 40 ningen
393 1793 152 31 träffade
568 1795 285 39 spritdryckerna
875 1800 91 27 samt
988 1800 155 29 uttalade
1165 1800 118 30 vidare
1306 1803 50 27 att
1379 1802 114 30 denna
1515 1803 225 40 prishöjning

241 1841 117 31 kunde
377 1844 145 38 antagas
539 1844 144 31 komma
699 1849 51 27 att
767 1847 143 40 bidraga
927 1848 52 30 till
997 1859 43 20 en
1058 1850 175 40 sänkning
1251 1861 43 20 av
1310 1852 61 29 vår
1390 1853 118 30 alltför
1527 1854 90 39 höga
1636 1855 103 39 sprit-

241 1891 230 32 konsumtion
498 1895 78 29 med
602 1905 45 20 en
673 1897 172 40 övergång
873 1899 142 30 särskilt
1043 1900 51 29 till
1123 1901 87 29 lätta
1236 1901 97 30 viner
1362 1912 76 20 som
1465 1903 99 40 följd.
1593 1905 75 29 Vad
1697 1906 41 29 de

240 1941 12 29 i
276 1943 264 39 propositionen
565 1955 42 20 nr
633 1946 41 31 53
701 1947 195 40 framlagda
921 1949 176 40 förslagen
1124 1951 119 39 angår,
1269 1952 55 29 får
1351 1953 171 30 utskottet
1549 1954 190 31 framhålla

240 1994 50 29 att
317 1993 42 29 de
386 1995 152 29 avsedda
564 1996 354 42 skattehöjningarna
944 2000 45 39 på
1016 2001 237 39 maltdrycker
1280 2012 43 20 av
1349 2003 95 31 klass
1473 2005 30 29 II
1531 2005 64 29 och
1624 2006 46 30 III
1699 2007 39 28 är

239 2042 199 41 obetydliga
467 2044 11 30 i
507 2045 204 40 jämförelse
742 2049 78 29 med
852 2049 353 42 skattehöjningarna
1236 2052 45 40 på
1313 2053 237 40 spritdrycker
1581 2056 65 29 och
1678 2056 60 29 vin

239 2095 91 28 samt
350 2095 52 29 att
421 2095 270 39 prisrelationen
709 2116 44 4 -—
771 2098 11 29 i
802 2099 153 40 enlighet
975 2102 77 29 med
1073 2102 66 29 vad
1160 2103 262 31 motionärerna
1443 2105 97 30 torde
1561 2106 113 29 önska
1694 2124 44 4 —-

238 2143 66 29 blir
330 2152 271 31 gynnsammare
628 2147 56 30 för
712 2149 292 40 maltdryckerna.

282 2194 14 29 I
324 2195 221 31 motionerna
573 2198 130 30 uttalas
732 2200 51 28 att
810 2200 236 40 maltdrycker
1074 2211 43 20 av
1144 2203 96 30 klass
1270 2206 13 28 I
1311 2204 106 30 borde
1446 2214 83 21 vara
1557 2206 69 30 fria
1654 2207 81 30 från

239 2243 103 33 skatt.
367 2245 175 32 Utskottet
565 2247 57 31 får
643 2248 56 30 för
721 2249 55 30 sin
799 2250 54 30 del
877 2252 121 35 uttala,
1022 2254 49 28 att
1095 2252 57 30 det
1176 2253 118 30 funnit
1318 2255 190 40 anledning
1530 2257 52 29 till
1607 2258 129 29 tvekan

237 2293 94 31 inför
349 2295 167 41 förslaget
534 2298 50 29 att
603 2298 193 31 återinföra
815 2301 139 30 skatten
972 2302 45 39 på
1035 2303 116 29 denna
1168 2312 93 26 vara,
1283 2314 75 21 som
1376 2306 91 29 visat
1485 2316 44 20 en
1547 2307 82 30 från
1648 2308 88 39 nyk-

236 2344 314 42 terhetssynpunkt
568 2348 188 40 glädjande
775 2350 458 43 konsumtionsutveckling.
1252 2355 66 30 Det
1335 2355 63 30 bör
1416 2357 192 30 emellertid
1626 2358 109 29 fram-

235 2394 123 36 hållas,
379 2397 51 30 att
449 2396 271 42 beskattningen
740 2409 43 20 av
800 2400 94 30 olika
914 2401 147 40 drycker
1080 2403 73 30 inte
1174 2404 123 32 enbart
1316 2405 71 30 kan
1408 2415 54 21 ses
1483 2416 76 21 som
1578 2409 49 28 ett
1648 2408 87 39 nyk-

236 2445 300 41 terhetsproblem.
567 2448 75 30 Den
672 2449 65 30 har
767 2450 126 31 liksom
923 2461 117 21 annan
1071 2454 343 41 punktbeskattning
1443 2458 152 39 avvägts,
1626 2458 44 30 bl.
1702 2468 31 20 a.
