2215 2678
353 183 22 30 6
769 175 425 34 Konstilutionsutskottets
1218 172 174 32 utlåtande
1415 171 51 30 Nr
1490 172 29 29 6.

550 263 218 36 Nuvarande
796 260 145 47 lydelse:
1382 254 209 43 Föreslagen
1620 251 142 46 lydelse:

684 355 21 44 8
736 354 59 34 59.
1508 343 23 48 8
1563 345 58 34 59.

411 428 140 48 Kungl.
572 426 127 49 Maj:ts
715 422 415 48 befallningshavandes
1237 418 141 47 Kungl.
1395 417 127 49 Maj:ts
1536 411 417 50 befallningshavandes

359 482 275 50 godkännande
663 480 183 36 erfordras
874 479 56 35 för
959 481 53 33 att
1044 476 85 48 giva
1185 496 50 3 —
1266 494 47 5 —
1339 494 47 4 —
1407 494 47 3 —
1471 470 205 47 nämligen:

357 538 189 38 bindande
589 535 99 36 kraft
731 537 37 33 åt
794 533 248 47 landstingets
1070 531 58 35 be-

358 595 75 36 slut
475 592 14 36 i
521 591 71 37 alla
621 590 127 47 övriga
777 594 144 38 ämnen,
953 587 83 36 med
1064 598 65 23 un-

358 650 140 45 dantag
526 646 116 36 likväl
671 645 56 35 för
754 643 175 48 följande,
961 654 76 24 som
1067 653 60 23 an-

356 704 150 33 komma
548 702 143 33 ensamt
718 701 48 43 på
794 697 247 46 landstingets
1070 708 58 23 av-

358 755 176 50 görande,
564 752 205 47 nämligen:

415 810 33 49 a)
477 810 105 45 fråga
625 820 57 23 om
716 805 221 47 behörighet
965 806 55 33 att
1046 806 87 43 taga
1242 799 32 47 a)
1317 798 105 46 fråga
1451 808 57 24 om
1538 816 43 4 --
1611 815 48 4 —
1689 793 13 35 i
1729 790 230 47 landstinget

360 868 75 33 sätt
463 864 68 36 och
560 866 155 32 stämma
743 860 14 35 1i
784 859 244 46 landstinget;
1188 854 80 37 eller
1310 865 52 23 om
1403 850 224 45 medgivande
1665 858 120 25 varom
1813 846 13 35 i
1853 845 25 46 $
1908 846 51 34 32

1188 914 91 39 söfg.
1339 928 22 5 —
1412 927 34 4 —
1503 925 29 4 —
1590 924 29 4 —
1666 923 40 4 —
1760 922 30 3 —
1840 921 33 4 —
1919 920 40 5 —

414 972 36 50 b)
480 970 238 48 tillämpning
748 981 45 24 av
823 990 47 3 —
903 989 48 4 —
984 988 47 4 —
1062 967 68 34 etc.
1241 961 36 50 b)
1306 959 238 48 tillämpning
1584 970 45 23 av
1650 977 50 5 —
1731 977 48 4 —
1811 975 48 4 —
1890 956 69 33 etc.

472 1079 213 38 Stockholm
716 1078 71 35 den
818 1079 46 33 18
895 1074 164 37 februari
1091 1075 112 34 1913.

929 1229 52 35 På
1009 1227 201 36 utskottets
1239 1229 154 42 vägnar:

1015 1387 114 36 NILS
1158 1374 150 47 EDÉN.

819 2349 169 29 Stockholm,
1008 2348 62 30 Nya
1087 2342 341 34 Tryckeri-Aktiebolaget
1447 2337 78 29 1913,
