1860 2792
265 142 19 30 8
624 143 286 31 Statsutskottets
929 144 179 31 utlåtande
1127 155 42 20 nr
1188 146 62 30 127
1268 146 39 30 år
1327 147 85 29 1955

269 225 339 39 partementschefen
629 226 196 38 framhållit
846 236 104 31 synes
972 228 190 31 emellertid
1184 230 42 29 de
1246 229 165 31 befarade
1433 230 261 40 svårigheterna
1715 232 54 30 för

269 275 276 30 huvudmännen
562 277 50 28 att
631 276 11 29 i
661 277 92 30 vissa
772 277 61 29 fall
851 278 45 39 på
916 280 111 28 avsett
1047 280 68 28 sätt
1134 279 158 40 tillämpa
1311 281 41 30 de
1373 290 68 30 nya
1458 281 312 31 bestämmelserna

268 326 121 29 kunna
410 326 136 40 undgås
567 334 125 32 genom
715 327 222 41 erforderligt
959 329 139 30 samråd
1120 331 79 30 med
1221 330 353 40 pensionsanstalten.
1599 332 74 30 Vad
1698 333 71 30 sär-

269 375 82 30 skilt
374 376 173 30 beträffar
571 377 67 30 den
662 377 375 41 finansieringsteknik
1060 388 75 21 som
1158 381 107 39 gäller
1289 381 54 31 för
1369 381 399 41 SPA-pensioneringen,

268 435 101 20 anser
389 426 53 40 sig
462 427 171 31 utskottet
652 427 176 41 knappast
848 428 135 31 behöva
1004 430 111 29 räkna
1135 431 80 29 med
1237 430 107 40 några
1366 432 219 39 allvarligare
1606 432 163 31 intresse-

268 477 271 40 motsättningar
558 478 130 29 mellan
706 478 278 31 huvudmännen
1003 479 66 30 och
1088 482 124 33 staten,
1234 481 11 29 i
1265 483 76 28 vart
1361 482 63 29 fall
1442 482 72 30 inte
1534 483 96 29 inom
1651 483 42 30 de
1712 483 56 30 be-

268 527 149 38 tydande
441 528 167 30 områden
632 538 43 21 av
696 529 302 40 pensioneringen,
1023 530 62 31 där
1107 531 380 41 huvudmannaskapet
1510 535 257 38 representeras

267 586 42 21 av
328 578 211 30 kommuner
561 579 64 29 och
646 579 186 40 landsting.

311 628 72 29 Mot
407 637 44 21 en
474 629 173 39 övergång
672 639 48 20 nu
747 630 52 29 till
825 630 290 40 periodsystemet
1141 632 44 39 på
1213 632 255 32 SPA-området
1494 634 71 29 kan
1591 634 176 30 måhända

266 677 181 36 invändas,
471 681 51 28 att
544 679 124 40 frågan
692 689 57 20 om
772 680 452 41 pensioneringssystemets
1249 683 167 30 framtida
1441 684 220 40 utformning
1686 686 80 29 över

266 728 118 31 huvud
403 729 24 30 f.
447 738 34 22 n.
499 730 40 29 är
556 730 147 30 föremål
723 730 54 31 för
796 732 232 39 omprövning
1047 741 41 21 av
1109 733 80 30 1951
1213 732 57 38 års
1289 734 368 40 pensionsutredning.
1679 736 88 29 Oav-

266 780 65 28 sett
357 779 58 30 det
439 780 337 40 ställningstagande
801 781 80 30 från
908 783 292 31 statsmakternas
1227 783 85 36 sida,
1339 784 117 30 vartill
1483 785 284 39 pensionsutred-

265 829 146 39 ningens
432 831 264 39 överväganden
717 831 10 30 i
749 832 114 29 sinom
885 832 51 31 tid
958 833 58 29 må
1036 833 143 30 komma
1199 835 51 28 att
1271 842 39 31 ge
1330 835 200 40 anledning,
1552 836 98 30 torde
1672 836 11 29 i
1705 837 62 29 allt

265 879 61 30 fall
345 880 37 30 få
399 880 207 33 förutsättas
625 883 51 29 att
694 882 212 40 tidpunkten
925 883 55 30 för
998 885 47 29 ett
1062 884 134 39 slutligt
1215 885 337 40 ställningstagande
1570 887 39 30 är
1628 887 138 30 relativt

264 930 173 40 avlägsen.
459 931 86 30 Häri
565 932 106 39 ligger
693 933 107 39 enligt
819 933 191 30 utskottets
1030 935 141 39 mening
1193 936 48 28 ett
1262 935 75 30 skäl
1360 935 55 31 för
1436 938 50 28 att
1506 936 67 30 den
1593 937 11 29 i
1625 937 65 29 och
1711 937 54 30 för

264 980 51 40 sig
334 981 361 38 eftersträvansvärda
716 983 286 40 likformigheten
1021 984 44 40 på
1083 985 326 39 pensionsområdet
1429 995 47 21 nu
1498 987 194 40 tillskapas.
1713 988 52 29 En

264 1031 171 40 övergång
452 1041 48 21 nu
517 1032 51 30 till
583 1033 289 40 periodsystemet
889 1034 46 40 på
952 1034 255 31 SPA-området
1224 1036 97 30 torde
1338 1036 55 30 för
1411 1037 113 39 övrigt
1540 1038 76 29 icke
1632 1038 133 30 behöva

263 1082 181 39 uppfattas
469 1091 75 21 som
567 1085 48 28 ett
637 1084 177 30 definitivt
839 1085 55 29 val
919 1085 129 29 mellan
1072 1086 93 29 olika
1190 1086 221 40 möjligheter
1435 1087 223 31 beträffande
1683 1097 82 31 pen-

264 1132 280 31 sionsåldrarnas
567 1133 168 31 framtida
758 1135 205 39 avvägning.

307 1182 64 30 Vid
389 1183 42 30 de
447 1184 264 39 överväganden
727 1185 170 30 utskottet
914 1187 105 37 ägnat
1036 1186 66 29 den
1118 1186 237 40 föreliggande
1371 1187 125 40 frågan
1512 1188 64 30 har
1594 1190 171 29 utskottet

263 1232 220 31 fördenskull
498 1235 142 29 stannat
654 1235 57 30 vid
728 1237 50 28 att
792 1235 187 40 tillstyrka,
997 1238 51 28 att
1062 1239 166 37 systemet
1243 1238 78 29 med
1336 1239 428 40 pensioneringsperioder

262 1284 97 38 göres
378 1283 202 41 tillämpligt
597 1286 88 29 även
703 1285 45 40 på
768 1286 266 30 SPA-området.

307 1334 13 29 I
341 1334 101 40 fråga
462 1344 58 20 om
540 1334 306 41 periodsystemets
869 1338 163 29 närmare
1055 1337 219 40 utformning
1293 1357 45 3 —
1359 1339 239 30 innebärande
1621 1342 51 28 att
1693 1340 72 30 det-

263 1393 135 21 samma
418 1385 11 29 i
450 1385 198 40 möjligaste
672 1386 83 30 mån
776 1395 170 31 anpassas
970 1387 52 30 till
1043 1388 57 29 det
1122 1388 54 30 för
1200 1389 67 29 den
1289 1389 102 30 civila
1415 1390 349 40 statsförvaltningen

262 1435 106 29 redan
390 1435 161 40 gällande
575 1438 166 38 systemet
761 1455 44 4 —
825 1438 157 29 ansluter
1005 1438 51 39 sig
1079 1438 171 30 utskottet
1273 1439 52 30 till
1347 1440 416 40 propositionsförslaget.

262 1485 73 30 Vad
356 1485 264 40 propositionen
640 1487 12 29 i
674 1487 112 40 övrigt
807 1487 196 38 innehåller
1024 1488 63 30 har
1109 1488 72 31 inte
1203 1489 84 40 givit
1308 1490 171 30 utskottet
1501 1491 188 40 anledning
1711 1491 53 30 till

262 1535 149 31 erinran.

306 1586 49 30 Av
377 1586 58 30 det
458 1587 106 39 sagda
585 1587 114 39 följer,
721 1589 51 29 att
792 1588 171 30 utskottet
983 1588 72 30 inte
1076 1589 70 30 kan
1167 1590 137 30 biträda
1325 1591 58 29 det
1403 1591 11 29 i
1436 1591 179 30 motionen
1638 1593 45 29 II:
1700 1593 63 30 629

261 1636 223 31 framställda
515 1638 174 39 yrkandet
721 1647 59 20 om
812 1639 118 39 avslag
964 1639 45 39 på
1032 1640 272 39 propositionen.
1326 1641 181 30 Yrkandet
1549 1642 10 29 i
1585 1643 179 30 motionen

263 1687 44 29 II:
323 1687 62 29 636
410 1696 59 21 om
494 1687 148 41 höjning
666 1697 43 22 av
734 1690 80 29 övre
839 1690 151 38 gränsen
1017 1690 53 29 för
1093 1690 94 30 vissa
1211 1691 428 41 pensioneringsperioder
1664 1702 98 21 avser

261 1746 43 21 en
320 1737 109 40 fråga,
447 1747 76 21 som
540 1739 78 29 med
634 1738 139 40 hänsyn
789 1739 52 30 till
857 1741 58 29 det
933 1740 146 39 tidigare
1096 1741 151 30 anförda
1262 1741 29 39 ej
1310 1741 63 30 bör
1391 1743 126 38 prövas
1534 1743 10 29 i
1561 1744 95 29 detta
1673 1753 90 20 sam-

261 1788 187 39 manhang,
468 1788 65 30 och
551 1789 70 29 kan
638 1789 221 30 fördenskull
877 1790 30 40 ej
935 1790 6 29 i
959 1791 202 29 nuvarande
1178 1791 75 39 läge
1270 1791 205 40 tillstyrkas.

304 1838 227 40 Åberopande
551 1839 56 30 det
627 1839 149 30 anförda
794 1840 203 30 hemställer
1017 1841 179 34 utskottet,

611 1890 51 29 att
690 1890 187 39 riksdagen
906 1890 68 35 må,
1003 1891 79 29 med
1111 1891 99 30 bifall
1238 1892 52 29 till
1319 1892 125 39 Kungl.
1474 1893 124 39 Maj:ts
1628 1894 130 39 förslag

569 1942 91 27 samt
684 1941 79 29 med
787 1940 119 40 avslag
929 1941 21 30 å
974 1941 218 30 motionerna
1217 1942 45 29 II:
1279 1942 62 30 629
1366 1944 65 28 och
1457 1944 45 29 II:
1519 1944 73 34 636,
1617 1944 141 39 bemyn-

567 1990 79 39 diga
669 1991 125 39 Kungl.
818 1991 106 39 Maj:t
946 1993 51 28 att
1025 1994 5 28 i
1052 1992 234 39 huvudsaklig
1309 1994 347 30 överensstämmelse
1679 1995 78 29 med

567 2041 66 29 vad
654 2041 10 29 i
684 2041 383 40 statsrådsprotokollet
1087 2044 79 29 över
1186 2042 233 32 civilärenden
1440 2044 54 30 för
1515 2045 65 29 den
1604 2045 38 29 18
1663 2055 94 20 mars

570 2091 78 30 1955
671 2091 174 30 förordats
868 2091 139 31 utfärda
1031 2093 256 30 bestämmelser
1311 2104 56 20 om
1390 2094 147 39 ändring
1559 2096 10 29 i
1593 2096 168 38 SPA-reg-

568 2141 165 30 lementet
749 2143 164 29 ävensom
930 2143 10 28 i
957 2143 111 39 övrigt
1084 2143 227 40 erforderliga
1325 2144 274 32 bestämmelser.

305 2200 201 30 Stockholm
524 2200 66 30 den
613 2201 39 29 10
661 2200 80 40 maj
766 2201 81 29 1955

746 2267 48 30 På
816 2268 279 30 statsutskottets
1115 2270 146 38 vägnar:

789 2334 174 29 MARTIN
985 2335 234 30 SKOGLUND

301 2426 240 30 Närvarande:
564 2436 35 21 se
620 2427 111 31 under
752 2427 196 30 utlåtandet
970 2437 41 20 nr
1035 2428 70 29 126.

488 2506 96 22 550942
630 2503 165 24 Stockholm
809 2503 75 24 1955.
905 2503 81 24 Isaac
998 2504 111 24 Marcus
1120 2504 187 31 Boktryckeri
1321 2506 171 32 Aktiebolag
