2200 2616
648 191 359 44 Bevillningsutskottets
1035 189 205 35 Betänkande
1263 189 61 34 N:o
1347 193 50 30 20.
1737 188 39 31 18

838 477 368 40 Reservationer:

356 582 40 36 af
422 582 89 36 herr
543 581 154 47 Cavalli,
727 593 79 24 som
836 587 136 42 ansett,
1001 587 54 31 att
1073 579 425 50 bevillningsutskottet
1519 578 88 36 bort
1626 577 11 36 i
1658 577 163 37 hufvud-

226 634 69 37 sak
323 633 195 49 tillstyrka
545 633 108 37 bifall
680 632 60 36 till
769 633 73 38 den
871 634 132 49 kungl.
1033 633 304 50 propositionen;

354 738 40 36 af
420 737 87 36 herr
540 733 155 50 Östberg,
727 750 79 23 som
836 737 158 37 instämt
1024 737 85 36 med
1137 736 89 37 herr
1254 734 162 45 Cavalli;

356 840 40 37 af
419 841 90 36 herr
536 842 48 35 K.
619 842 38 36 G.
687 842 195 46 Karlsson,
913 854 80 23 som
1023 840 140 37 anfört:

351 892 190 37 »Oaktadt
563 893 71 49 jag
662 892 84 37 icke
776 893 73 36 kan
879 893 145 49 påyrka
1052 891 106 38 bifall
1186 891 57 36 till
1264 890 140 48 Kungl.
1428 890 125 48 Maj:ts
1573 888 249 37 förevarande

224 945 235 49 proposition
488 945 12 36 i
528 944 85 37 hela
655 944 86 37 dess
770 944 279 49 utsträckning,
1079 956 113 24 anser
1216 943 70 49 jag
1314 942 108 47 dock,
1453 946 55 32 att
1536 941 75 36 den
1639 941 86 36 bort
1752 941 70 35 hos

224 997 188 36 utskottet
453 996 137 37 vunnit
631 1009 104 23 mera
775 996 225 47 beaktande,
1031 1001 48 31 än
1107 995 102 36 hvad
1237 1008 50 23 nu
1317 993 126 37 blifvit
1471 993 221 36 händelsen.
1750 993 71 35 Om

224 1049 112 36 äfven
365 1048 241 49 berättigade
634 1049 285 48 invändningar
946 1051 61 34 må
1035 1048 130 36 kunna
1188 1052 114 44 göras
1321 1050 79 32 mot
1420 1044 402 50 stämpelbeläggning

226 1101 39 36 af
289 1101 366 49 bankanvisningar,
685 1100 162 37 checker
876 1101 71 37 och
975 1099 250 50 uttagningar
1254 1101 19 34 å
1302 1097 367 50 sparkasseräkning
1689 1096 132 37 äfven-

225 1166 80 23 som
333 1153 188 36 måhända
548 1152 12 36 i
588 1156 127 45 någon
744 1155 88 34 mån
862 1157 77 32 mot
967 1150 406 51 stämpelbeläggning
1393 1150 40 36 af
1449 1149 371 49 postremissväxlar,

224 1218 115 35 synas
368 1204 95 37 dock
492 1205 100 48 goda
620 1204 83 36 skäl
731 1204 191 49 föreligga
951 1210 55 30 att
1035 1204 129 36 bifalla
1192 1202 98 37 hvad
1319 1202 142 48 Kungl.
1483 1202 107 48 Maj:t
1611 1202 11 35 i
1642 1201 104 36 detta
1766 1200 55 36 af-

225 1256 149 52 seende
392 1256 201 48 föreslagit
620 1256 161 36 rörande
809 1256 144 36 inrikes
981 1255 141 36 växlar.

353 1307 127 37 Äfven
509 1308 73 36 den
611 1308 174 48 ifrigaste
821 1308 220 48 anhängare
1071 1307 42 36 af
1137 1306 161 45 åsikten,
1330 1309 53 31 att
1411 1304 290 36 statsbehofven
1731 1303 91 36 böra

223 1362 41 34 så
292 1359 108 49 långt
428 1359 154 49 möjligt
610 1359 115 49 fyllas
745 1362 48 47 på
814 1359 72 37 den
902 1359 149 37 direkta
1066 1357 322 48 beskattningens
1403 1361 88 44 väg,
1508 1356 109 36 torde
1634 1355 188 49 knappast

225 1414 97 45 våga
350 1414 120 47 påstå,
500 1416 56 31 att
584 1411 64 37 det
676 1411 122 37 under
817 1412 60 36 för
895 1411 151 36 handen
1066 1409 166 37 varande
1251 1408 261 37 förhållanden
1534 1413 40 30 är
1595 1407 152 48 möjligt
1767 1411 56 31 att

224 1463 167 36 undvika
432 1463 263 49 upptagandet
738 1464 40 36 af
812 1464 113 36 äfven
952 1462 191 37 indirekta
1173 1462 156 36 skatter.
1385 1459 88 37 Man
1501 1464 121 32 mäste
1650 1458 172 50 tillgripa

225 1520 54 30 ett
320 1515 122 36 fertal
485 1515 233 37 skattetitlar
758 1515 60 37 för
860 1520 52 32 att
947 1515 101 37 bilda
1077 1519 53 32 ett
1159 1514 283 48 skattesystem,
1472 1512 69 36 och
1571 1525 61 23 om
1662 1524 84 23 man
1776 1510 46 36 då

225 1566 74 36 kan
340 1567 103 35 finna
485 1567 140 36 sådana
665 1567 272 49 skatteobjekt,
967 1580 81 23 som
1076 1566 11 36 i
1117 1565 136 36 minsta
1283 1564 158 49 möjliga
1469 1572 88 28 mån
1585 1564 134 36 beröra
1748 1563 74 36 den

224 1624 100 30 stora
354 1619 191 48 mängden
575 1619 39 36 af
639 1619 147 36 mindre
815 1618 235 47 bemedlade,
1072 1620 120 34 måste
1213 1617 104 36 detta
1337 1616 119 49 enligt
1476 1616 86 36 mitt
1576 1614 246 38 förmenande

225 1682 109 23 anses
361 1670 233 48 förmånligt.
652 1669 185 38 Särskildt
865 1676 40 30 är
934 1670 105 36 detta
1067 1668 238 48 nödvändigt
1333 1668 12 36 i
1372 1670 84 34 vårt
1482 1668 101 46 land,
1614 1667 67 36 där
1705 1666 117 37 redan

224 1734 50 22 nu
302 1726 155 43 uttagas
486 1721 213 48 betydande
728 1721 189 37 indirekta
946 1721 155 46 skatter,
1130 1720 129 36 hvilka
1282 1720 12 35 i
1322 1719 191 48 väsentlig
1531 1719 95 48 grad
1646 1719 110 35 träffa
1776 1717 46 36 de

224 1772 115 36 minst
380 1773 247 48 bärkraftiga.
687 1773 131 36 Såsom
849 1786 47 23 en
925 1773 112 46 skatt,
1066 1772 157 36 hvilken
1251 1771 82 36 icke
1361 1771 153 48 trycker
1543 1771 124 35 denna
1696 1770 61 36 del
1786 1769 40 35 af

224 1824 288 48 befolkningen,
556 1825 107 36 torde
707 1838 85 23 man
835 1825 128 36 kunna
1004 1823 312 37 rekommendera
1345 1821 406 50 stämpelbeläggning
1786 1821 40 35 af

224 1875 100 37 vissa
345 1876 269 50 affärspapper,
636 1877 70 35 och
722 1876 47 36 då
791 1889 87 24 man
894 1881 75 41 vet,
995 1876 11 35 i
1022 1875 155 36 hvilken
1194 1875 78 47 hög
1286 1874 96 47 grad
1398 1874 123 36 denna
1536 1873 286 48 beskattnings-

224 1928 96 35 form
362 1928 137 36 vunnit
540 1928 248 48 användning
829 1928 12 36 i
883 1928 184 46 utlandet,
1110 1932 41 31 är
1193 1927 63 36 det
1284 1931 135 31 nästan
1449 1926 144 48 ägnadt
1622 1930 53 31 att
1706 1924 116 37 väcka

223 1979 213 48 förvåning,
479 1984 55 31 att
575 1980 83 36 icke
700 1980 105 48 dylik
835 1979 406 49 stämpelbeläggning
1267 1978 12 36 i
1308 1983 84 30 vårt
1419 1978 89 35 land
1540 1977 132 36 vunnit
1701 1981 120 31 större

224 2030 278 48 utsträckning,
534 2036 48 30 än
611 2031 135 35 hittills
775 2031 97 35 varit
900 2031 116 36 fallet.

354 2081 87 36 Som
486 2086 54 31 ett
580 2086 116 42 tungt
738 2082 174 47 vägande
955 2087 203 42 argument
1191 2086 78 30 mot
1297 2081 72 35 den
1398 2080 219 46 föreslagna
1645 2078 177 49 stämpel-

226 2132 288 49 beläggningen
553 2133 41 35 af
632 2133 132 35 växlar
805 2133 68 36 har
903 2132 155 47 anförts,
1089 2137 56 31 att
1172 2132 222 48 härigenom
1424 2131 139 36 bruket
1592 2131 40 35 af
1657 2135 55 30 ett
1739 2130 85 46 vigt

225 2184 69 35 och
335 2184 11 35 i
390 2184 71 36 alla
503 2184 205 37 afseenden
753 2184 219 47 förmånligt
1013 2183 296 48 betalningssätt
1350 2183 121 36 skulle
1506 2182 151 36 konuma
1686 2186 53 31 att
1766 2181 56 35 in-

225 2235 195 46 skränkas,
465 2235 146 37 hvilket
653 2240 80 32 åter
777 2235 121 36 skulle
941 2234 274 47 ofördelaktigt
1256 2234 156 36 inverka
1453 2237 46 45 på
1541 2233 280 45 niäringslifvet.

313 2295 70 31 Bih.
409 2295 49 32 till
484 2294 109 32 Riksd.
620 2296 87 30 Prot.
745 2297 90 31 1903.
883 2297 19 29 5
925 2295 100 31 Saml.
1053 2297 17 29 I
1095 2294 78 40 Afd.
1201 2296 39 30 15
1264 2294 93 40 Häft.
1759 2294 19 29 3
