<?xml version="1.0" encoding="UTF-8"?>
<alto xmlns="http://www.loc.gov/standards/alto/ns-v3#" xmlns:xlink="http://www.w3.org/1999/xlink" xmlns:xsi="http://www.w3.org/2001/XMLSchema-instance" xsi:schemaLocation="http://www.loc.gov/standards/alto/ns-v3# http://www.loc.gov/alto/v3/alto-3-0.xsd">
	<Description>
		<MeasurementUnit>pixel</MeasurementUnit>
		<sourceImageInformation>
			<fileName>/tmp/tess_x_rnwh8n_input.PNG</fileName>
		</sourceImageInformation>
		<OCRProcessing ID="OCR_0">
			<ocrProcessingStep>
				<processingSoftware>
					<softwareName>tesseract 5.3.0</softwareName>
				</processingSoftware>
			</ocrProcessingStep>
		</OCRProcessing>
	</Description>
	<Layout>
		<Page WIDTH="1904" HEIGHT="2829" PHYSICAL_IMG_NR="0" ID="page_0">
			<PrintSpace HPOS="0" VPOS="0" WIDTH="1904" HEIGHT="2829">
				<ComposedBlock ID="cblock_0" HPOS="370" VPOS="146" WIDTH="1292" HEIGHT="46">
					<TextBlock ID="block_0" HPOS="370" VPOS="146" WIDTH="1292" HEIGHT="46">
						<TextLine ID="line_0" HPOS="370" VPOS="146" WIDTH="1292" HEIGHT="46">
							<String ID="string_0" HPOS="370" VPOS="146" WIDTH="189" HEIGHT="32" WC="0.93" CONTENT="Allmänna"/><SP WIDTH="22" VPOS="146" HPOS="559"/>
							<String ID="string_1" HPOS="581" VPOS="149" WIDTH="397" HEIGHT="41" WC="0.92" CONTENT="beredningsutskottets"/><SP WIDTH="23" VPOS="149" HPOS="978"/>
							<String ID="string_2" HPOS="1001" VPOS="155" WIDTH="178" HEIGHT="31" WC="0.96" CONTENT="utlåtande"/><SP WIDTH="21" VPOS="155" HPOS="1179"/>
							<String ID="string_3" HPOS="1200" VPOS="166" WIDTH="43" HEIGHT="20" WC="0.96" CONTENT="nr"/><SP WIDTH="21" VPOS="166" HPOS="1243"/>
							<String ID="string_4" HPOS="1264" VPOS="158" WIDTH="41" HEIGHT="29" WC="0.96" CONTENT="34"/><SP WIDTH="22" VPOS="158" HPOS="1305"/>
							<String ID="string_5" HPOS="1327" VPOS="159" WIDTH="39" HEIGHT="29" WC="0.96" CONTENT="år"/><SP WIDTH="23" VPOS="159" HPOS="1366"/>
							<String ID="string_6" HPOS="1389" VPOS="160" WIDTH="83" HEIGHT="29" WC="0.96" CONTENT="1967"/><SP WIDTH="177" VPOS="160" HPOS="1472"/>
							<String ID="string_7" HPOS="1649" VPOS="163" WIDTH="13" HEIGHT="29" WC="0.96" CONTENT="1"/>
						</TextLine>
					</TextBlock>
				</ComposedBlock>
				<ComposedBlock ID="cblock_1" HPOS="846" VPOS="337" WIDTH="145" HEIGHT="43">
					<TextBlock ID="block_1" HPOS="846" VPOS="337" WIDTH="145" HEIGHT="43">
						<TextLine ID="line_1" HPOS="846" VPOS="337" WIDTH="145" HEIGHT="43">
							<String ID="string_8" HPOS="846" VPOS="337" WIDTH="64" HEIGHT="41" WC="0.96" CONTENT="Nr"/><SP WIDTH="23" VPOS="337" HPOS="910"/>
							<String ID="string_9" HPOS="933" VPOS="339" WIDTH="58" HEIGHT="41" WC="0.96" CONTENT="34"/>
						</TextLine>
					</TextBlock>
				</ComposedBlock>
				<ComposedBlock ID="cblock_2" HPOS="377" VPOS="443" WIDTH="1287" HEIGHT="106">
					<TextBlock ID="block_2" HPOS="377" VPOS="443" WIDTH="1287" HEIGHT="106">
						<TextLine ID="line_2" HPOS="377" VPOS="443" WIDTH="1287" HEIGHT="54">
							<String ID="string_10" HPOS="377" VPOS="443" WIDTH="184" HEIGHT="32" WC="0.96" CONTENT="Utlåtande"/><SP WIDTH="23" VPOS="443" HPOS="561"/>
							<String ID="string_11" HPOS="584" VPOS="445" WIDTH="12" HEIGHT="30" WC="0.95" CONTENT="i"/><SP WIDTH="19" VPOS="445" HPOS="596"/>
							<String ID="string_12" HPOS="615" VPOS="447" WIDTH="189" HEIGHT="41" WC="0.96" CONTENT="anledning"/><SP WIDTH="20" VPOS="447" HPOS="804"/>
							<String ID="string_13" HPOS="824" VPOS="458" WIDTH="42" HEIGHT="21" WC="0.96" CONTENT="av"/><SP WIDTH="22" VPOS="458" HPOS="866"/>
							<String ID="string_14" HPOS="888" VPOS="450" WIDTH="123" HEIGHT="31" WC="0.96" CONTENT="väckta"/><SP WIDTH="21" VPOS="450" HPOS="1011"/>
							<String ID="string_15" HPOS="1032" VPOS="452" WIDTH="172" HEIGHT="31" WC="0.96" CONTENT="motioner"/><SP WIDTH="21" VPOS="452" HPOS="1204"/>
							<String ID="string_16" HPOS="1225" VPOS="463" WIDTH="56" HEIGHT="21" WC="0.96" CONTENT="om"/><SP WIDTH="24" VPOS="463" HPOS="1281"/>
							<String ID="string_17" HPOS="1305" VPOS="455" WIDTH="198" HEIGHT="42" WC="0.96" CONTENT="utbildning"/><SP WIDTH="20" VPOS="455" HPOS="1503"/>
							<String ID="string_18" HPOS="1523" VPOS="467" WIDTH="43" HEIGHT="20" WC="0.92" CONTENT="av"/><SP WIDTH="23" VPOS="467" HPOS="1566"/>
							<String ID="string_19" HPOS="1589" VPOS="459" WIDTH="75" HEIGHT="29" WC="0.92" CONTENT="bor-"/>
						</TextLine>
						<TextLine ID="line_3" HPOS="572" VPOS="510" WIDTH="310" HEIGHT="39">
							<String ID="string_20" HPOS="572" VPOS="510" WIDTH="130" HEIGHT="39" WC="0.91" CONTENT="gerliga"/><SP WIDTH="17" VPOS="510" HPOS="702"/>
							<String ID="string_21" HPOS="719" VPOS="511" WIDTH="163" HEIGHT="31" WC="0.96" CONTENT="medlare."/>
						</TextLine>
					</TextBlock>
				</ComposedBlock>
				<ComposedBlock ID="cblock_3" HPOS="169" VPOS="611" WIDTH="1494" HEIGHT="1066">
					<TextBlock ID="block_3" HPOS="173" VPOS="611" WIDTH="1490" HEIGHT="308">
						<TextLine ID="line_4" HPOS="220" VPOS="611" WIDTH="1443" HEIGHT="54">
							<String ID="string_22" HPOS="220" VPOS="611" WIDTH="14" HEIGHT="29" WC="0.96" CONTENT="I"/><SP WIDTH="20" VPOS="611" HPOS="234"/>
							<String ID="string_23" HPOS="254" VPOS="611" WIDTH="43" HEIGHT="30" WC="0.95" CONTENT="de"/><SP WIDTH="18" VPOS="611" HPOS="297"/>
							<String ID="string_24" HPOS="315" VPOS="613" WIDTH="54" HEIGHT="29" WC="0.95" CONTENT="till"/><SP WIDTH="19" VPOS="613" HPOS="369"/>
							<String ID="string_25" HPOS="388" VPOS="614" WIDTH="181" HEIGHT="31" WC="0.93" CONTENT="allmänna"/><SP WIDTH="18" VPOS="614" HPOS="569"/>
							<String ID="string_26" HPOS="587" VPOS="617" WIDTH="380" HEIGHT="41" WC="0.91" CONTENT="beredningsutskottet"/><SP WIDTH="21" VPOS="617" HPOS="967"/>
							<String ID="string_27" HPOS="988" VPOS="622" WIDTH="190" HEIGHT="32" WC="0.96" CONTENT="hänvisade"/><SP WIDTH="21" VPOS="622" HPOS="1178"/>
							<String ID="string_28" HPOS="1199" VPOS="625" WIDTH="223" HEIGHT="40" WC="0.96" CONTENT="likalydande"/><SP WIDTH="21" VPOS="625" HPOS="1422"/>
							<String ID="string_29" HPOS="1443" VPOS="628" WIDTH="220" HEIGHT="31" WC="0.96" CONTENT="motionerna"/>
						</TextLine>
						<TextLine ID="line_5" HPOS="176" VPOS="664" WIDTH="1485" HEIGHT="53">
							<String ID="string_30" HPOS="176" VPOS="664" WIDTH="29" HEIGHT="31" WC="0.76" CONTENT="I:"/><SP WIDTH="16" VPOS="664" HPOS="205"/>
							<String ID="string_31" HPOS="221" VPOS="664" WIDTH="63" HEIGHT="31" WC="0.94" CONTENT="373"/><SP WIDTH="24" VPOS="664" HPOS="284"/>
							<String ID="string_32" HPOS="308" VPOS="675" WIDTH="43" HEIGHT="21" WC="0.96" CONTENT="av"/><SP WIDTH="22" VPOS="675" HPOS="351"/>
							<String ID="string_33" HPOS="373" VPOS="666" WIDTH="58" HEIGHT="31" WC="0.93" CONTENT="fru"/><SP WIDTH="22" VPOS="666" HPOS="431"/>
							<String ID="string_34" HPOS="453" VPOS="667" WIDTH="307" HEIGHT="34" WC="0.92" CONTENT="Hamrin-Thorell"/><SP WIDTH="22" VPOS="667" HPOS="760"/>
							<String ID="string_35" HPOS="782" VPOS="673" WIDTH="65" HEIGHT="30" WC="0.96" CONTENT="och"/><SP WIDTH="22" VPOS="673" HPOS="847"/>
							<String ID="string_36" HPOS="869" VPOS="674" WIDTH="80" HEIGHT="30" WC="0.96" CONTENT="herr"/><SP WIDTH="23" VPOS="674" HPOS="949"/>
							<String ID="string_37" HPOS="972" VPOS="675" WIDTH="145" HEIGHT="42" WC="0.96" CONTENT="Hilding"/><SP WIDTH="23" VPOS="675" HPOS="1117"/>
							<String ID="string_38" HPOS="1140" VPOS="680" WIDTH="90" HEIGHT="28" WC="0.94" CONTENT="samt"/><SP WIDTH="22" VPOS="680" HPOS="1230"/>
							<String ID="string_39" HPOS="1252" VPOS="679" WIDTH="49" HEIGHT="29" WC="0.84" CONTENT="II:"/><SP WIDTH="14" VPOS="679" HPOS="1301"/>
							<String ID="string_40" HPOS="1315" VPOS="680" WIDTH="64" HEIGHT="30" WC="0.84" CONTENT="464"/><SP WIDTH="24" VPOS="680" HPOS="1379"/>
							<String ID="string_41" HPOS="1403" VPOS="690" WIDTH="42" HEIGHT="21" WC="0.96" CONTENT="av"/><SP WIDTH="24" VPOS="690" HPOS="1445"/>
							<String ID="string_42" HPOS="1469" VPOS="681" WIDTH="57" HEIGHT="31" WC="0.96" CONTENT="fru"/><SP WIDTH="25" VPOS="681" HPOS="1526"/>
							<String ID="string_43" HPOS="1551" VPOS="682" WIDTH="110" HEIGHT="31" WC="0.96" CONTENT="Gärde"/>
						</TextLine>
						<TextLine ID="line_6" HPOS="178" VPOS="717" WIDTH="1483" HEIGHT="55">
							<String ID="string_44" HPOS="178" VPOS="717" WIDTH="177" HEIGHT="32" WC="0.92" CONTENT="Widemar"/><SP WIDTH="23" VPOS="717" HPOS="355"/>
							<String ID="string_45" HPOS="378" VPOS="721" WIDTH="65" HEIGHT="30" WC="0.96" CONTENT="och"/><SP WIDTH="24" VPOS="721" HPOS="443"/>
							<String ID="string_46" HPOS="467" VPOS="722" WIDTH="58" HEIGHT="30" WC="0.93" CONTENT="fru"/><SP WIDTH="23" VPOS="722" HPOS="525"/>
							<String ID="string_47" HPOS="548" VPOS="723" WIDTH="243" HEIGHT="32" WC="0.91" CONTENT="Nettelbrandt"/><SP WIDTH="24" VPOS="723" HPOS="791"/>
							<String ID="string_48" HPOS="815" VPOS="727" WIDTH="201" HEIGHT="33" WC="0.91" CONTENT="hemställes"/><SP WIDTH="25" VPOS="727" HPOS="1016"/>
							<String ID="string_49" HPOS="1041" VPOS="732" WIDTH="50" HEIGHT="28" WC="0.96" CONTENT="att"/><SP WIDTH="23" VPOS="732" HPOS="1091"/>
							<String ID="string_50" HPOS="1114" VPOS="731" WIDTH="189" HEIGHT="41" WC="0.96" CONTENT="riksdagen"/><SP WIDTH="23" VPOS="731" HPOS="1303"/>
							<String ID="string_51" HPOS="1326" VPOS="734" WIDTH="108" HEIGHT="31" WC="0.96" CONTENT="måtte"/><SP WIDTH="24" VPOS="734" HPOS="1434"/>
							<String ID="string_52" HPOS="1458" VPOS="735" WIDTH="12" HEIGHT="30" WC="0.96" CONTENT="i"/><SP WIDTH="25" VPOS="735" HPOS="1470"/>
							<String ID="string_53" HPOS="1495" VPOS="736" WIDTH="166" HEIGHT="31" WC="0.96" CONTENT="skrivelse"/>
						</TextLine>
						<TextLine ID="line_7" HPOS="173" VPOS="772" WIDTH="1488" HEIGHT="55">
							<String ID="string_54" HPOS="173" VPOS="772" WIDTH="53" HEIGHT="30" WC="0.96" CONTENT="till"/><SP WIDTH="23" VPOS="772" HPOS="226"/>
							<String ID="string_55" HPOS="249" VPOS="772" WIDTH="126" HEIGHT="42" WC="0.95" CONTENT="Kungl."/><SP WIDTH="22" VPOS="772" HPOS="375"/>
							<String ID="string_56" HPOS="397" VPOS="775" WIDTH="106" HEIGHT="40" WC="0.96" CONTENT="Maj:t"/><SP WIDTH="23" VPOS="775" HPOS="503"/>
							<String ID="string_57" HPOS="526" VPOS="778" WIDTH="113" HEIGHT="30" WC="0.93" CONTENT="uttala"/><SP WIDTH="22" VPOS="778" HPOS="639"/>
							<String ID="string_58" HPOS="661" VPOS="780" WIDTH="281" HEIGHT="32" WC="0.91" CONTENT="önskvärdheten"/><SP WIDTH="23" VPOS="780" HPOS="942"/>
							<String ID="string_59" HPOS="965" VPOS="792" WIDTH="42" HEIGHT="21" WC="0.95" CONTENT="av"/><SP WIDTH="23" VPOS="792" HPOS="1007"/>
							<String ID="string_60" HPOS="1030" VPOS="786" WIDTH="49" HEIGHT="28" WC="0.95" CONTENT="att"/><SP WIDTH="24" VPOS="786" HPOS="1079"/>
							<String ID="string_61" HPOS="1103" VPOS="785" WIDTH="198" HEIGHT="42" WC="0.96" CONTENT="utbildning"/><SP WIDTH="24" VPOS="785" HPOS="1301"/>
							<String ID="string_62" HPOS="1325" VPOS="791" WIDTH="136" HEIGHT="27" WC="0.96" CONTENT="snarast"/><SP WIDTH="24" VPOS="791" HPOS="1461"/>
							<String ID="string_63" HPOS="1485" VPOS="790" WIDTH="176" HEIGHT="31" WC="0.95" CONTENT="anordnas"/>
						</TextLine>
						<TextLine ID="line_8" HPOS="174" VPOS="826" WIDTH="1486" HEIGHT="53">
							<String ID="string_64" HPOS="174" VPOS="826" WIDTH="56" HEIGHT="30" WC="0.96" CONTENT="för"/><SP WIDTH="23" VPOS="826" HPOS="230"/>
							<String ID="string_65" HPOS="253" VPOS="827" WIDTH="194" HEIGHT="41" WC="0.96" CONTENT="borgerliga"/><SP WIDTH="25" VPOS="827" HPOS="447"/>
							<String ID="string_66" HPOS="472" VPOS="831" WIDTH="153" HEIGHT="31" WC="0.96" CONTENT="medlare"/><SP WIDTH="27" VPOS="831" HPOS="625"/>
							<String ID="string_67" HPOS="652" VPOS="835" WIDTH="90" HEIGHT="28" WC="0.96" CONTENT="samt"/><SP WIDTH="25" VPOS="835" HPOS="742"/>
							<String ID="string_68" HPOS="767" VPOS="836" WIDTH="50" HEIGHT="28" WC="0.96" CONTENT="att"/><SP WIDTH="26" VPOS="836" HPOS="817"/>
							<String ID="string_69" HPOS="843" VPOS="845" WIDTH="43" HEIGHT="20" WC="0.96" CONTENT="en"/><SP WIDTH="24" VPOS="845" HPOS="886"/>
							<String ID="string_70" HPOS="910" VPOS="836" WIDTH="240" HEIGHT="43" WC="0.96" CONTENT="handledning"/><SP WIDTH="24" VPOS="836" HPOS="1150"/>
							<String ID="string_71" HPOS="1174" VPOS="839" WIDTH="11" HEIGHT="30" WC="0.96" CONTENT="i"/><SP WIDTH="26" VPOS="839" HPOS="1185"/>
							<String ID="string_72" HPOS="1211" VPOS="840" WIDTH="92" HEIGHT="30" WC="0.96" CONTENT="form"/><SP WIDTH="26" VPOS="840" HPOS="1303"/>
							<String ID="string_73" HPOS="1329" VPOS="851" WIDTH="43" HEIGHT="20" WC="0.96" CONTENT="av"/><SP WIDTH="23" VPOS="851" HPOS="1372"/>
							<String ID="string_74" HPOS="1395" VPOS="842" WIDTH="158" HEIGHT="31" WC="0.94" CONTENT="kursbok"/><SP WIDTH="25" VPOS="842" HPOS="1553"/>
							<String ID="string_75" HPOS="1578" VPOS="845" WIDTH="82" HEIGHT="29" WC="0.94" CONTENT="eller"/>
						</TextLine>
						<TextLine ID="line_9" HPOS="173" VPOS="880" WIDTH="767" HEIGHT="39">
							<String ID="string_76" HPOS="173" VPOS="880" WIDTH="166" HEIGHT="31" WC="0.95" CONTENT="handbok"/><SP WIDTH="21" VPOS="880" HPOS="339"/>
							<String ID="string_77" HPOS="360" VPOS="884" WIDTH="180" HEIGHT="31" WC="0.96" CONTENT="utarbetas"/><SP WIDTH="20" VPOS="884" HPOS="540"/>
							<String ID="string_78" HPOS="560" VPOS="886" WIDTH="11" HEIGHT="29" WC="0.96" CONTENT="i"/><SP WIDTH="23" VPOS="886" HPOS="571"/>
							<String ID="string_79" HPOS="594" VPOS="887" WIDTH="170" HEIGHT="30" WC="0.96" CONTENT="samband"/><SP WIDTH="22" VPOS="887" HPOS="764"/>
							<String ID="string_80" HPOS="786" VPOS="888" WIDTH="154" HEIGHT="31" WC="0.96" CONTENT="därmed."/>
						</TextLine>
					</TextBlock>
					<TextBlock ID="block_4" HPOS="172" VPOS="934" WIDTH="1488" HEIGHT="367">
						<TextLine ID="line_10" HPOS="217" VPOS="934" WIDTH="1443" HEIGHT="62">
							<String ID="string_81" HPOS="217" VPOS="934" WIDTH="65" HEIGHT="31" WC="0.96" CONTENT="Det"/><SP WIDTH="16" VPOS="934" HPOS="282"/>
							<String ID="string_82" HPOS="298" VPOS="936" WIDTH="38" HEIGHT="29" WC="0.96" CONTENT="är"/><SP WIDTH="16" VPOS="936" HPOS="336"/>
							<String ID="string_83" HPOS="352" VPOS="937" WIDTH="107" HEIGHT="40" WC="0.93" CONTENT="enligt"/><SP WIDTH="16" VPOS="937" HPOS="459"/>
							<String ID="string_84" HPOS="475" VPOS="939" WIDTH="278" HEIGHT="33" WC="0.91" CONTENT="motionärernas"/><SP WIDTH="17" VPOS="939" HPOS="753"/>
							<String ID="string_85" HPOS="770" VPOS="942" WIDTH="227" HEIGHT="42" WC="0.96" CONTENT="uppfattning"/><SP WIDTH="16" VPOS="942" HPOS="997"/>
							<String ID="string_86" HPOS="1013" VPOS="955" WIDTH="42" HEIGHT="20" WC="0.96" CONTENT="en"/><SP WIDTH="16" VPOS="955" HPOS="1055"/>
							<String ID="string_87" HPOS="1071" VPOS="946" WIDTH="87" HEIGHT="30" WC="0.96" CONTENT="brist"/><SP WIDTH="16" VPOS="946" HPOS="1158"/>
							<String ID="string_88" HPOS="1174" VPOS="947" WIDTH="12" HEIGHT="30" WC="0.96" CONTENT="i"/><SP WIDTH="16" VPOS="947" HPOS="1186"/>
							<String ID="string_89" HPOS="1202" VPOS="947" WIDTH="57" HEIGHT="31" WC="0.96" CONTENT="det"/><SP WIDTH="16" VPOS="947" HPOS="1259"/>
							<String ID="string_90" HPOS="1275" VPOS="950" WIDTH="203" HEIGHT="30" WC="0.96" CONTENT="nuvarande"/><SP WIDTH="17" VPOS="950" HPOS="1478"/>
							<String ID="string_91" HPOS="1495" VPOS="948" WIDTH="165" HEIGHT="48" WC="0.96" CONTENT="systemet"/>
						</TextLine>
						<TextLine ID="line_11" HPOS="172" VPOS="989" WIDTH="1487" HEIGHT="50">
							<String ID="string_92" HPOS="172" VPOS="990" WIDTH="50" HEIGHT="28" WC="0.96" CONTENT="att"/><SP WIDTH="26" VPOS="990" HPOS="222"/>
							<String ID="string_93" HPOS="248" VPOS="989" WIDTH="199" HEIGHT="42" WC="0.96" CONTENT="utbildning"/><SP WIDTH="24" VPOS="989" HPOS="447"/>
							<String ID="string_94" HPOS="471" VPOS="993" WIDTH="65" HEIGHT="29" WC="0.97" CONTENT="och"/><SP WIDTH="24" VPOS="993" HPOS="536"/>
							<String ID="string_95" HPOS="560" VPOS="994" WIDTH="238" HEIGHT="42" WC="0.95" CONTENT="handledning"/><SP WIDTH="24" VPOS="994" HPOS="798"/>
							<String ID="string_96" HPOS="822" VPOS="997" WIDTH="55" HEIGHT="30" WC="0.96" CONTENT="för"/><SP WIDTH="24" VPOS="997" HPOS="877"/>
							<String ID="string_97" HPOS="901" VPOS="998" WIDTH="193" HEIGHT="41" WC="0.96" CONTENT="borgerliga"/><SP WIDTH="25" VPOS="998" HPOS="1094"/>
							<String ID="string_98" HPOS="1119" VPOS="1001" WIDTH="153" HEIGHT="30" WC="0.96" CONTENT="medlare"/><SP WIDTH="24" VPOS="1001" HPOS="1272"/>
							<String ID="string_99" HPOS="1296" VPOS="1002" WIDTH="71" HEIGHT="31" WC="0.96" CONTENT="helt"/><SP WIDTH="27" VPOS="1002" HPOS="1367"/>
							<String ID="string_100" HPOS="1394" VPOS="1004" WIDTH="138" HEIGHT="30" WC="0.96" CONTENT="saknas."/><SP WIDTH="26" VPOS="1004" HPOS="1532"/>
							<String ID="string_101" HPOS="1558" VPOS="1005" WIDTH="101" HEIGHT="31" WC="0.95" CONTENT="Detta"/>
						</TextLine>
						<TextLine ID="line_12" HPOS="173" VPOS="1042" WIDTH="1486" HEIGHT="56">
							<String ID="string_102" HPOS="173" VPOS="1042" WIDTH="94" HEIGHT="31" WC="0.96" CONTENT="leder"/><SP WIDTH="19" VPOS="1042" HPOS="267"/>
							<String ID="string_103" HPOS="286" VPOS="1044" WIDTH="45" HEIGHT="29" WC="0.92" CONTENT="bl."/><SP WIDTH="19" VPOS="1044" HPOS="331"/>
							<String ID="string_104" HPOS="350" VPOS="1053" WIDTH="30" HEIGHT="21" WC="0.95" CONTENT="a."/><SP WIDTH="19" VPOS="1053" HPOS="380"/>
							<String ID="string_105" HPOS="399" VPOS="1045" WIDTH="53" HEIGHT="30" WC="0.96" CONTENT="till"/><SP WIDTH="20" VPOS="1045" HPOS="452"/>
							<String ID="string_106" HPOS="472" VPOS="1048" WIDTH="49" HEIGHT="28" WC="0.96" CONTENT="att"/><SP WIDTH="20" VPOS="1048" HPOS="521"/>
							<String ID="string_107" HPOS="541" VPOS="1047" WIDTH="56" HEIGHT="30" WC="0.96" CONTENT="det"/><SP WIDTH="19" VPOS="1047" HPOS="597"/>
							<String ID="string_108" HPOS="616" VPOS="1048" WIDTH="12" HEIGHT="29" WC="0.96" CONTENT="i"/><SP WIDTH="18" VPOS="1048" HPOS="628"/>
							<String ID="string_109" HPOS="646" VPOS="1049" WIDTH="118" HEIGHT="39" WC="0.96" CONTENT="praxis"/><SP WIDTH="19" VPOS="1049" HPOS="764"/>
							<String ID="string_110" HPOS="783" VPOS="1050" WIDTH="70" HEIGHT="30" WC="0.96" CONTENT="kan"/><SP WIDTH="19" VPOS="1050" HPOS="853"/>
							<String ID="string_111" HPOS="872" VPOS="1051" WIDTH="219" HEIGHT="32" WC="0.96" CONTENT="förekomma"/><SP WIDTH="20" VPOS="1051" HPOS="1091"/>
							<String ID="string_112" HPOS="1111" VPOS="1056" WIDTH="94" HEIGHT="29" WC="0.96" CONTENT="stora"/><SP WIDTH="18" VPOS="1056" HPOS="1205"/>
							<String ID="string_113" HPOS="1223" VPOS="1056" WIDTH="211" HEIGHT="31" WC="0.96" CONTENT="variationer"/><SP WIDTH="18" VPOS="1056" HPOS="1434"/>
							<String ID="string_114" HPOS="1452" VPOS="1058" WIDTH="12" HEIGHT="30" WC="0.96" CONTENT="i"/><SP WIDTH="20" VPOS="1058" HPOS="1464"/>
							<String ID="string_115" HPOS="1484" VPOS="1058" WIDTH="99" HEIGHT="40" WC="0.96" CONTENT="fråga"/><SP WIDTH="20" VPOS="1058" HPOS="1583"/>
							<String ID="string_116" HPOS="1603" VPOS="1069" WIDTH="56" HEIGHT="20" WC="0.96" CONTENT="om"/>
						</TextLine>
						<TextLine ID="line_13" HPOS="173" VPOS="1097" WIDTH="1486" HEIGHT="60">
							<String ID="string_117" HPOS="173" VPOS="1097" WIDTH="239" HEIGHT="41" WC="0.96" CONTENT="uppläggning"/><SP WIDTH="16" VPOS="1097" HPOS="412"/>
							<String ID="string_118" HPOS="428" VPOS="1100" WIDTH="64" HEIGHT="29" WC="0.96" CONTENT="och"/><SP WIDTH="16" VPOS="1100" HPOS="492"/>
							<String ID="string_119" HPOS="508" VPOS="1101" WIDTH="214" HEIGHT="41" WC="0.96" CONTENT="omfattning"/><SP WIDTH="15" VPOS="1101" HPOS="722"/>
							<String ID="string_120" HPOS="737" VPOS="1113" WIDTH="41" HEIGHT="20" WC="0.93" CONTENT="av"/><SP WIDTH="17" VPOS="1113" HPOS="778"/>
							<String ID="string_121" HPOS="795" VPOS="1104" WIDTH="316" HEIGHT="41" WC="0.92" CONTENT="medlingsarbetet."/><SP WIDTH="17" VPOS="1104" HPOS="1111"/>
							<String ID="string_122" HPOS="1128" VPOS="1108" WIDTH="65" HEIGHT="29" WC="0.96" CONTENT="Det"/><SP WIDTH="16" VPOS="1108" HPOS="1193"/>
							<String ID="string_123" HPOS="1209" VPOS="1109" WIDTH="106" HEIGHT="30" WC="0.96" CONTENT="borde"/><SP WIDTH="16" VPOS="1109" HPOS="1315"/>
							<String ID="string_124" HPOS="1331" VPOS="1119" WIDTH="84" HEIGHT="22" WC="0.96" CONTENT="vara"/><SP WIDTH="15" VPOS="1119" HPOS="1415"/>
							<String ID="string_125" HPOS="1430" VPOS="1121" WIDTH="44" HEIGHT="20" WC="0.96" CONTENT="en"/><SP WIDTH="17" VPOS="1121" HPOS="1474"/>
							<String ID="string_126" HPOS="1491" VPOS="1108" WIDTH="168" HEIGHT="49" WC="0.95" CONTENT="självklar"/>
						</TextLine>
						<TextLine ID="line_14" HPOS="173" VPOS="1150" WIDTH="1486" HEIGHT="55">
							<String ID="string_127" HPOS="173" VPOS="1150" WIDTH="64" HEIGHT="29" WC="0.96" CONTENT="sak"/><SP WIDTH="25" VPOS="1150" HPOS="237"/>
							<String ID="string_128" HPOS="262" VPOS="1153" WIDTH="50" HEIGHT="27" WC="0.96" CONTENT="att"/><SP WIDTH="25" VPOS="1153" HPOS="312"/>
							<String ID="string_129" HPOS="337" VPOS="1160" WIDTH="166" HEIGHT="31" WC="0.96" CONTENT="personer"/><SP WIDTH="26" VPOS="1160" HPOS="503"/>
							<String ID="string_130" HPOS="529" VPOS="1163" WIDTH="75" HEIGHT="21" WC="0.96" CONTENT="som"/><SP WIDTH="26" VPOS="1163" HPOS="604"/>
							<String ID="string_131" HPOS="630" VPOS="1165" WIDTH="42" HEIGHT="20" WC="0.96" CONTENT="av"/><SP WIDTH="24" VPOS="1165" HPOS="672"/>
							<String ID="string_132" HPOS="696" VPOS="1157" WIDTH="115" HEIGHT="29" WC="0.96" CONTENT="rätten"/><SP WIDTH="25" VPOS="1157" HPOS="811"/>
							<String ID="string_133" HPOS="836" VPOS="1158" WIDTH="186" HEIGHT="32" WC="0.96" CONTENT="förordnas"/><SP WIDTH="26" VPOS="1158" HPOS="1022"/>
							<String ID="string_134" HPOS="1048" VPOS="1162" WIDTH="49" HEIGHT="28" WC="0.96" CONTENT="att"/><SP WIDTH="26" VPOS="1162" HPOS="1097"/>
							<String ID="string_135" HPOS="1123" VPOS="1161" WIDTH="197" HEIGHT="41" WC="0.96" CONTENT="handlägga"/><SP WIDTH="26" VPOS="1161" HPOS="1320"/>
							<String ID="string_136" HPOS="1346" VPOS="1164" WIDTH="38" HEIGHT="30" WC="0.96" CONTENT="så"/><SP WIDTH="25" VPOS="1164" HPOS="1384"/>
							<String ID="string_137" HPOS="1409" VPOS="1165" WIDTH="160" HEIGHT="40" WC="0.96" CONTENT="känsliga"/><SP WIDTH="26" VPOS="1165" HPOS="1569"/>
							<String ID="string_138" HPOS="1595" VPOS="1167" WIDTH="64" HEIGHT="29" WC="0.96" CONTENT="och"/>
						</TextLine>
						<TextLine ID="line_15" HPOS="172" VPOS="1205" WIDTH="1487" HEIGHT="46">
							<String ID="string_139" HPOS="172" VPOS="1205" WIDTH="192" HEIGHT="40" WC="0.96" CONTENT="grannlaga"/><SP WIDTH="21" VPOS="1205" HPOS="364"/>
							<String ID="string_140" HPOS="385" VPOS="1207" WIDTH="154" HEIGHT="39" WC="0.96" CONTENT="göromål"/><SP WIDTH="24" VPOS="1207" HPOS="539"/>
							<String ID="string_141" HPOS="563" VPOS="1218" WIDTH="74" HEIGHT="20" WC="0.91" CONTENT="som"/><SP WIDTH="22" VPOS="1218" HPOS="637"/>
							<String ID="string_142" HPOS="659" VPOS="1210" WIDTH="441" HEIGHT="41" WC="0.91" CONTENT="medlingsverksamheten"/><SP WIDTH="21" VPOS="1210" HPOS="1100"/>
							<String ID="string_143" HPOS="1121" VPOS="1215" WIDTH="146" HEIGHT="31" WC="0.96" CONTENT="innebär"/><SP WIDTH="22" VPOS="1215" HPOS="1267"/>
							<String ID="string_144" HPOS="1289" VPOS="1217" WIDTH="55" HEIGHT="30" WC="0.97" CONTENT="får"/><SP WIDTH="22" VPOS="1217" HPOS="1344"/>
							<String ID="string_145" HPOS="1366" VPOS="1217" WIDTH="211" HEIGHT="33" WC="0.93" CONTENT="åtminstone"/><SP WIDTH="22" VPOS="1217" HPOS="1577"/>
							<String ID="string_146" HPOS="1599" VPOS="1221" WIDTH="60" HEIGHT="30" WC="0.92" CONTENT="nå-"/>
						</TextLine>
						<TextLine ID="line_16" HPOS="173" VPOS="1259" WIDTH="625" HEIGHT="42">
							<String ID="string_147" HPOS="173" VPOS="1266" WIDTH="68" HEIGHT="31" WC="0.95" CONTENT="gon"/><SP WIDTH="18" VPOS="1266" HPOS="241"/>
							<String ID="string_148" HPOS="259" VPOS="1259" WIDTH="240" HEIGHT="42" WC="0.96" CONTENT="handledning"/><SP WIDTH="19" VPOS="1259" HPOS="499"/>
							<String ID="string_149" HPOS="518" VPOS="1262" WIDTH="55" HEIGHT="30" WC="0.96" CONTENT="för"/><SP WIDTH="20" VPOS="1262" HPOS="573"/>
							<String ID="string_150" HPOS="593" VPOS="1263" WIDTH="58" HEIGHT="29" WC="0.96" CONTENT="sitt"/><SP WIDTH="21" VPOS="1263" HPOS="651"/>
							<String ID="string_151" HPOS="672" VPOS="1264" WIDTH="126" HEIGHT="30" WC="0.95" CONTENT="arbete."/>
						</TextLine>
					</TextBlock>
					<TextBlock ID="block_5" HPOS="171" VPOS="1312" WIDTH="1488" HEIGHT="88">
						<TextLine ID="line_17" HPOS="217" VPOS="1312" WIDTH="1442" HEIGHT="54">
							<String ID="string_152" HPOS="217" VPOS="1312" WIDTH="261" HEIGHT="32" WC="0.96" CONTENT="Motionärerna"/><SP WIDTH="13" VPOS="1312" HPOS="478"/>
							<String ID="string_153" HPOS="491" VPOS="1315" WIDTH="223" HEIGHT="40" WC="0.96" CONTENT="ifrågasätter"/><SP WIDTH="17" VPOS="1315" HPOS="714"/>
							<String ID="string_154" HPOS="731" VPOS="1318" WIDTH="86" HEIGHT="29" WC="0.96" CONTENT="även"/><SP WIDTH="16" VPOS="1318" HPOS="817"/>
							<String ID="string_155" HPOS="833" VPOS="1328" WIDTH="56" HEIGHT="21" WC="0.96" CONTENT="om"/><SP WIDTH="17" VPOS="1328" HPOS="889"/>
							<String ID="string_156" HPOS="906" VPOS="1320" WIDTH="72" HEIGHT="30" WC="0.96" CONTENT="inte"/><SP WIDTH="16" VPOS="1320" HPOS="978"/>
							<String ID="string_157" HPOS="994" VPOS="1330" WIDTH="44" HEIGHT="20" WC="0.96" CONTENT="en"/><SP WIDTH="14" VPOS="1330" HPOS="1038"/>
							<String ID="string_158" HPOS="1052" VPOS="1322" WIDTH="215" HEIGHT="31" WC="0.96" CONTENT="instruktion"/><SP WIDTH="18" VPOS="1322" HPOS="1267"/>
							<String ID="string_159" HPOS="1285" VPOS="1324" WIDTH="54" HEIGHT="30" WC="0.96" CONTENT="för"/><SP WIDTH="15" VPOS="1324" HPOS="1339"/>
							<String ID="string_160" HPOS="1354" VPOS="1325" WIDTH="194" HEIGHT="41" WC="0.93" CONTENT="borgerliga"/><SP WIDTH="17" VPOS="1325" HPOS="1548"/>
							<String ID="string_161" HPOS="1565" VPOS="1328" WIDTH="94" HEIGHT="29" WC="0.92" CONTENT="med-"/>
						</TextLine>
						<TextLine ID="line_18" HPOS="171" VPOS="1365" WIDTH="512" HEIGHT="35">
							<String ID="string_162" HPOS="171" VPOS="1365" WIDTH="72" HEIGHT="30" WC="0.92" CONTENT="lare"/><SP WIDTH="20" VPOS="1365" HPOS="243"/>
							<String ID="string_163" HPOS="263" VPOS="1366" WIDTH="118" HEIGHT="31" WC="0.96" CONTENT="kunde"/><SP WIDTH="21" VPOS="1366" HPOS="381"/>
							<String ID="string_164" HPOS="402" VPOS="1377" WIDTH="85" HEIGHT="21" WC="0.96" CONTENT="vara"/><SP WIDTH="19" VPOS="1377" HPOS="487"/>
							<String ID="string_165" HPOS="506" VPOS="1379" WIDTH="43" HEIGHT="20" WC="0.96" CONTENT="av"/><SP WIDTH="19" VPOS="1379" HPOS="549"/>
							<String ID="string_166" HPOS="568" VPOS="1370" WIDTH="115" HEIGHT="30" WC="0.96" CONTENT="värde."/>
						</TextLine>
					</TextBlock>
					<TextBlock ID="block_6" HPOS="169" VPOS="1419" WIDTH="1489" HEIGHT="258">
						<TextLine ID="line_19" HPOS="214" VPOS="1419" WIDTH="1444" HEIGHT="55">
							<String ID="string_167" HPOS="214" VPOS="1419" WIDTH="470" HEIGHT="41" WC="0.91" CONTENT="Familjerättskommitténs"/><SP WIDTH="26" VPOS="1419" HPOS="684"/>
							<String ID="string_168" HPOS="710" VPOS="1425" WIDTH="116" HEIGHT="30" WC="0.96" CONTENT="arbete"/><SP WIDTH="24" VPOS="1425" HPOS="826"/>
							<String ID="string_169" HPOS="850" VPOS="1427" WIDTH="80" HEIGHT="29" WC="0.96" CONTENT="med"/><SP WIDTH="25" VPOS="1427" HPOS="930"/>
							<String ID="string_170" HPOS="955" VPOS="1428" WIDTH="151" HEIGHT="30" WC="0.96" CONTENT="revision"/><SP WIDTH="25" VPOS="1428" HPOS="1106"/>
							<String ID="string_171" HPOS="1131" VPOS="1439" WIDTH="42" HEIGHT="20" WC="0.96" CONTENT="av"/><SP WIDTH="26" VPOS="1439" HPOS="1173"/>
							<String ID="string_172" HPOS="1199" VPOS="1430" WIDTH="329" HEIGHT="41" WC="0.92" CONTENT="äktenskapsrätten"/><SP WIDTH="27" VPOS="1430" HPOS="1528"/>
							<String ID="string_173" HPOS="1555" VPOS="1444" WIDTH="103" HEIGHT="30" WC="0.96" CONTENT="synes"/>
						</TextLine>
						<TextLine ID="line_20" HPOS="171" VPOS="1472" WIDTH="1486" HEIGHT="55">
							<String ID="string_174" HPOS="171" VPOS="1472" WIDTH="76" HEIGHT="30" WC="0.96" CONTENT="icke"/><SP WIDTH="18" VPOS="1472" HPOS="247"/>
							<String ID="string_175" HPOS="265" VPOS="1474" WIDTH="144" HEIGHT="30" WC="0.96" CONTENT="komma"/><SP WIDTH="18" VPOS="1474" HPOS="409"/>
							<String ID="string_176" HPOS="427" VPOS="1477" WIDTH="49" HEIGHT="28" WC="0.96" CONTENT="att"/><SP WIDTH="20" VPOS="1477" HPOS="476"/>
							<String ID="string_177" HPOS="496" VPOS="1475" WIDTH="181" HEIGHT="32" WC="0.96" CONTENT="föranleda"/><SP WIDTH="18" VPOS="1475" HPOS="677"/>
							<String ID="string_178" HPOS="695" VPOS="1478" WIDTH="104" HEIGHT="40" WC="0.96" CONTENT="något"/><SP WIDTH="19" VPOS="1478" HPOS="799"/>
							<String ID="string_179" HPOS="818" VPOS="1479" WIDTH="131" HEIGHT="41" WC="0.96" CONTENT="förslag"/><SP WIDTH="18" VPOS="1479" HPOS="949"/>
							<String ID="string_180" HPOS="967" VPOS="1481" WIDTH="52" HEIGHT="30" WC="0.96" CONTENT="till"/><SP WIDTH="20" VPOS="1481" HPOS="1019"/>
							<String ID="string_181" HPOS="1039" VPOS="1482" WIDTH="187" HEIGHT="40" WC="0.96" CONTENT="riksdagen"/><SP WIDTH="19" VPOS="1482" HPOS="1226"/>
							<String ID="string_182" HPOS="1245" VPOS="1484" WIDTH="121" HEIGHT="31" WC="0.96" CONTENT="förrän"/><SP WIDTH="18" VPOS="1484" HPOS="1366"/>
							<String ID="string_183" HPOS="1384" VPOS="1495" WIDTH="57" HEIGHT="20" WC="0.96" CONTENT="om"/><SP WIDTH="19" VPOS="1495" HPOS="1441"/>
							<String ID="string_184" HPOS="1460" VPOS="1489" WIDTH="48" HEIGHT="29" WC="0.96" CONTENT="ett"/><SP WIDTH="19" VPOS="1489" HPOS="1508"/>
							<String ID="string_185" HPOS="1527" VPOS="1496" WIDTH="62" HEIGHT="31" WC="0.96" CONTENT="par"/><SP WIDTH="19" VPOS="1496" HPOS="1589"/>
							<String ID="string_186" HPOS="1608" VPOS="1488" WIDTH="49" HEIGHT="30" WC="0.96" CONTENT="år."/>
						</TextLine>
						<TextLine ID="line_21" HPOS="170" VPOS="1525" WIDTH="1487" HEIGHT="53">
							<String ID="string_187" HPOS="170" VPOS="1525" WIDTH="261" HEIGHT="34" WC="0.96" CONTENT="Motionärerna"/><SP WIDTH="17" VPOS="1525" HPOS="431"/>
							<String ID="string_188" HPOS="448" VPOS="1538" WIDTH="102" HEIGHT="21" WC="0.96" CONTENT="anser"/><SP WIDTH="16" VPOS="1538" HPOS="550"/>
							<String ID="string_189" HPOS="566" VPOS="1531" WIDTH="193" HEIGHT="30" WC="0.96" CONTENT="emellertid"/><SP WIDTH="17" VPOS="1531" HPOS="759"/>
							<String ID="string_190" HPOS="776" VPOS="1534" WIDTH="50" HEIGHT="28" WC="0.97" CONTENT="att"/><SP WIDTH="18" VPOS="1534" HPOS="826"/>
							<String ID="string_191" HPOS="844" VPOS="1534" WIDTH="242" HEIGHT="41" WC="0.96" CONTENT="utbildningen"/><SP WIDTH="19" VPOS="1534" HPOS="1086"/>
							<String ID="string_192" HPOS="1105" VPOS="1536" WIDTH="55" HEIGHT="30" WC="0.96" CONTENT="för"/><SP WIDTH="17" VPOS="1536" HPOS="1160"/>
							<String ID="string_193" HPOS="1177" VPOS="1537" WIDTH="193" HEIGHT="41" WC="0.96" CONTENT="borgerliga"/><SP WIDTH="17" VPOS="1537" HPOS="1370"/>
							<String ID="string_194" HPOS="1387" VPOS="1540" WIDTH="154" HEIGHT="31" WC="0.95" CONTENT="medlare"/><SP WIDTH="18" VPOS="1540" HPOS="1541"/>
							<String ID="string_195" HPOS="1559" VPOS="1542" WIDTH="37" HEIGHT="29" WC="0.95" CONTENT="är"/><SP WIDTH="19" VPOS="1542" HPOS="1596"/>
							<String ID="string_196" HPOS="1615" VPOS="1552" WIDTH="42" HEIGHT="20" WC="0.97" CONTENT="en"/>
						</TextLine>
						<TextLine ID="line_22" HPOS="171" VPOS="1580" WIDTH="1486" HEIGHT="46">
							<String ID="string_197" HPOS="171" VPOS="1580" WIDTH="101" HEIGHT="39" WC="0.96" CONTENT="fråga"/><SP WIDTH="13" VPOS="1580" HPOS="272"/>
							<String ID="string_198" HPOS="285" VPOS="1591" WIDTH="45" HEIGHT="20" WC="0.96" CONTENT="av"/><SP WIDTH="16" VPOS="1591" HPOS="330"/>
							<String ID="string_199" HPOS="346" VPOS="1582" WIDTH="110" HEIGHT="30" WC="0.96" CONTENT="sådan"/><SP WIDTH="15" VPOS="1582" HPOS="456"/>
							<String ID="string_200" HPOS="471" VPOS="1583" WIDTH="83" HEIGHT="35" WC="0.96" CONTENT="vikt,"/><SP WIDTH="19" VPOS="1583" HPOS="554"/>
							<String ID="string_201" HPOS="573" VPOS="1586" WIDTH="49" HEIGHT="28" WC="0.96" CONTENT="att"/><SP WIDTH="17" VPOS="1586" HPOS="622"/>
							<String ID="string_202" HPOS="639" VPOS="1584" WIDTH="125" HEIGHT="41" WC="0.95" CONTENT="Kungl."/><SP WIDTH="18" VPOS="1584" HPOS="764"/>
							<String ID="string_203" HPOS="782" VPOS="1587" WIDTH="105" HEIGHT="39" WC="0.95" CONTENT="Maj:t"/><SP WIDTH="16" VPOS="1587" HPOS="887"/>
							<String ID="string_204" HPOS="903" VPOS="1588" WIDTH="109" HEIGHT="30" WC="0.96" CONTENT="redan"/><SP WIDTH="16" VPOS="1588" HPOS="1012"/>
							<String ID="string_205" HPOS="1028" VPOS="1598" WIDTH="47" HEIGHT="20" WC="0.96" CONTENT="nu"/><SP WIDTH="17" VPOS="1598" HPOS="1075"/>
							<String ID="string_206" HPOS="1092" VPOS="1590" WIDTH="63" HEIGHT="29" WC="0.96" CONTENT="bör"/><SP WIDTH="16" VPOS="1590" HPOS="1155"/>
							<String ID="string_207" HPOS="1171" VPOS="1592" WIDTH="35" HEIGHT="28" WC="0.96" CONTENT="ta"/><SP WIDTH="17" VPOS="1592" HPOS="1206"/>
							<String ID="string_208" HPOS="1223" VPOS="1591" WIDTH="151" HEIGHT="31" WC="0.96" CONTENT="initiativ"/><SP WIDTH="16" VPOS="1591" HPOS="1374"/>
							<String ID="string_209" HPOS="1390" VPOS="1593" WIDTH="52" HEIGHT="30" WC="0.93" CONTENT="till"/><SP WIDTH="18" VPOS="1593" HPOS="1442"/>
							<String ID="string_210" HPOS="1460" VPOS="1595" WIDTH="197" HEIGHT="30" WC="0.90" CONTENT="anordnan-"/>
						</TextLine>
						<TextLine ID="line_23" HPOS="169" VPOS="1633" WIDTH="466" HEIGHT="44">
							<String ID="string_211" HPOS="169" VPOS="1633" WIDTH="42" HEIGHT="30" WC="0.96" CONTENT="de"/><SP WIDTH="21" VPOS="1633" HPOS="211"/>
							<String ID="string_212" HPOS="232" VPOS="1644" WIDTH="43" HEIGHT="20" WC="0.96" CONTENT="av"/><SP WIDTH="21" VPOS="1644" HPOS="275"/>
							<String ID="string_213" HPOS="296" VPOS="1635" WIDTH="110" HEIGHT="30" WC="0.96" CONTENT="sådan"/><SP WIDTH="20" VPOS="1635" HPOS="406"/>
							<String ID="string_214" HPOS="426" VPOS="1636" WIDTH="209" HEIGHT="41" WC="0.96" CONTENT="utbildning."/>
						</TextLine>
					</TextBlock>
				</ComposedBlock>
				<ComposedBlock ID="cblock_4" HPOS="829" VPOS="1773" WIDTH="168" HEIGHT="33">
					<TextBlock ID="block_7" HPOS="829" VPOS="1773" WIDTH="168" HEIGHT="33">
						<TextLine ID="line_24" HPOS="829" VPOS="1773" WIDTH="168" HEIGHT="33">
							<String ID="string_215" HPOS="829" VPOS="1773" WIDTH="168" HEIGHT="33" WC="0.96" CONTENT="Utskottet"/>
						</TextLine>
					</TextBlock>
				</ComposedBlock>
				<ComposedBlock ID="cblock_5" HPOS="166" VPOS="1848" WIDTH="1491" HEIGHT="692">
					<TextBlock ID="block_8" HPOS="168" VPOS="1848" WIDTH="1489" HEIGHT="141">
						<TextLine ID="line_25" HPOS="213" VPOS="1848" WIDTH="1444" HEIGHT="55">
							<String ID="string_216" HPOS="213" VPOS="1848" WIDTH="14" HEIGHT="30" WC="0.95" CONTENT="I"/><SP WIDTH="24" VPOS="1848" HPOS="227"/>
							<String ID="string_217" HPOS="251" VPOS="1850" WIDTH="220" HEIGHT="31" WC="0.93" CONTENT="motionerna"/><SP WIDTH="24" VPOS="1850" HPOS="471"/>
							<String ID="string_218" HPOS="495" VPOS="1852" WIDTH="201" HEIGHT="32" WC="0.90" CONTENT="hemställes"/><SP WIDTH="26" VPOS="1852" HPOS="696"/>
							<String ID="string_219" HPOS="722" VPOS="1863" WIDTH="58" HEIGHT="21" WC="0.96" CONTENT="om"/><SP WIDTH="24" VPOS="1863" HPOS="780"/>
							<String ID="string_220" HPOS="804" VPOS="1856" WIDTH="179" HEIGHT="31" WC="0.96" CONTENT="uttalande"/><SP WIDTH="26" VPOS="1856" HPOS="983"/>
							<String ID="string_221" HPOS="1009" VPOS="1867" WIDTH="42" HEIGHT="20" WC="0.93" CONTENT="av"/><SP WIDTH="24" VPOS="1867" HPOS="1051"/>
							<String ID="string_222" HPOS="1075" VPOS="1858" WIDTH="282" HEIGHT="32" WC="0.91" CONTENT="önskvärdheten"/><SP WIDTH="26" VPOS="1858" HPOS="1357"/>
							<String ID="string_223" HPOS="1383" VPOS="1863" WIDTH="49" HEIGHT="28" WC="0.96" CONTENT="att"/><SP WIDTH="26" VPOS="1863" HPOS="1432"/>
							<String ID="string_224" HPOS="1458" VPOS="1863" WIDTH="199" HEIGHT="40" WC="0.96" CONTENT="utbildning"/>
						</TextLine>
						<TextLine ID="line_26" HPOS="169" VPOS="1905" WIDTH="1487" HEIGHT="43">
							<String ID="string_225" HPOS="169" VPOS="1905" WIDTH="138" HEIGHT="28" WC="0.96" CONTENT="snarast"/><SP WIDTH="29" VPOS="1905" HPOS="307"/>
							<String ID="string_226" HPOS="336" VPOS="1905" WIDTH="178" HEIGHT="31" WC="0.96" CONTENT="anordnas"/><SP WIDTH="28" VPOS="1905" HPOS="514"/>
							<String ID="string_227" HPOS="542" VPOS="1906" WIDTH="54" HEIGHT="30" WC="0.96" CONTENT="för"/><SP WIDTH="28" VPOS="1906" HPOS="596"/>
							<String ID="string_228" HPOS="624" VPOS="1907" WIDTH="194" HEIGHT="41" WC="0.96" CONTENT="borgerliga"/><SP WIDTH="28" VPOS="1907" HPOS="818"/>
							<String ID="string_229" HPOS="846" VPOS="1910" WIDTH="152" HEIGHT="31" WC="0.96" CONTENT="medlare"/><SP WIDTH="30" VPOS="1910" HPOS="998"/>
							<String ID="string_230" HPOS="1028" VPOS="1912" WIDTH="64" HEIGHT="29" WC="0.96" CONTENT="och"/><SP WIDTH="29" VPOS="1912" HPOS="1092"/>
							<String ID="string_231" HPOS="1121" VPOS="1914" WIDTH="50" HEIGHT="28" WC="0.96" CONTENT="att"/><SP WIDTH="28" VPOS="1914" HPOS="1171"/>
							<String ID="string_232" HPOS="1199" VPOS="1913" WIDTH="12" HEIGHT="29" WC="0.96" CONTENT="i"/><SP WIDTH="30" VPOS="1913" HPOS="1211"/>
							<String ID="string_233" HPOS="1241" VPOS="1914" WIDTH="170" HEIGHT="30" WC="0.96" CONTENT="samband"/><SP WIDTH="29" VPOS="1914" HPOS="1411"/>
							<String ID="string_234" HPOS="1440" VPOS="1916" WIDTH="144" HEIGHT="31" WC="0.96" CONTENT="därmed"/><SP WIDTH="29" VPOS="1916" HPOS="1584"/>
							<String ID="string_235" HPOS="1613" VPOS="1927" WIDTH="43" HEIGHT="20" WC="0.96" CONTENT="en"/>
						</TextLine>
						<TextLine ID="line_27" HPOS="168" VPOS="1955" WIDTH="376" HEIGHT="34">
							<String ID="string_236" HPOS="168" VPOS="1955" WIDTH="166" HEIGHT="32" WC="0.96" CONTENT="handbok"/><SP WIDTH="22" VPOS="1955" HPOS="334"/>
							<String ID="string_237" HPOS="356" VPOS="1959" WIDTH="188" HEIGHT="30" WC="0.96" CONTENT="utarbetas."/>
						</TextLine>
					</TextBlock>
					<TextBlock ID="block_9" HPOS="166" VPOS="2010" WIDTH="1489" HEIGHT="255">
						<TextLine ID="line_28" HPOS="212" VPOS="2010" WIDTH="1443" HEIGHT="51">
							<String ID="string_238" HPOS="212" VPOS="2010" WIDTH="118" HEIGHT="40" WC="0.95" CONTENT="Enligt"/><SP WIDTH="18" VPOS="2010" HPOS="330"/>
							<String ID="string_239" HPOS="348" VPOS="2012" WIDTH="159" HEIGHT="39" WC="0.95" CONTENT="gällande"/><SP WIDTH="17" VPOS="2012" HPOS="507"/>
							<String ID="string_240" HPOS="524" VPOS="2014" WIDTH="110" HEIGHT="39" WC="0.96" CONTENT="regler"/><SP WIDTH="18" VPOS="2014" HPOS="634"/>
							<String ID="string_241" HPOS="652" VPOS="2015" WIDTH="10" HEIGHT="29" WC="0.93" CONTENT="i"/><SP WIDTH="18" VPOS="2015" HPOS="662"/>
							<String ID="string_242" HPOS="680" VPOS="2015" WIDTH="323" HEIGHT="39" WC="0.92" CONTENT="giftermålsbalken"/><SP WIDTH="19" VPOS="2015" HPOS="1003"/>
							<String ID="string_243" HPOS="1022" VPOS="2019" WIDTH="88" HEIGHT="29" WC="0.96" CONTENT="skall"/><SP WIDTH="18" VPOS="2019" HPOS="1110"/>
							<String ID="string_244" HPOS="1128" VPOS="2019" WIDTH="154" HEIGHT="42" WC="0.95" CONTENT="medling"/><SP WIDTH="16" VPOS="2019" HPOS="1282"/>
							<String ID="string_245" HPOS="1298" VPOS="2021" WIDTH="46" HEIGHT="30" WC="0.95" CONTENT="ha"/><SP WIDTH="17" VPOS="2021" HPOS="1344"/>
							<String ID="string_246" HPOS="1361" VPOS="2022" WIDTH="56" HEIGHT="39" WC="0.96" CONTENT="ägt"/><SP WIDTH="18" VPOS="2022" HPOS="1417"/>
							<String ID="string_247" HPOS="1435" VPOS="2032" WIDTH="79" HEIGHT="21" WC="0.96" CONTENT="rum"/><SP WIDTH="18" VPOS="2032" HPOS="1514"/>
							<String ID="string_248" HPOS="1532" VPOS="2024" WIDTH="55" HEIGHT="30" WC="0.96" CONTENT="för"/><SP WIDTH="18" VPOS="2024" HPOS="1587"/>
							<String ID="string_249" HPOS="1605" VPOS="2027" WIDTH="50" HEIGHT="28" WC="0.96" CONTENT="att"/>
						</TextLine>
						<TextLine ID="line_29" HPOS="167" VPOS="2068" WIDTH="1487" HEIGHT="49">
							<String ID="string_250" HPOS="167" VPOS="2073" WIDTH="44" HEIGHT="20" WC="0.96" CONTENT="en"/><SP WIDTH="30" VPOS="2073" HPOS="211"/>
							<String ID="string_251" HPOS="241" VPOS="2072" WIDTH="201" HEIGHT="31" WC="0.96" CONTENT="gemensam"/><SP WIDTH="32" VPOS="2072" HPOS="442"/>
							<String ID="string_252" HPOS="474" VPOS="2068" WIDTH="158" HEIGHT="29" WC="0.96" CONTENT="ansökan"/><SP WIDTH="31" VPOS="2068" HPOS="632"/>
							<String ID="string_253" HPOS="663" VPOS="2077" WIDTH="56" HEIGHT="21" WC="0.89" CONTENT="om"/><SP WIDTH="32" VPOS="2077" HPOS="719"/>
							<String ID="string_254" HPOS="751" VPOS="2069" WIDTH="235" HEIGHT="32" WC="0.89" CONTENT="hemskillnad"/><SP WIDTH="33" VPOS="2069" HPOS="986"/>
							<String ID="string_255" HPOS="1019" VPOS="2073" WIDTH="89" HEIGHT="29" WC="0.96" CONTENT="skall"/><SP WIDTH="31" VPOS="2073" HPOS="1108"/>
							<String ID="string_256" HPOS="1139" VPOS="2075" WIDTH="172" HEIGHT="39" WC="0.96" CONTENT="upptagas"/><SP WIDTH="30" VPOS="2075" HPOS="1311"/>
							<String ID="string_257" HPOS="1341" VPOS="2076" WIDTH="54" HEIGHT="29" WC="0.96" CONTENT="till"/><SP WIDTH="32" VPOS="2076" HPOS="1395"/>
							<String ID="string_258" HPOS="1427" VPOS="2077" WIDTH="180" HEIGHT="40" WC="0.96" CONTENT="prövning."/><SP WIDTH="34" VPOS="2077" HPOS="1607"/>
							<String ID="string_259" HPOS="1641" VPOS="2079" WIDTH="13" HEIGHT="29" WC="0.96" CONTENT="I"/>
						</TextLine>
						<TextLine ID="line_30" HPOS="168" VPOS="2117" WIDTH="1486" HEIGHT="54">
							<String ID="string_260" HPOS="168" VPOS="2117" WIDTH="118" HEIGHT="40" WC="0.96" CONTENT="övriga"/><SP WIDTH="20" VPOS="2117" HPOS="286"/>
							<String ID="string_261" HPOS="306" VPOS="2118" WIDTH="62" HEIGHT="30" WC="0.95" CONTENT="fall"/><SP WIDTH="21" VPOS="2118" HPOS="368"/>
							<String ID="string_262" HPOS="389" VPOS="2129" WIDTH="42" HEIGHT="20" WC="0.93" CONTENT="av"/><SP WIDTH="18" VPOS="2129" HPOS="431"/>
							<String ID="string_263" HPOS="449" VPOS="2119" WIDTH="237" HEIGHT="32" WC="0.92" CONTENT="hemskillnad"/><SP WIDTH="20" VPOS="2119" HPOS="686"/>
							<String ID="string_264" HPOS="706" VPOS="2122" WIDTH="88" HEIGHT="30" WC="0.96" CONTENT="skall"/><SP WIDTH="21" VPOS="2122" HPOS="794"/>
							<String ID="string_265" HPOS="815" VPOS="2123" WIDTH="211" HEIGHT="32" WC="0.96" CONTENT="åtminstone"/><SP WIDTH="21" VPOS="2123" HPOS="1026"/>
							<String ID="string_266" HPOS="1047" VPOS="2126" WIDTH="121" HEIGHT="30" WC="0.96" CONTENT="försök"/><SP WIDTH="18" VPOS="2126" HPOS="1168"/>
							<String ID="string_267" HPOS="1186" VPOS="2127" WIDTH="53" HEIGHT="30" WC="0.95" CONTENT="till"/><SP WIDTH="21" VPOS="2127" HPOS="1239"/>
							<String ID="string_268" HPOS="1260" VPOS="2129" WIDTH="153" HEIGHT="41" WC="0.96" CONTENT="medling"/><SP WIDTH="20" VPOS="2129" HPOS="1413"/>
							<String ID="string_269" HPOS="1433" VPOS="2131" WIDTH="46" HEIGHT="30" WC="0.96" CONTENT="ha"/><SP WIDTH="19" VPOS="2131" HPOS="1479"/>
							<String ID="string_270" HPOS="1498" VPOS="2132" WIDTH="56" HEIGHT="39" WC="0.96" CONTENT="ägt"/><SP WIDTH="20" VPOS="2132" HPOS="1554"/>
							<String ID="string_271" HPOS="1574" VPOS="2141" WIDTH="80" HEIGHT="21" WC="0.96" CONTENT="rum"/>
						</TextLine>
						<TextLine ID="line_31" HPOS="168" VPOS="2170" WIDTH="1486" HEIGHT="49">
							<String ID="string_272" HPOS="168" VPOS="2170" WIDTH="54" HEIGHT="30" WC="0.96" CONTENT="för"/><SP WIDTH="20" VPOS="2170" HPOS="222"/>
							<String ID="string_273" HPOS="242" VPOS="2173" WIDTH="50" HEIGHT="28" WC="0.93" CONTENT="att"/><SP WIDTH="18" VPOS="2173" HPOS="292"/>
							<String ID="string_274" HPOS="310" VPOS="2172" WIDTH="238" HEIGHT="32" WC="0.90" CONTENT="hemskillnad"/><SP WIDTH="20" VPOS="2172" HPOS="548"/>
							<String ID="string_275" HPOS="568" VPOS="2175" WIDTH="88" HEIGHT="29" WC="0.95" CONTENT="skall"/><SP WIDTH="19" VPOS="2175" HPOS="656"/>
							<String ID="string_276" HPOS="675" VPOS="2175" WIDTH="156" HEIGHT="40" WC="0.96" CONTENT="beviljas."/><SP WIDTH="21" VPOS="2175" HPOS="831"/>
							<String ID="string_277" HPOS="852" VPOS="2177" WIDTH="67" HEIGHT="31" WC="0.93" CONTENT="Vid"/><SP WIDTH="20" VPOS="2177" HPOS="919"/>
							<String ID="string_278" HPOS="939" VPOS="2178" WIDTH="369" HEIGHT="41" WC="0.91" CONTENT="äktenskapsskillnad"/><SP WIDTH="20" VPOS="2178" HPOS="1308"/>
							<String ID="string_279" HPOS="1328" VPOS="2183" WIDTH="235" HEIGHT="32" WC="0.96" CONTENT="förekommer"/><SP WIDTH="19" VPOS="2183" HPOS="1563"/>
							<String ID="string_280" HPOS="1582" VPOS="2186" WIDTH="72" HEIGHT="30" WC="0.96" CONTENT="inte"/>
						</TextLine>
						<TextLine ID="line_32" HPOS="166" VPOS="2224" WIDTH="164" HEIGHT="41">
							<String ID="string_281" HPOS="166" VPOS="2224" WIDTH="164" HEIGHT="41" WC="0.95" CONTENT="medling."/>
						</TextLine>
					</TextBlock>
					<TextBlock ID="block_10" HPOS="166" VPOS="2278" WIDTH="1488" HEIGHT="262">
						<TextLine ID="line_33" HPOS="211" VPOS="2278" WIDTH="1443" HEIGHT="54">
							<String ID="string_282" HPOS="211" VPOS="2278" WIDTH="149" HEIGHT="41" WC="0.96" CONTENT="Behörig"/><SP WIDTH="22" VPOS="2278" HPOS="360"/>
							<String ID="string_283" HPOS="382" VPOS="2280" WIDTH="153" HEIGHT="30" WC="0.95" CONTENT="medlare"/><SP WIDTH="25" VPOS="2280" HPOS="535"/>
							<String ID="string_284" HPOS="560" VPOS="2282" WIDTH="38" HEIGHT="29" WC="0.96" CONTENT="är"/><SP WIDTH="24" VPOS="2282" HPOS="598"/>
							<String ID="string_285" HPOS="622" VPOS="2283" WIDTH="96" HEIGHT="38" WC="0.96" CONTENT="präst"/><SP WIDTH="25" VPOS="2283" HPOS="718"/>
							<String ID="string_286" HPOS="743" VPOS="2283" WIDTH="10" HEIGHT="29" WC="0.96" CONTENT="i"/><SP WIDTH="25" VPOS="2283" HPOS="753"/>
							<String ID="string_287" HPOS="778" VPOS="2285" WIDTH="149" HEIGHT="30" WC="0.96" CONTENT="svenska"/><SP WIDTH="24" VPOS="2285" HPOS="927"/>
							<String ID="string_288" HPOS="951" VPOS="2286" WIDTH="226" HEIGHT="39" WC="0.96" CONTENT="statskyrkan"/><SP WIDTH="25" VPOS="2286" HPOS="1177"/>
							<String ID="string_289" HPOS="1202" VPOS="2288" WIDTH="82" HEIGHT="30" WC="0.96" CONTENT="eller"/><SP WIDTH="24" VPOS="2288" HPOS="1284"/>
							<String ID="string_290" HPOS="1308" VPOS="2289" WIDTH="143" HEIGHT="42" WC="0.93" CONTENT="behörig"/><SP WIDTH="23" VPOS="2289" HPOS="1451"/>
							<String ID="string_291" HPOS="1474" VPOS="2292" WIDTH="180" HEIGHT="40" WC="0.92" CONTENT="vigselför-"/>
						</TextLine>
						<TextLine ID="line_34" HPOS="167" VPOS="2331" WIDTH="1486" HEIGHT="53">
							<String ID="string_292" HPOS="167" VPOS="2331" WIDTH="130" HEIGHT="31" WC="0.96" CONTENT="rättare"/><SP WIDTH="17" VPOS="2331" HPOS="297"/>
							<String ID="string_293" HPOS="314" VPOS="2333" WIDTH="96" HEIGHT="30" WC="0.96" CONTENT="inom"/><SP WIDTH="20" VPOS="2333" HPOS="410"/>
							<String ID="string_294" HPOS="430" VPOS="2336" WIDTH="107" HEIGHT="28" WC="0.95" CONTENT="annat"/><SP WIDTH="19" VPOS="2336" HPOS="537"/>
							<String ID="string_295" HPOS="556" VPOS="2336" WIDTH="252" HEIGHT="30" WC="0.96" CONTENT="trossamfund."/><SP WIDTH="20" VPOS="2336" HPOS="808"/>
							<String ID="string_296" HPOS="828" VPOS="2337" WIDTH="75" HEIGHT="30" WC="0.96" CONTENT="Den"/><SP WIDTH="19" VPOS="2337" HPOS="903"/>
							<String ID="string_297" HPOS="922" VPOS="2348" WIDTH="74" HEIGHT="21" WC="0.96" CONTENT="som"/><SP WIDTH="19" VPOS="2348" HPOS="996"/>
							<String ID="string_298" HPOS="1015" VPOS="2339" WIDTH="30" HEIGHT="40" WC="0.96" CONTENT="ej"/><SP WIDTH="22" VPOS="2339" HPOS="1045"/>
							<String ID="string_299" HPOS="1067" VPOS="2341" WIDTH="130" HEIGHT="29" WC="0.96" CONTENT="önskar"/><SP WIDTH="19" VPOS="2341" HPOS="1197"/>
							<String ID="string_300" HPOS="1216" VPOS="2343" WIDTH="109" HEIGHT="30" WC="0.96" CONTENT="anlita"/><SP WIDTH="18" VPOS="2343" HPOS="1325"/>
							<String ID="string_301" HPOS="1343" VPOS="2344" WIDTH="139" HEIGHT="40" WC="0.96" CONTENT="kyrklig"/><SP WIDTH="18" VPOS="2344" HPOS="1482"/>
							<String ID="string_302" HPOS="1500" VPOS="2346" WIDTH="153" HEIGHT="30" WC="0.96" CONTENT="medlare"/>
						</TextLine>
						<TextLine ID="line_35" HPOS="167" VPOS="2384" WIDTH="1487" HEIGHT="55">
							<String ID="string_303" HPOS="167" VPOS="2384" WIDTH="71" HEIGHT="31" WC="0.96" CONTENT="kan"/><SP WIDTH="18" VPOS="2384" HPOS="238"/>
							<String ID="string_304" HPOS="256" VPOS="2386" WIDTH="36" HEIGHT="30" WC="0.95" CONTENT="få"/><SP WIDTH="18" VPOS="2386" HPOS="292"/>
							<String ID="string_305" HPOS="310" VPOS="2387" WIDTH="152" HEIGHT="30" WC="0.96" CONTENT="särskild"/><SP WIDTH="17" VPOS="2387" HPOS="462"/>
							<String ID="string_306" HPOS="479" VPOS="2388" WIDTH="153" HEIGHT="31" WC="0.96" CONTENT="medlare"/><SP WIDTH="19" VPOS="2388" HPOS="632"/>
							<String ID="string_307" HPOS="651" VPOS="2390" WIDTH="124" HEIGHT="30" WC="0.96" CONTENT="utsedd"/><SP WIDTH="19" VPOS="2390" HPOS="775"/>
							<String ID="string_308" HPOS="794" VPOS="2400" WIDTH="42" HEIGHT="21" WC="0.96" CONTENT="av"/><SP WIDTH="16" VPOS="2400" HPOS="836"/>
							<String ID="string_309" HPOS="852" VPOS="2392" WIDTH="116" HEIGHT="30" WC="0.96" CONTENT="rätten"/><SP WIDTH="18" VPOS="2392" HPOS="968"/>
							<String ID="string_310" HPOS="986" VPOS="2393" WIDTH="82" HEIGHT="30" WC="0.96" CONTENT="eller"/><SP WIDTH="18" VPOS="2393" HPOS="1068"/>
							<String ID="string_311" HPOS="1086" VPOS="2395" WIDTH="106" HEIGHT="30" WC="0.96" CONTENT="också"/><SP WIDTH="18" VPOS="2395" HPOS="1192"/>
							<String ID="string_312" HPOS="1210" VPOS="2396" WIDTH="109" HEIGHT="31" WC="0.96" CONTENT="anlita"/><SP WIDTH="16" VPOS="2396" HPOS="1319"/>
							<String ID="string_313" HPOS="1335" VPOS="2397" WIDTH="171" HEIGHT="42" WC="0.93" CONTENT="borgerlig"/><SP WIDTH="18" VPOS="2397" HPOS="1506"/>
							<String ID="string_314" HPOS="1524" VPOS="2400" WIDTH="130" HEIGHT="30" WC="0.89" CONTENT="medla-"/>
						</TextLine>
						<TextLine ID="line_36" HPOS="166" VPOS="2440" WIDTH="1486" HEIGHT="44">
							<String ID="string_315" HPOS="166" VPOS="2447" WIDTH="37" HEIGHT="22" WC="0.96" CONTENT="re"/><SP WIDTH="22" VPOS="2447" HPOS="203"/>
							<String ID="string_316" HPOS="225" VPOS="2448" WIDTH="57" HEIGHT="21" WC="0.96" CONTENT="om"/><SP WIDTH="22" VPOS="2448" HPOS="282"/>
							<String ID="string_317" HPOS="304" VPOS="2440" WIDTH="217" HEIGHT="31" WC="0.96" CONTENT="kommunen"/><SP WIDTH="22" VPOS="2440" HPOS="521"/>
							<String ID="string_318" HPOS="543" VPOS="2442" WIDTH="151" HEIGHT="31" WC="0.96" CONTENT="beslutat"/><SP WIDTH="23" VPOS="2442" HPOS="694"/>
							<String ID="string_319" HPOS="717" VPOS="2446" WIDTH="50" HEIGHT="27" WC="0.96" CONTENT="att"/><SP WIDTH="24" VPOS="2446" HPOS="767"/>
							<String ID="string_320" HPOS="791" VPOS="2444" WIDTH="109" HEIGHT="31" WC="0.96" CONTENT="sådan"/><SP WIDTH="24" VPOS="2444" HPOS="900"/>
							<String ID="string_321" HPOS="924" VPOS="2446" WIDTH="88" HEIGHT="30" WC="0.96" CONTENT="skall"/><SP WIDTH="24" VPOS="2446" HPOS="1012"/>
							<String ID="string_322" HPOS="1036" VPOS="2447" WIDTH="129" HEIGHT="31" WC="0.95" CONTENT="finnas."/><SP WIDTH="23" VPOS="2447" HPOS="1165"/>
							<String ID="string_323" HPOS="1188" VPOS="2449" WIDTH="64" HEIGHT="30" WC="0.96" CONTENT="Det"/><SP WIDTH="24" VPOS="2449" HPOS="1252"/>
							<String ID="string_324" HPOS="1276" VPOS="2451" WIDTH="205" HEIGHT="31" WC="0.96" CONTENT="ankommer"/><SP WIDTH="24" VPOS="2451" HPOS="1481"/>
							<String ID="string_325" HPOS="1505" VPOS="2453" WIDTH="147" HEIGHT="31" WC="0.96" CONTENT="sålunda"/>
						</TextLine>
						<TextLine ID="line_37" HPOS="166" VPOS="2493" WIDTH="1487" HEIGHT="47">
							<String ID="string_326" HPOS="166" VPOS="2493" WIDTH="45" HEIGHT="40" WC="0.96" CONTENT="på"/><SP WIDTH="22" VPOS="2493" HPOS="211"/>
							<String ID="string_327" HPOS="233" VPOS="2494" WIDTH="217" HEIGHT="30" WC="0.96" CONTENT="kommunen"/><SP WIDTH="22" VPOS="2494" HPOS="450"/>
							<String ID="string_328" HPOS="472" VPOS="2497" WIDTH="50" HEIGHT="28" WC="0.96" CONTENT="att"/><SP WIDTH="22" VPOS="2497" HPOS="522"/>
							<String ID="string_329" HPOS="544" VPOS="2496" WIDTH="136" HEIGHT="30" WC="0.96" CONTENT="besluta"/><SP WIDTH="22" VPOS="2496" HPOS="680"/>
							<String ID="string_330" HPOS="702" VPOS="2506" WIDTH="56" HEIGHT="21" WC="0.96" CONTENT="om"/><SP WIDTH="22" VPOS="2506" HPOS="758"/>
							<String ID="string_331" HPOS="780" VPOS="2498" WIDTH="194" HEIGHT="41" WC="0.96" CONTENT="borgerliga"/><SP WIDTH="21" VPOS="2498" HPOS="974"/>
							<String ID="string_332" HPOS="995" VPOS="2501" WIDTH="153" HEIGHT="30" WC="0.96" CONTENT="medlare"/><SP WIDTH="23" VPOS="2501" HPOS="1148"/>
							<String ID="string_333" HPOS="1171" VPOS="2503" WIDTH="89" HEIGHT="29" WC="0.96" CONTENT="skall"/><SP WIDTH="24" VPOS="2503" HPOS="1260"/>
							<String ID="string_334" HPOS="1284" VPOS="2504" WIDTH="127" HEIGHT="36" WC="0.96" CONTENT="finnas,"/><SP WIDTH="25" VPOS="2504" HPOS="1411"/>
							<String ID="string_335" HPOS="1436" VPOS="2515" WIDTH="80" HEIGHT="21" WC="0.96" CONTENT="men"/><SP WIDTH="22" VPOS="2515" HPOS="1516"/>
							<String ID="string_336" HPOS="1538" VPOS="2508" WIDTH="115" HEIGHT="29" WC="0.96" CONTENT="rätten"/>
						</TextLine>
					</TextBlock>
				</ComposedBlock>
				<ComposedBlock ID="cblock_6" HPOS="166" VPOS="2555" WIDTH="1041" HEIGHT="44">
					<TextBlock ID="block_11" HPOS="166" VPOS="2555" WIDTH="1041" HEIGHT="44">
						<TextLine ID="line_38" HPOS="166" VPOS="2555" WIDTH="1041" HEIGHT="44">
							<String ID="string_337" HPOS="166" VPOS="2555" WIDTH="137" HEIGHT="41" WC="0.91" CONTENT="Bihang"/><SP WIDTH="18" VPOS="2555" HPOS="303"/>
							<String ID="string_338" HPOS="321" VPOS="2556" WIDTH="52" HEIGHT="31" WC="0.96" CONTENT="till"/><SP WIDTH="17" VPOS="2556" HPOS="373"/>
							<String ID="string_339" HPOS="390" VPOS="2556" WIDTH="206" HEIGHT="42" WC="0.96" CONTENT="riksdagens"/><SP WIDTH="18" VPOS="2556" HPOS="596"/>
							<String ID="string_340" HPOS="614" VPOS="2560" WIDTH="175" HEIGHT="39" WC="0.95" CONTENT="protokoll"/><SP WIDTH="19" VPOS="2560" HPOS="789"/>
							<String ID="string_341" HPOS="808" VPOS="2561" WIDTH="94" HEIGHT="31" WC="0.96" CONTENT="1967."/><SP WIDTH="21" VPOS="2561" HPOS="902"/>
							<String ID="string_342" HPOS="923" VPOS="2562" WIDTH="37" HEIGHT="30" WC="0.96" CONTENT="11"/><SP WIDTH="20" VPOS="2562" HPOS="960"/>
							<String ID="string_343" HPOS="980" VPOS="2563" WIDTH="101" HEIGHT="30" WC="0.95" CONTENT="saml."/><SP WIDTH="17" VPOS="2563" HPOS="1081"/>
							<String ID="string_344" HPOS="1098" VPOS="2564" WIDTH="50" HEIGHT="30" WC="0.96" CONTENT="Nr"/><SP WIDTH="17" VPOS="2564" HPOS="1148"/>
							<String ID="string_345" HPOS="1165" VPOS="2565" WIDTH="42" HEIGHT="30" WC="0.96" CONTENT="34"/>
						</TextLine>
					</TextBlock>
				</ComposedBlock>
			</PrintSpace>
		</Page>
	</Layout>
</alto>
