1908 2848
325 144 18 30 2
707 147 316 34 Bankoutskottets
1049 146 185 34 memorial
1256 149 53 32 Nr
1333 150 52 30 83.

284 221 131 32 honom
437 223 63 30 och
523 222 90 32 hans
635 223 134 36 hustru,
794 225 125 30 varför
939 225 176 32 makarna
1136 226 152 37 nödgats
1310 227 115 31 anlita
1448 228 128 37 bidrag
1600 229 83 31 från
1707 230 76 31 sina

282 272 101 37 barn,
402 273 99 31 vilka
519 274 90 32 dock
630 275 75 31 tills
726 275 123 31 vidare
868 276 33 36 ej
924 276 91 31 hade
1032 278 115 30 större
1166 278 204 37 inkomster,
1391 281 46 29 än
1455 280 71 31 vad
1543 290 74 21 som
1637 281 147 37 åtginge

283 324 57 31 till
360 326 189 36 uppehälle
571 326 56 31 för
646 326 80 31 dem
748 326 117 37 själva
886 327 79 31 med
987 328 169 37 familjer.

322 427 245 38 Fullmäktige
587 430 13 29 i
621 429 216 32 riksbanken
858 430 95 31 hava
975 431 12 30 i
1008 430 63 31 sitt
1093 431 12 30 i
1128 431 146 31 ärendet
1296 433 168 36 avgivna,
1484 433 68 31 den
1572 434 19 30 9
1610 434 73 36 maj
1706 434 78 31 1935

282 479 244 37 dagtecknade
549 481 170 36 yttrande
744 481 131 36 anfört,
899 481 109 32 bland
1033 484 119 35 annat,
1177 483 174 36 följande:

321 538 76 33 Hos
421 540 293 32 bankoutskottet
743 542 158 37 förelåge
927 554 50 30 nu
1001 545 49 29 ett
1076 555 45 20 av
1148 545 228 37 fullmäktige
1401 546 11 30 i
1441 546 217 31 riksbanken
1683 546 11 30 i
1721 546 62 31 hu-

281 582 140 32 vudsak
461 583 177 37 tillstyrkt
680 585 134 37 förslag
853 586 58 31 till
953 587 214 37 reglemente
1198 589 183 36 angående
1411 590 283 36 tjänstepension
1727 590 56 30 för

282 627 221 35 tjänstemän
521 627 61 31 vid
600 628 210 37 riksdagens
828 630 98 30 verk.
963 630 124 37 Enligt
1105 632 38 29 21
1162 631 17 36 $
1199 642 44 21 av
1260 632 98 31 detta
1381 633 133 36 förslag
1532 643 84 20 vore
1636 634 147 35 tjänste-

278 681 95 26 man,
393 681 75 21 som
486 672 153 36 avginge
660 673 81 30 från
761 673 159 35 tjänsten
940 676 87 29 utan
1046 677 73 29 rätt
1138 678 54 28 att
1212 676 142 31 komma
1374 677 12 30 i
1405 676 213 36 åtnjutande
1638 688 46 20 av
1702 687 83 26 pen-

280 713 78 31 sion
382 715 83 30 från
483 716 66 31 och
569 716 82 30 med
673 717 198 35 avgången,
894 717 188 32 försäkrad
1104 719 56 30 till
1182 720 206 30 erhållande
1409 731 46 20 av
1476 720 220 36 uppskjuten
1717 720 65 30 liv-

281 759 107 29 ränta
411 758 57 31 till
491 758 56 31 det
568 758 127 37 belopp
720 760 56 30 för
799 761 40 29 år
864 761 141 35 räknat,
1027 771 74 21 som
1127 762 111 37 enligt
1266 763 370 37 försäkringsteknisk
1658 766 125 31 beräk-

280 801 89 36 ning
398 802 150 31 svarade
576 804 73 29 mot
678 803 66 30 den
772 803 158 36 intjänta
957 805 202 36 pensionen.
1207 805 125 33 Denna
1359 807 220 32 beräknades
1607 809 12 29 i
1649 809 134 31 förhål-

280 843 106 34 lande
407 844 56 31 till
485 846 170 36 uppnådd
675 846 276 37 pensionsålder,
974 858 80 21 men
1074 849 114 31 skulle
1211 850 56 30 för
1290 850 228 36 tjänsteman,
1539 851 122 31 vilken
1681 852 101 31 bleve

281 888 107 32 dömd
416 889 57 31 till
502 889 210 37 avsättning
741 891 46 35 på
817 891 118 35 grund
966 902 45 20 av
1034 892 212 36 förbrytelse
1276 894 11 29 i
1317 894 160 36 tjänsten
1506 895 86 31 eller
1619 905 77 21 som
1725 896 57 30 till

282 931 92 37 följd
401 942 46 21 av
476 933 183 36 tjänstefel
687 934 103 31 skilts
817 935 84 30 från
928 935 168 36 tjänsten,
1124 936 66 31 den
1217 936 160 37 intjänta
1403 938 194 35 pensionen
1623 939 160 31 minskas

281 976 80 31 med
392 977 62 30 två
483 976 224 37 tredjedelar,
737 977 63 31 där
828 978 32 36 ej
887 977 209 37 delegerade
1127 980 56 30 för
1210 977 210 39 riksdagens
1448 982 88 30 verk
1566 982 111 32 funne
1705 982 78 32 skäl

281 1018 220 32 tillerkänna
522 1020 289 35 tjänstemannen
833 1023 115 29 större
970 1022 64 35 del,
1058 1022 86 31 dock
1169 1023 31 36 ej
1225 1033 97 21 mera
1344 1026 46 28 än
1413 1025 62 30 två
1498 1025 216 36 tredjedelar
1737 1036 45 20 av

280 1064 69 29 den
370 1063 160 36 intjänta
549 1064 201 35 pensionen.

321 1106 127 37 Enligt
472 1107 69 32 vad
564 1106 264 33 vederbörande
854 1107 342 37 departementschef
1220 1111 46 35 på
1290 1109 56 32 sin
1370 1111 54 30 tid
1447 1111 133 31 uttalat
1604 1112 62 31 vid
1692 1113 90 30 före-

279 1148 182 38 dragning
486 1160 45 21 av
559 1151 136 36 förslag
723 1151 55 31 till
805 1151 58 31 det
888 1162 72 26 nya
984 1152 107 31 civila
1118 1153 409 37 pensionsreglementet,
1553 1165 75 21 som
1652 1156 12 29 i
1692 1157 90 29 stort

280 1195 70 29 sett
375 1193 82 37 låge
481 1194 56 30 till
564 1195 118 35 grund
708 1195 56 30 för
788 1205 49 21 nu
862 1195 238 32 omförmälda
1126 1196 144 37 förslag,
1296 1196 114 32 skulle
1438 1208 84 25 nyss
1548 1198 153 31 anförda
1726 1199 55 30 be-

279 1237 204 31 stämmelse
512 1238 181 35 innebära,
724 1239 53 30 att
806 1239 67 30 den
903 1240 188 35 avgångne
1124 1240 289 35 tjänstemannen
1442 1249 126 27 genom
1596 1242 185 30 livräntan

280 1279 75 32 helt
385 1281 87 31 eller
500 1281 12 31 i
543 1281 74 32 viss
645 1281 252 37 utsträckning
925 1282 113 31 skulle
1067 1283 138 30 erhålla
1233 1283 169 36 vederlag
1430 1284 76 30 icke
1534 1284 91 31 blott
1655 1286 55 30 för
1740 1285 41 30 de

279 1324 114 31 under
415 1324 234 36 tjänstetiden
672 1325 147 36 erlagda
841 1325 175 37 bidragen
1038 1326 55 30 till
1115 1327 192 35 pensionen
1331 1328 88 29 utan
1442 1329 91 28 även
1556 1328 55 30 för
1636 1328 66 30 den
1723 1328 59 30 del

279 1377 47 21 av
347 1368 71 31 den
439 1370 47 34 på
508 1368 234 36 tjänstetiden
763 1368 196 37 belöpande
979 1370 204 35 pensionen,
1208 1380 73 20 som
1304 1370 154 31 betalats
1482 1381 45 20 av
1550 1372 126 30 staten.

320 1409 104 34 Även
446 1422 56 20 om
524 1422 48 21 nu
596 1412 153 31 anförda
770 1412 255 38 bestämmelse,
1053 1414 5 29 i
1084 1413 66 31 den
1171 1415 83 29 mån
1276 1413 66 31 den
1364 1414 118 31 kunde
1503 1414 97 31 bliva
1625 1425 45 20 av
1692 1415 89 30 riks-

278 1453 118 38 dagen
428 1457 153 35 antagen
611 1457 54 29 att
694 1455 95 37 gälla
817 1459 92 28 även
940 1457 55 30 för
1023 1456 209 37 riksdagens
1260 1457 97 35 verk,
1387 1457 76 30 icke
1492 1458 118 30 kunde
1641 1458 140 35 grunda

279 1499 121 36 någon
426 1500 73 30 rätt
528 1500 56 30 för
609 1498 190 38 Langborg
827 1501 54 30 att
907 1500 142 31 komma
1074 1501 11 29 i
1116 1500 212 37 åtnjutande
1356 1511 45 20 av
1428 1501 252 30 motsvarande
1710 1502 70 29 för-

279 1542 135 36 måner,
440 1543 119 36 syntes
585 1543 88 30 dock
697 1543 121 31 kunna
841 1543 237 36 ifrågasättas
1101 1545 115 30 såsom
1239 1544 133 36 skäligt
1395 1544 66 30 och
1486 1544 130 36 billigt,
1642 1546 53 29 att
1718 1543 62 31 vid

278 1586 180 36 prövning
487 1596 45 21 av
563 1586 234 31 förevarande
827 1587 160 31 ansökan
1016 1587 97 36 finge
1142 1590 103 33 tagas
1274 1588 141 35 hänsyn
1443 1587 56 31 till
1526 1587 68 31 den
1622 1587 158 31 ändrade

279 1629 223 36 ståndpunkt
527 1629 11 30 i
568 1631 107 35 fråga
701 1639 56 22 om
782 1630 239 36 tjänstemans
1048 1632 72 29 rätt
1149 1630 56 31 till
1232 1631 55 29 för
1313 1631 129 30 honom
1470 1631 201 30 inbetalade
1698 1640 82 27 pen-

278 1672 267 37 sionsavgifter,
569 1674 126 30 vartill
720 1673 193 36 riksdagen
938 1684 148 20 numera
1109 1673 150 31 anslutit
1284 1673 63 36 sig.

318 1715 192 38 Langborg
540 1717 90 31 hade
660 1718 76 30 före
763 1716 256 37 avsättningen
1046 1717 56 31 till
1130 1716 216 32 riksbanken
1375 1718 56 30 för
1460 1717 54 31 sin
1542 1717 115 36 tjänst
1684 1717 96 30 inbe-

278 1759 68 32 talt
365 1760 337 36 pensionsavgifter,
724 1760 211 36 uppgående
955 1760 56 31 till
1032 1760 239 36 sammanlagt
1291 1760 89 35 5,450
1399 1761 131 29 kronor
1554 1761 37 29 78
1611 1762 58 29 öre
1691 1762 89 29 utan

278 1804 120 35 någon
444 1803 312 37 ränteberäkning,
802 1805 94 29 samt
924 1803 174 31 innehade
1125 1803 63 31 vid
1213 1804 255 35 avsättningen
1494 1813 98 21 mera
1619 1805 46 28 än
1691 1803 37 31 36
1747 1804 27 29 4

278 1847 168 35 tjänstår.
502 1846 63 32 Om
600 1847 199 37 Langborg,
826 1857 75 21 som.
926 1847 81 31 blev
1035 1849 119 29 avsatt
1178 1847 68 31 den
1271 1848 37 29 16
1337 1847 79 36 juni
1443 1847 87 35 1928,
1556 1847 182 30 kvarstått
1767 1847 8 29 i

278 1890 115 36 tjänst
416 1891 124 31 endast
561 1890 56 31 till
639 1891 69 30 den
730 1892 17 30 8
768 1891 145 36 augusti
938 1901 136 20 samma
1094 1892 50 34 år,
1165 1890 46 31 då
1235 1891 70 30 han
1328 1890 112 36 fylide
1463 1891 37 29 60
1521 1891 50 34 år,
1592 1890 90 31 hade
1706 1890 73 30 han

277 1934 98 31 varit
398 1934 203 36 berättigad
625 1936 93 35 avgå
743 1935 81 30 från
849 1935 159 35 tjänsten
1031 1934 78 31 med
1132 1934 175 30 avkortad
1331 1934 148 36 pension
1502 1934 56 30 till
1582 1933 126 36 belopp
1733 1943 44 20 av

276 1977 89 35 32,400
388 1978 131 31 kronor
542 1987 56 20 om
621 1979 86 30 året.

316 2020 208 37 Riksdagen
553 2022 90 30 hade
678 2022 97 30 förut
803 2022 62 31 vid
899 2021 96 31 olika
1025 2021 170 31 tillfällen
1226 2020 186 31 tillerkänt
1444 2021 227 35 tjänsteman,
1701 2029 76 22 som

276 2063 107 31 blivit
426 2066 117 30 avsatt
588 2066 83 29 från
718 2066 54 30 sin
795 2065 114 35 tjänst
935 2065 56 30 för
1013 2064 183 37 brottsligt
1219 2064 209 30 förfarande
1453 2065 98 29 utom
1573 2063 86 31 eller
1680 2063 97 30 inom

276 2108 170 35 tjänsten,
465 2109 73 30 viss
557 2108 56 31 del
633 2118 45 21 av
699 2109 128 30 honom
845 2108 104 36 eljest
969 2108 269 30 tillkommande
1256 2107 147 36 pension
1423 2109 53 29 att
1498 2107 175 31 beräknas
1695 2107 81 29 från

274 2152 99 31 tiden
411 2153 55 30 för
496 2153 255 35 avsättningen
783 2152 85 31 eller
899 2153 117 34 någon
1047 2161 124 21 senare
1202 2151 178 35 tidpunkt,
1410 2160 79 21 men
1521 2151 99 30 torde
1651 2149 129 31 därvid

276 2195 76 31 icke
391 2196 95 30 hava
520 2196 112 36 tagits
669 2196 10 30 i
718 2195 199 31 beaktande
944 2196 118 35 någon
1088 2195 289 36 tjänstemannen
1407 2193 269 31 tillkommande
1703 2194 74 29 rätt

277 2239 56 30 till
356 2238 202 31 inbetalade
582 2239 337 36 pensionsavgifter.
1143 2251 2 3 |

316 2282 52 31 På
395 2283 117 36 grund
537 2293 45 20 av
606 2282 71 31 vad
701 2282 149 32 sålunda
877 2283 12 30 i
915 2282 97 31 detta
1036 2282 129 30 ärende
1192 2282 227 30 förekommit
1445 2282 63 29 och
1536 2280 79 32 med
1639 2280 137 37 hänsyn

275 2327 138 35 jämväl
442 2326 132 37 därtill,
601 2328 54 29 att
681 2325 189 37 Langborg
897 2325 112 36 enligt
1036 2327 49 29 ett
1115 2335 45 20 av
1185 2324 250 36 kyrkoherden
1461 2324 41 31 A.
1528 2324 166 36 Hagardt
1723 2326 52 29 ut-

274 2371 132 35 färdat,
434 2371 245 35 ansökningen
709 2370 109 36 bilagt
846 2370 114 35 intyg,
987 2369 154 31 befunne
1169 2369 53 35 sig
1249 2369 11 29 i
1291 2369 134 30 sådana
1452 2368 229 31 ekonomiska
1709 2377 69 21 om-

275 2413 256 36 ständigheter,
552 2415 53 29 att
628 2414 71 30 han
720 2423 83 21 vore
825 2414 12 29 i
858 2413 115 30 behov
993 2423 46 20 av
1059 2412 202 35 understöd,
1286 2412 85 30 ville
1393 2411 228 36 fullmäktige
1644 2410 130 31 föreslå

274 2457 292 31 bankoutskottet
589 2458 54 29 att
665 2458 159 35 upptaga
848 2456 209 36 Langborgs
1077 2455 327 36 pensionsansökan
1430 2455 56 30 till
1509 2455 146 35 förnyat
1678 2456 97 29 över-

273 2501 175 35 vägande.
