2174 2638
630 154 363 42 Bevillningsutskottets
1015 154 165 32 memorial
1205 154 52 31 Nr
1279 155 52 31 33.
1709 155 14 29 1

903 541 59 41 Nr
990 542 63 40 33.

653 698 112 28 Ankom
785 698 42 27 till
847 698 167 36 riksdagens
1034 698 93 27 kansli
1146 698 54 27 den
1220 700 33 26 10
1271 699 159 36 september
1450 700 68 26 1914
1537 699 35 27 kl.
1592 698 16 28 2
1627 710 22 16 e.
1669 709 33 17 m.

374 840 205 43 Memorial,
608 841 13 34 i
650 840 198 45 anledning
890 852 43 24 av
975 840 213 35 kamrarnas
1229 840 211 45 skiljaktiga
1482 840 111 36 beslut
1620 842 153 34 rörande

577 909 401 46 bevillningsutskottets
1018 910 221 36 betänkande
1280 922 46 23 nr
1351 912 54 33 28
1432 910 186 44 angående
1646 910 126 35 bränn-

575 981 91 34 vins-
694 983 92 32 samt
812 980 74 35 vin-
915 979 62 36 och
1006 979 212 36 ölhandelns
1246 980 186 34 ordnande
1460 984 164 31 ävensom
1649 980 13 34 i
1680 991 92 23 sam-

577 1049 96 35 band
701 1049 150 36 därmed
877 1049 145 36 stående
1043 1048 143 46 frågor.

375 1202 217 27 Närvarande:
611 1201 96 27 herrar
725 1201 32 27 K.
777 1200 33 28 G.
830 1200 143 33 Karlsson,
987 1201 63 27 frih.
1065 1201 29 26 C.
1107 1201 24 26 J.
1146 1200 158 27 Beck-Friis
1315 1201 31 32 "),
1363 1200 78 27 Ollas
1457 1201 31 26 A.
1504 1201 136 30 Ericsson,
1654 1201 119 31 Eklund,

610 1244 163 36 Lyckholm,
784 1244 172 33 Antonsson,
967 1244 61 27 frih.
1040 1244 135 35 Fleming,
1181 1244 203 31 Bäckström”),
1392 1244 60 26 frih.
1460 1244 220 34 Palmstierna"),
1687 1244 86 27 Sand-

610 1288 49 32 ler,
673 1288 88 33 Rune,
774 1288 139 27 Jeansson
927 1289 9 25 i
949 1288 122 31 Kalmar,
1086 1288 137 31 Källman,
1236 1288 133 26 Karlsson
1384 1289 8 25 i
1408 1288 69 35 Fjäl,
1488 1288 121 26 Jonsson
1620 1289 9 25 i
1640 1288 134 31 Hökhult,

611 1332 93 27 Johan
724 1325 129 42 Östberg,
872 1331 67 28 Elof
954 1332 168 35 Ljunggren,
1142 1332 73 35 Berg
1233 1333 8 25 i
1261 1331 98 35 Staby,
1379 1332 116 26 Hamrin
1515 1332 51 26 och
1580 1341 53 17 von
1647 1332 128 27 Hofsten.

308 1384 24 34 +)
350 1384 65 27 Icke
434 1383 119 37 deltagit
571 1385 9 26 i
596 1384 175 36 justeringen
792 1394 34 18 av
845 1385 181 27 memorialet.

307 1481 16 36 I
346 1481 239 37 betänkande
613 1495 46 23 nr
688 1484 47 34 28
765 1482 196 48 angående
989 1481 227 37 brännvins-
1245 1487 97 30 samt
1361 1481 82 36 vin-
1465 1481 70 36 och
1556 1481 218 36 ölhandelns

177 1533 193 36 ordnande
407 1538 181 32 ävensom
617 1533 12 36 i
657 1533 184 37 samband
877 1533 153 37 därmed
1059 1533 153 37 stående
1243 1533 126 47 frågor
1397 1533 220 36 hemställde
1645 1532 129 36 bevill-

177 1584 302 49 ningsutskottet
506 1585 116 37 bland
651 1590 126 42 annat,

310 1636 35 49 1)
375 1642 55 31 att
455 1636 210 49 riksdagen
689 1639 115 35 måtte
831 1636 12 37 i
871 1636 210 50 anledning
1101 1650 46 23 av
1166 1636 141 48 Kungl.
1329 1636 126 49 Maj:ts
1479 1636 233 49 proposition
1732 1650 44 21 nr

178 1690 74 34 242
294 1688 84 36 med
416 1688 144 49 förslag
587 1688 58 37 till
674 1688 225 49 förordning
928 1688 195 50 angående
1151 1688 226 49 försäljning
1405 1702 47 22 av
1482 1687 294 49 alkoholhaltiga

178 1740 161 49 drycker
371 1744 180 33 ävensom
584 1740 103 37 vissa
713 1740 13 36 i
754 1744 129 33 ämnet
911 1741 135 36 väckta
1074 1739 185 38 motioner
1287 1739 57 37 för
1372 1740 57 36 sin
1459 1740 60 36 del
1548 1746 138 42 antaga
1713 1739 62 36 vid

177 1792 257 37 betänkandet
462 1792 138 48 fogade
627 1792 148 49 förslag
802 1792 57 37 till

310 1843 58 49 »a)
400 1843 224 50 förordning
652 1844 197 49 angående
877 1843 228 50 försäljning
1133 1857 47 23 av
1207 1843 240 50 rusdrycker;

308 1894 38 50 b)
377 1895 227 49 förordning
644 1909 61 24 om
747 1896 142 37 ändrad
930 1895 144 51 lydelse
1112 1909 46 23 av
1203 1897 109 45 1—53,
1356 1897 33 45 6,
1436 1897 57 45 10,
1539 1896 57 47 11,
1633 1896 44 35 13
1707 1894 69 37 och

182 1949 46 35 14
256 1946 42 50 $$
326 1948 12 35 i
367 1947 273 50 förordningen
669 1947 73 37 den
771 1949 21 35 9
816 1948 86 49 juni
935 1949 96 36 1905
1063 1947 194 49 angående
1274 1947 227 49 försäljning
1521 1960 46 23 av
1586 1947 190 47 tillagade,

180 1999 227 36 alkobolfria
434 1999 161 49 drycker
622 2005 99 31 samt
748 1999 243 48 svagdricka;

309 2050 33 49 c)
373 2050 227 51 förordning
641 2064 62 23 om
744 2051 143 36 ändrad
927 2051 145 49 lydelse
1114 2064 46 23 av
1191 2053 18 34 7
1239 2050 21 50 8
1288 2050 11 36 i
1330 2050 271 48 förordningen
1629 2050 70 36 den
1732 2051 44 34 18

174 2102 87 49 juni
292 2103 98 35 1864
419 2103 197 49 angående
644 2101 185 50 utvidgad
856 2102 289 49 näringsfrihet;

309 2153 37 50 d)
375 2153 227 49 förordning
642 2167 61 23 om
745 2154 140 37 ändrad
927 2154 143 49 lydelse
1112 2167 47 23 av
1202 2155 58 45 13,
1303 2156 47 34 23
1394 2153 70 37 och
1494 2155 45 34 31
1569 2152 42 50 $$
1651 2153 12 36 i
1704 2152 75 36 för-

180 2205 213 49 ordningen
421 2205 72 37 den
523 2208 19 33 7
574 2206 151 49 augusti
756 2207 95 35 1907
883 2206 196 48 angående
1107 2205 246 48 tillverkning
1376 2205 71 36 och
1466 2204 247 48 beskattning
1732 2218 46 21 av

180 2257 274 49 maltdrycker;

225 2316 129 45 Bihang
377 2318 49 32 till
448 2327 113 23 senare
583 2317 188 43 riksdagens
788 2316 159 45 protokoll
971 2317 94 32 1914.
1113 2317 21 31 7
1156 2317 89 32 saml.
1271 2317 43 32 27
1336 2316 80 39 häft.
1461 2315 66 44 (Nr
1550 2315 67 36 33.)
1718 2316 14 30 1
