2188 2644
425 168 40 32 36
829 170 363 43 Bevillningsutskottets
1216 173 164 31 memorial
1402 173 53 31 Nr
1478 174 52 31 33.

1130 324 46 32 64
1204 322 31 44 8.

509 404 244 49 Försäljning
794 408 63 33 må
894 406 33 47 ej
957 407 67 35 ske
1053 408 252 35 annorstädes
1334 413 49 30 än
1410 408 14 35 i
1451 408 106 36 lokal
1586 408 93 36 eller
1707 412 22 32 å
1756 409 114 46 plats,
1901 421 80 24 som

379 456 115 36 blivit
520 456 61 36 för
599 457 298 48 försäljningens
916 459 235 37 bedrivande
1171 459 186 48 godkänd
1376 460 65 36 vid
1459 460 235 48 besiktning,
1715 461 132 36 vilken
1862 462 120 35 hålles

379 508 13 35 i
421 509 86 35 stad
535 521 47 23 av
610 509 219 36 stadsfiskal
857 511 73 35 och
957 514 51 43 på
1035 511 134 36 landet
1197 524 48 23 av
1263 512 281 46 kronobetjänt
1558 512 122 46 jämte
1699 516 67 33 två
1785 525 195 34 personer,

379 560 162 35 utsedda
582 572 47 23 en
671 572 47 23 av
754 561 424 45 nykterhetsnämnden
1206 563 13 34 i
1247 563 237 35 kommunen
1512 567 101 32 samt
1640 576 47 23 en
1715 565 13 34 i
1756 564 225 36 Stockholm

379 622 48 23 av
468 611 483 47 Ööverståthållarämbetet,
987 614 7 34 i
1022 625 129 24 annan
1192 614 87 35 stad
1313 626 48 23 av
1387 615 256 46 magistraten
1672 615 72 36 och
1772 618 50 44 på
1849 616 132 35 landet

378 675 48 22 av
466 662 432 38 kommunalnämnden.
954 665 417 48 Besiktningsmännen
1406 666 119 46 skola,
1560 667 129 36 därest
1717 666 264 48 försäljnings-

378 714 110 36 ställe
516 715 239 47 godkännes,
785 728 62 24 om
874 717 276 47 besiktningen
1177 717 157 36 utfärda
1361 718 118 46 bevis,
1508 718 123 37 vilket
1659 719 99 36 skall
1785 719 196 37 innehålla

378 766 252 47 beskrivning
658 770 22 32 å
707 768 74 35 den
808 768 243 47 besiktigade
1079 769 245 47 lägenheten.

507 819 122 34 Innan
670 820 106 34 bevis
804 831 63 23 om
894 820 274 47 besiktningen
1195 820 205 46 utfärdats,
1430 824 63 32 må
1520 821 229 48 försäljning
1777 822 32 47 ej
1839 823 139 46 börjas.

506 869 83 35 Vad
618 870 13 34 i
659 870 126 36 denna
826 871 19 45 $
888 877 43 29 är
972 872 156 46 stadgat
1164 872 124 47 gäller
1310 872 158 47 jämväl,
1503 873 49 35 då
1579 885 50 34 ny
1656 873 193 47 rättighet
1876 875 104 34 med-

378 919 105 36 delas
502 923 60 33 att
581 924 137 33 utövas
737 922 13 35 i
769 922 195 47 lägenhet,
986 935 80 24 som
1085 923 107 36 förut
1212 924 103 35 varit
1334 924 153 36 använd
1506 936 80 24 som
1605 924 373 48 försäljningsställe.

507 973 174 35 Kostnad
722 973 61 36 för
820 974 225 47 besiktning
1076 975 134 46 gäldas
1239 988 48 22 av
1314 976 368 36 tillståndshavaren
1709 977 88 35 med
1825 977 153 46 belopp,

378 1034 82 24 som
487 1024 231 36 bestämmes
746 1037 48 23 av
821 1026 235 46 Konungens
1084 1026 421 47 befallningshavande.

1127 1150 46 33 65
1203 1147 30 47 8.

509 1234 32 32 1.
597 1231 71 36 Om
696 1232 179 36 tillstånd
902 1234 214 35 meddelats
1144 1234 62 35 till
1233 1234 229 46 försäljning
1490 1237 22 32 å
1540 1234 158 46 angivet
1716 1234 263 47 försäljnings-

378 1281 121 44 ställe,
542 1285 63 32 må
639 1284 155 45 ombyte
823 1296 48 23 av
898 1285 138 35 sådant
1064 1285 32 46 ej
1127 1285 79 45 ske,
1235 1286 88 34 med
1350 1285 149 35 mindre
1528 1286 73 34 den
1630 1285 237 46 myndighet,
1898 1298 80 23 som

377 1333 196 35 meddelat
601 1333 231 47 tillståndet,
861 1335 133 36 därtill
1021 1336 110 46 giver
1159 1336 69 36 sitt
1254 1336 129 44 bifall;
1413 1336 184 35 skolande
1617 1336 265 36 dessförinnan
1901 1337 78 35 till-

375 1383 90 37 fälle
507 1387 59 33 att
606 1387 107 44 yttra
754 1386 59 46 sig
840 1386 14 35 i
882 1388 161 35 ärendet
1083 1388 148 35 lämnas
1273 1399 144 24 samma
1444 1387 281 48 myndigheter,
1755 1400 82 24 som
1864 1388 115 36 blivit

376 1435 122 36 hörda
527 1440 92 32 över
646 1438 268 48 ansökningen
943 1451 63 24 om
1033 1439 297 48 ifrågavarande
1357 1439 452 48 försäljningsrättighet.

507 1491 33 33 2.
596 1488 71 37 Om
705 1490 127 35 beslut
873 1491 122 47 enligt
1039 1494 16 32 1
1086 1504 116 23 mom.
1245 1491 173 36 meddele
1461 1492 233 46 Konungens
1731 1491 247 47 befallnings-

378 1539 176 36 havande
582 1541 282 36 underrättelse
892 1542 62 35 till
982 1543 99 45 dem,
1110 1555 83 23 som
1222 1542 123 47 enligt
1374 1545 47 33 28
1450 1543 19 45 $
1498 1545 20 33 2
1548 1555 115 23 mom.
1692 1543 110 35 skola
1830 1543 147 36 erhålla

375 1591 252 36 meddelande
656 1604 63 23 om
746 1592 162 47 beviljat
935 1594 189 36 tillstånd.

507 1645 33 34 3.
596 1643 95 37 Sker
718 1641 156 50 ombyte
899 1658 48 23 av
964 1645 372 48 försäljningsställe,
1358 1658 82 24 som
1459 1646 13 35 i
1493 1649 48 33 24
1560 1646 19 46 8
1600 1658 105 24 avses
1724 1646 100 36 skall
1843 1647 135 35 därom

376 1694 180 36 anmälan
585 1695 66 36 ske
681 1696 73 36 och
781 1697 283 37 underrättelse
1091 1698 194 36 meddelas
1312 1698 14 36 i
1354 1697 173 48 enlighet
1554 1698 89 36 med
1670 1699 75 35 vad
1772 1698 13 36 i
1809 1698 169 36 nämnda

375 1745 19 46 $
423 1746 73 35 och
525 1749 46 33 28
602 1747 18 46 $
651 1750 20 33 3
696 1760 115 24 mom.
842 1749 168 46 stadgas.

1125 1872 46 33 66
1201 1869 30 46 8.

507 1954 31 33 1.
594 1953 109 35 Inom
740 1953 94 35 eller
862 1955 239 35 omedelbart
1128 1956 107 35 invid
1263 1955 309 46 kasernområde,
1602 1955 108 47 läger
1737 1955 94 36 eller
1857 1959 121 32 annat

375 2003 168 45 område,
577 2015 82 24 som
687 2004 114 36 blivit
828 2004 61 36 för
916 2006 287 47 krigsmaktens
1231 2006 126 36 behov
1383 2007 191 47 upplåtet,
1603 2018 91 24 vare
1714 2006 264 47 detaljhandel

375 2054 87 36 med
489 2054 310 49 alkoholhaltiga
828 2057 165 46 drycker
1020 2057 218 47 förbjuden.

505 2109 34 33 2.
595 2107 75 35 Vid
698 2107 196 48 offentligt
913 2109 202 47 skådespel
1135 2110 94 35 eller
1247 2109 174 46 varieté-,
1441 2110 148 36 cirkus-
1609 2109 94 36 eller
1722 2122 128 23 annan
1869 2109 109 47 dylik

374 2156 268 49 föreställning
683 2158 103 47 eller,
829 2160 88 36 med
957 2162 203 47 undantag
1200 2173 48 24 av
1280 2161 171 46 konsert,
1479 2162 65 35 vid
1571 2161 132 36 vilken
1731 2162 246 36 uteslutande

375 2209 144 36 utföres
547 2210 416 48 instrumentalmusik,
991 2212 106 47 varje
1128 2225 128 24 annan
1282 2212 281 48 föreställning,
1584 2213 63 36 till
1665 2213 132 36 vilken
1816 2213 161 36 allmän-

375 2260 116 37 heten
519 2261 71 35 har
618 2262 186 46 tillträde,
835 2264 93 35 eller
955 2265 66 35 vid
1049 2264 177 47 offentlig
1254 2265 345 47 danstillställning
1627 2267 63 33 må
1709 2265 269 48 utskänkning
