<?xml version="1.0" encoding="UTF-8"?>
<alto xmlns="http://www.loc.gov/standards/alto/ns-v3#" xmlns:xlink="http://www.w3.org/1999/xlink" xmlns:xsi="http://www.w3.org/2001/XMLSchema-instance" xsi:schemaLocation="http://www.loc.gov/standards/alto/ns-v3# http://www.loc.gov/alto/v3/alto-3-0.xsd">
	<Description>
		<MeasurementUnit>pixel</MeasurementUnit>
		<sourceImageInformation>
			<fileName>/tmp/tess_m8iykiad_input.PNG</fileName>
		</sourceImageInformation>
		<OCRProcessing ID="OCR_0">
			<ocrProcessingStep>
				<processingSoftware>
					<softwareName>tesseract 5.3.0</softwareName>
				</processingSoftware>
			</ocrProcessingStep>
		</OCRProcessing>
	</Description>
	<Layout>
		<Page WIDTH="2186" HEIGHT="2646" PHYSICAL_IMG_NR="0" ID="page_0">
			<PrintSpace HPOS="0" VPOS="0" WIDTH="2186" HEIGHT="2646">
				<ComposedBlock ID="cblock_0" HPOS="428" VPOS="161" WIDTH="1095" HEIGHT="46">
					<TextBlock ID="block_0" HPOS="428" VPOS="161" WIDTH="1095" HEIGHT="46">
						<TextLine ID="line_0" HPOS="428" VPOS="161" WIDTH="1095" HEIGHT="46">
							<String ID="string_0" HPOS="428" VPOS="161" WIDTH="39" HEIGHT="31" WC="0.96" CONTENT="28"/><SP WIDTH="351" VPOS="161" HPOS="467"/>
							<String ID="string_1" HPOS="818" VPOS="164" WIDTH="362" HEIGHT="43" WC="0.85" CONTENT="Bevillningsutskottets"/><SP WIDTH="30" VPOS="164" HPOS="1180"/>
							<String ID="string_2" HPOS="1210" VPOS="169" WIDTH="163" HEIGHT="31" WC="0.91" CONTENT="memorial"/><SP WIDTH="24" VPOS="169" HPOS="1373"/>
							<String ID="string_3" HPOS="1397" VPOS="169" WIDTH="51" HEIGHT="31" WC="0.95" CONTENT="Nr"/><SP WIDTH="23" VPOS="169" HPOS="1448"/>
							<String ID="string_4" HPOS="1471" VPOS="171" WIDTH="52" HEIGHT="31" WC="0.95" CONTENT="33."/>
						</TextLine>
					</TextBlock>
				</ComposedBlock>
				<ComposedBlock ID="cblock_1" HPOS="380" VPOS="236" WIDTH="1604" HEIGHT="310">
					<TextBlock ID="block_1" HPOS="381" VPOS="236" WIDTH="1603" HEIGHT="212">
						<TextLine ID="line_1" HPOS="511" VPOS="236" WIDTH="1473" HEIGHT="62">
							<String ID="string_5" HPOS="511" VPOS="236" WIDTH="54" HEIGHT="41" WC="0.95" CONTENT="Är"/><SP WIDTH="41" VPOS="236" HPOS="565"/>
							<String ID="string_6" HPOS="606" VPOS="244" WIDTH="87" HEIGHT="34" WC="0.95" CONTENT="stad"/><SP WIDTH="41" VPOS="244" HPOS="693"/>
							<String ID="string_7" HPOS="734" VPOS="244" WIDTH="113" HEIGHT="36" WC="0.96" CONTENT="delad"/><SP WIDTH="28" VPOS="244" HPOS="847"/>
							<String ID="string_8" HPOS="875" VPOS="245" WIDTH="13" HEIGHT="34" WC="0.96" CONTENT="i"/><SP WIDTH="27" VPOS="245" HPOS="888"/>
							<String ID="string_9" HPOS="915" VPOS="245" WIDTH="94" HEIGHT="35" WC="0.93" CONTENT="flera"/><SP WIDTH="41" VPOS="245" HPOS="1009"/>
							<String ID="string_10" HPOS="1050" VPOS="248" WIDTH="433" HEIGHT="45" WC="0.91" CONTENT="omröstningsdistrikt,"/><SP WIDTH="31" VPOS="248" HPOS="1483"/>
							<String ID="string_11" HPOS="1514" VPOS="250" WIDTH="98" HEIGHT="36" WC="0.96" CONTENT="skall"/><SP WIDTH="27" VPOS="250" HPOS="1612"/>
							<String ID="string_12" HPOS="1639" VPOS="252" WIDTH="256" HEIGHT="46" WC="0.95" CONTENT="magistraten"/><SP WIDTH="27" VPOS="252" HPOS="1895"/>
							<String ID="string_13" HPOS="1922" VPOS="253" WIDTH="62" HEIGHT="36" WC="0.95" CONTENT="för"/>
						</TextLine>
						<TextLine ID="line_2" HPOS="383" VPOS="291" WIDTH="1599" HEIGHT="59">
							<String ID="string_14" HPOS="383" VPOS="291" WIDTH="104" HEIGHT="47" WC="0.96" CONTENT="varje"/><SP WIDTH="42" VPOS="291" HPOS="487"/>
							<String ID="string_15" HPOS="529" VPOS="293" WIDTH="160" HEIGHT="36" WC="0.96" CONTENT="distrikt"/><SP WIDTH="37" VPOS="293" HPOS="689"/>
							<String ID="string_16" HPOS="726" VPOS="297" WIDTH="84" HEIGHT="34" WC="0.96" CONTENT="utse"/><SP WIDTH="28" VPOS="297" HPOS="810"/>
							<String ID="string_17" HPOS="838" VPOS="298" WIDTH="61" HEIGHT="33" WC="0.96" CONTENT="tre"/><SP WIDTH="29" VPOS="298" HPOS="899"/>
							<String ID="string_18" HPOS="928" VPOS="296" WIDTH="91" HEIGHT="36" WC="0.95" CONTENT="eller"/><SP WIDTH="27" VPOS="296" HPOS="1019"/>
							<String ID="string_19" HPOS="1046" VPOS="297" WIDTH="94" HEIGHT="35" WC="0.94" CONTENT="flera"/><SP WIDTH="28" VPOS="297" HPOS="1140"/>
							<String ID="string_20" HPOS="1168" VPOS="298" WIDTH="235" HEIGHT="46" WC="0.96" CONTENT="deputerade"/><SP WIDTH="29" VPOS="298" HPOS="1403"/>
							<String ID="string_21" HPOS="1432" VPOS="303" WIDTH="63" HEIGHT="33" WC="0.96" CONTENT="att"/><SP WIDTH="26" VPOS="303" HPOS="1495"/>
							<String ID="string_22" HPOS="1521" VPOS="314" WIDTH="94" HEIGHT="23" WC="0.96" CONTENT="vara"/><SP WIDTH="29" VPOS="314" HPOS="1615"/>
							<String ID="string_23" HPOS="1644" VPOS="304" WIDTH="338" HEIGHT="46" WC="0.91" CONTENT="omröstningsför-"/>
						</TextLine>
						<TextLine ID="line_3" HPOS="381" VPOS="344" WIDTH="1602" HEIGHT="48">
							<String ID="string_24" HPOS="381" VPOS="345" WIDTH="147" HEIGHT="34" WC="0.96" CONTENT="rättare"/><SP WIDTH="28" VPOS="345" HPOS="528"/>
							<String ID="string_25" HPOS="556" VPOS="344" WIDTH="13" HEIGHT="35" WC="0.94" CONTENT="i"/><SP WIDTH="29" VPOS="344" HPOS="569"/>
							<String ID="string_26" HPOS="598" VPOS="345" WIDTH="210" HEIGHT="37" WC="0.93" CONTENT="distriktet."/><SP WIDTH="55" VPOS="345" HPOS="808"/>
							<String ID="string_27" HPOS="863" VPOS="347" WIDTH="58" HEIGHT="35" WC="0.95" CONTENT="Av"/><SP WIDTH="29" VPOS="347" HPOS="921"/>
							<String ID="string_28" HPOS="950" VPOS="348" WIDTH="108" HEIGHT="35" WC="0.96" CONTENT="dessa"/><SP WIDTH="28" VPOS="348" HPOS="1058"/>
							<String ID="string_29" HPOS="1086" VPOS="348" WIDTH="60" HEIGHT="36" WC="0.96" CONTENT="för"/><SP WIDTH="29" VPOS="348" HPOS="1146"/>
							<String ID="string_30" HPOS="1175" VPOS="350" WIDTH="73" HEIGHT="34" WC="0.96" CONTENT="den"/><SP WIDTH="26" VPOS="350" HPOS="1248"/>
							<String ID="string_31" HPOS="1274" VPOS="349" WIDTH="158" HEIGHT="38" WC="0.96" CONTENT="främste"/><SP WIDTH="30" VPOS="349" HPOS="1432"/>
							<String ID="string_32" HPOS="1462" VPOS="353" WIDTH="121" HEIGHT="35" WC="0.96" CONTENT="ordet."/><SP WIDTH="47" VPOS="353" HPOS="1583"/>
							<String ID="string_33" HPOS="1630" VPOS="352" WIDTH="243" HEIGHT="39" WC="0.96" CONTENT="Protokollet"/><SP WIDTH="19" VPOS="352" HPOS="1873"/>
							<String ID="string_34" HPOS="1892" VPOS="359" WIDTH="91" HEIGHT="33" WC="0.96" CONTENT="över"/>
						</TextLine>
						<TextLine ID="line_4" HPOS="382" VPOS="396" WIDTH="1214" HEIGHT="52">
							<String ID="string_35" HPOS="382" VPOS="396" WIDTH="290" HEIGHT="48" WC="0.93" CONTENT="omröstningen"/><SP WIDTH="28" VPOS="396" HPOS="672"/>
							<String ID="string_36" HPOS="700" VPOS="397" WIDTH="100" HEIGHT="37" WC="0.92" CONTENT="föres"/><SP WIDTH="28" VPOS="397" HPOS="800"/>
							<String ID="string_37" HPOS="828" VPOS="411" WIDTH="48" HEIGHT="24" WC="0.96" CONTENT="av"/><SP WIDTH="27" VPOS="411" HPOS="876"/>
							<String ID="string_38" HPOS="903" VPOS="399" WIDTH="86" HEIGHT="47" WC="0.96" CONTENT="den,"/><SP WIDTH="28" VPOS="399" HPOS="989"/>
							<String ID="string_39" HPOS="1017" VPOS="401" WIDTH="257" HEIGHT="47" WC="0.96" CONTENT="magistraten"/><SP WIDTH="29" VPOS="401" HPOS="1274"/>
							<String ID="string_40" HPOS="1303" VPOS="403" WIDTH="132" HEIGHT="37" WC="0.96" CONTENT="därtill"/><SP WIDTH="28" VPOS="403" HPOS="1435"/>
							<String ID="string_41" HPOS="1463" VPOS="407" WIDTH="133" HEIGHT="35" WC="0.96" CONTENT="utsett."/>
						</TextLine>
					</TextBlock>
					<TextBlock ID="block_2" HPOS="380" VPOS="449" WIDTH="1602" HEIGHT="97">
						<TextLine ID="line_5" HPOS="510" VPOS="449" WIDTH="1472" HEIGHT="57">
							<String ID="string_42" HPOS="510" VPOS="449" WIDTH="72" HEIGHT="35" WC="0.96" CONTENT="Till"/><SP WIDTH="28" VPOS="449" HPOS="582"/>
							<String ID="string_43" HPOS="610" VPOS="450" WIDTH="215" HEIGHT="47" WC="0.95" CONTENT="deputerad"/><SP WIDTH="27" VPOS="450" HPOS="825"/>
							<String ID="string_44" HPOS="852" VPOS="455" WIDTH="62" HEIGHT="33" WC="0.94" CONTENT="må"/><SP WIDTH="28" VPOS="455" HPOS="914"/>
							<String ID="string_45" HPOS="942" VPOS="452" WIDTH="13" HEIGHT="36" WC="0.94" CONTENT="i"/><SP WIDTH="27" VPOS="452" HPOS="955"/>
							<String ID="string_46" HPOS="982" VPOS="452" WIDTH="68" HEIGHT="36" WC="0.95" CONTENT="fall"/><SP WIDTH="29" VPOS="452" HPOS="1050"/>
							<String ID="string_47" HPOS="1079" VPOS="466" WIDTH="47" HEIGHT="23" WC="0.96" CONTENT="av"/><SP WIDTH="28" VPOS="466" HPOS="1126"/>
							<String ID="string_48" HPOS="1154" VPOS="454" WIDTH="126" HEIGHT="36" WC="0.96" CONTENT="behov"/><SP WIDTH="27" VPOS="454" HPOS="1280"/>
							<String ID="string_49" HPOS="1307" VPOS="458" WIDTH="103" HEIGHT="34" WC="0.95" CONTENT="utses"/><SP WIDTH="30" VPOS="458" HPOS="1410"/>
							<String ID="string_50" HPOS="1440" VPOS="457" WIDTH="84" HEIGHT="46" WC="0.96" CONTENT="den,"/><SP WIDTH="30" VPOS="457" HPOS="1524"/>
							<String ID="string_51" HPOS="1554" VPOS="470" WIDTH="81" HEIGHT="24" WC="0.96" CONTENT="som"/><SP WIDTH="29" VPOS="470" HPOS="1635"/>
							<String ID="string_52" HPOS="1664" VPOS="458" WIDTH="108" HEIGHT="48" WC="0.96" CONTENT="eljest"/><SP WIDTH="21" VPOS="458" HPOS="1772"/>
							<String ID="string_53" HPOS="1793" VPOS="459" WIDTH="31" HEIGHT="47" WC="0.96" CONTENT="ej"/><SP WIDTH="22" VPOS="459" HPOS="1824"/>
							<String ID="string_54" HPOS="1846" VPOS="460" WIDTH="136" HEIGHT="37" WC="0.96" CONTENT="tillhör"/>
						</TextLine>
						<TextLine ID="line_6" HPOS="380" VPOS="501" WIDTH="265" HEIGHT="45">
							<String ID="string_55" HPOS="380" VPOS="501" WIDTH="265" HEIGHT="45" WC="0.36" CONTENT="magistraten."/>
						</TextLine>
					</TextBlock>
				</ComposedBlock>
				<ComposedBlock ID="cblock_2" HPOS="1126" VPOS="625" WIDTH="107" HEIGHT="47">
					<TextBlock ID="block_3" HPOS="1126" VPOS="625" WIDTH="107" HEIGHT="47">
						<TextLine ID="line_7" HPOS="1126" VPOS="625" WIDTH="107" HEIGHT="47">
							<String ID="string_56" HPOS="1126" VPOS="627" WIDTH="44" HEIGHT="32" WC="0.96" CONTENT="41"/><SP WIDTH="33" VPOS="627" HPOS="1170"/>
							<String ID="string_57" HPOS="1203" VPOS="625" WIDTH="30" HEIGHT="47" WC="0.39" CONTENT="8."/>
						</TextLine>
					</TextBlock>
				</ComposedBlock>
				<ComposedBlock ID="cblock_3" HPOS="372" VPOS="725" WIDTH="1608" HEIGHT="611">
					<TextBlock ID="block_4" HPOS="377" VPOS="725" WIDTH="1603" HEIGHT="261">
						<TextLine ID="line_8" HPOS="506" VPOS="725" WIDTH="1472" HEIGHT="56">
							<String ID="string_58" HPOS="506" VPOS="725" WIDTH="79" HEIGHT="35" WC="0.95" CONTENT="Har"/><SP WIDTH="27" VPOS="725" HPOS="585"/>
							<String ID="string_59" HPOS="612" VPOS="725" WIDTH="227" HEIGHT="37" WC="0.95" CONTENT="kommunal"/><SP WIDTH="27" VPOS="725" HPOS="839"/>
							<String ID="string_60" HPOS="866" VPOS="728" WIDTH="328" HEIGHT="48" WC="0.95" CONTENT="folkomröstning"/><SP WIDTH="28" VPOS="728" HPOS="1194"/>
							<String ID="string_61" HPOS="1222" VPOS="731" WIDTH="152" HEIGHT="46" WC="0.96" CONTENT="utlysts,"/><SP WIDTH="30" VPOS="731" HPOS="1374"/>
							<String ID="string_62" HPOS="1404" VPOS="732" WIDTH="100" HEIGHT="36" WC="0.96" CONTENT="skall"/><SP WIDTH="27" VPOS="732" HPOS="1504"/>
							<String ID="string_63" HPOS="1531" VPOS="733" WIDTH="60" HEIGHT="35" WC="0.96" CONTENT="för"/><SP WIDTH="27" VPOS="733" HPOS="1591"/>
							<String ID="string_64" HPOS="1618" VPOS="734" WIDTH="236" HEIGHT="36" WC="0.96" CONTENT="kommunen"/><SP WIDTH="20" VPOS="734" HPOS="1854"/>
							<String ID="string_65" HPOS="1874" VPOS="736" WIDTH="104" HEIGHT="45" WC="0.96" CONTENT="eller,"/>
						</TextLine>
						<TextLine ID="line_9" HPOS="379" VPOS="776" WIDTH="1601" HEIGHT="51">
							<String ID="string_66" HPOS="379" VPOS="787" WIDTH="62" HEIGHT="23" WC="0.96" CONTENT="om"/><SP WIDTH="29" VPOS="787" HPOS="441"/>
							<String ID="string_67" HPOS="470" VPOS="776" WIDTH="73" HEIGHT="35" WC="0.96" CONTENT="den"/><SP WIDTH="29" VPOS="776" HPOS="543"/>
							<String ID="string_68" HPOS="572" VPOS="782" WIDTH="43" HEIGHT="30" WC="0.95" CONTENT="är"/><SP WIDTH="27" VPOS="782" HPOS="615"/>
							<String ID="string_69" HPOS="642" VPOS="777" WIDTH="112" HEIGHT="36" WC="0.96" CONTENT="delad"/><SP WIDTH="27" VPOS="777" HPOS="754"/>
							<String ID="string_70" HPOS="781" VPOS="778" WIDTH="13" HEIGHT="35" WC="0.96" CONTENT="i"/><SP WIDTH="28" VPOS="778" HPOS="794"/>
							<String ID="string_71" HPOS="822" VPOS="778" WIDTH="93" HEIGHT="36" WC="0.93" CONTENT="flera"/><SP WIDTH="29" VPOS="778" HPOS="915"/>
							<String ID="string_72" HPOS="944" VPOS="781" WIDTH="434" HEIGHT="46" WC="0.90" CONTENT="omröstningsdistrikt,"/><SP WIDTH="29" VPOS="781" HPOS="1378"/>
							<String ID="string_73" HPOS="1407" VPOS="783" WIDTH="61" HEIGHT="35" WC="0.96" CONTENT="för"/><SP WIDTH="27" VPOS="783" HPOS="1468"/>
							<String ID="string_74" HPOS="1495" VPOS="787" WIDTH="88" HEIGHT="32" WC="0.96" CONTENT="vart"/><SP WIDTH="29" VPOS="787" HPOS="1583"/>
							<String ID="string_75" HPOS="1612" VPOS="785" WIDTH="72" HEIGHT="35" WC="0.96" CONTENT="och"/><SP WIDTH="28" VPOS="785" HPOS="1684"/>
							<String ID="string_76" HPOS="1712" VPOS="788" WIDTH="59" HEIGHT="33" WC="0.96" CONTENT="ett"/><SP WIDTH="28" VPOS="788" HPOS="1771"/>
							<String ID="string_77" HPOS="1799" VPOS="799" WIDTH="48" HEIGHT="22" WC="0.96" CONTENT="av"/><SP WIDTH="25" VPOS="799" HPOS="1847"/>
							<String ID="string_78" HPOS="1872" VPOS="788" WIDTH="108" HEIGHT="35" WC="0.96" CONTENT="dessa"/>
						</TextLine>
						<TextLine ID="line_10" HPOS="377" VPOS="827" WIDTH="1601" HEIGHT="50">
							<String ID="string_79" HPOS="377" VPOS="827" WIDTH="199" HEIGHT="46" WC="0.96" CONTENT="röstlängd"/><SP WIDTH="41" VPOS="827" HPOS="576"/>
							<String ID="string_80" HPOS="617" VPOS="831" WIDTH="150" HEIGHT="33" WC="0.96" CONTENT="snarast"/><SP WIDTH="40" VPOS="831" HPOS="767"/>
							<String ID="string_81" HPOS="807" VPOS="830" WIDTH="155" HEIGHT="47" WC="0.95" CONTENT="möjligt"/><SP WIDTH="36" VPOS="830" HPOS="962"/>
							<String ID="string_82" HPOS="998" VPOS="834" WIDTH="215" HEIGHT="43" WC="0.95" CONTENT="upprättas."/><SP WIDTH="57" VPOS="834" HPOS="1213"/>
							<String ID="string_83" HPOS="1270" VPOS="834" WIDTH="184" HEIGHT="35" WC="0.91" CONTENT="Närmare"/><SP WIDTH="28" VPOS="834" HPOS="1454"/>
							<String ID="string_84" HPOS="1482" VPOS="834" WIDTH="243" HEIGHT="37" WC="0.96" CONTENT="föreskrifter"/><SP WIDTH="27" VPOS="834" HPOS="1725"/>
							<String ID="string_85" HPOS="1752" VPOS="837" WIDTH="13" HEIGHT="35" WC="0.96" CONTENT="i"/><SP WIDTH="28" VPOS="837" HPOS="1765"/>
							<String ID="string_86" HPOS="1793" VPOS="839" WIDTH="185" HEIGHT="35" WC="0.94" CONTENT="avseende"/>
						</TextLine>
						<TextLine ID="line_11" HPOS="377" VPOS="877" WIDTH="1601" HEIGHT="57">
							<String ID="string_87" HPOS="377" VPOS="877" WIDTH="94" HEIGHT="36" WC="0.91" CONTENT="härå"/><SP WIDTH="41" VPOS="877" HPOS="471"/>
							<String ID="string_88" HPOS="512" VPOS="881" WIDTH="41" HEIGHT="32" WC="0.96" CONTENT="så"/><SP WIDTH="41" VPOS="881" HPOS="553"/>
							<String ID="string_89" HPOS="594" VPOS="879" WIDTH="74" HEIGHT="35" WC="0.96" CONTENT="ock"/><SP WIDTH="38" VPOS="879" HPOS="668"/>
							<String ID="string_90" HPOS="706" VPOS="892" WIDTH="61" HEIGHT="24" WC="0.94" CONTENT="om"/><SP WIDTH="42" VPOS="892" HPOS="767"/>
							<String ID="string_91" HPOS="809" VPOS="881" WIDTH="222" HEIGHT="48" WC="0.94" CONTENT="skyldighet"/><SP WIDTH="27" VPOS="881" HPOS="1031"/>
							<String ID="string_92" HPOS="1058" VPOS="882" WIDTH="61" HEIGHT="36" WC="0.96" CONTENT="för"/><SP WIDTH="26" VPOS="882" HPOS="1119"/>
							<String ID="string_93" HPOS="1145" VPOS="884" WIDTH="290" HEIGHT="37" WC="0.96" CONTENT="vederbörande"/><SP WIDTH="28" VPOS="884" HPOS="1435"/>
							<String ID="string_94" HPOS="1463" VPOS="887" WIDTH="270" HEIGHT="47" WC="0.96" CONTENT="myndigheter"/><SP WIDTH="29" VPOS="887" HPOS="1733"/>
							<String ID="string_95" HPOS="1762" VPOS="891" WIDTH="58" HEIGHT="33" WC="0.96" CONTENT="att"/><SP WIDTH="29" VPOS="891" HPOS="1820"/>
							<String ID="string_96" HPOS="1849" VPOS="889" WIDTH="129" HEIGHT="37" WC="0.96" CONTENT="lämna"/>
						</TextLine>
						<TextLine ID="line_12" HPOS="377" VPOS="930" WIDTH="1322" HEIGHT="56">
							<String ID="string_97" HPOS="377" VPOS="930" WIDTH="198" HEIGHT="47" WC="0.96" CONTENT="uppgifter"/><SP WIDTH="27" VPOS="930" HPOS="575"/>
							<String ID="string_98" HPOS="602" VPOS="931" WIDTH="62" HEIGHT="36" WC="0.96" CONTENT="till"/><SP WIDTH="28" VPOS="931" HPOS="664"/>
							<String ID="string_99" HPOS="692" VPOS="931" WIDTH="203" HEIGHT="38" WC="0.96" CONTENT="införande"/><SP WIDTH="27" VPOS="931" HPOS="895"/>
							<String ID="string_100" HPOS="922" VPOS="934" WIDTH="14" HEIGHT="35" WC="0.96" CONTENT="i"/><SP WIDTH="28" VPOS="934" HPOS="936"/>
							<String ID="string_101" HPOS="964" VPOS="934" WIDTH="180" HEIGHT="48" WC="0.96" CONTENT="längden,"/><SP WIDTH="30" VPOS="934" HPOS="1144"/>
							<String ID="string_102" HPOS="1174" VPOS="936" WIDTH="195" HEIGHT="37" WC="0.96" CONTENT="meddelas"/><SP WIDTH="29" VPOS="936" HPOS="1369"/>
							<String ID="string_103" HPOS="1398" VPOS="950" WIDTH="48" HEIGHT="23" WC="0.96" CONTENT="av"/><SP WIDTH="27" VPOS="950" HPOS="1446"/>
							<String ID="string_104" HPOS="1473" VPOS="938" WIDTH="226" HEIGHT="48" WC="0.96" CONTENT="Konungen."/>
						</TextLine>
					</TextBlock>
					<TextBlock ID="block_5" HPOS="372" VPOS="982" WIDTH="1604" HEIGHT="354">
						<TextLine ID="line_13" HPOS="506" VPOS="982" WIDTH="1470" HEIGHT="55">
							<String ID="string_105" HPOS="506" VPOS="982" WIDTH="133" HEIGHT="36" WC="0.96" CONTENT="Senast"/><SP WIDTH="27" VPOS="982" HPOS="639"/>
							<String ID="string_106" HPOS="666" VPOS="984" WIDTH="105" HEIGHT="35" WC="0.96" CONTENT="inom"/><SP WIDTH="28" VPOS="984" HPOS="771"/>
							<String ID="string_107" HPOS="799" VPOS="997" WIDTH="65" HEIGHT="23" WC="0.95" CONTENT="sex"/><SP WIDTH="27" VPOS="997" HPOS="864"/>
							<String ID="string_108" HPOS="891" VPOS="986" WIDTH="145" HEIGHT="36" WC="0.95" CONTENT="veckor"/><SP WIDTH="28" VPOS="986" HPOS="1036"/>
							<String ID="string_109" HPOS="1064" VPOS="986" WIDTH="97" HEIGHT="37" WC="0.92" CONTENT="efter"/><SP WIDTH="28" VPOS="986" HPOS="1161"/>
							<String ID="string_110" HPOS="1189" VPOS="990" WIDTH="312" HEIGHT="46" WC="0.79" CONTENT="omröstningens"/><SP WIDTH="27" VPOS="990" HPOS="1501"/>
							<String ID="string_111" HPOS="1528" VPOS="991" WIDTH="203" HEIGHT="46" WC="0.92" CONTENT="utlysande"/><SP WIDTH="29" VPOS="991" HPOS="1731"/>
							<String ID="string_112" HPOS="1760" VPOS="992" WIDTH="99" HEIGHT="36" WC="0.93" CONTENT="skall"/><SP WIDTH="19" VPOS="992" HPOS="1859"/>
							<String ID="string_113" HPOS="1878" VPOS="996" WIDTH="98" HEIGHT="34" WC="0.92" CONTENT="röst-"/>
						</TextLine>
						<TextLine ID="line_14" HPOS="376" VPOS="1033" WIDTH="1600" HEIGHT="56">
							<String ID="string_114" HPOS="376" VPOS="1033" WIDTH="117" HEIGHT="46" WC="0.96" CONTENT="längd"/><SP WIDTH="41" VPOS="1033" HPOS="493"/>
							<String ID="string_115" HPOS="534" VPOS="1046" WIDTH="92" HEIGHT="23" WC="0.90" CONTENT="vara"/><SP WIDTH="35" VPOS="1046" HPOS="626"/>
							<String ID="string_116" HPOS="661" VPOS="1037" WIDTH="145" HEIGHT="34" WC="0.90" CONTENT="avsänd"/><SP WIDTH="29" VPOS="1037" HPOS="806"/>
							<String ID="string_117" HPOS="835" VPOS="1037" WIDTH="92" HEIGHT="35" WC="0.92" CONTENT="eller"/><SP WIDTH="28" VPOS="1037" HPOS="927"/>
							<String ID="string_118" HPOS="955" VPOS="1038" WIDTH="216" HEIGHT="45" WC="0.92" CONTENT="avlämnad,"/><SP WIDTH="31" VPOS="1038" HPOS="1171"/>
							<String ID="string_119" HPOS="1202" VPOS="1042" WIDTH="21" HEIGHT="32" WC="0.91" CONTENT="å"/><SP WIDTH="29" VPOS="1042" HPOS="1223"/>
							<String ID="string_120" HPOS="1252" VPOS="1040" WIDTH="133" HEIGHT="36" WC="0.96" CONTENT="landet"/><SP WIDTH="28" VPOS="1040" HPOS="1385"/>
							<String ID="string_121" HPOS="1413" VPOS="1042" WIDTH="61" HEIGHT="34" WC="0.93" CONTENT="till"/><SP WIDTH="30" VPOS="1042" HPOS="1474"/>
							<String ID="string_122" HPOS="1504" VPOS="1043" WIDTH="472" HEIGHT="46" WC="0.90" CONTENT="omröstningsnämndens"/>
						</TextLine>
						<TextLine ID="line_15" HPOS="376" VPOS="1084" WIDTH="1600" HEIGHT="56">
							<String ID="string_123" HPOS="376" VPOS="1084" WIDTH="231" HEIGHT="36" WC="0.95" CONTENT="ordförande"/><SP WIDTH="42" VPOS="1084" HPOS="607"/>
							<String ID="string_124" HPOS="649" VPOS="1086" WIDTH="73" HEIGHT="35" WC="0.95" CONTENT="och"/><SP WIDTH="27" VPOS="1086" HPOS="722"/>
							<String ID="string_125" HPOS="749" VPOS="1087" WIDTH="14" HEIGHT="35" WC="0.96" CONTENT="i"/><SP WIDTH="28" VPOS="1087" HPOS="763"/>
							<String ID="string_126" HPOS="791" VPOS="1088" WIDTH="86" HEIGHT="35" WC="0.96" CONTENT="stad"/><SP WIDTH="41" VPOS="1088" HPOS="877"/>
							<String ID="string_127" HPOS="918" VPOS="1088" WIDTH="63" HEIGHT="35" WC="0.95" CONTENT="till"/><SP WIDTH="40" VPOS="1088" HPOS="981"/>
							<String ID="string_128" HPOS="1021" VPOS="1090" WIDTH="269" HEIGHT="46" WC="0.95" CONTENT="magistraten,"/><SP WIDTH="43" VPOS="1090" HPOS="1290"/>
							<String ID="string_129" HPOS="1333" VPOS="1092" WIDTH="71" HEIGHT="35" WC="0.96" CONTENT="där"/><SP WIDTH="28" VPOS="1092" HPOS="1404"/>
							<String ID="string_130" HPOS="1432" VPOS="1093" WIDTH="126" HEIGHT="34" WC="0.96" CONTENT="denna"/><SP WIDTH="28" VPOS="1093" HPOS="1558"/>
							<String ID="string_131" HPOS="1586" VPOS="1093" WIDTH="32" HEIGHT="46" WC="0.96" CONTENT="ej"/><SP WIDTH="31" VPOS="1093" HPOS="1618"/>
							<String ID="string_132" HPOS="1649" VPOS="1094" WIDTH="95" HEIGHT="46" WC="0.96" CONTENT="själv"/><SP WIDTH="27" VPOS="1094" HPOS="1744"/>
							<String ID="string_133" HPOS="1771" VPOS="1095" WIDTH="205" HEIGHT="37" WC="0.96" CONTENT="verkställt"/>
						</TextLine>
						<TextLine ID="line_16" HPOS="374" VPOS="1137" WIDTH="1602" HEIGHT="56">
							<String ID="string_134" HPOS="374" VPOS="1137" WIDTH="293" HEIGHT="45" WC="0.95" CONTENT="upprättandet."/><SP WIDTH="30" VPOS="1137" HPOS="667"/>
							<String ID="string_135" HPOS="697" VPOS="1138" WIDTH="52" HEIGHT="35" WC="0.96" CONTENT="På"/><SP WIDTH="19" VPOS="1138" HPOS="749"/>
							<String ID="string_136" HPOS="768" VPOS="1138" WIDTH="287" HEIGHT="49" WC="0.96" CONTENT="framställning"/><SP WIDTH="20" VPOS="1138" HPOS="1055"/>
							<String ID="string_137" HPOS="1075" VPOS="1153" WIDTH="47" HEIGHT="24" WC="0.93" CONTENT="av"/><SP WIDTH="20" VPOS="1153" HPOS="1122"/>
							<String ID="string_138" HPOS="1142" VPOS="1143" WIDTH="456" HEIGHT="46" WC="0.90" CONTENT="omröstningsnämnden"/><SP WIDTH="16" VPOS="1143" HPOS="1598"/>
							<String ID="string_139" HPOS="1614" VPOS="1145" WIDTH="92" HEIGHT="36" WC="0.96" CONTENT="eller"/><SP WIDTH="14" VPOS="1145" HPOS="1706"/>
							<String ID="string_140" HPOS="1720" VPOS="1147" WIDTH="256" HEIGHT="46" WC="0.96" CONTENT="magistraten"/>
						</TextLine>
						<TextLine ID="line_17" HPOS="374" VPOS="1188" WIDTH="1601" HEIGHT="54">
							<String ID="string_141" HPOS="374" VPOS="1192" WIDTH="92" HEIGHT="41" WC="0.96" CONTENT="äger"/><SP WIDTH="39" VPOS="1192" HPOS="466"/>
							<String ID="string_142" HPOS="505" VPOS="1188" WIDTH="235" HEIGHT="48" WC="0.93" CONTENT="Konungens"/><SP WIDTH="41" VPOS="1188" HPOS="740"/>
							<String ID="string_143" HPOS="781" VPOS="1190" WIDTH="406" HEIGHT="48" WC="0.88" CONTENT="befallningshavande"/><SP WIDTH="43" VPOS="1190" HPOS="1187"/>
							<String ID="string_144" HPOS="1230" VPOS="1194" WIDTH="101" HEIGHT="36" WC="0.96" CONTENT="dock"/><SP WIDTH="32" VPOS="1194" HPOS="1331"/>
							<String ID="string_145" HPOS="1363" VPOS="1195" WIDTH="13" HEIGHT="35" WC="0.96" CONTENT="i"/><SP WIDTH="32" VPOS="1195" HPOS="1376"/>
							<String ID="string_146" HPOS="1408" VPOS="1195" WIDTH="110" HEIGHT="47" WC="0.96" CONTENT="fråga"/><SP WIDTH="42" VPOS="1195" HPOS="1518"/>
							<String ID="string_147" HPOS="1560" VPOS="1208" WIDTH="62" HEIGHT="24" WC="0.96" CONTENT="om"/><SP WIDTH="39" VPOS="1208" HPOS="1622"/>
							<String ID="string_148" HPOS="1661" VPOS="1197" WIDTH="187" HEIGHT="36" WC="0.96" CONTENT="kommun"/><SP WIDTH="41" VPOS="1197" HPOS="1848"/>
							<String ID="string_149" HPOS="1889" VPOS="1200" WIDTH="86" HEIGHT="35" WC="0.96" CONTENT="med"/>
						</TextLine>
						<TextLine ID="line_18" HPOS="373" VPOS="1239" WIDTH="1602" HEIGHT="54">
							<String ID="string_150" HPOS="373" VPOS="1241" WIDTH="123" HEIGHT="33" WC="0.96" CONTENT="större"/><SP WIDTH="40" VPOS="1241" HPOS="496"/>
							<String ID="string_151" HPOS="536" VPOS="1239" WIDTH="229" HEIGHT="48" WC="0.91" CONTENT="folkmängd"/><SP WIDTH="34" VPOS="1239" HPOS="765"/>
							<String ID="string_152" HPOS="799" VPOS="1243" WIDTH="178" HEIGHT="46" WC="0.90" CONTENT="medgiva"/><SP WIDTH="28" VPOS="1243" HPOS="977"/>
							<String ID="string_153" HPOS="1005" VPOS="1245" WIDTH="275" HEIGHT="47" WC="0.96" CONTENT="utsträckning"/><SP WIDTH="29" VPOS="1245" HPOS="1280"/>
							<String ID="string_154" HPOS="1309" VPOS="1258" WIDTH="47" HEIGHT="23" WC="0.96" CONTENT="av"/><SP WIDTH="28" VPOS="1258" HPOS="1356"/>
							<String ID="string_155" HPOS="1384" VPOS="1247" WIDTH="73" HEIGHT="35" WC="0.96" CONTENT="den"/><SP WIDTH="27" VPOS="1247" HPOS="1457"/>
							<String ID="string_156" HPOS="1484" VPOS="1247" WIDTH="70" HEIGHT="46" WC="0.95" CONTENT="tid,"/><SP WIDTH="30" VPOS="1247" HPOS="1554"/>
							<String ID="string_157" HPOS="1584" VPOS="1248" WIDTH="106" HEIGHT="36" WC="0.95" CONTENT="inom"/><SP WIDTH="28" VPOS="1248" HPOS="1690"/>
							<String ID="string_158" HPOS="1718" VPOS="1249" WIDTH="131" HEIGHT="36" WC="0.93" CONTENT="vilken"/><SP WIDTH="27" VPOS="1249" HPOS="1849"/>
							<String ID="string_159" HPOS="1876" VPOS="1253" WIDTH="99" HEIGHT="33" WC="0.92" CONTENT="röst-"/>
						</TextLine>
						<TextLine ID="line_19" HPOS="372" VPOS="1290" WIDTH="953" HEIGHT="46">
							<String ID="string_160" HPOS="372" VPOS="1290" WIDTH="168" HEIGHT="46" WC="0.96" CONTENT="längden"/><SP WIDTH="28" VPOS="1290" HPOS="540"/>
							<String ID="string_161" HPOS="568" VPOS="1292" WIDTH="99" HEIGHT="35" WC="0.95" CONTENT="skall"/><SP WIDTH="28" VPOS="1292" HPOS="667"/>
							<String ID="string_162" HPOS="695" VPOS="1305" WIDTH="93" HEIGHT="23" WC="0.93" CONTENT="vara"/><SP WIDTH="29" VPOS="1305" HPOS="788"/>
							<String ID="string_163" HPOS="817" VPOS="1295" WIDTH="144" HEIGHT="34" WC="0.91" CONTENT="avsänd"/><SP WIDTH="28" VPOS="1295" HPOS="961"/>
							<String ID="string_164" HPOS="989" VPOS="1295" WIDTH="92" HEIGHT="36" WC="0.93" CONTENT="eller"/><SP WIDTH="29" VPOS="1295" HPOS="1081"/>
							<String ID="string_165" HPOS="1110" VPOS="1296" WIDTH="215" HEIGHT="37" WC="0.91" CONTENT="avlämnad."/>
						</TextLine>
					</TextBlock>
				</ComposedBlock>
				<ComposedBlock ID="cblock_4" HPOS="1118" VPOS="1417" WIDTH="109" HEIGHT="45">
					<TextBlock ID="block_6" HPOS="1118" VPOS="1417" WIDTH="109" HEIGHT="45">
						<TextLine ID="line_20" HPOS="1118" VPOS="1417" WIDTH="109" HEIGHT="45">
							<String ID="string_166" HPOS="1118" VPOS="1419" WIDTH="47" HEIGHT="32" WC="0.81" CONTENT="42"/><SP WIDTH="32" VPOS="1419" HPOS="1165"/>
							<String ID="string_167" HPOS="1197" VPOS="1417" WIDTH="30" HEIGHT="45" WC="0.86" CONTENT="8."/>
						</TextLine>
					</TextBlock>
				</ComposedBlock>
				<ComposedBlock ID="cblock_5" HPOS="364" VPOS="1497" WIDTH="1609" HEIGHT="573">
					<TextBlock ID="block_7" HPOS="364" VPOS="1497" WIDTH="1609" HEIGHT="413">
						<TextLine ID="line_21" HPOS="500" VPOS="1497" WIDTH="1473" HEIGHT="56">
							<String ID="string_168" HPOS="500" VPOS="1497" WIDTH="263" HEIGHT="47" WC="0.92" CONTENT="Röstlängden"/><SP WIDTH="42" VPOS="1497" HPOS="763"/>
							<String ID="string_169" HPOS="805" VPOS="1499" WIDTH="100" HEIGHT="36" WC="0.96" CONTENT="skall"/><SP WIDTH="40" VPOS="1499" HPOS="905"/>
							<String ID="string_170" HPOS="945" VPOS="1503" WIDTH="123" HEIGHT="34" WC="0.95" CONTENT="under"/><SP WIDTH="43" VPOS="1503" HPOS="1068"/>
							<String ID="string_171" HPOS="1111" VPOS="1503" WIDTH="54" HEIGHT="35" WC="0.95" CONTENT="tio"/><SP WIDTH="35" VPOS="1503" HPOS="1165"/>
							<String ID="string_172" HPOS="1200" VPOS="1504" WIDTH="122" HEIGHT="46" WC="0.96" CONTENT="dagar"/><SP WIDTH="27" VPOS="1504" HPOS="1322"/>
							<String ID="string_173" HPOS="1349" VPOS="1517" WIDTH="92" HEIGHT="24" WC="0.93" CONTENT="vara"/><SP WIDTH="29" VPOS="1517" HPOS="1441"/>
							<String ID="string_174" HPOS="1470" VPOS="1509" WIDTH="22" HEIGHT="32" WC="0.90" CONTENT="å"/><SP WIDTH="28" VPOS="1509" HPOS="1492"/>
							<String ID="string_175" HPOS="1520" VPOS="1506" WIDTH="180" HEIGHT="47" WC="0.96" CONTENT="lämpligt"/><SP WIDTH="28" VPOS="1506" HPOS="1700"/>
							<String ID="string_176" HPOS="1728" VPOS="1508" WIDTH="110" HEIGHT="35" WC="0.96" CONTENT="ställe"/><SP WIDTH="29" VPOS="1508" HPOS="1838"/>
							<String ID="string_177" HPOS="1867" VPOS="1509" WIDTH="106" HEIGHT="36" WC="0.96" CONTENT="inom"/>
						</TextLine>
						<TextLine ID="line_22" HPOS="371" VPOS="1548" WIDTH="1600" HEIGHT="59">
							<String ID="string_178" HPOS="371" VPOS="1548" WIDTH="462" HEIGHT="46" WC="0.91" CONTENT="omröstningsdistriktet"/><SP WIDTH="41" VPOS="1548" HPOS="833"/>
							<String ID="string_179" HPOS="874" VPOS="1553" WIDTH="123" HEIGHT="36" WC="0.96" CONTENT="under"/><SP WIDTH="40" VPOS="1553" HPOS="997"/>
							<String ID="string_180" HPOS="1037" VPOS="1554" WIDTH="163" HEIGHT="47" WC="0.56" CONTENT="behörig"/><SP WIDTH="43" VPOS="1554" HPOS="1200"/>
							<String ID="string_181" HPOS="1243" VPOS="1556" WIDTH="131" HEIGHT="45" WC="0.95" CONTENT="tillsyn"/><SP WIDTH="33" VPOS="1556" HPOS="1374"/>
							<String ID="string_182" HPOS="1407" VPOS="1557" WIDTH="191" HEIGHT="47" WC="0.95" CONTENT="framlagd"/><SP WIDTH="27" VPOS="1557" HPOS="1598"/>
							<String ID="string_183" HPOS="1625" VPOS="1558" WIDTH="61" HEIGHT="35" WC="0.96" CONTENT="för"/><SP WIDTH="27" VPOS="1558" HPOS="1686"/>
							<String ID="string_184" HPOS="1713" VPOS="1560" WIDTH="258" HEIGHT="47" WC="0.95" CONTENT="granskning;"/>
						</TextLine>
						<TextLine ID="line_23" HPOS="371" VPOS="1599" WIDTH="1602" HEIGHT="57">
							<String ID="string_185" HPOS="371" VPOS="1599" WIDTH="71" HEIGHT="35" WC="0.96" CONTENT="och"/><SP WIDTH="33" VPOS="1599" HPOS="442"/>
							<String ID="string_186" HPOS="475" VPOS="1599" WIDTH="149" HEIGHT="47" WC="0.96" CONTENT="åligger"/><SP WIDTH="27" VPOS="1599" HPOS="624"/>
							<String ID="string_187" HPOS="651" VPOS="1601" WIDTH="66" HEIGHT="35" WC="0.93" CONTENT="det"/><SP WIDTH="28" VPOS="1601" HPOS="717"/>
							<String ID="string_188" HPOS="745" VPOS="1604" WIDTH="476" HEIGHT="47" WC="0.91" CONTENT="omröstningsnämndens"/><SP WIDTH="29" VPOS="1604" HPOS="1221"/>
							<String ID="string_189" HPOS="1250" VPOS="1607" WIDTH="231" HEIGHT="36" WC="0.96" CONTENT="ordförande"/><SP WIDTH="29" VPOS="1607" HPOS="1481"/>
							<String ID="string_190" HPOS="1510" VPOS="1609" WIDTH="92" HEIGHT="36" WC="0.96" CONTENT="eller"/><SP WIDTH="27" VPOS="1609" HPOS="1602"/>
							<String ID="string_191" HPOS="1629" VPOS="1610" WIDTH="255" HEIGHT="46" WC="0.95" CONTENT="magistraten"/><SP WIDTH="29" VPOS="1610" HPOS="1884"/>
							<String ID="string_192" HPOS="1913" VPOS="1615" WIDTH="60" HEIGHT="33" WC="0.95" CONTENT="att"/>
						</TextLine>
						<TextLine ID="line_24" HPOS="370" VPOS="1651" WIDTH="1603" HEIGHT="55">
							<String ID="string_193" HPOS="370" VPOS="1651" WIDTH="239" HEIGHT="36" WC="0.94" CONTENT="omedelbart"/><SP WIDTH="41" VPOS="1651" HPOS="609"/>
							<String ID="string_194" HPOS="650" VPOS="1652" WIDTH="97" HEIGHT="36" WC="0.93" CONTENT="efter"/><SP WIDTH="36" VPOS="1652" HPOS="747"/>
							<String ID="string_195" HPOS="783" VPOS="1654" WIDTH="270" HEIGHT="49" WC="0.91" CONTENT="röstlängdens"/><SP WIDTH="32" VPOS="1654" HPOS="1053"/>
							<String ID="string_196" HPOS="1085" VPOS="1659" WIDTH="263" HEIGHT="45" WC="0.92" CONTENT="upprättande"/><SP WIDTH="28" VPOS="1659" HPOS="1348"/>
							<String ID="string_197" HPOS="1376" VPOS="1659" WIDTH="178" HEIGHT="47" WC="0.92" CONTENT="kungöra"/><SP WIDTH="28" VPOS="1659" HPOS="1554"/>
							<String ID="string_198" HPOS="1582" VPOS="1661" WIDTH="59" HEIGHT="36" WC="0.96" CONTENT="tid"/><SP WIDTH="28" VPOS="1661" HPOS="1641"/>
							<String ID="string_199" HPOS="1669" VPOS="1662" WIDTH="72" HEIGHT="35" WC="0.96" CONTENT="och"/><SP WIDTH="29" VPOS="1662" HPOS="1741"/>
							<String ID="string_200" HPOS="1770" VPOS="1663" WIDTH="110" HEIGHT="35" WC="0.96" CONTENT="ställe"/><SP WIDTH="33" VPOS="1663" HPOS="1880"/>
							<String ID="string_201" HPOS="1913" VPOS="1664" WIDTH="60" HEIGHT="35" WC="0.96" CONTENT="för"/>
						</TextLine>
						<TextLine ID="line_25" HPOS="368" VPOS="1701" WIDTH="1601" HEIGHT="59">
							<String ID="string_202" HPOS="368" VPOS="1701" WIDTH="321" HEIGHT="48" WC="0.91" CONTENT="framläggandet,"/><SP WIDTH="39" VPOS="1701" HPOS="689"/>
							<String ID="string_203" HPOS="728" VPOS="1705" WIDTH="73" HEIGHT="35" WC="0.96" CONTENT="den"/><SP WIDTH="37" VPOS="1705" HPOS="801"/>
							<String ID="string_204" HPOS="838" VPOS="1707" WIDTH="70" HEIGHT="45" WC="0.94" CONTENT="tid,"/><SP WIDTH="29" VPOS="1707" HPOS="908"/>
							<String ID="string_205" HPOS="937" VPOS="1708" WIDTH="107" HEIGHT="35" WC="0.95" CONTENT="inom"/><SP WIDTH="28" VPOS="1708" HPOS="1044"/>
							<String ID="string_206" HPOS="1072" VPOS="1709" WIDTH="132" HEIGHT="35" WC="0.96" CONTENT="vilken"/><SP WIDTH="28" VPOS="1709" HPOS="1204"/>
							<String ID="string_207" HPOS="1232" VPOS="1710" WIDTH="260" HEIGHT="48" WC="0.96" CONTENT="anmärkning"/><SP WIDTH="27" VPOS="1710" HPOS="1492"/>
							<String ID="string_208" HPOS="1519" VPOS="1716" WIDTH="84" HEIGHT="32" WC="0.96" CONTENT="mot"/><SP WIDTH="26" VPOS="1716" HPOS="1603"/>
							<String ID="string_209" HPOS="1629" VPOS="1714" WIDTH="202" HEIGHT="46" WC="0.95" CONTENT="röstlängd"/><SP WIDTH="28" VPOS="1714" HPOS="1831"/>
							<String ID="string_210" HPOS="1859" VPOS="1715" WIDTH="110" HEIGHT="45" WC="0.95" CONTENT="skall,"/>
						</TextLine>
						<TextLine ID="line_26" HPOS="364" VPOS="1752" WIDTH="1606" HEIGHT="57">
							<String ID="string_211" HPOS="364" VPOS="1752" WIDTH="158" HEIGHT="47" WC="0.95" CONTENT="Jämlikt"/><SP WIDTH="40" VPOS="1752" HPOS="522"/>
							<String ID="string_212" HPOS="562" VPOS="1757" WIDTH="48" HEIGHT="33" WC="0.92" CONTENT="43"/><SP WIDTH="43" VPOS="1757" HPOS="610"/>
							<String ID="string_213" HPOS="653" VPOS="1755" WIDTH="19" HEIGHT="46" WC="0.92" CONTENT="$"/><SP WIDTH="43" VPOS="1755" HPOS="672"/>
							<String ID="string_214" HPOS="715" VPOS="1756" WIDTH="72" HEIGHT="36" WC="0.95" CONTENT="här"/><SP WIDTH="39" VPOS="1756" HPOS="787"/>
							<String ID="string_215" HPOS="826" VPOS="1759" WIDTH="138" HEIGHT="45" WC="0.94" CONTENT="nedan,"/><SP WIDTH="42" VPOS="1759" HPOS="964"/>
							<String ID="string_216" HPOS="1006" VPOS="1772" WIDTH="93" HEIGHT="23" WC="0.96" CONTENT="vara"/><SP WIDTH="41" VPOS="1772" HPOS="1099"/>
							<String ID="string_217" HPOS="1140" VPOS="1761" WIDTH="63" HEIGHT="34" WC="0.92" CONTENT="till"/><SP WIDTH="35" VPOS="1761" HPOS="1203"/>
							<String ID="string_218" HPOS="1238" VPOS="1763" WIDTH="473" HEIGHT="46" WC="0.91" CONTENT="omröstningsnämndens"/><SP WIDTH="29" VPOS="1763" HPOS="1711"/>
							<String ID="string_219" HPOS="1740" VPOS="1765" WIDTH="230" HEIGHT="37" WC="0.96" CONTENT="ordförande"/>
						</TextLine>
						<TextLine ID="line_27" HPOS="368" VPOS="1805" WIDTH="1601" HEIGHT="59">
							<String ID="string_220" HPOS="368" VPOS="1805" WIDTH="93" HEIGHT="35" WC="0.91" CONTENT="elier"/><SP WIDTH="27" VPOS="1805" HPOS="461"/>
							<String ID="string_221" HPOS="488" VPOS="1806" WIDTH="254" HEIGHT="47" WC="0.96" CONTENT="magistraten"/><SP WIDTH="28" VPOS="1806" HPOS="742"/>
							<String ID="string_222" HPOS="770" VPOS="1808" WIDTH="210" HEIGHT="48" WC="0.96" CONTENT="inlämnad,"/><SP WIDTH="30" VPOS="1808" HPOS="980"/>
							<String ID="string_223" HPOS="1010" VPOS="1814" WIDTH="101" HEIGHT="33" WC="0.96" CONTENT="samt"/><SP WIDTH="27" VPOS="1814" HPOS="1111"/>
							<String ID="string_224" HPOS="1138" VPOS="1812" WIDTH="60" HEIGHT="35" WC="0.96" CONTENT="tid"/><SP WIDTH="29" VPOS="1812" HPOS="1198"/>
							<String ID="string_225" HPOS="1227" VPOS="1813" WIDTH="72" HEIGHT="35" WC="0.96" CONTENT="och"/><SP WIDTH="28" VPOS="1813" HPOS="1299"/>
							<String ID="string_226" HPOS="1327" VPOS="1814" WIDTH="110" HEIGHT="36" WC="0.96" CONTENT="ställe"/><SP WIDTH="27" VPOS="1814" HPOS="1437"/>
							<String ID="string_227" HPOS="1464" VPOS="1814" WIDTH="61" HEIGHT="36" WC="0.96" CONTENT="för"/><SP WIDTH="26" VPOS="1814" HPOS="1525"/>
							<String ID="string_228" HPOS="1551" VPOS="1816" WIDTH="194" HEIGHT="48" WC="0.96" CONTENT="prövning"/><SP WIDTH="29" VPOS="1816" HPOS="1745"/>
							<String ID="string_229" HPOS="1774" VPOS="1817" WIDTH="123" HEIGHT="47" WC="0.96" CONTENT="enligt"/><SP WIDTH="24" VPOS="1817" HPOS="1897"/>
							<String ID="string_230" HPOS="1921" VPOS="1820" WIDTH="48" HEIGHT="34" WC="0.96" CONTENT="46"/>
						</TextLine>
						<TextLine ID="line_28" HPOS="367" VPOS="1856" WIDTH="796" HEIGHT="54">
							<String ID="string_231" HPOS="367" VPOS="1856" WIDTH="19" HEIGHT="46" WC="0.89" CONTENT="$"/><SP WIDTH="28" VPOS="1856" HPOS="386"/>
							<String ID="string_232" HPOS="414" VPOS="1869" WIDTH="48" HEIGHT="23" WC="0.96" CONTENT="av"/><SP WIDTH="28" VPOS="1869" HPOS="462"/>
							<String ID="string_233" HPOS="490" VPOS="1857" WIDTH="161" HEIGHT="37" WC="0.96" CONTENT="sålunda"/><SP WIDTH="27" VPOS="1857" HPOS="651"/>
							<String ID="string_234" HPOS="678" VPOS="1859" WIDTH="138" HEIGHT="47" WC="0.96" CONTENT="gjorda"/><SP WIDTH="29" VPOS="1859" HPOS="816"/>
							<String ID="string_235" HPOS="845" VPOS="1862" WIDTH="318" HEIGHT="48" WC="0.96" CONTENT="anmärkningar."/>
						</TextLine>
					</TextBlock>
					<TextBlock ID="block_8" HPOS="366" VPOS="1909" WIDTH="1603" HEIGHT="161">
						<TextLine ID="line_29" HPOS="469" VPOS="1909" WIDTH="1500" HEIGHT="60">
							<String ID="string_236" HPOS="469" VPOS="1909" WIDTH="264" HEIGHT="48" WC="0.91" CONTENT="Kungörelsen"/><SP WIDTH="28" VPOS="1909" HPOS="733"/>
							<String ID="string_237" HPOS="761" VPOS="1912" WIDTH="99" HEIGHT="36" WC="0.90" CONTENT="skall"/><SP WIDTH="29" VPOS="1912" HPOS="860"/>
							<String ID="string_238" HPOS="889" VPOS="1913" WIDTH="168" HEIGHT="37" WC="0.90" CONTENT="avfattas"/><SP WIDTH="29" VPOS="1913" HPOS="1057"/>
							<String ID="string_239" HPOS="1086" VPOS="1916" WIDTH="124" HEIGHT="46" WC="0.96" CONTENT="enligt"/><SP WIDTH="27" VPOS="1916" HPOS="1210"/>
							<String ID="string_240" HPOS="1237" VPOS="1916" WIDTH="187" HEIGHT="37" WC="0.96" CONTENT="formulär"/><SP WIDTH="30" VPOS="1916" HPOS="1424"/>
							<String ID="string_241" HPOS="1454" VPOS="1921" WIDTH="19" HEIGHT="33" WC="0.96" CONTENT="3"/><SP WIDTH="29" VPOS="1921" HPOS="1473"/>
							<String ID="string_242" HPOS="1502" VPOS="1919" WIDTH="66" HEIGHT="35" WC="0.96" CONTENT="vid"/><SP WIDTH="28" VPOS="1919" HPOS="1568"/>
							<String ID="string_243" HPOS="1596" VPOS="1920" WIDTH="125" HEIGHT="35" WC="0.96" CONTENT="denna"/><SP WIDTH="18" VPOS="1920" HPOS="1721"/>
							<String ID="string_244" HPOS="1739" VPOS="1919" WIDTH="230" HEIGHT="50" WC="0.96" CONTENT="förordning"/>
						</TextLine>
						<TextLine ID="line_30" HPOS="367" VPOS="1962" WIDTH="1601" HEIGHT="53">
							<String ID="string_245" HPOS="367" VPOS="1963" WIDTH="99" HEIGHT="33" WC="0.93" CONTENT="samt"/><SP WIDTH="27" VPOS="1963" HPOS="466"/>
							<String ID="string_246" HPOS="493" VPOS="1962" WIDTH="180" HEIGHT="46" WC="0.93" CONTENT="uppläsas"/><SP WIDTH="27" VPOS="1962" HPOS="673"/>
							<String ID="string_247" HPOS="700" VPOS="1963" WIDTH="14" HEIGHT="35" WC="0.96" CONTENT="i"/><SP WIDTH="27" VPOS="1963" HPOS="714"/>
							<String ID="string_248" HPOS="741" VPOS="1963" WIDTH="154" HEIGHT="47" WC="0.96" CONTENT="kyrkan"/><SP WIDTH="29" VPOS="1963" HPOS="895"/>
							<String ID="string_249" HPOS="924" VPOS="1966" WIDTH="84" HEIGHT="47" WC="0.96" CONTENT="och,"/><SP WIDTH="31" VPOS="1966" HPOS="1008"/>
							<String ID="string_250" HPOS="1039" VPOS="1967" WIDTH="69" HEIGHT="35" WC="0.96" CONTENT="där"/><SP WIDTH="28" VPOS="1967" HPOS="1108"/>
							<String ID="string_251" HPOS="1136" VPOS="1971" WIDTH="41" HEIGHT="32" WC="0.96" CONTENT="så"/><SP WIDTH="28" VPOS="1971" HPOS="1177"/>
							<String ID="string_252" HPOS="1205" VPOS="1968" WIDTH="67" HEIGHT="36" WC="0.96" CONTENT="ske"/><SP WIDTH="33" VPOS="1968" HPOS="1272"/>
							<String ID="string_253" HPOS="1305" VPOS="1969" WIDTH="90" HEIGHT="46" WC="0.96" CONTENT="kan,"/><SP WIDTH="29" VPOS="1969" HPOS="1395"/>
							<String ID="string_254" HPOS="1424" VPOS="1970" WIDTH="145" HEIGHT="36" WC="0.96" CONTENT="införas"/><SP WIDTH="19" VPOS="1970" HPOS="1569"/>
							<String ID="string_255" HPOS="1588" VPOS="1971" WIDTH="13" HEIGHT="35" WC="0.96" CONTENT="i"/><SP WIDTH="20" VPOS="1971" HPOS="1601"/>
							<String ID="string_256" HPOS="1621" VPOS="1972" WIDTH="73" HEIGHT="35" WC="0.96" CONTENT="den"/><SP WIDTH="20" VPOS="1972" HPOS="1694"/>
							<String ID="string_257" HPOS="1714" VPOS="1972" WIDTH="92" HEIGHT="36" WC="0.96" CONTENT="eller"/><SP WIDTH="19" VPOS="1972" HPOS="1806"/>
							<String ID="string_258" HPOS="1825" VPOS="1973" WIDTH="46" HEIGHT="35" WC="0.93" CONTENT="de"/><SP WIDTH="20" VPOS="1973" HPOS="1871"/>
							<String ID="string_259" HPOS="1891" VPOS="1974" WIDTH="77" HEIGHT="35" WC="0.92" CONTENT="tid-"/>
						</TextLine>
						<TextLine ID="line_31" HPOS="366" VPOS="2012" WIDTH="1600" HEIGHT="58">
							<String ID="string_260" HPOS="366" VPOS="2012" WIDTH="139" HEIGHT="47" WC="0.96" CONTENT="ningar"/><SP WIDTH="18" VPOS="2012" HPOS="505"/>
							<String ID="string_261" HPOS="523" VPOS="2013" WIDTH="106" HEIGHT="36" WC="0.96" CONTENT="inom"/><SP WIDTH="21" VPOS="2013" HPOS="629"/>
							<String ID="string_262" HPOS="650" VPOS="2017" WIDTH="123" HEIGHT="44" WC="0.95" CONTENT="orten,"/><SP WIDTH="21" VPOS="2017" HPOS="773"/>
							<String ID="string_263" HPOS="794" VPOS="2016" WIDTH="70" HEIGHT="36" WC="0.96" CONTENT="där"/><SP WIDTH="15" VPOS="2016" HPOS="864"/>
							<String ID="string_264" HPOS="879" VPOS="2017" WIDTH="196" HEIGHT="37" WC="0.96" CONTENT="allmänna"/><SP WIDTH="15" VPOS="2017" HPOS="1075"/>
							<String ID="string_265" HPOS="1090" VPOS="2020" WIDTH="132" HEIGHT="45" WC="0.96" CONTENT="påbud"/><SP WIDTH="15" VPOS="2020" HPOS="1222"/>
							<String ID="string_266" HPOS="1237" VPOS="2020" WIDTH="61" HEIGHT="36" WC="0.96" CONTENT="för"/><SP WIDTH="13" VPOS="2020" HPOS="1298"/>
							<String ID="string_267" HPOS="1311" VPOS="2021" WIDTH="238" HEIGHT="37" WC="0.96" CONTENT="kommunen"/><SP WIDTH="15" VPOS="2021" HPOS="1549"/>
							<String ID="string_268" HPOS="1564" VPOS="2023" WIDTH="182" HEIGHT="47" WC="0.96" CONTENT="vanligen"/><SP WIDTH="15" VPOS="2023" HPOS="1746"/>
							<String ID="string_269" HPOS="1761" VPOS="2025" WIDTH="205" HEIGHT="36" WC="0.96" CONTENT="meddelas."/>
						</TextLine>
					</TextBlock>
				</ComposedBlock>
				<ComposedBlock ID="cblock_6" HPOS="1112" VPOS="2140" WIDTH="110" HEIGHT="46">
					<TextBlock ID="block_9" HPOS="1112" VPOS="2140" WIDTH="110" HEIGHT="46">
						<TextLine ID="line_32" HPOS="1112" VPOS="2140" WIDTH="110" HEIGHT="46">
							<String ID="string_270" HPOS="1112" VPOS="2142" WIDTH="47" HEIGHT="33" WC="0.93" CONTENT="43"/><SP WIDTH="33" VPOS="2142" HPOS="1159"/>
							<String ID="string_271" HPOS="1192" VPOS="2140" WIDTH="30" HEIGHT="46" WC="0.77" CONTENT="8."/>
						</TextLine>
					</TextBlock>
				</ComposedBlock>
				<ComposedBlock ID="cblock_7" HPOS="364" VPOS="2218" WIDTH="1604" HEIGHT="111">
					<TextBlock ID="block_10" HPOS="364" VPOS="2218" WIDTH="1604" HEIGHT="111">
						<TextLine ID="line_33" HPOS="493" VPOS="2218" WIDTH="1475" HEIGHT="59">
							<String ID="string_272" HPOS="493" VPOS="2218" WIDTH="77" HEIGHT="36" WC="0.92" CONTENT="Vill"/><SP WIDTH="37" VPOS="2218" HPOS="570"/>
							<String ID="string_273" HPOS="607" VPOS="2223" WIDTH="140" HEIGHT="43" WC="0.92" CONTENT="någon,"/><SP WIDTH="29" VPOS="2223" HPOS="747"/>
							<String ID="string_274" HPOS="776" VPOS="2221" WIDTH="132" HEIGHT="37" WC="0.96" CONTENT="vilken"/><SP WIDTH="28" VPOS="2221" HPOS="908"/>
							<String ID="string_275" HPOS="936" VPOS="2226" WIDTH="166" HEIGHT="34" WC="0.96" CONTENT="rösträtt"/><SP WIDTH="28" VPOS="2226" HPOS="1102"/>
							<String ID="string_276" HPOS="1130" VPOS="2225" WIDTH="123" HEIGHT="47" WC="0.96" CONTENT="enligt"/><SP WIDTH="27" VPOS="2225" HPOS="1253"/>
							<String ID="string_277" HPOS="1280" VPOS="2226" WIDTH="169" HEIGHT="48" WC="0.95" CONTENT="längden"/><SP WIDTH="29" VPOS="2226" HPOS="1449"/>
							<String ID="string_278" HPOS="1478" VPOS="2227" WIDTH="32" HEIGHT="47" WC="0.96" CONTENT="ej"/><SP WIDTH="31" VPOS="2227" HPOS="1510"/>
							<String ID="string_279" HPOS="1541" VPOS="2228" WIDTH="249" HEIGHT="47" WC="0.95" CONTENT="tillkommer,"/><SP WIDTH="31" VPOS="2228" HPOS="1790"/>
							<String ID="string_280" HPOS="1821" VPOS="2230" WIDTH="61" HEIGHT="36" WC="0.96" CONTENT="för"/><SP WIDTH="28" VPOS="2230" HPOS="1882"/>
							<String ID="string_281" HPOS="1910" VPOS="2231" WIDTH="58" HEIGHT="46" WC="0.96" CONTENT="sig"/>
						</TextLine>
						<TextLine ID="line_34" HPOS="364" VPOS="2271" WIDTH="1604" HEIGHT="58">
							<String ID="string_282" HPOS="364" VPOS="2272" WIDTH="111" HEIGHT="44" WC="0.96" CONTENT="påstå"/><SP WIDTH="28" VPOS="2272" HPOS="475"/>
							<String ID="string_283" HPOS="503" VPOS="2271" WIDTH="118" HEIGHT="35" WC="0.96" CONTENT="sådan"/><SP WIDTH="27" VPOS="2271" HPOS="621"/>
							<String ID="string_284" HPOS="648" VPOS="2274" WIDTH="92" HEIGHT="44" WC="0.96" CONTENT="rätt,"/><SP WIDTH="31" VPOS="2274" HPOS="740"/>
							<String ID="string_285" HPOS="771" VPOS="2273" WIDTH="93" HEIGHT="36" WC="0.95" CONTENT="eller"/><SP WIDTH="29" VPOS="2273" HPOS="864"/>
							<String ID="string_286" HPOS="893" VPOS="2286" WIDTH="111" HEIGHT="25" WC="0.96" CONTENT="anser"/><SP WIDTH="26" VPOS="2286" HPOS="1004"/>
							<String ID="string_287" HPOS="1030" VPOS="2279" WIDTH="141" HEIGHT="44" WC="0.96" CONTENT="någon,"/><SP WIDTH="30" VPOS="2279" HPOS="1171"/>
							<String ID="string_288" HPOS="1201" VPOS="2280" WIDTH="61" HEIGHT="34" WC="0.96" CONTENT="att"/><SP WIDTH="29" VPOS="2280" HPOS="1262"/>
							<String ID="string_289" HPOS="1291" VPOS="2290" WIDTH="128" HEIGHT="24" WC="0.96" CONTENT="annan"/><SP WIDTH="27" VPOS="2290" HPOS="1419"/>
							<String ID="string_290" HPOS="1446" VPOS="2279" WIDTH="87" HEIGHT="36" WC="0.96" CONTENT="icke"/><SP WIDTH="27" VPOS="2279" HPOS="1533"/>
							<String ID="string_291" HPOS="1560" VPOS="2284" WIDTH="64" HEIGHT="32" WC="0.96" CONTENT="må"/><SP WIDTH="27" VPOS="2284" HPOS="1624"/>
							<String ID="string_292" HPOS="1651" VPOS="2293" WIDTH="92" HEIGHT="24" WC="0.96" CONTENT="vara"/><SP WIDTH="24" VPOS="2293" HPOS="1743"/>
							<String ID="string_293" HPOS="1767" VPOS="2281" WIDTH="13" HEIGHT="35" WC="0.96" CONTENT="i"/><SP WIDTH="19" VPOS="2281" HPOS="1780"/>
							<String ID="string_294" HPOS="1799" VPOS="2281" WIDTH="169" HEIGHT="48" WC="0.96" CONTENT="längden"/>
						</TextLine>
					</TextBlock>
				</ComposedBlock>
			</PrintSpace>
		</Page>
	</Layout>
</alto>
