<?xml version="1.0" encoding="UTF-8"?>
<alto xmlns="http://www.loc.gov/standards/alto/ns-v3#" xmlns:xlink="http://www.w3.org/1999/xlink" xmlns:xsi="http://www.w3.org/2001/XMLSchema-instance" xsi:schemaLocation="http://www.loc.gov/standards/alto/ns-v3# http://www.loc.gov/alto/v3/alto-3-0.xsd">
	<Description>
		<MeasurementUnit>pixel</MeasurementUnit>
		<sourceImageInformation>
			<fileName>/tmp/tess_8ohd9pyo_input.PNG</fileName>
		</sourceImageInformation>
		<OCRProcessing ID="OCR_0">
			<ocrProcessingStep>
				<processingSoftware>
					<softwareName>tesseract 5.3.0</softwareName>
				</processingSoftware>
			</ocrProcessingStep>
		</OCRProcessing>
	</Description>
	<Layout>
		<Page WIDTH="2190" HEIGHT="2652" PHYSICAL_IMG_NR="0" ID="page_0">
			<PrintSpace HPOS="0" VPOS="0" WIDTH="2190" HEIGHT="2652">
				<ComposedBlock ID="cblock_0" HPOS="441" VPOS="147" WIDTH="1091" HEIGHT="45">
					<TextBlock ID="block_0" HPOS="441" VPOS="147" WIDTH="1091" HEIGHT="45">
						<TextLine ID="line_0" HPOS="441" VPOS="147" WIDTH="1091" HEIGHT="45">
							<String ID="string_0" HPOS="441" VPOS="147" WIDTH="38" HEIGHT="30" WC="0.95" CONTENT="18"/><SP WIDTH="355" VPOS="147" HPOS="479"/>
							<String ID="string_1" HPOS="834" VPOS="150" WIDTH="363" HEIGHT="42" WC="0.91" CONTENT="Bevillningsutskottets"/><SP WIDTH="24" VPOS="150" HPOS="1197"/>
							<String ID="string_2" HPOS="1221" VPOS="155" WIDTH="161" HEIGHT="30" WC="0.95" CONTENT="memorial"/><SP WIDTH="23" VPOS="155" HPOS="1382"/>
							<String ID="string_3" HPOS="1405" VPOS="154" WIDTH="54" HEIGHT="31" WC="0.96" CONTENT="Nr"/><SP WIDTH="22" VPOS="154" HPOS="1459"/>
							<String ID="string_4" HPOS="1481" VPOS="156" WIDTH="51" HEIGHT="30" WC="0.95" CONTENT="33."/>
						</TextLine>
					</TextBlock>
				</ComposedBlock>
				<ComposedBlock ID="cblock_1" HPOS="389" VPOS="225" WIDTH="1610" HEIGHT="513">
					<TextBlock ID="block_1" HPOS="390" VPOS="225" WIDTH="1609" HEIGHT="264">
						<TextLine ID="line_1" HPOS="392" VPOS="225" WIDTH="1605" HEIGHT="58">
							<String ID="string_5" HPOS="392" VPOS="225" WIDTH="216" HEIGHT="38" WC="0.95" CONTENT="föreskriva"/><SP WIDTH="29" VPOS="225" HPOS="608"/>
							<String ID="string_6" HPOS="637" VPOS="227" WIDTH="45" HEIGHT="36" WC="0.96" CONTENT="de"/><SP WIDTH="38" VPOS="227" HPOS="682"/>
							<String ID="string_7" HPOS="720" VPOS="228" WIDTH="332" HEIGHT="49" WC="0.95" CONTENT="inskränkningar"/><SP WIDTH="27" VPOS="228" HPOS="1052"/>
							<String ID="string_8" HPOS="1079" VPOS="232" WIDTH="87" HEIGHT="36" WC="0.96" CONTENT="med"/><SP WIDTH="28" VPOS="232" HPOS="1166"/>
							<String ID="string_9" HPOS="1194" VPOS="232" WIDTH="149" HEIGHT="48" WC="0.95" CONTENT="hänsyn"/><SP WIDTH="27" VPOS="232" HPOS="1343"/>
							<String ID="string_10" HPOS="1370" VPOS="233" WIDTH="62" HEIGHT="37" WC="0.93" CONTENT="till"/><SP WIDTH="27" VPOS="233" HPOS="1432"/>
							<String ID="string_11" HPOS="1459" VPOS="234" WIDTH="432" HEIGHT="49" WC="0.91" CONTENT="försäljningsställenas"/><SP WIDTH="28" VPOS="234" HPOS="1891"/>
							<String ID="string_12" HPOS="1919" VPOS="239" WIDTH="78" HEIGHT="37" WC="0.92" CONTENT="för-"/>
						</TextLine>
						<TextLine ID="line_2" HPOS="391" VPOS="278" WIDTH="1608" HEIGHT="60">
							<String ID="string_13" HPOS="391" VPOS="278" WIDTH="189" HEIGHT="48" WC="0.95" CONTENT="läggning"/><SP WIDTH="28" VPOS="278" HPOS="580"/>
							<String ID="string_14" HPOS="608" VPOS="279" WIDTH="73" HEIGHT="37" WC="0.96" CONTENT="och"/><SP WIDTH="27" VPOS="279" HPOS="681"/>
							<String ID="string_15" HPOS="708" VPOS="280" WIDTH="189" HEIGHT="38" WC="0.93" CONTENT="rörelsens"/><SP WIDTH="27" VPOS="280" HPOS="897"/>
							<String ID="string_16" HPOS="924" VPOS="282" WIDTH="248" HEIGHT="48" WC="0.91" CONTENT="bedrivande,"/><SP WIDTH="36" VPOS="282" HPOS="1172"/>
							<String ID="string_17" HPOS="1208" VPOS="297" WIDTH="80" HEIGHT="24" WC="0.96" CONTENT="som"/><SP WIDTH="27" VPOS="297" HPOS="1288"/>
							<String ID="string_18" HPOS="1315" VPOS="286" WIDTH="116" HEIGHT="37" WC="0.96" CONTENT="blivit"/><SP WIDTH="29" VPOS="286" HPOS="1431"/>
							<String ID="string_19" HPOS="1460" VPOS="299" WIDTH="48" HEIGHT="24" WC="0.96" CONTENT="av"/><SP WIDTH="18" VPOS="299" HPOS="1508"/>
							<String ID="string_20" HPOS="1526" VPOS="287" WIDTH="352" HEIGHT="51" WC="0.96" CONTENT="stadsfullmäktige"/><SP WIDTH="25" VPOS="287" HPOS="1878"/>
							<String ID="string_21" HPOS="1903" VPOS="292" WIDTH="96" HEIGHT="36" WC="0.96" CONTENT="eller"/>
						</TextLine>
						<TextLine ID="line_3" HPOS="390" VPOS="331" WIDTH="1607" HEIGHT="56">
							<String ID="string_22" HPOS="390" VPOS="331" WIDTH="421" HEIGHT="37" WC="0.91" CONTENT="kommunalstämman"/><SP WIDTH="27" VPOS="331" HPOS="811"/>
							<String ID="string_23" HPOS="838" VPOS="333" WIDTH="230" HEIGHT="48" WC="0.96" CONTENT="föreslagna,"/><SP WIDTH="30" VPOS="333" HPOS="1068"/>
							<String ID="string_24" HPOS="1098" VPOS="337" WIDTH="132" HEIGHT="35" WC="0.96" CONTENT="såvida"/><SP WIDTH="19" VPOS="337" HPOS="1230"/>
							<String ID="string_25" HPOS="1249" VPOS="349" WIDTH="145" HEIGHT="24" WC="0.94" CONTENT="samma"/><SP WIDTH="23" VPOS="349" HPOS="1394"/>
							<String ID="string_26" HPOS="1417" VPOS="339" WIDTH="332" HEIGHT="48" WC="0.96" CONTENT="inskränkningar"/><SP WIDTH="18" VPOS="339" HPOS="1749"/>
							<String ID="string_27" HPOS="1767" VPOS="342" WIDTH="87" HEIGHT="36" WC="0.96" CONTENT="icke"/><SP WIDTH="18" VPOS="342" HPOS="1854"/>
							<String ID="string_28" HPOS="1872" VPOS="343" WIDTH="125" HEIGHT="37" WC="0.96" CONTENT="finnas"/>
						</TextLine>
						<TextLine ID="line_4" HPOS="391" VPOS="382" WIDTH="1606" HEIGHT="58">
							<String ID="string_29" HPOS="391" VPOS="384" WIDTH="59" HEIGHT="33" WC="0.96" CONTENT="stå"/><SP WIDTH="27" VPOS="384" HPOS="450"/>
							<String ID="string_30" HPOS="477" VPOS="382" WIDTH="14" HEIGHT="35" WC="0.96" CONTENT="i"/><SP WIDTH="28" VPOS="382" HPOS="491"/>
							<String ID="string_31" HPOS="519" VPOS="382" WIDTH="97" HEIGHT="42" WC="0.96" CONTENT="strid"/><SP WIDTH="27" VPOS="382" HPOS="616"/>
							<String ID="string_32" HPOS="643" VPOS="384" WIDTH="88" HEIGHT="34" WC="0.96" CONTENT="med"/><SP WIDTH="19" VPOS="384" HPOS="731"/>
							<String ID="string_33" HPOS="750" VPOS="384" WIDTH="144" HEIGHT="35" WC="0.96" CONTENT="allmän"/><SP WIDTH="18" VPOS="384" HPOS="894"/>
							<String ID="string_34" HPOS="912" VPOS="385" WIDTH="65" HEIGHT="46" WC="0.96" CONTENT="lag"/><SP WIDTH="19" VPOS="385" HPOS="977"/>
							<String ID="string_35" HPOS="996" VPOS="386" WIDTH="94" HEIGHT="35" WC="0.96" CONTENT="eller"/><SP WIDTH="23" VPOS="386" HPOS="1090"/>
							<String ID="string_36" HPOS="1113" VPOS="387" WIDTH="235" HEIGHT="48" WC="0.96" CONTENT="författning"/><SP WIDTH="21" VPOS="387" HPOS="1348"/>
							<String ID="string_37" HPOS="1369" VPOS="389" WIDTH="92" HEIGHT="36" WC="0.96" CONTENT="eller"/><SP WIDTH="19" VPOS="389" HPOS="1461"/>
							<String ID="string_38" HPOS="1480" VPOS="392" WIDTH="307" HEIGHT="47" WC="0.96" CONTENT="uppenbarligen"/><SP WIDTH="20" VPOS="392" HPOS="1787"/>
							<String ID="string_39" HPOS="1807" VPOS="393" WIDTH="32" HEIGHT="47" WC="0.96" CONTENT="ej"/><SP WIDTH="21" VPOS="393" HPOS="1839"/>
							<String ID="string_40" HPOS="1860" VPOS="394" WIDTH="137" HEIGHT="37" WC="0.96" CONTENT="kunna"/>
						</TextLine>
						<TextLine ID="line_5" HPOS="392" VPOS="434" WIDTH="1320" HEIGHT="55">
							<String ID="string_41" HPOS="392" VPOS="445" WIDTH="106" HEIGHT="24" WC="0.96" CONTENT="anses"/><SP WIDTH="29" VPOS="445" HPOS="498"/>
							<String ID="string_42" HPOS="527" VPOS="434" WIDTH="148" HEIGHT="46" WC="0.96" CONTENT="ägnade"/><SP WIDTH="29" VPOS="434" HPOS="675"/>
							<String ID="string_43" HPOS="704" VPOS="437" WIDTH="60" HEIGHT="34" WC="0.96" CONTENT="att"/><SP WIDTH="27" VPOS="437" HPOS="764"/>
							<String ID="string_44" HPOS="791" VPOS="435" WIDTH="139" HEIGHT="47" WC="0.96" CONTENT="främja"/><SP WIDTH="27" VPOS="435" HPOS="930"/>
							<String ID="string_45" HPOS="957" VPOS="437" WIDTH="67" HEIGHT="36" WC="0.96" CONTENT="det"/><SP WIDTH="26" VPOS="437" HPOS="1024"/>
							<String ID="string_46" HPOS="1050" VPOS="438" WIDTH="89" HEIGHT="36" WC="0.96" CONTENT="med"/><SP WIDTH="27" VPOS="438" HPOS="1139"/>
							<String ID="string_47" HPOS="1166" VPOS="439" WIDTH="196" HEIGHT="36" WC="0.96" CONTENT="desamma"/><SP WIDTH="27" VPOS="439" HPOS="1362"/>
							<String ID="string_48" HPOS="1389" VPOS="442" WIDTH="167" HEIGHT="35" WC="0.96" CONTENT="avsedda"/><SP WIDTH="28" VPOS="442" HPOS="1556"/>
							<String ID="string_49" HPOS="1584" VPOS="442" WIDTH="128" HEIGHT="47" WC="0.96" CONTENT="syftet."/>
						</TextLine>
					</TextBlock>
					<TextBlock ID="block_2" HPOS="389" VPOS="486" WIDTH="1607" HEIGHT="252">
						<TextLine ID="line_6" HPOS="522" VPOS="486" WIDTH="1474" HEIGHT="58">
							<String ID="string_50" HPOS="522" VPOS="487" WIDTH="31" HEIGHT="34" WC="0.94" CONTENT="6."/><SP WIDTH="55" VPOS="487" HPOS="553"/>
							<String ID="string_51" HPOS="608" VPOS="486" WIDTH="236" HEIGHT="47" WC="0.91" CONTENT="Konungens"/><SP WIDTH="26" VPOS="486" HPOS="844"/>
							<String ID="string_52" HPOS="870" VPOS="487" WIDTH="428" HEIGHT="49" WC="0.91" CONTENT="befallningshavandes"/><SP WIDTH="27" VPOS="487" HPOS="1298"/>
							<String ID="string_53" HPOS="1325" VPOS="492" WIDTH="128" HEIGHT="36" WC="0.96" CONTENT="beslut"/><SP WIDTH="28" VPOS="492" HPOS="1453"/>
							<String ID="string_54" HPOS="1481" VPOS="493" WIDTH="14" HEIGHT="35" WC="0.96" CONTENT="i"/><SP WIDTH="28" VPOS="493" HPOS="1495"/>
							<String ID="string_55" HPOS="1523" VPOS="497" WIDTH="131" HEIGHT="33" WC="0.96" CONTENT="ämnet"/><SP WIDTH="25" VPOS="497" HPOS="1654"/>
							<String ID="string_56" HPOS="1679" VPOS="495" WIDTH="99" HEIGHT="36" WC="0.93" CONTENT="skall"/><SP WIDTH="18" VPOS="495" HPOS="1778"/>
							<String ID="string_57" HPOS="1796" VPOS="496" WIDTH="200" HEIGHT="48" WC="0.92" CONTENT="kungöras"/>
						</TextLine>
						<TextLine ID="line_7" HPOS="390" VPOS="537" WIDTH="1603" HEIGHT="55">
							<String ID="string_58" HPOS="390" VPOS="537" WIDTH="12" HEIGHT="34" WC="0.95" CONTENT="i"/><SP WIDTH="28" VPOS="537" HPOS="402"/>
							<String ID="string_59" HPOS="430" VPOS="537" WIDTH="73" HEIGHT="35" WC="0.95" CONTENT="den"/><SP WIDTH="29" VPOS="537" HPOS="503"/>
							<String ID="string_60" HPOS="532" VPOS="537" WIDTH="94" HEIGHT="35" WC="0.95" CONTENT="eller"/><SP WIDTH="28" VPOS="537" HPOS="626"/>
							<String ID="string_61" HPOS="654" VPOS="538" WIDTH="46" HEIGHT="35" WC="0.96" CONTENT="de"/><SP WIDTH="28" VPOS="538" HPOS="700"/>
							<String ID="string_62" HPOS="728" VPOS="538" WIDTH="201" HEIGHT="47" WC="0.95" CONTENT="tidningar"/><SP WIDTH="23" VPOS="538" HPOS="929"/>
							<String ID="string_63" HPOS="952" VPOS="540" WIDTH="105" HEIGHT="36" WC="0.96" CONTENT="inom"/><SP WIDTH="22" VPOS="540" HPOS="1057"/>
							<String ID="string_64" HPOS="1079" VPOS="544" WIDTH="122" HEIGHT="44" WC="0.96" CONTENT="orten,"/><SP WIDTH="22" VPOS="544" HPOS="1201"/>
							<String ID="string_65" HPOS="1223" VPOS="543" WIDTH="71" HEIGHT="35" WC="0.96" CONTENT="där"/><SP WIDTH="18" VPOS="543" HPOS="1294"/>
							<String ID="string_66" HPOS="1312" VPOS="543" WIDTH="196" HEIGHT="37" WC="0.96" CONTENT="allmänna"/><SP WIDTH="20" VPOS="543" HPOS="1508"/>
							<String ID="string_67" HPOS="1528" VPOS="546" WIDTH="131" HEIGHT="46" WC="0.96" CONTENT="påbud"/><SP WIDTH="18" VPOS="546" HPOS="1659"/>
							<String ID="string_68" HPOS="1677" VPOS="546" WIDTH="61" HEIGHT="36" WC="0.96" CONTENT="för"/><SP WIDTH="17" VPOS="546" HPOS="1738"/>
							<String ID="string_69" HPOS="1755" VPOS="547" WIDTH="238" HEIGHT="38" WC="0.96" CONTENT="kommunen"/>
						</TextLine>
						<TextLine ID="line_8" HPOS="389" VPOS="588" WIDTH="1603" HEIGHT="48">
							<String ID="string_70" HPOS="389" VPOS="588" WIDTH="181" HEIGHT="47" WC="0.95" CONTENT="vanligen"/><SP WIDTH="34" VPOS="588" HPOS="570"/>
							<String ID="string_71" HPOS="604" VPOS="589" WIDTH="205" HEIGHT="46" WC="0.96" CONTENT="meddelas,"/><SP WIDTH="32" VPOS="589" HPOS="809"/>
							<String ID="string_72" HPOS="841" VPOS="590" WIDTH="72" HEIGHT="36" WC="0.97" CONTENT="och"/><SP WIDTH="27" VPOS="590" HPOS="913"/>
							<String ID="string_73" HPOS="940" VPOS="592" WIDTH="142" HEIGHT="36" WC="0.95" CONTENT="räknas"/><SP WIDTH="27" VPOS="592" HPOS="1082"/>
							<String ID="string_74" HPOS="1109" VPOS="593" WIDTH="108" HEIGHT="36" WC="0.96" CONTENT="tiden"/><SP WIDTH="27" VPOS="593" HPOS="1217"/>
							<String ID="string_75" HPOS="1244" VPOS="594" WIDTH="60" HEIGHT="36" WC="0.96" CONTENT="för"/><SP WIDTH="28" VPOS="594" HPOS="1304"/>
							<String ID="string_76" HPOS="1332" VPOS="595" WIDTH="211" HEIGHT="37" WC="0.96" CONTENT="anförande"/><SP WIDTH="29" VPOS="595" HPOS="1543"/>
							<String ID="string_77" HPOS="1572" VPOS="610" WIDTH="47" HEIGHT="23" WC="0.96" CONTENT="av"/><SP WIDTH="28" VPOS="610" HPOS="1619"/>
							<String ID="string_78" HPOS="1647" VPOS="599" WIDTH="135" HEIGHT="35" WC="0.96" CONTENT="besvär"/><SP WIDTH="28" VPOS="599" HPOS="1782"/>
							<String ID="string_79" HPOS="1810" VPOS="604" WIDTH="92" HEIGHT="31" WC="0.93" CONTENT="över"/><SP WIDTH="26" VPOS="604" HPOS="1902"/>
							<String ID="string_80" HPOS="1928" VPOS="601" WIDTH="64" HEIGHT="35" WC="0.91" CONTENT="be-"/>
						</TextLine>
						<TextLine ID="line_9" HPOS="389" VPOS="639" WIDTH="1603" HEIGHT="58">
							<String ID="string_81" HPOS="389" VPOS="639" WIDTH="118" HEIGHT="36" WC="0.95" CONTENT="slutet"/><SP WIDTH="26" VPOS="639" HPOS="507"/>
							<String ID="string_82" HPOS="533" VPOS="639" WIDTH="87" HEIGHT="36" WC="0.95" CONTENT="från"/><SP WIDTH="28" VPOS="639" HPOS="620"/>
							<String ID="string_83" HPOS="648" VPOS="641" WIDTH="125" HEIGHT="46" WC="0.96" CONTENT="dagen"/><SP WIDTH="27" VPOS="641" HPOS="773"/>
							<String ID="string_84" HPOS="800" VPOS="641" WIDTH="60" HEIGHT="36" WC="0.96" CONTENT="för"/><SP WIDTH="27" VPOS="641" HPOS="860"/>
							<String ID="string_85" HPOS="887" VPOS="642" WIDTH="122" HEIGHT="36" WC="0.93" CONTENT="första"/><SP WIDTH="23" VPOS="642" HPOS="1009"/>
							<String ID="string_86" HPOS="1032" VPOS="643" WIDTH="284" HEIGHT="49" WC="0.92" CONTENT="kungörandet,"/><SP WIDTH="21" VPOS="643" HPOS="1316"/>
							<String ID="string_87" HPOS="1337" VPOS="647" WIDTH="131" HEIGHT="36" WC="0.96" CONTENT="vilken"/><SP WIDTH="20" VPOS="647" HPOS="1468"/>
							<String ID="string_88" HPOS="1488" VPOS="648" WIDTH="76" HEIGHT="47" WC="0.96" CONTENT="dag"/><SP WIDTH="19" VPOS="648" HPOS="1564"/>
							<String ID="string_89" HPOS="1583" VPOS="649" WIDTH="98" HEIGHT="36" WC="0.95" CONTENT="skall"/><SP WIDTH="20" VPOS="649" HPOS="1681"/>
							<String ID="string_90" HPOS="1701" VPOS="650" WIDTH="13" HEIGHT="35" WC="0.95" CONTENT="i"/><SP WIDTH="19" VPOS="650" HPOS="1714"/>
							<String ID="string_91" HPOS="1733" VPOS="650" WIDTH="259" HEIGHT="47" WC="0.96" CONTENT="kungörelsen"/>
						</TextLine>
						<TextLine ID="line_10" HPOS="390" VPOS="691" WIDTH="171" HEIGHT="47">
							<String ID="string_92" HPOS="390" VPOS="691" WIDTH="171" HEIGHT="47" WC="0.95" CONTENT="angivas."/>
						</TextLine>
					</TextBlock>
				</ComposedBlock>
				<ComposedBlock ID="cblock_2" HPOS="1141" VPOS="765" WIDTH="104" HEIGHT="47">
					<TextBlock ID="block_3" HPOS="1141" VPOS="765" WIDTH="104" HEIGHT="47">
						<TextLine ID="line_11" HPOS="1141" VPOS="765" WIDTH="104" HEIGHT="47">
							<String ID="string_93" HPOS="1141" VPOS="768" WIDTH="44" HEIGHT="34" WC="0.95" CONTENT="19"/><SP WIDTH="30" VPOS="768" HPOS="1185"/>
							<String ID="string_94" HPOS="1215" VPOS="765" WIDTH="30" HEIGHT="47" WC="0.72" CONTENT="8."/>
						</TextLine>
					</TextBlock>
				</ComposedBlock>
				<ComposedBlock ID="cblock_3" HPOS="384" VPOS="847" WIDTH="1608" HEIGHT="464">
					<TextBlock ID="block_4" HPOS="386" VPOS="847" WIDTH="1606" HEIGHT="262">
						<TextLine ID="line_12" HPOS="516" VPOS="847" WIDTH="1472" HEIGHT="57">
							<String ID="string_95" HPOS="516" VPOS="848" WIDTH="17" HEIGHT="33" WC="0.96" CONTENT="I"/><SP WIDTH="27" VPOS="848" HPOS="533"/>
							<String ID="string_96" HPOS="560" VPOS="847" WIDTH="199" HEIGHT="46" WC="0.95" CONTENT="kommun,"/><SP WIDTH="31" VPOS="847" HPOS="759"/>
							<String ID="string_97" HPOS="790" VPOS="848" WIDTH="70" HEIGHT="35" WC="0.96" CONTENT="där"/><SP WIDTH="26" VPOS="848" HPOS="860"/>
							<String ID="string_98" HPOS="886" VPOS="849" WIDTH="178" HEIGHT="36" WC="0.96" CONTENT="tillstånd"/><SP WIDTH="27" VPOS="849" HPOS="1064"/>
							<String ID="string_99" HPOS="1091" VPOS="851" WIDTH="62" HEIGHT="35" WC="0.96" CONTENT="till"/><SP WIDTH="24" VPOS="851" HPOS="1153"/>
							<String ID="string_100" HPOS="1177" VPOS="852" WIDTH="263" HEIGHT="46" WC="0.96" CONTENT="detaljhandel"/><SP WIDTH="20" VPOS="852" HPOS="1440"/>
							<String ID="string_101" HPOS="1460" VPOS="855" WIDTH="122" HEIGHT="46" WC="0.96" CONTENT="enligt"/><SP WIDTH="22" VPOS="855" HPOS="1582"/>
							<String ID="string_102" HPOS="1604" VPOS="858" WIDTH="45" HEIGHT="33" WC="0.92" CONTENT="18"/><SP WIDTH="21" VPOS="858" HPOS="1649"/>
							<String ID="string_103" HPOS="1670" VPOS="856" WIDTH="19" HEIGHT="45" WC="0.92" CONTENT="$"/><SP WIDTH="21" VPOS="856" HPOS="1689"/>
							<String ID="string_104" HPOS="1710" VPOS="856" WIDTH="33" HEIGHT="47" WC="0.97" CONTENT="ej"/><SP WIDTH="21" VPOS="856" HPOS="1743"/>
							<String ID="string_105" HPOS="1764" VPOS="858" WIDTH="224" HEIGHT="46" WC="0.96" CONTENT="meddelats,"/>
						</TextLine>
						<TextLine ID="line_13" HPOS="387" VPOS="898" WIDTH="1605" HEIGHT="54">
							<String ID="string_106" HPOS="387" VPOS="899" WIDTH="63" HEIGHT="33" WC="0.96" CONTENT="må"/><SP WIDTH="26" VPOS="899" HPOS="450"/>
							<String ID="string_107" HPOS="476" VPOS="898" WIDTH="192" HEIGHT="46" WC="0.96" CONTENT="rättighet"/><SP WIDTH="27" VPOS="898" HPOS="668"/>
							<String ID="string_108" HPOS="695" VPOS="899" WIDTH="62" HEIGHT="35" WC="0.96" CONTENT="till"/><SP WIDTH="28" VPOS="899" HPOS="757"/>
							<String ID="string_109" HPOS="785" VPOS="899" WIDTH="268" HEIGHT="49" WC="0.96" CONTENT="utskänkning"/><SP WIDTH="29" VPOS="899" HPOS="1053"/>
							<String ID="string_110" HPOS="1082" VPOS="913" WIDTH="47" HEIGHT="24" WC="0.96" CONTENT="av"/><SP WIDTH="27" VPOS="913" HPOS="1129"/>
							<String ID="string_111" HPOS="1156" VPOS="902" WIDTH="311" HEIGHT="49" WC="0.95" CONTENT="alkoholhaltiga"/><SP WIDTH="19" VPOS="902" HPOS="1467"/>
							<String ID="string_112" HPOS="1486" VPOS="906" WIDTH="165" HEIGHT="46" WC="0.96" CONTENT="drycker"/><SP WIDTH="18" VPOS="906" HPOS="1651"/>
							<String ID="string_113" HPOS="1669" VPOS="907" WIDTH="134" HEIGHT="36" WC="0.96" CONTENT="kunna"/><SP WIDTH="18" VPOS="907" HPOS="1803"/>
							<String ID="string_114" HPOS="1821" VPOS="909" WIDTH="171" HEIGHT="37" WC="0.96" CONTENT="tilldelas"/>
						</TextLine>
						<TextLine ID="line_14" HPOS="386" VPOS="949" WIDTH="1605" HEIGHT="55">
							<String ID="string_115" HPOS="386" VPOS="949" WIDTH="107" HEIGHT="36" WC="0.96" CONTENT="inom"/><SP WIDTH="39" VPOS="949" HPOS="493"/>
							<String ID="string_116" HPOS="532" VPOS="962" WIDTH="127" HEIGHT="23" WC="0.96" CONTENT="annan"/><SP WIDTH="36" VPOS="962" HPOS="659"/>
							<String ID="string_117" HPOS="695" VPOS="951" WIDTH="189" HEIGHT="35" WC="0.96" CONTENT="kommun"/><SP WIDTH="35" VPOS="951" HPOS="884"/>
							<String ID="string_118" HPOS="919" VPOS="952" WIDTH="125" HEIGHT="36" WC="0.95" CONTENT="bildat"/><SP WIDTH="27" VPOS="952" HPOS="1044"/>
							<String ID="string_119" HPOS="1071" VPOS="953" WIDTH="127" HEIGHT="48" WC="0.96" CONTENT="bolag."/><SP WIDTH="57" VPOS="953" HPOS="1198"/>
							<String ID="string_120" HPOS="1255" VPOS="954" WIDTH="124" HEIGHT="37" WC="0.93" CONTENT="Sådan"/><SP WIDTH="28" VPOS="954" HPOS="1379"/>
							<String ID="string_121" HPOS="1407" VPOS="957" WIDTH="193" HEIGHT="47" WC="0.96" CONTENT="rättighet"/><SP WIDTH="27" VPOS="957" HPOS="1600"/>
							<String ID="string_122" HPOS="1627" VPOS="961" WIDTH="64" HEIGHT="33" WC="0.95" CONTENT="må"/><SP WIDTH="28" VPOS="961" HPOS="1691"/>
							<String ID="string_123" HPOS="1719" VPOS="959" WIDTH="100" HEIGHT="37" WC="0.96" CONTENT="dock"/><SP WIDTH="32" VPOS="959" HPOS="1819"/>
							<String ID="string_124" HPOS="1851" VPOS="964" WIDTH="140" HEIGHT="34" WC="0.96" CONTENT="utövas"/>
						</TextLine>
						<TextLine ID="line_15" HPOS="387" VPOS="1001" WIDTH="1599" HEIGHT="58">
							<String ID="string_125" HPOS="387" VPOS="1001" WIDTH="135" HEIGHT="36" WC="0.96" CONTENT="endast"/><SP WIDTH="42" VPOS="1001" HPOS="522"/>
							<String ID="string_126" HPOS="564" VPOS="1014" WIDTH="61" HEIGHT="23" WC="0.96" CONTENT="om"/><SP WIDTH="41" VPOS="1014" HPOS="625"/>
							<String ID="string_127" HPOS="666" VPOS="1003" WIDTH="160" HEIGHT="45" WC="0.91" CONTENT="bolaget"/><SP WIDTH="40" VPOS="1003" HPOS="826"/>
							<String ID="string_128" HPOS="866" VPOS="1003" WIDTH="166" HEIGHT="36" WC="0.95" CONTENT="erhåller"/><SP WIDTH="31" VPOS="1003" HPOS="1032"/>
							<String ID="string_129" HPOS="1063" VPOS="1008" WIDTH="82" HEIGHT="33" WC="0.96" CONTENT="rätt"/><SP WIDTH="27" VPOS="1008" HPOS="1145"/>
							<String ID="string_130" HPOS="1172" VPOS="1006" WIDTH="62" HEIGHT="36" WC="0.96" CONTENT="till"/><SP WIDTH="27" VPOS="1006" HPOS="1234"/>
							<String ID="string_131" HPOS="1261" VPOS="1007" WIDTH="264" HEIGHT="47" WC="0.96" CONTENT="detaljhandel"/><SP WIDTH="27" VPOS="1007" HPOS="1525"/>
							<String ID="string_132" HPOS="1552" VPOS="1009" WIDTH="106" HEIGHT="37" WC="0.96" CONTENT="inom"/><SP WIDTH="28" VPOS="1009" HPOS="1658"/>
							<String ID="string_133" HPOS="1686" VPOS="1011" WIDTH="74" HEIGHT="36" WC="0.96" CONTENT="den"/><SP WIDTH="28" VPOS="1011" HPOS="1760"/>
							<String ID="string_134" HPOS="1788" VPOS="1012" WIDTH="198" HEIGHT="47" WC="0.93" CONTENT="kommun,"/>
						</TextLine>
						<TextLine ID="line_16" HPOS="387" VPOS="1053" WIDTH="1599" HEIGHT="56">
							<String ID="string_135" HPOS="387" VPOS="1053" WIDTH="69" HEIGHT="34" WC="0.96" CONTENT="där"/><SP WIDTH="39" VPOS="1053" HPOS="456"/>
							<String ID="string_136" HPOS="495" VPOS="1053" WIDTH="157" HEIGHT="46" WC="0.96" CONTENT="bolaget"/><SP WIDTH="39" VPOS="1053" HPOS="652"/>
							<String ID="string_137" HPOS="691" VPOS="1059" WIDTH="43" HEIGHT="29" WC="0.97" CONTENT="är"/><SP WIDTH="28" VPOS="1059" HPOS="734"/>
							<String ID="string_138" HPOS="762" VPOS="1054" WIDTH="136" HEIGHT="45" WC="0.96" CONTENT="bildat,"/><SP WIDTH="30" VPOS="1054" HPOS="898"/>
							<String ID="string_139" HPOS="928" VPOS="1055" WIDTH="72" HEIGHT="35" WC="0.96" CONTENT="och"/><SP WIDTH="28" VPOS="1055" HPOS="1000"/>
							<String ID="string_140" HPOS="1028" VPOS="1058" WIDTH="41" HEIGHT="33" WC="0.96" CONTENT="så"/><SP WIDTH="28" VPOS="1058" HPOS="1069"/>
							<String ID="string_141" HPOS="1097" VPOS="1057" WIDTH="113" HEIGHT="46" WC="0.96" CONTENT="länge"/><SP WIDTH="29" VPOS="1057" HPOS="1210"/>
							<String ID="string_142" HPOS="1239" VPOS="1058" WIDTH="237" HEIGHT="37" WC="0.96" CONTENT="sistnämnda"/><SP WIDTH="28" VPOS="1058" HPOS="1476"/>
							<String ID="string_143" HPOS="1504" VPOS="1061" WIDTH="192" HEIGHT="47" WC="0.96" CONTENT="rättighet"/><SP WIDTH="29" VPOS="1061" HPOS="1696"/>
							<String ID="string_144" HPOS="1725" VPOS="1068" WIDTH="43" HEIGHT="30" WC="0.96" CONTENT="är"/><SP WIDTH="26" VPOS="1068" HPOS="1768"/>
							<String ID="string_145" HPOS="1794" VPOS="1064" WIDTH="192" HEIGHT="45" WC="0.96" CONTENT="gällande."/>
						</TextLine>
					</TextBlock>
					<TextBlock ID="block_5" HPOS="384" VPOS="1104" WIDTH="1603" HEIGHT="207">
						<TextLine ID="line_17" HPOS="513" VPOS="1104" WIDTH="1474" HEIGHT="56">
							<String ID="string_146" HPOS="513" VPOS="1104" WIDTH="183" HEIGHT="35" WC="0.96" CONTENT="Ansökan"/><SP WIDTH="42" VPOS="1104" HPOS="696"/>
							<String ID="string_147" HPOS="738" VPOS="1116" WIDTH="62" HEIGHT="23" WC="0.93" CONTENT="om"/><SP WIDTH="40" VPOS="1116" HPOS="800"/>
							<String ID="string_148" HPOS="840" VPOS="1106" WIDTH="202" HEIGHT="46" WC="0.93" CONTENT="rättighet,"/><SP WIDTH="43" VPOS="1106" HPOS="1042"/>
							<String ID="string_149" HPOS="1085" VPOS="1120" WIDTH="134" HEIGHT="23" WC="0.96" CONTENT="varom"/><SP WIDTH="41" VPOS="1120" HPOS="1219"/>
							<String ID="string_150" HPOS="1260" VPOS="1121" WIDTH="52" HEIGHT="22" WC="0.91" CONTENT="nu"/><SP WIDTH="42" VPOS="1121" HPOS="1312"/>
							<String ID="string_151" HPOS="1354" VPOS="1115" WIDTH="43" HEIGHT="30" WC="0.96" CONTENT="är"/><SP WIDTH="40" VPOS="1115" HPOS="1397"/>
							<String ID="string_152" HPOS="1437" VPOS="1110" WIDTH="121" HEIGHT="48" WC="0.96" CONTENT="fråga,"/><SP WIDTH="43" VPOS="1110" HPOS="1558"/>
							<String ID="string_153" HPOS="1601" VPOS="1113" WIDTH="99" HEIGHT="35" WC="0.96" CONTENT="skall"/><SP WIDTH="40" VPOS="1113" HPOS="1700"/>
							<String ID="string_154" HPOS="1740" VPOS="1117" WIDTH="114" HEIGHT="43" WC="0.96" CONTENT="göras"/><SP WIDTH="27" VPOS="1117" HPOS="1854"/>
							<String ID="string_155" HPOS="1881" VPOS="1116" WIDTH="106" HEIGHT="35" WC="0.96" CONTENT="inom"/>
						</TextLine>
						<TextLine ID="line_18" HPOS="386" VPOS="1154" WIDTH="1600" HEIGHT="58">
							<String ID="string_156" HPOS="386" VPOS="1154" WIDTH="73" HEIGHT="34" WC="0.96" CONTENT="den"/><SP WIDTH="24" VPOS="1154" HPOS="459"/>
							<String ID="string_157" HPOS="483" VPOS="1154" WIDTH="13" HEIGHT="35" WC="0.96" CONTENT="i"/><SP WIDTH="31" VPOS="1154" HPOS="496"/>
							<String ID="string_158" HPOS="527" VPOS="1157" WIDTH="45" HEIGHT="33" WC="0.91" CONTENT="18"/><SP WIDTH="30" VPOS="1157" HPOS="572"/>
							<String ID="string_159" HPOS="602" VPOS="1154" WIDTH="18" HEIGHT="46" WC="0.90" CONTENT="$"/><SP WIDTH="29" VPOS="1154" HPOS="620"/>
							<String ID="string_160" HPOS="649" VPOS="1155" WIDTH="254" HEIGHT="37" WC="0.93" CONTENT="omförmälda"/><SP WIDTH="36" VPOS="1155" HPOS="903"/>
							<String ID="string_161" HPOS="939" VPOS="1157" WIDTH="59" HEIGHT="35" WC="0.95" CONTENT="tid"/><SP WIDTH="27" VPOS="1157" HPOS="998"/>
							<String ID="string_162" HPOS="1025" VPOS="1157" WIDTH="120" HEIGHT="36" WC="0.96" CONTENT="innan"/><SP WIDTH="28" VPOS="1157" HPOS="1145"/>
							<String ID="string_163" HPOS="1173" VPOS="1159" WIDTH="278" HEIGHT="48" WC="0.96" CONTENT="försäljningen"/><SP WIDTH="29" VPOS="1159" HPOS="1451"/>
							<String ID="string_164" HPOS="1480" VPOS="1167" WIDTH="43" HEIGHT="30" WC="0.96" CONTENT="är"/><SP WIDTH="28" VPOS="1167" HPOS="1523"/>
							<String ID="string_165" HPOS="1551" VPOS="1164" WIDTH="141" HEIGHT="36" WC="0.96" CONTENT="avsedd"/><SP WIDTH="28" VPOS="1164" HPOS="1692"/>
							<String ID="string_166" HPOS="1720" VPOS="1167" WIDTH="60" HEIGHT="33" WC="0.96" CONTENT="att"/><SP WIDTH="27" VPOS="1167" HPOS="1780"/>
							<String ID="string_167" HPOS="1807" VPOS="1168" WIDTH="93" HEIGHT="44" WC="0.96" CONTENT="taga"/><SP WIDTH="28" VPOS="1168" HPOS="1900"/>
							<String ID="string_168" HPOS="1928" VPOS="1167" WIDTH="58" HEIGHT="36" WC="0.96" CONTENT="sin"/>
						</TextLine>
						<TextLine ID="line_19" HPOS="384" VPOS="1205" WIDTH="1603" HEIGHT="61">
							<String ID="string_169" HPOS="384" VPOS="1205" WIDTH="148" HEIGHT="47" WC="0.96" CONTENT="början,"/><SP WIDTH="44" VPOS="1205" HPOS="532"/>
							<String ID="string_170" HPOS="576" VPOS="1207" WIDTH="72" HEIGHT="36" WC="0.96" CONTENT="och"/><SP WIDTH="42" VPOS="1207" HPOS="648"/>
							<String ID="string_171" HPOS="690" VPOS="1207" WIDTH="99" HEIGHT="36" WC="0.96" CONTENT="skall"/><SP WIDTH="36" VPOS="1207" HPOS="789"/>
							<String ID="string_172" HPOS="825" VPOS="1208" WIDTH="240" HEIGHT="38" WC="0.93" CONTENT="beträffande"/><SP WIDTH="27" VPOS="1208" HPOS="1065"/>
							<String ID="string_173" HPOS="1092" VPOS="1211" WIDTH="260" HEIGHT="47" WC="0.92" CONTENT="rättighetens"/><SP WIDTH="27" VPOS="1211" HPOS="1352"/>
							<String ID="string_174" HPOS="1379" VPOS="1214" WIDTH="239" HEIGHT="47" WC="0.96" CONTENT="upplåtande"/><SP WIDTH="23" VPOS="1214" HPOS="1618"/>
							<String ID="string_175" HPOS="1641" VPOS="1215" WIDTH="146" HEIGHT="47" WC="0.96" CONTENT="jämväl"/><SP WIDTH="28" VPOS="1215" HPOS="1787"/>
							<String ID="string_176" HPOS="1815" VPOS="1217" WIDTH="13" HEIGHT="35" WC="0.96" CONTENT="i"/><SP WIDTH="29" VPOS="1217" HPOS="1828"/>
							<String ID="string_177" HPOS="1857" VPOS="1219" WIDTH="130" HEIGHT="47" WC="0.96" CONTENT="övrigt"/>
						</TextLine>
						<TextLine ID="line_20" HPOS="384" VPOS="1258" WIDTH="954" HEIGHT="53">
							<String ID="string_178" HPOS="384" VPOS="1258" WIDTH="115" HEIGHT="36" WC="0.93" CONTENT="lända"/><SP WIDTH="29" VPOS="1258" HPOS="499"/>
							<String ID="string_179" HPOS="528" VPOS="1258" WIDTH="62" HEIGHT="36" WC="0.93" CONTENT="till"/><SP WIDTH="29" VPOS="1258" HPOS="590"/>
							<String ID="string_180" HPOS="619" VPOS="1259" WIDTH="257" HEIGHT="37" WC="0.91" CONTENT="efterrättelse"/><SP WIDTH="28" VPOS="1259" HPOS="876"/>
							<String ID="string_181" HPOS="904" VPOS="1261" WIDTH="75" HEIGHT="36" WC="0.96" CONTENT="vad"/><SP WIDTH="27" VPOS="1261" HPOS="979"/>
							<String ID="string_182" HPOS="1006" VPOS="1261" WIDTH="13" HEIGHT="35" WC="0.96" CONTENT="i"/><SP WIDTH="31" VPOS="1261" HPOS="1019"/>
							<String ID="string_183" HPOS="1050" VPOS="1264" WIDTH="45" HEIGHT="34" WC="0.92" CONTENT="18"/><SP WIDTH="30" VPOS="1264" HPOS="1095"/>
							<String ID="string_184" HPOS="1125" VPOS="1262" WIDTH="18" HEIGHT="46" WC="0.86" CONTENT="$"/><SP WIDTH="29" VPOS="1262" HPOS="1143"/>
							<String ID="string_185" HPOS="1172" VPOS="1264" WIDTH="166" HEIGHT="47" WC="0.96" CONTENT="stadgas."/>
						</TextLine>
					</TextBlock>
				</ComposedBlock>
				<ComposedBlock ID="cblock_4" HPOS="1132" VPOS="1383" WIDTH="106" HEIGHT="46">
					<TextBlock ID="block_6" HPOS="1132" VPOS="1383" WIDTH="106" HEIGHT="46">
						<TextLine ID="line_21" HPOS="1132" VPOS="1383" WIDTH="106" HEIGHT="46">
							<String ID="string_186" HPOS="1132" VPOS="1385" WIDTH="46" HEIGHT="33" WC="0.92" CONTENT="20"/><SP WIDTH="31" VPOS="1385" HPOS="1178"/>
							<String ID="string_187" HPOS="1209" VPOS="1383" WIDTH="29" HEIGHT="46" WC="0.83" CONTENT="8."/>
						</TextLine>
					</TextBlock>
				</ComposedBlock>
				<ComposedBlock ID="cblock_5" HPOS="379" VPOS="1464" WIDTH="1606" HEIGHT="827">
					<TextBlock ID="block_7" HPOS="381" VPOS="1464" WIDTH="1604" HEIGHT="200">
						<TextLine ID="line_22" HPOS="516" VPOS="1464" WIDTH="1469" HEIGHT="54">
							<String ID="string_188" HPOS="516" VPOS="1466" WIDTH="30" HEIGHT="34" WC="0.90" CONTENT="1."/><SP WIDTH="56" VPOS="1466" HPOS="546"/>
							<String ID="string_189" HPOS="602" VPOS="1464" WIDTH="133" HEIGHT="47" WC="0.85" CONTENT="Bolag,"/><SP WIDTH="42" VPOS="1464" HPOS="735"/>
							<String ID="string_190" HPOS="777" VPOS="1478" WIDTH="81" HEIGHT="24" WC="0.96" CONTENT="som"/><SP WIDTH="41" VPOS="1478" HPOS="858"/>
							<String ID="string_191" HPOS="899" VPOS="1467" WIDTH="14" HEIGHT="36" WC="0.95" CONTENT="i"/><SP WIDTH="44" VPOS="1467" HPOS="913"/>
							<String ID="string_192" HPOS="957" VPOS="1470" WIDTH="45" HEIGHT="34" WC="0.96" CONTENT="18"/><SP WIDTH="43" VPOS="1470" HPOS="1002"/>
							<String ID="string_193" HPOS="1045" VPOS="1469" WIDTH="73" HEIGHT="35" WC="0.96" CONTENT="och"/><SP WIDTH="44" VPOS="1469" HPOS="1118"/>
							<String ID="string_194" HPOS="1162" VPOS="1472" WIDTH="44" HEIGHT="34" WC="0.95" CONTENT="19"/><SP WIDTH="43" VPOS="1472" HPOS="1206"/>
							<String ID="string_195" HPOS="1249" VPOS="1470" WIDTH="40" HEIGHT="46" WC="0.28" CONTENT="88"/><SP WIDTH="29" VPOS="1470" HPOS="1289"/>
							<String ID="string_196" HPOS="1318" VPOS="1471" WIDTH="253" HEIGHT="47" WC="0.91" CONTENT="omförmäles,"/><SP WIDTH="29" VPOS="1471" HPOS="1571"/>
							<String ID="string_197" HPOS="1600" VPOS="1476" WIDTH="65" HEIGHT="33" WC="0.96" CONTENT="må"/><SP WIDTH="26" VPOS="1476" HPOS="1665"/>
							<String ID="string_198" HPOS="1691" VPOS="1474" WIDTH="87" HEIGHT="36" WC="0.96" CONTENT="icke"/><SP WIDTH="29" VPOS="1474" HPOS="1778"/>
							<String ID="string_199" HPOS="1807" VPOS="1488" WIDTH="87" HEIGHT="24" WC="0.96" CONTENT="avse"/><SP WIDTH="29" VPOS="1488" HPOS="1894"/>
							<String ID="string_200" HPOS="1923" VPOS="1480" WIDTH="62" HEIGHT="33" WC="0.96" CONTENT="att"/>
						</TextLine>
						<TextLine ID="line_23" HPOS="382" VPOS="1515" WIDTH="1601" HEIGHT="60">
							<String ID="string_201" HPOS="382" VPOS="1515" WIDTH="141" HEIGHT="35" WC="0.96" CONTENT="bereda"/><SP WIDTH="40" VPOS="1515" HPOS="523"/>
							<String ID="string_202" HPOS="563" VPOS="1528" WIDTH="91" HEIGHT="23" WC="0.96" CONTENT="vare"/><SP WIDTH="42" VPOS="1528" HPOS="654"/>
							<String ID="string_203" HPOS="696" VPOS="1517" WIDTH="58" HEIGHT="46" WC="0.93" CONTENT="sig"/><SP WIDTH="36" VPOS="1517" HPOS="754"/>
							<String ID="string_204" HPOS="790" VPOS="1518" WIDTH="207" HEIGHT="47" WC="0.92" CONTENT="delägarne"/><SP WIDTH="27" VPOS="1518" HPOS="997"/>
							<String ID="string_205" HPOS="1024" VPOS="1520" WIDTH="163" HEIGHT="48" WC="0.96" CONTENT="vinning"/><SP WIDTH="26" VPOS="1520" HPOS="1187"/>
							<String ID="string_206" HPOS="1213" VPOS="1525" WIDTH="139" HEIGHT="33" WC="0.96" CONTENT="utöver"/><SP WIDTH="28" VPOS="1525" HPOS="1352"/>
							<String ID="string_207" HPOS="1380" VPOS="1524" WIDTH="99" HEIGHT="46" WC="0.96" CONTENT="årlig"/><SP WIDTH="27" VPOS="1524" HPOS="1479"/>
							<String ID="string_208" HPOS="1506" VPOS="1527" WIDTH="115" HEIGHT="34" WC="0.96" CONTENT="ränta"/><SP WIDTH="27" VPOS="1527" HPOS="1621"/>
							<String ID="string_209" HPOS="1648" VPOS="1527" WIDTH="88" HEIGHT="34" WC="0.96" CONTENT="med"/><SP WIDTH="27" VPOS="1527" HPOS="1736"/>
							<String ID="string_210" HPOS="1763" VPOS="1527" WIDTH="116" HEIGHT="48" WC="0.96" CONTENT="högst"/><SP WIDTH="27" VPOS="1527" HPOS="1879"/>
							<String ID="string_211" HPOS="1906" VPOS="1528" WIDTH="77" HEIGHT="36" WC="0.96" CONTENT="fem"/>
						</TextLine>
						<TextLine ID="line_24" HPOS="381" VPOS="1568" WIDTH="1602" HEIGHT="51">
							<String ID="string_212" HPOS="381" VPOS="1569" WIDTH="164" HEIGHT="43" WC="0.93" CONTENT="procent"/><SP WIDTH="41" VPOS="1569" HPOS="545"/>
							<String ID="string_213" HPOS="586" VPOS="1570" WIDTH="22" HEIGHT="32" WC="0.93" CONTENT="å"/><SP WIDTH="40" VPOS="1570" HPOS="608"/>
							<String ID="string_214" HPOS="648" VPOS="1568" WIDTH="47" HEIGHT="35" WC="0.96" CONTENT="de"/><SP WIDTH="41" VPOS="1568" HPOS="695"/>
							<String ID="string_215" HPOS="736" VPOS="1580" WIDTH="48" HEIGHT="24" WC="0.93" CONTENT="av"/><SP WIDTH="32" VPOS="1580" HPOS="784"/>
							<String ID="string_216" HPOS="816" VPOS="1570" WIDTH="206" HEIGHT="47" WC="0.89" CONTENT="delägarne"/><SP WIDTH="28" VPOS="1570" HPOS="1022"/>
							<String ID="string_217" HPOS="1050" VPOS="1572" WIDTH="222" HEIGHT="47" WC="0.89" CONTENT="tillskjutna"/><SP WIDTH="28" VPOS="1572" HPOS="1272"/>
							<String ID="string_218" HPOS="1300" VPOS="1574" WIDTH="194" HEIGHT="37" WC="0.95" CONTENT="kontanta"/><SP WIDTH="27" VPOS="1574" HPOS="1494"/>
							<String ID="string_219" HPOS="1521" VPOS="1577" WIDTH="126" HEIGHT="35" WC="0.96" CONTENT="medel"/><SP WIDTH="28" VPOS="1577" HPOS="1647"/>
							<String ID="string_220" HPOS="1675" VPOS="1578" WIDTH="93" HEIGHT="35" WC="0.96" CONTENT="eller"/><SP WIDTH="27" VPOS="1578" HPOS="1768"/>
							<String ID="string_221" HPOS="1795" VPOS="1579" WIDTH="188" HEIGHT="37" WC="0.96" CONTENT="kommun"/>
						</TextLine>
						<TextLine ID="line_25" HPOS="382" VPOS="1618" WIDTH="545" HEIGHT="46">
							<String ID="string_222" HPOS="382" VPOS="1620" WIDTH="128" HEIGHT="44" WC="0.96" CONTENT="någon"/><SP WIDTH="29" VPOS="1620" HPOS="510"/>
							<String ID="string_223" HPOS="539" VPOS="1618" WIDTH="227" HEIGHT="36" WC="0.34" CONTENT="ekonomisk"/><SP WIDTH="27" VPOS="1618" HPOS="766"/>
							<String ID="string_224" HPOS="793" VPOS="1620" WIDTH="134" HEIGHT="37" WC="0.96" CONTENT="fördel."/>
						</TextLine>
					</TextBlock>
					<TextBlock ID="block_8" HPOS="380" VPOS="1670" WIDTH="1604" HEIGHT="310">
						<TextLine ID="line_26" HPOS="486" VPOS="1670" WIDTH="1498" HEIGHT="56">
							<String ID="string_225" HPOS="486" VPOS="1672" WIDTH="33" HEIGHT="33" WC="0.93" CONTENT="2."/><SP WIDTH="81" VPOS="1672" HPOS="519"/>
							<String ID="string_226" HPOS="600" VPOS="1670" WIDTH="74" HEIGHT="35" WC="0.81" CONTENT="Vid"/><SP WIDTH="35" VPOS="1670" HPOS="674"/>
							<String ID="string_227" HPOS="709" VPOS="1673" WIDTH="195" HEIGHT="36" WC="0.95" CONTENT="utövande"/><SP WIDTH="34" VPOS="1673" HPOS="904"/>
							<String ID="string_228" HPOS="938" VPOS="1686" WIDTH="47" HEIGHT="23" WC="0.96" CONTENT="av"/><SP WIDTH="32" VPOS="1686" HPOS="985"/>
							<String ID="string_229" HPOS="1017" VPOS="1674" WIDTH="58" HEIGHT="36" WC="0.96" CONTENT="sin"/><SP WIDTH="32" VPOS="1674" HPOS="1075"/>
							<String ID="string_230" HPOS="1107" VPOS="1675" WIDTH="247" HEIGHT="37" WC="0.96" CONTENT="verksamhet"/><SP WIDTH="36" VPOS="1675" HPOS="1354"/>
							<String ID="string_231" HPOS="1390" VPOS="1680" WIDTH="81" HEIGHT="33" WC="0.97" CONTENT="står"/><SP WIDTH="26" VPOS="1680" HPOS="1471"/>
							<String ID="string_232" HPOS="1497" VPOS="1679" WIDTH="118" HEIGHT="47" WC="0.96" CONTENT="bolag"/><SP WIDTH="27" VPOS="1679" HPOS="1615"/>
							<String ID="string_233" HPOS="1642" VPOS="1680" WIDTH="122" HEIGHT="36" WC="0.93" CONTENT="under"/><SP WIDTH="28" VPOS="1680" HPOS="1764"/>
							<String ID="string_234" HPOS="1792" VPOS="1682" WIDTH="192" HEIGHT="37" WC="0.92" CONTENT="överinse-"/>
						</TextLine>
						<TextLine ID="line_27" HPOS="382" VPOS="1721" WIDTH="1599" HEIGHT="55">
							<String ID="string_235" HPOS="382" VPOS="1721" WIDTH="95" HEIGHT="35" WC="0.96" CONTENT="ende"/><SP WIDTH="29" VPOS="1721" HPOS="477"/>
							<String ID="string_236" HPOS="506" VPOS="1734" WIDTH="47" HEIGHT="23" WC="0.93" CONTENT="av"/><SP WIDTH="27" VPOS="1734" HPOS="553"/>
							<String ID="string_237" HPOS="580" VPOS="1721" WIDTH="361" HEIGHT="49" WC="0.91" CONTENT="kontrollstyrelsen"/><SP WIDTH="29" VPOS="1721" HPOS="941"/>
							<String ID="string_238" HPOS="970" VPOS="1726" WIDTH="72" HEIGHT="36" WC="0.97" CONTENT="och"/><SP WIDTH="27" VPOS="1726" HPOS="1042"/>
							<String ID="string_239" HPOS="1069" VPOS="1726" WIDTH="72" HEIGHT="37" WC="0.96" CONTENT="har"/><SP WIDTH="28" VPOS="1726" HPOS="1141"/>
							<String ID="string_240" HPOS="1169" VPOS="1730" WIDTH="60" HEIGHT="34" WC="0.96" CONTENT="att"/><SP WIDTH="19" VPOS="1730" HPOS="1229"/>
							<String ID="string_241" HPOS="1248" VPOS="1729" WIDTH="114" HEIGHT="36" WC="0.96" CONTENT="ställa"/><SP WIDTH="19" VPOS="1729" HPOS="1362"/>
							<String ID="string_242" HPOS="1381" VPOS="1730" WIDTH="58" HEIGHT="46" WC="0.96" CONTENT="sig"/><SP WIDTH="18" VPOS="1730" HPOS="1439"/>
							<String ID="string_243" HPOS="1457" VPOS="1730" WIDTH="63" HEIGHT="36" WC="0.93" CONTENT="till"/><SP WIDTH="20" VPOS="1730" HPOS="1520"/>
							<String ID="string_244" HPOS="1540" VPOS="1731" WIDTH="256" HEIGHT="38" WC="0.92" CONTENT="efterrättelse"/><SP WIDTH="21" VPOS="1731" HPOS="1796"/>
							<String ID="string_245" HPOS="1817" VPOS="1734" WIDTH="46" HEIGHT="36" WC="0.93" CONTENT="de"/><SP WIDTH="19" VPOS="1734" HPOS="1863"/>
							<String ID="string_246" HPOS="1882" VPOS="1734" WIDTH="99" HEIGHT="37" WC="0.92" CONTENT="före-"/>
						</TextLine>
						<TextLine ID="line_28" HPOS="381" VPOS="1773" WIDTH="1601" HEIGHT="59">
							<String ID="string_247" HPOS="381" VPOS="1773" WIDTH="167" HEIGHT="44" WC="0.92" CONTENT="skrifter,"/><SP WIDTH="42" VPOS="1773" HPOS="548"/>
							<String ID="string_248" HPOS="590" VPOS="1774" WIDTH="361" HEIGHT="48" WC="0.85" CONTENT="kontrollstyrelsen"/><SP WIDTH="41" VPOS="1774" HPOS="951"/>
							<String ID="string_249" HPOS="992" VPOS="1778" WIDTH="14" HEIGHT="35" WC="0.96" CONTENT="i"/><SP WIDTH="41" VPOS="1778" HPOS="1006"/>
							<String ID="string_250" HPOS="1047" VPOS="1780" WIDTH="185" HEIGHT="35" WC="0.93" CONTENT="avseende"/><SP WIDTH="42" VPOS="1780" HPOS="1232"/>
							<String ID="string_251" HPOS="1274" VPOS="1783" WIDTH="21" HEIGHT="33" WC="0.84" CONTENT="å"/><SP WIDTH="33" VPOS="1783" HPOS="1295"/>
							<String ID="string_252" HPOS="1328" VPOS="1781" WIDTH="120" HEIGHT="47" WC="0.96" CONTENT="inköp"/><SP WIDTH="29" VPOS="1781" HPOS="1448"/>
							<String ID="string_253" HPOS="1477" VPOS="1795" WIDTH="59" HEIGHT="33" WC="0.96" CONTENT="av,"/><SP WIDTH="29" VPOS="1795" HPOS="1536"/>
							<String ID="string_254" HPOS="1565" VPOS="1782" WIDTH="328" HEIGHT="50" WC="0.96" CONTENT="försäljningspris"/><SP WIDTH="27" VPOS="1782" HPOS="1893"/>
							<String ID="string_255" HPOS="1920" VPOS="1787" WIDTH="62" HEIGHT="35" WC="0.96" CONTENT="för"/>
						</TextLine>
						<TextLine ID="line_29" HPOS="381" VPOS="1825" WIDTH="1601" HEIGHT="57">
							<String ID="string_256" HPOS="381" VPOS="1827" WIDTH="99" HEIGHT="33" WC="0.93" CONTENT="samt"/><SP WIDTH="28" VPOS="1827" HPOS="480"/>
							<String ID="string_257" HPOS="508" VPOS="1825" WIDTH="294" HEIGHT="47" WC="0.92" CONTENT="alkoholstyrka"/><SP WIDTH="18" VPOS="1825" HPOS="802"/>
							<String ID="string_258" HPOS="820" VPOS="1828" WIDTH="70" HEIGHT="36" WC="0.96" CONTENT="hos"/><SP WIDTH="19" VPOS="1828" HPOS="890"/>
							<String ID="string_259" HPOS="909" VPOS="1829" WIDTH="311" HEIGHT="48" WC="0.96" CONTENT="alkoholhaltiga"/><SP WIDTH="18" VPOS="1829" HPOS="1220"/>
							<String ID="string_260" HPOS="1238" VPOS="1832" WIDTH="164" HEIGHT="46" WC="0.96" CONTENT="drycker"/><SP WIDTH="20" VPOS="1832" HPOS="1402"/>
							<String ID="string_261" HPOS="1422" VPOS="1839" WIDTH="180" HEIGHT="31" WC="0.96" CONTENT="ävensom"/><SP WIDTH="20" VPOS="1839" HPOS="1602"/>
							<String ID="string_262" HPOS="1622" VPOS="1837" WIDTH="199" HEIGHT="45" WC="0.93" CONTENT="angående"/><SP WIDTH="19" VPOS="1837" HPOS="1821"/>
							<String ID="string_263" HPOS="1840" VPOS="1838" WIDTH="142" HEIGHT="36" WC="0.91" CONTENT="räken-"/>
						</TextLine>
						<TextLine ID="line_30" HPOS="381" VPOS="1875" WIDTH="1599" HEIGHT="61">
							<String ID="string_264" HPOS="381" VPOS="1875" WIDTH="157" HEIGHT="47" WC="0.92" CONTENT="skapers"/><SP WIDTH="26" VPOS="1875" HPOS="538"/>
							<String ID="string_265" HPOS="564" VPOS="1876" WIDTH="161" HEIGHT="37" WC="0.96" CONTENT="förande"/><SP WIDTH="29" VPOS="1876" HPOS="725"/>
							<String ID="string_266" HPOS="754" VPOS="1878" WIDTH="71" HEIGHT="36" WC="0.96" CONTENT="och"/><SP WIDTH="28" VPOS="1878" HPOS="825"/>
							<String ID="string_267" HPOS="853" VPOS="1879" WIDTH="13" HEIGHT="35" WC="0.95" CONTENT="i"/><SP WIDTH="28" VPOS="1879" HPOS="866"/>
							<String ID="string_268" HPOS="894" VPOS="1880" WIDTH="129" HEIGHT="47" WC="0.96" CONTENT="övrigt"/><SP WIDTH="23" VPOS="1880" HPOS="1023"/>
							<String ID="string_269" HPOS="1046" VPOS="1882" WIDTH="241" HEIGHT="36" WC="0.96" CONTENT="beträffande"/><SP WIDTH="18" VPOS="1882" HPOS="1287"/>
							<String ID="string_270" HPOS="1305" VPOS="1884" WIDTH="176" HEIGHT="47" WC="0.96" CONTENT="bolagets"/><SP WIDTH="19" VPOS="1884" HPOS="1481"/>
							<String ID="string_271" HPOS="1500" VPOS="1885" WIDTH="239" HEIGHT="49" WC="0.95" CONTENT="förvaltning"/><SP WIDTH="19" VPOS="1885" HPOS="1739"/>
							<String ID="string_272" HPOS="1758" VPOS="1888" WIDTH="93" HEIGHT="36" WC="0.95" CONTENT="eller"/><SP WIDTH="20" VPOS="1888" HPOS="1851"/>
							<String ID="string_273" HPOS="1871" VPOS="1889" WIDTH="109" HEIGHT="47" WC="0.96" CONTENT="eljest"/>
						</TextLine>
						<TextLine ID="line_31" HPOS="380" VPOS="1927" WIDTH="1510" HEIGHT="53">
							<String ID="string_274" HPOS="380" VPOS="1927" WIDTH="13" HEIGHT="34" WC="0.96" CONTENT="i"/><SP WIDTH="28" VPOS="1927" HPOS="393"/>
							<String ID="string_275" HPOS="421" VPOS="1928" WIDTH="46" HEIGHT="34" WC="0.96" CONTENT="de"/><SP WIDTH="28" VPOS="1928" HPOS="467"/>
							<String ID="string_276" HPOS="495" VPOS="1927" WIDTH="13" HEIGHT="35" WC="0.96" CONTENT="i"/><SP WIDTH="29" VPOS="1927" HPOS="508"/>
							<String ID="string_277" HPOS="537" VPOS="1928" WIDTH="125" HEIGHT="36" WC="0.96" CONTENT="denna"/><SP WIDTH="27" VPOS="1928" HPOS="662"/>
							<String ID="string_278" HPOS="689" VPOS="1928" WIDTH="229" HEIGHT="49" WC="0.95" CONTENT="förordning"/><SP WIDTH="27" VPOS="1928" HPOS="918"/>
							<String ID="string_279" HPOS="945" VPOS="1931" WIDTH="158" HEIGHT="37" WC="0.96" CONTENT="särskilt"/><SP WIDTH="28" VPOS="1931" HPOS="1103"/>
							<String ID="string_280" HPOS="1131" VPOS="1934" WIDTH="167" HEIGHT="46" WC="0.96" CONTENT="angivna"/><SP WIDTH="28" VPOS="1934" HPOS="1298"/>
							<String ID="string_281" HPOS="1326" VPOS="1935" WIDTH="244" HEIGHT="37" WC="0.96" CONTENT="hänseenden"/><SP WIDTH="29" VPOS="1935" HPOS="1570"/>
							<String ID="string_282" HPOS="1599" VPOS="1937" WIDTH="78" HEIGHT="36" WC="0.96" CONTENT="kan"/><SP WIDTH="27" VPOS="1937" HPOS="1677"/>
							<String ID="string_283" HPOS="1704" VPOS="1940" WIDTH="186" HEIGHT="37" WC="0.96" CONTENT="meddela."/>
						</TextLine>
					</TextBlock>
					<TextBlock ID="block_9" HPOS="379" VPOS="1979" WIDTH="1600" HEIGHT="149">
						<TextLine ID="line_32" HPOS="508" VPOS="1979" WIDTH="1471" HEIGHT="56">
							<String ID="string_284" HPOS="508" VPOS="1979" WIDTH="184" HEIGHT="37" WC="0.96" CONTENT="Närmare"/><SP WIDTH="44" VPOS="1979" HPOS="692"/>
							<String ID="string_285" HPOS="736" VPOS="1981" WIDTH="289" HEIGHT="38" WC="0.96" CONTENT="bestämmelser"/><SP WIDTH="44" VPOS="1981" HPOS="1025"/>
							<String ID="string_286" HPOS="1069" VPOS="1986" WIDTH="198" HEIGHT="46" WC="0.93" CONTENT="angående"/><SP WIDTH="45" VPOS="1986" HPOS="1267"/>
							<String ID="string_287" HPOS="1312" VPOS="1987" WIDTH="381" HEIGHT="48" WC="0.91" CONTENT="kontrollstyrelsens"/><SP WIDTH="40" VPOS="1987" HPOS="1693"/>
							<String ID="string_288" HPOS="1733" VPOS="1991" WIDTH="246" HEIGHT="38" WC="0.96" CONTENT="verksamhet"/>
						</TextLine>
						<TextLine ID="line_33" HPOS="380" VPOS="2029" WIDTH="1599" HEIGHT="57">
							<String ID="string_289" HPOS="380" VPOS="2029" WIDTH="248" HEIGHT="48" WC="0.91" CONTENT="härutinnan,"/><SP WIDTH="47" VPOS="2029" HPOS="628"/>
							<String ID="string_290" HPOS="675" VPOS="2034" WIDTH="137" HEIGHT="34" WC="0.96" CONTENT="utöver"/><SP WIDTH="44" VPOS="2034" HPOS="812"/>
							<String ID="string_291" HPOS="856" VPOS="2035" WIDTH="75" HEIGHT="35" WC="0.96" CONTENT="vad"/><SP WIDTH="45" VPOS="2035" HPOS="931"/>
							<String ID="string_292" HPOS="976" VPOS="2036" WIDTH="126" HEIGHT="35" WC="0.96" CONTENT="denna"/><SP WIDTH="44" VPOS="2036" HPOS="1102"/>
							<String ID="string_293" HPOS="1146" VPOS="2036" WIDTH="228" HEIGHT="49" WC="0.95" CONTENT="förordning"/><SP WIDTH="45" VPOS="2036" HPOS="1374"/>
							<String ID="string_294" HPOS="1419" VPOS="2039" WIDTH="226" HEIGHT="47" WC="0.96" CONTENT="innehåller,"/><SP WIDTH="46" VPOS="2039" HPOS="1645"/>
							<String ID="string_295" HPOS="1691" VPOS="2042" WIDTH="194" HEIGHT="37" WC="0.96" CONTENT="meddelas"/><SP WIDTH="47" VPOS="2042" HPOS="1885"/>
							<String ID="string_296" HPOS="1932" VPOS="2056" WIDTH="47" HEIGHT="24" WC="0.93" CONTENT="av"/>
						</TextLine>
						<TextLine ID="line_34" HPOS="379" VPOS="2081" WIDTH="226" HEIGHT="47">
							<String ID="string_297" HPOS="379" VPOS="2081" WIDTH="226" HEIGHT="47" WC="0.95" CONTENT="Konungen."/>
						</TextLine>
					</TextBlock>
					<TextBlock ID="block_10" HPOS="379" VPOS="2133" WIDTH="1598" HEIGHT="158">
						<TextLine ID="line_35" HPOS="510" VPOS="2133" WIDTH="1467" HEIGHT="60">
							<String ID="string_298" HPOS="510" VPOS="2136" WIDTH="32" HEIGHT="33" WC="0.95" CONTENT="3."/><SP WIDTH="55" VPOS="2136" HPOS="542"/>
							<String ID="string_299" HPOS="597" VPOS="2133" WIDTH="122" HEIGHT="49" WC="0.96" CONTENT="Bolag"/><SP WIDTH="41" VPOS="2133" HPOS="719"/>
							<String ID="string_300" HPOS="760" VPOS="2140" WIDTH="91" HEIGHT="43" WC="0.96" CONTENT="äger"/><SP WIDTH="41" VPOS="2140" HPOS="851"/>
							<String ID="string_301" HPOS="892" VPOS="2136" WIDTH="33" HEIGHT="47" WC="0.96" CONTENT="ej"/><SP WIDTH="41" VPOS="2136" HPOS="925"/>
							<String ID="string_302" HPOS="966" VPOS="2138" WIDTH="65" HEIGHT="36" WC="0.93" CONTENT="vid"/><SP WIDTH="37" VPOS="2138" HPOS="1031"/>
							<String ID="string_303" HPOS="1068" VPOS="2139" WIDTH="283" HEIGHT="49" WC="0.92" CONTENT="utminutering"/><SP WIDTH="39" VPOS="2139" HPOS="1351"/>
							<String ID="string_304" HPOS="1390" VPOS="2141" WIDTH="107" HEIGHT="37" WC="0.95" CONTENT="hålla"/><SP WIDTH="41" VPOS="2141" HPOS="1497"/>
							<String ID="string_305" HPOS="1538" VPOS="2155" WIDTH="82" HEIGHT="24" WC="0.96" CONTENT="mer"/><SP WIDTH="41" VPOS="2155" HPOS="1620"/>
							<String ID="string_306" HPOS="1661" VPOS="2150" WIDTH="48" HEIGHT="30" WC="0.96" CONTENT="än"/><SP WIDTH="33" VPOS="2150" HPOS="1709"/>
							<String ID="string_307" HPOS="1742" VPOS="2148" WIDTH="58" HEIGHT="34" WC="0.95" CONTENT="ett"/><SP WIDTH="27" VPOS="2148" HPOS="1800"/>
							<String ID="string_308" HPOS="1827" VPOS="2145" WIDTH="150" HEIGHT="48" WC="0.92" CONTENT="försälj-"/>
						</TextLine>
						<TextLine ID="line_36" HPOS="379" VPOS="2184" WIDTH="1597" HEIGHT="59">
							<String ID="string_309" HPOS="379" VPOS="2184" WIDTH="78" HEIGHT="46" WC="0.93" CONTENT="pris"/><SP WIDTH="37" VPOS="2184" HPOS="457"/>
							<String ID="string_310" HPOS="494" VPOS="2187" WIDTH="22" HEIGHT="33" WC="0.93" CONTENT="å"/><SP WIDTH="37" VPOS="2187" HPOS="516"/>
							<String ID="string_311" HPOS="553" VPOS="2197" WIDTH="47" HEIGHT="24" WC="0.95" CONTENT="en"/><SP WIDTH="34" VPOS="2197" HPOS="600"/>
							<String ID="string_312" HPOS="634" VPOS="2186" WIDTH="73" HEIGHT="36" WC="0.96" CONTENT="och"/><SP WIDTH="28" VPOS="2186" HPOS="707"/>
							<String ID="string_313" HPOS="735" VPOS="2199" WIDTH="145" HEIGHT="25" WC="0.93" CONTENT="samma"/><SP WIDTH="27" VPOS="2199" HPOS="880"/>
							<String ID="string_314" HPOS="907" VPOS="2193" WIDTH="179" HEIGHT="33" WC="0.92" CONTENT="varusort"/><SP WIDTH="27" VPOS="2193" HPOS="1086"/>
							<String ID="string_315" HPOS="1113" VPOS="2204" WIDTH="48" HEIGHT="23" WC="0.96" CONTENT="av"/><SP WIDTH="28" VPOS="2204" HPOS="1161"/>
							<String ID="string_316" HPOS="1189" VPOS="2192" WIDTH="311" HEIGHT="50" WC="0.96" CONTENT="alkoholhaltiga"/><SP WIDTH="28" VPOS="2192" HPOS="1500"/>
							<String ID="string_317" HPOS="1528" VPOS="2196" WIDTH="176" HEIGHT="47" WC="0.96" CONTENT="drycker,"/><SP WIDTH="32" VPOS="2196" HPOS="1704"/>
							<String ID="string_318" HPOS="1736" VPOS="2201" WIDTH="150" HEIGHT="33" WC="0.95" CONTENT="oavsett"/><SP WIDTH="28" VPOS="2201" HPOS="1886"/>
							<String ID="string_319" HPOS="1914" VPOS="2210" WIDTH="62" HEIGHT="25" WC="0.96" CONTENT="om"/>
						</TextLine>
						<TextLine ID="line_37" HPOS="379" VPOS="2237" WIDTH="891" HEIGHT="54">
							<String ID="string_320" HPOS="379" VPOS="2240" WIDTH="121" HEIGHT="32" WC="0.93" CONTENT="större"/><SP WIDTH="18" VPOS="2240" HPOS="500"/>
							<String ID="string_321" HPOS="518" VPOS="2237" WIDTH="104" HEIGHT="36" WC="0.69" CONTENT="-eller"/><SP WIDTH="26" VPOS="2237" HPOS="622"/>
							<String ID="string_322" HPOS="648" VPOS="2238" WIDTH="150" HEIGHT="37" WC="0.96" CONTENT="mindre"/><SP WIDTH="28" VPOS="2238" HPOS="798"/>
							<String ID="string_323" HPOS="826" VPOS="2241" WIDTH="234" HEIGHT="46" WC="0.93" CONTENT="myckenhet"/><SP WIDTH="26" VPOS="2241" HPOS="1060"/>
							<String ID="string_324" HPOS="1086" VPOS="2243" WIDTH="184" HEIGHT="48" WC="0.92" CONTENT="försäljes."/>
						</TextLine>
					</TextBlock>
				</ComposedBlock>
			</PrintSpace>
		</Page>
	</Layout>
</alto>
