2206 2658
751 182 234 44 Lagutskottets
1006 182 165 33 utlåtande
1193 182 53 32 Nr
1270 183 51 31 11.
1757 180 40 32 19

241 273 90 28 vore
359 278 47 23 av
434 277 125 24 annan
588 263 166 49 mening.
808 263 136 36 Därest
972 261 253 37 ordföranden
1254 261 71 36 och
1353 273 47 24 en
1429 274 46 22 av
1504 260 209 36 nämndens
1741 260 99 36 leda-

242 322 122 31 möter
392 316 179 36 förklarat
600 315 63 48 sig
690 314 163 37 beredda
881 319 56 31 att
964 320 92 30 utan
1083 313 129 37 vidare
1239 312 217 38 betänketid
1486 317 137 43 genast
1649 317 100 44 yttra
1768 312 71 48 sig,

242 368 126 37 kunde
397 381 124 23 annan
549 367 166 37 ledamot
743 380 46 23 av
816 366 190 37 nämnden
1035 366 33 47 ej
1090 365 143 36 erhålla
1251 364 231 37 betänketid.
1518 363 71 37 Om
1610 367 79 33 åter
1708 364 134 36 sådant

241 420 152 36 rådrum
435 419 173 47 erhölles,
651 419 120 36 skulle
813 418 113 36 akten
954 418 12 36 i
995 418 115 36 målet
1145 417 120 36 under
1293 416 300 50 uppskovstiden
1620 415 120 37 hållas
1768 416 73 36 till-

240 472 165 49 gänglig
432 472 58 36 för
518 471 45 37 de
591 470 216 42 ledamöter,
836 483 81 23 som
946 483 47 23 av
1022 470 218 36 densamma
1269 468 167 37 önskade
1464 474 91 42 taga
1583 467 70 37 del.

371 523 73 37 Vid
475 524 97 36 1899
602 525 59 34 års
689 521 157 49 riksdag
872 522 155 36 väcktes
1055 521 13 35 i
1097 520 116 37 andra
1241 520 219 36 kammaren
1489 519 145 36 motion
1661 532 61 23 om
1749 519 93 36 skri-

241 576 103 36 velse
384 576 54 36 till
479 575 143 48 Kungl.
664 573 107 49 Maj:t
812 573 84 37 med
937 573 169 49 begäran
1148 585 60 23 om
1243 572 146 48 förslag
1416 571 57 36 till
1502 571 338 49 straffprocesslag,

241 627 135 49 byggd
404 630 48 47 på
476 627 294 49 jurysystemets
798 625 69 37 och
887 625 72 36 den
985 625 71 36 fria
1075 623 371 50 bevisprövningens
1466 623 201 49 principer.
1698 622 143 37 Motion

241 679 12 36 i
282 679 197 37 enahanda
507 678 100 49 syfte
635 677 152 37 väcktes
811 677 145 49 jämväl
984 676 64 36 vid
1080 677 96 36 1906
1206 678 59 34 års
1293 675 165 48 riksdag.
1514 675 103 36 Båda
1644 678 198 45 gångerna

240 731 214 49 avstyrktes
495 730 193 37 motionen
728 742 47 23 av
815 729 260 48 lagutskottet,
1104 741 81 23 som
1227 727 131 37 därvid
1387 726 114 37 bland
1531 733 115 30 annat
1673 727 167 44 anförde,

241 788 56 31 att
324 783 185 36 utskottet
536 780 225 49 visserligen
790 781 33 48 ej
853 780 299 37 underskattade
1170 778 220 50 betydelsen
1411 792 47 23 av
1477 779 364 37 lekmannaelement

240 835 12 35 i
295 834 254 37 domstolarna
592 845 86 24 men
719 832 99 36 hölle
855 832 92 48 före,
977 837 56 31 att
1061 832 103 36 detta
1192 831 162 37 element
1382 830 126 37 kunde
1536 830 56 37 till
1620 835 118 32 större
1767 831 74 36 för-

241 889 88 33 mån
357 886 59 36 för
442 884 328 49 rättsskipningen
789 884 275 49 tillgodogöras
1084 883 119 48 enligt
1225 886 69 33 vår
1312 882 218 37 nuvarande
1549 882 84 48 lags
1654 882 188 49 principer

241 943 49 30 än
318 951 139 35 genom
485 935 198 39 införande
712 949 48 22 av
788 936 72 37 den
889 936 59 36 för
975 938 69 33 vår
1063 935 244 49 lagstiftning
1326 934 102 36 förut
1448 934 11 35 i
1478 934 109 48 regel
1607 934 235 37 främmande

235 989 369 50 juryinstitutionen.
662 987 160 37 Särskilt
857 988 10 36 i
897 987 373 37 häradsnämnderna
1297 986 64 36 vid
1389 985 378 37 underdomstolarna
1793 989 48 46 på

241 1041 128 36 landet
410 1041 117 36 funne
568 1040 186 36 utskottet
796 1046 53 31 ett
889 1040 161 46 institut,
1079 1039 126 49 byggt
1241 1041 48 47 på
1318 1037 181 37 nationell
1527 1038 127 48 grund
1683 1038 70 36 och
1779 1039 62 35 väl

240 1097 119 44 ägnat
387 1098 53 31 att
468 1093 140 36 tillföra
638 1092 212 37 domstolen
877 1092 248 36 lekmännens
1153 1089 195 50 praktiska
1367 1089 117 37 insikt
1504 1090 72 36 och
1596 1103 47 23 av
1655 1089 186 49 juridiska

240 1145 149 49 hänsyn
426 1145 178 36 obundna
632 1157 71 36 syn
731 1147 48 46 på
807 1144 144 49 tingen.
1007 1142 213 49 Ingendera
1248 1142 191 36 motionen
1467 1141 219 37 föranledde
1714 1145 127 45 någon

239 1196 224 49 riksdagens
492 1196 147 49 åtgärd.

370 1248 16 35 I
414 1248 100 49 syfte
543 1254 54 30 att
624 1248 139 37 bereda
790 1247 191 37 nämnden
1010 1245 90 37 ökat
1127 1245 209 47 inflytande
1363 1248 48 46 på
1431 1245 47 36 de
1497 1245 64 36 vid
1582 1245 259 36 häradsrätten

241 1299 220 49 anhängiga
501 1300 144 35 målens
686 1300 69 37 och
798 1298 206 37 ärendenas
1047 1297 216 48 avgörande
1295 1296 244 37 hemställdes
1566 1297 13 35 i
1607 1297 142 36 motion
1777 1297 63 36 vid

244 1352 95 35 1901
384 1354 57 33 års
482 1351 170 48 riksdag,
695 1357 55 30 att
792 1350 207 48 riksdagen
1039 1349 13 35 i
1093 1349 183 36 skrivelse
1317 1348 56 36 till
1414 1348 145 48 Kungl.
1603 1348 110 49 Maj:t
1753 1348 88 36 ville

239 1402 151 36 anhålla
431 1416 61 23 om
535 1403 245 37 utarbetande
820 1416 48 22 av
910 1401 117 36 sådan
1069 1400 163 49 ändring
1264 1400 12 36 i
1303 1399 177 50 gällande
1507 1400 76 48 lag,
1613 1405 55 31 att
1695 1400 146 37 landets

240 1454 321 37 häradsnämnder
589 1458 116 33 måtte
734 1454 127 36 kunna
889 1453 230 37 åtminstone
1146 1452 12 36 i
1177 1455 128 45 någon
1325 1454 86 34 mån
1431 1452 199 36 återvinna
1648 1452 66 36 sitt
1734 1452 110 36 forna

242 1506 188 37 anseende
472 1506 71 37 och
585 1507 59 35 sin
686 1506 195 50 betydelse
923 1518 82 23 som
1047 1504 136 48 folklig
1225 1503 214 37 institution
1467 1503 12 36 i
1507 1503 286 37 underrätterna
1821 1507 19 33 å

240 1557 276 50 landsbygden.
572 1558 17 36 I
618 1558 208 49 anledning
854 1571 47 23 av
928 1556 193 36 motionen
1149 1555 206 49 tillstyrkte
1382 1555 257 49 lagutskottet
1660 1554 181 38 skrivelse

241 1608 57 37 till
340 1609 142 50 Kungl.
512 1610 109 49 Maj:t
663 1623 60 23 om
753 1610 117 36 sådan
898 1607 233 50 lagändring
1158 1612 67 43 att,
1254 1607 67 36 där
1349 1620 47 23 av
1422 1606 193 37 nämnden
1643 1607 115 36 minst
1785 1613 58 30 tre

242 1660 224 49 fjärdedelar
494 1665 65 33 äro
588 1662 85 36 från
700 1661 358 47 häradshövdingen
1087 1658 220 49 skiljaktiga
1330 1659 70 36 och
1420 1672 60 23 om
1501 1672 47 23 en
1568 1659 156 48 mening
1742 1672 99 33 ense,

241 1711 75 37 den
344 1713 157 48 mening
532 1716 116 33 måtte
676 1713 112 48 gälla.
843 1711 220 37 Emellertid
1091 1710 220 37 föranledde
1340 1711 33 48 ej
1404 1710 117 36 heller
1548 1710 122 36 denna
1699 1710 143 36 motion

241 1766 127 46 någon
396 1764 227 49 riksdagens
652 1763 146 49 åtgärd.

369 1867 16 36 I
414 1880 50 24 nu
494 1866 260 50 föreliggande
783 1866 141 37 motion
953 1866 143 49 åsyftas
1125 1879 45 23 en
1199 1865 117 37 sådan
1345 1864 254 49 omläggning
1629 1878 45 22 av
1696 1864 145 37 formen

239 1918 59 36 för
330 1918 170 37 lekmäns
530 1918 229 50 deltagande
787 1919 12 35 i
826 1918 328 49 rättsskipningen
1182 1917 64 36 vid
1274 1919 91 34 våra
1393 1917 249 45 underrätter,
1672 1916 169 50 speciellt

240 1970 316 47 häradsrätterna,
586 1976 56 30 att
670 1971 73 36 den
771 1969 220 37 nuvarande
1019 1968 341 46 häradsnämnden,
1390 1981 93 34 som,
1512 1968 223 47 visserligen
1755 1968 85 36 med

241 2021 132 37 endast
413 2022 182 36 kollektiv
634 2026 165 41 rösträtt,
839 2021 171 48 deltager
1046 2020 12 36 i
1086 2021 237 48 prövningen
1355 2033 46 22 av
1431 2019 72 36 alla
1532 2019 308 36 förekommande

241 2073 74 36 mål
352 2073 70 37 och
464 2073 164 36 ärenden
656 2073 11 35 i
697 2073 108 36 deras
834 2073 84 35 hela
944 2072 103 46 vidd,
1077 2072 120 36 skulle
1225 2076 160 31 ersättas
1414 2084 48 22 av
1492 2084 46 22 en
1566 2070 12 36 i
1607 2071 159 35 allenast
1794 2071 46 35 de

240 2131 98 29 mest
378 2124 337 49 maktpåliggande
757 2124 108 36 civila
906 2124 70 35 och
1018 2122 211 37 kriminella
1268 2122 74 36 mål
1370 2122 250 48 fungerande,
1649 2135 43 22 ur
1720 2121 45 36 de
1793 2125 47 45 på

239 2176 149 48 vanligt
415 2180 74 32 sätt
517 2175 160 36 utsedda
705 2175 348 36 nämndemännens
1081 2173 102 36 krets
1212 2173 125 36 bildad
1353 2173 100 48 jury.
1483 2173 134 47 Enligt
1637 2172 122 36 denna
1776 2186 64 22 an-

239 2226 175 50 ordning,
431 2241 80 23 som
536 2227 278 36 motionärerna
831 2238 90 24 anse
941 2225 68 36 bör
1043 2219 137 61 kommai
1203 2219 249 61 tillämpning
1474 2224 134 48 jämväl
1625 2223 63 37 vid
1699 2223 136 37 under-

239 2282 76 31 rätt
355 2278 13 35 i
408 2278 95 47 stad,
547 2277 119 37 skulle
708 2276 244 37 lekmännens
980 2276 227 49 deltagande
1235 2277 11 35 i
1275 2275 326 49 rättsskipningen
1630 2274 204 49 begränsas

1863 1871 138 24 Utskottets
2018 1873 50 28 ytt-

1918 1906 90 23 rande.
