1912 2830
539 171 274 32 Statsutskottets
840 173 175 32 utlåtande
1039 175 50 31 Nr
1112 177 70 30 209.
1609 174 18 30 3

120 253 139 36 kronor,
280 254 105 30 vilket
404 255 126 37 belopp
553 265 60 21 var
632 260 109 28 avsett
763 261 49 27 att
834 258 148 31 tillföras
1002 259 486 38 budgetutjämningsfonden.
1512 262 114 36 Enligt

120 303 66 30 den
209 313 70 27 nya
301 304 390 39 inkomstberäkningen
713 308 10 29 i
747 308 259 36 propositionen
1030 319 42 21 nr
1094 311 61 29 321
1180 311 113 30 skulle
1313 312 88 30 dock
1424 312 86 30 även
1533 313 93 30 detta

120 355 321 37 överskottsbelopp
463 356 134 32 behöva
619 360 96 34 tagas
739 358 11 30 i
774 359 153 36 anspråk
949 359 56 31 för
1029 360 41 31 de
1093 370 69 27 nya
1184 361 352 37 försvarsutgifterna.

164 405 64 31 Vid
249 406 58 30 sitt
326 407 254 35 godkännande
600 418 42 21 av
661 409 305 36 budgetreformen
988 410 86 31 fann
1098 411 83 31 1937
1203 411 56 32 års
1280 412 140 38 riksdag
1439 413 186 38 anledning

120 455 188 32 framhålla
337 458 290 36 angelägenheten
653 469 43 21 av
723 463 50 27 att
798 461 113 29 under
936 469 230 28 gynnsamma
1195 462 159 32 finansår
1380 464 90 31 vissa
1499 465 125 31 avsätt-

119 506 124 37 ningar
267 507 129 31 skedde
422 509 80 30 med
528 510 104 30 tanke
656 509 45 37 på
727 511 212 31 kommande
964 511 326 38 lågkonjunkturår.
1339 514 52 32 Då
1414 525 48 20 nu
1487 515 39 31 så
1549 516 75 31 icke

118 557 69 29 kan
211 557 60 30 ske
295 567 101 27 synes
418 559 56 30 det
497 560 186 36 angeläget,
703 563 49 27 att
776 561 289 32 statsfinanserna
1089 563 9 30 i
1123 563 194 38 möjligaste
1341 564 81 31 mån
1447 566 44 36 på
1516 569 106 27 annat

120 607 65 31 sätt
204 608 249 37 konsolideras,
476 610 65 30 och
563 611 55 30 det
637 611 39 30 är
695 611 125 31 främst
840 612 80 31 från
940 613 115 31 denna
1074 613 270 39 utgångspunkt,
1364 626 75 21 som
1459 618 165 30 utskottet

119 661 112 28 ansett
250 659 50 36 sig
316 659 86 31 böra
439 661 108 35 pröva
565 661 246 37 lämpligheten
832 672 41 21 av
892 664 43 29 de
953 663 10 30 i
983 664 56 30 det
1059 664 156 37 följande
1235 667 218 31 avhandlade
1471 668 153 30 avskriv-

118 708 318 38 ningsåtgärderna.

163 826 64 40 1:0)
254 826 124 38 Slutlig
398 827 224 38 redovisning
641 838 42 21 av
706 829 53 30 till
780 830 181 31 allmänna
981 832 145 30 arbeten
1147 842 46 22 m.
1213 842 46 22 m.
1279 835 112 30 under
1411 835 133 32 fonden
1564 835 56 31 för

115 876 114 37 förlag
247 877 52 30 till
320 879 209 30 statsverket
547 879 167 31 anvisade
732 881 133 36 anslag.
906 882 122 36 Kungl.
1051 882 101 38 Maj:t
1170 885 66 30 har
1261 884 121 39 (punkt
1402 887 29 35 3,
1453 888 60 30 sid.
1537 889 84 29 14—

116 927 51 40 28)
195 928 177 37 föreslagit
393 929 184 38 riksdagen
597 933 57 34 att,
676 931 107 31 delvis
803 933 80 29 med
905 933 147 37 ändring
1071 943 42 21 av
1133 934 144 37 tidigare
1299 936 101 31 fattat
1420 938 120 36 beslut,
1564 940 55 29 be-

114 979 165 38 myndiga
298 979 123 37 Kungl.
442 980 101 36 Maj:t
563 984 57 33 att,
650 982 1 29 i
669 982 233 38 huvudsaklig
921 984 341 32 överensstämmelse
1283 988 79 30 med
1379 989 67 29 vad
1464 989 154 36 departe-

114 1030 238 30 mentschefen
376 1030 184 38 föreslagit,
586 1032 158 30 meddela
768 1032 225 37 erforderliga
1017 1036 259 31 bestämmelser
1299 1037 56 31 för
1374 1039 116 37 slutlig
1515 1040 103 36 regle-

114 1080 76 37 ring
211 1080 58 30 vid
291 1080 171 37 utgången
484 1090 43 21 av
551 1082 235 32 innevarande
809 1083 168 37 budgetår
999 1094 43 21 av
1064 1085 50 30 till
1139 1087 178 31 allmänna
1340 1089 140 30 arbeten
1504 1100 43 19 m.
1572 1100 44 20 m.

114 1131 110 30 under
243 1131 131 30 fonden
394 1132 54 30 för
466 1132 111 37 förlag
597 1133 50 31 till
665 1134 205 30 statsverket
886 1135 168 31 anvisade
1073 1137 129 36 anslag.

157 1181 125 31 Vidare
302 1182 65 30 har
394 1182 122 38 (punkt
535 1184 30 35 4,
585 1184 61 30 sid.
669 1183 142 41 28—46)
839 1185 180 36 framlagts
1039 1186 90 31 vissa
1150 1187 129 38 förslag
1297 1189 147 31 rörande
1464 1191 151 30 avskriv-

112 1231 82 37 ning
218 1242 42 21 av
284 1235 127 28 statens
436 1233 317 36 utlåningsfonders
777 1234 75 32 icke
876 1237 159 30 räntabla
1059 1237 141 36 kapital.

158 1332 116 30 Under
296 1333 129 30 fonden
450 1333 54 31 för
526 1334 110 38 förlag
657 1334 51 31 till
731 1336 203 31 statsverket
956 1336 181 33 anvisades
1160 1339 56 29 för
1238 1339 210 37 budgetåren
1474 1338 141 34 1933/34

112 1384 64 29 och
203 1380 142 33 1934/35
370 1384 120 37 anslag
511 1385 50 30 till
584 1385 178 31 allmänna
786 1387 140 30 arbeten
949 1397 44 20 m.
1017 1397 56 27 m.,
1100 1391 48 28 att
1170 1389 81 36 utgå
1276 1399 42 21 av
1340 1390 200 38 lånemedel,
1564 1393 51 30 till

111 1436 46 27 ett
176 1435 231 35 sammanlagt
426 1435 125 37 belopp
570 1445 44 20 av
632 1436 220 36 297,499,650
871 1438 138 29 kronor.
1051 1438 65 31 Vid
1135 1441 184 35 anslagens
1338 1442 188 31 anvisande
1546 1443 67 30 för-

111 1486 152 33 utsattes,
288 1487 50 27 att
360 1484 215 30 lånemedlen
601 1487 120 35 skulle,
746 1487 9 29 i
783 1487 65 30 den
872 1486 81 32 mån
976 1488 75 31 icke
1077 1488 57 31 vid
1157 1491 182 35 anslagens
1363 1492 252 36 disponerande

111 1534 214 36 uppkomme
352 1534 323 38 kapitaltillgångar,
703 1545 74 21 som
804 1538 10 29 i
842 1538 220 31 statsverkets
1088 1539 94 31 hand
1208 1550 80 21 vore
1313 1542 168 36 räntabla,
1508 1544 9 29 i
1545 1545 68 28 sär-

112 1584 89 31 skild
224 1584 148 38 ordning
392 1586 177 31 avskrivas
591 1586 43 36 på
656 1586 78 32 kort
757 1588 60 29 tid.
861 1587 67 31 För
950 1588 113 31 denna
1087 1590 223 38 avskrivning
1331 1592 89 30 hava
1445 1593 170 30 särskilda

111 1635 348 37 amorteringsanslag
480 1636 111 30 under
613 1638 221 37 avbetalning
857 1638 19 30 å
899 1639 232 31 statsskulden
1154 1640 151 33 anvisats
1328 1642 53 30 för
1404 1643 209 36 budgetåren

112 1681 344 35 1933/34—1936/37.
502 1686 50 31 De
575 1697 41 20 av
638 1687 185 37 riksdagen
846 1688 146 31 sålunda
1015 1689 50 30 till
1087 1690 206 37 förfogande
1316 1693 122 31 ställda
1462 1694 151 29 avskriv-

110 1736 238 36 ningsmedlen
369 1736 115 37 uppgå
508 1739 229 35 sammanlagt
758 1738 51 31 till
831 1740 10 29 i
862 1744 80 26 runt
965 1740 47 29 tal
1035 1741 61 29 232
1119 1740 161 37 miljoner
1301 1743 138 31 kronor.

154 1785 47 31 På
228 1787 122 29 därom
377 1786 97 37 gjord
500 1787 255 38 framställning
779 1789 109 31 beslöt
918 1790 82 30 1936
1026 1789 38 30 år
1089 1791 140 37 riksdag
1255 1793 208 38 bemyndiga
1489 1794 122 37 Kungl.

110 1836 100 37 Maj:t
231 1839 49 28 att
302 1838 157 30 meddela
479 1837 214 32 föreskrifter
714 1838 178 37 angående
911 1840 223 38 avskrivning
1153 1852 45 20 m.
1221 1853 44 19 m.
1286 1853 43 20 av
1349 1843 263 37 ifrågavarande

109 1887 49 29 till
179 1887 179 30 allmänna
379 1888 138 30 arbeten
538 1899 43 19 m.
602 1899 43 19 m.
669 1889 164 30 anvisade
855 1889 221 37 lånekapital.
1120 1892 209 36 Härigenom
1352 1895 76 29 blev
1448 1895 10 29 i
1478 1896 132 29 huvud-

109 1938 60 28 sak
194 1937 187 36 fastslaget,
406 1938 10 29 i
440 1937 114 31 vilken
577 1938 239 38 utsträckning
840 1939 63 31 här
926 1940 151 32 avsedda
1099 1941 182 37 tillgångar
1304 1944 110 30 skulle
1436 1945 175 30 överföras

108 1988 49 28 till
180 1987 209 36 produktiva
410 1988 123 30 fonder
552 1990 63 29 och
637 1989 9 30 i
668 1989 116 30 vilken
803 1990 241 36 utsträckning
1064 1991 225 38 avskrivning
1311 1994 110 30 skulle
1440 1996 63 34 äga
1522 2005 88 20 rum.

152 2037 64 30 Det
235 2047 49 20 nu
302 2037 194 37 framlagda
514 2039 162 36 förslaget
694 2040 50 30 till
763 2040 114 36 slutlig
894 2040 168 38 reglering
1081 2041 57 31 vid
1155 2041 172 38 utgången
1346 2053 41 21 av
1406 2044 204 31 innevaran-

109 2088 40 30 de
169 2087 167 37 budgetår
354 2098 43 20 av
415 2089 41 30 de
476 2089 110 30 under
607 2089 261 36 förlagsfonden
887 2090 50 30 till
959 2092 178 30 allmänna
1155 2093 140 30 arbeten
1314 2104 45 20 m.
1381 2104 43 20 m.
1447 2096 165 30 anvisade

108 2139 163 35 anslagen
293 2138 188 32 innefattar
501 2139 120 30 endast
640 2139 107 37 några
770 2141 130 30 smärre
919 2140 223 38 jämkningar
1163 2143 9 29 i
1197 2144 82 29 1936
1300 2143 56 32 års
1375 2145 157 36 riksdags
1555 2147 55 29 be-

108 2189 66 29 slut
201 2188 10 29 i
243 2189 126 29 ämnet.
421 2188 49 31 De
499 2188 194 38 föreslagna
721 2188 272 37 jämkningarna
1023 2192 60 30 äro
1114 2193 211 36 väsentligen
1353 2195 184 36 betingade
1568 2205 42 20 av

108 2238 122 36 Kungl.
252 2237 118 37 Maj:ts
392 2248 43 27 av
455 2239 203 37 riksdagens
677 2249 144 21 numera
842 2240 184 35 godkända
1048 2242 129 37 förslag
1197 2252 56 21 om
1274 2244 202 37 utvidgning
1498 2254 41 21 av
1560 2255 48 20 re-

108 2288 225 36 dovisningen
353 2288 20 30 å
395 2291 126 28 statens
542 2290 176 29 allmänna
741 2290 268 36 fastighetsfond
1031 2291 50 30 till
1102 2294 47 28 att
1172 2302 79 21 avse
1272 2293 89 31 vissa
1380 2304 43 20 av
1445 2295 164 31 universi-

106 2341 89 26 teten
220 2338 228 36 disponerade
470 2339 198 35 fastigheter
692 2343 89 26 samt
801 2349 44 20 av
867 2341 55 29 det
944 2349 42 21 av
1009 2340 378 36 departementschefen
1410 2344 56 30 vid
1491 2346 117 29 anmä-

106 2389 57 30 lan
182 2398 42 21 av
240 2388 228 30 förevarande
487 2389 212 36 proposition
717 2389 195 37 framlagda
930 2391 162 35 förslaget
1112 2401 56 20 om
1186 2395 48 27 att
1254 2391 112 37 någon
1387 2394 222 37 avskrivning

105 2438 31 36 ej
157 2439 85 30 skall
265 2439 59 30 ske
342 2438 220 31 beträffande
582 2439 191 36 tillgångar,
793 2450 74 20 som
886 2440 166 31 bokföras
1071 2440 19 31 å
1109 2442 127 31 fonden
1257 2443 54 30 för
1331 2442 275 33 låneunderstöd.
