1912 2830
516 155 276 32 Statsutskottets
817 154 174 32 utlåtande
1016 154 50 31 Nr
1089 155 71 30 209.
1568 149 36 30 11

96 240 122 31 därför
241 240 145 37 tidigare
411 240 57 30 vid
492 240 201 37 upprepade
718 239 159 31 tillfällen
902 239 68 30 fäst
996 239 123 36 Kungl.
1147 237 118 37 Maj:ts
1292 236 312 38 uppmärksamhet

99 291 45 37 på
164 292 292 36 angelägenheten
477 301 42 21 av
538 300 43 21 en
600 300 96 21 mera
717 290 318 31 tillfredsställande
1054 289 211 36 amortering
1286 298 42 20 av
1351 288 93 30 detta
1463 287 142 36 kapital.

100 342 73 31 Vad
196 342 139 31 särskilt
356 341 109 37 angår
486 345 128 27 statens
636 341 188 37 järnvägar
843 341 65 30 har
928 339 106 32 också
1055 340 105 36 enligt
1181 339 146 36 tidigare
1347 339 113 30 beslut
1480 340 126 28 avsetts

99 396 50 28 att
168 393 10 30 i
198 396 80 27 runt
299 393 48 30 tal
371 392 216 37 170,000,000
608 393 131 29 kronor
759 401 42 21 av
821 392 56 30 det
896 391 11 30 i
930 390 245 31 statsbanorna
1196 389 214 31 investerade
1430 388 176 37 lånekapi-

100 444 82 30 talet
205 444 184 30 efterhand
411 443 112 31 skulle
545 443 140 36 utbytas
711 445 73 27 mot
805 441 234 31 skattemedel.

144 494 116 30 Under
286 493 139 31 erinran
453 494 122 29 härom
603 492 54 31 får
685 493 164 30 utskottet
876 492 172 36 tillstyrka
1076 491 124 37 Kungl.
1230 489 118 38 Maj:ts
1376 489 229 31 förevarande

99 544 139 37 förslag,
253 544 106 31 vilket
374 553 98 21 avser
488 546 127 28 statens
631 543 197 37 järnvägar.
867 542 166 31 Förutom
1049 551 43 21 en
1109 541 224 37 avskrivning
1349 540 20 31 å
1390 540 215 36 122,200,000

100 595 138 36 kronor,
261 604 76 21 som
358 594 45 38 på
425 595 111 37 grund
557 603 42 21 av
623 594 171 30 särskilda
815 592 244 31 förhållanden
1081 593 111 30 skulle
1214 592 120 30 kunna
1357 592 59 30 ske
1438 594 85 27 utan
1541 591 64 30 till-

98 646 148 30 förande
268 655 43 20 av
334 648 75 34 nytt
433 645 255 36 skattekapital,
714 644 144 30 innebär
883 643 163 37 förslaget
1070 652 42 21 en
1137 642 196 38 ytterligare
1358 641 247 36 nedskrivning

99 697 79 30 med
205 697 196 34 48,000,000
428 696 130 30 kronor
584 702 125 30 genom
734 694 190 30 anvisande
950 703 42 21 av
1018 694 121 36 anslag
1166 693 79 30 med
1271 701 134 22 samma
1432 692 126 37 belopp
1585 690 21 32 å

98 747 296 36 skattebudgeten.

146 797 121 32 Såsom
288 798 117 30 helhet
426 797 174 30 betraktat
621 796 139 31 medför
781 796 92 30 detta
893 795 112 30 beslut
1028 794 102 31 alltså
1152 804 43 21 en
1216 794 136 30 mindre
1372 793 161 31 kännbar
1552 793 56 31 be-

101 848 150 37 lastning
272 848 46 36 på
339 849 215 30 statskassan
577 848 44 29 än
644 847 66 30 vad
731 856 77 21 som
828 846 144 36 tidigare
994 848 136 28 avsetts.

145 899 170 30 Utskottet
334 898 208 35 hemställer,

455 976 49 28 att
519 973 185 37 riksdagen
722 971 57 32 må

455 1023 31 40 a)
518 1024 185 36 godkänna
733 1032 43 21 av
805 1021 381 38 departementschefen
1217 1021 186 30 förordade
1433 1020 173 37 principer

411 1075 55 30 för
482 1074 212 37 regleringen
711 1083 43 20 av
771 1072 20 31 å
807 1075 128 28 statens
952 1072 203 37 järnvägars
1174 1072 87 30 fond
1277 1071 141 31 bokfört
1436 1071 75 30 icke
1529 1072 77 29 rän-

410 1125 106 31 tabelt
537 1124 355 36 lånemedelskapital;

455 1174 33 40 b)
518 1175 51 30 till
604 1175 255 36 Nedskrivning
894 1183 41 21 av
971 1176 128 27 statens
1123 1174 204 36 järnvägars
1351 1172 212 37 lånekapital
1587 1170 20 32 å

411 1225 258 38 övergångsstat
703 1225 55 30 för
792 1223 200 38 budgetåret
1030 1218 139 42 1937/38
1204 1223 120 30 anvisa
1358 1225 46 28 ett
1423 1223 119 37 anslag
1565 1231 43 21 av

411 1277 197 35 48,000,000
630 1276 139 30 kronor.

144 1395 69 40 9:0)
244 1395 261 37 Nedskrivning
537 1404 43 21 av
615 1393 217 37 lånekapital
869 1394 11 30 i
915 1392 306 31 luftfartsfonden.
1270 1392 123 36 Kungl.
1419 1391 101 37 Maj:t
1544 1392 64 29 har

107 1446 123 38 (punkt
253 1447 48 34 12,
321 1446 62 30 sid.
403 1447 41 29 82
463 1446 66 30 och
546 1445 54 39 83)
625 1445 177 36 föreslagit
820 1445 185 36 riksdagen
1023 1444 72 30 dels
1115 1446 49 27 att
1183 1443 134 30 besluta
1336 1452 57 21 om
1413 1442 195 30 inrättande

102 1496 78 31 från
200 1497 66 29 och
282 1497 79 29 med
380 1496 67 30 den
466 1496 42 30 30
527 1495 76 38 juni
626 1496 83 30 1938
730 1504 42 21 av
792 1504 42 21 en
854 1494 147 31 särskild
1022 1494 96 35 fond,
1139 1493 176 31 benämnd
1339 1492 268 30 »>»Luftfartsfon-

101 1548 99 34 den»,
224 1547 55 30 för
300 1546 221 37 redovisning
543 1555 43 21 av
608 1548 129 28 statens
759 1545 80 30 med
861 1545 67 30 den
950 1544 101 30 civila
1073 1544 236 37 regelbundna
1333 1543 182 30 luftfarten
1539 1542 68 30 för-

100 1598 110 30 enade
226 1596 192 38 tillgångar,
435 1597 191 30 inkomster
642 1596 65 30 och
725 1595 150 37 utgifter,
902 1595 2 30 i
921 1594 232 37 huvudsaklig
1170 1593 342 31 överensstämmelse
1530 1592 78 30 med

102 1649 41 30 de
164 1658 43 20 av
227 1647 381 37 departementschefen
629 1647 11 29 i
661 1645 449 37 statsverkspropositionen
1132 1644 150 37 angivna
1304 1644 209 37 grunderna;
1537 1643 71 30 dels

102 1699 64 30 ock
186 1701 59 33 att,
265 1698 10 30 i
295 1698 152 30 avbidan
466 1697 45 38 på
530 1697 149 31 särskild
699 1696 214 37 proposition
934 1696 9 29 i
960 1697 125 34 ämnet,
1106 1695 52 30 till
1180 1694 254 37 Nedskrivning
1454 1703 42 21 av
1517 1693 91 31 låne-

103 1749 130 36 kapital
256 1749 10 29 i
287 1748 289 31 luftfartsfonden
597 1747 21 31 å
640 1746 258 38 övergångsstat
921 1747 54 29 för
997 1745 202 37 budgetåret
1225 1740 138 42 1937/38
1386 1745 154 30 beräkna
1563 1746 46 28 ett

102 1800 120 36 anslag
242 1809 42 20 av
308 1799 172 36 1,300,000
502 1799 138 29 kronor.

148 1850 200 30 Sedermera
367 1850 65 29 har
451 1849 122 36 Kungl.
593 1847 102 38 Maj:t
714 1848 9 30 i
743 1857 42 21 en
804 1848 66 30 den
890 1848 40 29 20
950 1846 70 37 maj
1045 1847 82 30 1938
1148 1846 216 36 dagtecknad
1384 1845 224 37 proposition,

103 1910 40 20 nr
162 1901 74 34 320,
256 1900 176 36 föreslagit
451 1900 194 35 riksdagen,
664 1898 107 30 bland
790 1900 116 33 annat,
926 1900 48 27 att
992 1897 50 29 till
1063 1896 255 36 Nedskrivning
1338 1905 41 20 av
1400 1895 210 36 lånekapital

104 1951 8 29 i
137 1950 288 30 luftfartsfonden
449 1949 20 30 å
493 1948 258 37 övergångsstat
775 1948 54 30 för
853 1946 201 37 budgetåret
1081 1941 139 42 1937/38
1245 1946 120 29 anvisa
1389 1948 46 28 ett
1460 1954 149 21 reserva-

102 2000 213 37 tionsanslag
337 2009 42 21 av
400 2000 172 35 1,300,000
595 2000 139 29 kronor.

149 2101 123 36 Kungl.
299 2099 118 37 Maj:ts
443 2099 256 37 framställning
725 2108 58 20 om
807 2098 196 30 inrättande
1028 2106 43 21 av
1096 2106 42 21 en
1164 2097 148 30 särskild
1339 2096 85 30 fond
1451 2096 54 29 för
1532 2095 78 30 luft-

105 2151 114 31 farten
242 2152 65 29 har
329 2151 108 30 redan
459 2150 144 30 bifallits
628 2159 42 21 av
692 2150 194 35 riksdagen.
931 2148 115 36 Enligt
1071 2148 123 36 Kungl.
1221 2147 118 36 Maj:ts
1362 2156 42 21 av
1429 2147 184 36 riksdagen

104 2201 147 31 sålunda
273 2201 185 36 godkända
481 2200 129 37 förslag
631 2200 98 29 skola
752 2199 90 30 vissa
864 2208 42 20 av
928 2197 404 37 kapitalökningsanslag
1356 2206 42 20 av
1421 2196 190 30 lånemedel

105 2252 109 29 under
236 2251 196 37 postverket
453 2251 204 36 uppkomna
679 2248 191 38 tillgångar,
895 2248 172 36 nämligen
1090 2248 100 29 mark
1212 2247 50 30 till
1285 2246 249 36 landningsfält
1557 2246 55 30 för

105 2302 156 36 flygplan
285 2301 66 30 och
375 2301 55 29 för
454 2300 295 30 luftfartslederna
775 2298 150 30 avsedda
949 2297 212 37 belysnings-
1187 2298 65 29 och
1278 2296 332 37 flygfyranläggnin-

105 2360 70 29 gar,
193 2351 177 30 överföras
391 2350 51 30 till
463 2350 66 30 den
551 2359 68 27 nya
641 2349 130 30 fonden
794 2351 98 32 samt,
914 2348 10 29 i
947 2348 65 29 den
1035 2346 81 31 mån
1138 2346 98 37 fråga
1260 2347 37 29 är
1320 2356 57 20 om
1400 2346 210 36 belysnings-

105 2401 249 37 anläggningar
378 2401 65 29 och
468 2400 180 36 flygfyrar,
673 2402 171 33 upptagas
868 2397 20 31 å
913 2398 129 29 fonden
1067 2396 115 31 såsom
1208 2397 68 29 helt
1301 2396 196 30 avskrivna.
1547 2396 65 29 Till

106 2450 449 39 belysningsanläggningar
582 2450 65 29 och
675 2449 170 36 flygfyrar
873 2449 62 29 har
963 2447 108 30 under
1099 2447 141 36 utgifter
1268 2447 53 29 för
1349 2446 263 36 kapitalökning
