1912 2832
512 163 276 32 Statsutskottets
814 160 176 32 utlåtande
1015 159 49 31 Nr
1092 159 69 29 209.
1563 148 37 31 13

94 252 156 35 lingarna
270 251 9 30 i
299 249 140 32 ärendet
460 248 180 35 befintliga
657 245 104 32 tablå.
806 245 78 30 Med
904 245 76 29 stöd
1000 244 108 29 härav
1130 242 95 30 torde
1244 250 46 20 nu
1311 240 66 30 den
1395 237 203 37 ifrågasatta

92 293 209 31 retroaktiva
323 290 267 35 avskrivningen
614 288 85 30 böra
720 286 172 30 beräknas
915 285 109 30 kräva
1046 287 47 27 ett
1114 283 119 34 anslag
1255 281 19 31 å
1297 280 301 36 övergångsstaten

94 335 43 36 på
155 336 10 29 i
184 338 80 27 runt
282 334 48 30 tal
351 334 39 29 21
411 331 162 36 miljoner
594 331 138 29 kronor.
776 327 53 31 Då
849 328 153 34 anslaget
1024 326 189 35 inrymmer
1233 322 221 35 avskrivning
1476 330 43 21 av
1539 330 58 21 an-

93 376 202 36 slagsmedel
324 373 221 32 beträffande
571 370 332 37 byggnadsarbeten,
931 368 94 30 vilka
1050 365 98 31 blivit
1173 363 217 38 uppskjutna
1416 363 81 29 eller
1525 362 75 30 icke

94 419 78 30 med
190 417 160 32 säkerhet
366 415 92 31 bliva
475 413 240 36 färdigställda
733 411 51 31 till
801 409 171 37 utgången
991 419 42 21 av
1051 406 235 32 innevarande
1302 403 176 37 budgetår,
1499 412 100 27 synes

93 458 397 36 avskrivningsanslaget
507 454 186 36 lämpligen
711 454 86 30 böra
814 452 20 31 å
853 450 303 37 övergångsstaten
1176 450 168 34 upptagas
1362 446 115 32 såsom
1495 454 104 22 reser-

95 501 266 35 vationsanslag.

138 584 239 32 Kostnaderna
397 583 55 30 för
474 584 130 29 statens
623 577 199 39 byggnader
840 594 45 4 —
904 576 79 31 med
1004 575 179 36 undantag
1203 574 54 30 för
1277 573 41 30 de
1338 572 58 30 vid
1415 570 186 31 affärsver-

96 638 65 29 ken
178 654 43 3 —
238 635 176 31 bestredos
432 633 146 35 tidigare
595 631 11 30 i
624 629 191 31 allmänhet
833 629 71 29 helt
922 627 21 30 å
960 625 294 36 skattebudgeten.
1295 623 77 30 Med
1390 624 117 33 avsteg
1523 621 78 29 här-

95 687 90 31 ifrån
207 686 90 30 hava
316 683 358 40 byggnadsföretagen
696 680 195 30 sedermera
911 675 154 33 alltifrån
1091 676 83 30 1933
1194 674 55 31 års
1270 673 139 36 riksdag
1430 672 71 29 helt
1523 670 82 30 eller

97 737 106 31 delvis
222 735 151 31 bestritts
393 743 42 21 av
454 732 202 32 lånemedel.
693 730 114 36 Enligt
826 738 43 21 en
888 737 42 21 av
950 726 235 31 innevarande
1205 724 55 31 års
1280 723 140 36 riksdag
1441 719 164 40 godkänd

98 797 99 21 norm
224 786 89 31 skall
339 784 207 31 hädanefter
572 782 58 30 vid
656 779 257 39 nyinvestering
940 778 10 30 i
978 779 129 29 statens
1130 776 177 30 allmänna
1335 770 269 39 fastighetsfond

99 836 336 40 grundavskrivning
452 835 60 30 ske
530 833 80 30 med
626 833 41 29 25
686 833 143 36 procent
846 830 66 30 och
929 829 58 30 vid
1004 828 113 30 behov
1135 835 42 21 av
1195 823 239 33 extraordinär
1451 821 153 31 avskriv-

98 890 81 35 ning
197 888 79 30 med
294 888 40 29 50
352 888 152 36 procent.
538 884 57 30 Ett
611 882 123 31 sådant
752 879 254 33 extraordinärt
1024 875 354 37 avskrivningsbehov
1397 873 88 31 skall
1504 880 100 22 anses

99 939 165 37 föreligga
284 936 222 32 beträffande
528 934 180 36 fängelser,
732 931 148 37 sjukhus
902 930 66 30 och
986 925 443 38 forskningsinstitutioner.
1453 923 80 31 Med
1555 925 50 27 ut-

100 990 219 38 gångspunkt
340 988 78 31 från
439 987 115 30 denna
574 993 100 21 norm
695 978 110 36 skulle
824 982 54 30 för
898 980 90 31 vissa
1007 978 332 37 byggnadsarbeten,
1359 976 51 29 till
1432 974 93 30 vilka
1544 982 62 21 un-

100 1043 60 29 der
177 1038 213 39 budgetåren
410 1032 335 36 1933/34—1937/38
765 1032 120 37 anslag
902 1031 152 31 anvisats
1073 1032 49 28 att
1138 1027 82 38 utgå
1237 1037 42 21 av
1297 1025 202 35 lånemedel,
1520 1023 86 31 åter-

103 1091 53 32 stå
183 1094 49 28 att
258 1089 161 32 avskriva
445 1088 10 30 i
481 1090 82 28 runt
589 1086 49 31 tal
663 1083 198 37 21,000,000
887 1083 141 34 kronor,
1056 1080 106 30 vilket
1186 1078 126 36 belopp
1340 1086 48 21 nu
1415 1085 41 21 av
1485 1070 123 45 Kungl.

101 1142 100 37 Maj:t
224 1142 127 30 äskats.

146 1192 64 30 Det
233 1191 118 36 övriga
376 1190 9 30 i
411 1189 99 30 dessa
534 1186 198 38 byggnader
757 1183 215 31 investerade
996 1180 176 37 kapitalet,
1200 1179 8 30 i
1233 1180 80 28 runt
1338 1177 48 30 tal
1411 1174 197 37 27,000,000

102 1244 138 34 kronor,
270 1242 137 36 utgöres
437 1248 43 21 av
511 1237 200 34 lånemedel,
743 1235 94 30 vilka
867 1235 60 29 äro
959 1231 152 32 avsedda
1141 1232 49 28 att
1220 1229 86 30 först
1336 1226 184 32 efterhand
1550 1235 57 20 av-

104 1296 189 29 amorteras
313 1299 123 29 genom
457 1289 109 36 årliga
581 1287 135 31 mindre
736 1284 275 36 avskrivningar.

148 1344 73 30 Den
246 1342 196 36 föreslagna
466 1336 422 40 engångsavskrivningen
912 1334 80 30 med
1016 1331 196 37 21,000,000
1239 1331 128 29 kronor
1392 1328 98 30 torde
1515 1328 94 29 över-

103 1396 211 30 ensstämma
332 1392 79 31 med
428 1391 112 30 sunda
557 1386 304 39 budgetprinciper
878 1385 66 30 och
962 1383 203 36 riksdagens
1184 1381 144 36 tidigare
1346 1378 159 31 hävdade
1524 1385 86 28 upp-

106 1445 159 36 fattning.

151 1496 172 31 Utskottet
343 1492 201 32 hemställer
564 1488 110 36 alltså,
695 1488 80 30 med
796 1485 234 37 avstyrkande
1050 1493 43 21 av
1112 1482 187 35 motionen,

459 1578 49 27 att
525 1574 195 34 riksdagen,
741 1571 78 30 med
836 1569 99 31 bifall
954 1568 50 31 till
1025 1567 123 35 Kungl.
1167 1564 118 37 Maj:ts
1303 1564 128 35 förslag
1449 1563 65 29 och
1533 1561 79 30 med

416 1625 118 36 avslag
557 1622 21 32 å
601 1622 176 30 motionen
802 1620 44 30 II:
862 1620 74 34 237,
968 1619 4 29 i
996 1618 64 29 här
1084 1615 198 32 behandlad
1307 1614 64 35 del,
1397 1612 57 31 må
1478 1611 21 31 å
1518 1613 94 28 över-

417 1675 175 37 gångsstat
627 1673 54 30 för
714 1669 202 38 budgetåret
942 1663 139 42 1937/38
1106 1667 49 30 till
1179 1665 254 35 Nedskrivning
1456 1672 41 21 av
1522 1662 91 30 låne-

416 1725 133 38 kapital
572 1725 10 29 i
605 1726 127 28 statens
756 1722 178 30 allmänna
958 1716 268 41 fastighetsfond
1250 1715 119 31 anvisa
1393 1716 47 28 ett
1463 1721 150 22 reserva-

418 1775 213 36 tionsanslag
649 1773 20 31 å
689 1772 196 36 21,000,000
906 1771 139 28 kronor.

155 1896 86 39 11:0)
276 1892 261 36 Nedskrivning
563 1901 42 20 av
632 1888 217 36 lånekapital
877 1887 10 29 i
914 1886 134 30 fonden
1076 1885 56 29 för
1157 1885 132 28 statens
1317 1881 123 30 aktier.
1490 1880 123 35 Kungl.

110 1947 99 37 Maj:t
231 1948 65 28 har
323 1945 123 36 (punkt
473 1943 49 35 14,
549 1942 60 30 sid.
636 1941 40 29 85
701 1940 66 29 och
791 1938 53 38 86)
874 1936 175 35 föreslagit
1074 1935 184 34 riksdagen
1280 1935 58 33 att,
1363 1933 9 28 i
1397 1931 151 29 avbidan
1572 1928 44 37 på

111 1997 147 33 särskild
274 1995 214 38 proposition
508 1994 9 29 i
535 1994 124 33 ämnet,
677 1990 50 30 till
746 1987 253 36 Nedskrivning
1016 1995 42 21 av
1075 1983 210 36 lånekapital
1303 1984 9 28 i
1331 1982 129 30 fonden
1478 1981 53 29 för
1549 1983 66 27 sta-

110 2053 73 26 tens
219 2047 110 30 aktier
364 2045 20 31 å
421 2042 257 38 övergångsslat
714 2041 54 29 för
791 2037 201 37 budgetåret
1018 2032 142 33 1937/38
1183 2033 153 30 beräkna
1359 2035 46 27 ett
1429 2031 119 35 anslag
1575 2038 42 20 av

111 2099 172 36 5,000,000
309 2098 138 29 kronor.

156 2150 200 29 Sedermera
378 2147 64 28 har
465 2144 124 36 Kungl.
613 2141 101 36 Maj:t
738 2142 9 29 i
773 2139 65 31 den
864 2138 143 36 tidigare
1033 2135 146 32 berörda
1205 2132 257 38 propositionen
1488 2140 40 20 nr
1554 2129 63 31 320

113 2199 174 35 föreslagit
308 2196 183 36 riksdagen
514 2197 50 28 att
585 2194 49 29 till
658 2190 254 36 Nedskrivning
934 2197 42 21 av
997 2185 209 36 lånekapital
1230 2185 8 29 i
1262 2184 127 29 fonden
1415 2182 53 29 för
1490 2183 128 28 statens

112 2250 110 30 aktier
238 2248 20 31 å
277 2246 257 37 övergångsstat
554 2245 53 29 för
626 2241 200 36 budgetåret
848 2234 142 35 1937/38
1009 2236 119 31 anvisa
1148 2238 45 28 ctt
1211 2231 347 35 reservationsanslag
1576 2239 42 21 av

114 2300 172 36 5,000,000
307 2299 138 28 kronor.

161 2392 12 29 I
190 2391 78 29 herr
285 2387 161 31 Lundells
463 2386 94 29 förut
572 2382 233 32 omförmälda
822 2380 131 30 motion
971 2379 61 29 har
1050 2375 201 34 hemställts,
1270 2376 48 27 att
1334 2372 183 35 riksdagen
1536 2369 83 31 måt-

115 2446 30 27 te
174 2442 125 30 beakta
326 2438 90 30 vissa
442 2435 203 35 erinringar,
674 2442 75 20 som
777 2433 7 29 i
815 2430 174 30 motionen
1019 2426 201 30 framställts
1252 2427 69 27 mot
1350 2423 122 34 Kungl.
1502 2419 117 37 Maj:ts

118 2490 224 32 förevarande
365 2488 138 34 förslag.

1651 571 129 26 Utskottet.
