1868 2798
437 186 124 40 Tredje
581 186 246 40 lagutskottets
846 185 180 30 utlåtande
1044 195 43 20 nr
1104 186 21 29 2
1141 185 40 30 år
1200 186 84 29 1959
1597 186 19 29 5

807 270 39 30 14
873 270 28 36 8.

152 333 15 29 I
185 331 340 31 överenskommelse
544 340 57 20 om
621 330 179 30 anlitande
820 339 42 21 av
881 328 312 36 kontrollslakteri,
1215 337 74 21 som
1310 328 11 29 i
1342 327 171 31 samband
1533 326 80 31 med

108 374 101 40 fråga
230 383 57 21 om
310 374 186 29 införande
519 383 42 20 av
584 372 251 39 slakteritvång
857 371 129 31 träffas
1009 371 129 30 mellan
1161 370 171 30 kommun
1355 369 66 30 och
1445 368 169 31 kontroll-

109 417 154 34 slakteri,
283 417 88 30 skall
391 416 143 39 angivas
552 415 89 30 efter
659 415 93 29 vilka
771 414 153 40 grunder
942 414 188 39 djurägare
1149 412 65 30 har
1232 414 51 28 att
1301 411 102 41 gälda
1422 411 79 31 med
1522 410 91 31 slak-

109 462 58 28 ten
187 459 66 31 och
274 458 324 39 köttbesiktningen
620 456 165 31 förenade
807 456 202 30 kostnader.

812 540 38 30 15
878 540 27 37 8.

153 594 66 29 Om
223 582 24 54 i
280 593 90 39 följd
397 602 41 20 av
463 591 269 40 slakteritvångs
758 590 186 30 införande
969 589 160 40 byggnad
1156 589 82 29 eller
1264 597 117 21 annan
1407 586 205 39 inrättning,

108 638 63 29 där
186 637 80 30 med
280 635 232 39 vederbörligt
529 634 256 40 godkännande
802 633 275 30 slakterirörelse
1094 631 168 34 bedrives,
1280 630 30 40 ej
1330 630 119 39 längre
1466 629 71 30 kan
1554 637 60 22 an-

108 680 133 29 vändas
264 678 55 30 för
341 680 112 28 avsett
476 677 174 34 ändamål,
674 677 38 29 är
734 677 127 38 ägaren
884 674 196 39 berättigad
1103 675 51 28 att
1176 682 42 21 av
1241 672 217 30 kommunen
1481 670 132 31 erhålla

109 720 194 39 ersättning
325 720 55 29 för
403 719 66 30 den
491 716 322 40 värdeminskning,
837 725 74 22 som
936 715 212 39 fastigheten
1170 715 83 29 eller
1274 713 239 39 inrättningen
1538 712 76 30 där-

110 764 138 39 igenom
266 762 184 40 undergår.

588 886 413 31 Ansvarsbestämmelser
1024 894 43 20 m.
1090 894 44 20 m.

813 970 39 30 16
879 969 28 37 8.

153 1027 186 38 Företager
359 1025 114 39 någon
494 1024 92 30 slakt
604 1023 83 30 eller
705 1022 156 39 vidtager
881 1020 115 39 någon
1016 1019 101 39 eljest
1137 1017 123 41 åtgärd
1279 1018 11 29 i
1311 1016 86 31 strid
1417 1015 80 31 med
1517 1014 66 31 vad
1602 1014 11 29 i

110 1069 18 29 3
156 1069 27 36 8,
209 1069 19 30 5
256 1068 27 37 8,
312 1067 38 30 10
378 1067 15 37 8
423 1068 13 29 1
464 1067 84 29 eller
573 1066 19 30 3
617 1074 105 20 mom.
748 1064 83 30 eller
859 1064 38 29 12
926 1063 15 36 $
970 1061 221 30 föreskrivits
1217 1069 58 20 om
1300 1056 314 40 köttbesiktnings-

109 1111 115 39 tvång,
246 1109 251 38 slakteritvång
516 1108 84 30 eller
619 1106 174 34 nödslakt,
815 1104 145 32 straffes
979 1103 80 30 med
1079 1102 196 40 dagsböter.

153 1154 67 29 Till
244 1161 136 22 samma
403 1150 107 32 straff
531 1150 120 30 dömes
674 1149 67 29 den
764 1157 75 21 som
860 1147 118 39 bryter
1001 1148 73 27 mot
1096 1145 66 29 vad
1184 1145 11 28 i
1218 1143 19 30 9
1262 1143 15 37 8
1301 1143 20 30 4
1343 1151 105 21 mom.
1473 1141 140 38 stadgas

109 1197 84 30 eller
213 1196 96 29 inom
331 1195 90 29 riket
442 1192 223 41 uppsåtligen
687 1191 82 30 eller
791 1200 42 20 av
853 1188 224 31 oaktsamhet
1098 1187 157 38 vidtager
1276 1186 10 28 i
1308 1185 18 30 3
1351 1184 15 37 $
1390 1184 112 29 första
1525 1185 89 37 styc-

109 1240 59 29 ket
190 1238 148 39 angiven
360 1236 123 40 åtgärd
505 1235 79 30 med
606 1234 76 30 kött
704 1233 83 30 eller
809 1240 119 22 annan
950 1239 93 25 vara,
1068 1238 74 22 som
1166 1227 184 40 stämplats
1373 1226 83 30 eller
1478 1224 135 31 märkts

109 1282 11 29 i
142 1281 87 30 strid
250 1280 79 30 med
351 1278 208 40 stadgandet
580 1277 11 29 i
611 1276 19 30 9
654 1276 15 37 $
692 1275 19 30 4
732 1284 105 21 mom.

815 1359 37 29 17
881 1357 28 37 8.
1600 1384 9 2 .

154 1417 71 28 Har
246 1415 113 38 någon
380 1413 136 30 förövat
537 1410 157 40 gärning,
716 1418 74 21 som
809 1409 11 29 i
842 1409 39 29 16
904 1408 15 36 $
941 1408 38 29 är
998 1405 123 39 belagd
1141 1404 80 30 med
1242 1402 114 34 straff,
1377 1402 100 35 skall,
1498 1401 63 30 där
1580 1400 30 38 ej

111 1458 174 31 särskilda
314 1455 246 31 förhållanden
589 1455 108 28 annat
725 1450 193 34 föranleda,
948 1449 77 30 kött
1053 1448 82 30 eller
1165 1455 118 22 annan
1311 1453 93 25 vara,
1435 1452 75 21 som
1540 1443 74 38 gär-

110 1501 129 38 ningen
256 1507 108 25 avser,
381 1498 109 38 jämte
507 1495 191 38 emballage
715 1493 174 30 förklaras
907 1485 198 49 förverkad.

810 1577 39 29 18
877 1576 28 36 $.

155 1632 200 33 Förverkad
373 1631 170 40 egendom
561 1629 89 31 skall
668 1630 73 28 mot
759 1626 112 40 skälig
888 1624 181 40 betalning
1086 1622 167 40 försäljas
1271 1621 52 31 till
1341 1618 273 33 människoföda

110 1678 93 33 eller,
223 1686 56 20 om
298 1675 44 40 på
362 1674 113 40 grund
495 1683 42 20 av
555 1671 310 30 bestämmelserna
884 1669 12 29 i
916 1668 115 29 denna
1050 1668 55 36 lag
1125 1666 83 29 eller
1228 1673 41 21 av
1288 1672 118 21 annan
1426 1661 189 38 anledning

112 1720 110 29 sådan
245 1716 211 40 försäljning
478 1715 30 40 ej
534 1715 71 29 kan
628 1714 72 33 ske,
721 1713 52 30 till
796 1712 82 30 föda
901 1710 35 30 åt
958 1710 83 39 djur
1063 1709 82 29 eller
1166 1707 53 30 till
1241 1705 158 31 tekniskt
1419 1704 92 30 bruk
1533 1703 82 30 eller

110 1762 65 30 ock
195 1760 274 39 oskadliggöras.

155 1804 71 29 Har
252 1803 117 38 beslag
395 1802 89 38 lagts
510 1799 45 40 på
581 1797 179 40 egendom,
787 1805 74 21 som
887 1796 72 28 kan
987 1795 145 37 antagas
1157 1791 93 30 bliva
1276 1788 187 32 förverkad
1491 1787 65 30 och
1582 1786 30 39 ej

111 1846 89 29 skall
223 1844 273 38 oskadliggöras,
518 1841 65 30 och
606 1842 37 28 är
664 1840 66 29 den
752 1836 241 31 underkastad
1015 1833 245 39 förskämning
1282 1832 82 30 eller
1387 1839 81 21 snar
1491 1829 125 30 förstö-

112 1888 88 29 relse
218 1887 83 29 eller
320 1894 116 21 annan
455 1883 159 39 nedgång
632 1882 11 29 i
660 1881 130 33 värdet,
809 1880 58 29 må
885 1879 68 29 den
971 1879 121 37 genast
1112 1875 177 39 försäljas,
1306 1873 65 30 och
1391 1872 89 30 skall
1500 1871 38 30 så
1556 1871 59 29 all-

109 1930 50 29 tid
178 1929 61 29 ske
254 1937 56 20 om
327 1929 127 37 ägaren
470 1926 57 29 det
544 1925 104 37 begär
663 1923 64 30 och
742 1921 125 30 hinder
883 1921 74 29 mot
974 1917 257 39 försäljningen
1246 1915 30 39 ej
1296 1913 195 39 föreligger.
1506 1913 110 38 Köpe-

112 1971 187 38 skillingen
319 1970 99 33 skall,
436 1968 92 30 intill
546 1967 78 29 dess
644 1966 123 38 frågan
781 1973 56 20 om
852 1961 233 32 förverkande
1100 1959 97 30 blivit
1213 1958 132 38 slutligt
1364 1955 156 40 avgjord,
1535 1953 81 30 ned-

112 2015 109 28 sättas
243 2013 63 29 hos
327 2010 261 40 länsstyrelsen.

811 2082 38 29 19
877 2081 28 36 8.

158 2139 125 30 Värdet
305 2147 41 20 av
367 2135 186 31 förverkad
574 2134 167 39 egendom
762 2132 157 30 tillfaller
939 2131 145 28 kronan.

582 2253 63 28 Om
667 2251 118 34 tillsyn
807 2250 63 29 och
893 2248 123 29 besvär
1037 2256 43 19 m.
1101 2255 43 20 m.

815 2332 39 30 20
882 2331 27 36 8.

156 2388 234 31 Föreskrifter
413 2385 178 40 angående
614 2381 413 40 besiktningsveterinärs
1050 2376 215 32 tillsättande
1288 2375 64 29 och
1375 2371 243 39 entledigande

112 2432 178 30 meddelas
318 2439 41 21 av
387 2430 206 36 Konungen.
622 2427 194 35 Konungen
845 2424 93 33 eller,
967 2422 89 29 efter
1084 2421 216 36 Konungens
1327 2410 289 49 bemyndigande,

113 2472 347 39 veterinärstyrelsen
487 2470 160 29 utfärdar
673 2469 41 29 de
741 2465 222 31 föreskrifter
990 2464 10 29 i
1027 2463 108 38 övrigt
1165 2470 74 21 som
1266 2458 177 31 erfordras
1470 2457 54 29 för
1551 2455 66 30 till-

113 2516 225 40 lämpningen
360 2524 41 20 av
423 2514 114 29 denna
559 2512 65 38 Jag.
