1864 2792
271 181 39 29 20
607 178 122 39 Tredje
749 178 245 38 lagutskottets
1015 176 179 29 utlåtande
1214 185 41 19 nr
1273 176 19 28 2
1310 175 39 29 år
1370 176 82 28 1959

276 264 118 28 finnas
415 263 94 29 inom
530 262 167 39 lämpliga
717 260 156 35 avstånd,
894 260 106 40 gäller
1021 260 57 29 det
1100 258 213 30 framförallt
1335 260 51 27 att
1407 258 132 38 reglera
1559 256 224 30 verksamhe-

275 307 68 31 ten,
365 305 142 30 särskilt
531 305 4 28 i
555 305 66 28 vad
642 312 98 20 avser
758 303 189 29 kommuns
967 301 184 40 möjlighet
1171 302 50 28 att
1240 300 84 30 ernå
1342 298 341 32 överenskommelse
1704 298 76 29 med

275 356 118 20 annan
416 347 171 29 kommun
610 345 84 29 eller
715 344 299 30 kontrollslakteri
1037 353 57 19 om
1117 342 257 39 besiktningen,
1398 342 13 29 I
1435 341 125 30 sådant
1583 340 199 29 hänseende

276 389 57 28 vill
353 387 348 39 veterinärstyrelsen
720 386 128 30 föreslå
867 387 50 28 att
936 386 57 29 det
1012 385 62 30 bör
1093 384 90 30 åvila
1202 385 181 32 kommun,
1405 392 75 20 som
1499 383 174 29 anordnat
1693 382 89 29 kött-

275 430 317 39 besiktningsbyrå,
617 430 50 28 att
692 429 68 29 låta
784 430 72 27 mot
880 427 194 39 ersättning
1098 427 107 38 enligt
1229 425 340 30 överenskommelse
1593 423 190 30 verkställa

276 472 200 41 besiktning
499 471 133 40 jämväl
657 471 35 29 åt
716 479 117 20 annan
856 470 172 28 kommun
1051 469 84 29 eller
1159 468 110 29 andra
1292 468 221 28 kommuner.
1539 466 245 29 Motsvarande

275 514 199 40 skyldighet
500 514 62 29 bör
590 513 89 29 efter
705 511 338 31 överenskommelse
1072 510 91 30 åvila
1191 509 388 30 kontrollslakterierna
1607 508 175 38 gentemot

280 558 68 28 den
365 557 81 29 eller
466 556 41 29 de
524 556 220 31 kommuner,
761 555 62 28 där
840 554 101 28 deras
959 553 234 29 leverantörer
1211 553 60 28 äro
1288 551 147 29 bosatta.
1455 550 119 30 Såsom
1595 550 186 29 veterinär-

281 599 171 39 styrelsen
472 598 108 29 redan
602 597 194 29 framhållit
814 596 46 29 ha
880 594 192 30 emellertid
1094 595 72 28 ofta
1189 593 166 39 segslitna
1378 593 120 29 tvister
1520 591 158 40 uppstått
1700 591 10 28 i
1733 600 50 20 er-

280 640 311 39 sättningsfrågan,
610 639 120 29 därvid
748 648 81 19 man
847 648 41 19 av
904 637 219 40 principiella
1142 636 75 30 skäl
1235 635 165 30 stundom
1418 636 143 28 motsatt
1581 634 52 38 sig
1649 635 50 27 att
1716 633 66 29 till-

282 684 126 37 godose
429 683 136 29 relativt
585 682 217 38 blygsamma
823 680 312 38 ersättningskrav.
1157 679 65 28 För
1245 679 49 28 att
1314 678 86 29 råda
1419 677 59 29 bot
1497 676 44 39 på
1560 677 102 28 dessa
1683 675 98 29 miss-

282 725 206 39 hälligheter
504 724 117 29 finner
639 722 345 39 veterinärstyrelsen
1000 720 215 39 nödvändigt
1231 722 50 27 att
1297 729 42 19 en
1357 718 118 39 statlig
1492 717 213 39 myndighet,
1719 717 64 29 och

278 767 119 29 härtill
423 767 96 29 torde
543 766 56 29 väl
624 764 251 39 länsstyrelsen
899 773 83 20 vara
1007 763 211 39 lämpligast,
1244 761 149 29 erhåller
1418 759 280 40 bemyndigande
1724 759 61 33 att,

279 809 44 30 då
340 809 138 38 enighet
496 808 31 39 ej
548 808 71 29 kan
637 807 62 29 nås
718 816 56 20 om
792 805 427 39 ersättningsgrunderna,
1237 804 108 39 pröva
1363 801 341 39 ersättningsfrågan
1722 800 65 29 och

279 850 176 30 fastställa
474 850 41 29 de
535 849 164 40 grunder,
719 848 106 39 enligt
844 848 94 30 vilka
957 848 259 28 kommunerna
1238 845 98 30 skola
1356 844 144 39 bidraga
1522 844 50 28 till
1593 842 194 30 bestridan-

279 893 41 29 de
340 902 43 20 av
403 892 238 29 kostnaderna
660 891 55 29 för
733 888 501 40 besiktningsverksamheten.
1254 888 126 28 Därest
1400 886 198 39 skyldighet
1618 884 95 30 såväl
1733 884 54 29 för

279 935 171 29 kommun
472 943 84 27 som,
577 933 89 29 efter
685 931 350 33 överenskommelse,
1055 930 56 29 för
1131 928 301 31 kontrollslakteri
1452 929 50 28 att
1521 925 191 31 verkställa
1732 925 56 29 be-

279 976 157 39 siktning
458 975 132 40 jämväl
612 975 35 29 åt
669 983 117 20 annan
809 975 90 27 samt
922 974 50 28 att
993 972 57 29 vid
1073 971 162 39 oenighet
1256 970 223 30 beträffande
1501 967 286 40 ersättningsfrå-

280 1026 68 31 gan
373 1017 195 39 hänskjuta
592 1018 116 28 denna
733 1015 50 29 till
808 1014 269 39 länsstyrelsens
1103 1013 171 40 prövning
1299 1011 192 30 fastställes
1516 1011 11 28 i
1553 1011 110 38 lagen,
1691 1009 97 29 torde

280 1060 223 29 beträffande
521 1060 116 29 denna
656 1057 154 39 kategori
829 1057 41 30 de
889 1065 47 20 nu
955 1056 155 30 rådande
1130 1055 262 38 svårigheterna
1411 1054 121 28 kunna
1550 1061 102 21 anses
1671 1052 10 29 i
1701 1052 87 28 stort

281 1104 67 27 sett
371 1101 234 39 undanröjda.

324 1144 113 29 Bland
457 1143 259 29 kommunerna
736 1140 155 30 hörande
912 1140 51 29 till
984 1140 115 29 denna
1120 1138 156 39 kategori
1297 1138 221 29 förekomma
1538 1137 86 28 även
1647 1135 141 31 sådana,

280 1187 63 29 där
365 1185 209 39 exempelvis
596 1183 175 30 hemslakt
792 1183 52 29 till
866 1182 120 30 avsalu
1007 1182 31 38 ej
1062 1181 237 29 förekommer
1320 1180 65 29 och
1407 1179 62 29 där
1490 1178 124 29 endast
1636 1180 48 26 ett
1705 1177 83 29 eller

282 1230 48 27 ett
355 1227 85 30 fåtal
464 1226 282 38 slakteriföretag
769 1224 127 34 drivas,
921 1233 74 20 som
1019 1223 31 39 ej
1078 1224 61 28 äro
1162 1221 260 30 underkastade
1447 1220 117 41 statlig
1588 1219 164 29 kontroll.
1777 1219 12 29 I

283 1270 134 29 sådana
433 1268 61 30 fall
510 1268 63 30 bör
589 1269 187 37 övervägas
793 1276 56 20 om
867 1266 30 39 ej
918 1266 217 29 kommunen
1152 1264 189 39 lämpligen
1358 1263 62 29 bör
1436 1264 131 28 ersätta
1584 1261 207 30 köttbesikt-

282 1311 246 39 ningstvånget
550 1311 80 28 med
653 1308 260 39 slakteritvång.
935 1308 102 28 Detta
1060 1306 113 30 skulle
1194 1306 44 29 då
1260 1305 159 30 medföra
1441 1306 50 28 att
1513 1305 96 28 inom
1631 1304 160 28 kommu-

283 1363 69 19 nen
369 1353 123 30 endast
510 1352 112 30 skulle
640 1351 36 30 få
693 1351 218 29 förekomma
929 1348 329 31 statskontrollerad
1277 1347 91 30 slakt
1386 1348 91 28 samt
1495 1345 191 30 saluhållas
1704 1345 85 32 kött,

284 1404 76 21 som
381 1403 80 21 vore
484 1394 130 30 slaktat
637 1393 43 39 på
703 1391 299 30 kontrollslakteri
1025 1390 83 29 eller
1131 1389 177 38 offentligt
1331 1388 172 34 slakthus,
1526 1387 202 39 varigenom
1751 1386 40 29 de

284 1437 293 38 slakteriföretag,
598 1444 75 20 som
692 1435 63 28 här
775 1435 59 28 äro
854 1434 10 28 i
884 1433 108 39 fråga,
1013 1432 137 39 tvingas
1170 1432 160 39 upphöra
1350 1431 79 29 med
1450 1431 54 28 sin
1523 1429 235 29 verksamhet.
1779 1428 12 28 I

285 1479 134 30 sådana
445 1478 61 29 fall
536 1487 105 29 synas
669 1477 100 29 dessa
797 1476 83 29 böra
908 1492 44 4 —
977 1475 11 28 i
1015 1473 198 41 principiell
1241 1472 350 31 överensstämmelse
1620 1471 78 29 med
1725 1470 67 29 vad

285 1530 76 20 som
384 1529 47 20 nu
453 1520 105 39 gäller
580 1519 58 29 vid
660 1518 183 30 införande
866 1527 41 19 av
929 1516 269 40 slakthustvång
1218 1533 44 3 —
1282 1515 232 29 tillerkännas
1537 1513 111 38 skälig
1671 1513 120 28 ersätt-

286 1563 84 38 ning
395 1562 65 30 och
483 1560 349 39 veterinärstyrelsen
857 1559 64 29 har
946 1558 120 30 därför
1093 1559 8 28 i
1128 1558 59 29 sitt
1213 1556 189 41 lagförslag
1428 1555 163 39 företagit
1617 1564 42 19 en
1686 1554 107 29 härav

285 1604 164 39 betingad
473 1604 149 37 ändring
647 1612 41 19 av
715 1602 36 30 10
779 1601 13 36 $
818 1601 11 29 i
853 1601 109 38 lagen.
987 1600 137 39 Frågan
1149 1609 57 19 om
1230 1599 185 29 införande
1441 1607 41 20 av
1507 1596 252 38 slakteritvång
1782 1596 10 28 i

285 1647 103 29 dessa
407 1646 211 29 kommuner
638 1644 66 29 blir
725 1643 147 30 sålunda
893 1643 125 29 främst
1040 1642 171 29 beroende
1232 1650 41 20 av
1293 1640 176 30 huruvida
1489 1640 217 28 kommunen
1727 1638 67 28 fin-

286 1697 61 20 ner
368 1688 56 29 det
446 1687 78 29 med
545 1686 114 30 fördel
679 1687 136 28 förenat
837 1687 50 27 att
907 1684 100 39 gälda
1029 1683 220 29 sistnämnda
1271 1682 237 38 ersättningar
1529 1681 65 28 och
1616 1681 9 28 i
1648 1679 145 39 gengäld

287 1731 92 28 bliva
405 1729 135 29 befriad
568 1728 80 29 från
677 1729 41 28 de
745 1728 78 28 med
852 1725 440 38 köttbesiktningstvånget
1321 1724 166 29 förenade
1515 1723 109 38 årliga
1653 1723 141 28 kostna-

286 1773 119 29 derna.

333 1840 11 28 I
365 1838 98 39 fråga
482 1847 57 19 om
559 1836 158 39 kategori
735 1836 31 29 II
785 1835 101 29 anför
909 1834 169 39 styrelsen
1099 1834 167 38 följande.

332 1896 205 30 Ordnandet
553 1904 43 20 av
613 1894 244 38 besiktningen
874 1893 96 29 inom
987 1893 41 29 de
1046 1892 197 38 nordligare
1261 1892 259 28 kommunerna
1538 1891 107 28 stöter
1663 1889 43 40 på
1724 1889 67 29 helt

288 1939 112 29 andra
422 1937 183 40 praktiska
628 1937 65 28 och
716 1935 229 29 ekonomiska
967 1935 215 38 svårigheter
1206 1935 43 27 än
1273 1934 9 28 i
1306 1933 100 39 fråga
1429 1941 56 21 om
1508 1932 157 38 kategori
1690 1931 22 29 I.
1736 1931 61 29 Be-

287 1980 180 31 träffande
494 1989 43 20 en
562 1979 55 29 del
645 1988 41 19 av
711 1978 101 29 dessa
839 1978 37 28 är
903 1976 167 30 förutsatt
1097 1978 49 27 att
1173 1975 251 38 länsstyrelsen
1452 1975 88 29 skall
1568 1975 64 37 äga
1658 1973 136 29 besluta

289 2023 180 38 undantag
488 2021 79 29 från
586 2022 57 28 det
663 2020 245 36 obligatoriska
927 2017 443 37 köttbesiktningstvånget.
1389 2017 62 29 Det
1471 2017 37 28 är
1526 2015 189 30 emellertid
1733 2014 63 29 här

289 2066 87 28 även
394 2065 108 28 avsett
520 2065 47 27 att
586 2063 100 28 dessa
705 2062 173 35 undantag
896 2061 120 29 endast
1034 2060 98 29 skola
1151 2060 146 36 medges,
1315 2059 63 29 när
1398 2057 170 30 särskilda
1588 2056 208 37 omständig-

287 2107 96 28 heter
405 2105 117 30 härtill
547 2104 189 29 föranleda.
760 2103 65 29 För
849 2103 40 29 de
913 2102 117 37 övriga
1054 2102 155 29 kommer
1234 2100 131 30 således
1391 2098 405 39 köttbesiktningstvång

289 2150 51 27 att
366 2148 85 29 råda
477 2147 107 38 enligt
609 2144 365 39 veterinärstyrelsens
1001 2143 142 38 förslag.
1170 2145 12 27 I
1210 2142 230 29 betraktande
1467 2151 42 19 av
1535 2141 41 30 de
1604 2143 94 27 stora
1725 2149 71 20 om-

288 2190 120 34 råden,
431 2198 74 20 som
526 2189 58 28 det
606 2188 64 28 här
691 2187 116 39 gäller,
829 2188 90 28 samt
941 2186 67 29 den
1030 2185 306 38 omständigheten
1358 2185 50 28 att
1429 2184 11 28 i
1463 2184 101 29 dessa
1586 2183 211 28 kommuner

288 2231 220 30 fortfarande
526 2230 220 30 förekomma
763 2228 175 30 hemslakt
956 2228 65 29 och
1037 2227 209 39 privatslakt
1263 2227 11 28 i
1292 2226 139 29 relativt
1449 2227 71 28 stor
1539 2224 255 38 utsträckning,

288 2274 98 29 torde
408 2274 55 29 det
484 2273 74 29 icke
580 2281 84 20 vara
684 2270 219 31 ekonomiskt
923 2269 216 30 försvarbart
1161 2271 47 26 att
1230 2268 143 29 försöka
1395 2268 73 29 lösa
1489 2267 112 29 denna
1624 2266 173 36 kategoris

290 2314 322 40 besiktningsfråga
628 2313 44 39 på
687 2313 70 28 helt
774 2322 130 19 samma
921 2312 66 28 sätt
1003 2320 74 20 som
1094 2311 10 27 i
1121 2311 39 28 de
1177 2310 171 36 sydligare
1365 2309 64 29 och
1444 2318 93 20 mera
1553 2307 243 37 tättbebyggda

292 2358 256 28 kommunerna
564 2356 80 28 med
661 2354 237 39 övervägande
915 2352 328 30 statskontrollerad
1261 2352 101 28 slakt.
1380 2351 81 29 Man
1478 2350 54 30 får
1551 2350 148 29 sålunda
1715 2358 82 20 vara

290 2399 129 30 beredd
438 2400 50 27 att
506 2398 55 30 för
580 2398 102 29 dessa
701 2397 208 28 kommuner
928 2396 82 38 göra
1029 2394 94 30 vissa
1142 2393 204 39 eftergifter.
1376 2393 3 29 I
1399 2393 67 29 den
1486 2392 82 30 mån
1588 2392 56 29 det
1665 2391 132 30 således

290 2441 31 39 ej
347 2440 159 30 befinnes
530 2439 139 39 möjligt
691 2439 49 28 att
763 2438 157 29 anordna
943 2436 201 38 besiktning
1166 2435 106 38 enligt
1295 2436 128 37 gängse
1446 2433 264 30 bestämmelser
1734 2433 64 29 och

291 2482 119 40 praxis
430 2482 110 30 måste
559 2490 84 21 man
661 2480 151 39 tillgripa
832 2478 140 30 enklare
992 2478 132 29 former
1144 2478 53 28 för
1216 2477 256 38 besiktningen.
1492 2476 64 29 Det
1576 2485 42 20 av
1640 2475 82 29 1946
1742 2475 56 29 års
