2191 2653
417 156 113 32 Första
554 155 204 33 kammarens
775 155 144 39 första
944 154 169 43 tillfälliga
1137 155 130 32 utskotts
1291 155 165 32 utlåtande
1479 166 41 20 nr
1546 158 28 29 6.
1762 157 15 28 1

919 609 59 41 Nr
1005 610 37 40 6.

737 775 114 25 Ankom
869 775 43 25 till
932 774 178 33 Riksdagens
1129 775 94 25 kansli
1243 774 55 26 den
1318 773 34 27 25
1372 773 125 26 februari
1518 773 68 26 1913
1606 773 36 25 kl.
1664 772 15 26 4
1699 781 22 17 e.
1742 781 36 17 m.

394 931 129 35 Första
550 932 219 34 kommarens
791 930 142 44 första
953 931 180 45 tillfälliga
1151 931 144 34 utskotts
1314 930 180 35 utlåtande
1513 941 45 23 nr
1578 931 32 42 6,
1633 929 13 34 1
1666 929 113 35 anled-

607 996 84 43 ning
721 1006 43 23 av
793 1006 40 24 en
863 1006 43 24 av
920 995 80 35 herr
1021 994 163 45 Gullberg
1203 994 101 35 väckt
1321 994 136 43 motion,
1479 1004 45 24 nr
1545 994 33 42 7,
1603 993 178 45 angående

607 1058 163 35 skrivelse
813 1058 51 35 till
901 1059 181 44 konungen
1109 1058 13 34 i
1144 1057 114 44 fråga
1286 1068 53 24 om
1368 1057 151 44 ändring
1548 1068 43 23 av
1616 1056 165 44 gällande

599 1120 191 44 föreskrift
817 1122 149 35 rörande
995 1121 205 44 anteckning
1229 1132 43 23 av
1300 1131 27 24 s.
1359 1121 31 34 k.
1422 1120 261 44 lekmannadop.

288 1284 18 34 I
348 1295 46 23 en
435 1283 97 35 inom
575 1284 125 35 Första
742 1283 209 36 kammaren
980 1295 44 24 av
1052 1284 83 34 herr
1166 1282 164 45 Gullberg
1357 1281 109 37 väckt
1494 1280 146 46 motion,
1670 1293 44 23 nr
1746 1283 32 42 7,

181 1338 161 44 föreslås,
373 1340 53 33 att
467 1337 207 48 Riksdagen
706 1340 57 33 må
791 1337 12 36 1
833 1337 175 36 skrivelse
1036 1337 57 36 till
1121 1337 134 48 Kungl.
1287 1336 106 49 Maj:t
1421 1336 198 44 hemställa,
1651 1338 52 33 att
1731 1348 50 22 nu

181 1392 169 47 gällande
392 1392 188 36 föreskrift
622 1393 184 46 angående
849 1392 221 47 anteckning
1107 1405 44 23 av
1187 1392 80 46 dop,
1299 1403 73 23 som
1402 1390 145 35 lekman
1576 1396 91 29 även
1694 1393 88 32 utan

179 1446 138 36 nödfall
361 1446 175 45 förrättat,
577 1446 100 36 »icke
720 1458 43 24 av
800 1446 155 36 svenska
983 1446 145 48 kyrkan
1157 1446 108 47 döpt,
1299 1467 50 3 —
1378 1445 115 35 vilket
1521 1444 149 48 uttryck
1697 1445 84 34 läm-

179 1503 65 33 nat
286 1501 146 35 alldeles
471 1501 148 44 därhän,
661 1500 179 36 huruvida
883 1503 51 33 ett
975 1500 158 48 verkligt
1175 1501 69 46 dop
1275 1504 60 43 ägt
1363 1512 77 22 rum
1472 1520 47 4 —
1551 1501 57 32 må
1635 1499 147 47 utbytas

180 1558 74 32 mot
297 1567 45 23 en
384 1555 188 35 föreskrift
615 1555 54 36 för
706 1555 268 36 vederbörande
1004 1558 120 44 pastor
1153 1557 63 42 att,
1246 1560 66 29 när
1340 1553 101 36 bevis
1470 1566 54 23 om
1556 1553 128 35 sådant
1712 1553 69 46 dop

180 1609 142 44 företes,
364 1609 257 48 ofördröjligen
656 1609 215 44 undersöka,
912 1609 180 35 huruvida
1130 1610 60 33 det
1228 1608 96 35 skett
1357 1610 45 44 på
1431 1610 51 33 ett
1511 1611 80 31 sant
1620 1606 162 47 kristligt

180 1666 72 32 sätt
288 1663 13 35 i
339 1664 356 35 överensstämmelse
729 1664 81 34 med
838 1663 162 36 Herrens
1028 1662 204 45 instiftelse,
1265 1665 92 32 samt
1385 1664 62 41 att,
1479 1674 54 23 om
1564 1663 38 33 så
1631 1661 106 44 skett,
1769 1660 13 35 i

181 1717 164 47 kyrkans
388 1717 144 47 dopbok
575 1718 195 35 anteckna:
814 1718 109 47 »döpt
956 1730 43 23 av
1028 1717 170 35 lekman»
1229 1717 81 35 med
1339 1715 202 48 angivande
1570 1727 44 24 av
1643 1714 138 48 dopför-

180 1774 178 33 rättarens
388 1772 67 35 och
483 1772 183 36 vittnenas
695 1785 120 22 namn.

287 1880 233 35 Beträffande
573 1880 262 47 motiveringen
881 1880 56 35 till
979 1880 98 35 detta
1119 1880 134 47 förslag
1293 1878 171 37 hänvisar
1506 1879 177 35 utskottet
1727 1879 56 35 till

180 1933 193 36 motionen.

286 2042 71 35 Till
403 2045 100 33 1912
534 2045 57 33 års
620 2042 165 48 Riksdag
813 2042 124 36 inkom
968 2043 225 35 motionären
1223 2043 80 35 med
1332 2054 45 24 en
1405 2041 146 46 motion,
1583 2054 73 23 som
1686 2042 97 35 inom

181 2096 126 36 Andra
337 2096 210 36 kammaren
576 2097 13 35 i
617 2096 76 36 lika
722 2097 137 48 lydelse
887 2096 224 37 inlämnades
1141 2110 43 23 av
1212 2097 126 35 herrar
1366 2096 156 36 Hamrin
1552 2097 66 35 och
1646 2096 138 47 Modig,

181 2151 66 35 och
289 2152 78 34 däri
409 2151 244 45 hemställdes,
694 2154 53 33 att
788 2151 212 47 Riksdagen
1028 2152 14 35 i
1071 2151 175 37 skrivelse
1288 2151 57 36 till
1375 2151 134 47 Kungl.
1541 2150 106 49 Maj:t
1676 2153 110 33 måtte

182 2205 140 47 begära,
367 2208 53 32 att
462 2206 135 47 Kungl.
644 2205 107 49 Maj:t
793 2205 139 36 täcktes
969 2206 72 36 låta
1069 2206 166 35 utarbeta
1263 2207 66 34 och
1358 2205 55 36 för
1441 2205 211 47 Riksdagen
1682 2204 104 36 fram-

182 2264 104 42 lägga
328 2272 44 23 en
415 2260 68 46 lag,
515 2272 74 23 som
629 2262 90 44 gåve
748 2259 415 48 frikyrkoorganisation
1193 2263 73 32 rätt
1294 2263 52 32 att
1375 2260 54 35 för
1458 2259 57 36 sin
1544 2259 243 48 församlings-

229 2321 131 42 Bihang
387 2321 50 33 till
463 2321 203 42 Riksdagens
686 2322 159 40 protokoll
870 2322 97 34 1913.
1017 2323 46 31 12
1087 2322 91 33 saml.
1225 2325 19 29 1
1269 2323 70 31 avd.
1388 2325 21 29 4
1433 2321 81 41 häft.
1563 2321 70 42 (Nr
1659 2321 47 41 6)

1839 2050 131 27 Historik.
