<?xml version="1.0" encoding="UTF-8"?>
<alto xmlns="http://www.loc.gov/standards/alto/ns-v3#" xmlns:xlink="http://www.w3.org/1999/xlink" xmlns:xsi="http://www.w3.org/2001/XMLSchema-instance" xsi:schemaLocation="http://www.loc.gov/standards/alto/ns-v3# http://www.loc.gov/alto/v3/alto-3-0.xsd">
	<Description>
		<MeasurementUnit>pixel</MeasurementUnit>
		<sourceImageInformation>
			<fileName>/tmp/tess_uv4bt_96_input.PNG</fileName>
		</sourceImageInformation>
		<OCRProcessing ID="OCR_0">
			<ocrProcessingStep>
				<processingSoftware>
					<softwareName>tesseract 5.3.0</softwareName>
				</processingSoftware>
			</ocrProcessingStep>
		</OCRProcessing>
	</Description>
	<Layout>
		<Page WIDTH="1894" HEIGHT="2778" PHYSICAL_IMG_NR="0" ID="page_0">
			<PrintSpace HPOS="0" VPOS="0" WIDTH="1894" HEIGHT="2778">
				<ComposedBlock ID="cblock_0" HPOS="275" VPOS="108" WIDTH="1074" HEIGHT="124">
					<TextBlock ID="block_0" HPOS="275" VPOS="108" WIDTH="1074" HEIGHT="124">
						<TextLine ID="line_0" HPOS="275" VPOS="108" WIDTH="1074" HEIGHT="39">
							<String ID="string_0" HPOS="275" VPOS="108" WIDTH="17" HEIGHT="29" WC="0.96" CONTENT="2"/><SP WIDTH="426" VPOS="108" HPOS="292"/>
							<String ID="string_1" HPOS="718" VPOS="114" WIDTH="274" HEIGHT="31" WC="0.91" CONTENT="Statsutskottets"/><SP WIDTH="26" VPOS="114" HPOS="992"/>
							<String ID="string_2" HPOS="1018" VPOS="115" WIDTH="175" HEIGHT="32" WC="0.95" CONTENT="utlåtande"/><SP WIDTH="25" VPOS="115" HPOS="1193"/>
							<String ID="string_3" HPOS="1218" VPOS="126" WIDTH="40" HEIGHT="20" WC="0.95" CONTENT="nr"/><SP WIDTH="18" VPOS="126" HPOS="1258"/>
							<String ID="string_4" HPOS="1276" VPOS="116" WIDTH="73" HEIGHT="31" WC="0.85" CONTENT="183."/>
						</TextLine>
						<TextLine ID="line_1" HPOS="995" VPOS="195" WIDTH="69" HEIGHT="37">
							<String ID="string_5" HPOS="995" VPOS="195" WIDTH="69" HEIGHT="37" WC="0.89" CONTENT="18."/>
						</TextLine>
					</TextBlock>
				</ComposedBlock>
				<ComposedBlock ID="cblock_1" HPOS="277" VPOS="258" WIDTH="1506" HEIGHT="146">
					<TextBlock ID="block_1" HPOS="277" VPOS="258" WIDTH="1506" HEIGHT="146">
						<TextLine ID="line_2" HPOS="324" VPOS="258" WIDTH="1457" HEIGHT="46">
							<String ID="string_6" HPOS="324" VPOS="258" WIDTH="15" HEIGHT="28" WC="0.95" CONTENT="1"/><SP WIDTH="28" VPOS="258" HPOS="339"/>
							<String ID="string_7" HPOS="367" VPOS="266" WIDTH="104" HEIGHT="21" WC="0.94" CONTENT="mom."/><SP WIDTH="32" VPOS="266" HPOS="471"/>
							<String ID="string_8" HPOS="503" VPOS="259" WIDTH="102" HEIGHT="30" WC="0.95" CONTENT="Detta"/><SP WIDTH="20" VPOS="259" HPOS="605"/>
							<String ID="string_9" HPOS="625" VPOS="259" WIDTH="210" HEIGHT="40" WC="0.95" CONTENT="reglemente"/><SP WIDTH="20" VPOS="259" HPOS="835"/>
							<String ID="string_10" HPOS="855" VPOS="261" WIDTH="98" HEIGHT="34" WC="0.96" CONTENT="skall,"/><SP WIDTH="22" VPOS="261" HPOS="953"/>
							<String ID="string_11" HPOS="975" VPOS="263" WIDTH="79" HEIGHT="30" WC="0.96" CONTENT="med"/><SP WIDTH="21" VPOS="263" HPOS="1054"/>
							<String ID="string_12" HPOS="1075" VPOS="262" WIDTH="42" HEIGHT="30" WC="0.96" CONTENT="de"/><SP WIDTH="21" VPOS="262" HPOS="1117"/>
							<String ID="string_13" HPOS="1138" VPOS="263" WIDTH="179" HEIGHT="39" WC="0.96" CONTENT="undantag"/><SP WIDTH="20" VPOS="263" HPOS="1317"/>
							<String ID="string_14" HPOS="1337" VPOS="272" WIDTH="75" HEIGHT="21" WC="0.96" CONTENT="som"/><SP WIDTH="21" VPOS="272" HPOS="1412"/>
							<String ID="string_15" HPOS="1433" VPOS="263" WIDTH="142" HEIGHT="39" WC="0.96" CONTENT="angivas"/><SP WIDTH="22" VPOS="263" HPOS="1575"/>
							<String ID="string_16" HPOS="1597" VPOS="263" WIDTH="10" HEIGHT="30" WC="0.96" CONTENT="i"/><SP WIDTH="21" VPOS="263" HPOS="1607"/>
							<String ID="string_17" HPOS="1628" VPOS="264" WIDTH="18" HEIGHT="30" WC="0.92" CONTENT="2"/><SP WIDTH="23" VPOS="264" HPOS="1646"/>
							<String ID="string_18" HPOS="1669" VPOS="264" WIDTH="27" HEIGHT="37" WC="0.92" CONTENT="$,"/><SP WIDTH="24" VPOS="264" HPOS="1696"/>
							<String ID="string_19" HPOS="1720" VPOS="266" WIDTH="61" HEIGHT="38" WC="0.96" CONTENT="äga"/>
						</TextLine>
						<TextLine ID="line_3" HPOS="277" VPOS="308" WIDTH="1506" HEIGHT="46">
							<String ID="string_20" HPOS="277" VPOS="308" WIDTH="223" HEIGHT="40" WC="0.92" CONTENT="tillämpning"/><SP WIDTH="21" VPOS="308" HPOS="500"/>
							<String ID="string_21" HPOS="521" VPOS="309" WIDTH="20" HEIGHT="30" WC="0.91" CONTENT="å"/><SP WIDTH="20" VPOS="309" HPOS="541"/>
							<String ID="string_22" HPOS="561" VPOS="309" WIDTH="157" HEIGHT="39" WC="0.95" CONTENT="följande"/><SP WIDTH="22" VPOS="309" HPOS="718"/>
							<String ID="string_23" HPOS="740" VPOS="310" WIDTH="315" HEIGHT="40" WC="0.92" CONTENT="statstjänstemän,"/><SP WIDTH="21" VPOS="310" HPOS="1055"/>
							<String ID="string_24" HPOS="1076" VPOS="312" WIDTH="20" HEIGHT="29" WC="0.92" CONTENT="å"/><SP WIDTH="22" VPOS="312" HPOS="1096"/>
							<String ID="string_25" HPOS="1118" VPOS="312" WIDTH="93" HEIGHT="30" WC="0.96" CONTENT="vilka"/><SP WIDTH="22" VPOS="312" HPOS="1211"/>
							<String ID="string_26" HPOS="1233" VPOS="314" WIDTH="132" HEIGHT="29" WC="0.96" CONTENT="statens"/><SP WIDTH="21" VPOS="314" HPOS="1365"/>
							<String ID="string_27" HPOS="1386" VPOS="314" WIDTH="179" HEIGHT="29" WC="0.93" CONTENT="allmänna"/><SP WIDTH="20" VPOS="314" HPOS="1565"/>
							<String ID="string_28" HPOS="1585" VPOS="314" WIDTH="198" HEIGHT="40" WC="0.91" CONTENT="avlönings-"/>
						</TextLine>
						<TextLine ID="line_4" HPOS="277" VPOS="359" WIDTH="1504" HEIGHT="45">
							<String ID="string_29" HPOS="277" VPOS="359" WIDTH="209" HEIGHT="39" WC="0.95" CONTENT="reglemente"/><SP WIDTH="28" VPOS="359" HPOS="486"/>
							<String ID="string_30" HPOS="514" VPOS="359" WIDTH="83" HEIGHT="30" WC="0.93" CONTENT="eller"/><SP WIDTH="29" VPOS="359" HPOS="597"/>
							<String ID="string_31" HPOS="626" VPOS="360" WIDTH="409" HEIGHT="39" WC="0.91" CONTENT="avlöningsreglementet"/><SP WIDTH="29" VPOS="360" HPOS="1035"/>
							<String ID="string_32" HPOS="1064" VPOS="362" WIDTH="55" HEIGHT="30" WC="0.93" CONTENT="för"/><SP WIDTH="29" VPOS="362" HPOS="1119"/>
							<String ID="string_33" HPOS="1148" VPOS="362" WIDTH="261" HEIGHT="39" WC="0.90" CONTENT="övningslärare"/><SP WIDTH="29" VPOS="362" HPOS="1409"/>
							<String ID="string_34" HPOS="1438" VPOS="365" WIDTH="79" HEIGHT="37" WC="0.96" CONTENT="äger"/><SP WIDTH="29" VPOS="365" HPOS="1517"/>
							<String ID="string_35" HPOS="1546" VPOS="364" WIDTH="235" HEIGHT="40" WC="0.96" CONTENT="tillämpning,"/>
						</TextLine>
					</TextBlock>
				</ComposedBlock>
				<ComposedBlock ID="cblock_2" HPOS="276" VPOS="408" WIDTH="864" HEIGHT="143">
					<TextBlock ID="block_2" HPOS="276" VPOS="408" WIDTH="864" HEIGHT="143">
						<TextLine ID="line_5" HPOS="276" VPOS="408" WIDTH="191" HEIGHT="40">
							<String ID="string_36" HPOS="276" VPOS="408" WIDTH="191" HEIGHT="40" WC="0.96" CONTENT="nämligen:"/>
						</TextLine>
						<TextLine ID="line_6" HPOS="320" VPOS="458" WIDTH="820" HEIGHT="39">
							<String ID="string_37" HPOS="320" VPOS="458" WIDTH="37" HEIGHT="34" WC="0.95" CONTENT="a)"/><SP WIDTH="30" VPOS="458" HPOS="357"/>
							<String ID="string_38" HPOS="387" VPOS="459" WIDTH="211" HEIGHT="30" WC="0.95" CONTENT="innehavare"/><SP WIDTH="21" VPOS="459" HPOS="598"/>
							<String ID="string_39" HPOS="619" VPOS="469" WIDTH="43" HEIGHT="21" WC="0.93" CONTENT="av"/><SP WIDTH="18" VPOS="469" HPOS="662"/>
							<String ID="string_40" HPOS="680" VPOS="478" WIDTH="43" HEIGHT="3" WC="0.90" CONTENT="—"/><SP WIDTH="17" VPOS="478" HPOS="723"/>
							<String ID="string_41" HPOS="740" VPOS="478" WIDTH="45" HEIGHT="4" WC="0.88" CONTENT="—"/><SP WIDTH="18" VPOS="478" HPOS="785"/>
							<String ID="string_42" HPOS="803" VPOS="478" WIDTH="44" HEIGHT="4" WC="0.92" CONTENT="—"/><SP WIDTH="20" VPOS="478" HPOS="847"/>
							<String ID="string_43" HPOS="867" VPOS="461" WIDTH="83" HEIGHT="36" WC="0.95" CONTENT="Cob;"/><SP WIDTH="24" VPOS="461" HPOS="950"/>
							<String ID="string_44" HPOS="974" VPOS="463" WIDTH="166" HEIGHT="29" WC="0.96" CONTENT="ävensom"/>
						</TextLine>
						<TextLine ID="line_7" HPOS="320" VPOS="509" WIDTH="812" HEIGHT="42">
							<String ID="string_45" HPOS="320" VPOS="509" WIDTH="38" HEIGHT="34" WC="0.93" CONTENT="b)"/><SP WIDTH="30" VPOS="509" HPOS="358"/>
							<String ID="string_46" HPOS="388" VPOS="509" WIDTH="123" HEIGHT="30" WC="0.96" CONTENT="chefen"/><SP WIDTH="22" VPOS="509" HPOS="511"/>
							<String ID="string_47" HPOS="533" VPOS="509" WIDTH="55" HEIGHT="30" WC="0.93" CONTENT="för"/><SP WIDTH="22" VPOS="509" HPOS="588"/>
							<String ID="string_48" HPOS="610" VPOS="528" WIDTH="45" HEIGHT="3" WC="0.90" CONTENT="—"/><SP WIDTH="20" VPOS="528" HPOS="655"/>
							<String ID="string_49" HPOS="675" VPOS="528" WIDTH="44" HEIGHT="4" WC="0.82" CONTENT="—"/><SP WIDTH="19" VPOS="528" HPOS="719"/>
							<String ID="string_50" HPOS="738" VPOS="528" WIDTH="44" HEIGHT="4" WC="0.88" CONTENT="—"/><SP WIDTH="21" VPOS="528" HPOS="782"/>
							<String ID="string_51" HPOS="803" VPOS="511" WIDTH="252" HEIGHT="40" WC="0.96" CONTENT="beteckningen"/><SP WIDTH="24" VPOS="511" HPOS="1055"/>
							<String ID="string_52" HPOS="1079" VPOS="512" WIDTH="53" HEIGHT="31" WC="0.96" CONTENT="Cr."/>
						</TextLine>
					</TextBlock>
				</ComposedBlock>
				<ComposedBlock ID="cblock_3" HPOS="727" VPOS="612" WIDTH="597" HEIGHT="98">
					<TextBlock ID="block_3" HPOS="727" VPOS="612" WIDTH="597" HEIGHT="98">
						<TextLine ID="line_8" HPOS="980" VPOS="612" WIDTH="91" HEIGHT="38">
							<String ID="string_53" HPOS="980" VPOS="613" WIDTH="41" HEIGHT="29" WC="0.94" CONTENT="32"/><SP WIDTH="22" VPOS="613" HPOS="1021"/>
							<String ID="string_54" HPOS="1043" VPOS="612" WIDTH="28" HEIGHT="38" WC="0.93" CONTENT="8."/>
						</TextLine>
						<TextLine ID="line_9" HPOS="727" VPOS="677" WIDTH="597" HEIGHT="33">
							<String ID="string_55" HPOS="727" VPOS="677" WIDTH="214" HEIGHT="31" WC="0.93" CONTENT="Åttonde"/><SP WIDTH="39" VPOS="677" HPOS="941"/>
							<String ID="string_56" HPOS="980" VPOS="680" WIDTH="344" HEIGHT="30" WC="0.90" CONTENT="huvudtiteln."/>
						</TextLine>
					</TextBlock>
				</ComposedBlock>
				<ComposedBlock ID="cblock_4" HPOS="249" VPOS="742" WIDTH="1531" HEIGHT="1705">
					<TextBlock ID="block_4" HPOS="272" VPOS="742" WIDTH="1508" HEIGHT="189">
						<TextLine ID="line_10" HPOS="319" VPOS="742" WIDTH="1461" HEIGHT="39">
							<String ID="string_57" HPOS="319" VPOS="742" WIDTH="19" HEIGHT="29" WC="0.96" CONTENT="2"/><SP WIDTH="27" VPOS="742" HPOS="338"/>
							<String ID="string_58" HPOS="365" VPOS="750" WIDTH="104" HEIGHT="21" WC="0.96" CONTENT="mom."/><SP WIDTH="26" VPOS="750" HPOS="469"/>
							<String ID="string_59" HPOS="495" VPOS="743" WIDTH="50" HEIGHT="29" WC="0.96" CONTENT="De"/><SP WIDTH="27" VPOS="743" HPOS="545"/>
							<String ID="string_60" HPOS="572" VPOS="743" WIDTH="178" HEIGHT="30" WC="0.96" CONTENT="allmänna"/><SP WIDTH="28" VPOS="743" HPOS="750"/>
							<String ID="string_61" HPOS="778" VPOS="744" WIDTH="214" HEIGHT="37" WC="0.96" CONTENT="läroverken,"/><SP WIDTH="28" VPOS="744" HPOS="992"/>
							<String ID="string_62" HPOS="1020" VPOS="747" WIDTH="133" HEIGHT="28" WC="0.93" CONTENT="statens"/><SP WIDTH="26" VPOS="747" HPOS="1153"/>
							<String ID="string_63" HPOS="1179" VPOS="746" WIDTH="399" HEIGHT="31" WC="0.90" CONTENT="skolköksseminarium"/><SP WIDTH="29" VPOS="746" HPOS="1578"/>
							<String ID="string_64" HPOS="1607" VPOS="748" WIDTH="64" HEIGHT="29" WC="0.93" CONTENT="och"/><SP WIDTH="27" VPOS="748" HPOS="1671"/>
							<String ID="string_65" HPOS="1698" VPOS="748" WIDTH="82" HEIGHT="29" WC="0.67" CONTENT="hus-"/>
						</TextLine>
						<TextLine ID="line_11" HPOS="272" VPOS="791" WIDTH="1508" HEIGHT="47">
							<String ID="string_66" HPOS="272" VPOS="791" WIDTH="203" HEIGHT="37" WC="0.91" CONTENT="hållsskola,"/><SP WIDTH="29" VPOS="791" HPOS="475"/>
							<String ID="string_67" HPOS="504" VPOS="792" WIDTH="418" HEIGHT="41" WC="0.91" CONTENT="folkskoleseminarium,"/><SP WIDTH="30" VPOS="792" HPOS="922"/>
							<String ID="string_68" HPOS="952" VPOS="795" WIDTH="418" HEIGHT="38" WC="0.91" CONTENT="småskoleseminarium,"/><SP WIDTH="32" VPOS="795" HPOS="1370"/>
							<String ID="string_69" HPOS="1402" VPOS="797" WIDTH="291" HEIGHT="30" WC="0.91" CONTENT="läroanstalterna"/><SP WIDTH="30" VPOS="797" HPOS="1693"/>
							<String ID="string_70" HPOS="1723" VPOS="799" WIDTH="57" HEIGHT="39" WC="0.96" CONTENT="för"/>
						</TextLine>
						<TextLine ID="line_12" HPOS="274" VPOS="841" WIDTH="1503" HEIGHT="44">
							<String ID="string_71" HPOS="274" VPOS="841" WIDTH="128" HEIGHT="37" WC="0.93" CONTENT="blinda,"/><SP WIDTH="33" VPOS="841" HPOS="402"/>
							<String ID="string_72" HPOS="435" VPOS="842" WIDTH="260" HEIGHT="31" WC="0.92" CONTENT="vårdanstalten"/><SP WIDTH="31" VPOS="842" HPOS="695"/>
							<String ID="string_73" HPOS="726" VPOS="844" WIDTH="57" HEIGHT="39" WC="0.96" CONTENT="för"/><SP WIDTH="31" VPOS="844" HPOS="783"/>
							<String ID="string_74" HPOS="814" VPOS="844" WIDTH="117" HEIGHT="30" WC="0.96" CONTENT="blinda"/><SP WIDTH="32" VPOS="844" HPOS="931"/>
							<String ID="string_75" HPOS="963" VPOS="846" WIDTH="81" HEIGHT="29" WC="0.96" CONTENT="med"/><SP WIDTH="31" VPOS="846" HPOS="1044"/>
							<String ID="string_76" HPOS="1075" VPOS="846" WIDTH="229" HEIGHT="39" WC="0.95" CONTENT="komplicerat"/><SP WIDTH="31" VPOS="846" HPOS="1304"/>
							<String ID="string_77" HPOS="1335" VPOS="847" WIDTH="79" HEIGHT="38" WC="0.93" CONTENT="lyte,"/><SP WIDTH="33" VPOS="847" HPOS="1414"/>
							<String ID="string_78" HPOS="1447" VPOS="848" WIDTH="330" HEIGHT="30" WC="0.71" CONTENT="dövstumskolorna"/>
						</TextLine>
						<TextLine ID="line_13" HPOS="272" VPOS="892" WIDTH="698" HEIGHT="39">
							<String ID="string_79" HPOS="272" VPOS="894" WIDTH="93" HEIGHT="27" WC="0.96" CONTENT="samt"/><SP WIDTH="19" VPOS="894" HPOS="365"/>
							<String ID="string_80" HPOS="384" VPOS="892" WIDTH="41" HEIGHT="30" WC="0.96" CONTENT="de"/><SP WIDTH="20" VPOS="892" HPOS="425"/>
							<String ID="string_81" HPOS="445" VPOS="893" WIDTH="106" HEIGHT="38" WC="0.96" CONTENT="högre"/><SP WIDTH="22" VPOS="893" HPOS="551"/>
							<String ID="string_82" HPOS="573" VPOS="893" WIDTH="162" HEIGHT="30" WC="0.96" CONTENT="tekniska"/><SP WIDTH="20" VPOS="893" HPOS="735"/>
							<String ID="string_83" HPOS="755" VPOS="894" WIDTH="215" HEIGHT="31" WC="0.96" CONTENT="läroverken."/>
						</TextLine>
					</TextBlock>
					<TextBlock ID="block_5" HPOS="319" VPOS="943" WIDTH="1005" HEIGHT="44">
						<TextLine ID="line_14" HPOS="319" VPOS="943" WIDTH="1005" HEIGHT="44">
							<String ID="string_84" HPOS="319" VPOS="944" WIDTH="27" HEIGHT="28" WC="0.92" CONTENT="1."/><SP WIDTH="37" VPOS="944" HPOS="346"/>
							<String ID="string_85" HPOS="383" VPOS="944" WIDTH="67" HEIGHT="29" WC="0.96" CONTENT="För"/><SP WIDTH="20" VPOS="944" HPOS="450"/>
							<String ID="string_86" HPOS="470" VPOS="943" WIDTH="212" HEIGHT="31" WC="0.93" CONTENT="innehavare"/><SP WIDTH="19" VPOS="943" HPOS="682"/>
							<String ID="string_87" HPOS="701" VPOS="962" WIDTH="44" HEIGHT="4" WC="0.91" CONTENT="—"/><SP WIDTH="17" VPOS="962" HPOS="745"/>
							<String ID="string_88" HPOS="762" VPOS="963" WIDTH="45" HEIGHT="3" WC="0.91" CONTENT="—"/><SP WIDTH="18" VPOS="963" HPOS="807"/>
							<String ID="string_89" HPOS="825" VPOS="963" WIDTH="45" HEIGHT="3" WC="0.90" CONTENT="—"/><SP WIDTH="19" VPOS="963" HPOS="870"/>
							<String ID="string_90" HPOS="889" VPOS="946" WIDTH="267" HEIGHT="31" WC="0.91" CONTENT="levnadsåldern"/><SP WIDTH="21" VPOS="946" HPOS="1156"/>
							<String ID="string_91" HPOS="1177" VPOS="947" WIDTH="147" HEIGHT="40" WC="0.96" CONTENT="uppnås."/>
						</TextLine>
					</TextBlock>
					<TextBlock ID="block_6" HPOS="269" VPOS="992" WIDTH="1507" HEIGHT="242">
						<TextLine ID="line_15" HPOS="315" VPOS="992" WIDTH="1458" HEIGHT="46">
							<String ID="string_92" HPOS="315" VPOS="992" WIDTH="53" HEIGHT="30" WC="0.96" CONTENT="Då"/><SP WIDTH="14" VPOS="992" HPOS="368"/>
							<String ID="string_93" HPOS="382" VPOS="992" WIDTH="202" HEIGHT="40" WC="0.96" CONTENT="synnerliga"/><SP WIDTH="15" VPOS="992" HPOS="584"/>
							<String ID="string_94" HPOS="599" VPOS="994" WIDTH="76" HEIGHT="29" WC="0.96" CONTENT="skäl"/><SP WIDTH="15" VPOS="994" HPOS="675"/>
							<String ID="string_95" HPOS="690" VPOS="994" WIDTH="116" HEIGHT="30" WC="0.95" CONTENT="därtill"/><SP WIDTH="19" VPOS="994" HPOS="806"/>
							<String ID="string_96" HPOS="825" VPOS="996" WIDTH="70" HEIGHT="33" WC="0.95" CONTENT="äro,"/><SP WIDTH="19" VPOS="996" HPOS="895"/>
							<String ID="string_97" HPOS="914" VPOS="995" WIDTH="57" HEIGHT="30" WC="0.96" CONTENT="må"/><SP WIDTH="18" VPOS="995" HPOS="971"/>
							<String ID="string_98" HPOS="989" VPOS="996" WIDTH="69" HEIGHT="29" WC="0.96" CONTENT="den"/><SP WIDTH="15" VPOS="996" HPOS="1058"/>
							<String ID="string_99" HPOS="1073" VPOS="996" WIDTH="214" HEIGHT="40" WC="0.96" CONTENT="myndighet,"/><SP WIDTH="18" VPOS="996" HPOS="1287"/>
							<String ID="string_100" HPOS="1305" VPOS="1006" WIDTH="74" HEIGHT="21" WC="0.96" CONTENT="som"/><SP WIDTH="22" VPOS="1006" HPOS="1379"/>
							<String ID="string_101" HPOS="1401" VPOS="999" WIDTH="79" HEIGHT="38" WC="0.96" CONTENT="äger"/><SP WIDTH="17" VPOS="999" HPOS="1480"/>
							<String ID="string_102" HPOS="1497" VPOS="1000" WIDTH="51" HEIGHT="29" WC="0.96" CONTENT="att"/><SP WIDTH="17" VPOS="1000" HPOS="1548"/>
							<String ID="string_103" HPOS="1565" VPOS="999" WIDTH="81" HEIGHT="30" WC="0.93" CONTENT="från"/><SP WIDTH="15" VPOS="999" HPOS="1646"/>
							<String ID="string_104" HPOS="1661" VPOS="999" WIDTH="112" HEIGHT="39" WC="0.92" CONTENT="tjäns-"/>
						</TextLine>
						<TextLine ID="line_16" HPOS="271" VPOS="1044" WIDTH="1504" HEIGHT="41">
							<String ID="string_105" HPOS="271" VPOS="1045" WIDTH="59" HEIGHT="28" WC="0.92" CONTENT="ten"/><SP WIDTH="30" VPOS="1045" HPOS="330"/>
							<String ID="string_106" HPOS="360" VPOS="1044" WIDTH="183" HEIGHT="39" WC="0.92" CONTENT="entlediga,"/><SP WIDTH="31" VPOS="1044" HPOS="543"/>
							<String ID="string_107" HPOS="574" VPOS="1045" WIDTH="160" HEIGHT="38" WC="0.92" CONTENT="medgiva"/><SP WIDTH="29" VPOS="1045" HPOS="734"/>
							<String ID="string_108" HPOS="763" VPOS="1045" WIDTH="175" HEIGHT="30" WC="0.93" CONTENT="ordinarie"/><SP WIDTH="30" VPOS="1045" HPOS="938"/>
							<String ID="string_109" HPOS="968" VPOS="1047" WIDTH="262" HEIGHT="38" WC="0.91" CONTENT="övningslärare"/><SP WIDTH="31" VPOS="1047" HPOS="1230"/>
							<String ID="string_110" HPOS="1261" VPOS="1048" WIDTH="151" HEIGHT="31" WC="0.96" CONTENT="anstånd"/><SP WIDTH="29" VPOS="1048" HPOS="1412"/>
							<String ID="string_111" HPOS="1441" VPOS="1050" WIDTH="79" HEIGHT="29" WC="0.96" CONTENT="med"/><SP WIDTH="31" VPOS="1050" HPOS="1520"/>
							<String ID="string_112" HPOS="1551" VPOS="1050" WIDTH="130" HEIGHT="30" WC="0.95" CONTENT="avsked"/><SP WIDTH="30" VPOS="1050" HPOS="1681"/>
							<String ID="string_113" HPOS="1711" VPOS="1051" WIDTH="64" HEIGHT="29" WC="0.96" CONTENT="och"/>
						</TextLine>
						<TextLine ID="line_17" HPOS="270" VPOS="1093" WIDTH="1506" HEIGHT="47">
							<String ID="string_114" HPOS="270" VPOS="1095" WIDTH="97" HEIGHT="29" WC="0.96" CONTENT="extra"/><SP WIDTH="22" VPOS="1095" HPOS="367"/>
							<String ID="string_115" HPOS="389" VPOS="1093" WIDTH="175" HEIGHT="31" WC="0.93" CONTENT="ordinarie"/><SP WIDTH="22" VPOS="1093" HPOS="564"/>
							<String ID="string_116" HPOS="586" VPOS="1094" WIDTH="262" HEIGHT="40" WC="0.91" CONTENT="övningslärare"/><SP WIDTH="23" VPOS="1094" HPOS="848"/>
							<String ID="string_117" HPOS="871" VPOS="1098" WIDTH="50" HEIGHT="27" WC="0.96" CONTENT="att"/><SP WIDTH="22" VPOS="1098" HPOS="921"/>
							<String ID="string_118" HPOS="943" VPOS="1096" WIDTH="193" HEIGHT="31" WC="0.96" CONTENT="bibehållas"/><SP WIDTH="22" VPOS="1096" HPOS="1136"/>
							<String ID="string_119" HPOS="1158" VPOS="1097" WIDTH="10" HEIGHT="29" WC="0.96" CONTENT="i"/><SP WIDTH="23" VPOS="1097" HPOS="1168"/>
							<String ID="string_120" HPOS="1191" VPOS="1098" WIDTH="53" HEIGHT="29" WC="0.96" CONTENT="sin"/><SP WIDTH="22" VPOS="1098" HPOS="1244"/>
							<String ID="string_121" HPOS="1266" VPOS="1098" WIDTH="198" HEIGHT="39" WC="0.96" CONTENT="befattning"/><SP WIDTH="22" VPOS="1098" HPOS="1464"/>
							<String ID="string_122" HPOS="1486" VPOS="1100" WIDTH="89" HEIGHT="29" WC="0.93" CONTENT="efter"/><SP WIDTH="21" VPOS="1100" HPOS="1575"/>
							<String ID="string_123" HPOS="1596" VPOS="1100" WIDTH="180" HEIGHT="40" WC="0.91" CONTENT="pensions-"/>
						</TextLine>
						<TextLine ID="line_18" HPOS="270" VPOS="1143" WIDTH="1504" HEIGHT="46">
							<String ID="string_124" HPOS="270" VPOS="1143" WIDTH="140" HEIGHT="31" WC="0.96" CONTENT="ålderns"/><SP WIDTH="23" VPOS="1143" HPOS="410"/>
							<String ID="string_125" HPOS="433" VPOS="1143" WIDTH="147" HEIGHT="35" WC="0.96" CONTENT="inträde,"/><SP WIDTH="23" VPOS="1143" HPOS="580"/>
							<String ID="string_126" HPOS="603" VPOS="1145" WIDTH="39" HEIGHT="29" WC="0.96" CONTENT="så"/><SP WIDTH="21" VPOS="1145" HPOS="642"/>
							<String ID="string_127" HPOS="663" VPOS="1145" WIDTH="100" HEIGHT="39" WC="0.96" CONTENT="länge"/><SP WIDTH="22" VPOS="1145" HPOS="763"/>
							<String ID="string_128" HPOS="785" VPOS="1146" WIDTH="137" HEIGHT="29" WC="0.96" CONTENT="läraren"/><SP WIDTH="23" VPOS="1146" HPOS="922"/>
							<String ID="string_129" HPOS="945" VPOS="1148" WIDTH="38" HEIGHT="29" WC="0.96" CONTENT="är"/><SP WIDTH="22" VPOS="1148" HPOS="983"/>
							<String ID="string_130" HPOS="1005" VPOS="1147" WIDTH="82" HEIGHT="30" WC="0.93" CONTENT="fullt"/><SP WIDTH="22" VPOS="1147" HPOS="1087"/>
							<String ID="string_131" HPOS="1109" VPOS="1148" WIDTH="241" HEIGHT="39" WC="0.91" CONTENT="tjänstduglig,"/><SP WIDTH="24" VPOS="1148" HPOS="1350"/>
							<String ID="string_132" HPOS="1374" VPOS="1149" WIDTH="89" HEIGHT="29" WC="0.96" CONTENT="dock"/><SP WIDTH="22" VPOS="1149" HPOS="1463"/>
							<String ID="string_133" HPOS="1485" VPOS="1149" WIDTH="75" HEIGHT="30" WC="0.96" CONTENT="icke"/><SP WIDTH="24" VPOS="1149" HPOS="1560"/>
							<String ID="string_134" HPOS="1584" VPOS="1150" WIDTH="119" HEIGHT="39" WC="0.96" CONTENT="längre"/><SP WIDTH="23" VPOS="1150" HPOS="1703"/>
							<String ID="string_135" HPOS="1726" VPOS="1151" WIDTH="48" HEIGHT="30" WC="0.96" CONTENT="tid"/>
						</TextLine>
						<TextLine ID="line_19" HPOS="269" VPOS="1194" WIDTH="442" HEIGHT="40">
							<String ID="string_136" HPOS="269" VPOS="1194" WIDTH="45" HEIGHT="29" WC="0.96" CONTENT="än"/><SP WIDTH="22" VPOS="1194" HPOS="314"/>
							<String ID="string_137" HPOS="336" VPOS="1195" WIDTH="233" HEIGHT="39" WC="0.96" CONTENT="sammanlagt"/><SP WIDTH="22" VPOS="1195" HPOS="569"/>
							<String ID="string_138" HPOS="591" VPOS="1197" WIDTH="52" HEIGHT="27" WC="0.96" CONTENT="tre"/><SP WIDTH="20" VPOS="1197" HPOS="643"/>
							<String ID="string_139" HPOS="663" VPOS="1195" WIDTH="48" HEIGHT="30" WC="0.96" CONTENT="år."/>
						</TextLine>
					</TextBlock>
					<TextBlock ID="block_7" HPOS="313" VPOS="1244" WIDTH="1123" HEIGHT="44">
						<TextLine ID="line_20" HPOS="313" VPOS="1244" WIDTH="1123" HEIGHT="44">
							<String ID="string_140" HPOS="313" VPOS="1244" WIDTH="29" HEIGHT="28" WC="0.92" CONTENT="2."/><SP WIDTH="37" VPOS="1244" HPOS="342"/>
							<String ID="string_141" HPOS="379" VPOS="1244" WIDTH="227" HEIGHT="29" WC="0.92" CONTENT="Beträffande"/><SP WIDTH="18" VPOS="1244" HPOS="606"/>
							<String ID="string_142" HPOS="624" VPOS="1244" WIDTH="212" HEIGHT="30" WC="0.93" CONTENT="innehavare"/><SP WIDTH="18" VPOS="1244" HPOS="836"/>
							<String ID="string_143" HPOS="854" VPOS="1263" WIDTH="44" HEIGHT="3" WC="0.91" CONTENT="—"/><SP WIDTH="16" VPOS="1263" HPOS="898"/>
							<String ID="string_144" HPOS="914" VPOS="1263" WIDTH="44" HEIGHT="3" WC="0.88" CONTENT="-—"/><SP WIDTH="18" VPOS="1263" HPOS="958"/>
							<String ID="string_145" HPOS="976" VPOS="1263" WIDTH="45" HEIGHT="4" WC="0.92" CONTENT="—"/><SP WIDTH="17" VPOS="1263" HPOS="1021"/>
							<String ID="string_146" HPOS="1038" VPOS="1246" WIDTH="199" HEIGHT="30" WC="0.96" CONTENT="beräknade"/><SP WIDTH="18" VPOS="1246" HPOS="1237"/>
							<String ID="string_147" HPOS="1255" VPOS="1247" WIDTH="181" HEIGHT="41" WC="0.96" CONTENT="beloppen."/>
						</TextLine>
					</TextBlock>
					<TextBlock ID="block_8" HPOS="312" VPOS="1294" WIDTH="1100" HEIGHT="43">
						<TextLine ID="line_21" HPOS="312" VPOS="1294" WIDTH="1100" HEIGHT="43">
							<String ID="string_148" HPOS="312" VPOS="1294" WIDTH="30" HEIGHT="29" WC="0.93" CONTENT="3."/><SP WIDTH="37" VPOS="1294" HPOS="342"/>
							<String ID="string_149" HPOS="379" VPOS="1294" WIDTH="150" HEIGHT="39" WC="0.91" CONTENT="Övergår"/><SP WIDTH="20" VPOS="1294" HPOS="529"/>
							<String ID="string_150" HPOS="549" VPOS="1294" WIDTH="119" HEIGHT="30" WC="0.93" CONTENT="rektor"/><SP WIDTH="18" VPOS="1294" HPOS="668"/>
							<String ID="string_151" HPOS="686" VPOS="1312" WIDTH="44" HEIGHT="4" WC="0.51" CONTENT="-—"/><SP WIDTH="20" VPOS="1312" HPOS="730"/>
							<String ID="string_152" HPOS="750" VPOS="1313" WIDTH="45" HEIGHT="3" WC="0.90" CONTENT="—"/><SP WIDTH="17" VPOS="1313" HPOS="795"/>
							<String ID="string_153" HPOS="812" VPOS="1313" WIDTH="46" HEIGHT="3" WC="0.89" CONTENT="—"/><SP WIDTH="19" VPOS="1313" HPOS="858"/>
							<String ID="string_154" HPOS="877" VPOS="1296" WIDTH="207" HEIGHT="30" WC="0.92" CONTENT="frånträdda"/><SP WIDTH="23" VPOS="1296" HPOS="1084"/>
							<String ID="string_155" HPOS="1107" VPOS="1297" WIDTH="305" HEIGHT="40" WC="0.85" CONTENT="rektorstjänsten."/>
						</TextLine>
					</TextBlock>
					<TextBlock ID="block_9" HPOS="262" VPOS="1344" WIDTH="1511" HEIGHT="341">
						<TextLine ID="line_22" HPOS="312" VPOS="1344" WIDTH="1461" HEIGHT="46">
							<String ID="string_156" HPOS="312" VPOS="1345" WIDTH="30" HEIGHT="28" WC="0.96" CONTENT="4."/><SP WIDTH="37" VPOS="1345" HPOS="342"/>
							<String ID="string_157" HPOS="379" VPOS="1344" WIDTH="65" HEIGHT="30" WC="0.92" CONTENT="Vid"/><SP WIDTH="19" VPOS="1344" HPOS="444"/>
							<String ID="string_158" HPOS="463" VPOS="1345" WIDTH="367" HEIGHT="39" WC="0.91" CONTENT="tjänstårsberäkning"/><SP WIDTH="17" VPOS="1345" HPOS="830"/>
							<String ID="string_159" HPOS="847" VPOS="1346" WIDTH="142" HEIGHT="39" WC="0.96" CONTENT="jämlikt"/><SP WIDTH="22" VPOS="1346" HPOS="989"/>
							<String ID="string_160" HPOS="1011" VPOS="1348" WIDTH="38" HEIGHT="29" WC="0.92" CONTENT="15"/><SP WIDTH="25" VPOS="1348" HPOS="1049"/>
							<String ID="string_161" HPOS="1074" VPOS="1347" WIDTH="16" HEIGHT="37" WC="0.81" CONTENT="$"/><SP WIDTH="24" VPOS="1347" HPOS="1090"/>
							<String ID="string_162" HPOS="1114" VPOS="1349" WIDTH="14" HEIGHT="28" WC="0.94" CONTENT="1"/><SP WIDTH="23" VPOS="1349" HPOS="1128"/>
							<String ID="string_163" HPOS="1151" VPOS="1357" WIDTH="103" HEIGHT="21" WC="0.95" CONTENT="mom."/><SP WIDTH="21" VPOS="1357" HPOS="1254"/>
							<String ID="string_164" HPOS="1275" VPOS="1349" WIDTH="90" HEIGHT="29" WC="0.96" CONTENT="skall"/><SP WIDTH="20" VPOS="1349" HPOS="1365"/>
							<String ID="string_165" HPOS="1385" VPOS="1349" WIDTH="60" HEIGHT="34" WC="0.96" CONTENT="tid,"/><SP WIDTH="23" VPOS="1349" HPOS="1445"/>
							<String ID="string_166" HPOS="1468" VPOS="1351" WIDTH="175" HEIGHT="29" WC="0.93" CONTENT="varunder"/><SP WIDTH="20" VPOS="1351" HPOS="1643"/>
							<String ID="string_167" HPOS="1663" VPOS="1352" WIDTH="110" HEIGHT="38" WC="0.90" CONTENT="tjäns-"/>
						</TextLine>
						<TextLine ID="line_23" HPOS="266" VPOS="1395" WIDTH="1506" HEIGHT="44">
							<String ID="string_168" HPOS="266" VPOS="1396" WIDTH="119" HEIGHT="28" WC="0.96" CONTENT="teman"/><SP WIDTH="24" VPOS="1396" HPOS="385"/>
							<String ID="string_169" HPOS="409" VPOS="1395" WIDTH="162" HEIGHT="29" WC="0.96" CONTENT="innehaft"/><SP WIDTH="22" VPOS="1395" HPOS="571"/>
							<String ID="string_170" HPOS="593" VPOS="1397" WIDTH="97" HEIGHT="28" WC="0.96" CONTENT="extra"/><SP WIDTH="23" VPOS="1397" HPOS="690"/>
							<String ID="string_171" HPOS="713" VPOS="1396" WIDTH="176" HEIGHT="30" WC="0.96" CONTENT="ordinarie"/><SP WIDTH="24" VPOS="1396" HPOS="889"/>
							<String ID="string_172" HPOS="913" VPOS="1397" WIDTH="198" HEIGHT="40" WC="0.96" CONTENT="befattning"/><SP WIDTH="23" VPOS="1397" HPOS="1111"/>
							<String ID="string_173" HPOS="1134" VPOS="1398" WIDTH="114" HEIGHT="30" WC="0.93" CONTENT="såsom"/><SP WIDTH="24" VPOS="1398" HPOS="1248"/>
							<String ID="string_174" HPOS="1272" VPOS="1400" WIDTH="261" HEIGHT="39" WC="0.88" CONTENT="övningslärare"/><SP WIDTH="24" VPOS="1400" HPOS="1533"/>
							<String ID="string_175" HPOS="1557" VPOS="1401" WIDTH="65" HEIGHT="30" WC="0.92" CONTENT="och"/><SP WIDTH="24" VPOS="1401" HPOS="1622"/>
							<String ID="string_176" HPOS="1646" VPOS="1411" WIDTH="126" HEIGHT="21" WC="0.92" CONTENT="varun-"/>
						</TextLine>
						<TextLine ID="line_24" HPOS="265" VPOS="1445" WIDTH="1505" HEIGHT="47">
							<String ID="string_177" HPOS="265" VPOS="1445" WIDTH="61" HEIGHT="29" WC="0.96" CONTENT="der"/><SP WIDTH="22" VPOS="1445" HPOS="326"/>
							<String ID="string_178" HPOS="348" VPOS="1446" WIDTH="68" HEIGHT="29" WC="0.96" CONTENT="den"/><SP WIDTH="22" VPOS="1446" HPOS="416"/>
							<String ID="string_179" HPOS="438" VPOS="1446" WIDTH="107" HEIGHT="38" WC="0.96" CONTENT="enligt"/><SP WIDTH="25" VPOS="1446" HPOS="545"/>
							<String ID="string_180" HPOS="570" VPOS="1447" WIDTH="132" HEIGHT="29" WC="0.93" CONTENT="statens"/><SP WIDTH="24" VPOS="1447" HPOS="702"/>
							<String ID="string_181" HPOS="726" VPOS="1447" WIDTH="391" HEIGHT="41" WC="0.92" CONTENT="löneplansförordning"/><SP WIDTH="22" VPOS="1447" HPOS="1117"/>
							<String ID="string_182" HPOS="1139" VPOS="1449" WIDTH="55" HEIGHT="30" WC="0.97" CONTENT="för"/><SP WIDTH="25" VPOS="1449" HPOS="1194"/>
							<String ID="string_183" HPOS="1219" VPOS="1450" WIDTH="257" HEIGHT="30" WC="0.93" CONTENT="vederbörande"/><SP WIDTH="25" VPOS="1450" HPOS="1476"/>
							<String ID="string_184" HPOS="1501" VPOS="1452" WIDTH="176" HEIGHT="29" WC="0.90" CONTENT="löneklass"/><SP WIDTH="25" VPOS="1452" HPOS="1677"/>
							<String ID="string_185" HPOS="1702" VPOS="1453" WIDTH="68" HEIGHT="39" WC="0.92" CONTENT="gäl-"/>
						</TextLine>
						<TextLine ID="line_25" HPOS="264" VPOS="1495" WIDTH="1502" HEIGHT="47">
							<String ID="string_186" HPOS="264" VPOS="1495" WIDTH="103" HEIGHT="30" WC="0.96" CONTENT="lande"/><SP WIDTH="21" VPOS="1495" HPOS="367"/>
							<String ID="string_187" HPOS="388" VPOS="1495" WIDTH="254" HEIGHT="31" WC="0.96" CONTENT="månadslönen"/><SP WIDTH="20" VPOS="1495" HPOS="642"/>
							<String ID="string_188" HPOS="662" VPOS="1498" WIDTH="78" HEIGHT="29" WC="0.96" CONTENT="med"/><SP WIDTH="22" VPOS="1498" HPOS="740"/>
							<String ID="string_189" HPOS="762" VPOS="1497" WIDTH="139" HEIGHT="40" WC="0.96" CONTENT="hänsyn"/><SP WIDTH="21" VPOS="1497" HPOS="901"/>
							<String ID="string_190" HPOS="922" VPOS="1498" WIDTH="52" HEIGHT="29" WC="0.93" CONTENT="till"/><SP WIDTH="23" VPOS="1498" HPOS="974"/>
							<String ID="string_191" HPOS="997" VPOS="1499" WIDTH="534" HEIGHT="41" WC="0.91" CONTENT="undervisningsskyldighetens"/><SP WIDTH="22" VPOS="1499" HPOS="1531"/>
							<String ID="string_192" HPOS="1553" VPOS="1503" WIDTH="213" HEIGHT="39" WC="0.96" CONTENT="omfattning"/>
						</TextLine>
						<TextLine ID="line_26" HPOS="263" VPOS="1545" WIDTH="1504" HEIGHT="43">
							<String ID="string_193" HPOS="263" VPOS="1545" WIDTH="170" HEIGHT="30" WC="0.96" CONTENT="minskats"/><SP WIDTH="16" VPOS="1545" HPOS="433"/>
							<String ID="string_194" HPOS="449" VPOS="1546" WIDTH="105" HEIGHT="37" WC="0.96" CONTENT="enligt"/><SP WIDTH="19" VPOS="1546" HPOS="554"/>
							<String ID="string_195" HPOS="573" VPOS="1546" WIDTH="264" HEIGHT="31" WC="0.96" CONTENT="föreskrifterna"/><SP WIDTH="18" VPOS="1546" HPOS="837"/>
							<String ID="string_196" HPOS="855" VPOS="1548" WIDTH="11" HEIGHT="28" WC="0.93" CONTENT="i"/><SP WIDTH="17" VPOS="1548" HPOS="866"/>
							<String ID="string_197" HPOS="883" VPOS="1548" WIDTH="402" HEIGHT="37" WC="0.90" CONTENT="avlöningsreglementet"/><SP WIDTH="18" VPOS="1548" HPOS="1285"/>
							<String ID="string_198" HPOS="1303" VPOS="1550" WIDTH="55" HEIGHT="29" WC="0.93" CONTENT="för"/><SP WIDTH="17" VPOS="1550" HPOS="1358"/>
							<String ID="string_199" HPOS="1375" VPOS="1551" WIDTH="269" HEIGHT="37" WC="0.91" CONTENT="övningslärare,"/><SP WIDTH="18" VPOS="1551" HPOS="1644"/>
							<String ID="string_200" HPOS="1662" VPOS="1553" WIDTH="105" HEIGHT="29" WC="0.91" CONTENT="mins-"/>
						</TextLine>
						<TextLine ID="line_27" HPOS="262" VPOS="1596" WIDTH="1505" HEIGHT="37">
							<String ID="string_201" HPOS="262" VPOS="1596" WIDTH="65" HEIGHT="29" WC="0.96" CONTENT="kas"/><SP WIDTH="24" VPOS="1596" HPOS="327"/>
							<String ID="string_202" HPOS="351" VPOS="1596" WIDTH="79" HEIGHT="29" WC="0.96" CONTENT="med"/><SP WIDTH="23" VPOS="1596" HPOS="430"/>
							<String ID="string_203" HPOS="453" VPOS="1605" WIDTH="136" HEIGHT="21" WC="0.95" CONTENT="samma"/><SP WIDTH="25" VPOS="1605" HPOS="589"/>
							<String ID="string_204" HPOS="614" VPOS="1597" WIDTH="137" HEIGHT="30" WC="0.95" CONTENT="bråktal"/><SP WIDTH="25" VPOS="1597" HPOS="751"/>
							<String ID="string_205" HPOS="776" VPOS="1607" WIDTH="74" HEIGHT="20" WC="0.96" CONTENT="som"/><SP WIDTH="24" VPOS="1607" HPOS="850"/>
							<String ID="string_206" HPOS="874" VPOS="1598" WIDTH="67" HEIGHT="34" WC="0.96" CONTENT="det,"/><SP WIDTH="26" VPOS="1598" HPOS="941"/>
							<String ID="string_207" HPOS="967" VPOS="1600" WIDTH="143" HEIGHT="29" WC="0.96" CONTENT="varmed"/><SP WIDTH="25" VPOS="1600" HPOS="1110"/>
							<String ID="string_208" HPOS="1135" VPOS="1600" WIDTH="253" HEIGHT="30" WC="0.96" CONTENT="månadslönen"/><SP WIDTH="25" VPOS="1600" HPOS="1388"/>
							<String ID="string_209" HPOS="1413" VPOS="1611" WIDTH="41" HEIGHT="21" WC="0.96" CONTENT="av"/><SP WIDTH="26" VPOS="1611" HPOS="1454"/>
							<String ID="string_210" HPOS="1480" VPOS="1602" WIDTH="147" HEIGHT="30" WC="0.93" CONTENT="berörda"/><SP WIDTH="24" VPOS="1602" HPOS="1627"/>
							<String ID="string_211" HPOS="1651" VPOS="1603" WIDTH="116" HEIGHT="30" WC="0.92" CONTENT="anled-"/>
						</TextLine>
						<TextLine ID="line_28" HPOS="262" VPOS="1646" WIDTH="289" HEIGHT="39">
							<String ID="string_212" HPOS="262" VPOS="1646" WIDTH="85" HEIGHT="39" WC="0.96" CONTENT="ning"/><SP WIDTH="21" VPOS="1646" HPOS="347"/>
							<String ID="string_213" HPOS="368" VPOS="1647" WIDTH="183" HEIGHT="29" WC="0.96" CONTENT="minskats."/>
						</TextLine>
					</TextBlock>
					<TextBlock ID="block_10" HPOS="259" VPOS="1697" WIDTH="1505" HEIGHT="193">
						<TextLine ID="line_29" HPOS="305" VPOS="1697" WIDTH="1459" HEIGHT="45">
							<String ID="string_214" HPOS="305" VPOS="1697" WIDTH="66" HEIGHT="29" WC="0.96" CONTENT="Vid"/><SP WIDTH="18" VPOS="1697" HPOS="371"/>
							<String ID="string_215" HPOS="389" VPOS="1697" WIDTH="216" HEIGHT="30" WC="0.96" CONTENT="bedömande"/><SP WIDTH="17" VPOS="1697" HPOS="605"/>
							<String ID="string_216" HPOS="622" VPOS="1698" WIDTH="174" HEIGHT="31" WC="0.96" CONTENT="huruvida"/><SP WIDTH="19" VPOS="1698" HPOS="796"/>
							<String ID="string_217" HPOS="815" VPOS="1700" WIDTH="295" HEIGHT="39" WC="0.96" CONTENT="förutsättningar"/><SP WIDTH="19" VPOS="1700" HPOS="1110"/>
							<String ID="string_218" HPOS="1129" VPOS="1701" WIDTH="166" HEIGHT="39" WC="0.96" CONTENT="föreligga"/><SP WIDTH="19" VPOS="1701" HPOS="1295"/>
							<String ID="string_219" HPOS="1314" VPOS="1702" WIDTH="55" HEIGHT="30" WC="0.96" CONTENT="för"/><SP WIDTH="21" VPOS="1702" HPOS="1369"/>
							<String ID="string_220" HPOS="1390" VPOS="1703" WIDTH="228" HEIGHT="39" WC="0.96" CONTENT="medgivande"/><SP WIDTH="19" VPOS="1703" HPOS="1618"/>
							<String ID="string_221" HPOS="1637" VPOS="1713" WIDTH="42" HEIGHT="21" WC="0.91" CONTENT="av"/><SP WIDTH="19" VPOS="1713" HPOS="1679"/>
							<String ID="string_222" HPOS="1698" VPOS="1706" WIDTH="66" HEIGHT="28" WC="0.96" CONTENT="rätt"/>
						</TextLine>
						<TextLine ID="line_30" HPOS="261" VPOS="1746" WIDTH="1503" HEIGHT="45">
							<String ID="string_223" HPOS="261" VPOS="1746" WIDTH="53" HEIGHT="29" WC="0.96" CONTENT="till"/><SP WIDTH="25" VPOS="1746" HPOS="314"/>
							<String ID="string_224" HPOS="339" VPOS="1747" WIDTH="279" HEIGHT="40" WC="0.96" CONTENT="förtidspension"/><SP WIDTH="27" VPOS="1747" HPOS="618"/>
							<String ID="string_225" HPOS="645" VPOS="1749" WIDTH="106" HEIGHT="38" WC="0.95" CONTENT="enligt"/><SP WIDTH="29" VPOS="1749" HPOS="751"/>
							<String ID="string_226" HPOS="780" VPOS="1750" WIDTH="37" HEIGHT="28" WC="0.92" CONTENT="11"/><SP WIDTH="32" VPOS="1750" HPOS="817"/>
							<String ID="string_227" HPOS="849" VPOS="1749" WIDTH="15" HEIGHT="37" WC="0.83" CONTENT="$"/><SP WIDTH="29" VPOS="1749" HPOS="864"/>
							<String ID="string_228" HPOS="893" VPOS="1750" WIDTH="18" HEIGHT="29" WC="0.96" CONTENT="2"/><SP WIDTH="27" VPOS="1750" HPOS="911"/>
							<String ID="string_229" HPOS="938" VPOS="1759" WIDTH="105" HEIGHT="21" WC="0.95" CONTENT="mom."/><SP WIDTH="29" VPOS="1759" HPOS="1043"/>
							<String ID="string_230" HPOS="1072" VPOS="1751" WIDTH="112" HEIGHT="30" WC="0.96" CONTENT="första"/><SP WIDTH="26" VPOS="1751" HPOS="1184"/>
							<String ID="string_231" HPOS="1210" VPOS="1752" WIDTH="135" HEIGHT="39" WC="0.96" CONTENT="stycket"/><SP WIDTH="26" VPOS="1752" HPOS="1345"/>
							<String ID="string_232" HPOS="1371" VPOS="1753" WIDTH="100" HEIGHT="34" WC="0.95" CONTENT="skall,"/><SP WIDTH="27" VPOS="1753" HPOS="1471"/>
							<String ID="string_233" HPOS="1498" VPOS="1756" WIDTH="134" HEIGHT="28" WC="0.96" CONTENT="oavsett"/><SP WIDTH="27" VPOS="1756" HPOS="1632"/>
							<String ID="string_234" HPOS="1659" VPOS="1756" WIDTH="65" HEIGHT="28" WC="0.96" CONTENT="vad"/><SP WIDTH="30" VPOS="1756" HPOS="1724"/>
							<String ID="string_235" HPOS="1754" VPOS="1755" WIDTH="10" HEIGHT="28" WC="0.96" CONTENT="i"/>
						</TextLine>
						<TextLine ID="line_31" HPOS="259" VPOS="1797" WIDTH="1505" HEIGHT="47">
							<String ID="string_236" HPOS="259" VPOS="1797" WIDTH="290" HEIGHT="39" WC="0.92" CONTENT="nästföregående"/><SP WIDTH="25" VPOS="1797" HPOS="549"/>
							<String ID="string_237" HPOS="574" VPOS="1799" WIDTH="120" HEIGHT="38" WC="0.93" CONTENT="stycke"/><SP WIDTH="24" VPOS="1799" HPOS="694"/>
							<String ID="string_238" HPOS="718" VPOS="1800" WIDTH="166" HEIGHT="38" WC="0.92" CONTENT="stadgats,"/><SP WIDTH="25" VPOS="1800" HPOS="884"/>
							<String ID="string_239" HPOS="909" VPOS="1800" WIDTH="139" HEIGHT="39" WC="0.96" CONTENT="hänsyn"/><SP WIDTH="24" VPOS="1800" HPOS="1048"/>
							<String ID="string_240" HPOS="1072" VPOS="1803" WIDTH="97" HEIGHT="37" WC="0.96" CONTENT="tagas"/><SP WIDTH="26" VPOS="1803" HPOS="1169"/>
							<String ID="string_241" HPOS="1195" VPOS="1801" WIDTH="51" HEIGHT="30" WC="0.93" CONTENT="till"/><SP WIDTH="26" VPOS="1801" HPOS="1246"/>
							<String ID="string_242" HPOS="1272" VPOS="1803" WIDTH="197" HEIGHT="38" WC="0.91" CONTENT="tjänståren"/><SP WIDTH="28" VPOS="1803" HPOS="1469"/>
							<String ID="string_243" HPOS="1497" VPOS="1805" WIDTH="198" HEIGHT="30" WC="0.96" CONTENT="beräknade"/><SP WIDTH="26" VPOS="1805" HPOS="1695"/>
							<String ID="string_244" HPOS="1721" VPOS="1806" WIDTH="43" HEIGHT="38" WC="0.96" CONTENT="på"/>
						</TextLine>
						<TextLine ID="line_32" HPOS="260" VPOS="1848" WIDTH="772" HEIGHT="42">
							<String ID="string_245" HPOS="260" VPOS="1848" WIDTH="69" HEIGHT="29" WC="0.96" CONTENT="sätt"/><SP WIDTH="21" VPOS="1848" HPOS="329"/>
							<String ID="string_246" HPOS="350" VPOS="1848" WIDTH="10" HEIGHT="28" WC="0.96" CONTENT="i"/><SP WIDTH="26" VPOS="1848" HPOS="360"/>
							<String ID="string_247" HPOS="386" VPOS="1848" WIDTH="38" HEIGHT="29" WC="0.87" CONTENT="15"/><SP WIDTH="24" VPOS="1848" HPOS="424"/>
							<String ID="string_248" HPOS="448" VPOS="1848" WIDTH="15" HEIGHT="37" WC="0.88" CONTENT="$"/><SP WIDTH="25" VPOS="1848" HPOS="463"/>
							<String ID="string_249" HPOS="488" VPOS="1849" WIDTH="14" HEIGHT="28" WC="0.90" CONTENT="I"/><SP WIDTH="23" VPOS="1849" HPOS="502"/>
							<String ID="string_250" HPOS="525" VPOS="1858" WIDTH="107" HEIGHT="20" WC="0.95" CONTENT="mom."/><SP WIDTH="21" VPOS="1858" HPOS="632"/>
							<String ID="string_251" HPOS="653" VPOS="1850" WIDTH="111" HEIGHT="29" WC="0.96" CONTENT="första"/><SP WIDTH="20" VPOS="1850" HPOS="764"/>
							<String ID="string_252" HPOS="784" VPOS="1851" WIDTH="136" HEIGHT="38" WC="0.96" CONTENT="stycket"/><SP WIDTH="23" VPOS="1851" HPOS="920"/>
							<String ID="string_253" HPOS="943" VPOS="1852" WIDTH="89" HEIGHT="38" WC="0.96" CONTENT="sägs."/>
						</TextLine>
					</TextBlock>
					<TextBlock ID="block_11" HPOS="250" VPOS="1898" WIDTH="1512" HEIGHT="444">
						<TextLine ID="line_33" HPOS="302" VPOS="1898" WIDTH="1460" HEIGHT="47">
							<String ID="string_254" HPOS="302" VPOS="1898" WIDTH="31" HEIGHT="29" WC="0.87" CONTENT="5."/><SP WIDTH="37" VPOS="1898" HPOS="333"/>
							<String ID="string_255" HPOS="370" VPOS="1898" WIDTH="73" HEIGHT="30" WC="0.92" CONTENT="Vad"/><SP WIDTH="22" VPOS="1898" HPOS="443"/>
							<String ID="string_256" HPOS="465" VPOS="1899" WIDTH="10" HEIGHT="28" WC="0.92" CONTENT="i"/><SP WIDTH="24" VPOS="1899" HPOS="475"/>
							<String ID="string_257" HPOS="499" VPOS="1899" WIDTH="37" HEIGHT="29" WC="0.95" CONTENT="17"/><SP WIDTH="23" VPOS="1899" HPOS="536"/>
							<String ID="string_258" HPOS="559" VPOS="1899" WIDTH="65" HEIGHT="29" WC="0.96" CONTENT="och"/><SP WIDTH="25" VPOS="1899" HPOS="624"/>
							<String ID="string_259" HPOS="649" VPOS="1899" WIDTH="39" HEIGHT="30" WC="0.91" CONTENT="18"/><SP WIDTH="22" VPOS="1899" HPOS="688"/>
							<String ID="string_260" HPOS="710" VPOS="1899" WIDTH="37" HEIGHT="38" WC="0.70" CONTENT="5$"/><SP WIDTH="23" VPOS="1899" HPOS="747"/>
							<String ID="string_261" HPOS="770" VPOS="1901" WIDTH="78" HEIGHT="38" WC="0.96" CONTENT="sägs"/><SP WIDTH="23" VPOS="1901" HPOS="848"/>
							<String ID="string_262" HPOS="871" VPOS="1910" WIDTH="56" HEIGHT="20" WC="0.96" CONTENT="om"/><SP WIDTH="21" VPOS="1910" HPOS="927"/>
							<String ID="string_263" HPOS="948" VPOS="1901" WIDTH="263" HEIGHT="31" WC="0.96" CONTENT="bestämmande"/><SP WIDTH="20" VPOS="1901" HPOS="1211"/>
							<String ID="string_264" HPOS="1231" VPOS="1912" WIDTH="42" HEIGHT="21" WC="0.92" CONTENT="av"/><SP WIDTH="21" VPOS="1912" HPOS="1273"/>
							<String ID="string_265" HPOS="1294" VPOS="1904" WIDTH="239" HEIGHT="41" WC="0.91" CONTENT="grundbelopp"/><SP WIDTH="21" VPOS="1904" HPOS="1533"/>
							<String ID="string_266" HPOS="1554" VPOS="1915" WIDTH="42" HEIGHT="20" WC="0.93" CONTENT="av"/><SP WIDTH="20" VPOS="1915" HPOS="1596"/>
							<String ID="string_267" HPOS="1616" VPOS="1906" WIDTH="146" HEIGHT="30" WC="0.91" CONTENT="invalid-"/>
						</TextLine>
						<TextLine ID="line_34" HPOS="257" VPOS="1948" WIDTH="1504" HEIGHT="47">
							<String ID="string_268" HPOS="257" VPOS="1948" WIDTH="145" HEIGHT="39" WC="0.95" CONTENT="pension"/><SP WIDTH="17" VPOS="1948" HPOS="402"/>
							<String ID="string_269" HPOS="419" VPOS="1949" WIDTH="81" HEIGHT="29" WC="0.96" CONTENT="eller"/><SP WIDTH="17" VPOS="1949" HPOS="500"/>
							<String ID="string_270" HPOS="517" VPOS="1949" WIDTH="231" HEIGHT="40" WC="0.96" CONTENT="sjukpension"/><SP WIDTH="19" VPOS="1949" HPOS="748"/>
							<String ID="string_271" HPOS="767" VPOS="1951" WIDTH="54" HEIGHT="29" WC="0.93" CONTENT="för"/><SP WIDTH="15" VPOS="1951" HPOS="821"/>
							<String ID="string_272" HPOS="836" VPOS="1951" WIDTH="269" HEIGHT="31" WC="0.92" CONTENT="icke-ordinarie"/><SP WIDTH="16" VPOS="1951" HPOS="1105"/>
							<String ID="string_273" HPOS="1121" VPOS="1953" WIDTH="215" HEIGHT="38" WC="0.96" CONTENT="tjänsteman"/><SP WIDTH="16" VPOS="1953" HPOS="1336"/>
							<String ID="string_274" HPOS="1352" VPOS="1956" WIDTH="79" HEIGHT="28" WC="0.93" CONTENT="med"/><SP WIDTH="17" VPOS="1956" HPOS="1431"/>
							<String ID="string_275" HPOS="1448" VPOS="1956" WIDTH="170" HEIGHT="30" WC="0.92" CONTENT="avkortad"/><SP WIDTH="18" VPOS="1956" HPOS="1618"/>
							<String ID="string_276" HPOS="1636" VPOS="1956" WIDTH="125" HEIGHT="39" WC="0.91" CONTENT="tjänst-"/>
						</TextLine>
						<TextLine ID="line_35" HPOS="255" VPOS="1999" WIDTH="1506" HEIGHT="49">
							<String ID="string_277" HPOS="255" VPOS="1999" WIDTH="193" HEIGHT="39" WC="0.91" CONTENT="göringstid"/><SP WIDTH="26" VPOS="1999" HPOS="448"/>
							<String ID="string_278" HPOS="474" VPOS="2001" WIDTH="90" HEIGHT="29" WC="0.96" CONTENT="skall"/><SP WIDTH="25" VPOS="2001" HPOS="564"/>
							<String ID="string_279" HPOS="589" VPOS="2001" WIDTH="222" HEIGHT="30" WC="0.96" CONTENT="beträffande"/><SP WIDTH="27" VPOS="2001" HPOS="811"/>
							<String ID="string_280" HPOS="838" VPOS="2004" WIDTH="97" HEIGHT="29" WC="0.96" CONTENT="extra"/><SP WIDTH="25" VPOS="2004" HPOS="935"/>
							<String ID="string_281" HPOS="960" VPOS="2003" WIDTH="176" HEIGHT="30" WC="0.93" CONTENT="ordinarie"/><SP WIDTH="25" VPOS="2003" HPOS="1136"/>
							<String ID="string_282" HPOS="1161" VPOS="2004" WIDTH="261" HEIGHT="40" WC="0.91" CONTENT="övningslärare"/><SP WIDTH="26" VPOS="2004" HPOS="1422"/>
							<String ID="string_283" HPOS="1448" VPOS="2007" WIDTH="64" HEIGHT="38" WC="0.95" CONTENT="äga"/><SP WIDTH="25" VPOS="2007" HPOS="1512"/>
							<String ID="string_284" HPOS="1537" VPOS="2007" WIDTH="224" HEIGHT="41" WC="0.96" CONTENT="tillämpning"/>
						</TextLine>
						<TextLine ID="line_36" HPOS="255" VPOS="2049" WIDTH="1505" HEIGHT="46">
							<String ID="string_285" HPOS="255" VPOS="2049" WIDTH="55" HEIGHT="30" WC="0.96" CONTENT="för"/><SP WIDTH="21" VPOS="2049" HPOS="310"/>
							<String ID="string_286" HPOS="331" VPOS="2050" WIDTH="58" HEIGHT="29" WC="0.96" CONTENT="det"/><SP WIDTH="21" VPOS="2050" HPOS="389"/>
							<String ID="string_287" HPOS="410" VPOS="2050" WIDTH="72" HEIGHT="34" WC="0.96" CONTENT="fall,"/><SP WIDTH="21" VPOS="2050" HPOS="482"/>
							<String ID="string_288" HPOS="503" VPOS="2052" WIDTH="52" HEIGHT="28" WC="0.96" CONTENT="att"/><SP WIDTH="21" VPOS="2052" HPOS="555"/>
							<String ID="string_289" HPOS="576" VPOS="2052" WIDTH="66" HEIGHT="29" WC="0.96" CONTENT="den"/><SP WIDTH="22" VPOS="2052" HPOS="642"/>
							<String ID="string_290" HPOS="664" VPOS="2051" WIDTH="106" HEIGHT="40" WC="0.96" CONTENT="enligt"/><SP WIDTH="22" VPOS="2051" HPOS="770"/>
							<String ID="string_291" HPOS="792" VPOS="2054" WIDTH="132" HEIGHT="28" WC="0.93" CONTENT="statens"/><SP WIDTH="22" VPOS="2054" HPOS="924"/>
							<String ID="string_292" HPOS="946" VPOS="2054" WIDTH="390" HEIGHT="41" WC="0.91" CONTENT="löneplansförordning"/><SP WIDTH="21" VPOS="2054" HPOS="1336"/>
							<String ID="string_293" HPOS="1357" VPOS="2056" WIDTH="55" HEIGHT="30" WC="0.96" CONTENT="för"/><SP WIDTH="21" VPOS="2056" HPOS="1412"/>
							<String ID="string_294" HPOS="1433" VPOS="2058" WIDTH="259" HEIGHT="30" WC="0.93" CONTENT="vederbörande"/><SP WIDTH="22" VPOS="2058" HPOS="1692"/>
							<String ID="string_295" HPOS="1714" VPOS="2059" WIDTH="46" HEIGHT="29" WC="0.92" CONTENT="lö-"/>
						</TextLine>
						<TextLine ID="line_37" HPOS="253" VPOS="2099" WIDTH="1507" HEIGHT="49">
							<String ID="string_296" HPOS="253" VPOS="2099" WIDTH="142" HEIGHT="31" WC="0.92" CONTENT="neklass"/><SP WIDTH="20" VPOS="2099" HPOS="395"/>
							<String ID="string_297" HPOS="415" VPOS="2101" WIDTH="159" HEIGHT="38" WC="0.96" CONTENT="gällande"/><SP WIDTH="19" VPOS="2101" HPOS="574"/>
							<String ID="string_298" HPOS="593" VPOS="2101" WIDTH="254" HEIGHT="31" WC="0.96" CONTENT="månadslönen"/><SP WIDTH="20" VPOS="2101" HPOS="847"/>
							<String ID="string_299" HPOS="867" VPOS="2103" WIDTH="57" HEIGHT="30" WC="0.96" CONTENT="vid"/><SP WIDTH="21" VPOS="2103" HPOS="924"/>
							<String ID="string_300" HPOS="945" VPOS="2103" WIDTH="179" HEIGHT="40" WC="0.96" CONTENT="avgången"/><SP WIDTH="20" VPOS="2103" HPOS="1124"/>
							<String ID="string_301" HPOS="1144" VPOS="2106" WIDTH="79" HEIGHT="29" WC="0.96" CONTENT="med"/><SP WIDTH="19" VPOS="2106" HPOS="1223"/>
							<String ID="string_302" HPOS="1242" VPOS="2106" WIDTH="140" HEIGHT="39" WC="0.96" CONTENT="hänsyn"/><SP WIDTH="19" VPOS="2106" HPOS="1382"/>
							<String ID="string_303" HPOS="1401" VPOS="2107" WIDTH="51" HEIGHT="30" WC="0.93" CONTENT="till"/><SP WIDTH="22" VPOS="2107" HPOS="1452"/>
							<String ID="string_304" HPOS="1474" VPOS="2108" WIDTH="286" HEIGHT="40" WC="0.91" CONTENT="undervisnings-"/>
						</TextLine>
						<TextLine ID="line_38" HPOS="253" VPOS="2150" WIDTH="1505" HEIGHT="48">
							<String ID="string_305" HPOS="253" VPOS="2150" WIDTH="261" HEIGHT="39" WC="0.92" CONTENT="skyldighetens"/><SP WIDTH="31" VPOS="2150" HPOS="514"/>
							<String ID="string_306" HPOS="545" VPOS="2152" WIDTH="213" HEIGHT="40" WC="0.96" CONTENT="omfattning"/><SP WIDTH="30" VPOS="2152" HPOS="758"/>
							<String ID="string_307" HPOS="788" VPOS="2152" WIDTH="173" HEIGHT="31" WC="0.96" CONTENT="minskats"/><SP WIDTH="31" VPOS="2152" HPOS="961"/>
							<String ID="string_308" HPOS="992" VPOS="2154" WIDTH="107" HEIGHT="40" WC="0.96" CONTENT="enligt"/><SP WIDTH="30" VPOS="2154" HPOS="1099"/>
							<String ID="string_309" HPOS="1129" VPOS="2155" WIDTH="268" HEIGHT="32" WC="0.96" CONTENT="föreskrifterna"/><SP WIDTH="30" VPOS="2155" HPOS="1397"/>
							<String ID="string_310" HPOS="1427" VPOS="2157" WIDTH="10" HEIGHT="29" WC="0.93" CONTENT="i"/><SP WIDTH="30" VPOS="2157" HPOS="1437"/>
							<String ID="string_311" HPOS="1467" VPOS="2158" WIDTH="291" HEIGHT="40" WC="0.88" CONTENT="avlöningsregle-"/>
						</TextLine>
						<TextLine ID="line_39" HPOS="252" VPOS="2201" WIDTH="1506" HEIGHT="48">
							<String ID="string_312" HPOS="252" VPOS="2201" WIDTH="132" HEIGHT="29" WC="0.95" CONTENT="mentet"/><SP WIDTH="26" VPOS="2201" HPOS="384"/>
							<String ID="string_313" HPOS="410" VPOS="2201" WIDTH="54" HEIGHT="29" WC="0.93" CONTENT="för"/><SP WIDTH="27" VPOS="2201" HPOS="464"/>
							<String ID="string_314" HPOS="491" VPOS="2201" WIDTH="271" HEIGHT="40" WC="0.91" CONTENT="övningslärare."/><SP WIDTH="28" VPOS="2201" HPOS="762"/>
							<String ID="string_315" HPOS="790" VPOS="2203" WIDTH="131" HEIGHT="30" WC="0.96" CONTENT="Härvid"/><SP WIDTH="25" VPOS="2203" HPOS="921"/>
							<String ID="string_316" HPOS="946" VPOS="2204" WIDTH="289" HEIGHT="31" WC="0.96" CONTENT="förekommande"/><SP WIDTH="26" VPOS="2204" HPOS="1235"/>
							<String ID="string_317" HPOS="1261" VPOS="2207" WIDTH="188" HEIGHT="30" WC="0.96" CONTENT="reduktion"/><SP WIDTH="26" VPOS="2207" HPOS="1449"/>
							<String ID="string_318" HPOS="1475" VPOS="2217" WIDTH="41" HEIGHT="21" WC="0.93" CONTENT="av"/><SP WIDTH="25" VPOS="2217" HPOS="1516"/>
							<String ID="string_319" HPOS="1541" VPOS="2208" WIDTH="217" HEIGHT="41" WC="0.91" CONTENT="tjänstepen-"/>
						</TextLine>
						<TextLine ID="line_40" HPOS="252" VPOS="2250" WIDTH="1503" HEIGHT="41">
							<String ID="string_320" HPOS="252" VPOS="2250" WIDTH="302" HEIGHT="40" WC="0.92" CONTENT="sionsunderlaget"/><SP WIDTH="18" VPOS="2250" HPOS="554"/>
							<String ID="string_321" HPOS="572" VPOS="2252" WIDTH="89" HEIGHT="31" WC="0.96" CONTENT="skall"/><SP WIDTH="19" VPOS="2252" HPOS="661"/>
							<String ID="string_322" HPOS="680" VPOS="2253" WIDTH="60" HEIGHT="29" WC="0.96" CONTENT="ske"/><SP WIDTH="18" VPOS="2253" HPOS="740"/>
							<String ID="string_323" HPOS="758" VPOS="2253" WIDTH="79" HEIGHT="30" WC="0.96" CONTENT="med"/><SP WIDTH="19" VPOS="2253" HPOS="837"/>
							<String ID="string_324" HPOS="856" VPOS="2262" WIDTH="134" HEIGHT="22" WC="0.96" CONTENT="samma"/><SP WIDTH="16" VPOS="2262" HPOS="990"/>
							<String ID="string_325" HPOS="1006" VPOS="2254" WIDTH="139" HEIGHT="31" WC="0.96" CONTENT="bråktal"/><SP WIDTH="19" VPOS="2254" HPOS="1145"/>
							<String ID="string_326" HPOS="1164" VPOS="2265" WIDTH="75" HEIGHT="20" WC="0.96" CONTENT="som"/><SP WIDTH="18" VPOS="2265" HPOS="1239"/>
							<String ID="string_327" HPOS="1257" VPOS="2257" WIDTH="67" HEIGHT="34" WC="0.95" CONTENT="det,"/><SP WIDTH="18" VPOS="2257" HPOS="1324"/>
							<String ID="string_328" HPOS="1342" VPOS="2259" WIDTH="142" HEIGHT="29" WC="0.96" CONTENT="varmed"/><SP WIDTH="17" VPOS="2259" HPOS="1484"/>
							<String ID="string_329" HPOS="1501" VPOS="2258" WIDTH="254" HEIGHT="32" WC="0.95" CONTENT="månadslönen"/>
						</TextLine>
						<TextLine ID="line_41" HPOS="250" VPOS="2301" WIDTH="626" HEIGHT="41">
							<String ID="string_330" HPOS="250" VPOS="2309" WIDTH="43" HEIGHT="21" WC="0.96" CONTENT="av"/><SP WIDTH="20" VPOS="2309" HPOS="293"/>
							<String ID="string_331" HPOS="313" VPOS="2301" WIDTH="145" HEIGHT="30" WC="0.96" CONTENT="berörda"/><SP WIDTH="24" VPOS="2301" HPOS="458"/>
							<String ID="string_332" HPOS="482" VPOS="2301" WIDTH="189" HEIGHT="41" WC="0.96" CONTENT="anledning"/><SP WIDTH="21" VPOS="2301" HPOS="671"/>
							<String ID="string_333" HPOS="692" VPOS="2302" WIDTH="184" HEIGHT="31" WC="0.95" CONTENT="minskats."/>
						</TextLine>
					</TextBlock>
					<TextBlock ID="block_12" HPOS="249" VPOS="2350" WIDTH="1507" HEIGHT="97">
						<TextLine ID="line_42" HPOS="295" VPOS="2350" WIDTH="1460" HEIGHT="47">
							<String ID="string_334" HPOS="295" VPOS="2350" WIDTH="30" HEIGHT="29" WC="0.95" CONTENT="6."/><SP WIDTH="39" VPOS="2350" HPOS="325"/>
							<String ID="string_335" HPOS="364" VPOS="2350" WIDTH="72" HEIGHT="31" WC="0.90" CONTENT="Vad"/><SP WIDTH="21" VPOS="2350" HPOS="436"/>
							<String ID="string_336" HPOS="457" VPOS="2350" WIDTH="10" HEIGHT="29" WC="0.90" CONTENT="i"/><SP WIDTH="24" VPOS="2350" HPOS="467"/>
							<String ID="string_337" HPOS="491" VPOS="2350" WIDTH="38" HEIGHT="29" WC="0.92" CONTENT="13"/><SP WIDTH="23" VPOS="2350" HPOS="529"/>
							<String ID="string_338" HPOS="552" VPOS="2351" WIDTH="16" HEIGHT="36" WC="0.89" CONTENT="8"/><SP WIDTH="25" VPOS="2351" HPOS="568"/>
							<String ID="string_339" HPOS="593" VPOS="2351" WIDTH="18" HEIGHT="29" WC="0.94" CONTENT="2"/><SP WIDTH="22" VPOS="2351" HPOS="611"/>
							<String ID="string_340" HPOS="633" VPOS="2361" WIDTH="105" HEIGHT="20" WC="0.95" CONTENT="mom."/><SP WIDTH="22" VPOS="2361" HPOS="738"/>
							<String ID="string_341" HPOS="760" VPOS="2352" WIDTH="65" HEIGHT="31" WC="0.96" CONTENT="och"/><SP WIDTH="20" VPOS="2352" HPOS="825"/>
							<String ID="string_342" HPOS="845" VPOS="2353" WIDTH="40" HEIGHT="29" WC="0.93" CONTENT="25"/><SP WIDTH="24" VPOS="2353" HPOS="885"/>
							<String ID="string_343" HPOS="909" VPOS="2353" WIDTH="15" HEIGHT="37" WC="0.90" CONTENT="$"/><SP WIDTH="23" VPOS="2353" HPOS="924"/>
							<String ID="string_344" HPOS="947" VPOS="2354" WIDTH="19" HEIGHT="29" WC="0.96" CONTENT="2"/><SP WIDTH="21" VPOS="2354" HPOS="966"/>
							<String ID="string_345" HPOS="987" VPOS="2363" WIDTH="106" HEIGHT="21" WC="0.96" CONTENT="mom."/><SP WIDTH="21" VPOS="2363" HPOS="1093"/>
							<String ID="string_346" HPOS="1114" VPOS="2355" WIDTH="110" HEIGHT="30" WC="0.96" CONTENT="andra"/><SP WIDTH="22" VPOS="2355" HPOS="1224"/>
							<String ID="string_347" HPOS="1246" VPOS="2356" WIDTH="135" HEIGHT="39" WC="0.96" CONTENT="stycket"/><SP WIDTH="20" VPOS="2356" HPOS="1381"/>
							<String ID="string_348" HPOS="1401" VPOS="2358" WIDTH="39" HEIGHT="29" WC="0.96" CONTENT="är"/><SP WIDTH="21" VPOS="2358" HPOS="1440"/>
							<String ID="string_349" HPOS="1461" VPOS="2358" WIDTH="138" HEIGHT="39" WC="0.96" CONTENT="stadgat"/><SP WIDTH="22" VPOS="2358" HPOS="1599"/>
							<String ID="string_350" HPOS="1621" VPOS="2368" WIDTH="57" HEIGHT="21" WC="0.93" CONTENT="om"/><SP WIDTH="23" VPOS="2368" HPOS="1678"/>
							<String ID="string_351" HPOS="1701" VPOS="2359" WIDTH="54" HEIGHT="28" WC="0.91" CONTENT="be-"/>
						</TextLine>
						<TextLine ID="line_43" HPOS="249" VPOS="2400" WIDTH="1507" HEIGHT="47">
							<String ID="string_352" HPOS="249" VPOS="2400" WIDTH="151" HEIGHT="40" WC="0.96" CONTENT="räkning"/><SP WIDTH="21" VPOS="2400" HPOS="400"/>
							<String ID="string_353" HPOS="421" VPOS="2410" WIDTH="42" HEIGHT="21" WC="0.96" CONTENT="av"/><SP WIDTH="24" VPOS="2410" HPOS="463"/>
							<String ID="string_354" HPOS="487" VPOS="2401" WIDTH="274" HEIGHT="41" WC="0.96" CONTENT="grundbeloppet"/><SP WIDTH="23" VPOS="2401" HPOS="761"/>
							<String ID="string_355" HPOS="784" VPOS="2412" WIDTH="43" HEIGHT="21" WC="0.96" CONTENT="av"/><SP WIDTH="21" VPOS="2412" HPOS="827"/>
							<String ID="string_356" HPOS="848" VPOS="2403" WIDTH="280" HEIGHT="41" WC="0.96" CONTENT="tjänstepension"/><SP WIDTH="24" VPOS="2403" HPOS="1128"/>
							<String ID="string_357" HPOS="1152" VPOS="2406" WIDTH="194" HEIGHT="39" WC="0.95" CONTENT="respektive"/><SP WIDTH="24" VPOS="2406" HPOS="1346"/>
							<String ID="string_358" HPOS="1370" VPOS="2407" WIDTH="11" HEIGHT="29" WC="0.96" CONTENT="i"/><SP WIDTH="23" VPOS="2407" HPOS="1381"/>
							<String ID="string_359" HPOS="1404" VPOS="2408" WIDTH="99" HEIGHT="39" WC="0.96" CONTENT="fråga"/><SP WIDTH="22" VPOS="2408" HPOS="1503"/>
							<String ID="string_360" HPOS="1525" VPOS="2417" WIDTH="57" HEIGHT="22" WC="0.93" CONTENT="om"/><SP WIDTH="23" VPOS="2417" HPOS="1582"/>
							<String ID="string_361" HPOS="1605" VPOS="2409" WIDTH="151" HEIGHT="29" WC="0.87" CONTENT="bestäm-"/>
						</TextLine>
					</TextBlock>
				</ComposedBlock>
			</PrintSpace>
		</Page>
	</Layout>
</alto>
