1878 2812
503 157 405 39 Bevillningsutskottets
931 157 219 30 betänkande
1172 166 43 20 nr
1236 157 52 29 62.
1593 156 13 29 1

780 449 60 40 Nr
866 449 62 40 62.

323 570 405 39 Bevillningsutskottets
758 569 219 30 betänkande
1006 569 11 29 i
1044 568 189 39 anledning
1260 577 42 21 av
1329 567 127 39 Kungl.
1484 566 124 40 Maj:ts

545 620 216 40 proposition
779 620 81 29 med
876 619 132 41 förslag
1028 619 52 30 till
1095 619 208 40 förordning
1320 618 178 39 angående
1519 619 91 28 toxe-

545 672 77 38 ring
644 671 63 29 och
729 671 193 39 debitering
942 679 43 21 av
1005 670 95 30 skatt
1121 670 56 29 vid
1200 669 150 39 ändring
1371 670 11 28 i
1403 668 207 30 kommunal

546 721 82 31 eller
651 721 222 30 ecklesiastik
898 721 188 39 indelning,
1110 729 45 21 m.
1179 730 57 26 m.,
1259 720 110 39 jämte
1393 728 41 21 en
1459 719 10 29 i
1492 719 117 29 ämnet

547 772 101 30 väckt
667 772 144 30 motion.

149 893 13 29 I
188 902 42 21 en
256 893 66 29 den
349 892 41 30 22
418 892 144 30 oktober
589 891 84 30 1948
698 892 229 38 dagtecknad,
953 891 53 30 till
1031 891 381 39 bevillningsutskottet
1438 890 170 30 hänvisad

102 944 228 39 proposition,
355 953 41 19 nr
421 943 74 34 315,
519 943 65 30 har
608 942 126 39 Kungl.
760 942 116 39 Maj:t,
901 942 111 29 under
1037 942 219 35 åberopande
1281 951 43 20 av
1347 941 262 39 propositionen

102 995 108 39 bilagt
239 994 125 39 utdrag
392 1003 42 20 av
462 993 383 39 statsrådsprotokollet
873 993 80 29 över
981 992 275 30 finansärenden
1285 992 55 29 för
1369 1001 136 20 samma
1533 992 75 38 dag,

103 1045 179 39 föreslagit
302 1045 188 38 riksdagen
510 1046 50 28 att
581 1046 125 36 antaga
726 1044 58 29 vid
805 1043 262 39 propositionen
1088 1043 123 38 fogade
1233 1043 132 37 förslag
1384 1042 52 29 till

150 1096 34 33 1)
214 1096 207 38 förordning
447 1094 179 39 angående
653 1094 159 38 taxering
838 1094 65 29 och
929 1093 193 38 debitering
1149 1102 43 21 av
1219 1093 93 30 skatt
1338 1093 58 30 vid
1423 1092 149 39 ändring
1599 1092 11 29 i

102 1146 206 30 kommunal
331 1146 83 29 eller
436 1145 221 30 ecklesiastik
679 1144 192 39 indelning,
892 1153 46 21 m.
959 1153 62 25 m.;
1046 1145 90 29 samt

148 1197 36 33 2)
214 1197 56 38 lag
293 1196 177 39 angående
494 1195 149 39 ändring
665 1195 11 29 i
698 1195 101 39 lagen
822 1195 66 29 den
914 1194 38 29 13
974 1194 79 39 juni
1078 1194 83 29 1919
1191 1194 58 33 (nr
1273 1194 80 33 293)
1381 1203 57 20 om
1461 1194 149 38 ordning

104 1248 65 29 och
189 1248 127 29 villkor
336 1247 55 30 för
412 1247 150 38 ändring
586 1246 6 29 i
612 1246 206 29 kommunal
839 1245 65 30 och
925 1245 221 30 ecklesiastik
1166 1245 191 39 indelning.

152 1347 228 30 Beträffande
408 1345 282 41 propositionens
718 1344 258 39 huvudsakliga
1007 1343 155 31 innehåll
1190 1344 58 29 må
1276 1344 64 29 här
1369 1344 150 29 nämnas
1548 1343 64 30 föl-

101 1400 118 39 jande.

149 1450 14 29 I
180 1449 263 40 propositionen
460 1447 148 31 föreslås
625 1447 92 30 vissa
735 1456 69 29 nya
821 1446 262 30 bestämmelser
1098 1445 181 39 angående
1297 1445 158 38 taxering
1472 1445 64 29 och
1553 1445 56 29 de-

104 1500 149 38 bitering
274 1509 42 20 av
338 1500 93 29 skatt
453 1501 90 27 samt
564 1498 194 37 beräkning
779 1507 42 20 av
841 1497 145 29 fordran
1007 1496 20 30 å
1049 1497 93 29 skatt
1163 1496 63 30 hos
1249 1496 208 29 statsverket
1478 1496 11 29 i
1510 1496 98 38 fråga

103 1560 57 20 om
181 1551 183 32 kommun,
386 1548 210 39 församling
617 1547 82 30 eller
721 1557 119 20 annan
865 1546 246 39 samfällighet,
1136 1555 73 20 som
1233 1546 140 29 beröres
1397 1555 43 20 av
1462 1545 149 39 ändring

103 1601 12 30 i
141 1600 206 30 kommunal
375 1599 83 30 eller
487 1598 223 30 ecklesiastik
738 1597 191 39 indelning.
968 1596 317 30 Bestämmelserna
1314 1597 61 28 äro
1404 1596 206 29 föranledda

105 1661 42 21 av
166 1651 359 40 uppbördsreformen
546 1649 64 30 och
632 1658 79 21 avse
733 1650 51 29 att
804 1649 232 39 komplettera
1057 1648 41 30 de
1120 1648 232 34 föreskrifter,
1375 1657 73 20 som
1471 1647 139 30 medde-

103 1702 67 29 lats
188 1702 11 29 i
218 1702 100 38 lagen
336 1701 67 29 den
425 1700 39 30 13
486 1700 79 39 juni
587 1699 82 30 1919
697 1698 58 34 (nr
774 1698 80 34 293)
881 1707 57 21 om
959 1698 149 39 ordning
1128 1697 65 30 och
1211 1697 127 30 villkor
1358 1697 54 29 för
1431 1696 149 39 ändring
1599 1696 12 29 i

102 1752 207 30 kommunal
330 1752 65 29 och
416 1750 223 30 ecklesiastik
660 1750 191 38 indelning.

150 1804 154 30 Sålunda
329 1803 158 33 föreslås,
515 1804 50 28 att
590 1802 45 29 då
659 1802 57 29 vid
743 1801 150 39 ändring
919 1801 11 29 i
955 1800 206 30 kommunal
1187 1800 181 38 indelning
1394 1801 47 28 ett
1467 1799 141 30 område

104 1854 177 30 överföres
303 1854 80 29 från
405 1862 43 21 en
471 1854 171 28 kommun
664 1852 52 29 till
739 1861 42 20 en
804 1860 117 21 annan
949 1851 99 33 (eller
1070 1851 166 29 liknande
1259 1850 350 38 indelningsändring

106 1905 95 33 sker)
229 1905 57 29 det
308 1904 185 30 överförda
515 1903 157 30 området
696 1902 89 30 skall
808 1902 57 30 vid
887 1901 158 39 taxering
1066 1901 52 29 till
1140 1901 254 29 inkomstskatt
1416 1900 112 29 under
1552 1900 57 28 det

105 1956 48 34 år,
171 1955 44 30 då
231 1954 396 39 indelningsändringen
643 1953 118 30 träder
777 1953 11 29 i
805 1952 107 34 kraft,
929 1952 142 29 tillhöra
1089 1960 134 21 samma
1240 1951 188 37 ortsgrupp
1446 1959 74 20 som
1538 1958 72 20 om-

103 2005 97 30 rådet
223 2004 135 30 tillhört
380 2004 57 29 vid
459 2003 238 38 beräkningen
720 2012 42 20 av
782 2001 205 41 preliminär
1010 2001 92 29 skatt
1125 2001 54 29 för
1202 1999 291 39 nästföregående
1518 1999 48 29 år.

149 2057 98 29 Inom
267 2056 57 30 det
343 2055 185 31 överförda
547 2054 157 30 området
725 2054 99 30 skola
843 2053 107 39 enligt
968 2053 166 38 förslaget
1154 2052 131 30 allmän
1305 2051 304 30 kommunalskatt

106 2109 89 28 samt
215 2106 311 39 landstingsmedel
547 2105 64 30 och
630 2104 287 40 tingshusmedel,
939 2113 74 20 som
1032 2103 143 40 påföras
1194 2103 45 39 på
1260 2103 112 38 grund
1392 2112 41 20 av
1451 2102 159 37 taxering

104 2158 55 29 för
181 2157 154 28 inkomst
356 2156 191 30 verkställd
571 2156 110 29 under
703 2156 56 29 det
781 2155 49 34 år,
852 2155 44 29 då
917 2153 395 39 indelningsändringen
1333 2152 117 29 träder
1471 2152 10 29 i
1502 2151 106 33 kraft,

105 2208 82 38 utgå
209 2207 107 39 enligt
338 2207 67 29 den
427 2206 234 39 utdebitering
683 2206 55 29 för
762 2205 228 30 skattekrona
1011 2204 64 29 och
1098 2204 185 33 skatteöre,
1307 2203 88 29 efter
1417 2202 117 29 vilken
1558 2201 52 29 så-

105 2259 68 28 dan
191 2258 118 38 slutlig
327 2258 92 29 skatt
436 2257 140 39 påföres
598 2257 5 28 i
620 2257 66 28 den
702 2256 171 29 kommun
890 2255 157 29 området
1064 2254 95 29 förut
1177 2253 145 29 tillhört.

148 2309 158 28 Fordran
331 2308 64 29 hos
420 2307 208 29 statsverket
654 2306 19 29 å
698 2306 131 29 allmän
855 2304 302 30 kommunalskatt
1183 2304 90 28 samt
1299 2300 310 39 landstingsmedel

105 2359 64 30 och
192 2357 287 39 tingshusmedel,
505 2366 75 20 som
604 2357 142 39 påföras
770 2356 95 29 inom
890 2356 56 28 det
972 2354 183 30 överförda
1180 2353 158 31 området
1362 2352 44 39 på
1432 2352 112 37 grund
1568 2360 41 20 av

105 2409 157 38 taxering
285 2408 54 29 för
362 2408 165 33 inkomst,
549 2406 191 30 verkställd
763 2406 112 29 under
897 2406 73 29 året
993 2405 107 29 innan
1124 2402 396 39 indelningsändringen
1542 2401 68 29 trä-

105 2461 61 28 der
183 2459 11 29 i
213 2459 95 29 kraft
328 2458 82 30 eller
429 2458 111 29 under
559 2458 56 28 det
635 2456 238 39 nästföljande
893 2456 83 33 året,
996 2455 214 30 tillkommer
1229 2454 107 38 enligt
1356 2452 166 39 förslaget
1543 2452 66 29 den

136 2525 13 26 1
196 2525 111 29 Bihang
319 2524 46 24 till
377 2523 170 31 riksdagens
559 2523 146 31 protokoll
718 2523 76 25 1948.
815 2523 14 23 7
841 2522 83 25 saml.
945 2522 44 26 'Nr
1007 2524 39 24 62.
