1912 2832
292 156 17 30 2
672 158 381 33 Jordbruksutskottets
1078 158 175 31 utlåtande
1278 158 49 30 Nr
1349 160 49 29 37.

971 378 60 40 Nr
1059 378 61 42 3/7.

839 483 110 23 Ankom
967 482 42 23 till
1029 483 153 29 riksdagens
1201 483 87 22 kansli
1307 483 52 22 den
1378 480 32 25 23
1429 489 71 16 mars
1520 480 64 26 1936
1604 483 34 23 kl.
1660 481 12 24 1
1692 489 20 17 e.
1733 490 34 16 m.

523 570 182 30 Utlåtande
737 571 10 29 i
779 570 188 36 anledning
995 579 42 21 av
1069 569 123 37 Kungl.
1225 569 120 37 Maj:ts
1375 570 215 36 proposition
1623 569 179 37 angående

740 620 209 38 försäljning
976 630 41 20 av
1045 621 90 29 vissa
1159 619 269 31 markområden
1455 619 50 31 till
1531 620 122 30 staden
1679 620 123 30 Marie-

741 671 86 30 stad.

1574 736 68 39 (2:a
1663 736 88 39 avd.)

345 839 13 30 I
377 848 43 21 en
441 839 50 30 till
510 838 185 37 riksdagen
717 838 66 30 den
803 839 20 29 6
844 848 94 20 mars
960 838 83 30 1936
1064 836 146 37 avlåten,
1233 837 50 30 till
1303 837 357 37 jordbruksutskottet
1680 837 121 30 hänvi-

300 890 63 30 sad
387 889 224 37 proposition,
635 899 41 20 nr
704 889 71 35 164,
798 889 66 30 har
890 889 122 35 Kungl.
1038 887 111 38 Maj:t,
1172 888 110 30 under
1308 886 220 38 åberopande
1553 897 42 20 av
1619 887 107 35 bilagt
1750 890 51 27 ut-

299 940 86 37 drag
410 950 42 21 av
475 939 376 37 statsrådsprotokollet
877 941 80 28 över
982 938 477 31 kommunikationsärenden
1485 937 55 30 för
1564 946 135 21 samma
1725 937 77 35 dag,

299 991 177 37 föreslagit
502 991 186 36 riksdagen
713 990 169 37 medgiva,
910 993 49 27 att
985 990 91 30 vissa
1102 988 166 31 områden
1296 988 58 30 vid
1381 988 187 30 Mariestad
1593 986 59 31 må
1679 987 122 30 försäl-

298 1040 55 38 jas
373 1042 51 30 till
445 1042 119 30 staden
586 1040 46 39 på
651 1041 134 36 villkor,
808 1050 76 21 som
906 1041 122 35 Kungl.
1053 1039 101 37 Maj:t
1175 1040 10 29 i
1204 1038 234 36 huvudsaklig
1460 1037 343 31 överensstämmelse

299 1093 82 30 med
404 1093 67 30 vad
493 1093 10 29 i
528 1090 377 38 statsrådsprotokollet
927 1091 145 36 angivits
1098 1091 79 35 äger
1200 1091 204 29 bestämma.

346 1143 225 30 Beträffande
598 1142 229 36 utredningen
857 1142 10 30 i
897 1141 141 31 ärendet
1068 1140 124 31 tillåter
1221 1140 49 36 sig
1297 1141 166 29 utskottet
1492 1138 146 30 hänvisa
1669 1137 50 30 till
1748 1138 55 29 det

301 1194 58 31 vid
383 1194 258 37 propositionen
666 1193 124 36 fogade
815 1191 383 38 statsrådsprotokollet.

122 1299 126 44 Utskottet.
343 1303 180 35 Utskottet,
545 1312 75 20 som
641 1302 150 30 biträder
813 1301 123 36 Kungl.
958 1299 118 37 Maj:ts
1099 1299 136 37 förslag,
1258 1298 198 31 hemställer
1476 1297 155 36 sålunda,

655 1397 49 27 att
726 1393 186 36 riksdagen
938 1391 57 32 må
1018 1392 122 30 bifalla
1164 1391 230 30 förevarande
1420 1389 224 38 proposition.

347 1496 200 30 Stockholm
570 1495 67 30 den
660 1495 40 29 20
722 1503 93 20 mars
840 1494 93 29 1936.

747 1593 49 31 På
816 1594 373 36 jordbruksutskottets
1209 1593 142 35 vägnar:

851 1669 33 31 C.
916 1670 28 30 J.
977 1668 270 31 JOHANSSON.

336 1913 194 25 Närvarande:
553 1920 29 17 se
604 1911 149 25 memorial
774 1919 33 17 nr
832 1912 41 24 38.
