<?xml version="1.0" encoding="UTF-8"?>
<alto xmlns="http://www.loc.gov/standards/alto/ns-v3#" xmlns:xlink="http://www.w3.org/1999/xlink" xmlns:xsi="http://www.w3.org/2001/XMLSchema-instance" xsi:schemaLocation="http://www.loc.gov/standards/alto/ns-v3# http://www.loc.gov/alto/v3/alto-3-0.xsd">
	<Description>
		<MeasurementUnit>pixel</MeasurementUnit>
		<sourceImageInformation>
			<fileName>/tmp/tess_ys1t9fac_input.PNG</fileName>
		</sourceImageInformation>
		<OCRProcessing ID="OCR_0">
			<ocrProcessingStep>
				<processingSoftware>
					<softwareName>tesseract 5.3.0</softwareName>
				</processingSoftware>
			</ocrProcessingStep>
		</OCRProcessing>
	</Description>
	<Layout>
		<Page WIDTH="1906" HEIGHT="2850" PHYSICAL_IMG_NR="0" ID="page_0">
			<PrintSpace HPOS="0" VPOS="0" WIDTH="1906" HEIGHT="2850">
				<ComposedBlock ID="cblock_0" HPOS="554" VPOS="163" WIDTH="1039" HEIGHT="35">
					<TextBlock ID="block_0" HPOS="554" VPOS="163" WIDTH="1039" HEIGHT="35">
						<TextLine ID="line_0" HPOS="554" VPOS="163" WIDTH="1039" HEIGHT="35">
							<String ID="string_0" HPOS="554" VPOS="163" WIDTH="294" HEIGHT="34" WC="0.90" CONTENT="Statsutskottets"/><SP WIDTH="23" VPOS="163" HPOS="848"/>
							<String ID="string_1" HPOS="871" VPOS="163" WIDTH="190" HEIGHT="35" WC="0.94" CONTENT="utlåtande"/><SP WIDTH="21" VPOS="163" HPOS="1061"/>
							<String ID="string_2" HPOS="1082" VPOS="163" WIDTH="55" HEIGHT="35" WC="0.95" CONTENT="Nr"/><SP WIDTH="24" VPOS="163" HPOS="1137"/>
							<String ID="string_3" HPOS="1161" VPOS="165" WIDTH="53" HEIGHT="32" WC="0.89" CONTENT="25."/><SP WIDTH="361" VPOS="165" HPOS="1214"/>
							<String ID="string_4" HPOS="1575" VPOS="165" WIDTH="18" HEIGHT="31" WC="0.96" CONTENT="1"/>
						</TextLine>
					</TextBlock>
				</ComposedBlock>
				<ComposedBlock ID="cblock_1" HPOS="806" VPOS="522" WIDTH="148" HEIGHT="43">
					<TextBlock ID="block_1" HPOS="806" VPOS="522" WIDTH="148" HEIGHT="43">
						<TextLine ID="line_1" HPOS="806" VPOS="522" WIDTH="148" HEIGHT="43">
							<String ID="string_5" HPOS="806" VPOS="523" WIDTH="57" HEIGHT="40" WC="0.93" CONTENT="Nr"/><SP WIDTH="27" VPOS="523" HPOS="863"/>
							<String ID="string_6" HPOS="890" VPOS="522" WIDTH="64" HEIGHT="43" WC="0.94" CONTENT="25."/>
						</TextLine>
					</TextBlock>
				</ComposedBlock>
				<ComposedBlock ID="cblock_2" HPOS="568" VPOS="655" WIDTH="1025" HEIGHT="35">
					<TextBlock ID="block_2" HPOS="568" VPOS="655" WIDTH="1025" HEIGHT="35">
						<TextLine ID="line_2" HPOS="568" VPOS="655" WIDTH="1025" HEIGHT="35">
							<String ID="string_7" HPOS="568" VPOS="655" WIDTH="111" HEIGHT="26" WC="0.94" CONTENT="Ankom"/><SP WIDTH="20" VPOS="655" HPOS="679"/>
							<String ID="string_8" HPOS="699" VPOS="657" WIDTH="44" HEIGHT="25" WC="0.96" CONTENT="till"/><SP WIDTH="17" VPOS="657" HPOS="743"/>
							<String ID="string_9" HPOS="760" VPOS="656" WIDTH="164" HEIGHT="34" WC="0.95" CONTENT="riksdagens"/><SP WIDTH="17" VPOS="656" HPOS="924"/>
							<String ID="string_10" HPOS="941" VPOS="658" WIDTH="93" HEIGHT="25" WC="0.96" CONTENT="kansli"/><SP WIDTH="19" VPOS="658" HPOS="1034"/>
							<String ID="string_11" HPOS="1053" VPOS="657" WIDTH="55" HEIGHT="26" WC="0.96" CONTENT="den"/><SP WIDTH="19" VPOS="657" HPOS="1108"/>
							<String ID="string_12" HPOS="1127" VPOS="659" WIDTH="32" HEIGHT="24" WC="0.96" CONTENT="27"/><SP WIDTH="20" VPOS="659" HPOS="1159"/>
							<String ID="string_13" HPOS="1179" VPOS="658" WIDTH="124" HEIGHT="26" WC="0.90" CONTENT="februari"/><SP WIDTH="22" VPOS="658" HPOS="1303"/>
							<String ID="string_14" HPOS="1325" VPOS="660" WIDTH="63" HEIGHT="24" WC="0.96" CONTENT="1931"/><SP WIDTH="22" VPOS="660" HPOS="1388"/>
							<String ID="string_15" HPOS="1410" VPOS="659" WIDTH="37" HEIGHT="26" WC="0.95" CONTENT="kl."/><SP WIDTH="23" VPOS="659" HPOS="1447"/>
							<String ID="string_16" HPOS="1470" VPOS="660" WIDTH="27" HEIGHT="25" WC="0.56" CONTENT="11"/><SP WIDTH="21" VPOS="660" HPOS="1497"/>
							<String ID="string_17" HPOS="1518" VPOS="661" WIDTH="19" HEIGHT="23" WC="0.90" CONTENT="f."/><SP WIDTH="20" VPOS="661" HPOS="1537"/>
							<String ID="string_18" HPOS="1557" VPOS="667" WIDTH="36" HEIGHT="18" WC="0.89" CONTENT="m."/>
						</TextLine>
					</TextBlock>
				</ComposedBlock>
				<ComposedBlock ID="cblock_3" HPOS="236" VPOS="763" WIDTH="1402" HEIGHT="148">
					<TextBlock ID="block_3" HPOS="236" VPOS="763" WIDTH="1402" HEIGHT="148">
						<TextLine ID="line_3" HPOS="236" VPOS="763" WIDTH="1402" HEIGHT="44">
							<String ID="string_19" HPOS="236" VPOS="763" WIDTH="192" HEIGHT="35" WC="0.96" CONTENT="Utlåtande"/><SP WIDTH="22" VPOS="763" HPOS="428"/>
							<String ID="string_20" HPOS="450" VPOS="767" WIDTH="14" HEIGHT="31" WC="0.96" CONTENT="i"/><SP WIDTH="21" VPOS="767" HPOS="464"/>
							<String ID="string_21" HPOS="485" VPOS="765" WIDTH="193" HEIGHT="39" WC="0.96" CONTENT="anledning"/><SP WIDTH="33" VPOS="765" HPOS="678"/>
							<String ID="string_22" HPOS="711" VPOS="776" WIDTH="45" HEIGHT="23" WC="0.96" CONTENT="av"/><SP WIDTH="36" VPOS="776" HPOS="756"/>
							<String ID="string_23" HPOS="792" VPOS="766" WIDTH="130" HEIGHT="39" WC="0.95" CONTENT="Kungl."/><SP WIDTH="36" VPOS="766" HPOS="922"/>
							<String ID="string_24" HPOS="958" VPOS="767" WIDTH="122" HEIGHT="38" WC="0.96" CONTENT="Maj:ts"/><SP WIDTH="34" VPOS="767" HPOS="1080"/>
							<String ID="string_25" HPOS="1114" VPOS="769" WIDTH="224" HEIGHT="37" WC="0.96" CONTENT="proposition"/><SP WIDTH="34" VPOS="769" HPOS="1338"/>
							<String ID="string_26" HPOS="1372" VPOS="770" WIDTH="181" HEIGHT="37" WC="0.92" CONTENT="angående"/><SP WIDTH="23" VPOS="770" HPOS="1553"/>
							<String ID="string_27" HPOS="1576" VPOS="780" WIDTH="62" HEIGHT="23" WC="0.85" CONTENT="an-"/>
						</TextLine>
						<TextLine ID="line_4" HPOS="431" VPOS="819" WIDTH="1206" HEIGHT="41">
							<String ID="string_28" HPOS="431" VPOS="819" WIDTH="147" HEIGHT="32" WC="0.96" CONTENT="visande"/><SP WIDTH="33" VPOS="819" HPOS="578"/>
							<String ID="string_29" HPOS="611" VPOS="828" WIDTH="45" HEIGHT="23" WC="0.96" CONTENT="av"/><SP WIDTH="32" VPOS="828" HPOS="656"/>
							<String ID="string_30" HPOS="688" VPOS="819" WIDTH="117" HEIGHT="33" WC="0.96" CONTENT="medel"/><SP WIDTH="28" VPOS="819" HPOS="805"/>
							<String ID="string_31" HPOS="833" VPOS="820" WIDTH="58" HEIGHT="36" WC="0.96" CONTENT="för"/><SP WIDTH="23" VPOS="820" HPOS="891"/>
							<String ID="string_32" HPOS="914" VPOS="820" WIDTH="173" HEIGHT="33" WC="0.96" CONTENT="täckande"/><SP WIDTH="22" VPOS="820" HPOS="1087"/>
							<String ID="string_33" HPOS="1109" VPOS="830" WIDTH="45" HEIGHT="23" WC="0.96" CONTENT="av"/><SP WIDTH="22" VPOS="830" HPOS="1154"/>
							<String ID="string_34" HPOS="1176" VPOS="822" WIDTH="98" HEIGHT="31" WC="0.96" CONTENT="vissa"/><SP WIDTH="23" VPOS="822" HPOS="1274"/>
							<String ID="string_35" HPOS="1297" VPOS="822" WIDTH="64" HEIGHT="32" WC="0.96" CONTENT="hos"/><SP WIDTH="23" VPOS="822" HPOS="1361"/>
							<String ID="string_36" HPOS="1384" VPOS="822" WIDTH="253" HEIGHT="38" WC="0.96" CONTENT="länsstyrelsen"/>
						</TextLine>
						<TextLine ID="line_5" HPOS="434" VPOS="870" WIDTH="705" HEIGHT="41">
							<String ID="string_37" HPOS="434" VPOS="872" WIDTH="14" HEIGHT="30" WC="0.93" CONTENT="i"/><SP WIDTH="23" VPOS="872" HPOS="448"/>
							<String ID="string_38" HPOS="471" VPOS="870" WIDTH="224" HEIGHT="34" WC="0.96" CONTENT="Stockholms"/><SP WIDTH="23" VPOS="870" HPOS="695"/>
							<String ID="string_39" HPOS="718" VPOS="872" WIDTH="61" HEIGHT="33" WC="0.96" CONTENT="län"/><SP WIDTH="24" VPOS="872" HPOS="779"/>
							<String ID="string_40" HPOS="803" VPOS="872" WIDTH="173" HEIGHT="38" WC="0.96" CONTENT="bokförda"/><SP WIDTH="24" VPOS="872" HPOS="976"/>
							<String ID="string_41" HPOS="1000" VPOS="873" WIDTH="139" HEIGHT="38" WC="0.96" CONTENT="belopp."/>
						</TextLine>
					</TextBlock>
				</ComposedBlock>
				<ComposedBlock ID="cblock_4" HPOS="1416" VPOS="936" WIDTH="177" HEIGHT="39">
					<TextBlock ID="block_4" HPOS="1416" VPOS="936" WIDTH="177" HEIGHT="39">
						<TextLine ID="line_6" HPOS="1416" VPOS="936" WIDTH="177" HEIGHT="39">
							<String ID="string_42" HPOS="1416" VPOS="936" WIDTH="62" HEIGHT="39" WC="0.91" CONTENT="(3:e"/><SP WIDTH="22" VPOS="936" HPOS="1478"/>
							<String ID="string_43" HPOS="1500" VPOS="937" WIDTH="93" HEIGHT="38" WC="0.93" CONTENT="avd.)"/>
						</TextLine>
					</TextBlock>
				</ComposedBlock>
				<ComposedBlock ID="cblock_5" HPOS="119" VPOS="1034" WIDTH="1515" HEIGHT="254">
					<TextBlock ID="block_5" HPOS="119" VPOS="1034" WIDTH="1515" HEIGHT="254">
						<TextLine ID="line_7" HPOS="166" VPOS="1034" WIDTH="1466" HEIGHT="45">
							<String ID="string_44" HPOS="166" VPOS="1034" WIDTH="17" HEIGHT="32" WC="0.95" CONTENT="I"/><SP WIDTH="23" VPOS="1034" HPOS="183"/>
							<String ID="string_45" HPOS="206" VPOS="1045" WIDTH="43" HEIGHT="22" WC="0.96" CONTENT="en"/><SP WIDTH="32" VPOS="1045" HPOS="249"/>
							<String ID="string_46" HPOS="281" VPOS="1035" WIDTH="57" HEIGHT="32" WC="0.96" CONTENT="till"/><SP WIDTH="33" VPOS="1035" HPOS="338"/>
							<String ID="string_47" HPOS="371" VPOS="1035" WIDTH="185" HEIGHT="39" WC="0.93" CONTENT="riksdagen"/><SP WIDTH="20" VPOS="1035" HPOS="556"/>
							<String ID="string_48" HPOS="576" VPOS="1037" WIDTH="151" HEIGHT="37" WC="0.91" CONTENT="avlåten,"/><SP WIDTH="24" VPOS="1037" HPOS="727"/>
							<String ID="string_49" HPOS="751" VPOS="1037" WIDTH="67" HEIGHT="33" WC="0.96" CONTENT="den"/><SP WIDTH="23" VPOS="1037" HPOS="818"/>
							<String ID="string_50" HPOS="841" VPOS="1039" WIDTH="41" HEIGHT="31" WC="0.96" CONTENT="14"/><SP WIDTH="23" VPOS="1039" HPOS="882"/>
							<String ID="string_51" HPOS="905" VPOS="1038" WIDTH="142" HEIGHT="38" WC="0.96" CONTENT="januari"/><SP WIDTH="23" VPOS="1038" HPOS="1047"/>
							<String ID="string_52" HPOS="1070" VPOS="1039" WIDTH="84" HEIGHT="33" WC="0.92" CONTENT="1931"/><SP WIDTH="24" VPOS="1039" HPOS="1154"/>
							<String ID="string_53" HPOS="1178" VPOS="1040" WIDTH="211" HEIGHT="38" WC="0.91" CONTENT="dagtecknad"/><SP WIDTH="23" VPOS="1040" HPOS="1389"/>
							<String ID="string_54" HPOS="1412" VPOS="1042" WIDTH="220" HEIGHT="37" WC="0.96" CONTENT="proposition,"/>
						</TextLine>
						<TextLine ID="line_8" HPOS="120" VPOS="1087" WIDTH="1513" HEIGHT="44">
							<String ID="string_55" HPOS="120" VPOS="1097" WIDTH="45" HEIGHT="22" WC="0.95" CONTENT="nr"/><SP WIDTH="33" VPOS="1097" HPOS="165"/>
							<String ID="string_56" HPOS="198" VPOS="1087" WIDTH="54" HEIGHT="38" WC="0.92" CONTENT="31,"/><SP WIDTH="33" VPOS="1087" HPOS="252"/>
							<String ID="string_57" HPOS="285" VPOS="1088" WIDTH="121" HEIGHT="32" WC="0.96" CONTENT="vilken"/><SP WIDTH="33" VPOS="1088" HPOS="406"/>
							<String ID="string_58" HPOS="439" VPOS="1088" WIDTH="181" HEIGHT="33" WC="0.96" CONTENT="hänvisats"/><SP WIDTH="33" VPOS="1088" HPOS="620"/>
							<String ID="string_59" HPOS="653" VPOS="1089" WIDTH="56" HEIGHT="33" WC="0.90" CONTENT="till"/><SP WIDTH="31" VPOS="1089" HPOS="709"/>
							<String ID="string_60" HPOS="740" VPOS="1091" WIDTH="271" HEIGHT="33" WC="0.90" CONTENT="statsutskottets"/><SP WIDTH="34" VPOS="1091" HPOS="1011"/>
							<String ID="string_61" HPOS="1045" VPOS="1092" WIDTH="242" HEIGHT="33" WC="0.96" CONTENT="förberedande"/><SP WIDTH="35" VPOS="1092" HPOS="1287"/>
							<String ID="string_62" HPOS="1322" VPOS="1093" WIDTH="222" HEIGHT="38" WC="0.96" CONTENT="behandling,"/><SP WIDTH="23" VPOS="1093" HPOS="1544"/>
							<String ID="string_63" HPOS="1567" VPOS="1095" WIDTH="66" HEIGHT="31" WC="0.96" CONTENT="har"/>
						</TextLine>
						<TextLine ID="line_9" HPOS="121" VPOS="1140" WIDTH="1512" HEIGHT="43">
							<String ID="string_64" HPOS="121" VPOS="1140" WIDTH="133" HEIGHT="38" WC="0.94" CONTENT="Kungl."/><SP WIDTH="35" VPOS="1140" HPOS="254"/>
							<String ID="string_65" HPOS="289" VPOS="1140" WIDTH="112" HEIGHT="38" WC="0.96" CONTENT="Maj:t,"/><SP WIDTH="35" VPOS="1140" HPOS="401"/>
							<String ID="string_66" HPOS="436" VPOS="1141" WIDTH="109" HEIGHT="32" WC="0.96" CONTENT="under"/><SP WIDTH="32" VPOS="1141" HPOS="545"/>
							<String ID="string_67" HPOS="577" VPOS="1142" WIDTH="216" HEIGHT="37" WC="0.95" CONTENT="åberopande"/><SP WIDTH="30" VPOS="1142" HPOS="793"/>
							<String ID="string_68" HPOS="823" VPOS="1153" WIDTH="45" HEIGHT="22" WC="0.92" CONTENT="av"/><SP WIDTH="33" VPOS="1153" HPOS="868"/>
							<String ID="string_69" HPOS="901" VPOS="1143" WIDTH="111" HEIGHT="38" WC="0.90" CONTENT="bilagt"/><SP WIDTH="35" VPOS="1143" HPOS="1012"/>
							<String ID="string_70" HPOS="1047" VPOS="1144" WIDTH="123" HEIGHT="38" WC="0.96" CONTENT="utdrag"/><SP WIDTH="22" VPOS="1144" HPOS="1170"/>
							<String ID="string_71" HPOS="1192" VPOS="1155" WIDTH="46" HEIGHT="22" WC="0.93" CONTENT="av"/><SP WIDTH="22" VPOS="1155" HPOS="1238"/>
							<String ID="string_72" HPOS="1260" VPOS="1146" WIDTH="373" HEIGHT="37" WC="0.91" CONTENT="statsrådsprotokollet"/>
						</TextLine>
						<TextLine ID="line_10" HPOS="119" VPOS="1193" WIDTH="1515" HEIGHT="43">
							<String ID="string_73" HPOS="119" VPOS="1193" WIDTH="85" HEIGHT="31" WC="0.93" CONTENT="över"/><SP WIDTH="31" VPOS="1193" HPOS="204"/>
							<String ID="string_74" HPOS="235" VPOS="1193" WIDTH="257" HEIGHT="32" WC="0.91" CONTENT="socialärenden"/><SP WIDTH="35" VPOS="1193" HPOS="492"/>
							<String ID="string_75" HPOS="527" VPOS="1194" WIDTH="54" HEIGHT="32" WC="0.96" CONTENT="för"/><SP WIDTH="30" VPOS="1194" HPOS="581"/>
							<String ID="string_76" HPOS="611" VPOS="1204" WIDTH="135" HEIGHT="23" WC="0.95" CONTENT="samma"/><SP WIDTH="32" VPOS="1204" HPOS="746"/>
							<String ID="string_77" HPOS="778" VPOS="1195" WIDTH="78" HEIGHT="38" WC="0.95" CONTENT="dag,"/><SP WIDTH="25" VPOS="1195" HPOS="856"/>
							<String ID="string_78" HPOS="881" VPOS="1196" WIDTH="178" HEIGHT="38" WC="0.96" CONTENT="föreslagit"/><SP WIDTH="32" VPOS="1196" HPOS="1059"/>
							<String ID="string_79" HPOS="1091" VPOS="1197" WIDTH="185" HEIGHT="38" WC="0.93" CONTENT="riksdagen"/><SP WIDTH="32" VPOS="1197" HPOS="1276"/>
							<String ID="string_80" HPOS="1308" VPOS="1198" WIDTH="173" HEIGHT="38" WC="0.92" CONTENT="medgiva,"/><SP WIDTH="23" VPOS="1198" HPOS="1481"/>
							<String ID="string_81" HPOS="1504" VPOS="1201" WIDTH="52" HEIGHT="30" WC="0.96" CONTENT="att"/><SP WIDTH="23" VPOS="1201" HPOS="1556"/>
							<String ID="string_82" HPOS="1579" VPOS="1200" WIDTH="55" HEIGHT="31" WC="0.96" CONTENT="för"/>
						</TextLine>
						<TextLine ID="line_11" HPOS="120" VPOS="1245" WIDTH="1514" HEIGHT="43">
							<String ID="string_83" HPOS="120" VPOS="1245" WIDTH="169" HEIGHT="32" WC="0.96" CONTENT="täckande"/><SP WIDTH="33" VPOS="1245" HPOS="289"/>
							<String ID="string_84" HPOS="322" VPOS="1256" WIDTH="47" HEIGHT="21" WC="0.96" CONTENT="av"/><SP WIDTH="26" VPOS="1256" HPOS="369"/>
							<String ID="string_85" HPOS="395" VPOS="1245" WIDTH="42" HEIGHT="33" WC="0.95" CONTENT="de"/><SP WIDTH="21" VPOS="1245" HPOS="437"/>
							<String ID="string_86" HPOS="458" VPOS="1246" WIDTH="13" HEIGHT="32" WC="0.95" CONTENT="i"/><SP WIDTH="24" VPOS="1246" HPOS="471"/>
							<String ID="string_87" HPOS="495" VPOS="1246" WIDTH="261" HEIGHT="39" WC="0.95" CONTENT="länsstyrelsens"/><SP WIDTH="23" VPOS="1246" HPOS="756"/>
							<String ID="string_88" HPOS="779" VPOS="1248" WIDTH="13" HEIGHT="32" WC="0.96" CONTENT="i"/><SP WIDTH="23" VPOS="1248" HPOS="792"/>
							<String ID="string_89" HPOS="815" VPOS="1248" WIDTH="218" HEIGHT="33" WC="0.96" CONTENT="Stockholms"/><SP WIDTH="24" VPOS="1248" HPOS="1033"/>
							<String ID="string_90" HPOS="1057" VPOS="1250" WIDTH="58" HEIGHT="31" WC="0.96" CONTENT="län"/><SP WIDTH="24" VPOS="1250" HPOS="1115"/>
							<String ID="string_91" HPOS="1139" VPOS="1250" WIDTH="231" HEIGHT="38" WC="0.96" CONTENT="räkenskaper"/><SP WIDTH="22" VPOS="1250" HPOS="1370"/>
							<String ID="string_92" HPOS="1392" VPOS="1251" WIDTH="167" HEIGHT="33" WC="0.93" CONTENT="bokförda"/><SP WIDTH="22" VPOS="1251" HPOS="1559"/>
							<String ID="string_93" HPOS="1581" VPOS="1252" WIDTH="53" HEIGHT="32" WC="0.92" CONTENT="be-"/>
						</TextLine>
					</TextBlock>
				</ComposedBlock>
				<ComposedBlock ID="cblock_6" HPOS="120" VPOS="1297" WIDTH="1524" HEIGHT="45">
					<TextBlock ID="block_6" HPOS="120" VPOS="1297" WIDTH="1524" HEIGHT="45">
						<TextLine ID="line_12" HPOS="120" VPOS="1297" WIDTH="1524" HEIGHT="45">
							<String ID="string_94" HPOS="120" VPOS="1297" WIDTH="123" HEIGHT="38" WC="0.92" CONTENT="loppen"/><SP WIDTH="22" VPOS="1297" HPOS="243"/>
							<String ID="string_95" HPOS="265" VPOS="1299" WIDTH="21" HEIGHT="30" WC="0.86" CONTENT="å"/><SP WIDTH="22" VPOS="1299" HPOS="286"/>
							<String ID="string_96" HPOS="308" VPOS="1299" WIDTH="76" HEIGHT="32" WC="0.93" CONTENT="dels"/><SP WIDTH="24" VPOS="1299" HPOS="384"/>
							<String ID="string_97" HPOS="408" VPOS="1299" WIDTH="117" HEIGHT="36" WC="0.91" CONTENT="55,910"/><SP WIDTH="26" VPOS="1299" HPOS="525"/>
							<String ID="string_98" HPOS="551" VPOS="1299" WIDTH="135" HEIGHT="38" WC="0.95" CONTENT="kronor,"/><SP WIDTH="25" VPOS="1299" HPOS="686"/>
							<String ID="string_99" HPOS="711" VPOS="1301" WIDTH="97" HEIGHT="31" WC="0.96" CONTENT="vilka"/><SP WIDTH="22" VPOS="1301" HPOS="808"/>
							<String ID="string_100" HPOS="830" VPOS="1311" WIDTH="46" HEIGHT="21" WC="0.96" CONTENT="av"/><SP WIDTH="23" VPOS="1311" HPOS="876"/>
							<String ID="string_101" HPOS="899" VPOS="1301" WIDTH="246" HEIGHT="39" WC="0.93" CONTENT="länsstyrelsen"/><SP WIDTH="23" VPOS="1301" HPOS="1145"/>
							<String ID="string_102" HPOS="1168" VPOS="1303" WIDTH="166" HEIGHT="33" WC="0.92" CONTENT="utbetalts"/><SP WIDTH="14" VPOS="1303" HPOS="1334"/>
							<String ID="string_103" HPOS="1348" VPOS="1304" WIDTH="13" HEIGHT="31" WC="0.95" CONTENT="i"/><SP WIDTH="16" VPOS="1304" HPOS="1361"/>
							<String ID="string_104" HPOS="1377" VPOS="1300" WIDTH="197" HEIGHT="42" WC="0.96" CONTENT="anledning"/><SP WIDTH="13" VPOS="1300" HPOS="1574"/>
							<String ID="string_105" HPOS="1587" VPOS="1297" WIDTH="57" HEIGHT="40" WC="0.95" CONTENT="av"/>
						</TextLine>
					</TextBlock>
				</ComposedBlock>
				<ComposedBlock ID="cblock_7" HPOS="118" VPOS="1351" WIDTH="1518" HEIGHT="456">
					<TextBlock ID="block_7" HPOS="118" VPOS="1351" WIDTH="1518" HEIGHT="354">
						<TextLine ID="line_13" HPOS="120" VPOS="1351" WIDTH="1516" HEIGHT="43">
							<String ID="string_106" HPOS="120" VPOS="1351" WIDTH="87" HEIGHT="31" WC="0.96" CONTENT="utav"/><SP WIDTH="32" VPOS="1351" HPOS="207"/>
							<String ID="string_107" HPOS="239" VPOS="1351" WIDTH="92" HEIGHT="32" WC="0.93" CONTENT="förre"/><SP WIDTH="34" VPOS="1351" HPOS="331"/>
							<String ID="string_108" HPOS="365" VPOS="1351" WIDTH="314" HEIGHT="33" WC="0.88" CONTENT="landskontoristen"/><SP WIDTH="31" VPOS="1351" HPOS="679"/>
							<String ID="string_109" HPOS="710" VPOS="1354" WIDTH="62" HEIGHT="31" WC="0.96" CONTENT="hos"/><SP WIDTH="24" VPOS="1354" HPOS="772"/>
							<String ID="string_110" HPOS="796" VPOS="1353" WIDTH="244" HEIGHT="39" WC="0.93" CONTENT="länsstyrelsen"/><SP WIDTH="23" VPOS="1353" HPOS="1040"/>
							<String ID="string_111" HPOS="1063" VPOS="1355" WIDTH="39" HEIGHT="32" WC="0.88" CONTENT="G."/><SP WIDTH="24" VPOS="1355" HPOS="1102"/>
							<String ID="string_112" HPOS="1126" VPOS="1355" WIDTH="37" HEIGHT="33" WC="0.86" CONTENT="F."/><SP WIDTH="25" VPOS="1355" HPOS="1163"/>
							<String ID="string_113" HPOS="1188" VPOS="1356" WIDTH="128" HEIGHT="33" WC="0.66" CONTENT="Robört"/><SP WIDTH="23" VPOS="1356" HPOS="1316"/>
							<String ID="string_114" HPOS="1339" VPOS="1357" WIDTH="179" HEIGHT="37" WC="0.96" CONTENT="begångna"/><SP WIDTH="23" VPOS="1357" HPOS="1518"/>
							<String ID="string_115" HPOS="1541" VPOS="1358" WIDTH="95" HEIGHT="32" WC="0.96" CONTENT="brott"/>
						</TextLine>
						<TextLine ID="line_14" HPOS="118" VPOS="1403" WIDTH="1514" HEIGHT="45">
							<String ID="string_116" HPOS="118" VPOS="1403" WIDTH="66" HEIGHT="31" WC="0.96" CONTENT="och"/><SP WIDTH="21" VPOS="1403" HPOS="184"/>
							<String ID="string_117" HPOS="205" VPOS="1403" WIDTH="153" HEIGHT="33" WC="0.94" CONTENT="därefter"/><SP WIDTH="21" VPOS="1403" HPOS="358"/>
							<String ID="string_118" HPOS="379" VPOS="1404" WIDTH="14" HEIGHT="32" WC="0.96" CONTENT="i"/><SP WIDTH="15" VPOS="1404" HPOS="393"/>
							<String ID="string_119" HPOS="408" VPOS="1404" WIDTH="277" HEIGHT="38" WC="0.93" CONTENT="räkenskaperna"/><SP WIDTH="23" VPOS="1404" HPOS="685"/>
							<String ID="string_120" HPOS="708" VPOS="1406" WIDTH="211" HEIGHT="33" WC="0.92" CONTENT="balanserats"/><SP WIDTH="23" VPOS="1406" HPOS="919"/>
							<String ID="string_121" HPOS="942" VPOS="1408" WIDTH="110" HEIGHT="32" WC="0.93" CONTENT="under"/><SP WIDTH="22" VPOS="1408" HPOS="1052"/>
							<String ID="string_122" HPOS="1074" VPOS="1408" WIDTH="252" HEIGHT="38" WC="0.91" CONTENT="förskottstitel,"/><SP WIDTH="16" VPOS="1408" HPOS="1326"/>
							<String ID="string_123" HPOS="1342" VPOS="1410" WIDTH="75" HEIGHT="32" WC="0.96" CONTENT="dels"/><SP WIDTH="16" VPOS="1410" HPOS="1417"/>
							<String ID="string_124" HPOS="1433" VPOS="1410" WIDTH="66" HEIGHT="32" WC="0.93" CONTENT="ock"/><SP WIDTH="17" VPOS="1410" HPOS="1499"/>
							<String ID="string_125" HPOS="1516" VPOS="1410" WIDTH="116" HEIGHT="38" WC="0.92" CONTENT="16,753"/>
						</TextLine>
						<TextLine ID="line_15" HPOS="120" VPOS="1455" WIDTH="1514" HEIGHT="41">
							<String ID="string_126" HPOS="120" VPOS="1455" WIDTH="128" HEIGHT="33" WC="0.96" CONTENT="kronor"/><SP WIDTH="33" VPOS="1455" HPOS="248"/>
							<String ID="string_127" HPOS="281" VPOS="1456" WIDTH="41" HEIGHT="32" WC="0.96" CONTENT="36"/><SP WIDTH="35" VPOS="1456" HPOS="322"/>
							<String ID="string_128" HPOS="357" VPOS="1459" WIDTH="67" HEIGHT="35" WC="0.95" CONTENT="öre,"/><SP WIDTH="34" VPOS="1459" HPOS="424"/>
							<String ID="string_129" HPOS="458" VPOS="1458" WIDTH="98" HEIGHT="31" WC="0.96" CONTENT="vilka"/><SP WIDTH="22" VPOS="1458" HPOS="556"/>
							<String ID="string_130" HPOS="578" VPOS="1458" WIDTH="13" HEIGHT="31" WC="0.96" CONTENT="i"/><SP WIDTH="23" VPOS="1458" HPOS="591"/>
							<String ID="string_131" HPOS="614" VPOS="1458" WIDTH="188" HEIGHT="38" WC="0.96" CONTENT="anledning"/><SP WIDTH="29" VPOS="1458" HPOS="802"/>
							<String ID="string_132" HPOS="831" VPOS="1470" WIDTH="45" HEIGHT="21" WC="0.96" CONTENT="av"/><SP WIDTH="23" VPOS="1470" HPOS="876"/>
							<String ID="string_133" HPOS="899" VPOS="1461" WIDTH="86" HEIGHT="30" WC="0.96" CONTENT="utav"/><SP WIDTH="23" VPOS="1461" HPOS="985"/>
							<String ID="string_134" HPOS="1008" VPOS="1460" WIDTH="92" HEIGHT="32" WC="0.93" CONTENT="förre"/><SP WIDTH="23" VPOS="1460" HPOS="1100"/>
							<String ID="string_135" HPOS="1123" VPOS="1461" WIDTH="314" HEIGHT="33" WC="0.92" CONTENT="landskontoristen"/><SP WIDTH="22" VPOS="1461" HPOS="1437"/>
							<String ID="string_136" HPOS="1459" VPOS="1464" WIDTH="62" HEIGHT="31" WC="0.90" CONTENT="hos"/><SP WIDTH="23" VPOS="1464" HPOS="1521"/>
							<String ID="string_137" HPOS="1544" VPOS="1464" WIDTH="90" HEIGHT="32" WC="0.92" CONTENT="läns-"/>
						</TextLine>
						<TextLine ID="line_16" HPOS="119" VPOS="1508" WIDTH="1515" HEIGHT="41">
							<String ID="string_138" HPOS="119" VPOS="1508" WIDTH="169" HEIGHT="37" WC="0.93" CONTENT="styrelsen"/><SP WIDTH="27" VPOS="1508" HPOS="288"/>
							<String ID="string_139" HPOS="315" VPOS="1508" WIDTH="41" HEIGHT="33" WC="0.92" CONTENT="N."/><SP WIDTH="25" VPOS="1508" HPOS="356"/>
							<String ID="string_140" HPOS="381" VPOS="1509" WIDTH="45" HEIGHT="32" WC="0.91" CONTENT="K."/><SP WIDTH="24" VPOS="1509" HPOS="426"/>
							<String ID="string_141" HPOS="450" VPOS="1509" WIDTH="139" HEIGHT="33" WC="0.65" CONTENT="Ellund"/><SP WIDTH="23" VPOS="1509" HPOS="589"/>
							<String ID="string_142" HPOS="612" VPOS="1510" WIDTH="181" HEIGHT="38" WC="0.96" CONTENT="begångna"/><SP WIDTH="24" VPOS="1510" HPOS="793"/>
							<String ID="string_143" HPOS="817" VPOS="1511" WIDTH="223" HEIGHT="38" WC="0.93" CONTENT="förbrytelser"/><SP WIDTH="21" VPOS="1511" HPOS="1040"/>
							<String ID="string_144" HPOS="1061" VPOS="1513" WIDTH="135" HEIGHT="32" WC="0.92" CONTENT="avförts"/><SP WIDTH="22" VPOS="1513" HPOS="1196"/>
							<String ID="string_145" HPOS="1218" VPOS="1514" WIDTH="63" HEIGHT="32" WC="0.96" CONTENT="och"/><SP WIDTH="24" VPOS="1514" HPOS="1281"/>
							<String ID="string_146" HPOS="1305" VPOS="1515" WIDTH="150" HEIGHT="32" WC="0.96" CONTENT="därefter"/><SP WIDTH="23" VPOS="1515" HPOS="1455"/>
							<String ID="string_147" HPOS="1478" VPOS="1516" WIDTH="13" HEIGHT="31" WC="0.93" CONTENT="i"/><SP WIDTH="22" VPOS="1516" HPOS="1491"/>
							<String ID="string_148" HPOS="1513" VPOS="1516" WIDTH="121" HEIGHT="32" WC="0.90" CONTENT="räken-"/>
						</TextLine>
						<TextLine ID="line_17" HPOS="119" VPOS="1559" WIDTH="1511" HEIGHT="46">
							<String ID="string_149" HPOS="119" VPOS="1559" WIDTH="169" HEIGHT="38" WC="0.91" CONTENT="skaperna"/><SP WIDTH="34" VPOS="1559" HPOS="288"/>
							<String ID="string_150" HPOS="322" VPOS="1561" WIDTH="211" HEIGHT="33" WC="0.91" CONTENT="balanserats"/><SP WIDTH="33" VPOS="1561" HPOS="533"/>
							<String ID="string_151" HPOS="566" VPOS="1562" WIDTH="109" HEIGHT="32" WC="0.96" CONTENT="under"/><SP WIDTH="33" VPOS="1562" HPOS="675"/>
							<String ID="string_152" HPOS="708" VPOS="1564" WIDTH="102" HEIGHT="31" WC="0.93" CONTENT="titeln"/><SP WIDTH="26" VPOS="1564" HPOS="810"/>
							<String ID="string_153" HPOS="836" VPOS="1564" WIDTH="217" HEIGHT="33" WC="0.91" CONTENT="»Anmärkta"/><SP WIDTH="23" VPOS="1564" HPOS="1053"/>
							<String ID="string_154" HPOS="1076" VPOS="1567" WIDTH="143" HEIGHT="36" WC="0.95" CONTENT="poster»,"/><SP WIDTH="23" VPOS="1567" HPOS="1219"/>
							<String ID="string_155" HPOS="1242" VPOS="1568" WIDTH="59" HEIGHT="30" WC="0.96" CONTENT="må"/><SP WIDTH="23" VPOS="1568" HPOS="1301"/>
							<String ID="string_156" HPOS="1324" VPOS="1569" WIDTH="97" HEIGHT="35" WC="0.96" CONTENT="tagas"/><SP WIDTH="22" VPOS="1569" HPOS="1421"/>
							<String ID="string_157" HPOS="1443" VPOS="1568" WIDTH="13" HEIGHT="31" WC="0.96" CONTENT="i"/><SP WIDTH="23" VPOS="1568" HPOS="1456"/>
							<String ID="string_158" HPOS="1479" VPOS="1569" WIDTH="151" HEIGHT="36" WC="0.96" CONTENT="anspråk"/>
						</TextLine>
						<TextLine ID="line_18" HPOS="119" VPOS="1613" WIDTH="1513" HEIGHT="48">
							<String ID="string_159" HPOS="119" VPOS="1613" WIDTH="236" HEIGHT="37" WC="0.93" CONTENT="sammanlagt"/><SP WIDTH="22" VPOS="1613" HPOS="355"/>
							<String ID="string_160" HPOS="377" VPOS="1614" WIDTH="117" HEIGHT="36" WC="0.90" CONTENT="72,663"/><SP WIDTH="18" VPOS="1614" HPOS="494"/>
							<String ID="string_161" HPOS="512" VPOS="1615" WIDTH="127" HEIGHT="31" WC="0.96" CONTENT="kronor"/><SP WIDTH="23" VPOS="1615" HPOS="639"/>
							<String ID="string_162" HPOS="662" VPOS="1615" WIDTH="41" HEIGHT="31" WC="0.96" CONTENT="36"/><SP WIDTH="24" VPOS="1615" HPOS="703"/>
							<String ID="string_163" HPOS="727" VPOS="1617" WIDTH="58" HEIGHT="30" WC="0.96" CONTENT="öre"/><SP WIDTH="23" VPOS="1617" HPOS="785"/>
							<String ID="string_164" HPOS="808" VPOS="1626" WIDTH="44" HEIGHT="21" WC="0.96" CONTENT="av"/><SP WIDTH="23" VPOS="1626" HPOS="852"/>
							<String ID="string_165" HPOS="875" VPOS="1616" WIDTH="57" HEIGHT="32" WC="0.96" CONTENT="det"/><SP WIDTH="22" VPOS="1616" HPOS="932"/>
							<String ID="string_166" HPOS="954" VPOS="1617" WIDTH="55" HEIGHT="31" WC="0.96" CONTENT="för"/><SP WIDTH="23" VPOS="1617" HPOS="1009"/>
							<String ID="string_167" HPOS="1032" VPOS="1617" WIDTH="202" HEIGHT="38" WC="0.93" CONTENT="budgetåret"/><SP WIDTH="25" VPOS="1617" HPOS="1234"/>
							<String ID="string_168" HPOS="1259" VPOS="1618" WIDTH="186" HEIGHT="43" WC="0.92" CONTENT="1930/1931"/><SP WIDTH="23" VPOS="1618" HPOS="1445"/>
							<String ID="string_169" HPOS="1468" VPOS="1620" WIDTH="164" HEIGHT="33" WC="0.94" CONTENT="anvisade"/>
						</TextLine>
						<TextLine ID="line_19" HPOS="120" VPOS="1664" WIDTH="801" HEIGHT="41">
							<String ID="string_170" HPOS="120" VPOS="1664" WIDTH="303" HEIGHT="39" WC="0.91" CONTENT="förslagsanslaget"/><SP WIDTH="23" VPOS="1664" HPOS="423"/>
							<String ID="string_171" HPOS="446" VPOS="1666" WIDTH="56" HEIGHT="32" WC="0.96" CONTENT="till"/><SP WIDTH="23" VPOS="1666" HPOS="502"/>
							<String ID="string_172" HPOS="525" VPOS="1666" WIDTH="219" HEIGHT="34" WC="0.96" CONTENT="oförutsedda"/><SP WIDTH="22" VPOS="1666" HPOS="744"/>
							<String ID="string_173" HPOS="766" VPOS="1668" WIDTH="155" HEIGHT="37" WC="0.85" CONTENT="utgifter."/>
						</TextLine>
					</TextBlock>
					<TextBlock ID="block_8" HPOS="119" VPOS="1716" WIDTH="1516" HEIGHT="91">
						<TextLine ID="line_20" HPOS="164" VPOS="1716" WIDTH="1471" HEIGHT="52">
							<String ID="string_174" HPOS="164" VPOS="1716" WIDTH="19" HEIGHT="32" WC="0.96" CONTENT="I"/><SP WIDTH="27" VPOS="1716" HPOS="183"/>
							<String ID="string_175" HPOS="210" VPOS="1717" WIDTH="99" HEIGHT="37" WC="0.95" CONTENT="fråga"/><SP WIDTH="33" VPOS="1717" HPOS="309"/>
							<String ID="string_176" HPOS="342" VPOS="1728" WIDTH="57" HEIGHT="22" WC="0.95" CONTENT="om"/><SP WIDTH="34" VPOS="1728" HPOS="399"/>
							<String ID="string_177" HPOS="433" VPOS="1719" WIDTH="229" HEIGHT="38" WC="0.96" CONTENT="utredningen"/><SP WIDTH="23" VPOS="1719" HPOS="662"/>
							<String ID="string_178" HPOS="685" VPOS="1721" WIDTH="13" HEIGHT="30" WC="0.96" CONTENT="i"/><SP WIDTH="23" VPOS="1721" HPOS="698"/>
							<String ID="string_179" HPOS="721" VPOS="1720" WIDTH="143" HEIGHT="33" WC="0.96" CONTENT="ärendet"/><SP WIDTH="33" VPOS="1720" HPOS="864"/>
							<String ID="string_180" HPOS="897" VPOS="1721" WIDTH="55" HEIGHT="32" WC="0.96" CONTENT="får"/><SP WIDTH="32" VPOS="1721" HPOS="952"/>
							<String ID="string_181" HPOS="984" VPOS="1722" WIDTH="164" HEIGHT="32" WC="0.96" CONTENT="utskottet"/><SP WIDTH="31" VPOS="1722" HPOS="1148"/>
							<String ID="string_182" HPOS="1179" VPOS="1723" WIDTH="148" HEIGHT="33" WC="0.95" CONTENT="hänvisa"/><SP WIDTH="32" VPOS="1723" HPOS="1327"/>
							<String ID="string_183" HPOS="1359" VPOS="1724" WIDTH="55" HEIGHT="32" WC="0.95" CONTENT="till"/><SP WIDTH="32" VPOS="1724" HPOS="1414"/>
							<String ID="string_184" HPOS="1446" VPOS="1721" WIDTH="189" HEIGHT="47" WC="0.95" CONTENT="åberopade"/>
						</TextLine>
						<TextLine ID="line_21" HPOS="119" VPOS="1770" WIDTH="379" HEIGHT="37">
							<String ID="string_185" HPOS="119" VPOS="1770" WIDTH="379" HEIGHT="37" WC="0.89" CONTENT="statsrådsprotokollet."/>
						</TextLine>
					</TextBlock>
				</ComposedBlock>
				<ComposedBlock ID="cblock_8" HPOS="120" VPOS="1882" WIDTH="1512" HEIGHT="96">
					<TextBlock ID="block_9" HPOS="120" VPOS="1882" WIDTH="1512" HEIGHT="96">
						<TextLine ID="line_22" HPOS="163" VPOS="1882" WIDTH="1469" HEIGHT="45">
							<String ID="string_186" HPOS="163" VPOS="1882" WIDTH="18" HEIGHT="32" WC="0.96" CONTENT="I"/><SP WIDTH="22" VPOS="1882" HPOS="181"/>
							<String ID="string_187" HPOS="203" VPOS="1883" WIDTH="154" HEIGHT="37" WC="0.96" CONTENT="enlighet"/><SP WIDTH="33" VPOS="1883" HPOS="357"/>
							<String ID="string_188" HPOS="390" VPOS="1884" WIDTH="77" HEIGHT="32" WC="0.96" CONTENT="med"/><SP WIDTH="33" VPOS="1884" HPOS="467"/>
							<String ID="string_189" HPOS="500" VPOS="1885" WIDTH="132" HEIGHT="37" WC="0.95" CONTENT="Kungl."/><SP WIDTH="25" VPOS="1885" HPOS="632"/>
							<String ID="string_190" HPOS="657" VPOS="1885" WIDTH="119" HEIGHT="38" WC="0.96" CONTENT="Maj:ts"/><SP WIDTH="23" VPOS="1885" HPOS="776"/>
							<String ID="string_191" HPOS="799" VPOS="1887" WIDTH="129" HEIGHT="36" WC="0.96" CONTENT="förslag"/><SP WIDTH="24" VPOS="1887" HPOS="928"/>
							<String ID="string_192" HPOS="952" VPOS="1887" WIDTH="61" HEIGHT="31" WC="0.96" CONTENT="och"/><SP WIDTH="24" VPOS="1887" HPOS="1013"/>
							<String ID="string_193" HPOS="1037" VPOS="1888" WIDTH="110" HEIGHT="32" WC="0.96" CONTENT="under"/><SP WIDTH="23" VPOS="1888" HPOS="1147"/>
							<String ID="string_194" HPOS="1170" VPOS="1889" WIDTH="214" HEIGHT="38" WC="0.96" CONTENT="hänvisning"/><SP WIDTH="24" VPOS="1889" HPOS="1384"/>
							<String ID="string_195" HPOS="1408" VPOS="1891" WIDTH="56" HEIGHT="31" WC="0.96" CONTENT="till"/><SP WIDTH="26" VPOS="1891" HPOS="1464"/>
							<String ID="string_196" HPOS="1490" VPOS="1892" WIDTH="66" HEIGHT="31" WC="0.93" CONTENT="vad"/><SP WIDTH="24" VPOS="1892" HPOS="1556"/>
							<String ID="string_197" HPOS="1580" VPOS="1892" WIDTH="52" HEIGHT="31" WC="0.93" CONTENT="de-"/>
						</TextLine>
						<TextLine ID="line_23" HPOS="120" VPOS="1936" WIDTH="1159" HEIGHT="42">
							<String ID="string_198" HPOS="120" VPOS="1936" WIDTH="330" HEIGHT="34" WC="0.91" CONTENT="partementschefen"/><SP WIDTH="22" VPOS="1936" HPOS="450"/>
							<String ID="string_199" HPOS="472" VPOS="1937" WIDTH="13" HEIGHT="30" WC="0.96" CONTENT="i"/><SP WIDTH="23" VPOS="1937" HPOS="485"/>
							<String ID="string_200" HPOS="508" VPOS="1937" WIDTH="140" HEIGHT="31" WC="0.96" CONTENT="ärendet"/><SP WIDTH="22" VPOS="1937" HPOS="648"/>
							<String ID="string_201" HPOS="670" VPOS="1938" WIDTH="126" HEIGHT="36" WC="0.96" CONTENT="anfört,"/><SP WIDTH="24" VPOS="1938" HPOS="796"/>
							<String ID="string_202" HPOS="820" VPOS="1939" WIDTH="54" HEIGHT="31" WC="0.96" CONTENT="får"/><SP WIDTH="23" VPOS="1939" HPOS="874"/>
							<String ID="string_203" HPOS="897" VPOS="1939" WIDTH="167" HEIGHT="32" WC="0.93" CONTENT="utskottet"/><SP WIDTH="23" VPOS="1939" HPOS="1064"/>
							<String ID="string_204" HPOS="1087" VPOS="1940" WIDTH="192" HEIGHT="38" WC="0.91" CONTENT="hemställa,"/>
						</TextLine>
					</TextBlock>
				</ComposedBlock>
				<ComposedBlock ID="cblock_9" HPOS="519" VPOS="2033" WIDTH="1118" HEIGHT="461">
					<TextBlock ID="block_10" HPOS="519" VPOS="2033" WIDTH="1118" HEIGHT="461">
						<TextLine ID="line_24" HPOS="564" VPOS="2033" WIDTH="1068" HEIGHT="39">
							<String ID="string_205" HPOS="564" VPOS="2034" WIDTH="53" HEIGHT="30" WC="0.96" CONTENT="att"/><SP WIDTH="33" VPOS="2034" HPOS="617"/>
							<String ID="string_206" HPOS="650" VPOS="2033" WIDTH="186" HEIGHT="37" WC="0.96" CONTENT="riksdagen"/><SP WIDTH="34" VPOS="2033" HPOS="836"/>
							<String ID="string_207" HPOS="870" VPOS="2036" WIDTH="58" HEIGHT="30" WC="0.93" CONTENT="må"/><SP WIDTH="23" VPOS="2036" HPOS="928"/>
							<String ID="string_208" HPOS="951" VPOS="2035" WIDTH="171" HEIGHT="37" WC="0.91" CONTENT="medgiva,"/><SP WIDTH="23" VPOS="2035" HPOS="1122"/>
							<String ID="string_209" HPOS="1145" VPOS="2037" WIDTH="52" HEIGHT="31" WC="0.96" CONTENT="att"/><SP WIDTH="22" VPOS="2037" HPOS="1197"/>
							<String ID="string_210" HPOS="1219" VPOS="2036" WIDTH="54" HEIGHT="32" WC="0.96" CONTENT="för"/><SP WIDTH="23" VPOS="2036" HPOS="1273"/>
							<String ID="string_211" HPOS="1296" VPOS="2038" WIDTH="168" HEIGHT="32" WC="0.95" CONTENT="täckande"/><SP WIDTH="22" VPOS="2038" HPOS="1464"/>
							<String ID="string_212" HPOS="1486" VPOS="2049" WIDTH="45" HEIGHT="21" WC="0.96" CONTENT="av"/><SP WIDTH="23" VPOS="2049" HPOS="1531"/>
							<String ID="string_213" HPOS="1554" VPOS="2039" WIDTH="42" HEIGHT="32" WC="0.94" CONTENT="de"/><SP WIDTH="22" VPOS="2039" HPOS="1596"/>
							<String ID="string_214" HPOS="1618" VPOS="2041" WIDTH="14" HEIGHT="31" WC="0.96" CONTENT="i"/>
						</TextLine>
						<TextLine ID="line_25" HPOS="522" VPOS="2078" WIDTH="1110" HEIGHT="49">
							<String ID="string_215" HPOS="522" VPOS="2085" WIDTH="259" HEIGHT="38" WC="0.96" CONTENT="länsstyrelsens"/><SP WIDTH="32" VPOS="2085" HPOS="781"/>
							<String ID="string_216" HPOS="813" VPOS="2087" WIDTH="13" HEIGHT="31" WC="0.96" CONTENT="i"/><SP WIDTH="32" VPOS="2087" HPOS="826"/>
							<String ID="string_217" HPOS="858" VPOS="2078" WIDTH="216" HEIGHT="41" WC="0.96" CONTENT="Stockholms"/><SP WIDTH="35" VPOS="2078" HPOS="1074"/>
							<String ID="string_218" HPOS="1109" VPOS="2088" WIDTH="58" HEIGHT="32" WC="0.96" CONTENT="län"/><SP WIDTH="34" VPOS="2088" HPOS="1167"/>
							<String ID="string_219" HPOS="1201" VPOS="2090" WIDTH="228" HEIGHT="37" WC="0.96" CONTENT="räkenskaper"/><SP WIDTH="34" VPOS="2090" HPOS="1429"/>
							<String ID="string_220" HPOS="1463" VPOS="2091" WIDTH="169" HEIGHT="33" WC="0.96" CONTENT="bokförda"/>
						</TextLine>
						<TextLine ID="line_26" HPOS="519" VPOS="2137" WIDTH="1115" HEIGHT="44">
							<String ID="string_221" HPOS="519" VPOS="2137" WIDTH="164" HEIGHT="37" WC="0.93" CONTENT="beloppen"/><SP WIDTH="22" VPOS="2137" HPOS="683"/>
							<String ID="string_222" HPOS="705" VPOS="2139" WIDTH="22" HEIGHT="31" WC="0.93" CONTENT="å"/><SP WIDTH="23" VPOS="2139" HPOS="727"/>
							<String ID="string_223" HPOS="750" VPOS="2139" WIDTH="76" HEIGHT="32" WC="0.93" CONTENT="dels"/><SP WIDTH="24" VPOS="2139" HPOS="826"/>
							<String ID="string_224" HPOS="850" VPOS="2140" WIDTH="117" HEIGHT="36" WC="0.92" CONTENT="55,910"/><SP WIDTH="24" VPOS="2140" HPOS="967"/>
							<String ID="string_225" HPOS="991" VPOS="2141" WIDTH="137" HEIGHT="36" WC="0.96" CONTENT="kronor,"/><SP WIDTH="20" VPOS="2141" HPOS="1128"/>
							<String ID="string_226" HPOS="1148" VPOS="2141" WIDTH="98" HEIGHT="32" WC="0.96" CONTENT="vilka"/><SP WIDTH="15" VPOS="2141" HPOS="1246"/>
							<String ID="string_227" HPOS="1261" VPOS="2152" WIDTH="44" HEIGHT="21" WC="0.96" CONTENT="av"/><SP WIDTH="18" VPOS="2152" HPOS="1305"/>
							<String ID="string_228" HPOS="1323" VPOS="2143" WIDTH="243" HEIGHT="38" WC="0.93" CONTENT="länsstyrelsen"/><SP WIDTH="15" VPOS="2143" HPOS="1566"/>
							<String ID="string_229" HPOS="1581" VPOS="2146" WIDTH="53" HEIGHT="30" WC="0.91" CONTENT="ut-"/>
						</TextLine>
						<TextLine ID="line_27" HPOS="520" VPOS="2190" WIDTH="1117" HEIGHT="39">
							<String ID="string_230" HPOS="520" VPOS="2190" WIDTH="122" HEIGHT="32" WC="0.90" CONTENT="betalts"/><SP WIDTH="22" VPOS="2190" HPOS="642"/>
							<String ID="string_231" HPOS="664" VPOS="2191" WIDTH="13" HEIGHT="30" WC="0.96" CONTENT="i"/><SP WIDTH="24" VPOS="2191" HPOS="677"/>
							<String ID="string_232" HPOS="701" VPOS="2191" WIDTH="189" HEIGHT="38" WC="0.95" CONTENT="anledning"/><SP WIDTH="33" VPOS="2191" HPOS="890"/>
							<String ID="string_233" HPOS="923" VPOS="2202" WIDTH="44" HEIGHT="22" WC="0.96" CONTENT="av"/><SP WIDTH="36" VPOS="2202" HPOS="967"/>
							<String ID="string_234" HPOS="1003" VPOS="2195" WIDTH="94" HEIGHT="30" WC="0.91" CONTENT="utav)"/><SP WIDTH="24" VPOS="2195" HPOS="1097"/>
							<String ID="string_235" HPOS="1121" VPOS="2193" WIDTH="92" HEIGHT="32" WC="0.93" CONTENT="förre"/><SP WIDTH="27" VPOS="2193" HPOS="1213"/>
							<String ID="string_236" HPOS="1240" VPOS="2194" WIDTH="311" HEIGHT="34" WC="0.92" CONTENT="landskontoristen"/><SP WIDTH="25" VPOS="2194" HPOS="1551"/>
							<String ID="string_237" HPOS="1576" VPOS="2198" WIDTH="61" HEIGHT="31" WC="0.96" CONTENT="hos"/>
						</TextLine>
						<TextLine ID="line_28" HPOS="521" VPOS="2242" WIDTH="1114" HEIGHT="41">
							<String ID="string_238" HPOS="521" VPOS="2242" WIDTH="245" HEIGHT="37" WC="0.93" CONTENT="länsstyrelsen"/><SP WIDTH="33" VPOS="2242" HPOS="766"/>
							<String ID="string_239" HPOS="799" VPOS="2243" WIDTH="39" HEIGHT="32" WC="0.89" CONTENT="G."/><SP WIDTH="25" VPOS="2243" HPOS="838"/>
							<String ID="string_240" HPOS="863" VPOS="2244" WIDTH="37" HEIGHT="31" WC="0.91" CONTENT="F."/><SP WIDTH="24" VPOS="2244" HPOS="900"/>
							<String ID="string_241" HPOS="924" VPOS="2245" WIDTH="128" HEIGHT="31" WC="0.92" CONTENT="Robért"/><SP WIDTH="27" VPOS="2245" HPOS="1052"/>
							<String ID="string_242" HPOS="1079" VPOS="2246" WIDTH="180" HEIGHT="37" WC="0.96" CONTENT="begångna"/><SP WIDTH="23" VPOS="2246" HPOS="1259"/>
							<String ID="string_243" HPOS="1282" VPOS="2247" WIDTH="93" HEIGHT="32" WC="0.96" CONTENT="brott"/><SP WIDTH="22" VPOS="2247" HPOS="1375"/>
							<String ID="string_244" HPOS="1397" VPOS="2249" WIDTH="62" HEIGHT="30" WC="0.96" CONTENT="och"/><SP WIDTH="24" VPOS="2249" HPOS="1459"/>
							<String ID="string_245" HPOS="1483" VPOS="2249" WIDTH="152" HEIGHT="32" WC="0.96" CONTENT="därefter"/>
						</TextLine>
						<TextLine ID="line_29" HPOS="522" VPOS="2294" WIDTH="1115" HEIGHT="42">
							<String ID="string_246" HPOS="522" VPOS="2294" WIDTH="12" HEIGHT="30" WC="0.96" CONTENT="i"/><SP WIDTH="24" VPOS="2294" HPOS="534"/>
							<String ID="string_247" HPOS="558" VPOS="2294" WIDTH="275" HEIGHT="37" WC="0.92" CONTENT="räkenskaperna"/><SP WIDTH="24" VPOS="2294" HPOS="833"/>
							<String ID="string_248" HPOS="857" VPOS="2296" WIDTH="212" HEIGHT="32" WC="0.87" CONTENT="balanserats"/><SP WIDTH="16" VPOS="2296" HPOS="1069"/>
							<String ID="string_249" HPOS="1085" VPOS="2298" WIDTH="109" HEIGHT="31" WC="0.93" CONTENT="under"/><SP WIDTH="17" VPOS="2298" HPOS="1194"/>
							<String ID="string_250" HPOS="1211" VPOS="2299" WIDTH="250" HEIGHT="37" WC="0.92" CONTENT="förskottstitel,"/><SP WIDTH="17" VPOS="2299" HPOS="1461"/>
							<String ID="string_251" HPOS="1478" VPOS="2302" WIDTH="76" HEIGHT="31" WC="0.96" CONTENT="dels"/><SP WIDTH="16" VPOS="2302" HPOS="1554"/>
							<String ID="string_252" HPOS="1570" VPOS="2302" WIDTH="67" HEIGHT="31" WC="0.96" CONTENT="ock"/>
						</TextLine>
						<TextLine ID="line_30" HPOS="524" VPOS="2345" WIDTH="1110" HEIGHT="42">
							<String ID="string_253" HPOS="524" VPOS="2345" WIDTH="116" HEIGHT="36" WC="0.91" CONTENT="16,753"/><SP WIDTH="35" VPOS="2345" HPOS="640"/>
							<String ID="string_254" HPOS="675" VPOS="2347" WIDTH="127" HEIGHT="31" WC="0.96" CONTENT="kronor"/><SP WIDTH="32" VPOS="2347" HPOS="802"/>
							<String ID="string_255" HPOS="834" VPOS="2347" WIDTH="41" HEIGHT="31" WC="0.95" CONTENT="36"/><SP WIDTH="31" VPOS="2347" HPOS="875"/>
							<String ID="string_256" HPOS="906" VPOS="2350" WIDTH="66" HEIGHT="34" WC="0.95" CONTENT="öre,"/><SP WIDTH="26" VPOS="2350" HPOS="972"/>
							<String ID="string_257" HPOS="998" VPOS="2349" WIDTH="97" HEIGHT="31" WC="0.96" CONTENT="vilka"/><SP WIDTH="22" VPOS="2349" HPOS="1095"/>
							<String ID="string_258" HPOS="1117" VPOS="2350" WIDTH="13" HEIGHT="30" WC="0.96" CONTENT="i"/><SP WIDTH="23" VPOS="2350" HPOS="1130"/>
							<String ID="string_259" HPOS="1153" VPOS="2350" WIDTH="191" HEIGHT="37" WC="0.96" CONTENT="anledning"/><SP WIDTH="22" VPOS="2350" HPOS="1344"/>
							<String ID="string_260" HPOS="1366" VPOS="2362" WIDTH="46" HEIGHT="20" WC="0.96" CONTENT="av"/><SP WIDTH="24" VPOS="2362" HPOS="1412"/>
							<String ID="string_261" HPOS="1436" VPOS="2354" WIDTH="84" HEIGHT="29" WC="0.96" CONTENT="utav"/><SP WIDTH="24" VPOS="2354" HPOS="1520"/>
							<String ID="string_262" HPOS="1544" VPOS="2353" WIDTH="90" HEIGHT="32" WC="0.96" CONTENT="förre"/>
						</TextLine>
						<TextLine ID="line_31" HPOS="523" VPOS="2396" WIDTH="1112" HEIGHT="41">
							<String ID="string_263" HPOS="523" VPOS="2396" WIDTH="312" HEIGHT="34" WC="0.90" CONTENT="landskontoristen"/><SP WIDTH="39" VPOS="2396" HPOS="835"/>
							<String ID="string_264" HPOS="874" VPOS="2399" WIDTH="59" HEIGHT="32" WC="0.96" CONTENT="hos"/><SP WIDTH="39" VPOS="2399" HPOS="933"/>
							<String ID="string_265" HPOS="972" VPOS="2400" WIDTH="244" HEIGHT="37" WC="0.93" CONTENT="länsstyrelsen"/><SP WIDTH="34" VPOS="2400" HPOS="1216"/>
							<String ID="string_266" HPOS="1250" VPOS="2402" WIDTH="42" HEIGHT="32" WC="0.84" CONTENT="N."/><SP WIDTH="36" VPOS="2402" HPOS="1292"/>
							<String ID="string_267" HPOS="1328" VPOS="2403" WIDTH="45" HEIGHT="31" WC="0.92" CONTENT="K."/><SP WIDTH="36" VPOS="2403" HPOS="1373"/>
							<String ID="string_268" HPOS="1409" VPOS="2404" WIDTH="139" HEIGHT="32" WC="0.93" CONTENT="Edlund"/><SP WIDTH="35" VPOS="2404" HPOS="1548"/>
							<String ID="string_269" HPOS="1583" VPOS="2405" WIDTH="52" HEIGHT="32" WC="0.88" CONTENT="be-"/>
						</TextLine>
						<TextLine ID="line_32" HPOS="521" VPOS="2450" WIDTH="1113" HEIGHT="44">
							<String ID="string_270" HPOS="521" VPOS="2450" WIDTH="139" HEIGHT="36" WC="0.95" CONTENT="gångna"/><SP WIDTH="23" VPOS="2450" HPOS="660"/>
							<String ID="string_271" HPOS="683" VPOS="2450" WIDTH="223" HEIGHT="37" WC="0.93" CONTENT="förbrytelser"/><SP WIDTH="22" VPOS="2450" HPOS="906"/>
							<String ID="string_272" HPOS="928" VPOS="2452" WIDTH="134" HEIGHT="32" WC="0.91" CONTENT="avförts"/><SP WIDTH="22" VPOS="2452" HPOS="1062"/>
							<String ID="string_273" HPOS="1084" VPOS="2453" WIDTH="61" HEIGHT="31" WC="0.96" CONTENT="och"/><SP WIDTH="16" VPOS="2453" HPOS="1145"/>
							<String ID="string_274" HPOS="1161" VPOS="2453" WIDTH="150" HEIGHT="33" WC="0.96" CONTENT="därefter"/><SP WIDTH="16" VPOS="2453" HPOS="1311"/>
							<String ID="string_275" HPOS="1327" VPOS="2455" WIDTH="13" HEIGHT="31" WC="0.96" CONTENT="i"/><SP WIDTH="16" VPOS="2455" HPOS="1340"/>
							<String ID="string_276" HPOS="1356" VPOS="2456" WIDTH="278" HEIGHT="38" WC="0.96" CONTENT="räkenskaperna"/>
						</TextLine>
					</TextBlock>
				</ComposedBlock>
				<ComposedBlock ID="cblock_10" HPOS="126" VPOS="2541" WIDTH="1468" HEIGHT="41">
					<TextBlock ID="block_11" HPOS="126" VPOS="2541" WIDTH="1468" HEIGHT="41">
						<TextLine ID="line_33" HPOS="126" VPOS="2541" WIDTH="1468" HEIGHT="41">
							<String ID="string_277" HPOS="126" VPOS="2541" WIDTH="111" HEIGHT="33" WC="0.91" CONTENT="Bihang"/><SP WIDTH="21" VPOS="2541" HPOS="237"/>
							<String ID="string_278" HPOS="258" VPOS="2542" WIDTH="42" HEIGHT="26" WC="0.96" CONTENT="till"/><SP WIDTH="21" VPOS="2542" HPOS="300"/>
							<String ID="string_279" HPOS="321" VPOS="2543" WIDTH="166" HEIGHT="32" WC="0.87" CONTENT="riksdagens"/><SP WIDTH="21" VPOS="2543" HPOS="487"/>
							<String ID="string_280" HPOS="508" VPOS="2545" WIDTH="146" HEIGHT="32" WC="0.96" CONTENT="protokoll"/><SP WIDTH="24" VPOS="2545" HPOS="654"/>
							<String ID="string_281" HPOS="678" VPOS="2547" WIDTH="74" HEIGHT="25" WC="0.96" CONTENT="1931."/><SP WIDTH="42" VPOS="2547" HPOS="752"/>
							<String ID="string_282" HPOS="794" VPOS="2550" WIDTH="16" HEIGHT="23" WC="0.96" CONTENT="6"/><SP WIDTH="18" VPOS="2550" HPOS="810"/>
							<String ID="string_283" HPOS="828" VPOS="2551" WIDTH="80" HEIGHT="23" WC="0.94" CONTENT="saml."/><SP WIDTH="41" VPOS="2551" HPOS="908"/>
							<String ID="string_284" HPOS="949" VPOS="2551" WIDTH="31" HEIGHT="23" WC="0.93" CONTENT="17"/><SP WIDTH="21" VPOS="2551" HPOS="980"/>
							<String ID="string_285" HPOS="1001" VPOS="2551" WIDTH="68" HEIGHT="31" WC="0.88" CONTENT="häft."/><SP WIDTH="39" VPOS="2551" HPOS="1069"/>
							<String ID="string_286" HPOS="1108" VPOS="2547" WIDTH="52" HEIGHT="33" WC="0.90" CONTENT="(Nr"/><SP WIDTH="19" VPOS="2547" HPOS="1160"/>
							<String ID="string_287" HPOS="1179" VPOS="2549" WIDTH="125" HEIGHT="33" WC="0.89" CONTENT="25—27)"/><SP WIDTH="284" VPOS="2549" HPOS="1304"/>
							<String ID="string_288" HPOS="1588" VPOS="2554" WIDTH="6" HEIGHT="23" WC="0.89" CONTENT="1"/>
						</TextLine>
					</TextBlock>
				</ComposedBlock>
				<ComposedBlock ID="cblock_11" HPOS="1689" VPOS="1906" WIDTH="146" HEIGHT="65">
					<TextBlock ID="block_12" HPOS="1689" VPOS="1906" WIDTH="146" HEIGHT="65">
						<TextLine ID="line_34" HPOS="1689" VPOS="1906" WIDTH="146" HEIGHT="23">
							<String ID="string_289" HPOS="1689" VPOS="1906" WIDTH="146" HEIGHT="23" WC="0.48" CONTENT="Ulskottets"/>
						</TextLine>
						<TextLine ID="line_35" HPOS="1691" VPOS="1941" WIDTH="136" HEIGHT="30">
							<String ID="string_290" HPOS="1691" VPOS="1941" WIDTH="136" HEIGHT="30" WC="0.75" CONTENT="yttrande."/>
						</TextLine>
					</TextBlock>
				</ComposedBlock>
			</PrintSpace>
		</Page>
	</Layout>
</alto>
