1886 2846
484 167 121 31 Första
630 167 238 36 lagutskottets
894 167 177 31 utlåtande
1092 167 49 31 Nr
1165 168 49 30 41.
1565 161 41 31 15

143 251 63 30 Det
227 251 70 29 kan
321 251 55 30 väl
399 250 77 31 icke
498 251 164 30 förnekas
684 254 50 28 att
758 251 164 36 förslaget
944 251 10 30 i
979 251 200 38 jämförelse
1201 251 79 30 med
1305 250 202 31 nuvarande
1532 250 69 31 för-

97 299 188 32 hållanden
305 301 164 36 erbjuder
488 302 107 30 större
613 302 135 36 garanti
768 301 55 30 för
844 305 48 27 att
912 304 121 35 posten
1052 302 88 29 skall
1161 301 92 31 bliva
1273 302 112 30 besatt
1405 301 79 30 med
1504 301 97 30 kom-

98 354 114 34 petent
234 351 211 31 innehavare
468 352 65 30 och
559 355 48 27 att
624 351 181 37 förslagets
828 351 275 37 genomförande
1127 351 200 36 därigenom
1351 352 113 30 skulle
1487 351 114 31 bidra-

97 410 41 27 ga
160 402 51 30 till
234 411 42 21 en
298 401 143 37 förhöjd
465 402 205 30 effektivitet
698 402 3 30 i
723 402 421 37 brandskyddsväsendet.
1192 402 200 30 Emellertid
1414 400 110 32 måste
1545 402 58 30 det

96 453 105 29 sättas
220 452 10 29 i
249 451 99 37 fråga
367 452 174 30 huruvida
560 452 206 37 tillräckliga
785 453 75 29 skäl
879 452 117 31 finnas
1015 452 56 31 för
1090 455 49 28 att
1158 453 11 29 i
1188 452 229 30 förevarande
1434 452 171 30 avseende

94 503 92 31 offra
214 504 66 30 den
309 504 228 30 kommunala
565 503 449 38 självbestämningsrätten.
1065 503 262 37 Brandfogdens
1354 503 148 37 uppgift,
1532 504 68 30 sär-

99 553 80 31 skilt
197 554 9 30 i
225 554 67 30 vad
307 554 59 30 det
384 554 108 36 gäller
510 554 161 31 ledandet
690 563 43 22 av
748 554 401 37 eldsläckningsarbetet,
1170 555 39 30 är
1228 554 197 37 visserligen
1445 563 157 21 ansvars-

95 605 77 31 fullt
198 606 64 29 och
290 604 313 38 maktpåliggande,
631 614 80 21 men
739 606 191 30 detsamma
957 606 70 30 kan
1055 606 98 36 sägas
1180 605 10 31 i
1218 605 69 31 lika
1313 606 68 36 hög
1407 606 85 36 grad
1519 613 83 22 vara

95 655 94 31 fallet
212 656 78 30 med
310 655 126 37 många
458 665 41 21 av
519 656 41 30 de
580 656 227 30 kommunala
830 656 168 37 uppdrag,
1021 656 92 31 vilka
1134 656 158 30 tillsättas
1316 665 41 21 av
1378 656 43 30 de
1443 656 158 30 kommu-

98 706 79 30 nala
194 706 367 37 representationerna.
581 707 64 30 Det
663 707 108 36 torde,
789 707 10 29 i
817 707 96 36 varje
931 707 63 30 fall
1011 705 45 39 på
1073 707 43 30 de
1135 707 100 30 flesta
1253 705 82 37 håll,
1353 706 94 31 bliva
1466 706 138 37 mycket

94 758 110 30 sällan
224 767 75 20 som
317 757 257 37 brandfogdens
592 757 145 38 tjänster
757 758 143 30 komma
920 760 48 28 att
987 761 97 33 tagas
1105 758 10 30 i
1134 757 152 37 anspråk
1307 757 53 30 för
1379 757 161 30 ledandet
1560 766 41 21 av

92 808 383 37 eldsläckningsarbete,
498 809 64 29 och
584 808 79 30 med
682 808 176 38 undantag
880 808 165 38 möjligen
1065 808 53 32 för
1142 809 65 30 den
1227 807 252 38 jämförelsevis
1501 808 100 30 korta

98 858 58 36 tid,
180 868 74 21 som
275 859 11 30 i
305 858 126 37 början
442 859 70 30 kan
524 857 77 38 åtgå
613 859 55 30 för
679 862 49 27 att
740 859 197 36 organisera
947 868 45 21 en
1003 859 392 36 släckningsberedskap
1406 857 111 31 sådan
1529 867 75 21 som

94 910 163 36 förslaget
279 909 141 38 åsyftar,
439 910 98 30 torde
558 913 122 33 posten
702 910 208 31 åtminstone
931 910 11 30 i
964 910 90 36 regel
1074 910 31 37 ej
1127 909 92 31 bliva
1240 910 150 30 särdeles
1412 910 188 35 betungan-

98 960 50 30 de.
193 960 138 31 Varken
353 961 147 30 arbetets
522 964 101 27 natur
644 960 82 31 eller
742 961 75 30 dess
838 960 210 36 omfattning
1068 970 101 27 synes
1192 960 218 30 fördenskull
1429 960 10 29 i
1461 960 66 30 och
1547 959 55 31 för

98 1010 49 37 sig
173 1011 86 30 böra
282 1010 182 31 föranleda
488 1020 43 21 en
558 1020 117 21 annan
699 1011 149 36 ordning
871 1011 223 30 beträffande
1119 1013 138 35 postens
1283 1010 213 30 tillsättande
1520 1010 45 30 än
1592 1009 11 30 i

97 1059 98 38 fråga
218 1071 58 20 om
297 1062 229 29 kommunala
548 1061 159 37 uppdrag
728 1062 11 29 i
761 1061 200 30 allmänhet.
1009 1062 65 29 Det
1096 1062 126 29 saknas
1245 1059 104 32 också
1373 1061 76 30 skäl
1470 1063 49 27 att
1543 1070 59 20 an-

96 1114 78 33 taga
191 1115 49 27 att
257 1112 42 30 de
315 1112 205 30 beslutande
538 1112 226 30 kommunala
784 1120 153 28 organen
954 1112 76 30 icke
1048 1112 109 30 skulle
1175 1112 120 30 kunna
1313 1109 45 39 på
1373 1114 49 27 ett
1439 1110 162 31 tillfreds-

97 1162 169 30 ställande
286 1163 66 29 sätt
370 1162 85 36 fylla
477 1162 180 37 uppgiften
676 1165 50 28 att
742 1165 75 28 utse
838 1162 296 37 brandfogdarna.
1179 1163 14 29 I
1210 1162 69 30 den
1299 1160 83 32 mån
1400 1161 125 31 brister
1542 1159 60 39 på-

99 1213 119 36 pekats
245 1213 11 29 i
280 1213 95 30 detta
398 1212 198 31 hänseende
622 1213 178 30 förefaller
827 1213 57 30 det
912 1212 176 31 sannolikt
1113 1216 49 27 att
1187 1213 44 30 de
1255 1212 136 31 mindre
1419 1213 112 29 berott
1558 1210 44 38 på

98 1266 162 33 systemet
286 1262 114 31 såsom
427 1262 123 31 sådant
577 1264 44 29 än
639 1262 112 38 därpå
776 1266 48 27 att
850 1263 117 30 vikten
993 1273 42 20 av
1061 1262 266 38 ifrågavarande
1354 1262 249 37 angelägenhet

97 1313 75 30 icke
194 1312 81 32 stått
299 1313 199 37 tillräckligt
522 1314 76 30 klar
619 1313 56 31 för
698 1314 259 30 vederbörande
980 1314 218 30 kommuner.
1246 1314 64 30 Det
1332 1313 115 30 finnes
1472 1313 46 30 all
1543 1322 58 21 an-

93 1363 139 37 ledning
274 1367 53 28 tro
361 1367 49 27 att
443 1365 173 30 önskvärd
649 1363 203 32 effektivitet
886 1365 87 30 skall
1010 1365 119 30 kunna
1163 1364 135 37 uppnås
1333 1365 78 30 med
1447 1363 153 31 bibehål-

94 1415 101 30 lande
220 1424 41 21 av
288 1415 66 30 den
377 1415 201 30 nuvarande
602 1414 201 37 ordningen,
827 1416 122 30 endast
974 1415 57 30 det
1055 1415 106 30 tillses
1186 1417 48 28 att
1259 1414 78 31 från
1364 1414 238 30 auktoritativt

95 1465 71 31 håll
191 1465 94 31 föras
309 1465 90 30 fram
425 1465 164 37 lämpliga
615 1466 215 30 kandidater.
879 1466 14 29 I
920 1465 122 31 sådant
1069 1465 167 31 avseende
1260 1465 116 30 kunde
1402 1465 124 30 tänkas
1554 1467 49 27 att

94 1515 432 37 skogsvårdsstyrelsernas
551 1515 195 31 erfarenhet
770 1516 137 30 ställdes
933 1516 51 30 till
1009 1516 41 30 de
1072 1516 203 30 beslutande
1297 1515 304 36 kommunalorga-

93 1575 85 21 nens
198 1566 204 36 förfogande
422 1566 46 36 på
487 1567 55 29 det
563 1567 65 29 sätt
647 1569 49 27 att
715 1567 88 29 valet
824 1566 110 30 skulle
953 1567 60 30 ske
1030 1566 86 30 efter
1135 1566 128 36 förslag
1282 1575 41 21 av
1344 1565 258 31 vederbörande

95 1617 149 36 styrelse.
294 1617 127 30 Utöver
450 1617 41 30 de
518 1616 11 31 i
554 1616 331 37 remissprotokollet
912 1616 195 37 föreslagna
1136 1616 205 37 åtgärderna
1368 1616 54 31 för
1450 1615 152 38 höjande

94 1677 42 20 av
161 1667 297 37 organisationens
484 1667 203 31 effektivitet
715 1667 116 30 kunde
856 1668 176 30 dessutom
1057 1667 218 37 ifrågasättas
1302 1670 48 27 att
1377 1667 158 30 anordna
1561 1676 40 20 en

95 1717 387 37 konsulentbefattning,
508 1727 77 21 vars
608 1718 211 31 innehavare
841 1718 90 31 hade
952 1718 51 30 till
1026 1718 137 37 uppgift
1184 1720 50 28 att
1256 1718 198 36 inspektera
1476 1717 125 30 brand-

94 1769 295 36 skyddsväsendet
406 1770 68 29 och
495 1769 214 36 tillhandagå
727 1770 79 29 med
828 1768 72 32 råd.

140 1819 48 31 De
205 1820 214 36 synpunkter
439 1828 74 21 som
532 1819 145 30 sålunda
693 1818 178 32 framförts
888 1819 98 31 torde
1005 1818 152 38 förtjäna
1176 1818 36 31 så
1230 1819 137 37 mycket
1385 1828 95 21 mera
1498 1819 103 30 beak-

94 1870 104 30 tande
215 1879 74 21 som
308 1871 66 29 den
392 1869 215 37 ståndpunkt
624 1870 162 36 förslaget
805 1869 132 37 intager
956 1870 9 30 i
985 1869 97 36 fråga
1103 1880 57 20 om
1180 1870 100 30 sättet
1298 1869 54 31 för
1371 1869 230 37 brandfogde-

97 1923 138 32 postens
256 1920 211 30 tillsättande
488 1920 78 30 haft
587 1920 49 30 till
658 1920 90 37 följd
768 1920 66 29 den
855 1920 148 36 ändring
1025 1929 75 21 som
1122 1918 145 32 föreslås
1288 1919 10 30 i
1320 1918 281 37 arvodesfrågan.

98 1969 205 37 Visserligen
324 1970 65 30 har
411 1970 10 29 i
438 1970 235 30 betänkandet
697 1969 114 31 såsom
834 1970 75 30 skäl
932 1969 56 30 för
1012 1969 181 37 förslagets
1218 1969 215 36 ståndpunkt
1454 1969 10 30 i
1489 1970 113 29 denna

98 2020 55 30 del
175 2018 182 38 åberopats
381 2019 131 37 jämväl
536 2020 56 30 det
615 2020 177 30 krävande
815 2021 65 29 och
907 2019 233 31 ansvarsfulla
1166 2020 116 30 arbete
1306 2029 73 21 som
1404 2020 39 30 är
1466 2019 136 30 förenat

98 2070 78 30 med
199 2070 231 36 brandfogde-
455 2071 64 29 och
543 2070 72 31 vice
636 2070 391 37 brandfogdeposterna.
1077 2070 89 30 Utan
1190 2073 49 27 att
1261 2070 227 30 underskatta
1509 2069 93 31 detta

95 2121 114 30 arbete
226 2121 97 30 torde
339 2130 82 21 man
439 2121 199 35 emellertid,
656 2120 114 31 såsom
788 2121 107 30 redan
912 2124 139 33 antytts,
1070 2121 117 30 kunna
1204 2121 81 36 utgå
1301 2120 92 31 ifrån
1410 2123 49 28 att
1475 2121 125 29 brand-

95 2172 223 36 fogdeposten
343 2171 10 30 i
378 2172 89 35 regel
490 2171 31 37 ej
544 2180 59 22 ens
626 2170 85 32 efter
737 2172 64 29 den
825 2181 69 27 nya
918 2171 280 36 organisationen
1221 2172 88 29 skall
1334 2171 93 31 bliva
1453 2171 149 31 särdeles

95 2222 226 36 betungande.
343 2221 49 30 På
414 2221 125 36 många
561 2221 70 30 håll
651 2221 109 30 måste
781 2221 265 31 förhållandena
1068 2225 141 33 antagas
1230 2231 81 21 vara
1334 2221 131 31 sådana
1485 2224 50 28 att
1557 2224 45 27 ett

95 2272 126 30 arvode
241 2272 201 30 överhuvud
466 2275 90 32 taget
577 2271 75 30 icke
676 2273 38 28 är
735 2271 164 36 påkallat.
946 2272 64 30 Det
1033 2280 100 28 synes
1155 2271 119 31 därför
1298 2281 82 21 vara
1405 2271 197 36 lämpligast

95 2325 48 28 att
159 2321 114 31 såsom
292 2321 53 31 för
361 2322 216 29 närvarande
596 2322 116 29 lämna
730 2321 33 30 åt
779 2322 213 30 kommunen
1010 2324 48 27 att
1076 2321 192 31 bestämma
1285 2322 172 29 huruvida
1476 2322 128 29 arvode

96 2373 87 30 skall
204 2371 90 37 utgå.
316 2371 78 31 Med
417 2371 178 36 förslagets
618 2371 213 36 ståndpunkt
853 2372 70 29 kan
943 2371 63 30 lätt
1028 2371 142 30 inträffa
1194 2374 57 33 att,
1275 2375 62 27 sett
1362 2371 79 31 från
1464 2371 56 30 det
1542 2371 58 30 all-

98 2423 146 30 männas
268 2422 187 36 synpunkt,
481 2421 234 30 kostnaderna
741 2421 54 30 för
822 2421 65 30 den
908 2430 66 27 nya
1001 2421 278 36 organisationen
1305 2421 92 31 bliva
1425 2422 108 30 större
1557 2422 46 29 än

98 2481 73 22 som
197 2476 193 27 motsvarar
415 2472 64 30 den
505 2472 110 30 ökade
637 2472 259 30 effektiviteten.
