1930 2848
618 143 276 28 Bankoutskottets
919 145 159 28 utlåtande
1102 145 42 29 Nr
1169 146 46 28 73.
1621 149 38 29 21

482 223 65 30 ock
573 223 209 39 bemyndiga
809 224 218 40 fullmäktige
1054 229 50 27 att
1129 225 70 32 låta
1225 227 185 31 verkställa
1436 227 227 40 reparations-

480 277 140 30 arbeten
643 277 221 31 beträffande
888 264 276 57 riksdågshusets
1188 282 98 36 yltre.

215 381 201 32 Stockholm
436 383 65 30 den
522 384 19 29 8
560 383 75 39 juni
658 384 92 30 1936.

649 490 48 31 På
719 491 303 32 bankoutskottets
1045 494 143 38 vägnar:

691 562 180 30 HARALD
898 557 248 38 ÅKERBERG.

213 812 56 28 Vid
295 812 196 29 förestående
515 815 129 27 ärendes
668 815 254 36 slutbehandling
944 816 87 28 inom
1056 817 148 28 utskottet
1228 817 81 28 hava
1333 818 148 27 närvarit:

209 874 71 28 från
308 875 148 28 första
475 876 195 28 kammaren:
689 877 109 28 herrar
816 874 166 39 Åkerberg,
1000 879 165 34 Lindgren,
1185 879 188 35 Bjurström,
1391 880 171 36 Ehrnberg,
1582 880 79 28 Nils-

172 927 57 18 son
247 920 9 26 i
274 920 148 32 Mölndal,
440 920 164 36 Swartling
621 922 59 27 och
699 921 114 34 Bodin;

212 981 71 27 från
312 983 138 26 andra
478 983 194 27 kammaren:
692 984 109 27 herrar
820 985 127 33 Leffler,
966 985 133 34 Laurén,
1117 985 144 35 Paulsen,
1281 987 179 28 Johansson
1479 989 9 27 i
1507 987 156 32 Sollefteå,

174 1026 176 27 Andersson
372 1027 9 26 i
404 1027 202 36 Falkenberg,
630 1026 174 36 Carleson",
828 1029 173 28 Gustavson
1023 1031 9 26 i
1056 1030 159 28 Västerås"
1239 1032 59 27 och
1321 1030 162 36 Nyblom".

207 1105 12 11 >"
240 1105 34 31 Ej
301 1106 183 25 närvarande
510 1106 47 25 vid
582 1106 177 26 utlåtandets
786 1107 150 33 justering.

804 1396 228 30 Reservation

171 1476 72 27 mot
264 1473 69 30 viss
355 1474 55 29 del
432 1483 42 21 av
495 1475 182 30 utskottets
699 1475 219 40 motivering:

171 1535 42 21 av
236 1526 119 30 herrar
380 1527 146 30 Paulsen
550 1528 65 30 och
639 1528 147 38 Laurén,
811 1529 92 30 vilka
927 1529 95 31 inom
1046 1531 164 30 utskottet
1235 1530 193 31 framhållit
1450 1531 167 39 följande:

219 1590 11 15 »
238 1580 171 30 Utskottet
426 1581 63 29 bör
507 1581 105 39 enligt
630 1580 61 31 vår
710 1582 141 39 mening
869 1582 75 31 icke
965 1584 82 38 göra
1066 1582 106 40 några
1192 1584 204 31 uttalanden
1414 1594 57 21 om
1490 1585 171 39 riksdags-

169 1633 117 30 husets
309 1634 200 30 nuvarande
530 1634 201 36 arkitektur,
754 1635 93 30 vilka
869 1636 119 30 kunna
1010 1636 106 31 binda
1138 1637 208 31 kommittén
1367 1637 57 31 vid
1447 1638 76 31 dess
1546 1637 115 32 stånd-

169 1687 261 38 punkttagande
449 1687 51 30 till
519 1687 237 40 föreliggande
774 1688 129 40 förslag
923 1699 57 21 om
1000 1689 203 41 förändring
1223 1700 43 21 av
1285 1691 276 39 riksdagshusets
1581 1693 80 29 övre

169 1739 135 39 partier.
335 1735 304 45 Överhuvudtaget
656 1742 38 29 är
713 1742 57 30 det
787 1742 31 39 ej
836 1743 167 39 lämpligt,
1023 1747 49 27 att
1089 1745 165 30 utskottet
1271 1744 9 30 i
1299 1744 142 40 frågans
1460 1745 200 30 nuvarande

166 1793 75 38 läge
259 1793 135 30 lämnar
412 1794 197 31 utformade
628 1795 146 30 direktiv
795 1795 53 31 för
867 1796 238 39 utredningen,
1124 1797 115 31 vilken
1259 1798 89 31 helst
1366 1799 63 30 bör
1448 1808 82 21 vara
1550 1799 107 30 förut-

169 1846 231 39 sättningslös.
442 1847 211 31 Kommittén
679 1848 63 30 bör
768 1849 176 39 nämligen
973 1850 105 39 enligt
1105 1849 60 31 vår
1193 1851 141 40 mening
1361 1852 44 30 ha
1434 1852 66 30 fria
1527 1852 133 31 händer

167 1902 49 26 att
236 1899 86 38 själv
341 1900 192 30 bestämma
553 1901 147 38 linjerna
721 1901 55 30 för
796 1902 57 30 sitt
871 1903 145 29 arbete.»
