1924 2846
494 169 276 29 Bunkoutskottets
793 170 159 28 atlåtande
974 172 43 27 Nr
1042 173 44 26 73.
1122 172 133 34 Bilagor.
1562 173 58 30 117

127 249 137 30 särskilt
292 252 102 27 utrett
421 251 233 29 kostuaderna
683 251 53 30 för
765 251 107 38 själva
901 253 249 29 stenarbetena.
1191 253 296 30 Totalkostnaden
1515 254 106 29 slutar

128 291 43 40 på
187 302 42 21 en
246 302 136 21 summa
398 303 42 21 av
457 294 63 30 584
535 295 63 29 000
615 296 138 29 kronor.
781 296 186 30 Arbetenas
986 297 107 29 delvis
1110 297 157 38 ovanliga
1286 301 52 26 art
1356 298 65 29 och
1437 298 66 30 den
1520 298 100 30 ofull-

127 337 159 39 ständiga
310 339 245 30 kännedomen
579 349 57 20 om
662 340 42 30 de
728 340 180 39 befintliga
932 341 391 39 byggnadsdetaljernas
1349 342 159 30 tekniska
1533 342 88 30 utfö-

125 383 108 29 rande
252 386 88 26 samt
360 383 56 30 det
436 384 276 38 approximativa
731 385 238 30 beräknandet
989 395 42 20 av
1050 386 299 39 reparationernas
1370 386 211 40 omfattning
1601 387 19 30 å

127 427 185 30 fasaderna
334 428 122 37 utgöra
481 429 188 30 emellertid
692 430 365 30 osäkerhetsmoment.
1083 440 75 21 som
1183 431 284 39 nödvändiggöra
1489 441 42 21 en
1554 432 68 30 viss

125 471 209 30 reservation
351 473 148 29 rörande
515 473 298 38 tillförlitligheten
830 483 42 21 av
887 474 248 40 beräkningen.
1165 475 240 31 Kostnaderna
1421 476 133 31 fördela
1571 476 50 40 sig

127 516 44 38 på
199 515 155 39 följande
381 517 66 29 sätt
474 516 45 40 på
545 518 41 30 de
614 520 49 28 tre
690 518 317 40 huvudgrupperna
1035 520 150 36 arbeten,
1214 520 54 30 för
1295 521 66 30 den
1389 521 165 31 händelse
1581 522 41 29 de

127 568 258 30 gemensamma
402 562 293 31 omkostnaderna
714 563 93 30 delas
822 564 264 38 proportionellt
1104 564 85 31 efter
1206 565 416 39 byggnadskostnaderna

125 604 65 30 och
212 605 257 40 totalbeloppen
490 607 173 30 avrundas
684 608 52 30 till
756 608 119 38 jämna
897 609 163 30 tusental:
1082 609 55 31 för
1157 610 229 39 borttagande
1408 620 42 20 av
1472 612 148 29 krönan-

125 649 42 29 de
191 649 257 40 granitdetaljer
472 650 105 39 jämte
601 653 351 38 ersättningsarbeten
976 654 63 30 234
1054 654 64 30 000
1142 655 138 35 kronor,
1305 654 54 31 för
1384 654 159 40 åtgärder
1567 656 54 29 för

126 693 161 39 isolering
307 704 43 20 av
371 696 332 37 granitbarriärerna
724 696 20 31 å
767 697 251 39 sidopartierna
1039 699 61 29 297
1117 699 64 29 000
1203 700 129 29 kronor
1351 703 90 26 samt
1462 700 54 30 för
1537 701 83 29 kon-

126 738 205 39 serverings-
350 739 64 30 och
434 740 356 38 reparationsarbeten
810 741 19 30 å
847 742 261 39 rikdagshusets
1127 743 138 30 fasader
1283 744 42 29 33
1339 745 64 29 000
1421 745 138 30 kronor.

171 785 53 29 Nu
246 784 267 40 ifrågavarande
536 786 139 30 arbeten
698 786 91 30 bliva
813 796 42 20 av
878 787 67 30 den
968 787 211 39 omfattning
1202 791 48 27 att
1273 789 41 29 de
1337 788 75 31 icke
1435 789 186 39 lämpligen

126 830 120 29 kunna
266 829 132 30 utföras
414 830 111 30 under
545 840 41 20 en
605 831 235 38 arbetsperiod
859 840 42 21 av
921 834 47 27 ett
985 832 96 30 halvt
1099 831 39 31 år
1156 835 84 27 utan
1259 833 96 30 torde
1374 833 42 30 de
1434 834 84 30 böra
1537 843 84 30 upp-

125 874 95 29 delas
241 873 43 40 på
303 873 56 31 två
379 874 82 30 eller
481 878 49 26 tre
549 875 271 39 arbetsperioder
840 875 20 30 å
880 876 145 30 vardera
1046 879 47 27 ett
1111 877 90 30 halft
1223 876 37 31 år
1277 878 110 29 under
1407 877 214 31 månaderna

126 918 318 38 juni—november.
480 919 13 29 I
516 920 67 29 alla
605 920 183 30 händelser
810 920 63 30 bör
896 920 143 39 givetvis
1062 921 127 31 ordnas
1213 921 47 36 så,
1284 925 49 27 att
1355 922 266 31 huvudfasaden

125 962 11 29 i
158 963 53 29 sin
233 963 115 30 helhet
370 963 279 39 iordningställes
671 963 45 40 på
739 974 40 20 en
803 964 99 39 gång.
937 964 240 32 Kostnaderna
1201 967 120 29 kunna
1343 967 188 39 lämpligen
1554 967 66 31 för-

126 1007 94 30 delas
247 1008 79 29 med
352 1008 70 29 lika
449 1008 94 30 delar
569 1008 55 31 för
648 1009 95 39 varje
769 1009 176 39 delperiod
970 1010 166 39 möjligen
1162 1011 80 30 med
1267 1010 117 40 någon
1411 1012 130 39 ökning
1568 1013 54 29 för

125 1052 67 29 den
210 1052 118 35 första,
349 1051 44 31 då
412 1062 42 20 en
473 1053 55 29 del
546 1053 346 39 stenhuggeriarbete,
913 1053 115 32 såsom
1045 1055 180 39 huggning
1244 1065 43 20 av
1303 1056 178 31 dockorna
1499 1067 45 20 m.
1564 1067 56 25 m.,

125 1096 187 38 lämpligen
337 1097 70 29 kan
431 1097 134 30 utföras
588 1098 110 30 under
722 1098 276 39 vinterperioden
1021 1099 55 30 för
1100 1100 157 38 jämnare
1281 1100 198 40 fördelning
1503 1111 42 20 av
1569 1111 52 20 ar-

125 1140 99 30 betet.
262 1137 94 33 Även
378 1142 82 30 med
482 1142 138 38 hänsyn
644 1142 51 30 till
720 1143 271 30 arbetslösheten
1016 1144 11 29 i
1051 1145 100 37 yrket
1175 1145 38 29 är
1235 1154 42 20 en
1304 1145 96 38 dylik
1424 1145 197 39 fördelning

125 1193 42 21 av
189 1185 130 30 arbetet
341 1188 49 27 att
410 1185 151 31 förorda.
597 1186 67 30 För
686 1187 67 30 den
774 1187 165 30 händelse
961 1188 131 30 arbetet
1114 1189 88 29 skall
1224 1188 163 40 påbörjas
1410 1191 99 29 nästa
1532 1200 88 20 som-

125 1238 86 26 mar,
232 1230 37 29 är
289 1230 56 29 det
364 1229 54 31 för
439 1230 67 30 den
527 1231 89 30 skull
638 1240 42 21 av
698 1231 73 30 vikt
791 1235 48 26 att
858 1233 113 29 beslut
992 1236 134 27 snarast
1146 1233 135 39 möjligt
1301 1233 116 37 fattas,
1440 1234 37 30 så
1497 1239 48 26 att
1565 1236 55 29 be-

124 1273 139 39 hövliga
282 1274 253 31 förberedande
554 1276 140 30 arbeten
714 1276 79 30 med
812 1276 169 39 ritningar
1001 1277 65 30 och
1085 1278 264 39 beskrivningar
1369 1289 45 20 m.
1436 1289 45 20 m.
1502 1280 118 30 kunna

124 1317 134 31 utföras
277 1319 65 29 och
360 1319 209 39 beställning
588 1321 59 29 ske
665 1329 43 21 av
727 1320 265 39 granitarbeten,
1013 1322 92 30 vilka
1124 1323 10 29 i
1154 1326 70 27 stor
1242 1324 241 39 utsträckning
1501 1325 119 29 kunna

124 1362 134 30 utföras
275 1363 57 30 vid
352 1364 421 38 stenhuggeriverkstäder
792 1366 64 29 och
875 1366 85 30 böra
978 1375 83 21 vara
1080 1367 146 39 färdiga,
1247 1369 61 29 när
1326 1368 131 30 arbetet
1476 1368 20 31 å
1515 1370 104 38 bygg-

125 1407 113 29 naden
259 1408 69 29 kan
349 1408 106 30 sättas
476 1418 10 19 1
508 1408 98 39 gång.

169 1469 201 30 Stockholm
390 1469 11 29 i
421 1470 179 30 december
624 1472 93 29 1935.

1315 1536 193 31 Vördsamt.

1231 1589 107 39 Georg
1363 1590 36 29 A.
1425 1590 149 30 Nilsson.

1401 1741 120 39 Bilaga
1545 1743 29 29 6.

122 1777 104 32 Kungl,
248 1778 306 32 Byggnadsstyrelsen.

259 1870 64 29 Till
340 1870 127 30 Herrar
485 1871 230 40 Fullmäktige
732 1873 9 29 i
759 1873 353 38 Riksgäldskontoret.

167 1940 13 28 I
213 1940 163 30 skrivelse
408 1941 51 30 till
489 1942 121 39 Kungl.
643 1943 348 40 byggnadsstyrelsen
1022 1946 66 29 den
1120 1947 15 28 7
1169 1946 137 38 januari
1341 1948 82 28 1936
1454 1948 88 29 hava
1575 1947 40 30 Ni

122 1983 145 31 anhållit
288 1994 56 20 om
366 1987 184 37 styrelsens
572 1988 159 37 yttrande
751 1989 79 29 över
853 1998 40 20 en
917 1989 188 30 skrivelsen
1126 1989 126 39 bilagd,
1276 2000 41 20 av
1338 1991 277 38 byggnadsrådet

124 2027 36 30 G.
187 2028 37 29 A.
253 2028 137 31 Nilsson
415 2031 188 30 verkställd
629 2032 182 38 utredning
837 2032 180 39 angående
1043 2034 204 38 förändring
1275 2044 41 20 av
1343 2035 276 39 riksdagshusets

123 2072 80 30 övre
220 2073 139 38 partier;
376 2075 65 29 och
458 2074 54 30 får
527 2076 347 39 byggnadsstyrelsen
891 2079 79 29 med
987 2079 187 38 anledning
1189 2079 109 30 härav
1313 2079 124 31 anföra
1454 2080 163 38 följande.

169 2120 12 28 I
202 2120 162 30 skrivelse
382 2120 50 29 till
453 2120 90 30 Eder
561 2121 65 30 den
648 2122 38 28 12
705 2122 71 37 maj
797 2123 81 29 1932
898 2123 153 30 uttalade
1069 2123 50 39 sig
1136 2124 349 38 byggnadsstyrelsen
1503 2125 10 29 i
1531 2125 87 30 före-

123 2164 152 30 varande
299 2163 98 39 fråga
422 2165 65 29 och
511 2165 164 30 framhöll
700 2166 120 30 därvid
844 2167 91 29 vissa
960 2169 224 37 synpunkter,
1210 2178 74 20 som
1308 2169 58 29 vid
1388 2168 141 39 frågans
1554 2170 64 29 lös-

124 2210 82 36 ning
230 2210 106 29 borde
358 2210 154 29 beaktas.
551 2211 12 28 I
588 2211 200 37 anslutning
811 2211 117 29 härtill
952 2212 185 30 förordade
1161 2213 165 37 styrelsen
1351 2214 268 29 verkställandet

123 2263 42 20 av
185 2263 42 20 en
246 2254 252 29 arkitektonisk
518 2255 64 29 och
603 2255 204 29 ekonomisk
827 2255 185 39 utredning
1033 2255 179 38 angående
1231 2257 228 38 borttagande
1479 2267 42 20 av
1542 2259 75 29 krö-

124 2298 113 29 nande
259 2298 258 38 takprydnader
541 2299 65 28 och
629 2299 309 38 byggnadspartier
962 2298 20 30 å
1006 2299 95 30 såväl
1124 2300 172 37 riksdags-
1321 2311 74 19 som
1420 2302 198 29 riksbanks-

123 2342 109 29 husen
253 2342 64 29 och
335 2342 42 29 de
395 2342 100 29 dessa
514 2343 199 37 byggnader
732 2343 337 30 sammanbindande
1088 2343 54 30 två
1163 2345 151 37 portiker
1333 2348 90 27 samt
1441 2345 178 38 angående

124 2395 41 20 en
191 2386 105 29 därav
323 2386 163 36 betingad
511 2386 203 38 förändring
741 2387 324 38 detaljutformning
1091 2397 42 20 av
1159 2388 232 30 takbarriärer
1416 2390 64 29 och
1506 2393 112 35 posta-

123 2433 104 26 ment.
270 2430 181 35 Samtidigt
481 2430 163 30 framhöll
674 2431 164 37 styrelsen
867 2431 200 30 emellertid.
1097 2435 48 26 att
1174 2432 113 30 denna
1317 2432 96 37 fråga
1446 2443 172 20 samman-

122 2474 138 36 hängde
285 2474 78 30 med
391 2475 124 36 fråsan
543 2484 56 20 om
628 2475 191 29 ordnandet
848 2485 42 19 av
918 2476 277 37 riksdagshusets
1222 2477 251 37 omgivningar,
1503 2479 115 29 varför
