1898 2808
605 180 250 28 Bankoutskottets
877 178 148 28 utlåtande
1047 178 48 27 Nr
1118 179 49 26 52.
1620 173 15 30 T

192 259 111 32 Innan
326 257 170 32 utskottet
519 257 140 39 övergår
680 254 54 32 till
755 253 211 42 behandling
988 263 40 20 av
1051 252 58 31 det
1131 262 122 31 genom
1276 250 219 32 förevarande
1518 259 121 32 propo-
1659 246 11 54 =
1693 260 72 23 Vissa
1786 259 46 23 all-

140 310 106 33 sition
279 307 188 42 framlagda
500 306 163 41 förslaget
696 305 53 32 till
777 316 46 31 ny
845 304 201 40 förordning
1068 314 55 20 om
1147 302 191 41 ersättning
1360 301 11 31 i
1394 300 183 41 anledning
1600 311 40 19 av
1658 294 202 31 männafrågor.

140 359 247 43 kroppsskada,
412 358 148 40 ådragen
582 356 110 32 under
714 354 366 41 militärtjänstgöring,
1101 353 62 31 har
1179 353 168 31 utskottet
1362 353 112 29 ansett
1491 351 51 40 sig
1557 351 84 31 böra

139 412 12 31 i
173 411 138 31 korthet
332 409 123 31 beröra
476 408 93 30 vissa
591 418 40 19 av
654 405 246 42 föredragande
924 403 376 42 departementschefen
1323 401 248 40 inledningsvis
1587 401 53 30 be-

138 460 173 32 handlade
333 459 172 31 allmänna
527 457 179 41 spörsmål.

190 509 220 33 Beträffande
443 509 127 40 frågan,
605 506 169 32 huruvida
806 504 305 33 bestämmelserna
1143 503 12 31 i
1184 502 219 32 förevarande
1426 504 97 29 ämne
1547 501 93 37 böra,

139 562 88 31 efter
249 560 150 32 förebild
421 570 41 20 av
486 559 80 31 1909
589 559 55 30 års
667 556 210 41 förordning,
903 555 257 32 sammanfattas
1182 554 12 31 i
1217 565 41 20 en
1281 553 141 31 särskild
1438 552 203 40 författning

141 613 84 31 eller
258 622 55 21 om
348 610 42 31 de
418 610 53 30 till
494 611 112 39 någon
629 608 57 31 del
708 607 84 32 böra
815 606 175 31 meddelas
1012 606 12 30 i
1046 605 86 31 form
1156 616 40 19 av
1219 604 118 41 tillägg
1359 603 52 31 till
1434 602 207 42 olycksfalls-

139 661 326 41 försäkringslagen,
499 659 62 31 har
594 656 380 43 departementschefen
1000 657 43 39 på
1066 655 142 31 anförda
1232 654 72 31 skäl
1326 656 120 35 ansett,
1471 655 49 29 att
1543 655 99 29 samt-

140 713 69 40 liga
232 711 170 42 spörsmål
424 709 145 32 rörande
593 708 190 39 ersättning
805 707 12 31 i
839 706 185 41 anledning
1046 716 41 20 av
1109 704 246 41 kroppsskada,
1372 704 145 40 ådragen
1533 703 110 31 under

141 760 367 43 militärtjänstgöring,
531 759 108 32 borde
662 758 149 41 regleras
834 757 12 31 i
869 768 41 20 en
935 755 146 33 särskild
1104 754 208 41 författning,
1336 754 11 31 i
1370 753 83 41 följd
1470 764 98 20 varav
1585 753 58 31 det

140 811 234 43 föreliggande
396 810 164 42 förslaget
582 809 160 32 avfattats
766 810 46 36 så,
836 809 50 30 att
909 807 66 31 den
997 806 68 32 fast
1080 805 170 32 anställda
1264 805 169 41 personal,
1451 815 71 20 som
1539 804 103 41 jämte

141 864 44 32 de
217 862 228 42 värnpliktiga
472 872 98 20 avses
594 860 77 32 med
693 859 306 32 bestämmelserna
1021 857 64 32 och
1108 857 113 31 vilken
1243 856 53 31 för
1317 855 207 32 närvarande
1547 854 97 32 faller

138 914 127 42 jämväl
297 913 111 31 under
435 909 519 44 olycksfallsförsäkringslagen,
979 908 110 31 skulle
1111 908 116 30 kunna
1249 906 212 40 undantagas
1484 905 73 31 från
1581 905 63 30 till-

142 964 224 42 lämpningen
390 974 40 20 av
453 961 258 32 föreskrifterna
733 960 11 31 i
767 959 149 32 nämnda
938 959 63 40 lag.
1046 958 67 30 Till
1136 958 67 30 den
1220 956 220 41 ståndpunkt,
1457 957 102 39 varpå
1582 956 62 30 för-

140 1015 113 41 slaget
283 1014 3 31 i
324 1025 47 20 nu
405 1013 145 41 angivna
576 1010 197 32 hänseende
796 1010 93 36 vilar,
913 1009 61 31 har
997 1008 168 31 utskottet
1188 1008 52 30 för
1263 1007 52 31 sin
1339 1007 54 30 del
1416 1006 142 31 anslutit
1582 1005 60 41 sig.

195 1063 276 34 Vidkommande
505 1062 147 31 därefter
685 1061 66 31 den
779 1060 192 41 föreslagna
985 1058 261 41 författningens
1259 1057 92 40 form
1373 1059 53 28 må
1448 1056 196 31 framhållas

143 1117 61 36 att,
227 1114 124 32 medan
385 1125 47 20 nu
463 1112 156 42 gällande
651 1110 261 33 bestämmelser
934 1112 58 29 äro
1015 1108 200 31 meddelade
1238 1108 11 30 i
1273 1118 41 20 en
1337 1118 39 20 av
1398 1106 125 41 Kungl.
1548 1106 98 40 Maj:t

144 1165 79 32 med
246 1164 183 41 riksdagen
453 1162 158 32 utfärdad
633 1160 210 42 förordning,
856 1158 473 41 riksförsäkringsanstaltens
1352 1157 126 40 förslag
1492 1156 152 36 innebär,

142 1218 52 29 att
228 1215 66 32 den
323 1225 67 31 nya
412 1213 246 41 författningen
681 1211 112 32 skulle
816 1210 128 32 erhålla
966 1210 130 31 formen
1120 1220 40 19 av
1183 1209 63 41 lag.
1293 1207 119 32 Såsom
1437 1206 72 32 skäl
1531 1206 115 31 härför

143 1266 64 31 har
229 1266 141 36 anförts,
388 1266 50 29 att
460 1264 12 30 i
495 1263 190 31 anstaltens
711 1262 128 40 förslag
861 1260 177 42 upptagits
1061 1258 268 37 bestämmelser,
1347 1257 105 41 enligt
1467 1257 89 30 vilka
1572 1256 74 31 dels

144 1317 123 31 tvister
300 1327 55 20 om
390 1314 191 41 ersättning
614 1313 107 41 enligt
746 1311 245 41 författningen
1018 1310 110 31 skulle
1151 1308 238 41 undandragas
1412 1308 42 30 de
1477 1307 170 31 allmänna

146 1367 256 31 domstolarnas
424 1364 178 42 prövning,
620 1363 74 32 dels
718 1362 64 32 ock
803 1364 112 29 rätten
931 1361 53 32 till
1000 1360 94 42 dylik
1110 1359 190 41 ersättning
1314 1359 73 31 icke
1408 1358 109 31 skulle
1532 1358 116 30 kunna

143 1417 180 31 överlåtas.
369 1415 121 31 Ehuru
524 1414 115 41 dylika
671 1412 261 32 bestämmelser
963 1411 123 41 jämväl
1119 1410 79 40 ingå
1220 1409 12 31 i
1255 1409 58 31 det
1338 1420 40 19 av
1399 1408 126 41 Kungl.
1549 1407 99 41 Maj:t

144 1466 190 42 framlagda
359 1465 171 41 förslaget,
548 1464 61 31 har
625 1462 386 43 departementschefen,
1035 1461 12 31 i
1069 1459 224 33 betraktande
1308 1470 40 20 av
1363 1461 49 29 att
1428 1458 219 40 ersättnings-

144 1519 114 30 rätten
281 1516 109 42 enligt
411 1515 164 41 förslaget
597 1514 53 31 till
666 1512 233 43 övervägande
916 1512 55 31 del
982 1511 150 42 grundas
1146 1512 43 40 på
1201 1512 49 29 ett
1263 1511 128 30 statens
1404 1508 164 41 åtagande
1582 1508 64 31 och

144 1568 165 41 förslaget
341 1566 12 31 i
387 1566 110 41 övrigt
519 1565 123 31 endast
664 1566 168 40 upptager
858 1563 100 42 eljest
981 1561 203 42 tillämpliga
1206 1560 257 31 bestämmelser
1485 1559 11 30 i
1520 1558 127 41 olycks-

145 1616 403 42 fallsförsäkringslagen,
573 1616 114 30 ansett
720 1614 73 31 skäl
828 1613 123 32 saknas
974 1614 50 29 att
1046 1612 78 31 med
1147 1610 167 32 avseende
1337 1612 19 29 å
1378 1610 129 31 formen
1530 1609 117 40 frångå

146 1680 48 20 nu
227 1667 158 42 gällande
418 1665 211 41 författning.
674 1664 68 32 Till
776 1663 79 32 stöd
885 1664 53 30 för
971 1662 111 31 denna
1105 1661 212 42 ståndpunkt
1339 1660 61 31 har
1422 1660 62 30 ock
1507 1659 139 37 anförts,

146 1720 50 30 att
219 1717 181 33 enahanda
422 1716 260 32 bestämmelser
709 1726 74 20 som
806 1714 43 31 de
872 1725 40 20 av
928 1711 452 42 riksförsäkringsanstalten
1397 1710 152 42 åsyftade
1566 1712 82 28 åter-

145 1770 113 30 finnas
280 1768 12 31 i
315 1767 246 41 förordningen
585 1766 67 31 den
676 1766 15 30 1
716 1765 75 41 juni
816 1764 80 31 1923
919 1764 51 41 (nr
994 1763 69 41 138)
1086 1762 175 42 angående
1285 1761 187 40 ersättning
1495 1772 39 19 av
1552 1762 96 29 stats-

147 1819 112 32 medel
282 1819 54 31 för
358 1817 107 32 skada
487 1817 53 32 till
562 1816 85 42 följd
667 1827 40 20 av
724 1815 187 42 olycksfall,
930 1825 73 21 som
1019 1813 209 32 förorsakats
1245 1823 39 20 av
1300 1810 350 43 krigsförhållandena

147 1870 110 31 under
282 1869 207 31 1914—1919
512 1870 54 29 års
589 1866 200 42 världskrig.

200 1921 19 30 I
252 1918 224 33 förenämnda
508 1918 132 31 motion
673 1917 102 31 TI:228
808 1916 63 31 har
903 1916 124 41 yrkats,
1051 1917 50 29 att
1124 1914 244 41 författningen
1389 1913 12 31 i
1424 1913 92 40 fråga
1539 1912 110 31 skulle

147 1970 97 42 givas
266 1970 132 31 formen
422 1980 41 20 av
484 1968 63 41 lag.

201 2020 69 31 För
303 2031 86 30 egen
413 2019 56 31 del
492 2018 62 31 har
576 2018 169 31 utskottet
768 2018 43 40 på
834 2017 42 31 de
903 2028 41 19 av
970 2014 375 43 departementschefen
1368 2013 141 31 anförda
1532 2012 117 32 skälen

147 2071 114 31 funnit
296 2070 52 40 sig
380 2069 85 32 böra
497 2068 135 32 biträda
654 2067 126 41 Kungl.
805 2067 117 40 Maj:ts
945 2066 127 40 förslag
1094 2066 10 30 i
1127 2064 220 32 förevarande
1370 2063 175 31 avseende.
1591 2062 59 32 Ut-

146 2121 132 32 skottet
301 2119 176 42 avstyrker
501 2118 144 32 sålunda
666 2117 66 31 vad
755 2117 214 31 motionären
992 2116 11 30 i
1026 2115 112 31 denna
1157 2114 110 42 punkt
1287 2113 182 32 hemställt.

202 2205 56 31 Då
292 2204 173 32 utskottet
487 2214 47 20 nu
557 2205 141 39 övergär
720 2201 53 32 till
796 2200 210 42 behandling
1028 2211 40 20 av
1091 2199 59 32 det
1172 2198 229 42 föreliggande
1423 2196 228 42 författnings-
1669 2204 201 25 Författnings-

149 2255 177 41 förslaget,
349 2254 60 32 vill
432 2254 171 31 utskottet
625 2253 53 31 till
701 2263 42 21 en
766 2252 121 41 början
911 2253 113 29 såsom
1048 2250 141 31 allmänt
1212 2249 157 32 omdöme
1392 2248 115 37 uttala,
1531 2249 50 29 att
1604 2250 48 28 ut-
1702 2235 141 56 förslaget.

148 2306 132 31 skottet
315 2304 59 32 vid
407 2304 209 42 granskning
649 2314 41 20 av
722 2302 164 41 förslaget
918 2300 114 32 funnit
1064 2300 190 32 detsamma
1275 2310 78 20 vara
1375 2298 11 31 i
1410 2298 57 31 det
1489 2297 77 31 hela
1589 2297 63 31 till-

149 2355 266 32 fredsställande
439 2354 63 32 och
526 2354 53 31 väl
602 2355 128 39 avvägt.
776 2352 179 41 Förslaget
976 2352 62 30 har
1061 2351 72 37 ock,
1158 2352 112 29 såsom
1298 2349 104 31 redan
1424 2360 40 20 av
1487 2348 58 31 det
1560 2348 93 31 förut

149 2405 144 32 anförda
326 2405 99 31 torde
448 2405 137 40 framgå,
610 2404 11 30 i
645 2403 42 32 de
710 2403 104 37 delar,
839 2402 60 31 där
922 2402 94 31 detta
1039 2401 85 31 varit
1148 2400 140 41 möjligt,
1312 2401 81 29 nära
1415 2398 161 32 anslutits
1600 2398 52 31 till

149 2455 307 32 bestämmelserna
471 2455 12 31 i
501 2455 80 31 1916
601 2456 55 30 års
672 2452 476 43 olycksfallsförsäkringslag.
1176 2451 53 31 Då
1244 2450 168 32 utskottet
1428 2451 43 40 på
1485 2448 112 42 grund
1612 2459 40 20 av

150 2506 66 32 vad
249 2517 46 21 nu
324 2506 132 32 anförts
489 2505 114 31 funnit
626 2504 53 42 sig
711 2504 84 32 böra
825 2504 11 31 i
859 2503 61 31 allt
942 2502 183 41 väsentligt
1147 2501 134 32 biträda
1303 2500 125 41 Kungl.
1452 2499 116 42 Maj:ts
1591 2499 61 31 för-
