1910 2836
506 175 294 35 Statsutskottets
823 176 187 34 utlåtande
1034 177 53 33 Nr
1112 178 74 32 189.
1577 180 16 30 1

758 549 67 41 Nr
851 548 93 43 1389.

645 730 104 25 Ankom
769 730 40 25 till
827 730 155 31 riksdagens
1001 730 84 25 kansli
1104 730 53 25 den
1178 733 32 22 16
1229 730 57 31 juni
1306 733 67 23 1942
1394 730 36 26 kl.
1451 733 16 22 8
1486 740 22 16 e.
1527 739 34 17 m.

341 886 189 36 Utlåtande
544 888 12 34 i
570 887 182 44 anledning
767 901 45 22 av
826 887 133 44 Kungl.
974 888 127 42 Maj:ts
1114 887 294 44 framställningar
1421 888 176 43 angående

563 940 199 44 ytterligare
780 940 145 43 utgifter
944 943 22 33 å
985 940 208 44 tilläggsstat
1211 942 40 33 II
1270 942 50 34 till
1338 942 189 34 riksstaten
1544 942 55 42 för

563 993 205 44 budgetåret
789 995 169 43 1941/42,
979 996 12 33 i
1011 996 69 33 vad
1101 1008 101 22 avser
1223 994 373 44 ecklesiastikdeparte-

563 1050 152 33 mentets
731 1047 391 36 verksamhetsområde.

1367 1103 71 42 (2:a
1455 1103 92 43 avd.)

652 1278 400 53 Driftbudgeten.

624 1386 174 43 Åttonde
821 1397 263 32 huvudtiteln.

157 1501 69 42 1:0)
254 1500 177 40 Flyttning
446 1501 68 31 och
529 1501 117 40 tillsyn
662 1512 43 20 av
719 1502 90 30 vissa
823 1502 321 40 museisamlingar.
1173 1502 19 33 I
1207 1502 255 43 propositionen
1478 1515 40 21 nr
1533 1506 64 31 316

109 1554 64 34 har
192 1554 131 42 Kungl.
342 1554 111 42 Maj:t
475 1554 127 43 (bilaga
621 1557 32 37 5,
670 1554 118 43 punkt
808 1558 30 37 1,
858 1555 63 34 sid.
940 1558 134 31 41—46
1095 1568 45 21 av
1159 1555 108 42 bilagt
1285 1555 127 43 utdrag
1431 1568 46 21 av
1496 1560 102 29 stats-

110 1607 287 43 rådsprotokollet
417 1611 84 30 över
520 1607 366 36 ecklesiastikärenden
905 1608 56 34 för
979 1608 65 34 den
1064 1612 20 30 8
1103 1608 71 42 maj
1198 1609 100 41 1942)
1320 1608 177 43 föreslagit
1516 1609 82 33 riks-

110 1661 112 42 dagen
240 1666 55 29 att
312 1661 51 33 till
382 1661 185 43 Flyttning
585 1661 65 33 och
667 1661 119 43 tillsyn
805 1674 45 21 av
869 1661 93 34 vissa
980 1661 295 43 museisamlingar
1292 1663 22 32 å
1331 1661 211 43 tilläggsstat
1560 1662 38 33 II

110 1714 51 34 till
177 1714 187 34 riksstaten
379 1714 55 34 för
448 1714 208 43 budgetåret
673 1718 85 30 1941
765 1714 63 44 /42
845 1715 124 34 anvisa
984 1720 52 29 ett
1051 1715 348 43 reservationsanslag
1415 1728 46 21 av
1476 1719 121 37 40,000

110 1767 137 35 kronor.

155 1820 102 34 Efter
274 1820 254 43 framställning
546 1833 44 22 av
608 1821 132 43 Kungl.
759 1820 108 43 Maj:t
888 1821 275 43 (propositionen
1180 1834 41 20 nr
1240 1822 56 42 79)
1317 1821 176 43 beviljade
1511 1824 88 38 1940

111 1873 56 34 års
186 1872 143 43 lagtima
349 1873 138 43 riksdag
507 1875 48 41 på
573 1874 212 43 tilläggsstat
804 1874 38 33 II
862 1874 52 34 till
936 1875 184 33 riksstaten
1140 1874 55 34 för
1215 1874 206 43 budgetåret
1444 1874 154 44 1939/40

111 1926 109 34 under
240 1926 143 34 åttonde
403 1926 225 34 huvudtiteln
649 1932 53 28 ett
722 1927 348 42 reservationsanslag
1090 1939 47 21 av
1157 1930 145 36 500,000
1321 1927 129 33 kronor
1468 1927 54 35 för
1541 1940 58 21 an-

113 1979 238 34 ordnande
316 1975 48 51 av
375 1979 324 43 skyddsrum
732 1979 77 34 för
844 1979 140 34 vissa
1017 1980 486 42 museisamlingar.
1529 1980 70 34 An-

111 2032 215 43 läggningen,
346 2032 116 34 vilken
483 2032 110 34 skulle
611 2032 173 34 anordnas
804 2033 10 33 i
832 2032 92 34 form
943 2045 45 21 av
1009 2037 51 29 tre
1079 2033 152 40 tunnlar,
1251 2032 209 44 insprängda
1478 2033 11 34 i
1509 2033 91 43 berg,

111 2098 63 21 var
193 2085 130 34 avsedd
342 2085 53 34 för
414 2085 94 34 vissa
526 2085 371 35 Stockholmsmuseers
916 2085 256 43 elitsamlingar.

157 2138 201 34 Sedermera
380 2139 166 33 anvisade
568 2141 84 38 1941
678 2139 56 33 års
754 2138 136 43 riksdag
912 2139 47 42 på
978 2139 209 42 tilläggsstat
1208 2139 38 33 II
1267 2139 51 34 till
1339 2139 189 34 riksstaten
1547 2139 53 34 för

112 2191 208 42 budgetåret
339 2191 153 43 1940/41
517 2191 201 42 (skrivelsen
736 2204 41 21 nr
794 2192 56 42 45)
872 2196 52 29 ett
942 2191 348 43 reservationsanslag
1310 2192 57 42 (B)
1390 2204 46 21 av
1456 2195 143 37 135,000

113 2244 128 34 kronor
258 2244 53 34 till
329 2244 223 33 anordnande
569 2256 45 21 av
632 2249 53 29 ett
721 2244 342 43 skyddsrum
1097 2244 78 34 för
1210 2244 138 34 vissa
1383 2245 217 33 arkiva-

112 2297 10 32 1
144 2297 10 32 i
176 2308 19 22 e
216 2309 27 27 r,
265 2296 203 34 tillhörande
489 2296 217 40 riksarkivet,
729 2296 89 34 Svea
837 2297 158 39 hovrätt,
1015 2296 372 42 kommerskollegium,
1409 2296 191 34 statistiska

112 2349 243 42 centralbyrån
375 2349 65 33 och
460 2349 414 41 riksräkenskapsverket.
907 2349 111 33 Detta
1039 2348 209 43 skyddsrum
1269 2349 107 34 skulle
1397 2349 203 42 insprängas

114 2402 116 35 såsom
246 2413 42 22 en
306 2401 145 34 särskild
467 2402 120 33 tunnel
603 2401 11 33 i
631 2401 199 42 anslutning
845 2401 52 34 till
915 2401 41 33 de
973 2401 118 42 övriga
1107 2407 63 28 tre.

143 2463 103 31 Bihang
266 2463 38 26 till
322 2463 149 31 riksdagens
490 2463 129 32 protokoll
638 2464 74 28 1942.
748 2467 15 22 6
781 2464 74 25 saml.
893 2464 40 25 Nr
953 2467 149 22 189—190.
1553 2467 11 22 1
