2148 2733
646 214 211 45 Bevillnings-
867 216 164 35 Utskottets
1056 218 207 34 Betänkande
1286 221 60 32 N:o
1370 223 27 30 1.
1755 225 15 31 1

946 679 74 40 N:o
1053 680 31 40 1.

733 837 78 28 Ank.
835 836 45 29 till
903 837 103 29 Riksd.
1031 837 104 30 Kansli
1160 840 56 28 den
1241 843 37 26 28
1304 841 86 29 Febr.
1419 843 89 36 1876,
1533 843 40 30 kl.
1600 847 16 25 6
1642 854 24 20 e.
1690 855 35 19 m.

420 980 256 51 Betänkande,
706 983 188 50 angående
923 985 192 37 allmänna
1145 986 251 51 bevillningen.

348 1074 123 37 Sedan
512 1076 445 51 Bevillnings-Utskottet
996 1080 58 36 till
1095 1080 234 51 behandling
1369 1083 163 37 förehaft
1572 1085 45 36 de
1658 1086 58 37 till
1745 1087 66 37 Ut-

221 1126 137 36 skottet
398 1127 204 38 hänvisade
641 1130 191 47 motioner,
860 1131 132 36 hvilka
1021 1132 77 36 afse
1127 1133 221 50 förändring
1375 1136 39 35 af
1440 1136 184 37 särskilda
1652 1138 159 37 bestäm-

220 1178 133 36 melser
394 1180 158 35 rörande
593 1181 190 37 allmänna
825 1183 274 50 bevillningen;
1142 1192 96 28 samt
1277 1186 189 37 Utskottet
1498 1187 11 36 i
1538 1191 273 50 sammanhang

218 1229 156 36 härmed
414 1231 180 37 verkstält
634 1234 233 50 granskning
908 1236 40 34 af
985 1235 410 52 Bevillnings-stadgan
1435 1238 13 36 i
1489 1240 123 50 öfrigt,
1655 1242 56 36 får
1742 1243 69 36 Ut-

219 1281 148 48 skottet,
390 1281 151 49 jemlikt
568 1285 48 36 40
646 1286 19 47 $
694 1285 425 52 Riksdags-ordningen,
1161 1288 57 36 till
1246 1288 217 51 Riksdagen
1491 1292 141 49 afgifva
1661 1293 44 37 de
1734 1295 76 36 för-

218 1333 81 49 slag
340 1333 70 37 och
451 1334 330 53 framställningar,
824 1338 57 36 till
922 1339 132 36 hvilka
1081 1339 191 37 Utskottet
1299 1341 11 35 i
1338 1342 92 49 följd
1461 1342 111 38 häraf
1595 1345 125 37 funnit
1747 1360 63 23 an-

218 1384 164 50 ledning.

346 1437 264 37 Dessförinnan
652 1453 106 24 anser
797 1441 190 37 Utskottet
1014 1442 57 50 sig
1099 1443 94 37 dock
1222 1444 92 37 böra
1341 1446 102 49 gifva
1470 1448 197 49 tillkänna,
1697 1450 112 37 huru-

218 1502 77 23 som
336 1489 64 36 vid
441 1489 71 37 den
554 1491 41 35 af
619 1491 191 38 Utskottet
837 1493 195 50 företagna
1059 1496 233 50 granskning
1320 1498 40 35 af
1397 1498 412 54 Bevillnings-stadgan

217 1541 61 35 det
318 1541 219 49 visserligen
579 1543 31 49 ej
651 1544 178 36 undfallit
869 1545 207 38 Utskottets
1120 1549 333 48 uppmärksamhet
1481 1558 63 41 att,
1573 1553 161 38 förutom
1764 1555 44 36 de

216 1592 203 50 ändringar
458 1593 192 38 Utskottet
690 1610 50 22 nu
768 1597 167 36 kommer
963 1604 53 30 att
1043 1599 147 49 föreslå,
1219 1613 44 23 en
1292 1602 262 51 omarbetning
1582 1605 40 35 af
1646 1608 162 35 nämnda

217 1644 132 49 stadga
384 1644 140 48 jemväl
565 1646 12 35 i
618 1647 115 36 andra
762 1648 238 37 hänseenden
1029 1650 124 36 kunde
1182 1665 90 22 vara
1300 1653 178 50 behöflig.
1532 1656 58 36 Då
1619 1656 191 38 Utskottet

216 1695 119 36 likväl
364 1702 121 30 ansett
509 1696 57 50 sig
593 1697 82 37 icke
703 1699 92 36 böra
822 1700 228 37 underkasta
1079 1702 157 50 stadgan
1265 1716 44 24 en
1340 1705 267 39 vidsträcktare
1635 1705 171 58 revision,

217 1746 67 36 har
326 1747 134 36 sådant
501 1749 98 36 skett
640 1751 84 36 med
764 1751 147 50 hänsyn
946 1753 56 36 till
1036 1753 44 37 de
1109 1755 185 36 särskilda
1322 1756 275 52 förhållanden,
1627 1774 77 23 som
1735 1763 72 35 för-

215 1799 147 35 anledts
403 1813 133 35 genom
581 1801 235 51 Riksdagens
858 1804 256 50 underdåniga
1148 1806 196 38 skrifvelse
1373 1808 71 36 den
1474 1812 48 34 24
1550 1810 75 50 Maj
1658 1814 108 47 1873,
1794 1814 14 36 i

215 1850 206 49 anledning
463 1852 41 35 af
541 1853 130 49 gjorda
700 1854 320 51 framställningar
1047 1857 13 35 i
1088 1857 107 50 fråga
1222 1871 58 23 om
1310 1861 315 48 grundskatterna
1654 1864 70 36 och
1752 1865 55 36 in-

216 1901 315 50 delningsverket.
586 1905 64 36 Uti
691 1906 122 36 denna
854 1907 197 37 skrifvelse
1094 1909 68 36 har
1196 1909 228 52 Riksdagen,
1454 1913 115 37 bland
1598 1922 124 41 annat,
1750 1924 57 28 ut-

216 1954 91 36 talat
334 1954 71 36 den
434 1955 98 50 åsigt
559 1963 63 42 att,
651 1957 48 36 då
728 1959 225 50 afskrifning
981 1960 41 35 af
1045 1961 317 49 grundskatterna
1391 1964 146 37 komme
1567 1973 54 29 att
1641 1968 77 46 ske,
1734 1968 72 36 den

215 2005 142 37 olikhet
396 2006 12 35 i
450 2006 210 52 bevillning
699 2010 93 36 efter
829 2011 116 36 andra
973 2013 172 48 artikeln,
1175 2027 77 22 som
1282 2028 49 22 nu
1359 2017 119 47 gäller
1506 2017 57 36 för
1585 2018 221 48 jordbruks-

215 2056 177 50 fastighet
433 2059 70 36 och
540 2060 58 36 för
627 2061 51 35 all
707 2075 124 23 annan
860 2063 189 50 fastighet,
1077 2065 192 36 äfvensom
1299 2066 70 37 den
1398 2067 220 52 bevillning,
1649 2084 78 23 som
1755 2085 51 23 nu

214 2108 119 49 enligt
372 2110 116 49 tredje
529 2112 162 36 artikeln
733 2114 179 36 särskildt
954 2122 147 43 utgöres
1144 2118 39 34 af
1221 2130 45 23 en
1296 2119 75 35 viss
1396 2120 100 36 klass
1525 2121 41 36 af
1589 2122 217 48 jordbruks-

213 2159 232 51 fastigheter,
487 2163 115 37 borde
645 2165 192 37 försvinna
872 2166 68 36 och
971 2180 45 23 en
1045 2168 161 36 revision
1235 2171 103 35 såväl
1368 2172 39 35 af
1430 2171 374 52 bevillningsförord-

213 2211 140 50 ningen
395 2227 78 23 som
514 2216 40 35 af
587 2216 45 37 de
661 2219 48 47 på
738 2217 216 37 densamma
982 2219 13 35 i
1024 2220 99 36 vissa
1152 2221 102 36 delar
1282 2222 127 49 bygda
1437 2224 368 38 kommunalförfatt-

213 2263 198 51 ningarna,
453 2266 13 36 i
510 2269 93 47 syfte
639 2275 53 29 att
725 2269 137 37 bereda
895 2271 251 51 likställighet
1174 2274 136 36 mellan
1340 2274 99 37 olika
1469 2276 144 38 klasser
1641 2280 40 34 af
1705 2279 100 35 med-

212 2315 172 51 borgare,
428 2319 194 50 företagas.
675 2320 105 37 Efter
809 2322 62 36 det
898 2322 138 51 Kongl.
1067 2323 104 50 Maj:t
1199 2326 210 37 sedermera
1439 2328 181 37 förklarat
1648 2330 56 49 sig
1733 2331 71 35 sin-

300 2376 75 33 Bih.
400 2377 49 33 till
473 2379 109 32 Riksd.
608 2380 86 32 Prot.
719 2383 93 31 1876.
858 2382 19 30 5
903 2383 97 33 Saml.
1033 2386 9 28 1
1064 2384 78 39 Afd.
1166 2388 18 28 1
1207 2385 93 40 Häft.
1742 2391 16 30 1
