2286 2782
490 246 19 33 2
997 245 97 33 Stats-
1110 240 160 47 Utskottets
1285 244 162 34 Utlåtande
1469 245 63 33 N:o
1557 228 29 50 6.

600 324 128 34 hvaraf:

448 373 97 30 ränta
567 372 19 30 å
619 369 77 33 Sala
721 368 168 42 bergslags
916 368 147 33 förskott
1085 392 480 9 ........s.cco-c--
1663 368 71 32 294:
1757 367 49 33 30.

450 413 194 33 utestående
678 412 128 42 kapital
835 415 72 29 mot
928 412 197 42 inteckning
1146 413 12 31 i
1180 411 158 43 fastighet
1368 437 6 7 .
1399 437 165 7 ......
1590 412 143 39 147,465:
1756 431 42 4 —

592 456 68 33 dito
835 456 12 31 1
869 456 358 42 Riksgälds-kontoret.
1270 480 4 7 .
1301 480 5 6 .
1335 480 227 8 ........
1609 455 123 39 30,000:
1756 475 41 3 —

593 500 68 32 dito
835 499 12 32 1
870 499 125 33 Wexiö
1018 499 357 42 Hypotheksförening
1399 524 6 6 .
1430 524 133 6 .....
1609 499 124 39 27,649:
1757 519 41 3 —

592 543 67 32 dito
834 543 146 33 obetalta
1001 546 117 29 räntor
1145 567 418 8 ..............
1630 542 102 39 2,189:
1756 543 49 31 74.

447 587 216 33 innestående
686 587 11 32 i
719 587 123 32 kassan
864 590 82 29 utan
968 590 97 29 ränta.
1081 611 483 8 ......s..c
1427 583 48 50 sr.
1493 583 13 50 >
1524 583 44 50 cc
1686 587 46 30 11:
1756 586 49 31 62.
1852 594 144 39 207,609:
2019 596 49 32 66.

600 673 218 33 Hänvisande
852 673 53 32 till
927 673 89 32 hvad
1038 673 140 32 rörande
1203 673 90 32 detta
1316 673 123 32 ärende
1463 673 211 32 omförmäles
1697 673 50 32 uti
1771 669 302 37 Stats-Utskottets

449 717 203 33 Utlåtanden
685 717 51 32 för
770 717 39 32 de
843 717 153 32 sednaste
1030 716 226 42 riksdagarne,
1292 727 97 21 anscr
1417 716 177 33 Utskottet
1625 717 50 41 sig
1698 718 79 31 böra
1799 717 12 30 i
1833 717 129 32 minnet
1985 721 85 28 åter-

447 761 100 39 kalla,
582 761 168 38 hurusom,
785 761 52 31 till
869 761 81 41 följd
983 760 36 32 af
1048 760 121 33 träffad
1203 760 339 33 öfverenskommelse
1577 760 142 32 emellan
1748 760 122 41 Kongl.
1894 760 93 41 Maj:t
2010 762 61 31 och

447 805 141 31 Kronan
611 807 85 28 samt
719 804 78 32 Sala
819 805 170 39 bergslags
1004 804 228 37 intressenter,
1258 804 242 31 ofvanberörda
1526 804 392 40 räntcersättningsfond,
1936 804 137 39 jemlikt

447 847 122 41 Kongl.
605 846 140 32 Brefvet
778 846 64 32 den
875 847 39 31 31
950 846 152 32 Öktober
1125 846 91 37 13209,
1240 846 158 31 inrättats
1420 846 12 30 i
1457 845 153 32 ändamål
1633 848 48 29 att
1703 856 121 31 genom
1848 845 73 32 dess
1945 846 126 31 afkast-

447 891 82 41 ning
563 889 237 33 silfververket
829 890 12 31 i
869 890 179 31 framtiden
1072 889 108 32 skulle
1203 889 104 33 blifva
1329 889 179 32 iståndsatt
1530 892 49 28 att
1601 889 227 41 upprätthålla
1850 889 222 41 bergsbruket

448 940 80 26 utan
560 933 113 32 vidare
703 933 212 41 begagnande
951 933 35 31 af
1004 933 123 40 Kongl.
1151 932 316 41 Kammar-kolegii
1491 932 63 31 den
1577 932 40 31 20
1642 932 196 41 September
1861 933 82 31 1743
1966 933 105 31 utfär-

449 978 83 31 dade
556 976 303 32 arrendekontrakt
882 987 50 21 om
958 980 160 28 räntorna
1141 976 35 31 af
1196 976 39 31 de
1259 987 60 20 sex
1342 976 102 31 nedre
1468 976 185 31 socknarne
1670 975 34 32 af
1718 975 157 42 Sulbergs
1890 976 65 38 län,
1979 987 92 21 nem-

449 1021 90 41 ligen
563 1020 85 38 Sala,
672 1019 176 38 Möklinta,
873 1019 143 42 Norrby,
1041 1019 88 38 Kila,
1156 1019 123 32 Kumla
1303 1019 61 31 och
1387 1019 122 38 Terna;
1533 1038 41 3 —
1597 1022 50 28 att
1668 1019 52 31 till
1743 1018 140 32 fondens
1906 1019 164 38 bildande,

448 1064 105 41 enligt
575 1063 141 33 berörda
739 1063 350 37 öfverensikommelse,
1124 1063 126 40 årligen
1274 1062 95 38 skall,
1395 1062 41 32 då
1459 1062 383 41 silfvertillverkningen
1864 1062 74 32 icke
1963 1063 108 31 öfver-

448 1108 103 41 stiger
584 1106 93 39 2,500
705 1106 109 42 lödiga
835 1107 144 36 marker,
1003 1106 138 32 afsättas
1165 1106 61 31 185
1249 1106 81 31 R:dr
1353 1105 234 41 Silfverspecie
1612 1105 61 32 och
1695 1105 51 32 för
1768 1106 115 40 hvarje
1906 1106 82 31 fulla
2011 1106 61 31 100

448 1151 135 31 marker
618 1150 191 33 derutöfver
842 1151 40 30 37
917 1150 80 31 R:dr
1018 1149 229 42 nyssnämnda
1269 1153 105 37 mynt,
1398 1148 117 33 hvilka
1537 1148 109 32 medel
1668 1149 13 31 i
1702 1149 162 41 gångbart
1887 1153 97 37 mynt
2006 1149 65 32 för-

451 1194 149 38 vandlas;
625 1212 40 3 —
689 1193 60 31 och
784 1198 48 26 att
865 1193 77 31 med
975 1192 168 32 samlande
1167 1193 36 30 af
1222 1193 108 30 denna
1351 1192 80 31 fond
1455 1192 87 31 skall
1564 1192 138 31 fortfara
1725 1192 52 31 till
1801 1192 74 31 dess
1899 1192 104 41 årliga
2025 1193 46 30 af-

449 1237 203 41 kastniogen
675 1236 95 32 deraf
788 1240 98 38 utgör
909 1236 82 32 eller
1012 1240 187 28 motsvarar
1223 1235 92 37 1,100
1338 1241 123 26 tunnor
1484 1236 160 40 spanmål,
1671 1235 128 32 hälften
1821 1238 59 38 råg
1904 1235 60 32 och
1987 1235 84 32 hälf-

449 1286 56 26 ten
528 1281 95 37 korn,
653 1280 170 32 hvarefter
846 1280 254 31 silfververkets
1124 1279 219 40 afsättningar
1367 1279 51 30 till
1440 1278 123 31 fonden
1585 1279 136 30 komma
1744 1283 49 26 att
1814 1279 150 39 upphöra
1988 1283 85 26 samt

449 1324 130 40 afgöras
613 1323 60 31 bör
706 1323 158 40 antingen
899 1322 188 41 bergslaget
1111 1322 40 31 då
1174 1322 86 31 skall
1283 1322 52 30 till
1359 1320 213 33 Statsverket
1594 1321 110 32 betala
1728 1321 40 31 de
1791 1331 119 31 genom
1932 1321 140 32 berörda

452 1366 162 31 kontrakt
637 1366 220 31 arrenderade
880 1369 160 28 räntorna
1062 1366 52 30 till
1136 1365 82 31 falla
1240 1365 120 31 värdet
1382 1365 85 31 efter
1490 1365 104 40 årliga
1609 1364 256 41 markegången,
1889 1364 76 31 med
1981 1365 90 31 bibe-

449 1409 154 33 hållande
637 1409 35 32 af
702 1409 198 32 kontraktet
932 1409 12 31 i
978 1409 108 41 ötrigt,
1122 1409 81 31 eller
1231 1408 62 32 ock
1317 1408 182 32 detsamma
1523 1408 41 32 då
1586 1408 134 31 komma
1743 1411 49 28 att
1815 1408 149 40 upphöra
1987 1415 85 24 samt

450 1457 161 27 räntorna
633 1453 52 30 till
709 1451 215 33 Statsverket
947 1452 230 31 öfverlemnas.

603 1496 47 30 Af
682 1495 63 32 den
778 1507 46 19 nu
857 1495 187 41 granskade
1078 1495 234 41 redogörelsen
1345 1495 90 31 visar
1469 1495 50 40 sig
1553 1498 49 27 att
1625 1494 63 32 den
1711 1494 12 31 i
1745 1494 206 41 bergslagets
1973 1494 99 31 kassa

451 1547 80 23 utan
554 1543 97 27 ränta
672 1539 217 32 innestående
913 1549 137 27 sunima,
1076 1549 71 21 som
1165 1538 55 32 vid
1235 1537 89 32 förra
1338 1537 251 42 redogörelsens
1606 1537 189 41 afgifvande
1812 1537 150 41 utgjorde
1978 1536 93 39 2,525

449 1582 82 31 R:dr
554 1583 41 31 53
618 1589 64 31 öre,
709 1582 63 31 den
796 1583 16 29 1
836 1582 192 31 November
1053 1582 81 30 1366
1156 1581 139 41 nedgått
1316 1581 52 31 till
1392 1581 38 31 11
1455 1581 80 31 R:dr
1557 1581 41 31 62
1622 1587 55 25 öre
1701 1580 61 32 och
1785 1584 57 34 att,
1879 1580 57 32 vid
1953 1580 118 41 jemfö-

450 1626 85 31 relse
569 1625 76 32 med
677 1625 109 31 länets
819 1625 316 41 medelmarkegång
1168 1628 19 28 å
1209 1624 158 41 spannmål,
1392 1624 436 40 räntceersättningsfonden,
1853 1623 76 32 med
1951 1624 120 31 beräk-

448 1669 81 40 ning
552 1668 36 31 af
607 1668 189 31 räntefoten
818 1668 52 30 till
892 1668 68 31 fem
983 1672 19 27 å
1025 1679 61 20 sex
1108 1670 147 38 procent,
1279 1677 101 31 synes
1404 1678 53 20 om
1480 1670 102 38 några
1605 1667 33 32 få
1661 1670 36 29 år
1720 1667 148 31 härefter
1890 1672 116 25 närma
2022 1667 49 40 sig

450 1711 56 32 det
539 1711 129 41 belopp,
697 1711 58 31 vid
776 1711 100 32 hvars
900 1710 197 42 uppnående
1121 1711 115 40 frågan
1260 1721 53 21 om
1336 1713 176 29 räntornas
1535 1710 225 41 godtgörande
1783 1710 53 31 till
1859 1708 212 34 Statsverket

450 1755 82 31 eller
566 1754 214 32 kontraktets
815 1754 213 41 upphörande
1063 1755 60 31 bör
1156 1754 142 40 afgöras;
1332 1754 133 32 hvilket
1498 1754 60 32 allt
1580 1753 286 33 Stats-Utskottet
1889 1757 109 27 ansett
2021 1753 50 38 sig

449 1798 79 31 böra
550 1798 52 30 till
625 1797 211 41 Riksdagens
860 1797 190 31 kännedom
1073 1796 160 32 meddela.

2050 1845 9 14 £

601 1882 196 33 Stockholm
822 1883 63 32 den
909 1884 17 30 7
951 1883 161 31 Februari
1136 1883 92 31 1868.

1068 2013 82 38 Arv.
1177 2012 125 39 Fr:son
1329 2012 116 39 Pesse.
