2069 2667
281 195 17 27 2
789 191 238 42 Lag-Utskottets
1053 191 161 32 Utlåtande
1238 191 63 32 N:o
1323 193 54 30 55.

279 275 112 46 trång
419 272 10 35 i
459 272 73 36 den
561 285 72 36 nya
665 273 248 36 kommunens
947 272 121 49 öfrige
1100 273 265 36 medlemmars
1406 279 86 30 rätt.
1546 273 231 50 Förslaget
1768 268 23 59 i
1809 275 72 36 den

279 324 117 36 andra
437 324 194 36 motionen
672 323 172 37 förekom
884 328 117 45 något
1027 325 219 36 inveckladt
1275 325 70 35 och
1374 330 128 44 syntes
1528 304 199 70 lätteligen
1755 327 126 35 kunna

279 376 85 36 leda
406 376 59 35 till
506 376 133 35 tvister
666 376 12 35 i
706 375 106 49 fråga
853 389 60 22 om
954 377 207 35 röstetalet.
1216 376 146 48 Frågan
1400 377 201 47 qvarstode
1642 357 239 70 följaktligen

280 435 99 28 ännu
409 427 114 45 olöst;
553 428 70 34 och
653 433 55 30 ett
736 428 80 34 icke
846 427 215 59 obetydligt
1090 428 102 35 antal
1221 406 109 69 eljest
1357 428 318 49 röstberättigade
1705 437 86 28 män
1820 430 63 35 be-

278 478 117 36 funne
423 479 57 47 sig
506 456 234 58 fortfarande
782 479 121 35 under
934 479 75 35 viss
1042 479 56 36 tid
1126 480 11 34 i
1167 484 66 39 ett,
1263 492 85 22 man
1377 479 126 36 kunde
1532 480 99 35 kalla
1659 480 65 36 det
1753 493 129 35 omyn-

279 530 324 48 dighetstillstånd
632 530 96 35 hvad
758 530 243 36 kommunala
1028 530 320 48 angelägenheter
1376 532 173 46 anginge.

380 580 130 37 Såsom
539 587 55 30 ett
621 580 128 37 försök
777 588 56 29 att
860 581 165 48 afhjelpa
1054 582 104 36 detta
1187 581 327 37 missförhållande
1534 583 88 35 ville
1644 583 236 36 motionären

277 632 139 37 föreslå
444 633 64 35 det
536 633 208 48 stadgande
773 634 10 34 i
813 633 387 49 kommunallagarne,
1229 640 56 29 att
1313 633 71 36 den
1405 634 237 48 inflyttande,
1662 633 106 37 förut
1787 640 95 30 röst-

277 685 239 46 berättigade
545 697 185 34 personen
763 684 247 36 tillerkändes
1044 691 77 29 rätt
1153 690 56 30 att
1242 686 5 33 i
1277 685 70 35 den
1377 698 74 33 nya
1479 686 229 35 kommunen
1738 686 142 35 erhålla

278 740 79 30 säte
386 735 70 34 och
485 740 159 30 stämma
672 734 58 35 för
758 740 56 29 ett
842 734 231 48 begränsadt
1101 735 145 34 mindre
1275 735 195 35 röstantal.

377 785 235 36 Motionären
642 786 220 35 hemställer
889 786 169 44 sålunda,
1087 791 73 30 »att
1179 786 215 47 Riksdagen
1414 790 60 32 må
1493 785 59 37 för
1572 787 54 35 sin
1652 786 61 36 del
1732 787 149 36 besluta

278 838 30 46 ej
340 837 158 43 mindre,
527 841 55 31 att
609 836 136 48 Kongl.
787 837 272 48 förordningen
1101 850 60 22 om
1193 838 381 46 kommunalstyrelse
1604 841 20 32 å
1651 838 129 35 landet
1808 838 73 35 den

278 891 43 33 21
353 888 97 36 Mars
481 890 106 42 1862,
615 887 165 47 jemförd
809 888 86 36 med
923 887 134 49 Kongl.
1087 888 253 48 kungörelsen
1370 888 72 36 den
1471 891 20 34 8
1520 888 222 48 September
1772 892 109 41 1868,

276 936 19 49 $
325 941 57 42 59,
418 939 163 36 erhåller
622 938 165 48 följande
827 938 229 37 förändrade
1097 940 162 48 lydelse:
1313 939 436 36 »Kommunalnämnden
1786 941 95 35 skall

275 1010 50 3 —
351 1010 48 3 —
427 1014 48 3 —
503 1009 47 4 —
578 998 171 28 närmare
791 991 154 35 utvisar.
999 990 132 36 Denna
1166 991 127 48 längd,
1335 1003 80 23 som
1443 1010 49 4 -—
1518 1010 49 4 —
1599 1011 40 29 —
1669 1013 49 3 —
1750 990 132 37 utöfva

276 1047 170 30 rösträtt.
500 1041 63 36 Uti
604 1042 164 47 längden
802 1055 66 35 ege
903 1042 159 35 medlem
1092 1041 40 37 af
1156 1043 241 43 kommunen,
1432 1055 80 23 som
1544 1041 96 37 först
1668 1043 120 35 under
1817 1043 64 36 det

277 1096 40 32 år
359 1093 161 48 längden
561 1093 251 47 upprättades
844 1094 11 34 i
892 1093 229 35 kommunen
1155 1092 341 46 mantalsskrifvits,
1530 1099 56 30 att
1621 1093 59 36 för
1716 1100 84 29 näst
1826 1094 55 34 in-

275 1144 145 48 gående
456 1147 40 32 år
522 1144 116 35 varda
666 1145 58 35 till
752 1149 158 31 rösträtt
938 1144 165 48 uppförd
1131 1145 10 34 i
1171 1145 169 47 enlighet
1368 1144 87 36 med
1483 1145 72 35 den
1584 1145 209 48 bevillning
1820 1143 60 37 för

276 1195 165 35 inkomst
469 1194 39 36 af
532 1195 144 47 kapital
704 1196 92 34 eller
823 1195 142 43 arbete,
994 1208 80 22 som
1088 1195 152 46 jemlikt
1260 1195 81 35 Art.
1361 1195 35 35 II
1425 1194 40 35 af
1489 1195 391 47 bevillningsstadgan

276 1244 126 37 blifvit
430 1245 139 35 honom
599 1246 10 34 i
638 1245 71 36 den
739 1246 193 42 kommun,
962 1245 190 36 hvarifrån
1182 1246 73 35 han
1283 1246 178 47 inflyttat,
1491 1252 127 29 senast
1639 1245 180 36 förflutna
1840 1249 41 32 år

276 1295 152 49 påförd;
472 1297 198 47 åliggande
714 1296 137 36 honom
888 1296 108 44 dock,
1034 1296 58 36 för
1120 1296 188 36 vinnande
1337 1296 40 36 af
1401 1297 116 35 sådan
1544 1296 159 46 förmån,
1733 1303 56 29 att
1816 1297 64 35 vid

276 1347 190 35 ordinarie
494 1348 381 35 kommunalstämma
904 1348 11 34 i
944 1348 72 35 den
1045 1361 72 34 nya
1138 1348 229 35 kommunen
1387 1347 121 36 förete
1530 1349 31 46 ej
1584 1348 145 35 mindre
1749 1348 131 35 veder-

276 1399 141 47 börligt
445 1398 105 35 bevis
578 1398 161 36 rörande
768 1399 181 47 beloppet
977 1398 40 36 af
1041 1398 249 36 omförmälda
1318 1399 219 47 bevillning,
1567 1406 46 27 än
1642 1398 111 36 äfven
1772 1399 109 47 intyg

276 1449 40 35 af
350 1449 253 35 ordföranden
641 1450 11 34 i
689 1449 405 36 kommunalstämman
1132 1450 56 35 uti
1221 1450 72 35 den
1322 1449 100 36 förra
1450 1450 242 43 kommunen,
1722 1455 55 30 att
1806 1449 72 36 han

276 1500 82 35 icke
396 1503 47 44 på
474 1500 123 47 grund
633 1499 40 36 af
696 1501 114 34 idkad
838 1501 141 34 rörelse
1008 1501 66 35 der
1101 1500 234 36 fortfarande
1363 1501 120 35 finnes
1512 1501 11 34 i
1549 1499 329 49 fyrktalslängden

275 1550 182 48 uppförd;
495 1552 70 34 och
602 1555 72 39 må,
712 1552 112 34 innan
854 1552 91 34 hans
973 1552 164 34 inkomst
1165 1550 128 36 blifvit
1320 1552 12 34 i
1361 1552 72 34 den
1462 1564 73 35 nya
1562 1552 232 34 kommunen
1821 1551 58 35 till

277 1602 207 48 bevillning
511 1580 171 66 taxerad,
713 1602 81 35 icke
824 1603 11 34 i
863 1605 115 43 något
998 1602 64 35 fall
1081 1608 159 30 rösträtt
1258 1602 140 36 honom
1418 1602 247 36 tillerkännas
1686 1606 47 44 på
1753 1602 124 49 grund

276 1652 39 36 af
338 1653 211 47 bevillning
577 1652 57 36 för
663 1631 165 57 inkomst
856 1652 40 36 af
912 1628 149 77 kapital
1090 1654 92 34 eller
1211 1653 140 45 arbete,
1381 1654 11 34 i
1420 1653 98 35 hvad
1547 1666 141 22 samma
1714 1654 164 34 inkomst

276 1702 225 50 öfverstiger
525 1681 83 58 åtta
636 1704 148 35 hundra
812 1704 151 35 kronor.

375 1754 292 49 Ifrågavarande
696 1755 114 48 längd
839 1760 200 42 upprättas
1067 1755 11 35 i
1107 1758 63 32 två
1199 1755 207 47 exemplar,
1436 1753 137 37 hvaraf
1596 1754 65 36 det
1690 1767 69 23 ena
1782 1753 96 37 skall

274 1806 120 34 finnas
435 1806 11 34 i
487 1806 278 47 sockenstugan
807 1806 168 47 anslaget
1016 1806 68 35 och
1127 1806 63 34 det
1225 1806 118 35 andra
1371 1806 68 35 hos
1467 1805 410 35 kommunalnämnden

274 1856 203 45 förvaras»;

377 1915 46 27 än
453 1906 107 36 äfven
592 1907 263 36 motsvarande
883 1906 265 48 förändringar
1176 1908 11 33 i
1216 1906 314 48 förordningarne
1560 1919 60 23 om
1644 1906 236 35 kommunal-

276 1958 158 48 styrelse
464 1958 11 34 i
503 1957 220 37 Stockholm
753 1958 70 35 och
853 1957 122 48 öfriga
1002 1958 155 35 städer».

1006 2040 17 14 £

375 2110 56 35 En
460 2109 272 48 hufvudgrund
773 2110 58 36 för
859 2110 71 36 den
972 2111 242 35 kommunala
1253 2115 208 30 rösträtten
1494 2117 40 28 är
1567 2112 135 33 måttet
1733 2108 40 37 af
1803 2109 73 35 den

274 2161 199 36 röstandes
514 2161 321 48 skattskyldighet
876 2162 57 35 till
974 2162 241 43 kommunen,
1244 2162 11 34 i
1283 2160 92 48 följd
1410 2159 135 38 hvaraf
1576 2160 64 36 det
1672 2160 70 36 ock
1771 2167 41 28 är
1841 2159 39 36 af

275 2218 140 30 största
441 2213 93 47 vigt,
563 2219 56 29 att
646 2225 46 23 en
720 2213 403 35 kommunalmedlems
1150 2216 159 32 rösträtt
1336 2212 83 35 icke
1439 2212 227 35 bestämmes
1687 2211 97 36 efter
1805 2211 73 35 den

276 2263 219 48 bevillning,
536 2276 80 23 som
658 2264 102 35 inom
789 2276 40 23 en
857 2276 121 23 annan
1007 2264 179 34 kommun
1215 2261 126 38 blifvit
1368 2263 140 35 honom
1536 2261 146 50 påförd,
1712 2269 89 28 enär
1829 2261 51 36 all
