2192 2628
406 135 39 32 10
816 150 3 2 -
863 133 251 32 Statsutskottets
1137 131 163 32 utlåtande
1323 131 52 32 Nr
1397 132 75 31 232.

360 212 258 50 uttryckligen
669 211 157 49 angives
876 211 125 48 påvila
1046 210 132 36 enbart
1225 209 366 49 trafikaktiebolaget
1638 208 322 51 Grängesberg
1925 204 40 62 —

362 263 230 38 Oxelösund.

1105 383 20 49 $
1157 385 58 34 15.

491 470 386 49 Trafikaktiebolaget
897 469 545 50 Grängesberg
1198 464 23 59 —
1231 469 211 50 Oxelösund
1462 468 208 50 medgiver,
1693 474 53 31 att
1765 468 56 36 till
1836 468 126 36 säker-

362 523 62 36 het
454 523 57 36 för
540 522 72 37 alla
640 522 85 37 dess
753 522 120 49 enligt
902 522 102 36 detta
1033 521 99 37 avtal
1162 524 140 46 åtagna
1331 520 248 37 förbindelser
1598 521 46 36 de
1663 521 12 35 i
1694 519 21 50 &
1736 522 45 35 21
1803 532 113 24 mom.
1941 522 17 33 1

362 588 47 23 av
441 576 94 35 1907
579 577 60 33 års
676 573 269 38 meranämnda
973 573 180 37 kontrakt
1182 573 247 36 omförmälda
1458 572 120 37 aktier
1606 575 61 34 må
1695 577 135 44 utgöra
1856 578 105 43 pant.

1107 693 21 50 8
1161 695 58 35 16.

498 783 163 49 Uppstår
689 783 90 36 tvist
807 795 61 23 om
898 781 224 48 tolkningen
1151 781 90 37 eller
1269 781 290 49 tillämpningen
1583 793 48 23 av
1649 780 105 36 detta
1773 779 190 47 kontrakt,

364 835 97 36 skall
494 835 141 36 tvisten
664 839 160 44 avgöras
852 848 47 22 av
926 833 212 49 skiljemän,
1167 832 160 37 utsedda
1354 836 48 46 på
1430 836 75 33 sätt
1532 833 12 35 i
1573 832 20 49 $
1623 833 48 35 28
1701 845 46 22 av
1778 832 96 35 1907
1906 833 59 34 års

362 887 178 36 kontrakt
567 887 122 36 finnes
717 885 163 49 stadgat.

493 1094 72 36 Till
595 1094 144 37 avtalet
761 1098 41 31 är
821 1094 109 49 fogat
947 1094 164 49 följande
1130 1092 279 50 godkännande
1430 1105 47 23 av
1511 1090 453 38 Luossavaara-Kiiruna-

363 1160 114 22 vaara
505 1146 229 48 aktiebolag.

492 1197 556 37 Luossavaara-Kiirunavaara
1085 1196 217 49 aktiebolag
1334 1196 222 48 godkänner
1584 1195 59 36 för
1671 1194 58 36 sin
1758 1194 59 36 del
1846 1206 115 24 ovan-

365 1249 153 38 stående
546 1249 380 45 överenskommelse;
962 1249 70 36 och
1061 1248 184 37 förklarar
1273 1248 164 48 bolaget,
1467 1251 53 32 att
1548 1247 73 36 den
1649 1246 12 36 1
1690 1248 21 34 9
1740 1245 20 50 &
1788 1259 47 22 av
1866 1246 95 35 1907

365 1305 59 33 års
460 1301 178 37 kontrakt
680 1301 138 37 mellan
860 1301 161 36 svenska
1049 1306 136 41 staten,
1224 1303 20 33 å
1272 1313 82 32 ena,
1384 1304 98 32 samt
1510 1297 456 39 Luossavaara-Kiiruna-

365 1367 114 23 vaara
512 1353 230 48 aktiebolag,
777 1353 256 48 aktiebolaget
1062 1351 191 38 Gellivare
1282 1351 185 37 malmfält
1496 1351 69 36 och
1594 1348 373 49 trafikaktiebolaget

366 1404 556 49 Grängesberg—OÖxelösund,
952 1407 21 33 å
1002 1404 115 36 andra
1159 1403 120 47 sidan,
1322 1403 165 48 angivna
1526 1402 214 48 beräkning
1783 1401 57 36 för
1873 1400 92 36 fast-

366 1457 183 37 ställande
591 1470 46 23 av
674 1457 13 36 i
720 1470 143 23 samma
891 1455 21 50 $&
941 1455 224 37 omförmäld
1208 1455 227 37 lösesumma
1476 1455 32 48 ej
1552 1456 61 34 må
1654 1454 127 35 kunna
1810 1452 12 36 i
1850 1455 118 46 något

367 1509 187 37 avseende
582 1509 56 36 till
667 1509 171 47 bolagets
858 1508 146 36 förmån
1023 1507 185 49 påverkas
1226 1520 137 35 genom
1384 1505 239 37 avslutandet
1643 1519 47 23 av
1713 1504 256 37 ovanstående

367 1560 370 38 överenskommelse
765 1560 89 36 eller
883 1572 45 23 av
957 1559 222 36 densamma
1207 1558 178 36 härledda
1414 1558 111 36 avtal.
