1862 2780
299 172 20 29 2
608 168 125 43 Tredje
754 169 254 42 lagutskottets
1027 170 185 34 utlåtande
1232 183 42 21 nr
1292 174 22 31 5
1334 172 39 33 år
1393 173 90 32 1956

346 247 19 34 I
384 247 166 34 skrivelse
570 248 68 34 den
658 252 40 31 31
723 261 78 31 aug.
823 253 86 30 1955
930 249 65 34 har
1014 249 437 44 sjömansvårdsstyrelsen
1470 251 137 34 lämnat
1626 264 44 21 en
1689 252 98 34 redo-

301 301 130 42 görelse
447 301 55 34 för
518 301 52 34 sin
587 302 225 35 verksamhet
827 303 204 34 utomlands
1048 303 209 43 budgetåret
1275 304 156 43 1954/55
1449 309 94 29 samt
1560 305 136 35 anmält
1712 305 76 34 sina

296 355 181 34 önskemål
506 354 54 35 för
588 355 211 43 budgetåret
828 356 169 43 1956/57.
1027 356 177 43 Styrelsen
1232 356 130 35 erinrar
1391 357 125 34 därvid
1546 370 58 21 om
1632 362 56 30 att
1717 358 67 34 den

297 407 212 43 löneökning
524 408 21 34 å
560 408 128 34 mellan
705 412 20 30 8
742 408 65 34 och
825 412 41 31 10
882 414 159 37 procent,
1057 421 75 23 som
1148 409 109 44 enligt
1272 410 117 34 beslut
1405 422 46 22 av
1468 414 87 31 1955
1574 411 54 34 års
1644 410 141 43 riksdag

300 459 78 35 från
396 461 67 34 och
480 461 83 34 med
580 461 69 34 den
669 465 16 30 1
706 461 140 43 januari
866 466 88 31 1955
974 462 199 35 tillerkänts
1192 463 97 34 såväl
1309 463 381 43 statstjänstemännen
1711 477 75 22 som

296 514 60 34 det
378 514 370 43 lönegradsplacerade
771 515 221 35 territoriella
1014 517 275 42 prästerskapet,
1313 520 90 31 även
1426 517 153 34 kommit
1601 520 184 40 prästerna

296 567 11 33 i
323 567 42 34 de
382 568 152 33 svenska
549 567 289 44 församlingarna
853 568 11 34 i
880 569 165 34 utlandet
1060 569 52 34 till
1128 569 67 35 del.
1211 570 97 34 Enär
1324 570 341 43 sjömansprästerna
1681 571 11 33 i
1707 571 77 33 icke

295 620 134 35 mindre
453 621 87 43 grad
564 624 44 31 än
632 622 157 34 nämnda
811 622 283 43 utlandspräster
1116 623 170 35 drabbats
1311 636 46 22 av
1379 624 405 35 levnadskostnadernas

295 673 142 44 ökning,
466 674 114 34 finner
608 675 170 42 styrelsen
807 675 60 34 det
896 675 141 44 skäligt,
1065 680 56 30 att
1150 679 90 32 även
1269 677 342 43 sjömansprästerna
1638 678 146 34 erhåller

293 727 252 34 motsvarande
566 728 281 42 kompensation.
869 728 179 43 Styrelsen
1069 729 144 35 föreslår
1234 730 160 41 sålunda,
1415 731 73 34 dels
1510 736 57 29 att
1587 731 195 34 lönebidra-

295 792 65 31 gen
377 780 53 34 till
449 780 43 34 de
510 780 11 34 i
539 780 60 35 det
616 780 208 44 föregående
843 781 155 43 angivna
1014 782 78 34 elva
1109 782 11 34 i
1138 783 188 42 styrelsens
1344 783 114 42 tjänst
1476 784 176 34 anställda
1668 788 114 39 präst-

294 836 153 31 männen
472 833 79 35 från
576 834 66 34 och
667 834 82 34 med
775 834 211 44 budgetåret
1014 835 155 44 1956/57
1195 835 98 43 höjes
1320 836 79 35 från
1427 840 41 31 13
1483 841 67 30 800
1576 838 129 33 kronor
1730 837 52 34 till

296 890 41 30 15
352 890 65 31 000
435 887 131 34 kronor
582 899 62 31 per
663 887 350 44 befattningshavare
1032 888 66 35 och
1117 889 38 34 år
1176 889 63 43 (8,7
1257 895 164 37 procents
1440 890 175 44 höjning),
1635 891 72 34 dels
1727 896 56 29 att

294 939 53 34 för
369 939 98 35 tiden
491 940 68 33 den
584 944 15 30 1
625 939 139 43 januari
789 941 203 34 1955—den
1017 945 42 30 30
1082 941 77 43 juni
1183 945 87 31 1956
1294 943 221 34 retroaktiva
1536 943 202 44 lönetillägg
1762 945 21 33 å

295 996 16 30 1
328 996 65 31 800
409 993 131 34 kronor
555 992 54 35 får
624 994 87 42 utgå
727 993 53 34 till
796 1005 109 22 envar
920 1006 47 22 av
984 994 101 34 dessa
1101 994 363 44 befattningshavare.

341 1099 412 44 Departementschefen.
787 1100 133 35 Chefen
954 1100 54 35 för
1040 1101 518 44 ecklesiastikdepartementet,
1592 1104 193 34 statsrådet

294 1152 160 41 Persson,
476 1153 111 34 anför:
612 1153 87 44 »Jag
719 1153 113 35 finner
852 1154 72 43 mig
945 1154 87 34 böra
1052 1154 189 44 tillstyrka,
1262 1160 56 30 att
1339 1156 61 34 det
1419 1168 48 22 nu
1490 1157 175 43 utgående
1687 1158 95 33 avlö-

295 1206 264 43 ningsbidraget
585 1208 21 33 å
634 1210 42 31 13
691 1211 66 31 800
783 1208 128 34 kronor
938 1207 79 35 från
1045 1208 65 34 och
1136 1209 82 34 med
1244 1212 105 31 nästa
1376 1210 175 42 budgetår
1576 1210 98 43 höjes
1702 1211 81 34 med

295 1260 78 33 åtta
389 1266 148 37 procent
554 1261 53 34 till
624 1261 11 34 i
654 1261 177 35 avrundat
849 1262 50 34 tal
920 1265 41 30 14
977 1265 66 31 900
1060 1262 129 34 kronor
1206 1262 54 34 för
1277 1262 352 44 befattningshavare
1648 1264 66 34 och
1733 1265 49 33 år.

296 1313 128 35 Vidare
442 1314 102 34 torde
563 1314 53 34 för
635 1314 99 34 tiden
753 1315 68 33 den
842 1319 15 30 1
878 1315 141 42 januari
1040 1316 203 34 1955—den
1263 1320 43 30 30
1324 1316 79 43 juni
1424 1320 88 31 1956
1532 1330 42 21 ur
1592 1317 190 43 kyrkofon-

294 1366 66 34 den
381 1367 87 34 böra
486 1368 87 43 utgå
591 1368 212 43 lönetillägg,
823 1368 174 36 beräknat
1016 1369 52 34 till
1090 1372 15 30 1
1123 1373 65 30 650
1207 1370 130 33 kronor
1356 1369 54 35 för
1430 1370 351 43 befattningshavare

293 1420 65 34 och
382 1421 48 40 år,
454 1420 54 35 till
531 1433 109 22 envar
663 1434 46 21 av
732 1422 43 33 de
797 1425 147 39 präster,
969 1434 76 22 som
1068 1423 111 33 under
1203 1423 117 34 denna
1343 1423 53 34 tid
1420 1424 139 33 erhållit
1584 1424 197 42 avlönings-

295 1473 123 43 bidrag
436 1486 42 22 ur
496 1474 278 43 kyrkofonden.»

578 1644 35 35 2.
639 1645 193 35 Förskott
853 1655 50 25 av
924 1645 379 43 kyrkofondsmedel
1325 1646 61 35 till
1408 1646 85 34 viss

718 1707 484 44 plantskoleverksamhet
1222 1718 52 24 m.
1297 1718 51 24 m.

335 1804 55 34 En
415 1804 175 43 väsentlig
614 1804 142 44 uppgift
780 1804 53 34 för
857 1804 317 35 stiftshämnderna
1198 1808 39 31 är
1261 1810 56 29 att
1341 1805 47 34 ha
1412 1805 164 34 inseende
1601 1805 65 34 och
1691 1804 87 34 vård

288 1861 83 30 över
390 1857 43 34 de
453 1857 245 35 ecklesiastika
718 1858 172 43 skogarna
910 1858 97 35 inom
1028 1858 133 35 stiften.
1182 1858 181 43 Skogarna
1383 1859 48 43 på
1450 1859 179 33 allmänna
1648 1859 128 42 kyrko-

287 1911 165 34 hemman
468 1911 67 34 och
552 1910 92 35 vissa
661 1911 111 34 andra
787 1911 206 43 fastigheter
1009 1911 170 34 förvaltas
1196 1911 116 35 direkt
1328 1924 47 21 av
1391 1911 316 35 stiftsnämnderna
1723 1911 54 34 för

286 1963 265 44 kyrkofondens
571 1963 159 44 räkning,
752 1965 65 33 och
836 1965 240 34 kostnaderna
1097 1964 53 34 för
1171 1965 117 34 denna
1308 1964 217 44 förvaltning
1546 1966 102 42 utgår
1668 1965 108 43 enligt

288 2021 20 30 6
333 2017 14 39 $
372 2017 111 34 andra
504 2018 141 42 stycket
666 2018 35 43 7)
725 2017 322 44 kyrkofondslagen
1067 2030 42 22 ur
1129 2018 142 35 fonden.
1292 2018 56 34 De
1370 2018 244 35 ecklesiastika
1634 2018 141 35 lönebo-

287 2070 147 34 ställena
451 2070 170 35 förvaltas
638 2070 200 43 visserligen
854 2083 46 22 av
914 2076 218 38 pastoraten,
1149 2084 75 22 som
1240 2072 107 34 också
1362 2072 140 43 uppbär
1518 2072 258 43 avkastningen

287 2124 65 34 och
373 2136 122 22 svarar
515 2123 55 35 för
590 2124 68 34 alla
678 2124 81 34 med
781 2124 154 34 skötseln
957 2124 166 35 förenade
1143 2124 158 44 utgifter,
1321 2137 82 22 men
1424 2125 61 34 det
1507 2125 128 43 åligger
1655 2126 120 33 veder-

287 2177 154 34 börande
464 2176 231 35 stiftsnämnd
717 2181 55 30 att
794 2177 45 34 ha
860 2177 164 34 inseende
1046 2181 81 31 över
1149 2177 261 44 förvaltningen
1432 2178 108 34 bland
1563 2183 110 30 annat
1693 2178 81 35 med

287 2230 172 34 avseende
481 2231 21 33 å
522 2230 271 43 skogsskötseln.
812 2231 174 33 Närmare
1007 2231 263 34 bestämmelser
1290 2231 124 34 härom
1434 2231 179 35 meddelas
1633 2231 11 34 i
1664 2232 111 34 eckle-

287 2282 123 35 siastik
428 2282 307 44 boställsordning.
754 2283 120 43 Enligt
893 2283 102 34 dessa
1013 2284 264 34 bestämmelser
1296 2284 206 34 ankommer
1521 2284 61 35 det
1599 2286 47 42 på
1664 2284 111 35 stifts-

286 2336 178 34 nämnden
485 2340 56 30 att
559 2335 176 35 fastställa
755 2336 325 43 hushållningsplan
1099 2336 54 34 för
1171 2337 156 33 skötseln
1347 2349 46 22 av
1411 2338 247 34 löneboställes
1678 2338 97 42 skog.

286 2389 69 34 För
380 2390 164 33 återväxt
569 2390 47 42 på
642 2388 155 42 område,
823 2389 63 34 där
913 2389 218 43 avverkning
1157 2393 61 39 ägt
1245 2402 78 22 rum
1349 2390 82 34 eller
1457 2391 113 34 skada
1597 2392 21 33 å
1643 2391 131 42 skogen

286 2442 237 43 uppkommit,
551 2445 39 31 är
616 2447 199 38 pastoratet
843 2442 157 43 skyldigt
1028 2447 55 30 att
1111 2442 146 44 vidtaga
1285 2443 42 34 de
1357 2444 175 42 åtgärder,
1560 2456 75 22 som
1663 2443 110 34 stifts-

285 2495 178 35 nämnden
482 2495 113 35 finner
613 2495 129 43 skäligt
760 2495 204 35 föreskriva.
982 2496 77 34 Har
1077 2496 164 43 åtgärder
1259 2509 75 22 som
1353 2496 219 35 föreskrivits
1590 2497 11 34 i
1620 2497 153 35 hushåll-
