2241 2692
410 228 41 32 48
924 229 252 31 Bankoutskottets
1199 230 150 31 memorial
1372 231 46 30 Nr
1442 232 50 30 47.

409 311 272 49 godkännande,
720 311 64 36 bör
826 311 177 37 därstädes
1041 312 225 46 kvarstanna,
1306 314 93 34 samt
1428 313 60 36 det
1516 313 120 46 andra,
1666 314 106 35 sedan
1802 314 59 36 det
1888 314 120 36 blifvit

408 366 136 37 försedt
584 366 82 37 med
707 366 216 49 anteckning
965 379 59 24 om
1065 367 175 36 likvidens
1281 367 260 49 godkännande
1574 368 37 36 af
1645 368 269 46 statskontoret,
1947 369 62 36 bör

407 421 57 36 till
502 421 348 48 riksgäldskontoret
888 421 206 45 återställas,
1129 422 58 35 för
1219 423 53 35 att
1299 423 117 35 såsom
1444 422 225 37 verifikation
1689 423 77 36 dess
1793 423 214 37 hufvudbok

406 475 171 49 biläggas.

1141 530 24 48 &
1197 532 84 36 111.

512 604 56 35 De
601 603 344 48 tjänstinnehafvare
983 602 63 37 vid
1079 603 353 50 riksgäldskontoret,
1471 604 223 49 Riksdagens
1730 605 175 36 bibliotek
1941 607 66 35 och

407 657 226 48 Riksdagens
665 659 67 35 hus
765 657 192 51 åliggande
985 657 316 51 pensionsafgifter
1327 659 86 48 ingå
1440 658 57 36 till
1521 672 44 23 en
1593 659 160 46 särskild,
1784 661 113 35 under
1924 660 83 36 full-

407 712 179 48 mäktiges
627 713 223 46 förvaltning
891 712 108 36 ställd
1039 713 100 44 fond,
1174 714 20 34 å
1222 713 164 36 hvilkens
1414 713 335 47 tillgodohafvande
1777 712 229 50 fullmäktige

406 771 69 44 äga
503 765 226 50 godtskrifva
757 766 115 49 skälig
899 768 113 34 ränta.

512 819 96 37 Från
651 820 347 50 riksgäldskontoret
1038 819 178 50 utgående
1247 821 189 49 pensioner
1465 822 174 36 bestridas
1667 821 91 38 dock
1786 823 219 36 fortfarande

407 875 67 36 och
501 875 78 36 tills
608 874 118 37 vidare
754 875 37 36 af
819 874 269 49 anslagsmedel.

670 1034 240 52 Angående
940 1036 228 50 styrelsen
1195 1035 74 42 för
1297 1036 452 51 riksgäldskontoret.

1134 1111 23 46 8
1191 1112 83 35 112.

539 1182 281 47 Förvaltningen
864 1183 37 35 af
934 1183 355 47 riksgäldskontoret,
1324 1183 77 35 dess
1433 1183 116 36 medel
1578 1185 67 34 och
1677 1183 263 48 tillhörigheter
1968 1187 36 33 är

407 1237 79 34 utaf
524 1236 206 48 Riksdagen
773 1237 209 48 uppdragen
1021 1238 37 34 åt
1092 1237 57 47 sju
1181 1234 239 51 fullmäktige,
1449 1236 122 36 hvilka
1599 1237 60 35 vid
1686 1238 148 47 lagtima
1861 1238 143 47 riksdag

407 1292 96 34 utses
531 1290 12 35 i
572 1290 69 36 den
670 1290 168 48 ordning,
870 1292 46 35 71
949 1291 23 46 &
999 1291 363 48 riksdagsordningen
1391 1291 153 47 stadgar.

540 1344 73 36 Vid
654 1344 244 49 fullmäktiges
940 1345 319 36 sammankomster
1296 1346 93 35 föres
1432 1345 100 36 ordet
1560 1345 37 36 af
1624 1345 80 45 den,
1734 1358 75 24 som
1838 1346 36 36 af
1901 1346 100 36 Riks-

405 1399 116 47 dagen
549 1398 124 36 blifvit
702 1398 119 36 därtill
849 1399 145 46 utsedd;
1023 1399 273 36 tillkommande
1320 1399 229 48 fullmäktige
1578 1401 54 34 att
1659 1399 126 48 själfva
1809 1400 109 36 bland
1949 1401 54 47 sig

404 1452 93 48 välja
525 1465 44 24 en
597 1453 76 35 vice
703 1453 211 36 ordförande
943 1455 53 34 att
1019 1454 77 35 föra
1129 1453 111 45 ordet,
1271 1457 65 32 när
1355 1453 127 36 hinder
1500 1455 56 34 för
1575 1454 237 36 ordföranden
1830 1454 170 37 inträffar.

1130 1580 23 46 8
1184 1581 87 36 113.

537 1650 250 48 Uppkommer
822 1651 159 48 ledighet
1008 1650 108 36 bland
1152 1649 238 50 fullmäktige,
1427 1652 156 35 inträder
1611 1652 189 48 suppleant
1828 1652 111 48 enligt
1966 1650 35 38 af

405 1704 205 48 Riksdagen
638 1704 164 36 bestämd
830 1705 166 48 ordning.

1130 1777 23 47 8
1186 1778 84 36 114.

527 1838 54 44 Är
613 1847 173 48 styrelsen
820 1848 32 47 ej
883 1849 37 34 så
947 1848 169 48 fulltalig,
1147 1861 76 23 som
1252 1847 56 37 för
1335 1849 135 36 besluts
1499 1850 161 36 fattande
1680 1850 186 46 erfordras,
1887 1851 114 48 enligt

402 1901 94 36 hvad
529 1902 64 35 här
620 1901 115 36 nedan
756 1902 238 46 föreskrifves,
1016 1905 82 45 äger
1116 1902 245 49 fullmäktiges
1381 1903 215 37 ordförande
1612 1906 54 35 att
1681 1905 133 36 inkalla
1829 1905 171 37 erforder-

399 1955 68 48 ligt
495 1956 98 35 antal
620 1956 238 48 suppleanter.

1137 2029 23 47 8
1192 2031 84 34 115.

534 2100 241 48 Fullmäktige
802 2104 59 32 äro
890 2101 202 35 förbundna
1121 2103 53 34 att
1198 2101 60 35 vid
1276 2101 361 48 riksgäldskontorets
1656 2103 218 49 förvaltning
1898 2104 101 37 ställa

401 2153 53 48 sig
482 2153 57 35 till
566 2154 232 36 efterrättelse
826 2154 31 49 ej
888 2155 137 35 mindre
1059 2155 109 35 rikets
1196 2156 217 47 grundlagar
1441 2159 45 32 än
1519 2156 106 36 äfven
1659 2157 96 35 detta
1782 2158 216 47 reglemente

400 2210 92 33 samt
519 2207 117 49 öfriga
669 2208 148 36 rörande
852 2208 346 49 riksgäldskontoret
1239 2209 162 48 gällande
1444 2209 236 47 föreskrifter;
1723 2211 155 36 börande
1916 2212 82 36 full-

399 2261 160 48 mäktige
588 2262 101 36 doldt
717 2263 66 35 och
811 2263 180 48 förtegadt
1018 2263 106 46 hålla,
1155 2263 93 36 hvad
1282 2264 61 35 vid
1362 2263 187 37 kontorets
1568 2265 221 48 förvaltning
1808 2266 189 45 förefaller,

397 2327 77 24 som
502 2318 76 47 tyst
611 2329 82 23 vara
720 2317 73 35 bör.
