1884 2820
72 479 142 24 Utskottets

75 514 131 31 yttrande.

42 842 201 25 Skrivmateria-

55 878 51 24 lier
124 878 45 23 och
186 884 42 16 ex-

57 919 101 24 penser,
177 912 47 24 ved

61 1258 173 31 Trycknings-

71 1295 146 22 kostnader.

105 1328 82 39 [34.]

59 1736 173 24 Kommittéer

71 1772 45 23 och
133 1771 87 24 utred-

45 1806 97 30 ningar
159 1814 90 23 genom

61 1841 175 31 sakkunniga.

301 140 41 32 32
703 140 292 33 Statsutskottets
1018 140 187 32 utlåtande
1229 139 53 32 Nr
1309 140 29 30 7.

258 227 66 31 den
350 236 68 22 ena
441 227 119 36 utslag
583 227 13 30 i
618 224 265 36 avlöningsmål
907 233 47 22 m.
978 233 45 21 m.
1047 223 64 31 och
1133 222 68 32 den
1223 223 113 31 andra
1359 224 121 36 utslag
1503 224 13 31 i
1539 223 228 37 fattigvårds-

259 279 73 30 mål
356 288 46 21 m.
427 288 45 21 m.

302 330 69 31 För
405 329 241 32 innevarande
679 328 171 37 budgetår
882 327 66 31 har
970 327 159 31 anvisats
1152 328 50 31 ett
1224 327 125 36 anslag
1372 337 47 21 av
1443 328 95 35 8,200
1561 328 130 30 kronor
1713 326 55 32 för

261 381 196 37 utgivande
480 392 46 21 av
549 380 247 33 motsvarande
819 379 399 37 prejudikatsamlingar
1241 380 55 31 för
1319 380 87 30 åren
1429 379 84 31 1927
1537 379 63 31 och
1625 378 95 32 1928.

304 485 136 37 Kungl.
468 485 121 36 Maj:ts
612 483 231 33 förevarande
866 482 134 36 förslag
1023 482 63 31 har
1109 483 172 32 utskottet
1304 483 116 31 ansett
1443 483 54 36 sig
1521 484 84 31 böra
1629 481 140 33 biträda

261 537 63 32 och
347 537 204 32 hemställer
574 537 117 36 alltså,

705 624 54 30 att
782 621 192 37 riksdagen
997 622 58 30 må
1078 621 54 30 för
1155 621 142 32 fortsatt
1320 620 195 37 utgivande
1534 631 44 21 av
1595 621 174 31 kammar-

662 677 134 29 rättens
829 673 130 32 årsbok
993 674 39 30 år
1056 673 82 31 1929
1164 673 54 31 för
1242 673 207 36 budgetåret
1473 672 214 32 1928—1929
1710 682 59 21 an-

663 728 78 30 visa
765 728 49 30 ett
838 727 100 30 extra
961 724 279 37 förslagsanslag
1262 736 45 20 av
1331 725 97 36 4,100
1452 725 139 31 kronor.

305 846 87 36 31:o)
437 848 51 31 På
523 848 116 37 grund
673 858 46 20 av
753 847 136 35 Kungl.
913 846 120 36 Maj:ts
1057 846 120 31 därom
1201 846 124 36 gjorda
1348 846 271 36 framställning
1643 842 127 39 (punkt

263 898 53 37 33)
352 900 64 32 och
451 900 110 31 under
593 900 218 35 hänvisning
835 899 57 30 till
917 898 69 31 vad
1009 897 381 37 statsrådsprotokollet
1414 895 78 36 (sid.
1517 896 76 35 126)
1616 898 13 30 i
1652 898 118 30 ämnet

265 952 209 36 innehåller,
498 952 204 31 hemställer
724 951 182 34 utskottet,

709 1039 53 29 att
794 1037 190 35 riksdagen
1016 1037 56 30 må
1095 1036 140 31 minska
1259 1036 177 31 ordinarie
1460 1036 310 36 förslagsanslaget

666 1089 58 31 till
740 1089 315 32 skrivmaterialier
1071 1088 64 32 och
1151 1098 178 26 expenser,
1346 1089 66 30 ved
1428 1099 45 20 m.
1491 1098 57 26 m.,
1565 1098 48 21 nu
1631 1088 138 36 200,v00

666 1142 140 36 kronor,
830 1141 79 31 med
933 1141 116 35 20,000
1073 1140 128 31 kronor
1225 1140 56 31 till
1306 1141 139 35 180,000
1468 1140 140 31 kronor.

310 1260 86 36 32:0)
430 1262 18 31 I
480 1263 158 36 enlighet
665 1261 78 32 med
767 1262 68 31 vad
859 1262 137 36 Kungl.
1020 1261 102 37 Maj:t
1145 1261 184 36 föreslagit
1353 1260 189 37 riksdagen
1565 1258 129 39 (punkt
1717 1258 53 36 34)

267 1315 203 31 hemställer
493 1315 183 35 utskottet,

712 1401 52 30 att
797 1399 189 36 riksdagen
1014 1400 56 30 må
1093 1399 141 31 minska
1257 1399 178 31 ordinarie
1459 1398 312 37 förslagsanslaget

668 1452 57 31 till
761 1451 404 37 tryckningskostnader,
1205 1461 48 21 nu
1289 1451 138 35 124,984
1462 1451 138 36 kronor,
1636 1451 78 31 med
1752 1453 18 29 4

668 1504 128 30 kronor
820 1504 58 30 till
904 1503 137 36 124,980
1059 1503 144 35 kronor;
1220 1503 86 31 dock
1323 1505 52 29 att
1392 1503 13 31 i
1421 1503 160 35 anslaget
1597 1504 58 29 må
1669 1505 101 34 göras

668 1556 67 31 den
769 1556 201 36 jämkning,
1005 1565 73 21 som
1112 1555 70 30 kan
1217 1555 177 31 erfordras
1429 1555 54 31 för
1513 1555 190 36 jämnande
1726 1565 45 21 av

665 1607 248 32 huvudtitelns
937 1607 222 31 slutsumma.

311 1727 87 36 33:o)
437 1729 136 37 Kungl.
608 1728 103 37 Maj:t
745 1728 63 31 har
842 1728 183 36 föreslagit
1049 1728 188 36 riksdagen
1260 1728 52 30 att
1335 1728 157 36 upptaga
1516 1727 56 31 det
1595 1727 176 32 ordinarie

268 1780 398 36 reservationsanslaget
700 1781 58 30 till
793 1780 223 31 kommittéer
1047 1780 62 30 och
1142 1779 232 37 utredningar
1398 1789 126 26 genom
1547 1780 226 36 sakkunniga

267 1833 77 32 med
369 1833 206 32 oförändrat
598 1833 135 35 belopp,
758 1832 138 36 280,0v0
921 1832 139 31 kronor.

310 1937 18 30 I
362 1946 43 22 en
440 1937 98 30 inom
571 1936 112 31 andra
715 1936 206 30 kammaren
948 1945 45 21 av
1018 1935 79 31 herr
1121 1935 36 32 O.
1182 1935 100 31 Järte
1304 1945 45 20 m.
1375 1935 35 31 fl.
1434 1935 106 31 väckt
1562 1936 145 36 motion,
1731 1945 43 22 nr

269 1989 73 36 230,
377 1989 125 30 vilken
536 1988 183 31 hänvisats
755 1988 57 30 till
847 1987 279 31 statsutskottets
1161 1986 250 32 förberedande
1445 1987 228 36 behandling,
1712 1988 62 31 har

269 2040 211 36 hemställts,
512 2041 52 30 att
592 2040 191 35 riksdagen
806 2040 67 35 må,
898 2039 78 31 med
1000 2039 182 31 uttalande
1206 2048 44 21 av
1273 2039 229 36 önskemålet,
1525 2041 52 29 att
1600 2040 174 30 socialise-

269 2092 280 36 ringsnämnden
573 2092 167 31 anmodas
765 2091 181 30 inkomma
969 2090 78 32 med
1071 2091 162 31 definitiv
1257 2091 201 36 arbetsplan
1474 2101 44 21 av
1536 2092 239 31 beskaffenhet

268 2146 53 29 att
355 2144 123 31 kunna
512 2144 170 30 slutföras
717 2143 111 31 under
862 2143 117 36 loppet
1010 2152 45 21 av
1087 2143 40 31 de
1151 2144 176 29 närmaste
1351 2144 63 30 två
1437 2144 93 35 åren,
1554 2143 141 31 minska
1717 2143 58 32 det

269 2196 179 31 ordinarie
472 2195 397 36 reservationsanslaget
892 2195 60 30 till
976 2194 223 32 kommittéer
1222 2195 63 31 och
1305 2195 236 36 utredningar
1557 2204 126 27 genom
1700 2195 75 31 sak-

269 2248 163 36 kunniga
455 2248 112 31 under
589 2247 127 37 sjunde
740 2247 241 36 huvudtiteln,
1006 2256 47 21 nu
1077 2247 138 35 280,000
1240 2247 140 35 kronor,
1405 2247 78 31 med
1506 2247 117 36 20,0v0
1647 2247 128 31 kronor

270 2300 58 30 till
351 2300 139 35 260,000
515 2300 139 31 kronor.

313 2351 18 31 I
365 2352 104 35 fråga
503 2361 56 21 om
594 2351 40 31 de
667 2351 88 35 skäl,
783 2351 262 31 motionärerna
1067 2350 119 31 anfört
1210 2350 57 30 till
1290 2350 77 31 stöd
1391 2349 55 32 för
1467 2350 65 31 sitt
1555 2350 142 37 förslag,
1721 2351 55 31 får

271 2403 170 32 utskottet
465 2403 151 31 hänvisa
639 2403 59 31 till
721 2403 189 31 motionen.
