1886 2762
252 173 39 29 40

437 255 182 33 (Gällande
649 255 146 39 lydelse)

254 331 116 30 handa
388 331 63 30 sist
468 331 19 30 å
504 330 115 40 fjärde
636 331 109 38 dagen
763 329 88 31 efter
867 330 117 29 valda-

253 381 74 32 gen.

532 170 452 30 Konstitutionsutskottets
1008 170 179 30 utlåtande
1210 179 42 20 nr
1275 172 19 28 9
1317 171 39 29 år
1381 171 84 29 1962

1184 254 226 40 (Föreslagen
1434 255 146 39 lydelse)

1021 330 132 39 depost.
1177 330 285 30 Översändandet
1486 331 87 29 skall
1597 331 60 29 ske
1680 331 10 29 i
1714 330 38 31 så

1021 373 65 38 god
1106 372 60 34 tid,
1184 374 50 28 att
1252 373 169 29 kuverten
1440 373 120 29 kunna
1579 373 171 29 beräknas

1019 423 84 21 vara
1122 414 420 30 överståthållarämbetet
1562 414 51 31 till
1635 414 117 30 handa

1021 456 63 30 sist
1106 456 20 30 å
1148 456 114 39 fjärde
1284 456 111 39 dagen
1418 456 90 30 efter
1527 457 179 39 valdagen.

953 514 38 30 41
1020 514 27 37 8.

295 566 234 34 Ytterkuvert,
555 575 74 20 som
653 584 43 3 —
719 584 42 3 —
785 583 42 3 —
850 583 43 3 —
918 565 187 30 verkställa
1130 566 443 39 röstsammanräkningen.

297 607 87 31 Över
416 609 227 38 ytterkuvert,
677 617 73 20 som
784 607 79 30 från
897 608 86 29 röst-

253 652 192 37 mottagare
480 650 186 30 inkommit
692 650 50 29 till
767 649 215 40 myndighet,

254 701 75 21 som
354 692 64 29 har
445 694 48 28 att
519 692 188 30 verkställa
732 692 250 29 röstsamman-

254 734 159 39 räkning,
449 734 90 30 skall
574 732 152 31 särskild
760 732 223 40 förteckning

252 777 105 39 föras.
379 777 174 29 Kuverten
576 776 96 30 skola
695 775 156 30 förvaras
873 775 110 30 under

254 819 60 29 lås.

1064 607 234 34 Ytterkuvert,
1317 616 74 21 som
1412 608 78 29 från
1509 609 243 38 röstmottaga-

1020 658 35 21 re
1076 649 187 30 inkommit
1283 649 52 30 till
1357 650 213 39 myndighet,
1592 659 75 21 som
1687 650 66 30 har

1021 693 50 28 att
1118 691 188 30 verkställa
1352 692 398 39 röstsammanräkning,

1020 733 98 30 skola
1137 742 183 21 numreras
1341 733 11 29 i
1369 733 147 40 löpande
1534 733 101 40 följd.
1654 734 99 40 Efter

1021 775 95 39 varje
1141 775 144 39 tillfälle,
1308 775 44 30 då
1375 776 215 39 ytterkuvert
1614 785 140 20 numre-

1021 817 82 35 rats,
1120 817 91 30 skall
1226 817 132 30 antalet
1374 818 190 29 antecknas
1582 818 11 30 i
1609 817 144 31 särskilt

1022 859 184 39 protokoll.
1241 859 174 30 Kuverten
1463 860 97 30 skola
1594 860 158 30 förvaras

1022 901 110 30 under
1154 901 60 30 lås.

952 950 40 30 44
1019 951 27 37 8.

298 1004 13 28 1
332 1012 105 20 mom.
456 1002 26 30 Å
500 1005 110 27 utsatt

296 1046 20 29 2
344 1054 105 20 mom.
478 1045 97 30 Hava
602 1045 216 39 ytterkuvert
847 1044 136 29 inkom-

253 1087 63 30 mit
345 1087 80 30 från
454 1088 277 37 röstmottagare,
761 1086 130 30 räknas
920 1085 63 30 ku-

252 1132 129 31 verten,
401 1129 65 30 och
486 1129 129 30 antalet
634 1128 169 39 jämföres
823 1128 79 29 med
916 1127 65 30 den

252 1173 80 28 över
369 1171 131 29 sådana
535 1171 124 29 kuvert
697 1170 99 31 förda
831 1169 151 40 förteck-

253 1213 138 39 ningen.

295 1255 183 29 Inkomma
494 1254 217 39 ytterkuvert

297 1298 19 28 3
347 1306 106 20 mom.
485 1297 161 30 Därefter
678 1297 168 39 granskas
878 1298 105 37 ytter-

252 1340 169 29 kuverten
448 1339 65 30 och
539 1339 84 30 därå
650 1339 168 30 tecknade
845 1337 138 40 uppgif-

252 1383 60 28 ter.
329 1381 248 30 Förekommer
594 1381 111 39 skälig
722 1380 188 39 anledning
924 1389 59 20 an-

251 1425 90 37 taga,
360 1425 50 28 att
428 1423 253 39 ytterkuvertet
698 1423 97 29 blivit
814 1422 88 30 efter
917 1422 66 30 till-

254 1466 176 29 slutandet
461 1466 141 39 öppnat,
633 1465 82 30 eller
746 1465 117 29 finnas
896 1464 87 30 flera

251 1508 216 38 ytterkuvert
490 1507 144 30 härröra
657 1507 78 30 från
757 1516 135 20 samma
913 1507 70 29 väl-

251 1549 85 39 jare,
359 1550 137 29 lämnas
519 1550 102 29 dessa
642 1549 216 39 ytterkuvert
881 1548 102 30 orub-

253 1592 97 33 bade,
380 1591 64 30 och
475 1591 74 30 däri
579 1591 201 30 inneslutna
809 1591 173 30 valsedlar

252 1633 143 29 inverka
414 1634 30 38 ej
466 1633 44 40 på
528 1633 100 30 valet.
649 1633 70 39 Lag
738 1642 134 20 samma
891 1642 90 25 vare,

252 1675 62 30 där
332 1675 157 39 väljaren
508 1675 74 30 icke
602 1676 37 29 är
657 1675 11 30 i
686 1675 222 39 röstlängden
927 1675 56 39 för

251 1717 56 29 det
350 1717 36 30 åt
429 1717 251 39 ytterkuvertet
721 1717 149 39 angivna
915 1716 68 30 val-

252 1759 177 30 distriktet
455 1762 175 36 upptagen
656 1759 115 30 såsom
797 1760 186 29 röstberät-

253 1801 92 39 tigad
374 1801 58 30 vid
460 1802 89 29 valet
578 1801 83 30 eller
688 1801 62 30 där
778 1801 112 30 denne
918 1801 65 29 har

255 1844 118 29 utövat
416 1843 52 30 sin
511 1844 144 29 rösträtt
696 1844 55 29 vid
783 1843 200 30 valförrätt-

253 1885 138 40 ningen.

926 1002 114 39 öppna
1059 1001 132 30 dörrar.

1065 1044 19 29 2
1112 1053 105 20 mom.
1247 1044 97 30 Hava
1371 1045 217 38 ytterkuvert
1616 1045 138 30 inkom-

1021 1085 64 29 mit
1114 1085 79 30 från
1222 1086 278 39 röstmottagare,
1530 1087 128 30 räknas
1686 1087 64 29 ku-

1021 1129 129 33 verten,
1169 1128 64 29 och
1253 1128 131 30 antalet
1402 1128 171 39 jämföres
1592 1129 79 29 med
1692 1129 56 29 det

1020 1170 80 29 över
1119 1170 130 30 sådana
1269 1171 124 30 kuvert
1412 1171 101 30 förda
1532 1171 220 39 protokollet.

1027 1272 44 3 —
1087 1271 45 5 —
1147 1272 45 4 -—
1209 1254 43 39 på
1269 1255 101 29 valet.

1064 1298 19 28 3
1103 1306 104 20 mom.
1228 1297 160 30 Därefter
1408 1298 169 39 granskas
1596 1298 156 39 ytterku-

1020 1341 119 27 verten
1166 1339 64 30 och
1256 1339 85 30 därå
1368 1340 169 29 tecknade
1564 1339 188 40 uppgifter.

1020 1381 247 30 Förekommer
1283 1382 111 39 skälig
1411 1382 187 39 anledning
1615 1384 136 37 antaga,

1016 1424 50 28 att
1081 1423 251 39 ytterkuvertet
1348 1424 99 29 blivit
1462 1423 87 31 efter
1565 1423 187 31 tillslutan-

1021 1465 57 30 det
1106 1466 141 38 öppnat,
1275 1466 82 29 eller
1385 1465 119 31 finnas
1532 1466 87 29 flera
1646 1468 106 37 ytter-

1022 1507 124 30 kuvert
1180 1507 146 30 härröra
1359 1508 81 29 från
1475 1517 134 21 samma
1641 1508 109 39 välja-

1022 1558 46 26 re,
1100 1550 136 29 lämnas
1268 1550 101 29 dessa
1401 1550 217 39 ytterkuvert
1650 1550 102 30 orub-

1022 1591 97 34 bade,
1149 1592 63 29 och
1242 1592 74 29 däri
1347 1592 203 30 inneslutna
1578 1592 174 30 valsedlar

1020 1633 144 30 inverka
1183 1634 30 39 ej
1235 1634 43 39 på
1296 1634 101 30 valet.
1417 1635 71 38 Lag
1507 1643 134 21 samma
1660 1644 91 24 vare,

1020 1675 73 30 dels
1113 1676 44 30 då
1176 1676 156 39 väljaren
1352 1677 76 29 icke
1448 1677 38 29 är
1505 1678 175 38 upptagen
1700 1677 52 29 så-

1021 1727 75 20 som
1114 1718 267 39 röstberättigad
1399 1719 57 29 vid
1473 1719 90 30 valet
1581 1719 11 29 i
1608 1719 58 29 det
1683 1719 69 29 val-

1020 1760 152 36 distrikt,
1196 1769 73 20 som
1295 1760 150 39 angivits
1468 1761 45 39 på
1536 1761 216 39 ytterkuver-

1023 1803 56 34 tet,
1108 1801 91 36 eller,
1228 1811 54 20 om
1312 1802 156 39 väljaren
1495 1802 141 39 jämlikt
1664 1803 41 30 36
1730 1803 23 36 $

1020 1843 177 30 avlämnat
1222 1844 150 30 valsedel
1396 1846 84 28 utan
1505 1847 49 27 att
1579 1844 171 30 innehava

1020 1886 164 37 röstkort,
1207 1886 10 29 i
1238 1886 198 30 valdistrikt
1470 1887 7 29 å
1497 1887 65 29 den
1585 1887 165 30 mantals-

1021 1928 266 39 skrivningsort,
1316 1937 75 21 som
1421 1928 150 40 angivits
1599 1929 20 30 å
1647 1930 104 39 ytter-

1020 1970 169 37 kuvertet,
1211 1970 72 30 dels
1304 1970 65 30 ock
1390 1970 44 31 då
1456 1971 153 39 väljaren
1632 1973 118 29 utövat

1021 2012 52 29 sin
1097 2013 142 29 rösträtt
1261 2013 57 29 vid
1340 2012 326 41 valförrättningen.

295 2053 125 39 Övriga
443 2053 216 39 ytterkuvert
683 2072 41 3 —
746 2072 41 3 —
811 2072 42 3 —
876 2073 43 2 —
942 2054 114 30 såsom
1080 2054 107 39 ogillt.

297 2096 18 29 4
351 2104 106 21 mom.
494 2096 284 39 Valprotokollen
816 2097 166 39 uppläsas

253 2137 62 29 och
356 2138 174 39 granskas,
588 2138 139 39 Sigillen
757 2138 18 30 å
804 2139 178 39 omslagen

250 2179 172 39 jämföras
448 2180 77 29 med
550 2180 41 30 de
616 2180 101 39 sigill,
743 2190 72 20 som
842 2181 60 29 äro
927 2190 55 20 av-

253 2222 136 38 tryckta
421 2221 19 30 å
473 2222 228 39 protokollen.
733 2223 249 29 Förekommer

250 2263 123 30 därvid
391 2264 35 38 ej
443 2264 112 39 skälig
573 2264 188 40 anledning
780 2266 137 38 antaga,
932 2266 49 28 att

251 2305 133 40 omslag
410 2305 96 30 blivit
531 2306 88 39 efter
644 2306 230 30 tillslutandet
900 2307 82 39 öpp-

250 2349 70 37 nat,
346 2347 115 40 brytes
483 2348 245 39 förseglingen.
751 2349 15 28 I
788 2350 109 28 annat
919 2349 64 39 fall

252 2389 135 29 lämnas
420 2390 168 39 omslaget
620 2390 156 36 orubbat,
809 2391 64 29 och
906 2391 76 29 däri

252 2431 200 30 inneslutna
469 2431 171 31 valsedlar
656 2432 142 30 inverka
816 2433 35 38 ej
865 2433 44 39 på
927 2442 55 21 va-

251 2473 55 29 let.

1067 2097 18 29 4
1118 2106 104 20 mom.
1255 2097 286 39 Valprotokollen
1574 2098 176 39 uppläsas,

1021 2139 116 29 därest
1154 2139 38 30 så
1209 2139 168 39 påkallas,
1395 2141 92 28 samt
1505 2140 179 39 granskas.
1703 2140 48 30 Si-

1022 2181 102 38 gillen
1153 2181 19 29 å
1200 2181 177 39 omslagen
1405 2181 171 40 jämföras
1605 2182 78 30 med
1709 2182 41 30 de

1022 2223 100 39 sigill,
1147 2232 74 20 som
1246 2224 58 28 äro
1329 2224 181 39 avtryckta
1534 2224 19 29 å
1577 2224 174 39 protokol-

1020 2265 66 33 len,
1107 2265 149 39 varefter
1276 2264 176 41 omslagen
1475 2265 126 39 brytas.
