1874 2820
511 142 121 30 Första
656 141 238 37 lagutskottets
920 140 174 31 utlåtande
1119 150 40 20 nr
1180 141 28 29 2?.
1600 134 13 29 1

808 464 60 39 Nr
890 463 37 40 2.

647 585 110 23 Ankom
778 584 40 24 till
839 584 152 30 riksdagens
1010 583 87 24 kansli
1116 584 51 22 den
1187 582 13 24 1
1219 583 121 23 februari
1361 579 64 26 1945
1443 582 35 23 kl.
1498 580 14 25 4
1532 588 50 17 em.

333 672 179 31 Utlåtande
533 674 9 28 i
563 671 185 39 anledning
768 681 42 21 av
831 671 186 31 verkställd
1035 670 212 37 granskning
1268 679 41 21 av
1332 667 282 32 militieombuds-

552 731 167 22 mannens
744 721 354 38 ämbetsförvaltning.

154 832 67 31 För
239 833 67 30 den
325 832 103 37 enligt
447 832 18 38 8
484 833 41 29 42
545 842 105 20 mom.
670 833 18 29 2
707 831 351 37 riksdagsordningen
1076 831 187 36 lagutskott
1281 829 181 37 åliggande
1473 828 140 36 gransk-

112 883 82 36 ning
218 892 43 22 av
285 882 442 33 militieombudsmannens
750 881 347 37 ämbetsförvaltning
1121 882 91 31 hava
1237 880 92 31 båda
1353 880 188 30 kamrarna
1566 878 51 32 till

112 934 188 36 lagutskott
322 933 161 31 hänvisat
505 933 442 30 militieombudsmannens
971 933 56 30 vid
1051 932 236 30 innevarande
1307 931 141 36 riksdag
1471 929 146 37 avgivna

108 984 182 31 berättelse
313 984 180 37 angående
518 984 541 32 militieombudsmansämbetets
1085 983 210 36 förvaltning
1321 982 111 30 under
1457 980 40 32 år
1522 981 93 30 1944.

157 1038 122 30 Första
308 1037 229 37 lagulskottet,
569 1045 75 22 som
673 1035 178 31 verkställt
879 1034 265 37 granskningen,
1174 1034 66 30 har
1268 1032 56 31 för
1352 1031 265 37 ifrågavarande

112 1087 164 32 ändamål
297 1087 79 31 från
397 1084 615 37 militieombudsmansexpeditionen
1032 1084 158 36 mottagit
1211 1084 72 30 dels
1303 1083 43 30 de
1367 1081 136 38 diarier,
1524 1081 93 30 vilka

112 1138 39 31 år
179 1139 83 30 1944
287 1139 86 31 förts
405 1138 5 30 i
435 1138 155 30 nämnda
615 1136 205 37 expedition,
848 1136 71 30 dels
943 1135 171 36 protokoll
1141 1136 80 29 över
1248 1132 368 31 militieombudsman-

113 1198 84 21 nens
222 1189 235 37 inspektioner
478 1188 109 31 under
609 1187 81 36 året,
715 1187 71 31 dels
810 1188 65 29 ock
900 1185 256 37 expeditionens
1179 1185 201 36 registratur
1405 1183 56 31 för
1485 1191 133 22 samma

113 1239 48 32 år.
184 1239 180 37 Därjämte
386 1240 89 30 hava
497 1238 44 38 på
562 1238 148 31 särskild
731 1238 154 36 begäran
906 1237 254 35 handlingarna
1181 1235 149 31 rörande
1352 1234 91 31 vissa
1466 1243 42 21 av
1531 1232 86 31 mili-

111 1290 349 31 tieombudsmannen
481 1290 197 35 handlagda
700 1289 151 30 ärenden
875 1287 115 32 hållits
1015 1288 163 30 utskottet
1201 1286 52 30 till
1274 1286 128 30 handa.

159 1336 90 35 Över
275 1342 66 29 den
368 1349 143 22 numera
537 1340 219 31 fullbordade
780 1338 256 37 granskningen
1061 1337 54 31 får
1137 1338 166 30 utskottet
1327 1336 145 30 härmed
1498 1334 121 37 avgiva

115 1390 187 32 utlåtande.

159 1442 15 30 I
202 1442 341 30 ämbetsberättelsen
571 1441 175 30 meddelar
775 1439 424 31 militieombudsmannen
1228 1438 78 29 Ivar
1332 1437 151 30 Lamech
1512 1435 107 30 Wies-

116 1492 120 30 lander
258 1492 49 30 till
329 1501 44 21 en
395 1490 126 37 början
543 1494 49 27 att
614 1491 70 30 han
707 1489 142 37 åtnjutit
872 1493 161 27 semester
1054 1487 80 32 från
1156 1489 66 29 och
1246 1488 81 29 med
1349 1487 66 30 den
1439 1487 20 30 3
1482 1486 52 30 till
1555 1486 64 29 och

116 1544 79 29 med
217 1543 68 29 den
307 1543 20 29 6
350 1542 98 37 april,
471 1541 81 30 från
575 1542 65 30 och
663 1542 78 29 med
764 1541 66 30 den
852 1541 41 29 22
917 1539 51 31 till
991 1540 66 29 och
1079 1539 79 30 med
1182 1538 66 31 den
1270 1539 39 29 27
1335 1537 70 37 maj
1431 1540 89 27 samt
1542 1535 78 31 från

118 1595 65 30 och
206 1595 79 29 med
308 1595 67 29 den
396 1594 19 29 6
438 1592 63 38 juli
524 1592 51 30 till
597 1592 66 31 och
684 1591 77 30 med
785 1591 66 30 den
872 1591 20 29 9
914 1589 145 37 augusti.
1084 1589 144 31 Jämlikt
1253 1590 37 28 17
1316 1588 19 37 $
1357 1588 110 30 första
1491 1587 131 36 stycket

117 1644 11 31 i
155 1646 66 29 den
248 1644 57 31 för
330 1643 425 31 militieombudsmannen
779 1641 160 37 gällande
964 1640 253 31 instruktionen
1245 1639 65 30 har
1337 1637 284 31 militieombuds-

118 1696 252 30 mansämbetet
392 1692 185 38 föreståtts,
600 1693 109 31 under
732 1693 67 30 den
822 1691 241 31 förstnämnda
1087 1690 163 36 perioden
1273 1699 43 21 av
1338 1688 283 31 militieombuds-

118 1755 169 21 mannens
310 1745 198 31 dåvarande
531 1743 302 37 ställföreträdare,
857 1751 143 21 numera
1020 1739 228 40 justitierådet
1271 1740 75 30 Joel
1369 1738 149 31 Christer
1542 1738 80 30 Hal-

119 1805 61 21 var
201 1796 101 37 Lech,
327 1796 65 30 och
411 1795 111 31 under
544 1795 42 30 de
608 1802 119 22 senare
750 1793 205 37 perioderna
977 1802 43 20 av
1042 1792 65 30 den
1128 1791 202 30 nuvarande
1353 1789 269 31 ställföreträda-

116 1856 70 28 ren,
216 1845 255 32 hovrättsrådet
501 1845 72 31 Nils
601 1845 85 30 Ivan
711 1844 141 36 Regner.
883 1843 78 31 Med
991 1843 76 30 stöd
1093 1852 41 21 av
1162 1841 307 31 bestämmelserna
1495 1840 11 29 i
1536 1840 37 30 17
1605 1839 18 37 8

119 1898 110 29 andra
249 1897 133 37 stycket
401 1896 10 30 i
431 1895 254 30 instruktionen
705 1895 66 30 har
790 1894 217 29 Wieslander
1029 1891 184 37 uppdragit
1234 1891 35 31 åt
1290 1891 132 36 Regner
1444 1893 49 27 att
1515 1890 110 30 under

119 1947 93 31 tiden
235 1946 81 31 från
337 1948 66 29 och
423 1946 78 30 med
524 1946 66 29 den
615 1945 39 30 10
675 1944 187 31 november
884 1943 50 31 till
956 1944 65 29 och
1043 1943 79 29 med
1145 1943 66 29 den
1233 1942 20 29 9
1277 1941 181 30 december
1479 1940 144 30 förrätta

120 1998 41 29 de
184 1997 19 31 å
227 1995 524 32 militieombudsmansämbetet
775 1994 257 30 ankommande
1057 1991 198 38 göromålen
1281 1992 78 29 med
1383 1991 177 35 undantag
1582 2000 42 20 av

122 2048 88 30 vissa
231 2048 162 30 ärenden.
415 2046 115 31 Under
549 2046 215 30 sistnämnda
782 2045 49 30 tid
849 2045 64 30 har
932 2044 216 30 Wieslander
1165 2042 167 36 handlagt
1352 2040 157 37 följande
1529 2042 94 29 ären-

121 2099 76 35 den,
222 2097 175 37 nämligen
419 2098 76 29 d.nr
519 2094 167 33 805/1943
709 2094 178 37 angeånde
908 2095 68 30 rätt
1000 2095 53 30 för
1078 2093 127 30 militär
1227 2093 224 30 befälhavare
1475 2095 48 27 att
1550 2094 75 33 taga

121 2149 65 29 den
208 2158 74 20 som
305 2149 113 29 dömts
441 2147 50 30 till
516 2146 324 37 ungdomsfängelse
863 2146 9 29 i
896 2145 126 35 förvar,
1047 2145 75 29 d.nr
1148 2140 186 34 1064/1943
1359 2141 176 38 angående
1557 2142 67 30 för-

123 2199 183 29 summelse
337 2208 41 20 av
408 2197 136 31 auditör
572 2197 10 29 i
614 2195 97 37 fråga
742 2205 57 21 om
831 2197 130 29 honom
993 2194 179 36 åliggande
1204 2192 419 37 expeditionsskyldighet,

120 2249 76 29 d.nr
222 2249 227 34 1271—1273,
479 2248 94 34 1277,
602 2247 226 34 1293—1296,
858 2245 225 35 1304—-1306,
1113 2245 93 33 1311,
1239 2239 182 41 1923/1943
1448 2241 177 37 angående

123 2299 156 35 felaktigt
302 2299 201 30 förfarande
524 2299 56 28 vid
605 2297 255 36 handläggning
883 2307 41 19 av
946 2296 70 30 mål
1039 2296 55 29 vid
1118 2296 162 34 krigsrätt
1304 2305 44 20 m.
1372 2304 55 24 m.,
1451 2295 76 28 d.nr
1551 2291 75 32 145/

126 2350 82 29 1944
233 2349 178 35 angående
436 2350 67 28 rätt
529 2348 54 30 för
609 2348 170 34 klagande
803 2350 49 26 att
878 2346 48 29 till
949 2345 424 31 militieombudsmannen
1399 2344 116 30 lämna
1541 2352 84 26 upp-

124 2400 174 37 lysningar
325 2409 42 20 av
393 2398 128 36 hemlig
545 2401 112 31 natur,
685 2398 75 29 d.nr
788 2394 166 33 524/1944
979 2395 176 36 angående
1180 2394 114 30 vilken
1321 2394 224 29 befälhavare
1572 2394 55 29 det

124 2449 209 31 tillkommer
361 2452 48 27 att
437 2449 192 29 bestimma
656 2447 171 31 huruvida
856 2448 65 29 den
950 2456 72 20 som
1052 2446 107 35 ålagts
1186 2448 108 27 arrest
1322 2448 82 26 utan
1432 2443 194 36 bevakning

165 2515 110 30 Bihang
286 2515 42 24 till
340 2515 166 30 riksdagens
519 2513 144 31 protokoll
678 2514 71 24 1945.
771 2514 15 23 9
798 2513 79 24 saml.
902 2512 13 23 I
936 2512 56 22 avd.
1032 2512 38 22 Nr
1087 2511 21 23 2.
