1907 2831
491 161 285 29 Statsutskottets
803 160 178 29 utlåtande
1006 169 42 20 nr
1074 160 18 30 7
1118 160 39 30 år
1183 160 83 30 1969
1606 164 18 29 9

139 244 51 28 att
216 242 120 29 utöver
362 242 57 29 det
443 251 41 20 av
509 242 125 38 Kungl.
660 241 105 39 Maj:t
792 241 198 39 föreslagna
1016 241 155 39 anslaget
1199 241 39 30 25
1254 241 62 30 000
1344 243 51 28 kr.
1423 242 200 40 ytterligare

142 296 37 29 15
195 295 62 30 000
281 296 52 28 kr.
356 295 109 30 måtte
488 295 83 39 utgå
593 295 52 30 till
697 295 189 39 Föreningen
909 295 280 40 Fruktdryckers
1214 296 408 39 upplysningsverksam-

139 350 58 29 het
217 349 149 30 rörande
385 348 211 31 alkoholfria
616 349 82 30 fest-
717 350 65 29 och
803 349 331 40 sällskapsdrycker.

186 457 184 30 Utskottet.
398 457 122 30 Senast
546 457 95 30 förra
667 457 72 31 året
764 458 91 29 hade
879 457 187 40 riksdagen
1092 459 50 28 att
1167 460 36 28 ta
1229 458 164 40 ställning
1421 459 51 30 till
1500 458 123 41 frågan

139 521 56 20 om
216 512 81 29 ökat
319 512 210 39 statsbidrag
548 512 53 29 till
620 512 218 39 Föreningen
858 512 271 39 Fruktdrycker.
1152 512 52 29 Då
1225 512 213 30 framfördes
1457 513 166 29 motions-

138 566 160 39 yrkande
317 574 58 21 om
393 565 149 40 höjning
562 575 42 20 av
622 566 157 39 bidraget
799 566 79 29 med
901 565 39 30 10
955 565 62 31 000
1039 566 52 29 kr.
1113 566 52 30 till
1187 566 39 30 35
1242 566 63 30 000
1327 567 52 29 kr.
1402 567 13 29 I
1436 567 188 40 anledning

143 629 42 20 av
212 619 94 29 detta
332 619 157 40 yrkande
517 619 158 30 erinrade
703 620 169 29 utskottet
900 629 56 20 om
984 622 49 27 att
1061 621 307 39 alkoholpolitiska
1395 621 232 39 utredningen

140 674 183 29 tiillkallats
350 673 55 30 för
432 674 147 39 översyn
608 683 41 20 av
676 674 155 29 alkohol-
858 674 65 29 och
951 674 386 40 nykterhetspolitiken.
1366 675 115 39 Enligt
1511 675 113 29 direk-

141 727 93 30 tiven
253 727 55 29 för
326 727 227 38 utredningen
571 727 88 30 skall
678 728 66 29 den
762 727 172 30 behandla
952 728 68 29 alla
1040 728 39 29 de
1100 728 117 37 frågor
1237 737 75 21 som
1331 729 38 29 är
1389 738 42 20 av
1450 729 173 37 betydelse

140 782 10 28 i
169 781 154 29 nämnda
340 781 209 29 hänseende.
569 781 79 29 Med
665 782 139 38 hänsyn
822 782 44 29 bl.
882 791 28 20 a.
930 782 119 29 härtill
1070 782 106 39 ansåg
1197 783 170 29 utskottet
1388 784 49 28 att
1458 783 166 29 motions-

139 835 173 38 yrkandet
339 835 29 39 ej
397 835 107 29 borde
528 834 150 30 bifallas.
705 835 200 39 Riksdagen
931 835 121 30 delade
1078 836 114 29 denna
1219 835 227 40 uppfattning
1473 837 64 29 och
1566 846 58 19 an-

140 888 120 30 visade
280 887 54 30 för
355 888 236 30 innevarande
611 888 168 40 budgetår
802 891 47 27 ett
871 888 204 31 oförändrat
1096 889 123 40 bidrag
1240 899 42 20 av
1303 890 39 30 25
1359 890 61 30 000
1444 891 51 29 kr.

185 943 177 29 Utskottet
383 951 103 21 anser
507 942 55 30 för
584 943 53 29 sin
659 943 53 29 del
734 943 72 29 inte
826 945 49 27 att
897 943 108 39 några
1027 944 297 39 omständigheter
1346 944 64 30 har
1433 944 192 30 framkom-

140 997 65 29 mit
229 1005 75 20 som
327 997 187 29 motiverar
539 998 47 27 ett
610 997 125 29 ändrat
761 997 334 39 ställningstagande
1119 997 81 29 från
1223 998 205 39 riksdagens
1456 999 83 28 sida.
1567 999 58 29 Ut-

141 1050 129 30 skottet
295 1051 181 38 avstyrker
502 1050 120 30 därför
647 1051 56 29 det
728 1060 47 20 nu
801 1050 267 40 ifrågavarande
1093 1052 325 39 motionsyrkandet
1445 1052 65 30 och
1537 1052 88 30 före-

146 1104 68 29 slår
230 1106 49 27 att
294 1104 155 40 anslaget
463 1106 53 28 tas
532 1113 70 31 upp
617 1104 79 30 med
710 1104 203 30 oförändrat
929 1105 39 29 25
984 1105 62 30 000
1062 1105 51 30 kr.

186 1159 117 29 Under
325 1158 220 40 åberopande
567 1168 41 20 av
631 1159 56 29 det
710 1159 148 30 anförda
880 1159 201 30 hemställer
1105 1160 170 29 utskottet

507 1215 50 28 att
581 1213 187 39 riksdagen
793 1213 80 29 med
898 1213 99 30 bifall
1023 1214 52 29 till
1101 1214 125 39 Kungl.
1253 1214 125 39 Maj:ts
1405 1214 131 40 förslag
1562 1215 64 29 och

463 1267 79 29 med
564 1267 117 39 avslag
703 1267 20 29 å
743 1267 220 29 motionerna
985 1267 28 30 I:
1030 1267 62 30 676
1113 1268 65 29 och
1201 1268 44 29 II:
1264 1268 61 29 754
1348 1269 53 29 till
1422 1268 129 40 Bidrag
1575 1269 52 29 till

461 1320 219 40 Föreningen
706 1321 263 39 Fruktdrycker
996 1321 55 30 för
1077 1321 204 40 budgetåret
1311 1322 147 40 1969/70
1488 1323 138 30 anvisar

465 1376 47 29 ett
536 1375 121 39 anslag
680 1384 42 20 av
746 1375 39 30 25
801 1375 62 29 000
888 1376 51 28 kr.

189 1483 47 28 16.
262 1482 124 36 Bidrag
403 1483 54 29 till
475 1483 146 29 vanföra
640 1483 101 35 ägare
760 1492 42 20 av
821 1483 249 29 motorfordon.
1091 1484 176 29 Utskottet
1287 1484 192 40 tillstyrker
1500 1485 124 39 Kungl.

143 1536 125 39 Maj:ts
291 1535 131 40 förslag
449 1536 130 39 (punkt
598 1536 27 29 F
648 1536 29 34 5,
702 1546 24 20 s.
751 1536 58 34 97)
837 1537 64 28 och
923 1537 202 29 hemställer

510 1591 50 28 att
588 1590 187 39 riksdagen
803 1590 52 29 till
883 1590 128 39 Bidrag
1041 1590 52 30 till
1122 1590 144 40 vanföra
1296 1591 102 40 ägare
1427 1601 42 20 av
1499 1594 127 27 motor-

464 1643 125 39 fordon
618 1643 55 30 för
699 1643 205 40 budgetåret
934 1644 148 36 1969/70
1111 1645 139 29 anvisar
1280 1647 48 28 ett
1356 1645 271 41 förslagsanslag

465 1706 42 21 av
529 1697 93 30 1500
637 1697 62 30 000
721 1698 51 28 kr.

190 1806 47 28 17.
262 1805 125 35 Bidrag
406 1805 54 29 till
482 1805 172 29 Institutet
676 1805 56 29 för
753 1805 276 31 storhushållens
1052 1806 287 36 rationalisering.
1361 1808 175 29 Utskottet
1561 1808 66 30 till-

144 1859 139 39 styrker
300 1859 125 39 Kungl.
443 1858 125 40 Maj:ts
585 1858 131 40 förslag
738 1859 129 40 (punkt
885 1859 25 29 F
930 1859 29 34 6,
978 1869 25 20 s.
1023 1859 57 35 97)
1104 1860 64 29 och
1185 1860 202 31 hemställer

509 1915 50 28 att
578 1913 188 39 riksdagen
785 1914 52 29 till
856 1913 128 39 Bidrag
1005 1914 52 29 till
1076 1914 179 29 Institutet
1275 1914 55 40 för
1349 1915 278 31 storhushållens

465 1966 281 39 rationalisering
773 1966 54 30 för
853 1967 204 39 budgetåret
1088 1967 148 36 1969/70
1265 1969 139 30 anvisar
1432 1971 47 28 ett
1508 1971 120 39 anslag

466 2030 42 20 av
534 2020 62 30 200
612 2020 61 30 000
701 2021 51 29 kr.

600 2185 575 37 KAPITALBUDGCETEN

547 2292 153 36 Statens
721 2293 192 35 allmänna
933 2293 297 49 fastighetsfond

193 2398 46 28 18.
266 2397 166 35 Sanering
455 2407 43 19 m.
513 2407 43 19 m.
581 2398 93 28 inom
699 2398 314 35 Djurgårdsstaden
1037 2399 12 28 i
1073 2399 199 29 Stockholm
1296 2409 43 20 m.
1353 2400 37 29 fl.
1417 2401 128 35 anslag.
1573 2402 56 29 Ut-

146 2452 131 29 skottet
293 2451 193 39 tillstyrker
503 2451 125 39 Kungl.
645 2451 124 40 Maj:ts
787 2451 130 40 förslag
940 2452 215 39 (punkterna
1173 2453 44 29 II:
1237 2453 108 31 1—II:
1362 2454 30 34 5,
1412 2464 24 20 s.
1456 2455 168 35 98—102)

145 2505 67 29 och
232 2505 202 30 hemställer
