1880 2832
310 159 19 29 4
761 165 276 31 Bankoutskottets
1058 170 156 29 utlåtande
1235 172 43 29 Nr
1300 174 44 28 17.

309 240 154 37 punkten
487 242 17 29 2
530 242 493 40 övergångsbestämmelserna
1048 251 162 31 ävensom
1235 253 9 29 i
1269 254 454 40 övergångsbestämmelsen
1749 261 48 30 till

309 282 527 44 familjepensionsreglementet.

355 328 49 30 De
423 329 183 33 förordade
625 333 231 39 ändringarna
877 337 8 29 i
906 338 250 37 reglementena
1179 341 188 40 föreslogos
1389 345 94 29 skola
1505 346 103 30 lända
1629 347 49 30 till
1697 349 98 30 efter-

307 372 136 31 rättelse
469 374 78 30 från
574 377 64 29 och
665 379 75 28 med
768 379 65 30 den
864 382 11 27 1
905 381 60 38 juli
997 383 93 30 1938.
1131 385 262 40 Föredragande
1419 389 376 38 departementschefen

307 415 206 34 hemställde
543 421 202 36 emellertid,
774 426 50 27 att
855 424 121 40 Kungl.
1007 427 101 39 Maj:t
1137 429 109 31 skulle
1276 431 132 31 erhålla
1436 433 281 40 bemyndigande
1746 441 50 26 alt

309 461 138 30 utfärda
479 463 462 42 tillämpningsföreskrifter,
976 480 74 21 som
1086 474 108 30 skulle
1227 474 76 38 giva
1337 476 458 44 författningsändringarna

308 507 185 29 retroaktiv
526 508 155 39 giltighet
713 511 77 30 från
824 514 64 29 och
921 516 77 29 med
1031 518 191 37 respektive
1255 520 222 38 reglementes
1510 522 284 38 ikraftträdande,

307 549 89 30 dock
419 554 48 27 att
490 552 66 30 den
580 554 109 30 ökade
712 555 183 33 förmånen
919 559 108 31 skulle
1051 561 97 39 börja
1173 562 79 39 utgå
1275 564 138 39 tidigast
1438 565 77 31 från
1540 568 65 29 och
1628 570 78 29 med
1729 570 65 30 den

310 594 12 28 1
344 594 62 38 juli
429 596 90 30 1937.

351 638 111 31 Sedan
484 640 280 35 bankoutskottet
787 645 9 29 i
818 645 176 33 utlåtande
1017 658 40 21 nr
1080 650 40 30 55
1144 651 161 39 tillstyrkt
1327 654 267 38 propositionen,
1617 657 75 30 blev
1714 659 79 29 den-

305 691 134 23 samma
463 694 41 20 av
529 685 183 41 riksdagen
736 689 153 33 bifallen.

351 727 121 39 Kungl.
503 729 100 40 Maj:t
631 732 62 30 har
723 734 191 31 sedermera
945 736 64 31 den
1044 739 35 28 17
1110 739 73 38 juni
1215 741 83 31 1938
1328 742 152 31 utfärdat
1508 744 246 41 författningar
1784 747 8 29 i

304 771 117 31 ämnet
445 772 42 39 (S.
508 774 23 30 f.
552 784 41 21 nr
612 776 200 40 506—509).

349 816 117 31 Ehuru
487 817 124 40 frågan
632 821 36 29 är
688 831 40 20 av
749 824 131 36 ganska
900 824 94 39 ringa
1016 826 173 39 betydelse
1209 838 103 29 synas
1333 833 243 30 motsvarande
1596 834 195 40 ändringar,

304 868 75 22 som
400 861 160 40 vidtagits
583 864 9 29 i
615 866 18 28 2
655 864 19 39 $
696 867 17 28 2
735 876 104 21 mom.
862 869 64 29 och
947 870 18 29 3
987 869 20 39 8
1030 871 512 42 tjänstepensionsreglementet
1563 877 55 31 för
1638 879 154 30 arbetare

302 908 90 27 samt
416 905 9 29 i
450 908 154 37 punkten
630 910 19 28 3
674 910 494 40 övergångsbestämmelserna
1193 917 50 30 till
1268 919 106 38 sagda
1400 921 205 37 reglemente
1629 923 83 30 böra
1738 932 52 30 ge-

301 950 179 30 nomföras
506 951 10 30 i
544 952 511 43 tjänstepensionsreglementet
1083 959 55 31 för
1163 962 155 31 arbetare
1345 963 57 31 vid
1430 965 228 32 riksbankens
1686 969 104 29 sedel-

301 995 148 36 tryckeri
473 996 65 30 och
562 999 246 37 pappersbruk.
848 1000 228 42 Fullmäktige
1101 1005 94 30 torde
1220 1006 117 31 vidare
1361 1008 82 30 böra
1470 1009 135 31 lämnas
1630 1012 160 39 befogen-

300 1038 59 30 het
380 1042 48 27 att
448 1039 156 41 tillämpa
625 1043 41 30 de
686 1044 151 31 ändrade
859 1045 260 34 föreskrifterna
1141 1051 200 30 retroaktivt
1363 1053 104 38 enligt
1488 1063 133 22 samma
1643 1057 148 37 grunder

301 1091 75 21 som
403 1083 9 29 i
438 1083 229 33 förenämnda
693 1088 204 39 kungörelse
922 1091 64 30 den
1016 1093 36 28 17
1080 1093 75 38 juni
1184 1095 81 30 1938
1299 1095 54 38 (nr
1379 1096 90 40 508).
1509 1098 281 40 Bemyndigande

299 1126 118 31 härtill
440 1129 118 36 skulle,
583 1129 101 32 såvitt
706 1142 45 20 nu
774 1134 70 30 kan
867 1134 174 37 bedömas,
1066 1137 128 31 erhålla
1217 1139 174 39 betydelse
1415 1141 54 31 för
1491 1152 41 20 en
1557 1144 153 31 arbetare
1733 1145 56 30 vid

300 1172 287 39 sedeltryckeriet,
618 1184 73 22 som
719 1177 116 38 avgått
865 1180 78 29 med
971 1180 235 40 sjukpension,
1239 1187 89 27 samt
1359 1185 54 30 för
1442 1186 76 38 fyra
1549 1188 155 31 arbetare
1733 1189 56 30 vid

299 1217 283 38 pappersbruket,
602 1219 92 31 vilka
712 1221 116 39 avgått
848 1224 78 30 med
944 1223 268 41 ålderspension.

344 1261 162 31 Däremot
529 1264 97 30 torde
649 1265 113 39 övriga
786 1267 186 39 ändringar
995 1269 9 30 i
1031 1270 83 30 1934
1138 1270 54 31 års
1215 1272 497 42 tjänstepensionsreglemente
1735 1278 53 30 för

298 1306 155 30 arbetare
484 1310 89 28 samt
605 1309 188 39 ändringen
827 1311 9 29 i
870 1312 455 40 övergångsbestämmelsen
1357 1319 49 29 till
1442 1320 82 29 1936
1555 1319 55 31 års
1641 1321 145 39 familje-

298 1350 381 40 pensionsreglemente
709 1355 123 30 beröra
867 1356 257 38 förhållanden,
1157 1369 74 21 som
1264 1362 111 31 sakna
1405 1363 178 39 betydelse
1614 1365 56 31 för
1701 1366 86 31 riks-

296 1394 157 31 bankens
477 1396 165 37 arbetare,
668 1399 113 30 varför
807 1399 106 40 några
938 1404 242 30 motsvarande
1204 1406 188 39 ändringar
1416 1408 73 30 icke
1515 1409 171 31 erfordras
1712 1411 8 29 i
1746 1412 40 29 de

296 1438 268 39 bestämmelser,
588 1451 74 21 som
684 1444 86 37 gälla
794 1444 54 30 för
870 1445 97 32 dessa
990 1447 166 31 arbetare.

341 1554 527 43 Tjänstepensionsreglementet
888 1561 53 31 för
961 1563 156 31 arbetare
1136 1565 78 37 äger
1235 1565 218 41 tillämpning
1474 1569 121 30 endast
1615 1569 20 31 å
1656 1569 128 32 sådana

295 1599 156 31 arbetare
473 1600 9 30 i
505 1604 129 28 statens
657 1603 114 38 tjänst,
795 1604 93 31 vilka
911 1605 83 40 fylla
1017 1610 48 28 ett
1087 1608 218 40 fortlöpande
1328 1621 57 20 om
1409 1613 63 29 ock
1495 1614 121 30 endast
1640 1614 53 31 för
1716 1615 68 30 viss

295 1643 55 30 del
381 1652 42 21 av
451 1644 70 32 året
552 1646 202 41 förefintligt
783 1650 111 30 behov
923 1660 41 20 av
994 1652 208 32 arbetskraft
1232 1655 65 30 och
1328 1655 54 31 för
1411 1656 91 31 vilka
1532 1658 179 31 fastställts
1742 1669 41 21 en

294 1688 166 31 arbetstid
480 1699 42 21 av
545 1693 135 29 normal
701 1693 218 40 omfattning.

339 1732 49 30 De
411 1734 164 36 arbetare,
600 1735 90 31 vilka
713 1737 88 31 hava
825 1739 136 31 kortare
984 1741 165 31 arbetstid
1172 1743 44 29 än
1238 1743 10 29 i
1272 1743 512 42 tjänstepensionsreglementet

293 1785 108 27 avses,
431 1779 117 30 kunna
578 1781 219 38 pensioneras
826 1783 104 39 enligt
958 1785 41 30 de
1028 1787 231 31 summariska
1287 1789 268 38 bestämmelser,
1588 1801 73 21 som
1690 1793 91 30 med-

293 1820 109 31 delats
429 1822 9 30 i
466 1823 228 39 kungörelsen
722 1826 64 30 den
816 1828 15 28 7
862 1827 178 32 december
1072 1831 81 30 1934
1188 1831 52 38 (nr
1267 1832 75 39 585)
1376 1834 78 30 med
1482 1834 214 32 föreskrifter
1723 1846 58 21 an-

292 1864 132 40 gående
447 1868 242 40 pensionering
712 1880 40 20 av
777 1871 68 30 viss
869 1872 297 40 arbetarpersonal
1189 1876 9 29 i
1223 1879 129 28 statens
1378 1878 114 38 tjänst.
1530 1879 121 32 Såsom
1675 1881 106 30 förut-

292 1911 152 39 sättning
470 1912 55 31 för
552 1916 49 27 att
628 1915 152 30 arbetare
810 1917 88 29 skall
924 1918 118 30 kunna
1071 1919 224 32 tillerkännas
1323 1922 144 38 pension
1495 1924 106 39 enligt
1629 1926 151 30 nämnda

291 1955 205 39 kungörelse
516 1958 106 37 gäller
642 1958 135 39 jämlikt
797 1961 204 38 kungörelse
1022 1972 41 21 nr
1084 1959 162 41 512/1938

336 2003 49 27 att
403 2001 179 30 arbetaren
601 2003 161 39 antingen
781 2004 58 31 vid
857 2006 254 39 entledigandet
1130 2008 145 39 uppnått
1295 2020 41 20 en
1356 2011 238 32 levnadsålder
1613 2023 42 20 av
1674 2014 105 30 sextio

289 2042 40 31 år
352 2044 79 30 eller
454 2046 63 29 ock
541 2046 74 31 före
639 2048 150 30 nämnda
811 2049 95 31 ålder
928 2051 96 31 blivit
1050 2052 50 30 till
1123 2052 87 40 följd
1233 2063 41 21 av
1299 2055 171 38 sjukdom,
1495 2057 182 31 vanförhet
1700 2059 79 30 eller

290 2087 69 39 lyte
382 2089 79 30 eller
484 2089 50 31 till
558 2090 89 40 följd
669 2101 41 21 av
733 2093 136 31 nedsatt
891 2095 273 41 arbetsförmåga
1187 2098 202 40 oförmögen
1414 2103 47 27 att
1485 2100 44 39 på
1553 2101 225 32 tillfredsstäl-

289 2131 103 32 lande
412 2135 64 29 sätt
495 2134 116 32 utföra
629 2136 128 31 honom
776 2137 159 32 åvilande
954 2141 297 39 arbetsuppgifter,

334 2181 50 27 att
407 2179 180 30 arbetaren
611 2180 57 30 vid
692 2181 63 30 den
781 2182 171 39 tidpunkt,
977 2184 44 31 då
1045 2185 71 30 han
1141 2186 135 40 uppnår
1302 2189 106 30 sextio
1433 2189 55 31 års
1513 2190 95 31 ålder
1633 2192 79 30 eller
1737 2202 38 20 av

287 2230 84 30 nyss
395 2223 145 38 angiven
565 2225 185 39 anledning
773 2227 243 32 dessförinnan
1041 2230 197 39 entledigas,
1265 2233 110 30 under
1399 2243 41 21 en
1466 2234 49 31 tid
1538 2245 43 20 av
1606 2245 171 22 samman-

288 2265 70 39 lagt
384 2266 103 31 minst
512 2267 134 32 femton
671 2269 37 31 år
734 2271 84 30 efter
844 2271 108 39 fyllda
978 2274 145 30 aderton
1148 2274 38 32 år
1212 2276 159 32 innehaft
1398 2278 107 30 sådan
1532 2280 209 40 anställning
1768 2281 9 30 i

287 2312 130 29 statens
442 2312 114 38 tjänst,
585 2323 74 21 som
684 2315 126 38 utgjort
836 2316 88 31 hans
948 2317 254 40 huvudsakliga
1228 2322 261 39 sysselsättning
1515 2324 65 30 och
1607 2325 169 30 förvärvs-

287 2355 103 35 källa,
413 2356 87 30 dock
520 2360 59 33 att,
599 2358 62 30 där
681 2361 260 38 sammanlagda
960 2362 94 30 tiden
1074 2363 9 29 i
1104 2364 94 38 dylik
1218 2366 210 39 anställning
1449 2368 120 30 endast
1590 2369 186 39 obetydligt

285 2399 214 39 understiger
531 2401 132 31 femton
694 2402 46 36 år,
773 2405 144 38 pension
948 2406 105 31 likväl
1084 2407 57 31 må
1172 2409 118 30 kunna
1322 2411 153 39 beviljas,
1508 2422 57 20 om
1597 2414 178 30 arbetaren

286 2443 111 30 under
415 2447 166 29 avsevärd
600 2446 49 31 tid
669 2447 155 31 innehaft
844 2459 116 21 annan
980 2453 306 39 statsanställning,

330 2492 90 27 samt
441 2492 48 28 att
511 2491 180 31 arbetaren
713 2492 87 39 gjort
824 2493 50 39 sig
898 2494 143 40 förtjänt
1064 2505 42 21 av
1129 2500 70 35 gott
1221 2498 139 32 vitsord.
