1934 2862
270 211 115 29 Andra
412 210 202 29 kammarens
633 206 136 38 första
794 205 164 39 tillfälliga
984 205 132 29 utskotlls
1142 203 163 30 utlåtande
1331 203 50 28 Nr
1407 201 26 29 7.
1597 200 18 28 D

114 294 61 28 och
189 293 162 28 hämmas.
382 292 62 27 Det
459 292 35 27 är
508 289 112 29 därför
633 297 43 21 av
689 288 85 37 vikt,
788 289 52 27 att
853 285 359 36 fortsättningsskolan
1225 284 70 29 icke
1308 291 119 27 genom
1441 281 174 29 inskränk-

113 338 80 35 ning
219 345 43 20 av
290 336 73 29 dess
389 334 193 30 fastställda
609 332 309 36 undervisningstid
945 331 77 29 eller
1049 338 119 28 genom
1196 329 105 29 andra
1328 326 226 36 anordningar
1581 334 36 20 så

113 383 183 35 försvagas,
316 382 52 27 att
387 380 64 28 den
470 380 105 27 sättes
594 386 38 20 ur
651 377 100 29 stand
770 378 52 27 att
842 376 152 34 bibringa
1013 375 216 36 lärjungarna
1248 373 63 28 den
1329 373 89 28 fasta
1437 371 62 28 och
1519 370 97 29 säkra

114 426 118 36 grund,
258 434 70 20 som
353 426 98 34 utgör
475 423 64 28 den
562 421 216 36 nödvändiga
801 419 290 36 förutsättningen
1113 419 51 28 för
1189 418 94 28 deras
1306 417 162 28 fortsatta
1491 417 33 26 ut
1534 414 81 28 bild-

118 478 90 27 ning.

157 512 220 30 Beträffande
410 511 204 36 skolplikten
646 509 199 29 föreskrives
878 508 10 28 i
921 505 478 38 fortsältningsskolestadgan
1432 504 110 28 såsom
1575 511 41 19 en

115 559 140 28 allmänt
278 556 153 37 gällande
453 555 97 36 regel,
575 556 52 27 att
650 562 40 20 en
714 561 70 28 var,
808 561 70 20 som
902 552 77 28 med
1001 550 214 35 fullständigt
1238 548 254 37 avgångsbetyg
1513 547 103 34 enligt

116 603 13 36 $
150 603 38 28 47
209 602 11 28 i
239 600 153 38 gällande
411 598 286 35 folkskolestadga
716 598 129 28 lämnat
866 596 64 28 den
949 595 167 37 egentliga
1135 594 200 35 folkskolan,
1356 595 36 26 är
1411 591 122 37 pliktig
1552 592 63 35 att,

114 647 11 28 i
146 647 63 28 den
229 654 79 20 mån
328 644 163 30 särskilda
511 643 146 36 angivna
676 641 233 29 förhållanden
928 640 73 28 icke
1022 640 105 28 annat
1146 637 184 37 föranleda,
1350 636 135 29 inträda
1505 636 10 27 i
1534 635 81 28 fort-

115 689 262 38 silltningsskola
405 688 59 28 vid
491 687 120 37 början
639 695 43 20 av
710 687 151 27 närmast
889 684 147 29 därefter
1063 683 149 37 följande
1239 682 87 29 läsår
1354 682 84 28 samt
1471 679 146 29 därefter

115 735 133 36 deltaga
272 734 11 28 i
308 733 133 30 skolans
466 731 241 35 undervisning
730 730 106 28 under
860 729 64 28 den
948 729 52 28 för
1023 726 374 37 fortsättningsskolans
1421 725 80 28 kurs
1527 723 88 30 stad-

115 779 83 37 gade
216 779 104 28 tiden.
352 778 17 28 I
386 776 95 36 fråga
500 785 55 20 om
574 775 220 36 skolpliktens
812 773 207 36 omfattning
1037 773 62 28 och
1119 772 73 29 dess
1210 770 208 38 fullgörande
1436 769 181 29 förefinnes

115 824 11 28 i
155 821 534 38 författningssbestämmelserna
719 819 99 37 ingen
849 818 145 29 skillnad
1023 817 123 28 mellan
1177 816 126 29 sådana
1332 815 182 36 lärjungar,
1547 821 70 21 som

117 867 118 38 avgått
251 866 76 30 från
344 866 124 37 sjuårig
484 865 176 36 folkskola,
679 864 62 28 och
758 863 137 36 sådana,
914 869 71 22 som
1002 862 120 35 avgått
1138 860 76 29 från
1230 860 118 28 endast
1367 858 130 37 sexårig
1514 858 103 28 skola.

116 911 199 37 Visserligen
335 910 158 29 framhöll
514 908 244 37 överstyrelsen
779 907 10 28 i
811 907 58 29 sitt
891 907 52 27 till
963 906 127 36 Kungl.
1112 904 102 37 Maj:t
1235 907 36 25 år
1293 904 82 27 1916
1398 902 147 37 avgivna
1566 903 51 27 ut-

115 956 137 29 låtande
279 954 172 37 angående
478 952 368 37 fortsättningsskolan,
875 952 52 27 att
956 950 115 29 starka
1099 949 73 29 skäl
1198 948 112 29 kunde
1338 947 134 29 anföras
1500 946 52 29 för
1579 954 40 20 en

117 1000 105 30 sådan
237 999 193 36 åtskillnad,
448 998 62 29 och
526 999 53 27 att
596 997 57 28 det
669 996 113 29 kunde
799 996 106 28 sättas
921 994 12 28 i
947 994 107 37 fråga,
1071 993 168 29 huruvida
1254 992 72 29 icke
1343 1000 41 20 en
1401 990 218 37 obligatorisk

116 1043 309 38 undervisningstid
450 1051 43 20 av
518 1042 104 29 minst
647 1042 61 28 360
734 1040 136 29 timmar
894 1038 173 30 fördelade
1091 1037 44 38 på
1159 1037 61 29 två
1245 1036 36 30 år
1305 1036 103 29 borde
1433 1035 186 29 fastställas

116 1091 53 28 att
191 1089 86 37 gälla
300 1089 141 28 allenast
463 1087 52 29 för
536 1084 361 37 fortsättningsskolor,
922 1092 71 21 som
1016 1083 111 37 bygga
1149 1081 44 37 på
1216 1080 125 39 sjuårig
1361 1080 257 36 folkskolekurs,

117 1134 122 29 medan
264 1133 153 29 däremot
442 1130 353 37 undervisningstiden
819 1129 51 28 för
894 1126 352 38 fortsättningsskolor
1271 1125 134 37 byggda
1430 1127 45 34 på
1500 1124 119 29 endast

116 1178 129 37 sexårig
260 1177 166 30 folkskola
443 1176 104 30 borde
564 1175 191 29 utsträckas
773 1174 52 28 till
841 1174 61 28 540
920 1173 138 28 timmar
1074 1171 171 30 fördelade
1261 1170 44 37 på
1322 1172 50 26 tre
1390 1169 46 29 år.
1467 1169 54 29 Av
1537 1169 82 28 fiera

117 1223 72 29 skäl
207 1223 82 29 fann
309 1221 245 37 överstyrelsen
574 1220 49 37 sig
642 1219 86 29 dock
747 1218 44 37 på
809 1217 136 38 frågans
965 1216 195 30 dåvarande
1180 1215 212 36 ståndpunkt
1410 1214 85 30 icke.
1510 1214 109 28 kunna

115 1267 134 30 förorda
271 1275 41 20 en
333 1265 106 30 sådan
459 1264 246 30 bestämmelse.
739 1263 78 29 Med
837 1262 166 29 avseende
1024 1260 45 37 på
1089 1259 369 37 undervisningstidens
1480 1258 138 30 omfatt-

115 1312 81 37 ning
214 1311 59 28 vill
291 1310 244 37 överstyrelsen
553 1309 108 29 erinra
681 1308 127 36 därom,
828 1308 52 28 att
898 1305 177 30 flerstädes
1093 1305 11 28 i
1121 1305 157 29 utlandet
1297 1304 64 28 den
1380 1302 240 37 obligatoriska

115 1356 288 29 folkskolekursen
421 1354 164 29 omfattar
602 1352 74 30 åtta
695 1352 37 29 år
750 1352 62 28 och
830 1352 52 29 att
901 1359 80 20 man
999 1349 204 37 exempelvis
1222 1349 10 28 i
1245 1347 172 38 Tyskland
1430 1347 62 28 och
1508 1340 110 36 Öster-

115 1401 71 28 rike
209 1400 102 29 sedan
333 1400 97 36 länge
453 1397 135 37 ovanpå
611 1397 40 29 de
673 1396 168 37 åttaåriga
863 1395 230 29 folkskolorna
1115 1393 75 29 haft
1213 1392 239 37 obligatoriska
1475 1390 144 38 treåriga

115 1443 361 38 fortsättningsskolor,
501 1443 53 28 att
577 1442 12 28 i
611 1441 185 29 Frankrike
820 1440 61 29 och
905 1438 157 38 England
1086 1437 147 37 antagits
1256 1437 180 37 lagförslag
1459 1444 54 20 om
1536 1435 81 29 fort-

117 1491 69 28 satt
206 1488 241 37 undervisning
465 1487 107 29 under
593 1486 80 29 5—7
696 1485 36 30 år
752 1485 84 29 efter
856 1483 159 30 avslutad
1034 1483 166 29 folkskola
1221 1483 87 29 samt
1328 1483 53 27 att
1408 1481 4 28 i
1431 1480 186 37 Danmark,

117 1535 110 36 Norge
252 1533 62 29 och
338 1532 145 29 Finland
507 1540 44 21 av
574 1530 193 38 regeringen
792 1529 144 29 tillsatta
960 1527 329 31 skolkommissioner
1312 1525 159 37 framlagt
1496 1525 124 36 förslag

116 1579 53 29 till
192 1577 217 31 anordnande
434 1585 44 21 av
501 1576 141 29 fortsatt
665 1574 241 37 undervisning
930 1573 78 29 med
1032 1573 158 29 avsevärt
1215 1573 105 28 större
1345 1570 207 37 omfattning
1576 1571 42 27 än

118 1624 64 28 den
204 1623 60 29 hos
288 1630 52 21 oss
363 1621 203 30 fastställda.

160 1668 17 28 I
201 1666 95 38 fråga
322 1675 54 20 om
403 1666 40 29 de
468 1673 106 29 ungas
599 1662 421 38 fortsättningsskoleplikt
1045 1662 137 29 komma
1207 1660 144 38 givetvis
1376 1659 11 29 i
1412 1658 124 38 många
1561 1658 59 29 fall

117 1712 126 29 sådana
260 1710 235 31 förhållanden
513 1711 53 28 att
584 1709 170 37 föreligga,
775 1709 52 28 att
846 1706 199 37 fullständig
1063 1705 151 30 befrielse
1232 1704 76 30 från
1327 1704 196 29 densamma
1543 1703 77 28 eller

116 1757 151 29 befrielse
283 1756 52 29 för
353 1755 67 29 viss
438 1755 51 29 tid
506 1754 108 31 måste
632 1761 96 21 anses
745 1753 77 28 fullt
840 1751 155 37 befogad.
1026 1751 106 28 Detta
1150 1750 101 37 gäller
1268 1749 103 29 bland
1389 1749 106 29 annat
1514 1747 105 30 sådan

115 1801 159 38 ungdom,
293 1809 71 20 som
381 1801 122 35 prövas
521 1798 137 38 åtnjuta
675 1796 239 31 motsvarande
931 1795 242 37 undervisning
1188 1794 12 28 i
1217 1794 104 30 andra
1339 1793 120 30 skolor.
1491 1793 17 28 I
1524 1791 94 38 fråga

116 1854 55 21 om
197 1846 109 28 denna
331 1844 149 37 ungdom
504 1843 200 29 föreskrives
729 1842 11 28 i
766 1842 14 37 $
806 1842 38 28 27
871 1849 44 21 av
938 1838 489 39 fortsättningsskolestadgan,
1454 1838 53 28 att
1533 1836 84 30 skol-

116 1890 130 37 pliktig,
269 1898 71 21 som
360 1888 152 38 åtnjuter
531 1886 242 38 undervisning
791 1886 12 28 i
823 1886 141 29 allmänt
985 1884 165 37 läroverk,
1171 1883 197 30 kommunal
1388 1881 229 37 mellanskola,

115 1936 101 36 högre
235 1934 178 36 folkskola,
434 1932 207 30 folkskolans
662 1932 101 36 högre
784 1930 181 37 avdelning
985 1930 78 28 eller
1083 1929 106 29 under
1210 1927 154 37 offentlig
1383 1927 149 29 kontroll
1552 1925 65 30 stå-

115 1980 84 29 ende
218 1979 101 37 högre
337 1986 87 30 goss-
445 1977 62 29 och
526 1976 178 37 samskola,
724 1975 130 30 enskild
872 1974 219 31 mellanskola
1109 1974 78 29 eller
1205 1973 101 37 högre
1323 1971 177 30 flickskola
1519 1973 98 27 även-

116 2032 70 22 som
209 2024 106 28 under
337 2023 89 29 vissa
447 2021 285 37 förutsättningar
752 2019 243 38 lärlingsskola,
1019 2019 85 29 skall
1126 2018 138 29 därmed
1286 2025 95 21 anses
1403 2016 143 37 fullgöra
1569 2015 49 29 sin

114 2067 430 38 fortsättningsskoleplikt.
567 2065 49 30 På
636 2065 167 37 prövning
822 2065 12 28 i
854 2064 94 37 varje
970 2063 134 30 särskilt
1124 2063 60 29 fall
1204 2071 44 21 av
1269 2061 252 30 vederbörande
1536 2060 81 29 fort-

116 2111 402 39 sättningsskolestyrelse
539 2110 85 30 skall
645 2110 63 29 ock
729 2110 90 36 bero,
842 2108 169 29 huruvida
1033 2107 204 37 skolpliklig,
1261 2115 71 21 som
1353 2106 131 29 tillhört
1506 2113 112 21 annan

115 2157 200 30 läroanstalt
342 2158 43 27 än
411 2155 145 38 egentlig
581 2154 166 30 folkskola
773 2161 77 22 men
875 2153 74 29 icke
974 2153 114 36 längre
1115 2151 151 38 åtnjuter
1292 2149 325 38 skolundervisning,

116 2202 56 29 må
192 2210 95 21 anses
308 2201 89 29 hava
416 2201 172 28 inhämtat
608 2199 203 36 kunskaper,
833 2206 71 21 som
925 2197 116 29 kunna
1062 2196 168 37 berättiga
1250 2196 124 28 honom
1395 2195 53 29 till
1467 2194 152 29 befrielse

114 2246 76 30 från
209 2245 201 38 deltagande
428 2245 11 28 i
456 2244 241 37 undervisning
714 2243 12 28 i
742 2241 345 38 fortsättningsskola.
1119 2241 115 37 Enligt
1253 2240 95 29 dessa
1366 2239 253 30 bestämmelser

116 2299 95 22 anses
234 2290 141 30 sålunda
398 2299 41 20 en
461 2289 152 38 lärjunge
634 2289 142 36 fullgöra
799 2287 50 30 sin
870 2285 432 39 fortsättningsskoleplikt,
1326 2285 112 29 därest
1461 2284 68 29 han
1552 2283 65 29 del-

116 2338 94 36 tager
230 2336 12 28 i
264 2336 64 28 den
350 2335 70 29 helt
442 2334 62 29 och
526 2333 104 30 hållet
651 2332 157 37 frivilliga
829 2331 284 38 undervisningen
1134 2331 11 28 i
1166 2332 26 27 t.
1215 2339 51 20 ex.
1289 2329 207 30 folkskolans
1518 2328 101 37 högre

116 2380 181 37 avdelning
311 2380 78 29 eller
403 2379 11 29 i
429 2379 101 37 högre
544 2378 177 37 folkskola,
738 2377 61 29 och
815 2377 52 29 till
882 2376 62 29 och
959 2376 79 29 med
1053 2384 54 21 om
1123 2375 217 38 deltagandet
1355 2374 11 29 i
1381 2374 96 29 dessa
1493 2373 126 29 skolors

116 2424 240 38 undervisning
376 2424 163 29 omfattar
559 2423 120 29 endast
698 2431 41 20 en
760 2421 123 37 ettårig
901 2421 163 37 lärokurs,
1085 2421 119 36 finnes,
1226 2422 86 27 även
1332 2428 54 20 om
1407 2418 122 30 sådant
1550 2418 68 29 ald-

116 2470 48 37 rig
184 2470 11 29 i
214 2468 255 39 lagstiftningen
489 2469 140 36 avsetts,
650 2467 77 37 inga
747 2466 151 29 formella
918 2465 120 29 hinder
1056 2465 52 30 för
1128 2466 52 28 att
1200 2464 175 38 lärjungen
1394 2463 12 29 i
1425 2464 51 28 ett
1497 2462 121 30 sådant

115 2515 59 29 fall
186 2523 42 20 av
241 2512 496 38 fortsättningsskolestyrelsen
750 2511 70 29 helt
832 2510 122 30 befrias
966 2509 76 30 från
1053 2508 430 38 fortsättningsskoleplikt.
1500 2507 118 38 Någon
