1892 2834
268 148 60 29 138
672 157 379 34 Jordbruksutskottets
1075 161 176 32 utlåtande
1272 164 48 29 Nr
1343 165 27 29 1.

272 236 45 30 da
342 237 255 38 framställning
623 257 43 3 —
691 241 236 32 innebärande
954 245 321 37 anslagsanvisning
1301 247 55 30 för
1383 248 197 32 ändamålet
1607 249 49 31 till
1684 250 91 30 oför-

272 286 122 30 ändrat
415 288 126 37 belopp
561 307 44 3 —
624 291 198 31 hemställer
843 294 174 36 utskottet,

624 377 48 27 att
703 375 183 36 riksdagen
917 378 57 30 må
1006 379 47 29 till
1086 379 194 31 Understöd
1309 382 34 29 åt
1370 382 405 38 jorddelningsväsendet

579 433 44 21 m.
646 434 59 21 m.:
727 425 126 38 Bidrag
874 428 49 29 till
946 428 242 40 utflyttnings-,
1211 431 306 38 väganläggnings-
1540 434 64 30 och
1627 434 148 37 odlings-

577 473 188 32 kostnader
791 478 10 28 i
827 479 253 37 sammanhang
1104 481 80 29 med
1210 481 129 37 skiften
1365 483 54 30 för
1445 482 201 37 budgetåret
1676 482 98 33 1939/

578 525 41 29 40
644 525 120 31 anvisa
789 530 46 27 ett
860 528 267 38 förslagsanslag
1153 541 43 20 av
1222 531 140 36 200,000
1388 533 139 30 kronor.

311 654 110 39 206:0)
457 656 199 33 Understöd
678 658 36 31 åt
733 660 410 38 jorddelningsväsendet
1163 675 47 22 m.
1231 675 60 21 m.:
1311 667 233 31 Bestridande
1564 669 11 29 i
1596 669 92 30 vissa
1708 670 63 30 fall

266 706 79 28 med
371 707 179 31 allmänna
576 710 112 30 medel
714 720 43 21 av
783 712 202 39 kostnader,
1011 715 168 31 förenade
1205 718 81 29 med
1311 718 138 30 inlösen
1474 728 42 21 av
1543 721 112 29 under
1680 723 91 34 nytt-

265 754 176 36 janderätt
461 757 159 37 upplåtet
638 760 157 39 område,
815 763 277 40 förslagsanslag.
1125 767 13 29 I
1158 768 149 35 enlighet
1326 770 78 29 med
1426 770 123 36 Kungl.
1571 770 117 37 Maj:ts
1708 781 61 20 un-

267 806 60 30 der
357 809 110 35 punkt
496 811 64 29 206
589 812 120 37 gjorda
740 803 257 53 framställning
1024 834 45 3 —
1097 819 236 31 innebärande
1363 821 322 37 anslagsanvisning
1715 823 57 29 för

267 856 195 33 ändamålet
483 859 51 31 till
556 861 203 32 oförändrat
780 864 126 37 belopp
925 883 45 3 —
988 867 198 31 hemställer
1207 865 175 45 utskottet,

618 949 48 28 att
703 947 184 37 riksdagen
925 949 57 31 må
1009 951 50 30 till
1088 951 194 31 Understöd
1308 953 34 30 åt
1367 954 403 37 jorddelningsväsendet

574 1006 44 20 m.
639 1007 59 20 m.:
719 998 225 32 Bestridande
965 1002 10 28 i
995 1002 89 29 vissa
1104 1002 62 36 fall
1185 1003 80 29 med
1286 1003 178 32 allmänna
1483 1005 112 31 medel
1615 1016 42 20 av
1677 1007 92 30 kost-

572 1046 117 39 nader,
710 1047 166 37 förenade
897 1050 78 29 med
997 1051 130 31 inlösen
1149 1062 42 20 av
1212 1053 110 30 under
1342 1055 251 38 nyttjanderätt
1614 1057 155 36 upplåtet

573 1097 139 30 område
738 1098 56 30 för
817 1099 200 36 budgetåret
1045 1098 142 34 1939/40
1213 1103 120 31 anvisa
1359 1108 45 27 ett
1430 1105 269 38 förslagsanslag
1725 1117 43 20 av

574 1148 137 34 175,000
734 1149 139 31 kronor.

304 1269 110 39 207:0)
449 1270 199 32 Understöd
666 1271 36 32 åt
719 1273 411 39 jorddelningsväsendet
1148 1288 45 21 m.
1212 1288 60 21 m.:
1290 1280 130 37 Bidrag
1438 1282 51 30 till
1509 1282 256 38 förrättningar

259 1319 106 36 enligt
381 1321 101 35 lagen
500 1330 60 21 om
578 1323 160 31 enskilda
756 1325 118 37 vägar,
893 1326 276 40 förslagsanslag.
1201 1330 14 29 I
1235 1331 150 36 enlighet
1403 1333 80 29 med
1502 1333 123 36 Kungl.
1645 1334 119 36 Maj:ts

260 1371 109 29 under
393 1372 111 36 punkt
528 1373 61 30 207
614 1373 122 37 gjorda
759 1375 256 39 framställning
1037 1396 44 4 —
1105 1379 235 33 innebärande
1363 1383 323 38 anslagsanvisning
1711 1385 55 30 för

259 1421 197 31 ändamålet
477 1423 51 30 till
551 1423 203 32 oförändrat
775 1426 125 37 belopp
920 1445 45 3 —
985 1429 197 31 hemställer
1203 1431 175 36 utskottet,

613 1511 48 27 att
690 1509 184 37 riksdagen
905 1511 56 31 må
992 1513 49 29 till
1074 1513 193 32 Understöd
1297 1516 34 30 åt
1360 1517 404 37 jorddelningsväsendet

569 1567 44 20 m.
644 1568 60 21 m.:
736 1559 127 37 Bidrag
893 1561 50 30 till
973 1562 248 38 förrättningar
1252 1566 104 36 enligt
1386 1567 99 36 lagen
1517 1578 57 20 om
1604 1569 158 31 enskilda

569 1609 103 35 vägar
701 1609 57 30 för
787 1611 200 35 budgetåret
1022 1610 140 34 1939/40
1193 1615 121 31 anvisa
1343 1619 46 28 ett
1419 1618 269 38 förslagsanslag
1719 1631 43 19 av

570 1659 115 35 15,000
708 1660 139 30 kronor.

298 1780 111 39 208:0)
450 1781 129 38 Bidrag
602 1783 51 31 till
675 1785 119 30 städer
818 1787 66 29 oeh
907 1787 92 31 vissa
1020 1790 111 30 andra
1155 1792 197 31 samhällen
1376 1793 56 30 för
1456 1796 237 34 upprättande
1716 1806 42 21 av

254 1829 330 40 fastighetsregister
602 1844 45 21 m.
664 1845 58 27 m.,
739 1836 278 40 förslagsanslag.
1037 1840 77 31 Med
1131 1841 241 37 tillstyrkande
1389 1854 42 20 av
1449 1845 100 30 bifall
1565 1846 50 30 till
1633 1847 124 36 Kungl.

253 1880 118 37 Maj:ts
395 1885 111 29 under
528 1887 111 34 punkt
663 1887 63 30 208
751 1888 123 36 gjorda
899 1889 256 40 framställning
1178 1912 44 3 —
1244 1894 236 32 innebärande
1505 1898 252 36 anslagsanvis-

253 1932 82 36 ning
359 1933 55 30 för
436 1935 199 32 ändamålet
658 1937 51 30 till
734 1938 204 32 oförändrat
962 1941 125 37 belopp
1113 1961 44 2 —
1178 1944 200 31 hemställer
1401 1943 175 45 utskottet,

606 2024 48 28 att
681 2022 185 37 riksdagen
896 2025 58 30 må
981 2026 51 29 till
1061 2027 124 37 Bidrag
1214 2028 50 30 till
1291 2030 114 29 städer
1434 2032 66 29 och
1528 2033 89 29 vissa
1646 2033 110 30 andra

561 2072 193 31 samhällen
782 2073 55 37 för
868 2077 230 34 upprättande
1129 2087 41 20 av
1199 2078 323 39 fastighetsregister
1552 2092 44 23 m.
1626 2093 44 20 m.
1701 2084 56 30 för

559 2122 201 36 budgetåret
790 2120 138 35 1939;40
954 2127 120 30 anvisa
1098 2131 46 27 ett
1167 2128 271 42 förslagsanslag
1462 2142 42 20 av
1535 2134 116 35 15,000
1677 2135 77 29 kro-

560 2182 71 21 nor.

293 2294 110 39 209:0)
449 2296 101 31 Vissa
579 2300 264 36 avstycknings-
871 2303 66 29 och
966 2305 596 42 mantalssättningsförrättningar,
1591 2310 161 38 förslags-

248 2345 128 37 anslag.
428 2348 12 28 I
468 2349 149 36 enlighet
644 2352 79 29 med
753 2352 122 37 Kungl.
903 2353 118 37 Maj:ts
1049 2356 110 30 under
1185 2358 112 35 punkt
1325 2359 62 30 209
1415 2360 122 36 gjorda
1565 2361 187 31 framställ-

248 2396 83 36 ning
361 2414 43 3 -—
434 2398 236 33 innebärande
703 2402 323 39 anslagsanvisning
1057 2406 56 30 för
1143 2407 199 32 ändamålet
1373 2410 51 29 till
1458 2410 204 32 oförändrat
1695 2413 56 30 be-

247 2447 81 36 lopp
346 2466 43 3 —
408 2448 200 32 hemställer
627 2453 175 36 utskottet,
