1896 2840
511 141 379 32 Jordbruksutskottets
914 139 177 32 utlåtande
1111 138 50 32 Nr
1182 139 28 30 1.
1556 130 59 31 151

152 227 112 41 228:0)
310 227 130 37 Bidrag
466 226 53 32 till
545 224 267 38 seismologiska
839 225 68 30 och
933 222 222 38 magnetiska
1181 222 226 36 iakttagelser
1433 220 13 31 i
1471 219 145 32 Abisko.

107 281 15 30 I
143 279 150 37 enlighet
308 279 80 30 med
408 277 123 37 Kungl.
552 276 120 37 Maj:ts
691 276 110 30 under
821 275 111 37 punkt
952 274 65 31 228
1038 272 122 39 gjorda
1180 270 257 38 framställning
1455 288 47 5 —
1521 271 94 30 inne-

107 330 156 32 bärande
289 327 324 38 anslagsanvisning
640 326 55 31 för
721 323 198 33 ändamålet
945 323 52 31 till
1024 323 206 31 oförändrat
1257 322 127 37 belopp
1412 324 90 28 samt
1528 328 88 29 upp-

109 381 147 32 förande
279 388 43 23 av
346 380 155 36 anslaget
525 376 115 33 såsom
664 376 205 31 obetecknat
893 375 120 38 anslag
1035 392 46 4 —
1105 373 199 30 hemställer
1328 372 176 36 utskottet,

463 467 49 27 att
534 463 185 36 riksdagen
739 461 58 32 må
817 461 51 31 till
889 460 127 38 Bidrag
1038 460 51 31 till
1110 458 261 38 seismologiska
1392 457 65 30 och
1478 464 139 29 magne-

419 515 90 31 tiska
532 513 219 38 iakttagelser
773 514 11 30 i
805 512 129 31 Abisko
957 511 56 31 för
1034 508 203 39 budgetåret
1261 505 143 35 1939/40
1428 507 120 32 anvisa
1571 509 47 28 ett

422 566 120 37 anslag
562 575 42 22 av
627 566 97 36 9,200
746 566 139 29 kronor.

711 762 56 40 M.
822 761 199 40 Diverse.

158 888 113 41 229:0)
314 888 205 37 Ersättning
546 887 54 31 till
627 888 133 30 statens
787 886 180 31 allmänna
995 883 289 38 fastighetsfond:
1313 878 308 45 Byggnadsstyrel-

113 949 82 23 sens
214 940 158 37 delfond,
392 939 279 38 förslagsanslag.
704 936 225 32 Beträffande
950 936 124 37 Kungl.
1096 934 119 38 Maj:ts
1234 933 257 38 framställning
1511 933 112 30 under

116 992 112 38 punkt
257 991 64 31 229
352 990 158 30 kommer
538 988 167 31 utskottet
734 990 49 29 att
813 986 186 31 framdeles
1028 985 112 30 under
1169 984 185 37 riksdagen
1384 983 123 36 avgiva
1536 980 87 33 utlå-

115 1044 115 36 tande,
257 1043 106 30 vilket
386 1042 167 31 utskottet
577 1040 202 37 härigenom
804 1039 90 32 velat
917 1038 56 31 för
996 1038 183 35 riksdagen

737 1123 150 31 anmäla.

162 1261 112 40 230:0)
320 1259 206 38 Ersättning
553 1259 54 31 till
633 1261 134 29 statens
794 1258 190 31 domäners
1012 1256 89 31 fond
1129 1256 56 31 för
1214 1253 170 39 upplåten
1412 1254 115 38 mark,
1554 1253 71 39 för-

117 1313 223 38 slagsanslag.
376 1312 227 31 Beträffande
624 1311 122 36 Kungl.
767 1309 119 37 Maj:ts
908 1307 258 38 framställning
1183 1307 111 31 under
1313 1307 113 36 punkt
1445 1306 63 30 230
1528 1306 97 29 kom-

118 1375 75 21 mer
229 1365 168 30 utskottet
433 1366 50 28 att
520 1362 188 31 framdeles
732 1361 112 30 under
868 1360 185 36 riksdagen
1079 1358 123 37 avgiva
1226 1357 188 36 utlåtande,
1441 1356 106 31 vilket
1572 1358 53 28 ut-

119 1417 127 30 skottet
268 1415 203 36 härigenom
493 1414 91 29 velat
607 1412 56 31 för
684 1412 183 36 riksdagen

740 1494 150 31 anmäla.

163 1632 113 39 231:0)
319 1631 130 37 Bidrag
474 1631 52 30 till
553 1629 286 32 internationella
864 1626 363 33 lantbruksinstitutet
1259 1626 5 31 i
1291 1626 101 37 Rom,
1418 1625 209 38 förslagsan-

120 1686 83 36 slag.
251 1683 80 32 Med
351 1682 242 37 tillstyrkande
614 1690 42 21 av
677 1680 99 31 bifall
796 1680 51 30 till
870 1679 123 37 Kungl.
1015 1677 120 38 Maj:ts
1155 1677 111 31 under
1288 1677 111 37 punkt
1421 1676 61 31 231
1506 1674 123 38 gjorda

122 1733 257 38 framställning
403 1750 45 4 —
474 1731 236 31 innebärande
736 1728 322 38 anslagsanvisning
1084 1727 56 31 för
1167 1726 198 32 ändamålet
1387 1725 51 31 till
1465 1724 163 32 oföränd-

121 1790 53 27 rat
200 1786 126 36 belopp
351 1802 44 4 —
421 1782 199 31 hemställer
645 1782 175 35 utskottet,

477 1869 49 28 att
548 1866 185 36 riksdagen
756 1864 57 32 må
835 1864 52 31 till
908 1863 128 37 Bidrag
1059 1863 51 30 till
1133 1861 277 32 internationella
1433 1860 197 31 lantbruks-

434 1919 169 29 institutet
638 1918 1 29 i
663 1917 85 30 Rom
775 1917 56 30 för
854 1914 203 37 budgetåret
1085 1908 139 43 1939/40
1250 1913 121 31 anvisa
1394 1915 47 28 ett
1467 1912 163 37 förslags-

433 1968 121 36 anslag
579 1975 43 22 av
651 1965 117 36 10,000
793 1965 139 30 kronor.

167 2112 112 39 232:0)
320 2111 130 37 Bidrag
473 2110 52 31 till
548 2108 286 33 internationella
858 2107 252 38 frysinstitutet
1139 2106 5 31 i
1168 2105 112 38 Paris,
1301 2104 279 39 förslagsanslag.
1615 2104 15 30 I

123 2164 151 37 enlighet
297 2163 79 30 med
401 2162 123 36 Kungl.
549 2159 119 38 Maj:ts
687 2159 109 31 under
820 2159 112 36 punkt
955 2158 63 30 232
1044 2156 122 38 gjorda
1190 2155 257 38 framställning
1468 2172 47 5 —
1537 2155 94 30 inne-

124 2215 154 31 bärande
297 2211 323 38 anslagsanvisning
639 2211 54 30 för
713 2209 197 31 ändamålet
929 2209 51 30 till
1000 2207 204 31 oförändrat
1225 2207 126 37 belopp
1370 2223 44 5 -—
1434 2203 198 32 hemställer

126 2266 175 34 utskottet,

481 2339 49 28 att
557 2336 184 34 riksdagen
769 2334 57 31 må
853 2333 50 31 till
930 2333 128 37 Bidrag
1085 2333 51 29 till
1159 2331 276 31 internationella
1462 2330 171 38 frysinsti-

437 2391 85 27 tutet
543 2388 11 30 i
574 2387 97 30 Paris
693 2386 53 30 för
767 2384 201 38 budgetåret
994 2379 139 42 1939/40
1155 2382 119 31 anvisa
1297 2385 46 27 ett
1365 2381 269 38 förslagsanslag

436 2449 41 20 av
506 2439 96 36 2,000
626 2439 138 29 kronor.
