1894 2838
519 157 379 33 Jordbruksutskottets
923 154 176 32 utlåtande
1120 154 48 30 Nr
1191 154 27 29 1.
1566 144 58 31 137

119 250 92 30 skott
232 248 51 31 till
306 246 258 36 försörjningen
587 244 57 30 vid
666 243 101 30 sidan
792 251 41 22 av
859 243 107 29 annat
990 238 286 34 förvärvsarbete,
1300 237 164 30 ävensom
1489 235 49 30 till
1564 234 61 30 bil-

120 292 114 30 dande
256 300 42 21 av
320 288 323 36 bostadsegnahem.
679 285 179 36 Därjämte
881 292 101 22 anser
1005 282 176 36 styrelsen,
1206 282 49 28 att
1277 279 120 35 bidrag
1420 278 65 29 bör
1507 277 119 29 kunna

120 333 82 37 utgå
219 333 51 30 till
289 331 219 35 förrättning,
529 338 74 21 som
621 330 109 29 avsett
746 325 267 37 komplettering
1031 333 42 21 av
1091 321 248 36 ofullständiga
1355 319 172 37 jordbruk
1546 318 81 30 eller

120 375 169 36 utökning
314 374 55 31 för
396 372 174 31 vinnande
594 380 42 21 av
661 370 109 30 större
795 366 335 35 ändamålsenlighet
1156 374 42 21 av
1223 362 314 36 bostadsegnahem
1561 360 66 30 och

121 417 238 38 nyssnämnda
381 415 115 32 såsom
518 414 77 31 stöd
616 413 34 30 åt
671 412 235 30 innehavaren
931 408 151 32 avsedda
1104 406 180 37 jordbruk.
1320 405 13 30 I
1357 404 99 36 fråga
1478 413 57 20 om
1558 402 68 31 för-

121 461 201 35 rättningar,
348 468 75 22 som
449 467 80 21 avse
552 455 179 31 bildandet
754 463 42 21 av
821 451 217 36 bärkraftiga
1060 449 171 37 jordbruk
1256 448 82 30 eller
1361 445 267 37 komplettering

122 514 42 21 av
191 501 249 37 ofullständiga
468 499 142 36 sådana,
637 497 146 31 innebär
808 495 174 35 förslaget,
1010 495 50 29 att
1086 491 121 36 bidrag
1234 491 121 30 endast
1380 488 59 31 må
1464 487 92 37 utgå,
1584 486 44 31 då

122 546 249 37 nybildningen
390 544 82 30 eller
489 540 311 38 kompletteringen
820 547 98 21 avser
935 535 171 38 jordbruk
1126 543 42 22 av
1187 534 65 30 den
1272 532 127 32 storlek
1418 534 50 28 att
1485 531 56 30 det
1558 530 70 30 kan

121 590 133 30 brukas
274 597 42 21 av
337 587 236 30 innehavaren
593 585 81 29 eller
696 584 88 29 hans
806 581 113 36 familj
942 583 86 27 utan
1050 577 176 32 anlitande
1250 586 41 21 av
1313 574 70 37 lejd
1406 567 221 47 arbetskraft.

123 632 74 30 Vad
219 630 108 37 angår
346 630 185 35 bidragens
555 627 127 31 storlek
706 624 190 31 innefattar
918 622 174 35 förslaget,
1115 623 49 27 att
1186 619 122 35 bidrag
1331 617 51 31 till
1406 617 42 30 de
1470 624 69 27 nya
1560 614 68 30 för-

124 674 201 35 rättningar,
342 672 51 30 till
409 671 94 30 vilka
521 669 124 31 sådant
660 667 60 31 må
735 666 156 36 beviljas,
908 665 100 31 skola
1023 663 82 36 utgå
1121 662 87 31 efter
1225 669 134 22 samma
1376 659 160 36 grunder,
1556 666 74 21 som

118 716 55 30 för
192 714 218 32 närvarande
430 713 105 37 gäller
555 712 10 29 i
584 709 98 37 fråga
702 719 58 20 om
779 708 122 36 bidrag
921 707 51 30 till
992 701 508 40 avstyckningsförrättningar.
1541 698 83 30 Där-

123 759 108 37 jämte
255 767 107 25 avses,
389 759 50 28 att
464 755 122 35 bidrag
612 753 88 31 skall
723 753 122 29 kunna
870 749 177 36 medgivas
1073 747 52 30 till
1150 756 42 21 av
1217 743 227 38 avstyckning
1468 740 163 37 betingad

125 799 322 37 sammanläggning
470 798 80 30 med
571 797 101 35 högst
696 795 56 30 det
774 794 136 35 belopp,
934 801 75 21 som
1032 790 45 37 på
1100 788 178 31 sökanden
1301 787 55 30 för
1378 783 253 36 sammanlägg-

125 845 126 35 ningen
272 843 141 35 belöper
433 850 43 21 av
495 839 188 31 kostnader
703 838 67 30 och
790 837 95 30 lösen
906 835 56 31 för
982 835 100 30 karta
1103 834 66 29 och
1189 830 232 36 beskrivning,
1444 829 125 35 utdrag
1590 836 41 22 av

124 886 214 37 jordeboken
360 885 66 30 och
449 882 231 38 jordregister,
705 877 328 39 äganderättsbevis,
1058 873 303 39 gravationsbevis,
1382 871 97 31 bevis
1503 880 56 20 om
1584 869 47 30 vi-

121 929 102 30 lande
250 926 125 36 lagfart
401 925 21 31 å
449 925 56 29 det
533 922 208 37 avstyckade
769 920 157 31 området
953 921 89 28 samt
1069 917 94 30 bevis
1187 915 176 37 angående
1391 912 237 31 förordnande

126 982 58 20 om
209 968 333 37 sammanläggning.
581 965 203 36 Ytterligare
808 964 65 29 har
898 961 167 37 styrelsen
1091 958 177 36 föreslagit
1292 967 42 21 en
1359 956 137 31 mindre
1520 954 112 36 jämk-

127 1015 82 35 ning
230 1014 11 29 i
262 1011 339 37 bidragsgrunderna
622 1008 39 31 så
681 1010 49 28 att
749 1007 123 35 bidrag
892 1006 87 29 även
1000 1004 71 30 kan
1092 1001 82 37 utgå
1194 1001 56 30 för
1272 1000 41 30 de
1334 999 72 35 fall,
1430 997 45 31 då
1495 997 138 30 förrätt-

123 1057 83 35 ning
226 1054 212 35 handlägges
460 1052 46 37 på
528 1051 56 29 det
606 1051 76 34 sätt,
705 1052 49 27 att
772 1049 56 29 det
851 1048 10 29 i
882 1044 320 39 upplåtelseavtalet
1226 1041 149 31 avsedda
1400 1038 156 32 området
1580 1038 48 30 bi-

127 1098 153 32 behålles
304 1096 115 32 såsom
444 1093 256 36 stamfastighet
723 1092 66 30 och
815 1088 228 38 avstyckning
1067 1087 9 30 i
1104 1086 112 31 stället
1239 1085 78 30 sker
1342 1093 42 21 av
1410 1083 68 30 den
1504 1091 41 21 av
1569 1080 64 31 säl-

128 1142 98 36 jaren
248 1139 162 31 behållna
434 1138 99 30 delen
556 1145 42 22 av
619 1134 229 36 fastigheten.

172 1213 389 40 Departementschefen
590 1212 64 29 har
686 1212 111 28 ansett
829 1205 383 38 lantmäteristyrelsens
1244 1200 229 32 förevarande
1506 1198 127 35 förslag

126 1267 148 30 rörande
297 1264 181 36 utvidning
502 1273 42 20 av
567 1260 266 37 möjligheterna
856 1261 49 27 att
926 1258 119 29 lämna
1068 1254 205 36 statsbidrag
1298 1252 50 30 till
1371 1250 92 31 vissa
1488 1248 144 31 lantmä-

127 1316 315 36 teriförrättningar
463 1315 84 29 böra
568 1311 231 38 genomföras,
821 1309 43 31 då
885 1309 194 30 detsamma
1100 1306 97 30 torde
1217 1305 47 30 bli
1286 1303 50 30 till
1358 1310 88 28 gagn
1467 1300 54 31 för
1542 1299 91 37 jord-

127 1368 125 30 bruket
273 1367 65 30 och
360 1362 464 40 egnahemsverksamheten.
870 1358 116 36 Enligt
1007 1357 68 31 vad
1098 1351 380 41 departementschefen
1502 1350 132 29 inhäm-

127 1422 51 27 tat
199 1418 185 35 övervägas
405 1416 96 30 inom
520 1413 404 38 justitiedepartementet
943 1408 132 31 sådana
1094 1404 237 36 förenklingar
1351 1404 11 29 i
1383 1401 252 35 sammanlägg-

129 1467 330 37 ningsförfarandet,
480 1468 49 27 att
547 1463 107 31 bland
673 1465 107 27 annat
800 1470 41 20 en
860 1460 54 30 del
935 1469 42 20 av
997 1459 42 29 de
1057 1456 217 35 handlingar,
1295 1455 50 29 till
1365 1453 111 30 vilkas
1497 1450 138 31 anskaf-

132 1519 105 30 fande
265 1517 104 36 enligt
397 1514 235 37 föreliggande
659 1513 130 34 förslag
818 1511 87 29 skall
934 1508 82 36 utgå
1044 1507 216 34 statsbidrag,
1291 1505 74 29 icke
1393 1504 119 34 längre
1540 1501 96 30 skola

131 1570 48 30 bli
207 1567 234 35 erforderliga.
493 1565 122 29 Därest
643 1564 100 29 dessa
772 1559 263 37 överväganden
1063 1557 110 30 skulle
1200 1556 76 30 leda
1304 1555 50 30 till
1383 1552 215 37 lagstiftning
1628 1551 8 28 i

132 1621 125 32 ämnet,
285 1618 107 34 torde,
422 1613 202 32 framhåller
652 1608 392 41 departementschefen,
1073 1607 107 30 därav
1208 1604 205 31 föranledda
1441 1601 196 38 jämkning-

132 1680 38 21 ar
195 1671 8 29 i
229 1667 229 32 förevarande
484 1665 128 35 förslag
637 1662 36 31 få
698 1662 156 35 vidtagas
880 1662 8 29 i
914 1659 171 31 samband
1111 1657 79 30 med
1214 1654 224 32 utfärdandet
1465 1662 42 21 av
1533 1651 104 30 erfor-

133 1719 129 36 derliga
284 1714 424 38 författningsändringar.

178 1824 93 34 Även
297 1827 165 30 utskottet
488 1825 113 29 finner
628 1820 384 37 lantmäteristyrelsens
1040 1818 129 35 förslag
1195 1815 147 31 rörande
1368 1812 204 36 utvidgning
1599 1820 40 20 av

133 1877 264 36 möjligheterna
421 1879 49 27 att
494 1876 117 28 lämna
636 1871 208 35 statsbidrag
869 1870 49 30 till
943 1869 90 29 vissa
1057 1864 447 35 lantmäteriförrättningar
1528 1862 112 30 välbe-

134 1929 98 29 tänkt
256 1928 65 29 och
346 1926 162 30 förordar
531 1925 76 28 dess
632 1920 282 38 genomförande.
962 1919 71 29 Mot
1058 1915 306 36 anslagsäskandet
1388 1915 64 28 har
1478 1912 163 30 utskottet

136 1979 82 30 intet
239 1980 49 27 att
309 1976 112 30 erinra
444 1975 65 30 och
530 1972 198 32 hemställer
749 1969 216 32 fördenskull
987 1969 9 29 i
1018 1967 149 35 enlighet
1187 1966 79 29 med
1288 1964 122 35 Kungl.
1433 1962 118 36 Maj:ts
1574 1961 66 29 för-

136 2029 81 38 slag,

492 2103 49 27 att
571 2098 183 35 riksdagen
785 2106 56 20 ma
872 2096 48 29 till
955 2092 192 32 Understöd
1178 2093 33 29 åt
1241 2087 401 40 jorddelningsväsendet

449 2161 42 19 m.
522 2159 59 20 m.:
610 2148 127 35 Bidrag
766 2146 49 30 till
844 2142 487 40 jorddelningsförrättningar
1361 2141 54 29 för
1442 2139 201 34 budgetåret

450 2196 141 33 1939/40
616 2197 118 31 anvisa
760 2200 44 26 ett
828 2193 270 39 förslagsanslag
1122 2202 41 20 av
1188 2191 140 31 300.000
1351 2190 140 29 kronor.

182 2353 111 37 205:0)
329 2350 200 30 Understöd
549 2347 34 31 åt
600 2344 412 39 jorddelningsväsendet
1032 2352 47 20 m.
1097 2351 59 20 m.:
1177 2341 127 35 Bidrag
1324 2340 51 29 till
1394 2337 252 37 ulflyttnings-,

138 2401 309 38 väganläggnings-
467 2401 67 28 och
555 2396 331 37 odlingskostnader
908 2395 11 29 i
940 2393 257 35 sammanhang
1217 2392 80 28 med
1319 2390 144 35 skiften,
1485 2388 160 37 förslags-

140 2454 129 36 anslag.
314 2453 76 29 Med
412 2450 240 38 tillstyrkande
674 2458 41 20 av
736 2447 97 30 bifall
856 2447 46 29 till
927 2445 121 34 Kungl.
1072 2442 117 36 Maj:ts
1210 2442 109 29 under
1341 2441 111 35 punkt
1473 2440 63 29 205
1558 2438 87 36 gjor-

1688 1814 127 25 Utskottet.
