1894 2794
485 134 314 31 Bankoutskottets
818 134 178 30 utiåtande
1014 144 42 21 nr
1073 136 19 28 6
1109 136 39 29 år
1168 135 83 29 1960
1600 136 18 30 3

285 218 225 36 (Nuvarande
529 217 148 41 lydelse)

117 302 69 30 fast
213 302 169 39 egendom
408 302 82 30 eller
517 303 169 29 tomträtt.
714 302 131 30 Härvid

117 345 89 30 skall
232 345 116 29 tillika
372 344 185 39 iakttagas,
585 346 49 28 att
660 344 67 30 den
753 344 93 30 fasta

117 387 215 39 egendomen
363 387 82 30 eller
476 387 68 29 den
575 386 80 30 med
685 387 161 29 tomträtt

118 429 170 39 upplåtna
303 431 133 28 tomten
452 430 38 29 är
506 429 143 39 belägen
664 428 97 30 inom
777 428 70 30 för-

117 472 169 39 eningens
343 471 397 34 verksamhetsområde,
797 473 50 27 <att

118 513 85 30 därå
221 513 118 30 finnes
356 513 153 40 uppförd
526 513 171 40 byggnad,
716 522 75 21 som
810 514 38 29 är

121 556 175 40 nöjaktigt
332 555 302 31 brandförsäkrad
669 555 66 30 och
773 565 74 21 som

119 598 282 40 huvudsakligen
418 600 38 28 är
472 598 130 30 avsedd
620 598 54 30 för
690 598 159 30 bostads-

119 641 164 30 ändamål
303 641 84 30 eller
405 641 52 30 till
478 640 257 35 affärslokaler,
758 642 90 28 samt

119 685 61 32 att,
200 683 45 30 då
264 683 100 40 fråga
383 683 38 30 är
439 692 56 21 om
514 683 60 30 lån
593 685 73 28 mot
686 683 162 30 säkerhet

120 734 42 21 av
177 726 205 39 inteckning
397 725 13 30 i
425 726 171 34 tomträtt,
613 725 149 31 kassans
780 726 68 38 sty-

120 768 87 30 relse
239 767 155 40 godkänt
424 767 57 30 det
513 767 104 34 avtal,
647 767 202 40 varigenom

121 811 205 29 tomträtten
341 810 179 40 upplåtits.

166 979 180 34 Säkerhet,
377 988 73 21 som
480 997 45 3 —
552 997 45 3 —
625 997 43 3 -—
696 978 53 30 till
781 978 69 30 för-

121 1021 160 40 eningen.

166 1064 67 29 För
253 1063 179 39 förenings
450 1081 45 4 —
512 1081 46 3 —
575 1082 45 4 —
637 1063 52 30 till
709 1063 141 30 kassan.

166 1105 74 30 Lån
258 1105 60 30 må
334 1123 44 4 —
393 1124 44 3 —
452 1124 45 3 —
514 1107 139 28 ettusen
671 1105 141 30 kronor.

167 1148 77 30 Alla
260 1148 53 30 till
328 1166 44 3 —
386 1166 43 3 —
442 1166 45 3 —
502 1147 53 30 till
572 1148 140 29 kassan.

440 1240 41 31 24
503 1240 28 38 8.

168 1299 207 40 Inteckning
410 1299 12 31 i
457 1299 71 31 fast
565 1299 168 40 egendom
770 1299 83 30 eller

124 1343 170 34 tomträtt,
337 1351 74 21 som
452 1343 104 39 utgör
597 1341 162 31 säkerhet
799 1341 55 31 för

125 1384 302 40 amorteringslån,
460 1384 90 30 skall
583 1384 81 39 lyda
695 1384 20 30 å
745 1384 109 31 minst

125 1426 57 30 det
197 1426 138 40 belopp,
350 1426 52 30 till
417 1426 108 30 vilket
540 1426 61 30 lån
615 1426 158 39 beviljas,
789 1426 66 29 och

126 1468 90 40 ligga
246 1468 97 30 inom
371 1468 136 30 hälften
537 1477 43 21 av
610 1468 56 30 det
696 1468 59 30 vid
786 1468 70 30 för-

125 1511 169 38 eningens
315 1510 185 40 värdering
522 1510 236 40 uppskattade
780 1511 76 29 vär-

126 1552 57 31 det
212 1552 21 31 å
261 1553 69 30 den
359 1552 92 31 fasta
479 1552 215 40 egendomen
723 1552 84 30 eller
836 1552 20 30 å

127 1594 171 40 byggnad,
330 1604 74 21 som
434 1594 165 40 uppförts
629 1594 20 31 å
679 1594 67 30 den
776 1594 81 30 med

127 1638 160 29 tomträtt
303 1637 170 40 upplåtna
488 1639 145 28 tomten.
651 1637 206 39 Inteckning

128 1679 88 30 skall
239 1679 133 40 jämväl
394 1689 84 21 vara
500 1679 145 40 belägen
667 1679 96 30 inom
787 1679 70 40 gäl-

130 1722 104 30 lande
291 1721 443 40 brandförsäkringsvärde
794 1722 63 29 och

128 1764 136 30 hälften
290 1774 43 21 av
357 1764 57 31 det
438 1764 117 35 värde,
582 1773 74 21 som
681 1764 58 30 vid
764 1766 93 28 taxe-

128 1806 77 39 ring
264 1806 108 40 enligt
430 1806 427 40 kommunalskattelagen

128 1849 110 30 åsatts
280 1848 242 40 nyssnämnda
563 1848 169 39 egendom
775 1848 83 30 eller

128 1891 176 39 byggnad;
333 1891 88 29 dock
447 1890 68 37 må,
541 1890 12 30 i
578 1890 67 30 den
670 1890 83 30 mån
779 1891 79 29 kas-

130 1942 81 20 sans
244 1932 145 39 styrelse
420 1933 56 29 det
507 1932 186 40 medgiver,
725 1932 133 30 inteck-

129 1974 84 40 ning
233 1974 124 30 kunna
376 1974 91 40 ligga
486 1974 98 30 inom
607 1983 58 21 sex
684 1974 174 30 tiondelar

130 2026 41 20 av
215 2016 398 40 uppskattningsvärdet
657 2016 65 30 och
765 2019 94 27 taxe-

129 2059 230 39 ringsvärdet.

175 2185 74 29 Vad
287 2184 148 30 sålunda
470 2203 45 3 —
550 2203 45 2 —
630 2203 43 3 —
708 2184 152 30 hållbart

131 2227 294 38 byggnadsämne.

176 2269 74 29 Den
270 2268 110 38 årliga
396 2288 43 2 —
455 2287 44 3 —
516 2286 45 3 —
578 2267 150 31 hållbart
748 2270 111 28 ämne.

1055 218 226 39 (Föreslagen
1301 218 146 40 lydelse)

887 301 70 31 fast
983 302 169 39 egendom
1179 302 83 30 eller
1289 303 168 29 tomträtt.
1485 302 131 31 Härvid

888 345 88 29 skall
1003 344 115 30 tillika
1142 344 185 39 iakttagas,
1355 346 49 28 att
1430 344 68 30 den
1524 345 93 30 fasta

887 386 215 39 egendomen
1133 387 83 29 eller
1248 386 67 30 den
1346 387 79 29 med
1456 388 161 29 tomträtt

888 428 171 40 upplåtna
1074 431 133 27 tomten
1224 430 38 29 är
1277 428 142 40 belägen
1434 429 97 30 inom
1548 429 69 30 för-

888 471 168 39 eningens
1112 471 398 34 verksamhetsområde,
1541 467 9 48 <
1568 473 49 28 att

889 513 84 30 därå
991 513 117 30 finnes
1126 513 154 40 uppförd
1296 513 171 40 byggnad,
1486 523 75 22 som
1580 516 38 28 är

889 555 176 40 nöjaktigt
1101 555 301 31 brandförsäkrad
1439 556 66 29 och
1543 565 75 21 som

889 597 281 40 huvudsakligen
1187 599 39 28 är
1243 598 129 30 avsedd
1388 597 55 31 för
1459 598 160 30 bostads-

890 640 163 30 ändamål
1074 640 84 30 eller
1177 640 51 30 till
1249 639 258 35 affärslokaler,
1528 643 90 28 samt

890 684 61 32 att,
977 682 45 30 då
1048 681 99 41 fråga
1173 683 38 29 är
1236 691 58 20 om
1319 682 58 30 lån
1402 684 73 28 mot
1503 683 116 29 säker-

890 724 58 30 het
968 734 42 20 av
1028 724 204 40 inteckning
1250 724 12 30 i
1280 725 169 36 tomträtt,
1469 725 150 29 kassans

891 767 145 38 styrelse
1053 767 154 39 godkänt
1224 767 57 30 det
1299 766 101 35 avtal,
1417 766 203 40 varigenom

890 810 206 29 tomträtten
1119 808 181 40 upplåtits.
1321 809 17 30 I
1358 808 99 41 fråga
1481 818 56 20 om
1563 809 57 30 lån

893 851 51 30 till
959 851 171 30 kommun
1145 851 58 30 må
1219 851 11 30 i
1244 851 67 30 den
1327 850 214 41 omfattning
1555 851 64 30 och

890 894 45 38 på
963 893 40 30 de
1034 893 125 30 villkor
1185 894 195 38 Konungen
1410 893 211 31 bestämmer

894 936 122 29 kravet
1032 936 45 40 på
1095 935 312 40 brandförsäkring
1425 935 197 40 eftergivas.

937 979 178 34 Säkerhet,
1147 987 75 22 som
1250 997 46 4 —
1323 997 45 4 —
1394 996 46 4 =—
1467 978 54 30 till
1552 978 68 31 för-

892 1021 160 39 eningen.

936 1064 68 29 För
1022 1062 180 40 förenings
1218 1081 45 3 —
1277 1081 46 3 —
1336 1077 45 8 —
1397 1062 52 31 till
1468 1063 141 30 kassan.

936 1105 75 30 Lån
1032 1105 59 30 må
1109 1123 45 3 —
1172 1123 45 3 —
1234 1123 46 4 —
1299 1107 137 28 ettusen
1457 1105 142 30 kronor.

937 1147 78 30 Alla
1034 1147 52 30 till
1104 1166 45 3 —
1165 1165 44 3 —
1225 1165 45 4 —
1287 1147 53 30 till
1358 1147 141 30 kassan.

1213 1240 41 31 24
1277 1239 28 38 8.

940 1298 208 40 Inteckning
1182 1298 12 30 i
1230 1298 71 31 fast
1336 1298 169 41 egendom
1542 1298 83 31 eller

895 1342 171 33 tomträtt,
1108 1350 75 21 som
1223 1341 102 40 utgör
1365 1341 163 30 säkerhet
1570 1340 55 31 för

896 1383 302 39 amorteringslån,
1232 1383 89 30 skall
1352 1383 81 39 lyda
1465 1382 21 31 å
1516 1383 109 30 minst

896 1425 57 30 det
968 1425 137 40 belopp,
1121 1425 52 30 till
1189 1425 107 30 vilket
1312 1425 58 30 lån
1385 1424 159 40 beviljas,
1560 1424 65 30 och

895 1467 93 39 ligga
1016 1467 97 30 inom
1143 1467 136 30 hälften
1310 1476 42 21 av
1381 1466 57 31 det
1467 1467 59 29 vid
1556 1466 70 30 för-

896 1509 168 39 eningens
1086 1509 185 40 värdering
1293 1508 236 40 uppskattade
1550 1510 76 29 vär-

897 1551 57 31 det
983 1551 21 31 å
1033 1552 67 30 den
1129 1551 94 30 fasta
1251 1551 214 39 egendomen
1494 1551 83 30 eller
1606 1551 21 30 å

897 1593 171 40 byggnad,
1100 1603 75 21 som
1205 1593 165 40 uppförts
1399 1593 20 30 å
1448 1593 68 30 den
1546 1593 81 30 med

898 1637 160 29 tomträtt
1098 1635 171 40 upplåtna
1308 1637 144 29 tomten.
1493 1635 134 30 Inteck-

898 1678 84 40 ning
1003 1678 89 30 skall
1112 1678 131 40 jämväl
1263 1687 84 21 vara
1366 1677 144 40 belägen
1530 1677 96 30 inom

898 1720 161 40 gällande
1086 1719 452 41 brandförsäkringsvärde,
1565 1719 63 30 där

899 1763 35 39 ej
969 1763 108 39 enligt
1115 1762 66 31 vad
1206 1762 12 30 i
1242 1763 42 29 23
1309 1762 21 37 $
1354 1762 111 40 första
1491 1762 137 39 stycket

898 1805 142 38 stadgas
1079 1805 122 29 kravet
1239 1804 46 40 på
1315 1804 313 39 brandförsäkring

902 1846 202 40 eftergivits,
1126 1849 92 27 samt
1239 1847 94 29 inom
1355 1846 137 30 hälften
1511 1855 44 21 av
1574 1845 57 30 det

901 1889 115 35 värde,
1042 1898 76 21 som
1140 1889 59 29 vid
1221 1889 160 39 taxering
1400 1889 110 38 enligt
1534 1888 97 29 kom-

903 1932 342 38 munalskattelagen
1263 1931 109 30 åsatts
1391 1930 241 40 nyssnämnda

902 1974 171 39 egendom
1095 1973 85 30 eller
1203 1973 178 40 byggnad;
1409 1973 91 30 dock
1525 1973 67 35 må,
1620 1973 11 28 i

902 2016 69 30 den
990 2017 84 29 mån
1091 2016 149 30 kassans
1258 2016 146 39 styrelse
1424 2015 58 31 det
1503 2015 129 40 medgi-

903 2068 68 26 ver,
989 2059 204 39 inteckning
1210 2059 123 29 kunna
1350 2059 90 39 ligga
1456 2058 100 29 inom
1574 2067 57 21 sex

904 2101 173 30 tiondelar
1094 2111 42 20 av
1154 2100 396 41 uppskattningsvärdet
1568 2100 64 30 och

902 2143 309 39 taxeringsvärdet.

946 2186 75 29 Vad
1060 2185 148 30 sålunda
1243 2203 44 4 —
1320 2203 44 3 —
1399 2204 44 3 —
1479 2184 151 30 hållbart

902 2227 294 39 byggnadsämne.

947 2270 75 28 Den
1049 2269 108 38 årliga
1181 2287 44 2 —
1248 2287 44 2 —
1315 2287 43 2 —
1383 2268 152 29 hållbart
1561 2269 71 28 äm-

904 2320 52 20 ne.

180 2401 121 30 Denna
326 2401 204 39 förordning
555 2400 115 30 träder
692 2401 10 29 i
725 2401 96 29 kraft
840 2400 113 40 dagen
975 2401 89 30 efter
1088 2401 76 34 den,
1187 2401 44 30 då
1253 2400 250 40 förordningen
1526 2400 106 40 enligt

137 2443 84 29 därå
239 2442 183 31 meddelad
442 2443 138 40 uppgift
599 2443 189 30 utkommit
806 2443 80 30 från
904 2444 135 39 trycket
1058 2444 11 29 i
1088 2443 131 31 Svensk
1241 2443 390 39 författningssamling.
