1912 2862
275 176 121 32 Första
422 176 203 31 kammarens
650 174 126 32 första
802 172 169 44 tillfälliga
995 173 133 32 utskotts
1151 171 165 33 utlåtande
1343 171 50 30 Nr
1417 171 54 32 12.
1604 170 15 29 1

800 379 64 38 Nr
887 378 61 39 12,

698 487 116 26 Ankom
833 487 43 27 till
895 487 173 32 riksdagens
1087 486 97 26 kansli
1205 484 54 27 den
1277 484 16 26 5
1312 485 58 32 maj
1391 483 66 26 1931
1476 483 38 27 kl.
1534 482 32 26 12
1585 490 35 17 m.

264 571 134 32 Första
418 570 228 33 kammarens
676 568 172 42 första
880 567 183 43 tillfälliga
1083 566 156 34 utskotts
1260 564 193 42 utlåtande,
1473 574 46 22 nr
1540 563 49 41 12,
1609 565 13 31 i

442 623 194 42 anledning
657 633 42 23 av
719 622 106 34 väckt
843 625 135 30 motion
998 620 184 43 angående
1204 631 43 22 en
1265 618 203 44 förbättrad
1490 617 133 33 arbets-

440 674 226 45 förmedling.

170 794 15 29 I
208 804 40 20 en
270 795 89 29 inom
380 794 103 29 andra
505 794 188 29 kammaren
715 793 96 29 väckt
833 792 60 30 och
914 792 48 29 till
985 792 74 29 dess
1081 791 107 37 fjärde
1211 790 168 37 tillfälliga
1400 789 125 30 utskott
1545 788 79 29 hän-

131 848 92 30 visad
247 849 132 34 motion,
403 857 41 20 nr
468 847 67 34 143,
559 847 62 29 har
645 847 76 30 herr
747 845 139 37 Mogård
911 855 39 20 m.
975 844 45 38 fl.,
1045 845 104 29 under
1173 844 201 36 hänvisning
1397 843 49 30 till
1470 842 61 30 vad
1555 851 70 20 som

131 901 129 30 anförts
283 903 11 28 i
318 901 61 30 den
402 910 41 21 av
465 910 124 20 samma
611 901 198 29 motionärer
834 900 116 29 väckta
972 900 163 29 motionen
1159 898 49 30 II:
1235 897 58 30 140
1318 906 51 21 om
1392 896 177 30 understöd
1593 895 32 29 åt

131 956 105 29 elever
258 955 53 30 vid
333 956 90 29 vissa
445 955 114 29 skolor
580 954 53 29 för
654 954 340 37 yrkesundervisning
1016 962 39 20 m.
1079 962 49 24 m.,
1151 951 174 36 hemställt,
1347 953 46 27 att
1415 950 176 37 riksdagen
1614 950 11 28 i

131 1009 161 30 skrivelse
315 1009 49 29 till
388 1008 121 37 Kungl.
535 1007 99 38 Maj:t
657 1007 75 30 ville
755 1007 135 30 anhålla
913 1016 50 20 om
986 1006 175 37 utredning
1185 1005 168 37 angående
1375 1004 250 37 möjligheterna

133 1063 48 29 till
203 1062 184 30 förbättrad
408 1061 306 37 arbetsförmedling
736 1060 52 30 för
811 1060 142 37 ungdom
976 1063 76 26 över
1074 1060 38 29 18
1133 1059 38 29 år
1194 1059 60 30 och
1277 1059 19 29 å
1318 1060 96 32 orter,
1436 1059 108 28 varest
1565 1057 60 29 den

132 1116 174 37 offentliga
326 1115 347 37 arbetsförmedlingen
695 1117 89 27 ännu
804 1115 72 29 icke
894 1114 68 29 nått
983 1113 135 30 effektiv
1137 1113 236 36 organisation.

172 1170 13 28 I
208 1169 159 30 avseende
387 1169 19 29 å
426 1170 234 35 motiveringen
679 1168 53 29 får
754 1168 154 29 utskottet
929 1167 138 29 hänvisa
1088 1166 48 30 till
1157 1168 172 27 motionen.

172 1277 116 29 Andra
307 1278 207 28 kammarens
534 1277 123 29 utskott
676 1276 62 29 har
757 1277 10 27 i
788 1277 126 35 avgivet
933 1275 175 35 utlåtande,
1128 1284 40 19 nr
1187 1274 27 34 3,
1236 1273 111 30 anfört
1364 1272 161 37 följande:

172 1331 189 30 ”Motionen
376 1331 48 29 II:
436 1330 58 30 140
509 1331 106 36 avsåg
631 1330 70 29 dels
715 1330 142 37 höjning
872 1338 42 21 av
929 1329 154 37 anslaget
1098 1329 53 30 till
1166 1328 187 37 stipendier
1367 1328 34 29 åt
1417 1326 207 30 obemedlade

133 1385 61 30 och
215 1385 128 30 mindre
364 1384 185 30 bemedlade
571 1384 104 29 elever
696 1384 53 29 vid
772 1383 211 30 kommunala
1005 1383 61 29 och
1087 1383 151 30 enskilda
1261 1382 157 29 anstalter
1439 1381 53 30 för
1514 1381 113 37 yrkes-

134 1438 239 37 undervisning
392 1441 154 26 ävensom
564 1438 139 36 höjning
722 1447 41 19 av
782 1436 281 37 maximibeloppet
1082 1445 40 20 av
1141 1436 113 37 dylika
1274 1435 185 37 stipendier,
1479 1434 68 30 dels
1568 1434 59 29 ock

134 1492 177 37 utredning
337 1491 207 30 beträffande
570 1491 134 29 behovet
732 1490 60 30 och
818 1490 251 37 möjligheterna
1095 1498 41 21 av
1161 1498 40 20 en
1229 1489 194 36 utvidgning
1450 1497 41 20 av
1515 1488 113 37 yrkes-

134 1544 420 38 utbildningsanstalterna,
580 1544 112 29 varvid
716 1544 132 37 hänsyn
873 1543 136 29 särskilt
1034 1542 99 30 borde
1156 1546 96 33 tagas
1277 1542 49 29 till
1350 1541 279 37 förefintligheten

137 1608 40 21 av
197 1597 432 39 ungdomsarbetslösheten.

179 1651 167 30 Motionen
367 1651 221 30 behandlades
610 1660 39 20 av
670 1651 239 29 statsutskottet
929 1652 11 27 i
962 1650 73 29 dess
1056 1649 168 30 utlåtande
1245 1659 40 19 nr
1306 1649 18 29 8
1346 1648 167 37 angående
1533 1648 97 37 utgif-

136 1708 93 27 terna
265 1705 54 30 för
356 1705 191 37 budgetåret
572 1704 198 30 1931—1932
798 1704 105 29 under
929 1704 196 29 riksstatens
1152 1703 130 30 åttonde
1310 1702 190 36 huvudtitel,
1527 1701 104 38 punkt

136 1758 68 30 265.
240 1758 214 31 Beträffande
479 1758 357 38 utredningsyrkandet
860 1757 154 30 framhöll
1040 1757 113 29 därvid
1177 1757 166 34 utskottet,
1370 1758 44 27 att
1438 1755 194 30 beredandet

139 1821 39 20 av
198 1814 106 28 större
324 1812 206 37 möjligheter
552 1812 48 29 till
620 1811 288 38 yrkesutbildning
928 1811 54 29 för
1003 1812 88 28 visso
1113 1820 78 20 vore
1210 1819 40 21 en
1271 1810 212 37 synnerligen
1504 1809 128 37 behjär-

138 1866 156 29 tansvärd
317 1865 245 37 angelägenhet.
597 1865 74 29 Men
693 1865 156 29 utskottet
873 1865 168 37 avstyrkte
1063 1864 82 30 dock
1169 1864 61 29 den
1254 1863 190 37 föreslagna
1467 1862 165 30 utrednin-

137 1929 72 27 gen,
237 1922 81 27 enär
344 1919 51 30 det
420 1919 114 36 ansåg,
560 1920 46 28 att
629 1918 263 37 igångsättandet
919 1927 40 20 av
983 1927 40 20 en
1049 1917 175 37 utredning
1251 1918 10 28 i
1287 1917 133 36 vanliga
1445 1916 122 30 former
1593 1924 39 21 av

137 1972 121 37 frågan
284 1972 92 29 torde
401 1973 71 28 visa
498 1972 52 36 sig
575 1971 125 30 mindre
724 1971 177 34 fruktbart,
928 1973 42 27 än
996 1980 51 20 om
1071 1980 74 20 man
1171 1970 151 29 lämnade
1348 1971 93 35 öppet
1467 1969 33 29 åt
1525 1969 107 29 veder-

138 2025 145 30 börande
306 2025 243 37 myndigheters
573 2025 59 29 och
655 2024 151 30 enskilda
828 2024 354 36 sammanslutningars
1205 2023 198 29 strävanden
1426 2023 41 36 på
1491 2022 142 30 området

140 2079 109 37 ifråga
271 2081 47 27 att
338 2078 81 30 efter
440 2078 150 37 förmåga
612 2078 69 29 fritt
701 2081 82 34 göra
804 2078 51 37 sig
875 2077 161 37 gällande.

180 2132 14 29 I
221 2142 41 20 en
286 2132 49 30 till
359 2131 325 31 utskottsutlåtandet
708 2131 109 37 fogad,
843 2131 53 29 vid
921 2131 106 29 denna
1052 2131 104 37 punkt
1181 2132 138 35 avgiven
1345 2131 201 28 reservation
1573 2129 59 30 till-

138 2186 147 36 styrktes
313 2185 176 30 emellertid
518 2185 160 30 skrivelse
703 2185 49 29 till
780 2184 121 38 Kungl.
931 2184 99 37 Maj:t
1056 2184 70 30 med
1155 2184 158 29 anhållan
1342 2193 50 19 om
1420 2183 174 36 utredning
1623 2184 10 27 i

139 2238 121 37 frågan
282 2239 104 29 under
407 2238 241 29 framhållande
670 2248 40 19 av
732 2240 45 27 att
800 2238 60 29 den
883 2238 144 29 rådande
1051 2237 257 30 arbetslösheten
1330 2236 98 30 bland
1450 2236 183 37 ungdomen

141 2291 101 30 måste
268 2291 167 30 betraktas
462 2291 109 29 såsom
597 2300 39 20 en
662 2291 153 37 allvarlig
841 2291 244 33 samhällsfara,
1112 2299 75 20 vars
1213 2290 303 36 skadeverkningar
1541 2291 93 27 stats-

142 2344 171 30 makterna
331 2344 83 30 hade
434 2344 44 29 all
498 2344 176 36 anledning
693 2346 45 27 att
756 2344 83 29 söka
859 2343 69 29 med
948 2343 155 37 lämpliga
1122 2343 101 29 medel
1243 2343 136 36 avvärja
1398 2342 79 30 eller
1495 2342 138 29 minska.

142 2398 53 29 Ett
213 2397 118 29 sådant
347 2398 101 28 medel
466 2397 150 37 utgjorde
634 2397 221 36 otvivelaktigt
873 2396 194 29 beredandet
1085 2397 9 28 i
1113 2398 122 27 största
1253 2396 135 36 möjliga
1407 2395 228 36 utsträckning
1650 2410 3 5 -:

140 2450 34 30 åt
210 2450 106 29 denna
351 2450 143 37 ungdom
519 2452 80 27 utan
624 2450 305 37 yrkesanställning
955 2459 40 19 av
1022 2449 103 29 ökade
1150 2449 206 36 möjligheter
1382 2448 47 30 till
1458 2448 177 29 förkovran

144 2505 86 28 inom
256 2504 136 37 yrkena.
428 2503 113 30 Under
567 2503 190 30 nuvarande
783 2502 231 30 förhållanden
1040 2504 112 35 syntes
1179 2503 9 28 i
1215 2502 65 36 hög
1305 2502 81 36 grad
1412 2502 153 36 påkallat,
1593 2503 43 27 att

178 2575 116 33 Bihang
316 2575 42 26 till
380 2575 172 32 riksdagens
576 2574 142 33 protokoll
742 2574 74 26 1931.
852 2574 30 25 12
905 2573 79 27 saml.
1019 2574 10 24 1
1052 2574 59 26 avd.
1144 2574 15 25 8
1183 2573 69 33 häft.
1278 2573 58 32 (Nr
1363 2573 52 31 12.)

1679 783 149 27 Motionen.

1672 1265 171 33 Riksdagens

1672 1301 86 26 beslut
1776 1304 63 23 över

1688 1337 136 26 motionen

1695 1373 44 26 II:
1750 1374 63 25 140.
