1906 2818
574 165 290 34 Statsutskottets
879 165 182 35 utlåtande
1075 178 41 21 nr
1129 168 33 31 8.
1554 169 62 29 119

124 247 85 30 även
231 243 106 34 under
360 243 198 40 budgetåret
582 243 153 41 1945/46
759 243 62 33 och
843 248 53 29 att
917 243 52 34 för
990 244 195 35 ändamålet
1206 245 108 33 måtte
1336 244 131 34 anvisas
1489 256 128 22 samma

127 289 118 42 anslag
267 301 74 21 som
362 289 54 33 för
437 288 238 34 innevarande
696 288 172 42 budgetår
888 289 82 33 eller
990 291 44 31 23
1047 292 68 30 000
1135 290 136 33 kronor.

169 342 250 34 Statskontoret
437 342 59 33 har
513 342 208 34 beträffande
737 342 41 34 de
796 343 135 33 kortare
948 343 157 33 kurserna
1124 342 110 35 anfört
1251 343 156 42 följande:
1427 343 189 34 Kostnads-

125 387 267 39 beräkningarna
407 387 49 33 för
473 387 41 34 de
530 387 130 33 mindre
677 387 160 33 kurserna
855 388 81 40 utgå
954 388 11 33 i
982 387 144 41 enlighet
1144 387 76 34 med
1239 387 376 41 sexualundervisnings-

126 431 223 41 sakkunnigas
375 431 121 42 förslag
521 431 71 34 från
618 436 51 29 ett
695 431 336 42 föreläsningsarvode
1057 444 42 21 av
1126 437 42 30 60
1193 432 123 33 kronor
1340 445 62 31 per
1426 432 116 34 timme
1568 433 49 33 för

127 476 114 34 läkare
256 477 63 33 och
336 480 43 30 40
394 477 124 33 kronor
534 476 51 34 för
600 478 118 33 lärare.
735 477 17 33 I
770 477 181 42 anledning
967 478 107 33 härav
1091 477 52 34 får
1160 478 244 34 statskontoret
1420 478 123 39 erinra,
1561 482 53 29 att

125 521 91 33 såväl
241 521 166 34 allmänna
432 521 243 34 lönenämnden
701 534 71 21 som
797 521 244 35 statskontoret
1065 521 11 34 i
1100 522 174 34 utlåtande
1299 525 80 31 över
1404 522 42 34 de
1471 522 145 34 sakkun-

124 565 91 41 nigas
241 565 120 43 förslag
385 565 103 35 funno
514 566 148 33 nämnda
688 566 147 33 arvoden
862 566 112 34 alltför
1000 566 86 42 höga
1116 567 48 42 (se
1190 566 205 43 proposition
1424 570 100 31 1944:
1539 570 77 36 207,

128 624 24 21 s.
172 614 63 30 119
254 611 66 42 ff.).
339 612 57 32 Då
412 611 341 34 kursverksamheten
771 612 106 41 pågår
894 612 228 33 innevarande
1141 612 169 42 budgetår
1328 612 62 33 och
1409 611 204 34 föreläsarna

125 654 166 34 härunder
307 655 122 33 erhålla
446 654 188 36 erfarenhet
651 655 60 34 och
728 667 87 21 vana
833 660 52 29 att
902 656 157 33 utarbeta
1076 655 238 42 föreläsningar
1331 655 61 34 och
1409 656 206 33 demonstra-

124 699 106 33 tioner
249 699 61 34 och
328 700 91 43 förty
439 699 134 35 arbetet
591 700 136 33 härmed
746 700 158 41 minskas,
923 712 99 31 synas
1042 700 149 34 arvoden
1210 700 124 42 jämväl
1353 700 104 34 under
1474 700 142 41 budget-

124 744 70 34 året
219 744 154 44 1945/46
398 757 42 20 av
462 745 113 33 denna
598 744 279 41 storleksordning
899 747 43 31 än
965 745 129 34 mindre
1115 745 217 34 motiverade.
1355 743 262 36 Ämbetsverket

124 788 162 34 vidhåller
306 789 50 33 för
376 789 63 33 den
460 789 84 34 skull
566 789 50 33 sin
636 789 139 41 tidigare
796 788 152 35 uttalade
968 789 145 42 mening,
1134 793 53 31 att
1207 789 139 35 arvodet
1365 789 60 33 bör
1445 789 171 33 nedsättas

124 833 51 33 till
192 833 186 42 förslagsvis
400 837 63 31 100
483 834 122 33 kronor
623 834 50 33 för
691 834 79 33 kurs
790 833 50 35 till
860 834 139 33 läkarna
1018 834 61 34 och
1098 838 43 30 50
1160 834 121 33 kronor
1299 833 49 34 till
1367 834 142 34 lärarna.
1529 834 86 33 Här-

124 879 137 42 igenom
281 880 139 33 komme
441 879 230 35 statsverkets
691 880 192 33 kostnader
904 884 53 30 att
977 880 212 41 nedbringas
1209 880 79 33 med
1309 882 19 30 3
1342 882 65 31 600
1428 878 141 34 kronor.

170 959 207 34 Kurser
412 959 10 33 i
490 959 318 42 skolhygien.
843 959 341 42 Skolöverstyrelsen
1200 958 63 34 har
1279 957 193 41 hemställt,
1490 961 56 30 att
1562 956 53 33 för

124 1007 100 30 nästa
239 1004 171 42 budgetår
424 1003 125 34 liksom
562 1004 53 33 för
629 1004 237 34 innevarande
881 1003 171 42 budgetår
1066 1005 113 33 måtte
1195 1003 138 34 anvisas
1349 1005 43 31 10
1403 1005 68 33 000
1487 1003 128 33 kronor

124 1048 52 34 till
195 1061 43 21 en
257 1048 333 42 fortbildningskurs
609 1048 11 33 i
641 1048 202 42 skolhygien
862 1048 54 34 för
935 1048 120 34 lärare.
1075 1047 186 42 Därjämte
1279 1047 64 34 har
1361 1046 254 43 överstyrelsen

124 1093 190 39 hemställt,
338 1098 55 29 att
418 1093 54 33 för
495 1096 104 30 nästa
624 1093 173 41 budgetår
820 1093 112 34 måtte
959 1093 139 33 anvisas
1124 1092 71 34 dels
1220 1094 100 32 5000
1344 1092 126 33 kronor
1495 1092 52 33 till
1572 1102 42 21 en

124 1138 83 33 kurs
227 1138 10 33 i
257 1137 204 42 skolhygien
480 1137 54 34 för
552 1137 130 40 läkare,
701 1137 72 34 dels
792 1137 65 33 ock
875 1139 22 31 6
909 1139 67 31 000
996 1137 129 33 kronor
1143 1136 51 33 till
1214 1149 43 21 en
1275 1136 84 34 kurs
1378 1136 10 33 i
1408 1135 206 43 skolhygien

123 1182 54 33 för
198 1182 285 34 skolsköterskor.

169 1262 398 42 Departementschefen
587 1262 64 34 har
673 1262 53 33 för
746 1273 84 31 egen
852 1262 53 33 del
927 1261 117 36 anfört
1066 1261 165 42 följande.

168 1332 156 34 Behovet
339 1345 42 21 av
396 1332 350 42 fortbildningskurser
761 1332 10 33 i
786 1331 349 43 sexualundervisning
1149 1332 61 34 och
1227 1331 234 44 sexualhygien
1476 1335 37 30 är
1526 1334 90 30 ännu

124 1377 70 33 icke
217 1376 88 44 fyllt.
331 1378 63 41 Jag
419 1377 148 33 ansluter
591 1377 70 41 mig
686 1376 112 34 därför
821 1376 50 33 till
896 1376 333 43 skolöverstyrelsens
1254 1375 119 42 förslag
1398 1388 56 23 om
1477 1375 140 34 fortsatt

123 1421 299 42 medelsanvisning
443 1421 50 33 för
514 1421 95 33 detta
633 1421 166 34 ändamål.
833 1422 19 32 I
874 1421 147 41 enlighet
1042 1421 78 33 med
1143 1420 330 43 skolöverstyrelsens
1494 1420 123 40 förslag

124 1466 212 43 tillstyrker
326 1479 68 38 jag,
411 1471 51 30 att
477 1466 109 34 medel
601 1467 52 33 för
667 1470 100 31 nästa
782 1466 168 42 budgetår
966 1467 135 33 anvisas
1118 1466 52 34 för
1186 1466 219 34 anordnande
1421 1466 70 34 dels
1510 1478 44 22 av
1571 1478 42 21 en

124 1514 103 30 större
248 1510 107 34 kurs
346 1506 19 49 i
380 1510 348 41 sexualundervisning
748 1510 62 33 och
833 1494 234 57 sexualhygien
1090 1522 43 21 av
1156 1510 59 34 det
1237 1509 79 40 slag,
1338 1521 71 23 som
1432 1509 184 33 anordnats

126 1556 41 33 de
187 1566 115 22 senare
321 1556 93 39 åren,
434 1555 71 34 dels
525 1554 64 35 ock
611 1567 44 21 av
674 1536 140 52 kortare
833 1539 348 64 fortbildningskurser
1197 1555 22 33 i
1211 1568 9 21 i
1243 1554 369 43 sexualundervisning,

124 1599 145 34 avsedda
287 1599 50 33 för
354 1582 83 50 folk-
455 1599 62 33 och
536 1599 259 34 småskollärare.
814 1599 66 33 För
897 1599 66 33 den
981 1583 107 49 större
1106 1599 119 33 kursen
1244 1598 163 34 erfordras
1424 1604 52 29 ett
1495 1598 122 42 belopp

124 1656 42 21 av
185 1648 18 29 6
219 1648 65 30 500
303 1644 130 34 kronor.
462 1643 68 34 För
549 1643 211 34 anordnande
779 1655 42 21 av
838 1643 133 34 kortare
988 1643 350 42 fortbildningskurser
1355 1643 11 33 i
1384 1642 232 34 sexualunder-

124 1688 129 42 visning
275 1689 61 33 har
358 1688 241 43 överstyrelsen
622 1688 97 34 äskat
742 1693 51 29 ett
816 1688 113 42 anslag
952 1700 43 21 av
1019 1691 42 31 23
1077 1692 64 30 000
1166 1688 121 33 kronor
1309 1687 79 34 eller
1410 1699 127 22 samma
1560 1687 56 33 be-

123 1733 90 43 lopp,
231 1746 71 21 som
320 1734 99 40 utgår
436 1733 50 33 för
504 1733 191 34 ändamålet
713 1733 104 33 under
836 1732 223 34 innevarande
1079 1732 174 40 budgetår.
1283 1732 18 34 I
1322 1732 90 34 såväl
1432 1732 59 35 det
1510 1744 106 21 nuva-

124 1778 102 34 rande
243 1790 71 22 som
330 1778 59 34 det
405 1778 145 40 begärda
567 1777 150 41 anslaget
734 1777 92 40 ingår
843 1777 182 34 emellertid
1042 1781 50 29 ett
1108 1777 121 42 belopp
1246 1789 43 21 av
1307 1781 19 30 5
1342 1780 64 31 000
1424 1776 125 34 kronor
1565 1776 52 34 för

123 1822 183 42 utgivande
332 1834 42 21 av
400 1834 39 21 en
464 1822 117 43 tryckt
605 1822 226 41 handledning
855 1822 10 33 i
891 1821 361 42 sexualundervisning.
1277 1821 205 39 Ytterligare
1507 1820 109 34 medel

124 1867 84 33 lärer
224 1866 182 34 emellertid
422 1866 71 34 icke
510 1866 163 34 erfordras
690 1866 49 33 för
756 1867 96 33 detta
870 1866 166 34 ändamål.
1053 1867 58 33 Då
1126 1866 57 42 jag
1198 1866 71 33 icke
1284 1865 67 33 kan
1367 1865 132 34 biträda
1517 1870 99 29 stats-

124 1912 170 33 kontorets
310 1911 124 41 förslag
449 1923 55 21 om
519 1910 164 42 sänkning
699 1923 42 20 av
757 1910 40 34 de
814 1910 59 34 till
880 1910 200 33 föreläsarna
1095 1910 57 33 vid
1168 1910 157 33 kurserna
1339 1910 167 40 utgående
1523 1921 93 21 arvo-

127 1957 97 38 dena,
242 1956 154 33 förordar
412 1956 70 42 jag,
501 1960 53 30 att
572 1960 52 30 ett
641 1938 125 67 belopp
786 1968 43 21 av
849 1959 40 30 18
904 1959 65 30 000
988 1956 125 48 kronor
1133 1955 167 34 beräknas
1320 1955 53 33 för
1392 1955 221 34 anordnande

124 2012 42 21 av
183 2000 133 33 kortare
335 1979 331 66 fortbildningskurser
689 1999 20 33 i
702 2012 9 20 i
730 1999 357 41 sexualundervisning.

169 2043 247 44 Överstyrelsen
440 2043 59 33 har
522 2044 50 33 för
595 2047 98 30 nästa
717 2043 165 41 budgetår
906 2043 97 35 äskat
1026 2025 113 60 anslag
1160 2042 53 34 för
1236 2043 211 34 anordnande
1471 2055 42 21 av
1536 2042 79 33 fort-

124 2089 278 39 bildningskurser
424 2088 9 33 i
457 2088 196 43 skolhygien
676 2088 68 33 dels
767 2069 51 52 för
840 2088 117 40 lärare,
978 2088 67 34 dels
1068 2070 69 51 för
1140 2087 122 40 läkare,
1285 2088 69 33 dels
1376 2087 61 34 ock
1458 2087 50 33 för
1531 2087 84 33 skol-

125 2133 197 34 sköterskor.
345 2133 68 33 Till
437 2133 123 33 sådana
584 2133 114 33 kurser
721 2132 50 33 för
794 2133 105 33 lärare
920 2132 62 34 har
1004 2132 117 42 anslag
1143 2132 155 41 beviljats
1320 2132 51 33 för
1393 2131 223 34 innevarande

124 2178 172 39 budgetår.
315 2178 65 41 Jag
399 2177 181 42 tillstyrker
599 2177 253 41 överstyrelsens
871 2176 120 42 förslag
1010 2189 55 21 om
1085 2176 202 34 oförändrad
1305 2175 311 39 medelsanvisning,

127 2225 40 30 10
181 2226 66 30 000
267 2221 131 40 kronor,
417 2222 49 32 för
486 2221 208 33 sistnämnda
713 2221 167 33 ändamål.
912 2221 64 39 Jag
994 2220 110 34 finner
1122 2220 69 41 mig
1210 2220 153 33 likaledes
1383 2220 79 33 böra
1483 2220 134 33 biträda

124 2266 256 42 överstyrelsens
403 2265 121 51 förslag
548 2278 55 21 om
627 2265 181 33 anvisande
833 2265 67 33 dels
925 2277 43 21 av
992 2269 19 29 5
1026 2269 65 29 000
1116 2265 120 32 kronor
1259 2264 49 33 till
1333 2264 216 33 anordnande
1574 2276 42 21 av

124 2322 40 21 en
183 2310 227 42 specialkurs
398 2303 21 53 i
432 2309 196 42 skolhygien
647 2309 49 33 för
714 2309 120 39 läkare,
851 2309 69 33 dels
937 2309 61 33 ock
1017 2321 42 20 av
1079 2313 19 28 6
1113 2313 66 29 000
1198 2309 119 32 kronor
1336 2308 49 33 till
1404 2307 212 34 anordnande

124 2367 41 21 av
190 2354 346 39 fortbildningskurser
559 2355 51 32 för
633 2354 163 32 skolsköte
801 2337 101 49 rskor.

169 2399 230 37 Sammanlagt
423 2398 94 34 torde
541 2397 124 34 således
689 2398 78 32 böra
792 2397 49 33 för
866 2397 249 41 ifrågavarande
1139 2397 113 32 kurser
1276 2396 129 33 anvisas
1432 2397 34 42 (6
1482 2400 65 30 500
1575 2399 39 39 +

129 2448 37 37 +
192 2448 119 30 18000
335 2447 38 37 4
398 2447 119 30 10000
542 2446 38 37 4
604 2446 97 29 5000
726 2446 37 37 +
787 2447 19 27 6
822 2446 106 29 000
921 2443 45 40 =)
991 2445 43 29 45
1047 2445 64 29 500
1133 2441 137 33 kronor.
