1894 2810
296 173 62 32 180
732 172 298 35 Statsutskottets
1049 171 186 34 utlåtande
1254 183 42 21 nr
1314 173 33 31 8.

341 253 209 41 Beräkning
575 265 42 20 av
642 252 180 33 elevernas
848 252 148 40 utgifter
1022 262 65 29 per
1112 250 131 31 månad
1269 250 58 30 för
1352 248 141 32 vistelse
1518 248 58 31 vid
1602 259 45 20 en
1674 247 116 40 yrkes-

297 300 320 40 utbildningskurs.
648 297 250 44 Överstyrelsen
915 296 59 33 har
991 296 12 33 i
1019 296 49 33 sin
1085 294 222 44 promemoria
1324 293 172 42 redogjort
1512 292 52 34 för
1581 292 74 34 sina
1670 292 119 33 under-

300 346 188 42 sökningar
519 344 176 42 angående
726 343 177 33 elevernas
933 340 192 35 kostnader
1155 339 110 34 under
1295 338 211 42 budgetåret
1538 336 168 43 1943/44,
1735 335 54 33 för

298 392 33 41 a)
354 391 82 33 kost
457 389 67 34 och
544 389 67 42 logi
632 388 61 34 vid
714 386 321 42 helinackordering
1055 386 11 33 i
1086 384 171 34 särskilda
1277 383 158 33 elevhem
1456 382 66 33 och
1543 382 11 33 i
1574 381 213 42 privathem,

302 437 33 40 b)
368 435 129 39 kläder,
526 434 31 42 c)
590 433 202 34 läroböcker
821 431 65 34 och
915 428 437 42 undervisningsmateriel,
1381 427 37 43 d)
1452 438 95 22 resor
1576 427 10 33 i
1616 425 172 34 samband

299 481 80 33 med
403 479 264 41 kursvistelsen,
691 478 32 42 e)
752 475 237 43 kursavgifter
1014 480 92 28 samt
1131 474 27 43 f)
1187 474 122 41 övriga
1332 471 238 43 nödvändiga,
1595 470 193 42 personliga

301 525 124 34 behov.

344 570 50 33 På
416 568 173 43 grundval
610 579 46 22 av
677 567 102 33 dessa
798 564 300 42 undersökningar
1117 563 64 34 har
1202 562 253 42 överstyrelsen
1477 560 80 35 sökt
1577 572 41 31 ge
1639 572 43 22 en
1702 571 86 31 upp-

301 614 156 42 fattning
479 625 58 21 om
559 625 43 21 en
624 612 93 34 elevs
740 608 423 45 genomsnittskostnader
1185 619 61 31 per
1267 607 131 33 månad
1421 606 60 34 vid
1504 606 218 42 genomgång
1744 616 45 21 av

300 671 43 22 en
362 656 420 45 yrkesutbildningskurs,
802 654 125 34 varvid
946 654 200 39 förutsatts,
1167 657 56 30 att
1242 652 120 34 eleven
1382 651 76 34 icke
1478 650 154 34 behöver
1651 649 139 42 erlägga

301 702 237 43 kursavgifter
558 702 65 33 och
644 706 56 29 att
720 700 72 34 han
811 700 159 33 kommer
991 698 12 34 i
1024 697 209 42 åtnjutande
1255 709 46 21 av
1322 696 133 34 sådana
1475 695 186 40 förmåner,
1683 706 75 22 som
1779 693 11 33 i

302 748 88 42 regel
418 747 190 34 förefinnas
637 745 60 34 vid
726 745 41 33 de
795 743 228 34 kommunala
1053 742 163 33 skolorna
1243 740 55 34 för
1326 738 356 44 yrkesundervisning
1710 738 81 33 eller

302 793 156 34 centrala
479 790 313 39 verkstadsskolor,
813 794 92 28 samt
926 793 56 29 att
1003 790 110 32 större
1133 785 277 43 nyanskaffning
1430 797 46 21 av
1496 785 121 33 kläder
1637 784 76 34 icke
1734 783 56 34 be-

304 838 107 33 höver
435 836 218 34 förekomma
676 834 113 34 under
811 833 139 34 kursen.
975 833 57 33 Då
1056 832 70 33 viss
1151 830 232 43 begränsning
1407 841 46 22 av
1475 828 240 34 kostnaderna
1738 827 54 33 för

303 883 93 34 olika
436 881 164 35 ändamål
635 880 201 40 förutsatts,
873 877 102 35 torde
1001 888 82 22 man
1110 875 121 34 kunna
1258 874 172 35 beteckna
1457 874 43 34 de
1527 872 266 43 sammanlagda

303 926 238 34 kostnaderna
569 926 115 33 såsom
712 921 339 36 minimikostnader.
1079 919 279 43 Överstyrelsens
1387 917 319 43 sammanfattning
1734 928 58 21 an-

302 971 132 42 gående
458 968 308 36 helinackorderad
791 968 92 33 elevs
907 965 291 35 minimikostnad
1222 965 10 34 i
1256 963 216 43 genomsnitt
1494 975 61 31 per
1578 964 130 33 månad
1732 961 59 35 vid

305 1016 219 42 genomgång
548 1026 45 22 av
615 1011 410 45 yrkesutbildningskurs
1047 1009 173 43 återgives
1243 1009 64 34 här
1329 1008 128 34 nedan.

722 1141 3 13 |
927 1120 107 24 Kronor
1053 1128 46 22 per
1117 1119 58 24 elev
1194 1119 49 24 och
1263 1118 97 25 månad
1380 1118 40 24 för

304 1158 2 26 |
723 1155 1 6 |

304 1186 2 8 |
322 1187 77 25 Form
414 1195 34 15 av
462 1184 244 31 helinackordering
1094 1189 153 26 läroböcker
1371 1207 5 4 .
1494 1188 92 30 övriga
1621 1166 3 37 |
1646 1178 128 25 Summa
1791 1175 2 7 |

305 1250 1 19 |
747 1211 60 60 kor
820 1210 49 60 och
933 1227 93 25 kläder
1069 1209 210 47 undervisnings-
1330 1206 83 60 årliga
1466 1223 148 32 personliga

304 1272 3 17 I
793 1255 32 21 o8
1116 1257 120 41 materiel
1335 1251 71 16 resor
1495 1259 88 25 behov
1792 1285 2 14 |

305 1316 2 37 |
892 1315 2 34 |
1062 1314 2 9 |
1284 1315 3 13 |

305 1355 2 20 |
332 1360 21 22 1.
373 1356 188 25 Elevinternat
578 1354 46 25 vid
640 1354 71 25 vissa
892 1373 3 13 |
1284 1347 3 28 |
1793 1343 2 43 |

305 1401 3 27 |
335 1386 15 46 —
373 1391 229 26 verkstadsskolor
624 1410 4 4 .
650 1410 5 4 .
678 1409 4 5 .
802 1388 33 25 65
973 1387 33 25 10
1063 1395 2 25 |
1159 1399 31 2 ==
1362 1384 16 26 5
1533 1383 33 26 10
1702 1383 34 26 920
1793 1388 2 26 I

306 1433 1 3 H
724 1426 3 9 i
893 1429 2 8 H
1793 1415 2 14 I

305 1463 3 16 |
331 1449 23 22 2.
374 1445 187 25 Elevinternat
575 1443 45 25 vid
637 1443 74 25 kom-
893 1440 2 4 i
1063 1424 3 26 |
1454 1428 3 28 |
1624 1442 2 14 |

374 1481 110 25 munala
500 1479 166 32 yrkesskolor
678 1498 5 5 .
705 1498 5 5 .
804 1477 32 25 75
894 1475 2 42 |
973 1476 34 25 10
1064 1471 2 50 |
1176 1474 16 25 5
1363 1474 15 24 5
1455 1503 2 12 |
1534 1472 34 25 10
1686 1472 50 25 105
1794 1467 2 49 |

306 1520 3 28 |
331 1538 24 22 3.
374 1534 40 25 På
424 1537 84 21 annat
519 1536 55 22 sätt
581 1530 108 34 (privat)
697 1532 16 25 å
894 1519 2 35 |
1064 1541 2 12 I
1455 1516 3 26 |
1794 1522 3 35 i

306 1568 3 15 |
374 1571 79 24 AO:
466 1587 246 6 gr:
568 1564 42 41 sa
637 1587 75 6 rer
751 1566 33 26 30
803 1565 71 31 (100)
894 1559 3 45 |
974 1565 34 25 10
1065 1560 1 13 |
1177 1564 16 25 d
1364 1562 16 26 5
1535 1562 33 25 10
1641 1561 52 26 120
1711 1559 86 32 (130)
1790 1555 11 43 |

306 1603 3 43 |
375 1606 78 24 oE-orto
491 1624 113 5 sosse
648 1623 63 5 ers
787 1602 51 25 120
975 1601 33 25 10
1065 1600 2 32 |
1177 1600 16 25 5
1365 1599 15 25 5
1456 1613 3 16 |
1536 1598 33 25 10
1686 1596 53 26 150
1795 1589 2 39 |

375 1642 70 24 I-Orb
466 1661 4 5 :
493 1636 31 41 arv
537 1636 13 41 og
573 1660 30 4 ma
627 1659 85 7 amor
699 1636 16 41 a
788 1638 50 25 160
975 1637 33 25 10
1066 1634 2 34 |
1178 1635 15 25 5
1365 1635 15 23 5
1536 1633 33 26 10
1626 1637 2 23 |
1688 1632 51 26 190
1796 1631 1 32 I

802 1750 322 43 Överstyrelsens
1147 1750 164 41 förslag.

354 1834 159 33 Behovet
527 1845 42 20 av
581 1833 80 40 höjt
674 1831 229 42 stipendium.
931 1829 254 45 Överstyrelsen
1197 1828 192 35 framhåller
1407 1828 6 34 i
1426 1827 246 44 promemorian
1686 1826 114 34 härom

310 1888 100 34 bland
432 1892 116 29 annat:

354 1960 18 33 I
402 1964 53 29 ett
485 1957 258 35 demokratiskt
772 1955 168 35 samhälle
969 1954 167 34 framstår
1164 1953 60 35 det
1253 1964 75 22 som
1357 1956 54 30 ett
1439 1951 101 41 krav,
1570 1956 56 29 att
1654 1962 44 22 en
1727 1959 72 30 ung

310 2004 187 34 människa
535 2001 193 35 oberoende
767 2013 46 22 av
850 1999 175 34 hemmets
1054 1997 127 35 sociala
1209 1997 66 34 och
1302 1995 229 35 ekonomiska
1558 1993 240 35 förhållanden

310 2049 87 34 skall
438 2048 122 33 kunna
599 2046 36 34 få
665 2046 69 34 den
766 2045 178 34 allmänna
974 2041 276 43 medborgerliga
1280 2041 65 34 och
1376 2039 316 44 yrkesutbildning,
1724 2049 75 21 som

311 2105 119 22 svarar
455 2097 97 29 emot
576 2091 130 34 hennes
732 2090 102 42 anlag
859 2089 66 33 och
951 2087 145 35 intresse
1121 2087 66 33 och
1213 2087 72 33 står
1309 2087 11 33 i
1344 2084 349 35 överensstämmelse
1719 2082 79 33 med

310 2138 204 34 samhällets
542 2136 115 34 behov
685 2147 46 22 av
758 2134 161 34 utbildad
948 2131 226 35 arbetskraft.
1202 2131 73 34 Det
1302 2131 100 33 torde
1430 2142 45 21 av
1503 2129 60 34 det
1590 2127 209 43 föregående

312 2188 87 28 utan
419 2182 123 34 vidare
561 2193 85 21 vara
666 2180 107 39 klart,
794 2184 55 29 att
868 2179 60 33 det
948 2190 49 21 nu
1018 2176 172 43 utgående
1211 2175 126 42 högsta
1358 2174 191 43 stipendiet
1570 2174 59 33 vid
1650 2173 44 34 de
1715 2184 83 21 van-

311 2227 66 42 liga
398 2226 280 43 yrkesskolorna,
698 2228 44 29 45
763 2224 140 39 kronor,
923 2222 77 34 icke
1020 2225 37 30 är
1077 2220 203 42 tillräckligt
1299 2219 54 35 för
1374 2224 56 29 att
1451 2219 103 34 säkra
1575 2231 42 21 en
1638 2217 161 34 obemed-

310 2272 58 33 lad
397 2272 94 33 elevs
519 2269 235 35 kursvistelse.
783 2266 340 36 Minimikostnaden
1151 2264 54 35 för
1233 2277 43 22 en
1305 2263 252 34 inackorderad
1585 2263 76 34 elev
1689 2261 111 33 under

311 2316 248 33 kursvistelsen
586 2314 75 39 har,
689 2314 115 33 såsom
830 2312 64 34 här
921 2323 94 22 ovan
1043 2309 145 41 anförts,
1215 2309 189 34 beräknats
1432 2307 53 34 till
1513 2310 43 32 85
1583 2306 129 34 kronor
1739 2318 61 30 per

312 2360 127 34 månad
463 2380 47 4 —
532 2358 239 35 kostnaderna
795 2357 54 34 för
873 2355 199 35 eventuella
1096 2354 108 43 årliga
1228 2366 94 21 resor
1345 2353 31 43 ej
1402 2351 239 35 medräknade
1664 2372 47 4 —
1734 2350 64 34 och

311 2404 126 35 därvid
466 2404 64 33 har
557 2402 256 43 överstyrelsen
842 2401 136 34 ändock
1006 2399 180 40 förutsatt,
1215 2404 56 29 att
1299 2397 252 43 betingelserna
1579 2396 55 34 för
1662 2395 139 34 elevens

315 2449 139 34 vistelse
483 2448 61 34 vid
572 2448 122 34 skolan
723 2450 60 31 äro
812 2445 141 35 särskilt
981 2455 245 32 gynnsamma.
