<?xml version="1.0" encoding="UTF-8"?>
<alto xmlns="http://www.loc.gov/standards/alto/ns-v3#" xmlns:xlink="http://www.w3.org/1999/xlink" xmlns:xsi="http://www.w3.org/2001/XMLSchema-instance" xsi:schemaLocation="http://www.loc.gov/standards/alto/ns-v3# http://www.loc.gov/alto/v3/alto-3-0.xsd">
	<Description>
		<MeasurementUnit>pixel</MeasurementUnit>
		<sourceImageInformation>
			<fileName>/tmp/tess_tyxt2rah_input.PNG</fileName>
		</sourceImageInformation>
		<OCRProcessing ID="OCR_0">
			<ocrProcessingStep>
				<processingSoftware>
					<softwareName>tesseract 5.3.0</softwareName>
				</processingSoftware>
			</ocrProcessingStep>
		</OCRProcessing>
	</Description>
	<Layout>
		<Page WIDTH="1898" HEIGHT="2810" PHYSICAL_IMG_NR="0" ID="page_0">
			<PrintSpace HPOS="0" VPOS="0" WIDTH="1898" HEIGHT="2810">
				<ComposedBlock ID="cblock_0" HPOS="294" VPOS="158" WIDTH="1055" HEIGHT="37">
					<TextBlock ID="block_0" HPOS="294" VPOS="158" WIDTH="1055" HEIGHT="37">
						<TextLine ID="line_0" HPOS="294" VPOS="158" WIDTH="1055" HEIGHT="37">
							<String ID="string_0" HPOS="294" VPOS="165" WIDTH="62" HEIGHT="30" WC="0.96" CONTENT="188"/><SP WIDTH="371" VPOS="165" HPOS="356"/>
							<String ID="string_1" HPOS="727" VPOS="159" WIDTH="292" HEIGHT="35" WC="0.92" CONTENT="Statsutskottets"/><SP WIDTH="23" VPOS="159" HPOS="1019"/>
							<String ID="string_2" HPOS="1042" VPOS="158" WIDTH="185" HEIGHT="35" WC="0.96" CONTENT="utlåtande"/><SP WIDTH="23" VPOS="158" HPOS="1227"/>
							<String ID="string_3" HPOS="1250" VPOS="171" WIDTH="43" HEIGHT="21" WC="0.95" CONTENT="nr"/><SP WIDTH="22" VPOS="171" HPOS="1293"/>
							<String ID="string_4" HPOS="1315" VPOS="161" WIDTH="34" HEIGHT="32" WC="0.96" CONTENT="8."/>
						</TextLine>
					</TextBlock>
				</ComposedBlock>
				<ComposedBlock ID="cblock_1" HPOS="294" VPOS="238" WIDTH="1489" HEIGHT="143">
					<TextBlock ID="block_1" HPOS="294" VPOS="238" WIDTH="1489" HEIGHT="143">
						<TextLine ID="line_1" HPOS="294" VPOS="238" WIDTH="1489" HEIGHT="45">
							<String ID="string_5" HPOS="294" VPOS="241" WIDTH="187" HEIGHT="42" WC="0.96" CONTENT="riksdagen"/><SP WIDTH="18" VPOS="241" HPOS="481"/>
							<String ID="string_6" HPOS="499" VPOS="241" WIDTH="11" HEIGHT="33" WC="0.96" CONTENT="i"/><SP WIDTH="17" VPOS="241" HPOS="510"/>
							<String ID="string_7" HPOS="527" VPOS="240" WIDTH="100" HEIGHT="42" WC="0.96" CONTENT="fråga"/><SP WIDTH="20" VPOS="240" HPOS="627"/>
							<String ID="string_8" HPOS="647" VPOS="252" WIDTH="58" HEIGHT="21" WC="0.95" CONTENT="om"/><SP WIDTH="20" VPOS="252" HPOS="705"/>
							<String ID="string_9" HPOS="725" VPOS="240" WIDTH="121" HEIGHT="42" WC="0.95" CONTENT="anslag"/><SP WIDTH="17" VPOS="240" HPOS="846"/>
							<String ID="string_10" HPOS="863" VPOS="240" WIDTH="52" HEIGHT="34" WC="0.96" CONTENT="till"/><SP WIDTH="18" VPOS="240" HPOS="915"/>
							<String ID="string_11" HPOS="933" VPOS="239" WIDTH="234" HEIGHT="34" WC="0.96" CONTENT="förevarande"/><SP WIDTH="20" VPOS="239" HPOS="1167"/>
							<String ID="string_12" HPOS="1187" VPOS="239" WIDTH="164" HEIGHT="34" WC="0.93" CONTENT="ändamål"/><SP WIDTH="21" VPOS="239" HPOS="1351"/>
							<String ID="string_13" HPOS="1372" VPOS="239" WIDTH="144" HEIGHT="42" WC="0.92" CONTENT="avgiver"/><SP WIDTH="19" VPOS="239" HPOS="1516"/>
							<String ID="string_14" HPOS="1535" VPOS="238" WIDTH="177" HEIGHT="35" WC="0.92" CONTENT="utskottet"/><SP WIDTH="19" VPOS="238" HPOS="1712"/>
							<String ID="string_15" HPOS="1731" VPOS="251" WIDTH="52" HEIGHT="21" WC="0.92" CONTENT="se-"/>
						</TextLine>
						<TextLine ID="line_2" HPOS="294" VPOS="293" WIDTH="910" HEIGHT="43">
							<String ID="string_16" HPOS="294" VPOS="307" WIDTH="84" HEIGHT="21" WC="0.96" CONTENT="nare"/><SP WIDTH="16" VPOS="307" HPOS="378"/>
							<String ID="string_17" HPOS="394" VPOS="294" WIDTH="112" HEIGHT="34" WC="0.96" CONTENT="under"/><SP WIDTH="15" VPOS="294" HPOS="506"/>
							<String ID="string_18" HPOS="521" VPOS="294" WIDTH="185" HEIGHT="42" WC="0.96" CONTENT="riksdagen"/><SP WIDTH="17" VPOS="294" HPOS="706"/>
							<String ID="string_19" HPOS="723" VPOS="293" WIDTH="194" HEIGHT="40" WC="0.96" CONTENT="utlåtande,"/><SP WIDTH="15" VPOS="293" HPOS="917"/>
							<String ID="string_20" HPOS="932" VPOS="294" WIDTH="110" HEIGHT="33" WC="0.96" CONTENT="vilket"/><SP WIDTH="14" VPOS="294" HPOS="1042"/>
							<String ID="string_21" HPOS="1056" VPOS="293" WIDTH="148" HEIGHT="34" WC="0.96" CONTENT="härmed"/>
						</TextLine>
						<TextLine ID="line_3" HPOS="657" VPOS="347" WIDTH="165" HEIGHT="34">
							<String ID="string_22" HPOS="657" VPOS="347" WIDTH="165" HEIGHT="34" WC="0.89" CONTENT="anmäles."/>
						</TextLine>
					</TextBlock>
				</ComposedBlock>
				<ComposedBlock ID="cblock_2" HPOS="294" VPOS="415" WIDTH="1495" HEIGHT="364">
					<TextBlock ID="block_2" HPOS="294" VPOS="415" WIDTH="1495" HEIGHT="204">
						<TextLine ID="line_4" HPOS="339" VPOS="415" WIDTH="1446" HEIGHT="46">
							<String ID="string_23" HPOS="339" VPOS="418" WIDTH="116" HEIGHT="43" WC="0.81" CONTENT="217:0)"/><SP WIDTH="29" VPOS="418" HPOS="455"/>
							<String ID="string_24" HPOS="484" VPOS="418" WIDTH="195" HEIGHT="35" WC="0.96" CONTENT="Särskilda"/><SP WIDTH="15" VPOS="418" HPOS="679"/>
							<String ID="string_25" HPOS="694" VPOS="417" WIDTH="181" HEIGHT="35" WC="0.95" CONTENT="anstalter"/><SP WIDTH="15" VPOS="417" HPOS="875"/>
							<String ID="string_26" HPOS="890" VPOS="418" WIDTH="61" HEIGHT="34" WC="0.93" CONTENT="för"/><SP WIDTH="13" VPOS="418" HPOS="951"/>
							<String ID="string_27" HPOS="964" VPOS="417" WIDTH="402" HEIGHT="43" WC="0.91" CONTENT="yrkesundervisning:"/><SP WIDTH="17" VPOS="417" HPOS="1366"/>
							<String ID="string_28" HPOS="1383" VPOS="417" WIDTH="143" HEIGHT="42" WC="0.96" CONTENT="Bidrag"/><SP WIDTH="15" VPOS="417" HPOS="1526"/>
							<String ID="string_29" HPOS="1541" VPOS="417" WIDTH="58" HEIGHT="34" WC="0.96" CONTENT="till"/><SP WIDTH="15" VPOS="417" HPOS="1599"/>
							<String ID="string_30" HPOS="1614" VPOS="415" WIDTH="171" HEIGHT="44" WC="0.96" CONTENT="grafiska"/>
						</TextLine>
						<TextLine ID="line_5" HPOS="294" VPOS="469" WIDTH="1495" HEIGHT="45">
							<String ID="string_31" HPOS="294" VPOS="472" WIDTH="204" HEIGHT="35" WC="0.95" CONTENT="institutet."/><SP WIDTH="27" VPOS="472" HPOS="498"/>
							<String ID="string_32" HPOS="525" VPOS="472" WIDTH="19" HEIGHT="34" WC="0.96" CONTENT="I"/><SP WIDTH="18" VPOS="472" HPOS="544"/>
							<String ID="string_33" HPOS="562" VPOS="472" WIDTH="152" HEIGHT="42" WC="0.96" CONTENT="enlighet"/><SP WIDTH="16" VPOS="472" HPOS="714"/>
							<String ID="string_34" HPOS="730" VPOS="471" WIDTH="81" HEIGHT="34" WC="0.96" CONTENT="med"/><SP WIDTH="17" VPOS="471" HPOS="811"/>
							<String ID="string_35" HPOS="828" VPOS="471" WIDTH="132" HEIGHT="43" WC="0.95" CONTENT="Kungl."/><SP WIDTH="19" VPOS="471" HPOS="960"/>
							<String ID="string_36" HPOS="979" VPOS="470" WIDTH="128" HEIGHT="43" WC="0.96" CONTENT="Maj:ts"/><SP WIDTH="17" VPOS="470" HPOS="1107"/>
							<String ID="string_37" HPOS="1124" VPOS="470" WIDTH="129" HEIGHT="43" WC="0.96" CONTENT="förslag"/><SP WIDTH="20" VPOS="470" HPOS="1253"/>
							<String ID="string_38" HPOS="1273" VPOS="471" WIDTH="131" HEIGHT="42" WC="0.96" CONTENT="(punkt"/><SP WIDTH="17" VPOS="471" HPOS="1404"/>
							<String ID="string_39" HPOS="1421" VPOS="473" WIDTH="78" HEIGHT="37" WC="0.93" CONTENT="226,"/><SP WIDTH="19" VPOS="473" HPOS="1499"/>
							<String ID="string_40" HPOS="1518" VPOS="482" WIDTH="26" HEIGHT="22" WC="0.90" CONTENT="s."/><SP WIDTH="19" VPOS="482" HPOS="1544"/>
							<String ID="string_41" HPOS="1563" VPOS="470" WIDTH="96" HEIGHT="42" WC="0.92" CONTENT="525),"/><SP WIDTH="18" VPOS="470" HPOS="1659"/>
							<String ID="string_42" HPOS="1677" VPOS="469" WIDTH="112" HEIGHT="34" WC="0.96" CONTENT="vilket"/>
						</TextLine>
						<TextLine ID="line_6" HPOS="295" VPOS="523" WIDTH="1489" HEIGHT="43">
							<String ID="string_43" HPOS="295" VPOS="526" WIDTH="148" HEIGHT="33" WC="0.93" CONTENT="innebär"/><SP WIDTH="16" VPOS="526" HPOS="443"/>
							<String ID="string_44" HPOS="459" VPOS="525" WIDTH="194" HEIGHT="33" WC="0.91" CONTENT="anvisande"/><SP WIDTH="18" VPOS="525" HPOS="653"/>
							<String ID="string_45" HPOS="671" VPOS="537" WIDTH="45" HEIGHT="21" WC="0.96" CONTENT="av"/><SP WIDTH="17" VPOS="537" HPOS="716"/>
							<String ID="string_46" HPOS="733" VPOS="537" WIDTH="135" HEIGHT="21" WC="0.93" CONTENT="samma"/><SP WIDTH="18" VPOS="537" HPOS="868"/>
							<String ID="string_47" HPOS="886" VPOS="524" WIDTH="269" HEIGHT="42" WC="0.92" CONTENT="anslagsbelopp"/><SP WIDTH="19" VPOS="524" HPOS="1155"/>
							<String ID="string_48" HPOS="1174" VPOS="536" WIDTH="75" HEIGHT="21" WC="0.96" CONTENT="som"/><SP WIDTH="17" VPOS="536" HPOS="1249"/>
							<String ID="string_49" HPOS="1266" VPOS="523" WIDTH="55" HEIGHT="34" WC="0.95" CONTENT="för"/><SP WIDTH="18" VPOS="523" HPOS="1321"/>
							<String ID="string_50" HPOS="1339" VPOS="523" WIDTH="241" HEIGHT="34" WC="0.96" CONTENT="innevarande"/><SP WIDTH="19" VPOS="523" HPOS="1580"/>
							<String ID="string_51" HPOS="1599" VPOS="523" WIDTH="185" HEIGHT="42" WC="0.96" CONTENT="budgetår,"/>
						</TextLine>
						<TextLine ID="line_7" HPOS="294" VPOS="578" WIDTH="406" HEIGHT="41">
							<String ID="string_52" HPOS="294" VPOS="579" WIDTH="203" HEIGHT="33" WC="0.96" CONTENT="hemställer"/><SP WIDTH="14" VPOS="579" HPOS="497"/>
							<String ID="string_53" HPOS="511" VPOS="578" WIDTH="189" HEIGHT="41" WC="0.95" CONTENT="utskottet,"/>
						</TextLine>
					</TextBlock>
					<TextBlock ID="block_3" HPOS="612" VPOS="629" WIDTH="1171" HEIGHT="150">
						<TextLine ID="line_8" HPOS="660" VPOS="629" WIDTH="1123" HEIGHT="45">
							<String ID="string_54" HPOS="660" VPOS="635" WIDTH="54" HEIGHT="30" WC="0.96" CONTENT="att"/><SP WIDTH="18" VPOS="635" HPOS="714"/>
							<String ID="string_55" HPOS="732" VPOS="631" WIDTH="186" HEIGHT="43" WC="0.96" CONTENT="riksdagen"/><SP WIDTH="20" VPOS="631" HPOS="918"/>
							<String ID="string_56" HPOS="938" VPOS="631" WIDTH="58" HEIGHT="33" WC="0.94" CONTENT="må"/><SP WIDTH="19" VPOS="631" HPOS="996"/>
							<String ID="string_57" HPOS="1015" VPOS="631" WIDTH="53" HEIGHT="34" WC="0.96" CONTENT="till"/><SP WIDTH="20" VPOS="631" HPOS="1068"/>
							<String ID="string_58" HPOS="1088" VPOS="630" WIDTH="179" HEIGHT="34" WC="0.96" CONTENT="Särskilda"/><SP WIDTH="20" VPOS="630" HPOS="1267"/>
							<String ID="string_59" HPOS="1287" VPOS="630" WIDTH="171" HEIGHT="33" WC="0.96" CONTENT="anstalter"/><SP WIDTH="18" VPOS="630" HPOS="1458"/>
							<String ID="string_60" HPOS="1476" VPOS="631" WIDTH="57" HEIGHT="37" WC="0.93" CONTENT="för"/><SP WIDTH="17" VPOS="631" HPOS="1533"/>
							<String ID="string_61" HPOS="1550" VPOS="629" WIDTH="233" HEIGHT="43" WC="0.92" CONTENT="yrkesunder-"/>
						</TextLine>
						<TextLine ID="line_9" HPOS="612" VPOS="681" WIDTH="1171" HEIGHT="45">
							<String ID="string_62" HPOS="612" VPOS="684" WIDTH="152" HEIGHT="42" WC="0.96" CONTENT="visning:"/><SP WIDTH="16" VPOS="684" HPOS="764"/>
							<String ID="string_63" HPOS="780" VPOS="684" WIDTH="132" HEIGHT="42" WC="0.96" CONTENT="Bidrag"/><SP WIDTH="18" VPOS="684" HPOS="912"/>
							<String ID="string_64" HPOS="930" VPOS="684" WIDTH="52" HEIGHT="34" WC="0.96" CONTENT="till"/><SP WIDTH="18" VPOS="684" HPOS="982"/>
							<String ID="string_65" HPOS="1000" VPOS="684" WIDTH="156" HEIGHT="42" WC="0.96" CONTENT="grafiska"/><SP WIDTH="18" VPOS="684" HPOS="1156"/>
							<String ID="string_66" HPOS="1174" VPOS="683" WIDTH="179" HEIGHT="34" WC="0.96" CONTENT="institutet"/><SP WIDTH="17" VPOS="683" HPOS="1353"/>
							<String ID="string_67" HPOS="1370" VPOS="682" WIDTH="55" HEIGHT="34" WC="0.96" CONTENT="för"/><SP WIDTH="17" VPOS="682" HPOS="1425"/>
							<String ID="string_68" HPOS="1442" VPOS="682" WIDTH="213" HEIGHT="43" WC="0.93" CONTENT="budgetåret"/><SP WIDTH="19" VPOS="682" HPOS="1655"/>
							<String ID="string_69" HPOS="1674" VPOS="681" WIDTH="109" HEIGHT="44" WC="0.90" CONTENT="1945/"/>
						</TextLine>
						<TextLine ID="line_10" HPOS="613" VPOS="736" WIDTH="704" HEIGHT="43">
							<String ID="string_70" HPOS="613" VPOS="741" WIDTH="42" HEIGHT="30" WC="0.96" CONTENT="46"/><SP WIDTH="16" VPOS="741" HPOS="655"/>
							<String ID="string_71" HPOS="671" VPOS="738" WIDTH="122" HEIGHT="33" WC="0.96" CONTENT="anvisa"/><SP WIDTH="13" VPOS="738" HPOS="793"/>
							<String ID="string_72" HPOS="806" VPOS="741" WIDTH="52" HEIGHT="30" WC="0.96" CONTENT="ett"/><SP WIDTH="13" VPOS="741" HPOS="858"/>
							<String ID="string_73" HPOS="871" VPOS="737" WIDTH="121" HEIGHT="42" WC="0.96" CONTENT="anslag"/><SP WIDTH="13" VPOS="737" HPOS="992"/>
							<String ID="string_74" HPOS="1005" VPOS="749" WIDTH="45" HEIGHT="21" WC="0.96" CONTENT="av"/><SP WIDTH="14" VPOS="749" HPOS="1050"/>
							<String ID="string_75" HPOS="1064" VPOS="741" WIDTH="19" HEIGHT="30" WC="0.96" CONTENT="3"/><SP WIDTH="15" VPOS="741" HPOS="1083"/>
							<String ID="string_76" HPOS="1098" VPOS="740" WIDTH="66" HEIGHT="30" WC="0.96" CONTENT="600"/><SP WIDTH="12" VPOS="740" HPOS="1164"/>
							<String ID="string_77" HPOS="1176" VPOS="736" WIDTH="141" HEIGHT="34" WC="0.96" CONTENT="kronor."/>
						</TextLine>
					</TextBlock>
				</ComposedBlock>
				<ComposedBlock ID="cblock_3" HPOS="296" VPOS="815" WIDTH="1491" HEIGHT="364">
					<TextBlock ID="block_4" HPOS="296" VPOS="815" WIDTH="1491" HEIGHT="203">
						<TextLine ID="line_11" HPOS="340" VPOS="815" WIDTH="1447" HEIGHT="46">
							<String ID="string_78" HPOS="340" VPOS="818" WIDTH="117" HEIGHT="43" WC="0.86" CONTENT="218:0)"/><SP WIDTH="29" VPOS="818" HPOS="457"/>
							<String ID="string_79" HPOS="486" VPOS="817" WIDTH="196" HEIGHT="35" WC="0.96" CONTENT="Särskilda"/><SP WIDTH="21" VPOS="817" HPOS="682"/>
							<String ID="string_80" HPOS="703" VPOS="817" WIDTH="182" HEIGHT="34" WC="0.96" CONTENT="anstalter"/><SP WIDTH="22" VPOS="817" HPOS="885"/>
							<String ID="string_81" HPOS="907" VPOS="817" WIDTH="61" HEIGHT="34" WC="0.92" CONTENT="för"/><SP WIDTH="22" VPOS="817" HPOS="968"/>
							<String ID="string_82" HPOS="990" VPOS="816" WIDTH="401" HEIGHT="43" WC="0.91" CONTENT="yrkesundervisning:"/><SP WIDTH="26" VPOS="816" HPOS="1391"/>
							<String ID="string_83" HPOS="1417" VPOS="815" WIDTH="144" HEIGHT="44" WC="0.96" CONTENT="Bidrag"/><SP WIDTH="20" VPOS="815" HPOS="1561"/>
							<String ID="string_84" HPOS="1581" VPOS="816" WIDTH="60" HEIGHT="34" WC="0.93" CONTENT="till"/><SP WIDTH="21" VPOS="816" HPOS="1641"/>
							<String ID="string_85" HPOS="1662" VPOS="816" WIDTH="125" HEIGHT="42" WC="0.92" CONTENT="bergs-"/>
						</TextLine>
						<TextLine ID="line_12" HPOS="296" VPOS="868" WIDTH="1491" HEIGHT="45">
							<String ID="string_86" HPOS="296" VPOS="871" WIDTH="132" HEIGHT="34" WC="0.96" CONTENT="skolan"/><SP WIDTH="16" VPOS="871" HPOS="428"/>
							<String ID="string_87" HPOS="444" VPOS="872" WIDTH="14" HEIGHT="33" WC="0.96" CONTENT="i"/><SP WIDTH="17" VPOS="872" HPOS="458"/>
							<String ID="string_88" HPOS="475" VPOS="870" WIDTH="190" HEIGHT="43" WC="0.93" CONTENT="Filipstad"/><SP WIDTH="16" VPOS="870" HPOS="665"/>
							<String ID="string_89" HPOS="681" VPOS="881" WIDTH="47" HEIGHT="24" WC="0.89" CONTENT="m."/><SP WIDTH="16" VPOS="881" HPOS="728"/>
							<String ID="string_90" HPOS="744" VPOS="881" WIDTH="47" HEIGHT="25" WC="0.52" CONTENT="m."/><SP WIDTH="28" VPOS="881" HPOS="791"/>
							<String ID="string_91" HPOS="819" VPOS="871" WIDTH="19" HEIGHT="33" WC="0.90" CONTENT="I"/><SP WIDTH="17" VPOS="871" HPOS="838"/>
							<String ID="string_92" HPOS="855" VPOS="870" WIDTH="152" HEIGHT="43" WC="0.96" CONTENT="enlighet"/><SP WIDTH="16" VPOS="870" HPOS="1007"/>
							<String ID="string_93" HPOS="1023" VPOS="871" WIDTH="81" HEIGHT="34" WC="0.96" CONTENT="med"/><SP WIDTH="17" VPOS="871" HPOS="1104"/>
							<String ID="string_94" HPOS="1121" VPOS="870" WIDTH="132" HEIGHT="42" WC="0.96" CONTENT="Kungl."/><SP WIDTH="17" VPOS="870" HPOS="1253"/>
							<String ID="string_95" HPOS="1270" VPOS="869" WIDTH="129" HEIGHT="43" WC="0.96" CONTENT="Maj:ts"/><SP WIDTH="15" VPOS="869" HPOS="1399"/>
							<String ID="string_96" HPOS="1414" VPOS="869" WIDTH="129" HEIGHT="43" WC="0.96" CONTENT="förslag"/><SP WIDTH="19" VPOS="869" HPOS="1543"/>
							<String ID="string_97" HPOS="1562" VPOS="868" WIDTH="131" HEIGHT="44" WC="0.96" CONTENT="(punkt"/><SP WIDTH="15" VPOS="868" HPOS="1693"/>
							<String ID="string_98" HPOS="1708" VPOS="871" WIDTH="79" HEIGHT="37" WC="0.96" CONTENT="227,"/>
						</TextLine>
						<TextLine ID="line_13" HPOS="297" VPOS="922" WIDTH="1490" HEIGHT="44">
							<String ID="string_99" HPOS="297" VPOS="937" WIDTH="26" HEIGHT="22" WC="0.74" CONTENT="s."/><SP WIDTH="16" VPOS="937" HPOS="323"/>
							<String ID="string_100" HPOS="339" VPOS="925" WIDTH="209" HEIGHT="41" WC="0.70" CONTENT="525—527),"/><SP WIDTH="16" VPOS="925" HPOS="548"/>
							<String ID="string_101" HPOS="564" VPOS="924" WIDTH="111" HEIGHT="34" WC="0.96" CONTENT="vilket"/><SP WIDTH="15" VPOS="924" HPOS="675"/>
							<String ID="string_102" HPOS="690" VPOS="924" WIDTH="145" HEIGHT="33" WC="0.96" CONTENT="innebär"/><SP WIDTH="16" VPOS="924" HPOS="835"/>
							<String ID="string_103" HPOS="851" VPOS="936" WIDTH="40" HEIGHT="21" WC="0.93" CONTENT="en"/><SP WIDTH="18" VPOS="936" HPOS="891"/>
							<String ID="string_104" HPOS="909" VPOS="923" WIDTH="288" HEIGHT="43" WC="0.92" CONTENT="anslagshöjning"/><SP WIDTH="15" VPOS="923" HPOS="1197"/>
							<String ID="string_105" HPOS="1212" VPOS="922" WIDTH="81" HEIGHT="34" WC="0.96" CONTENT="med"/><SP WIDTH="17" VPOS="922" HPOS="1293"/>
							<String ID="string_106" HPOS="1310" VPOS="926" WIDTH="20" HEIGHT="30" WC="0.96" CONTENT="8"/><SP WIDTH="15" VPOS="926" HPOS="1330"/>
							<String ID="string_107" HPOS="1345" VPOS="926" WIDTH="65" HEIGHT="30" WC="0.96" CONTENT="600"/><SP WIDTH="16" VPOS="926" HPOS="1410"/>
							<String ID="string_108" HPOS="1426" VPOS="923" WIDTH="143" HEIGHT="40" WC="0.96" CONTENT="kronor,"/><SP WIDTH="16" VPOS="923" HPOS="1569"/>
							<String ID="string_109" HPOS="1585" VPOS="922" WIDTH="202" HEIGHT="34" WC="0.96" CONTENT="hemställer"/>
						</TextLine>
						<TextLine ID="line_14" HPOS="297" VPOS="978" WIDTH="188" HEIGHT="40">
							<String ID="string_110" HPOS="297" VPOS="978" WIDTH="188" HEIGHT="40" WC="0.96" CONTENT="utskottet,"/>
						</TextLine>
					</TextBlock>
					<TextBlock ID="block_5" HPOS="615" VPOS="1029" WIDTH="1172" HEIGHT="150">
						<TextLine ID="line_15" HPOS="662" VPOS="1029" WIDTH="1125" HEIGHT="44">
							<String ID="string_111" HPOS="662" VPOS="1035" WIDTH="55" HEIGHT="29" WC="0.95" CONTENT="att"/><SP WIDTH="19" VPOS="1035" HPOS="717"/>
							<String ID="string_112" HPOS="736" VPOS="1031" WIDTH="186" HEIGHT="42" WC="0.96" CONTENT="riksdagen"/><SP WIDTH="20" VPOS="1031" HPOS="922"/>
							<String ID="string_113" HPOS="942" VPOS="1031" WIDTH="57" HEIGHT="33" WC="0.96" CONTENT="må"/><SP WIDTH="21" VPOS="1031" HPOS="999"/>
							<String ID="string_114" HPOS="1020" VPOS="1030" WIDTH="52" HEIGHT="35" WC="0.95" CONTENT="till"/><SP WIDTH="20" VPOS="1030" HPOS="1072"/>
							<String ID="string_115" HPOS="1092" VPOS="1029" WIDTH="179" HEIGHT="35" WC="0.95" CONTENT="Särskilda"/><SP WIDTH="19" VPOS="1029" HPOS="1271"/>
							<String ID="string_116" HPOS="1290" VPOS="1029" WIDTH="172" HEIGHT="34" WC="0.96" CONTENT="anstalter"/><SP WIDTH="17" VPOS="1029" HPOS="1462"/>
							<String ID="string_117" HPOS="1479" VPOS="1029" WIDTH="57" HEIGHT="42" WC="0.93" CONTENT="för"/><SP WIDTH="17" VPOS="1029" HPOS="1536"/>
							<String ID="string_118" HPOS="1553" VPOS="1029" WIDTH="234" HEIGHT="42" WC="0.92" CONTENT="yrkesunder-"/>
						</TextLine>
						<TextLine ID="line_16" HPOS="615" VPOS="1081" WIDTH="1171" HEIGHT="45">
							<String ID="string_119" HPOS="615" VPOS="1084" WIDTH="153" HEIGHT="41" WC="0.96" CONTENT="visning:"/><SP WIDTH="12" VPOS="1084" HPOS="768"/>
							<String ID="string_120" HPOS="780" VPOS="1084" WIDTH="132" HEIGHT="42" WC="0.96" CONTENT="Bidrag"/><SP WIDTH="14" VPOS="1084" HPOS="912"/>
							<String ID="string_121" HPOS="926" VPOS="1083" WIDTH="53" HEIGHT="34" WC="0.92" CONTENT="till"/><SP WIDTH="15" VPOS="1083" HPOS="979"/>
							<String ID="string_122" HPOS="994" VPOS="1083" WIDTH="226" HEIGHT="42" WC="0.92" CONTENT="bergsskolan"/><SP WIDTH="13" VPOS="1083" HPOS="1220"/>
							<String ID="string_123" HPOS="1233" VPOS="1083" WIDTH="12" HEIGHT="34" WC="0.96" CONTENT="i"/><SP WIDTH="14" VPOS="1083" HPOS="1245"/>
							<String ID="string_124" HPOS="1259" VPOS="1082" WIDTH="174" HEIGHT="43" WC="0.93" CONTENT="Filipstad"/><SP WIDTH="13" VPOS="1082" HPOS="1433"/>
							<String ID="string_125" HPOS="1446" VPOS="1095" WIDTH="48" HEIGHT="22" WC="0.90" CONTENT="m."/><SP WIDTH="15" VPOS="1095" HPOS="1494"/>
							<String ID="string_126" HPOS="1509" VPOS="1095" WIDTH="48" HEIGHT="22" WC="0.90" CONTENT="m."/><SP WIDTH="13" VPOS="1095" HPOS="1557"/>
							<String ID="string_127" HPOS="1570" VPOS="1081" WIDTH="56" HEIGHT="35" WC="0.93" CONTENT="för"/><SP WIDTH="13" VPOS="1081" HPOS="1626"/>
							<String ID="string_128" HPOS="1639" VPOS="1082" WIDTH="147" HEIGHT="43" WC="0.92" CONTENT="budget-"/>
						</TextLine>
						<TextLine ID="line_17" HPOS="615" VPOS="1135" WIDTH="974" HEIGHT="44">
							<String ID="string_129" HPOS="615" VPOS="1137" WIDTH="77" HEIGHT="33" WC="0.93" CONTENT="året"/><SP WIDTH="19" VPOS="1137" HPOS="692"/>
							<String ID="string_130" HPOS="711" VPOS="1136" WIDTH="154" HEIGHT="43" WC="0.90" CONTENT="1945/46"/><SP WIDTH="21" VPOS="1136" HPOS="865"/>
							<String ID="string_131" HPOS="886" VPOS="1136" WIDTH="122" HEIGHT="34" WC="0.96" CONTENT="anvisa"/><SP WIDTH="19" VPOS="1136" HPOS="1008"/>
							<String ID="string_132" HPOS="1027" VPOS="1141" WIDTH="53" HEIGHT="29" WC="0.96" CONTENT="ett"/><SP WIDTH="19" VPOS="1141" HPOS="1080"/>
							<String ID="string_133" HPOS="1099" VPOS="1136" WIDTH="122" HEIGHT="42" WC="0.96" CONTENT="anslag"/><SP WIDTH="19" VPOS="1136" HPOS="1221"/>
							<String ID="string_134" HPOS="1240" VPOS="1148" WIDTH="45" HEIGHT="21" WC="0.96" CONTENT="av"/><SP WIDTH="20" VPOS="1148" HPOS="1285"/>
							<String ID="string_135" HPOS="1305" VPOS="1139" WIDTH="43" HEIGHT="30" WC="0.96" CONTENT="34"/><SP WIDTH="15" VPOS="1139" HPOS="1348"/>
							<String ID="string_136" HPOS="1363" VPOS="1139" WIDTH="65" HEIGHT="31" WC="0.96" CONTENT="000"/><SP WIDTH="19" VPOS="1139" HPOS="1428"/>
							<String ID="string_137" HPOS="1447" VPOS="1135" WIDTH="142" HEIGHT="35" WC="0.96" CONTENT="kronor."/>
						</TextLine>
					</TextBlock>
				</ComposedBlock>
				<ComposedBlock ID="cblock_4" HPOS="297" VPOS="1214" WIDTH="1496" HEIGHT="363">
					<TextBlock ID="block_6" HPOS="297" VPOS="1214" WIDTH="1496" HEIGHT="204">
						<TextLine ID="line_18" HPOS="342" VPOS="1214" WIDTH="1451" HEIGHT="45">
							<String ID="string_138" HPOS="342" VPOS="1216" WIDTH="117" HEIGHT="43" WC="0.91" CONTENT="219:0)"/><SP WIDTH="29" VPOS="1216" HPOS="459"/>
							<String ID="string_139" HPOS="488" VPOS="1216" WIDTH="196" HEIGHT="34" WC="0.96" CONTENT="Särskilda"/><SP WIDTH="22" VPOS="1216" HPOS="684"/>
							<String ID="string_140" HPOS="706" VPOS="1216" WIDTH="182" HEIGHT="34" WC="0.96" CONTENT="anstalter"/><SP WIDTH="23" VPOS="1216" HPOS="888"/>
							<String ID="string_141" HPOS="911" VPOS="1216" WIDTH="61" HEIGHT="34" WC="0.93" CONTENT="för"/><SP WIDTH="21" VPOS="1216" HPOS="972"/>
							<String ID="string_142" HPOS="993" VPOS="1215" WIDTH="401" HEIGHT="44" WC="0.92" CONTENT="yrkesundervisning:"/><SP WIDTH="25" VPOS="1215" HPOS="1394"/>
							<String ID="string_143" HPOS="1419" VPOS="1215" WIDTH="144" HEIGHT="44" WC="0.96" CONTENT="Bidrag"/><SP WIDTH="21" VPOS="1215" HPOS="1563"/>
							<String ID="string_144" HPOS="1584" VPOS="1215" WIDTH="60" HEIGHT="35" WC="0.93" CONTENT="till"/><SP WIDTH="22" VPOS="1215" HPOS="1644"/>
							<String ID="string_145" HPOS="1666" VPOS="1214" WIDTH="127" HEIGHT="35" WC="0.89" CONTENT="textil-"/>
						</TextLine>
						<TextLine ID="line_19" HPOS="297" VPOS="1268" WIDTH="1492" HEIGHT="44">
							<String ID="string_146" HPOS="297" VPOS="1270" WIDTH="193" HEIGHT="35" WC="0.96" CONTENT="institutet"/><SP WIDTH="24" VPOS="1270" HPOS="490"/>
							<String ID="string_147" HPOS="514" VPOS="1271" WIDTH="4" HEIGHT="34" WC="0.96" CONTENT="i"/><SP WIDTH="18" VPOS="1271" HPOS="518"/>
							<String ID="string_148" HPOS="536" VPOS="1269" WIDTH="131" HEIGHT="35" WC="0.93" CONTENT="Borås."/><SP WIDTH="27" VPOS="1269" HPOS="667"/>
							<String ID="string_149" HPOS="694" VPOS="1270" WIDTH="19" HEIGHT="33" WC="0.96" CONTENT="I"/><SP WIDTH="16" VPOS="1270" HPOS="713"/>
							<String ID="string_150" HPOS="729" VPOS="1269" WIDTH="152" HEIGHT="43" WC="0.96" CONTENT="enlighet"/><SP WIDTH="15" VPOS="1269" HPOS="881"/>
							<String ID="string_151" HPOS="896" VPOS="1269" WIDTH="80" HEIGHT="34" WC="0.96" CONTENT="med"/><SP WIDTH="17" VPOS="1269" HPOS="976"/>
							<String ID="string_152" HPOS="993" VPOS="1269" WIDTH="134" HEIGHT="43" WC="0.96" CONTENT="Kungl."/><SP WIDTH="17" VPOS="1269" HPOS="1127"/>
							<String ID="string_153" HPOS="1144" VPOS="1269" WIDTH="127" HEIGHT="42" WC="0.96" CONTENT="Maj:ts"/><SP WIDTH="17" VPOS="1269" HPOS="1271"/>
							<String ID="string_154" HPOS="1288" VPOS="1269" WIDTH="128" HEIGHT="43" WC="0.96" CONTENT="förslag"/><SP WIDTH="18" VPOS="1269" HPOS="1416"/>
							<String ID="string_155" HPOS="1434" VPOS="1268" WIDTH="131" HEIGHT="44" WC="0.96" CONTENT="(punkt"/><SP WIDTH="17" VPOS="1268" HPOS="1565"/>
							<String ID="string_156" HPOS="1582" VPOS="1271" WIDTH="79" HEIGHT="37" WC="0.93" CONTENT="228,"/><SP WIDTH="17" VPOS="1271" HPOS="1661"/>
							<String ID="string_157" HPOS="1678" VPOS="1280" WIDTH="27" HEIGHT="22" WC="0.90" CONTENT="s."/><SP WIDTH="18" VPOS="1280" HPOS="1705"/>
							<String ID="string_158" HPOS="1723" VPOS="1271" WIDTH="66" HEIGHT="31" WC="0.95" CONTENT="527"/>
						</TextLine>
						<TextLine ID="line_20" HPOS="297" VPOS="1321" WIDTH="1490" HEIGHT="44">
							<String ID="string_159" HPOS="297" VPOS="1324" WIDTH="142" HEIGHT="41" WC="0.82" CONTENT="—531),"/><SP WIDTH="15" VPOS="1324" HPOS="439"/>
							<String ID="string_160" HPOS="454" VPOS="1324" WIDTH="108" HEIGHT="33" WC="0.96" CONTENT="vilket"/><SP WIDTH="13" VPOS="1324" HPOS="562"/>
							<String ID="string_161" HPOS="575" VPOS="1323" WIDTH="149" HEIGHT="34" WC="0.96" CONTENT="innebär"/><SP WIDTH="12" VPOS="1323" HPOS="724"/>
							<String ID="string_162" HPOS="736" VPOS="1335" WIDTH="43" HEIGHT="22" WC="0.91" CONTENT="en"/><SP WIDTH="14" VPOS="1335" HPOS="779"/>
							<String ID="string_163" HPOS="793" VPOS="1322" WIDTH="287" HEIGHT="43" WC="0.90" CONTENT="anslagshöjning"/><SP WIDTH="13" VPOS="1322" HPOS="1080"/>
							<String ID="string_164" HPOS="1093" VPOS="1322" WIDTH="82" HEIGHT="34" WC="0.96" CONTENT="med"/><SP WIDTH="16" VPOS="1322" HPOS="1175"/>
							<String ID="string_165" HPOS="1191" VPOS="1326" WIDTH="41" HEIGHT="30" WC="0.96" CONTENT="10"/><SP WIDTH="14" VPOS="1326" HPOS="1232"/>
							<String ID="string_166" HPOS="1246" VPOS="1326" WIDTH="65" HEIGHT="30" WC="0.74" CONTENT="000"/><SP WIDTH="15" VPOS="1326" HPOS="1311"/>
							<String ID="string_167" HPOS="1326" VPOS="1322" WIDTH="142" HEIGHT="40" WC="0.93" CONTENT="kronor,"/><SP WIDTH="13" VPOS="1322" HPOS="1468"/>
							<String ID="string_168" HPOS="1481" VPOS="1322" WIDTH="186" HEIGHT="33" WC="0.93" CONTENT="föranledd"/><SP WIDTH="13" VPOS="1322" HPOS="1667"/>
							<String ID="string_169" HPOS="1680" VPOS="1321" WIDTH="107" HEIGHT="34" WC="0.96" CONTENT="bland"/>
						</TextLine>
						<TextLine ID="line_21" HPOS="299" VPOS="1375" WIDTH="1161" HEIGHT="43">
							<String ID="string_170" HPOS="299" VPOS="1382" WIDTH="111" HEIGHT="29" WC="0.96" CONTENT="annat"/><SP WIDTH="21" VPOS="1382" HPOS="410"/>
							<String ID="string_171" HPOS="431" VPOS="1389" WIDTH="45" HEIGHT="21" WC="0.96" CONTENT="av"/><SP WIDTH="18" VPOS="1389" HPOS="476"/>
							<String ID="string_172" HPOS="494" VPOS="1376" WIDTH="214" HEIGHT="42" WC="0.95" CONTENT="löneökning"/><SP WIDTH="18" VPOS="1376" HPOS="708"/>
							<String ID="string_173" HPOS="726" VPOS="1376" WIDTH="52" HEIGHT="33" WC="0.96" CONTENT="till"/><SP WIDTH="19" VPOS="1376" HPOS="778"/>
							<String ID="string_174" HPOS="797" VPOS="1376" WIDTH="93" HEIGHT="33" WC="0.96" CONTENT="vissa"/><SP WIDTH="19" VPOS="1376" HPOS="890"/>
							<String ID="string_175" HPOS="909" VPOS="1376" WIDTH="123" HEIGHT="40" WC="0.96" CONTENT="lärare,"/><SP WIDTH="18" VPOS="1376" HPOS="1032"/>
							<String ID="string_176" HPOS="1050" VPOS="1376" WIDTH="204" HEIGHT="33" WC="0.96" CONTENT="hemställer"/><SP WIDTH="18" VPOS="1376" HPOS="1254"/>
							<String ID="string_177" HPOS="1272" VPOS="1375" WIDTH="188" HEIGHT="41" WC="0.96" CONTENT="utskottet,"/>
						</TextLine>
					</TextBlock>
					<TextBlock ID="block_7" HPOS="615" VPOS="1428" WIDTH="1176" HEIGHT="149">
						<TextLine ID="line_22" HPOS="662" VPOS="1428" WIDTH="1125" HEIGHT="43">
							<String ID="string_178" HPOS="662" VPOS="1433" WIDTH="55" HEIGHT="30" WC="0.95" CONTENT="att"/><SP WIDTH="19" VPOS="1433" HPOS="717"/>
							<String ID="string_179" HPOS="736" VPOS="1429" WIDTH="186" HEIGHT="42" WC="0.96" CONTENT="riksdagen"/><SP WIDTH="19" VPOS="1429" HPOS="922"/>
							<String ID="string_180" HPOS="941" VPOS="1429" WIDTH="59" HEIGHT="33" WC="0.96" CONTENT="må"/><SP WIDTH="19" VPOS="1429" HPOS="1000"/>
							<String ID="string_181" HPOS="1019" VPOS="1429" WIDTH="53" HEIGHT="34" WC="0.96" CONTENT="till"/><SP WIDTH="20" VPOS="1429" HPOS="1072"/>
							<String ID="string_182" HPOS="1092" VPOS="1428" WIDTH="179" HEIGHT="35" WC="0.96" CONTENT="Särskilda"/><SP WIDTH="20" VPOS="1428" HPOS="1271"/>
							<String ID="string_183" HPOS="1291" VPOS="1428" WIDTH="171" HEIGHT="34" WC="0.96" CONTENT="anstalter"/><SP WIDTH="17" VPOS="1428" HPOS="1462"/>
							<String ID="string_184" HPOS="1479" VPOS="1428" WIDTH="57" HEIGHT="41" WC="0.93" CONTENT="för"/><SP WIDTH="17" VPOS="1428" HPOS="1536"/>
							<String ID="string_185" HPOS="1553" VPOS="1428" WIDTH="234" HEIGHT="43" WC="0.91" CONTENT="yrkesunder-"/>
						</TextLine>
						<TextLine ID="line_23" HPOS="615" VPOS="1481" WIDTH="1176" HEIGHT="43">
							<String ID="string_186" HPOS="615" VPOS="1482" WIDTH="153" HEIGHT="42" WC="0.86" CONTENT="visning:"/><SP WIDTH="24" VPOS="1482" HPOS="768"/>
							<String ID="string_187" HPOS="792" VPOS="1482" WIDTH="131" HEIGHT="42" WC="0.95" CONTENT="Bidrag"/><SP WIDTH="25" VPOS="1482" HPOS="923"/>
							<String ID="string_188" HPOS="948" VPOS="1482" WIDTH="52" HEIGHT="34" WC="0.93" CONTENT="till"/><SP WIDTH="24" VPOS="1482" HPOS="1000"/>
							<String ID="string_189" HPOS="1024" VPOS="1482" WIDTH="282" HEIGHT="34" WC="0.91" CONTENT="textilinstitutet"/><SP WIDTH="31" VPOS="1482" HPOS="1306"/>
							<String ID="string_190" HPOS="1337" VPOS="1482" WIDTH="5" HEIGHT="33" WC="0.96" CONTENT="i"/><SP WIDTH="22" VPOS="1482" HPOS="1342"/>
							<String ID="string_191" HPOS="1364" VPOS="1482" WIDTH="113" HEIGHT="33" WC="0.96" CONTENT="Borås"/><SP WIDTH="24" VPOS="1482" HPOS="1477"/>
							<String ID="string_192" HPOS="1501" VPOS="1481" WIDTH="55" HEIGHT="34" WC="0.96" CONTENT="för"/><SP WIDTH="22" VPOS="1481" HPOS="1556"/>
							<String ID="string_193" HPOS="1578" VPOS="1481" WIDTH="213" HEIGHT="43" WC="0.95" CONTENT="budgetåret"/>
						</TextLine>
						<TextLine ID="line_24" HPOS="618" VPOS="1534" WIDTH="1018" HEIGHT="43">
							<String ID="string_194" HPOS="618" VPOS="1535" WIDTH="155" HEIGHT="42" WC="0.66" CONTENT="1943/46"/><SP WIDTH="21" VPOS="1535" HPOS="773"/>
							<String ID="string_195" HPOS="794" VPOS="1535" WIDTH="121" HEIGHT="34" WC="0.96" CONTENT="anvisa"/><SP WIDTH="18" VPOS="1535" HPOS="915"/>
							<String ID="string_196" HPOS="933" VPOS="1540" WIDTH="52" HEIGHT="30" WC="0.93" CONTENT="ett"/><SP WIDTH="16" VPOS="1540" HPOS="985"/>
							<String ID="string_197" HPOS="1001" VPOS="1534" WIDTH="273" HEIGHT="43" WC="0.91" CONTENT="förslagsanslag"/><SP WIDTH="17" VPOS="1534" HPOS="1274"/>
							<String ID="string_198" HPOS="1291" VPOS="1547" WIDTH="46" HEIGHT="21" WC="0.96" CONTENT="av"/><SP WIDTH="17" VPOS="1547" HPOS="1337"/>
							<String ID="string_199" HPOS="1354" VPOS="1538" WIDTH="43" HEIGHT="30" WC="0.96" CONTENT="40"/><SP WIDTH="14" VPOS="1538" HPOS="1397"/>
							<String ID="string_200" HPOS="1411" VPOS="1538" WIDTH="66" HEIGHT="31" WC="0.96" CONTENT="000"/><SP WIDTH="17" VPOS="1538" HPOS="1477"/>
							<String ID="string_201" HPOS="1494" VPOS="1534" WIDTH="142" HEIGHT="35" WC="0.96" CONTENT="kronor."/>
						</TextLine>
					</TextBlock>
				</ComposedBlock>
				<ComposedBlock ID="cblock_5" HPOS="298" VPOS="1614" WIDTH="1495" HEIGHT="408">
					<TextBlock ID="block_8" HPOS="298" VPOS="1614" WIDTH="1495" HEIGHT="204">
						<TextLine ID="line_25" HPOS="344" VPOS="1614" WIDTH="1448" HEIGHT="45">
							<String ID="string_202" HPOS="344" VPOS="1616" WIDTH="116" HEIGHT="43" WC="0.87" CONTENT="220:0)"/><SP WIDTH="29" VPOS="1616" HPOS="460"/>
							<String ID="string_203" HPOS="489" VPOS="1614" WIDTH="197" HEIGHT="36" WC="0.96" CONTENT="Särskilda"/><SP WIDTH="24" VPOS="1614" HPOS="686"/>
							<String ID="string_204" HPOS="710" VPOS="1615" WIDTH="183" HEIGHT="35" WC="0.96" CONTENT="anstalter"/><SP WIDTH="25" VPOS="1615" HPOS="893"/>
							<String ID="string_205" HPOS="918" VPOS="1615" WIDTH="61" HEIGHT="34" WC="0.93" CONTENT="för"/><SP WIDTH="24" VPOS="1615" HPOS="979"/>
							<String ID="string_206" HPOS="1003" VPOS="1615" WIDTH="402" HEIGHT="42" WC="0.82" CONTENT="yrkesundervisning:"/><SP WIDTH="40" VPOS="1615" HPOS="1405"/>
							<String ID="string_207" HPOS="1445" VPOS="1614" WIDTH="144" HEIGHT="44" WC="0.96" CONTENT="Bidrag"/><SP WIDTH="24" VPOS="1614" HPOS="1589"/>
							<String ID="string_208" HPOS="1613" VPOS="1615" WIDTH="60" HEIGHT="35" WC="0.93" CONTENT="till"/><SP WIDTH="25" VPOS="1615" HPOS="1673"/>
							<String ID="string_209" HPOS="1698" VPOS="1615" WIDTH="94" HEIGHT="33" WC="0.89" CONTENT="Len-"/>
						</TextLine>
						<TextLine ID="line_26" HPOS="298" VPOS="1667" WIDTH="1495" HEIGHT="45">
							<String ID="string_210" HPOS="298" VPOS="1669" WIDTH="113" HEIGHT="43" WC="0.93" CONTENT="nings"/><SP WIDTH="16" VPOS="1669" HPOS="411"/>
							<String ID="string_211" HPOS="427" VPOS="1669" WIDTH="285" HEIGHT="35" WC="0.91" CONTENT="textiltekniska"/><SP WIDTH="17" VPOS="1669" HPOS="712"/>
							<String ID="string_212" HPOS="729" VPOS="1668" WIDTH="152" HEIGHT="35" WC="0.96" CONTENT="institut"/><SP WIDTH="25" VPOS="1668" HPOS="881"/>
							<String ID="string_213" HPOS="906" VPOS="1670" WIDTH="5" HEIGHT="33" WC="0.95" CONTENT="i"/><SP WIDTH="18" VPOS="1670" HPOS="911"/>
							<String ID="string_214" HPOS="929" VPOS="1668" WIDTH="251" HEIGHT="43" WC="0.94" CONTENT="Norrköping."/><SP WIDTH="28" VPOS="1668" HPOS="1180"/>
							<String ID="string_215" HPOS="1208" VPOS="1668" WIDTH="19" HEIGHT="34" WC="0.96" CONTENT="I"/><SP WIDTH="18" VPOS="1668" HPOS="1227"/>
							<String ID="string_216" HPOS="1245" VPOS="1668" WIDTH="154" HEIGHT="43" WC="0.96" CONTENT="enlighet"/><SP WIDTH="16" VPOS="1668" HPOS="1399"/>
							<String ID="string_217" HPOS="1415" VPOS="1669" WIDTH="81" HEIGHT="34" WC="0.96" CONTENT="med"/><SP WIDTH="18" VPOS="1669" HPOS="1496"/>
							<String ID="string_218" HPOS="1514" VPOS="1668" WIDTH="133" HEIGHT="43" WC="0.95" CONTENT="Kungl."/><SP WIDTH="17" VPOS="1668" HPOS="1647"/>
							<String ID="string_219" HPOS="1664" VPOS="1667" WIDTH="129" HEIGHT="43" WC="0.96" CONTENT="Maj:ts"/>
						</TextLine>
						<TextLine ID="line_27" HPOS="298" VPOS="1721" WIDTH="1489" HEIGHT="44">
							<String ID="string_220" HPOS="298" VPOS="1722" WIDTH="132" HEIGHT="43" WC="0.96" CONTENT="förslag"/><SP WIDTH="18" VPOS="1722" HPOS="430"/>
							<String ID="string_221" HPOS="448" VPOS="1722" WIDTH="129" HEIGHT="43" WC="0.96" CONTENT="(punkt"/><SP WIDTH="16" VPOS="1722" HPOS="577"/>
							<String ID="string_222" HPOS="593" VPOS="1726" WIDTH="79" HEIGHT="36" WC="0.90" CONTENT="229,"/><SP WIDTH="16" VPOS="1726" HPOS="672"/>
							<String ID="string_223" HPOS="688" VPOS="1734" WIDTH="27" HEIGHT="22" WC="0.85" CONTENT="s."/><SP WIDTH="15" VPOS="1734" HPOS="715"/>
							<String ID="string_224" HPOS="730" VPOS="1722" WIDTH="95" HEIGHT="42" WC="0.96" CONTENT="531),"/><SP WIDTH="15" VPOS="1722" HPOS="825"/>
							<String ID="string_225" HPOS="840" VPOS="1722" WIDTH="109" HEIGHT="34" WC="0.96" CONTENT="vilket"/><SP WIDTH="16" VPOS="1722" HPOS="949"/>
							<String ID="string_226" HPOS="965" VPOS="1722" WIDTH="148" HEIGHT="33" WC="0.96" CONTENT="innebär"/><SP WIDTH="17" VPOS="1722" HPOS="1113"/>
							<String ID="string_227" HPOS="1130" VPOS="1734" WIDTH="42" HEIGHT="21" WC="0.93" CONTENT="en"/><SP WIDTH="18" VPOS="1734" HPOS="1172"/>
							<String ID="string_228" HPOS="1190" VPOS="1721" WIDTH="288" HEIGHT="43" WC="0.90" CONTENT="anslagshöjning"/><SP WIDTH="15" VPOS="1721" HPOS="1478"/>
							<String ID="string_229" HPOS="1493" VPOS="1721" WIDTH="82" HEIGHT="34" WC="0.96" CONTENT="med"/><SP WIDTH="17" VPOS="1721" HPOS="1575"/>
							<String ID="string_230" HPOS="1592" VPOS="1725" WIDTH="20" HEIGHT="29" WC="0.96" CONTENT="4"/><SP WIDTH="15" VPOS="1725" HPOS="1612"/>
							<String ID="string_231" HPOS="1627" VPOS="1725" WIDTH="66" HEIGHT="30" WC="0.93" CONTENT="000"/><SP WIDTH="16" VPOS="1725" HPOS="1693"/>
							<String ID="string_232" HPOS="1709" VPOS="1721" WIDTH="78" HEIGHT="33" WC="0.93" CONTENT="kro-"/>
						</TextLine>
						<TextLine ID="line_28" HPOS="299" VPOS="1774" WIDTH="1491" HEIGHT="44">
							<String ID="string_233" HPOS="299" VPOS="1788" WIDTH="74" HEIGHT="28" WC="0.96" CONTENT="nor,"/><SP WIDTH="25" VPOS="1788" HPOS="373"/>
							<String ID="string_234" HPOS="398" VPOS="1776" WIDTH="159" HEIGHT="42" WC="0.96" CONTENT="betingad"/><SP WIDTH="26" VPOS="1776" HPOS="557"/>
							<String ID="string_235" HPOS="583" VPOS="1775" WIDTH="105" HEIGHT="35" WC="0.96" CONTENT="bland"/><SP WIDTH="27" VPOS="1775" HPOS="688"/>
							<String ID="string_236" HPOS="715" VPOS="1780" WIDTH="105" HEIGHT="29" WC="0.96" CONTENT="annat"/><SP WIDTH="27" VPOS="1780" HPOS="820"/>
							<String ID="string_237" HPOS="847" VPOS="1787" WIDTH="45" HEIGHT="22" WC="0.96" CONTENT="av"/><SP WIDTH="25" VPOS="1787" HPOS="892"/>
							<String ID="string_238" HPOS="917" VPOS="1775" WIDTH="185" HEIGHT="34" WC="0.96" CONTENT="institutets"/><SP WIDTH="28" VPOS="1775" HPOS="1102"/>
							<String ID="string_239" HPOS="1130" VPOS="1775" WIDTH="232" HEIGHT="42" WC="0.96" CONTENT="ombyggnad,"/><SP WIDTH="27" VPOS="1775" HPOS="1362"/>
							<String ID="string_240" HPOS="1389" VPOS="1774" WIDTH="191" HEIGHT="35" WC="0.96" CONTENT="hemställer"/><SP WIDTH="27" VPOS="1774" HPOS="1580"/>
							<String ID="string_241" HPOS="1607" VPOS="1774" WIDTH="183" HEIGHT="39" WC="0.95" CONTENT="utskottet,"/>
						</TextLine>
					</TextBlock>
					<TextBlock ID="block_9" HPOS="617" VPOS="1827" WIDTH="1174" HEIGHT="195">
						<TextLine ID="line_29" HPOS="665" VPOS="1827" WIDTH="1125" HEIGHT="44">
							<String ID="string_242" HPOS="665" VPOS="1833" WIDTH="54" HEIGHT="29" WC="0.96" CONTENT="att"/><SP WIDTH="18" VPOS="1833" HPOS="719"/>
							<String ID="string_243" HPOS="737" VPOS="1828" WIDTH="186" HEIGHT="43" WC="0.95" CONTENT="riksdagen"/><SP WIDTH="19" VPOS="1828" HPOS="923"/>
							<String ID="string_244" HPOS="942" VPOS="1829" WIDTH="58" HEIGHT="33" WC="0.96" CONTENT="må"/><SP WIDTH="19" VPOS="1829" HPOS="1000"/>
							<String ID="string_245" HPOS="1019" VPOS="1828" WIDTH="52" HEIGHT="34" WC="0.95" CONTENT="till"/><SP WIDTH="19" VPOS="1828" HPOS="1071"/>
							<String ID="string_246" HPOS="1090" VPOS="1828" WIDTH="180" HEIGHT="34" WC="0.96" CONTENT="Särskilda"/><SP WIDTH="21" VPOS="1828" HPOS="1270"/>
							<String ID="string_247" HPOS="1291" VPOS="1828" WIDTH="172" HEIGHT="34" WC="0.95" CONTENT="anstalter"/><SP WIDTH="17" VPOS="1828" HPOS="1463"/>
							<String ID="string_248" HPOS="1480" VPOS="1828" WIDTH="57" HEIGHT="41" WC="0.93" CONTENT="för"/><SP WIDTH="19" VPOS="1828" HPOS="1537"/>
							<String ID="string_249" HPOS="1556" VPOS="1827" WIDTH="234" HEIGHT="43" WC="0.90" CONTENT="yrkesunder-"/>
						</TextLine>
						<TextLine ID="line_30" HPOS="617" VPOS="1880" WIDTH="1174" HEIGHT="44">
							<String ID="string_250" HPOS="617" VPOS="1882" WIDTH="152" HEIGHT="42" WC="0.96" CONTENT="visning:"/><SP WIDTH="18" VPOS="1882" HPOS="769"/>
							<String ID="string_251" HPOS="787" VPOS="1881" WIDTH="132" HEIGHT="43" WC="0.95" CONTENT="Bidrag"/><SP WIDTH="19" VPOS="1881" HPOS="919"/>
							<String ID="string_252" HPOS="938" VPOS="1880" WIDTH="52" HEIGHT="35" WC="0.93" CONTENT="till"/><SP WIDTH="18" VPOS="1880" HPOS="990"/>
							<String ID="string_253" HPOS="1008" VPOS="1881" WIDTH="178" HEIGHT="42" WC="0.90" CONTENT="Lennings"/><SP WIDTH="19" VPOS="1881" HPOS="1186"/>
							<String ID="string_254" HPOS="1205" VPOS="1881" WIDTH="263" HEIGHT="34" WC="0.91" CONTENT="textiltekniska"/><SP WIDTH="19" VPOS="1881" HPOS="1468"/>
							<String ID="string_255" HPOS="1487" VPOS="1881" WIDTH="143" HEIGHT="34" WC="0.96" CONTENT="institut"/><SP WIDTH="26" VPOS="1881" HPOS="1630"/>
							<String ID="string_256" HPOS="1656" VPOS="1881" WIDTH="5" HEIGHT="34" WC="0.93" CONTENT="i"/><SP WIDTH="18" VPOS="1881" HPOS="1661"/>
							<String ID="string_257" HPOS="1679" VPOS="1881" WIDTH="112" HEIGHT="34" WC="0.92" CONTENT="Norr-"/>
						</TextLine>
						<TextLine ID="line_31" HPOS="618" VPOS="1934" WIDTH="1173" HEIGHT="44">
							<String ID="string_258" HPOS="618" VPOS="1935" WIDTH="131" HEIGHT="42" WC="0.96" CONTENT="köping"/><SP WIDTH="17" VPOS="1935" HPOS="749"/>
							<String ID="string_259" HPOS="766" VPOS="1934" WIDTH="56" HEIGHT="34" WC="0.96" CONTENT="för"/><SP WIDTH="17" VPOS="1934" HPOS="822"/>
							<String ID="string_260" HPOS="839" VPOS="1934" WIDTH="210" HEIGHT="43" WC="0.92" CONTENT="budgetåret"/><SP WIDTH="20" VPOS="1934" HPOS="1049"/>
							<String ID="string_261" HPOS="1069" VPOS="1934" WIDTH="155" HEIGHT="44" WC="0.87" CONTENT="1945/46"/><SP WIDTH="20" VPOS="1934" HPOS="1224"/>
							<String ID="string_262" HPOS="1244" VPOS="1934" WIDTH="125" HEIGHT="34" WC="0.96" CONTENT="anvisa"/><SP WIDTH="19" VPOS="1934" HPOS="1369"/>
							<String ID="string_263" HPOS="1388" VPOS="1939" WIDTH="51" HEIGHT="29" WC="0.96" CONTENT="ett"/><SP WIDTH="20" VPOS="1939" HPOS="1439"/>
							<String ID="string_264" HPOS="1459" VPOS="1934" WIDTH="123" HEIGHT="43" WC="0.96" CONTENT="anslag"/><SP WIDTH="19" VPOS="1934" HPOS="1582"/>
							<String ID="string_265" HPOS="1601" VPOS="1946" WIDTH="46" HEIGHT="22" WC="0.96" CONTENT="av"/><SP WIDTH="19" VPOS="1946" HPOS="1647"/>
							<String ID="string_266" HPOS="1666" VPOS="1938" WIDTH="43" HEIGHT="30" WC="0.93" CONTENT="27"/><SP WIDTH="14" VPOS="1938" HPOS="1709"/>
							<String ID="string_267" HPOS="1723" VPOS="1936" WIDTH="68" HEIGHT="32" WC="0.93" CONTENT="000"/>
						</TextLine>
						<TextLine ID="line_32" HPOS="617" VPOS="1988" WIDTH="141" HEIGHT="34">
							<String ID="string_268" HPOS="617" VPOS="1988" WIDTH="141" HEIGHT="34" WC="0.95" CONTENT="kronor."/>
						</TextLine>
					</TextBlock>
				</ComposedBlock>
				<ComposedBlock ID="cblock_6" HPOS="299" VPOS="2066" WIDTH="1493" HEIGHT="240">
					<TextBlock ID="block_10" HPOS="299" VPOS="2066" WIDTH="1493" HEIGHT="196">
						<TextLine ID="line_33" HPOS="344" VPOS="2066" WIDTH="1448" HEIGHT="45">
							<String ID="string_269" HPOS="344" VPOS="2068" WIDTH="116" HEIGHT="43" WC="0.45" CONTENT="221:0)"/><SP WIDTH="27" VPOS="2068" HPOS="460"/>
							<String ID="string_270" HPOS="487" VPOS="2066" WIDTH="339" HEIGHT="44" WC="0.96" CONTENT="Yrkesutbildning"/><SP WIDTH="31" VPOS="2066" HPOS="826"/>
							<String ID="string_271" HPOS="857" VPOS="2068" WIDTH="13" HEIGHT="34" WC="0.93" CONTENT="i"/><SP WIDTH="32" VPOS="2068" HPOS="870"/>
							<String ID="string_272" HPOS="902" VPOS="2067" WIDTH="361" HEIGHT="42" WC="0.91" CONTENT="beredskapskurser"/><SP WIDTH="31" VPOS="2067" HPOS="1263"/>
							<String ID="string_273" HPOS="1294" VPOS="2078" WIDTH="49" HEIGHT="24" WC="0.76" CONTENT="m."/><SP WIDTH="31" VPOS="2078" HPOS="1343"/>
							<String ID="string_274" HPOS="1374" VPOS="2078" WIDTH="49" HEIGHT="24" WC="0.80" CONTENT="m."/><SP WIDTH="41" VPOS="2078" HPOS="1423"/>
							<String ID="string_275" HPOS="1464" VPOS="2067" WIDTH="226" HEIGHT="35" WC="0.96" CONTENT="Beträffande"/><SP WIDTH="31" VPOS="2067" HPOS="1690"/>
							<String ID="string_276" HPOS="1721" VPOS="2067" WIDTH="71" HEIGHT="33" WC="0.96" CONTENT="vad"/>
						</TextLine>
						<TextLine ID="line_34" HPOS="299" VPOS="2120" WIDTH="1489" HEIGHT="44">
							<String ID="string_277" HPOS="299" VPOS="2122" WIDTH="134" HEIGHT="42" WC="0.94" CONTENT="Kungl."/><SP WIDTH="20" VPOS="2122" HPOS="433"/>
							<String ID="string_278" HPOS="453" VPOS="2121" WIDTH="110" HEIGHT="42" WC="0.96" CONTENT="Maj:t"/><SP WIDTH="23" VPOS="2121" HPOS="563"/>
							<String ID="string_279" HPOS="586" VPOS="2121" WIDTH="131" HEIGHT="43" WC="0.96" CONTENT="(punkt"/><SP WIDTH="21" VPOS="2121" HPOS="717"/>
							<String ID="string_280" HPOS="738" VPOS="2122" WIDTH="78" HEIGHT="42" WC="0.96" CONTENT="230)"/><SP WIDTH="24" VPOS="2122" HPOS="816"/>
							<String ID="string_281" HPOS="840" VPOS="2120" WIDTH="180" HEIGHT="43" WC="0.96" CONTENT="föreslagit"/><SP WIDTH="21" VPOS="2120" HPOS="1020"/>
							<String ID="string_282" HPOS="1041" VPOS="2121" WIDTH="187" HEIGHT="42" WC="0.96" CONTENT="riksdagen"/><SP WIDTH="21" VPOS="2121" HPOS="1228"/>
							<String ID="string_283" HPOS="1249" VPOS="2121" WIDTH="11" HEIGHT="34" WC="0.96" CONTENT="i"/><SP WIDTH="20" VPOS="2121" HPOS="1260"/>
							<String ID="string_284" HPOS="1280" VPOS="2120" WIDTH="100" HEIGHT="43" WC="0.96" CONTENT="fråga"/><SP WIDTH="22" VPOS="2120" HPOS="1380"/>
							<String ID="string_285" HPOS="1402" VPOS="2133" WIDTH="58" HEIGHT="22" WC="0.96" CONTENT="om"/><SP WIDTH="22" VPOS="2133" HPOS="1460"/>
							<String ID="string_286" HPOS="1482" VPOS="2121" WIDTH="123" HEIGHT="43" WC="0.96" CONTENT="anslag"/><SP WIDTH="20" VPOS="2121" HPOS="1605"/>
							<String ID="string_287" HPOS="1625" VPOS="2121" WIDTH="53" HEIGHT="34" WC="0.91" CONTENT="till"/><SP WIDTH="22" VPOS="2121" HPOS="1678"/>
							<String ID="string_288" HPOS="1700" VPOS="2120" WIDTH="88" HEIGHT="34" WC="0.91" CONTENT="före-"/>
						</TextLine>
						<TextLine ID="line_35" HPOS="300" VPOS="2173" WIDTH="1489" HEIGHT="44">
							<String ID="string_289" HPOS="300" VPOS="2175" WIDTH="158" HEIGHT="33" WC="0.96" CONTENT="varande"/><SP WIDTH="15" VPOS="2175" HPOS="458"/>
							<String ID="string_290" HPOS="473" VPOS="2174" WIDTH="165" HEIGHT="34" WC="0.93" CONTENT="ändamål"/><SP WIDTH="16" VPOS="2174" HPOS="638"/>
							<String ID="string_291" HPOS="654" VPOS="2174" WIDTH="143" HEIGHT="43" WC="0.92" CONTENT="avgiver"/><SP WIDTH="13" VPOS="2174" HPOS="797"/>
							<String ID="string_292" HPOS="810" VPOS="2174" WIDTH="178" HEIGHT="34" WC="0.96" CONTENT="utskottet"/><SP WIDTH="14" VPOS="2174" HPOS="988"/>
							<String ID="string_293" HPOS="1002" VPOS="2186" WIDTH="122" HEIGHT="22" WC="0.96" CONTENT="senare"/><SP WIDTH="15" VPOS="2186" HPOS="1124"/>
							<String ID="string_294" HPOS="1139" VPOS="2174" WIDTH="113" HEIGHT="34" WC="0.96" CONTENT="under"/><SP WIDTH="14" VPOS="2174" HPOS="1252"/>
							<String ID="string_295" HPOS="1266" VPOS="2174" WIDTH="186" HEIGHT="43" WC="0.96" CONTENT="riksdagen"/><SP WIDTH="15" VPOS="2174" HPOS="1452"/>
							<String ID="string_296" HPOS="1467" VPOS="2174" WIDTH="198" HEIGHT="41" WC="0.96" CONTENT="utlåtande,"/><SP WIDTH="14" VPOS="2174" HPOS="1665"/>
							<String ID="string_297" HPOS="1679" VPOS="2173" WIDTH="110" HEIGHT="35" WC="0.96" CONTENT="vilket"/>
						</TextLine>
						<TextLine ID="line_36" HPOS="299" VPOS="2228" WIDTH="148" HEIGHT="34">
							<String ID="string_298" HPOS="299" VPOS="2228" WIDTH="148" HEIGHT="34" WC="0.96" CONTENT="härmed"/>
						</TextLine>
					</TextBlock>
					<TextBlock ID="block_11" HPOS="665" VPOS="2272" WIDTH="165" HEIGHT="34">
						<TextLine ID="line_37" HPOS="665" VPOS="2272" WIDTH="165" HEIGHT="34">
							<String ID="string_299" HPOS="665" VPOS="2272" WIDTH="165" HEIGHT="34" WC="0.89" CONTENT="anmäles."/>
						</TextLine>
					</TextBlock>
				</ComposedBlock>
				<ComposedBlock ID="cblock_7" HPOS="300" VPOS="2342" WIDTH="1493" HEIGHT="98">
					<TextBlock ID="block_12" HPOS="300" VPOS="2342" WIDTH="1493" HEIGHT="98">
						<TextLine ID="line_38" HPOS="345" VPOS="2342" WIDTH="1448" HEIGHT="44">
							<String ID="string_300" HPOS="345" VPOS="2344" WIDTH="116" HEIGHT="42" WC="0.77" CONTENT="222:0)"/><SP WIDTH="27" VPOS="2344" HPOS="461"/>
							<String ID="string_301" HPOS="488" VPOS="2343" WIDTH="232" HEIGHT="43" WC="0.95" CONTENT="Främjande"/><SP WIDTH="21" VPOS="2343" HPOS="720"/>
							<String ID="string_302" HPOS="741" VPOS="2353" WIDTH="48" HEIGHT="24" WC="0.96" CONTENT="av"/><SP WIDTH="22" VPOS="2353" HPOS="789"/>
							<String ID="string_303" HPOS="811" VPOS="2342" WIDTH="173" HEIGHT="44" WC="0.93" CONTENT="praktisk"/><SP WIDTH="22" VPOS="2342" HPOS="984"/>
							<String ID="string_304" HPOS="1006" VPOS="2342" WIDTH="375" HEIGHT="44" WC="0.91" CONTENT="lärlingsutbildning"/><SP WIDTH="21" VPOS="2342" HPOS="1381"/>
							<String ID="string_305" HPOS="1402" VPOS="2344" WIDTH="67" HEIGHT="33" WC="0.93" CONTENT="hos"/><SP WIDTH="21" VPOS="2344" HPOS="1469"/>
							<String ID="string_306" HPOS="1490" VPOS="2343" WIDTH="303" HEIGHT="34" WC="0.89" CONTENT="hantverksmäs-"/>
						</TextLine>
						<TextLine ID="line_39" HPOS="300" VPOS="2395" WIDTH="1493" HEIGHT="45">
							<String ID="string_307" HPOS="300" VPOS="2397" WIDTH="94" HEIGHT="35" WC="0.92" CONTENT="tare."/><SP WIDTH="34" VPOS="2397" HPOS="394"/>
							<String ID="string_308" HPOS="428" VPOS="2396" WIDTH="20" HEIGHT="34" WC="0.95" CONTENT="I"/><SP WIDTH="23" VPOS="2396" HPOS="448"/>
							<String ID="string_309" HPOS="471" VPOS="2396" WIDTH="153" HEIGHT="44" WC="0.96" CONTENT="enlighet"/><SP WIDTH="23" VPOS="2396" HPOS="624"/>
							<String ID="string_310" HPOS="647" VPOS="2396" WIDTH="81" HEIGHT="35" WC="0.96" CONTENT="med"/><SP WIDTH="23" VPOS="2396" HPOS="728"/>
							<String ID="string_311" HPOS="751" VPOS="2396" WIDTH="133" HEIGHT="43" WC="0.95" CONTENT="Kungl."/><SP WIDTH="23" VPOS="2396" HPOS="884"/>
							<String ID="string_312" HPOS="907" VPOS="2396" WIDTH="127" HEIGHT="43" WC="0.96" CONTENT="Maj:ts"/><SP WIDTH="22" VPOS="2396" HPOS="1034"/>
							<String ID="string_313" HPOS="1056" VPOS="2395" WIDTH="129" HEIGHT="44" WC="0.96" CONTENT="förslag"/><SP WIDTH="26" VPOS="2395" HPOS="1185"/>
							<String ID="string_314" HPOS="1211" VPOS="2396" WIDTH="130" HEIGHT="43" WC="0.96" CONTENT="(punkt"/><SP WIDTH="24" VPOS="2396" HPOS="1341"/>
							<String ID="string_315" HPOS="1365" VPOS="2399" WIDTH="78" HEIGHT="37" WC="0.91" CONTENT="231,"/><SP WIDTH="23" VPOS="2399" HPOS="1443"/>
							<String ID="string_316" HPOS="1466" VPOS="2408" WIDTH="27" HEIGHT="22" WC="0.91" CONTENT="s."/><SP WIDTH="25" VPOS="2408" HPOS="1493"/>
							<String ID="string_317" HPOS="1518" VPOS="2399" WIDTH="65" HEIGHT="31" WC="0.96" CONTENT="532"/><SP WIDTH="24" VPOS="2399" HPOS="1583"/>
							<String ID="string_318" HPOS="1607" VPOS="2396" WIDTH="67" HEIGHT="34" WC="0.96" CONTENT="och"/><SP WIDTH="24" VPOS="2396" HPOS="1674"/>
							<String ID="string_319" HPOS="1698" VPOS="2396" WIDTH="95" HEIGHT="43" WC="0.96" CONTENT="533),"/>
						</TextLine>
					</TextBlock>
				</ComposedBlock>
				<ComposedBlock ID="cblock_8" HPOS="301" VPOS="2449" WIDTH="1488" HEIGHT="98">
					<TextBlock ID="block_13" HPOS="301" VPOS="2449" WIDTH="1488" HEIGHT="98">
						<TextLine ID="line_40" HPOS="301" VPOS="2449" WIDTH="1488" HEIGHT="43">
							<String ID="string_320" HPOS="301" VPOS="2450" WIDTH="112" HEIGHT="34" WC="0.96" CONTENT="vilket"/><SP WIDTH="14" VPOS="2450" HPOS="413"/>
							<String ID="string_321" HPOS="427" VPOS="2450" WIDTH="145" HEIGHT="34" WC="0.93" CONTENT="innebär"/><SP WIDTH="14" VPOS="2450" HPOS="572"/>
							<String ID="string_322" HPOS="586" VPOS="2449" WIDTH="192" HEIGHT="35" WC="0.91" CONTENT="anvisande"/><SP WIDTH="15" VPOS="2449" HPOS="778"/>
							<String ID="string_323" HPOS="793" VPOS="2462" WIDTH="46" HEIGHT="21" WC="0.96" CONTENT="av"/><SP WIDTH="14" VPOS="2462" HPOS="839"/>
							<String ID="string_324" HPOS="853" VPOS="2462" WIDTH="136" HEIGHT="21" WC="0.93" CONTENT="samma"/><SP WIDTH="14" VPOS="2462" HPOS="989"/>
							<String ID="string_325" HPOS="1003" VPOS="2449" WIDTH="270" HEIGHT="43" WC="0.92" CONTENT="anslagsbelopp"/><SP WIDTH="15" VPOS="2449" HPOS="1273"/>
							<String ID="string_326" HPOS="1288" VPOS="2462" WIDTH="75" HEIGHT="21" WC="0.96" CONTENT="som"/><SP WIDTH="16" VPOS="2462" HPOS="1363"/>
							<String ID="string_327" HPOS="1379" VPOS="2449" WIDTH="54" HEIGHT="34" WC="0.96" CONTENT="för"/><SP WIDTH="14" VPOS="2449" HPOS="1433"/>
							<String ID="string_328" HPOS="1447" VPOS="2449" WIDTH="241" HEIGHT="34" WC="0.93" CONTENT="innevarande"/><SP WIDTH="15" VPOS="2449" HPOS="1688"/>
							<String ID="string_329" HPOS="1703" VPOS="2449" WIDTH="86" HEIGHT="34" WC="0.91" CONTENT="bud-"/>
						</TextLine>
						<TextLine ID="line_41" HPOS="301" VPOS="2503" WIDTH="543" HEIGHT="44">
							<String ID="string_330" HPOS="301" VPOS="2504" WIDTH="111" HEIGHT="43" WC="0.91" CONTENT="getår,"/><SP WIDTH="22" VPOS="2504" HPOS="412"/>
							<String ID="string_331" HPOS="434" VPOS="2503" WIDTH="202" HEIGHT="34" WC="0.96" CONTENT="hemställer"/><SP WIDTH="22" VPOS="2503" HPOS="636"/>
							<String ID="string_332" HPOS="658" VPOS="2503" WIDTH="186" HEIGHT="41" WC="0.95" CONTENT="utskottet,"/>
						</TextLine>
					</TextBlock>
				</ComposedBlock>
			</PrintSpace>
		</Page>
	</Layout>
</alto>
