1908 2818
563 167 290 35 Statsutskottets
866 167 183 34 utlåtande
1063 178 42 22 nr
1118 169 34 30 8.
1545 165 61 30 109

161 250 59 33 Då
236 250 36 33 vi
287 261 84 21 anse
388 249 60 33 det
463 248 251 41 ofrånkomligt
729 251 55 29 att
799 247 67 33 den
883 247 10 33 i
910 245 258 43 överstyrelsen
1185 244 177 34 anställda
1379 243 225 43 inspektören

117 294 145 34 beredes
279 293 136 34 tillfälle
434 297 54 29 att
505 293 11 33 i
534 297 73 29 stor
623 291 246 42 utsträckning
886 290 131 34 besöka
1036 289 338 34 sinnesslöskolorna
1391 288 55 33 för
1464 292 55 29 att
1538 287 67 33 den

116 351 46 21 av
187 342 86 30 1942
296 339 56 32 års
376 337 142 42 riksdag
539 336 186 34 beslutade
747 335 251 43 obligatoriska
1021 334 297 42 undervisningen
1344 345 45 21 av
1413 332 191 34 sinnesslöa

117 383 88 34 skall
220 382 36 34 få
271 383 68 33 den
355 386 96 30 rätta
466 381 276 42 utformningen,
756 381 123 33 kunna
895 380 35 33 vi
947 380 29 41 ej
996 379 77 34 dela
1092 376 407 45 departementschefens
1517 389 87 30 upp-

114 427 158 43 fattning
289 426 224 35 beträffande
533 425 391 43 anslagsberäkningen.
943 425 55 33 En
1021 423 283 42 arvodesökning
1324 435 45 21 av
1391 426 65 30 500
1475 421 131 34 kronor

114 473 72 33 kan
200 472 77 34 icke
290 484 60 22 ens
363 471 282 35 tillnärmelsevis
660 483 100 21 anses
773 474 182 30 motsvara
970 469 68 34 den
1051 468 204 42 minskning
1267 468 10 33 i
1291 466 314 43 avlöningsförmå-

117 529 73 28 ner,
205 529 76 22 som
295 517 71 33 hon
382 517 114 33 måste
511 516 144 33 komma
673 519 54 30 att
742 515 36 34 få
794 515 200 34 vidkännas
1011 515 20 32 å
1049 514 54 33 sin
1121 513 175 34 ordinarie
1312 513 70 39 lön,
1400 512 118 33 därest
1534 511 71 34 hon

116 562 88 34 skall
220 565 91 39 ägna
326 561 203 43 erforderlig
543 561 52 34 tid
610 562 38 32 åt
664 561 62 34 sitt
742 559 155 35 utökade
911 558 394 44 inspektionsuppdrag,
1321 560 45 30 än
1382 556 137 34 mindre
1533 556 71 33 kan

116 607 61 34 det
191 618 41 31 ge
247 606 197 43 ersättning
457 606 55 33 för
523 610 55 30 ett
592 605 226 42 betungande
834 604 65 34 och
915 603 231 35 ansvarsfullt
1161 603 131 34 arbete.

160 652 19 33 I
199 651 236 34 förevarande
457 650 258 42 sammanhang
735 650 64 33 bör
820 652 208 31 omnämnas
1052 653 54 29 att
1128 647 336 42 skolöverstyrelsen
1486 646 11 33 i
1520 646 85 33 skri-

116 696 94 34 velse
234 696 67 33 den
325 699 41 30 12
391 695 184 34 december
599 698 87 30 1944
709 694 179 43 angående
912 692 416 43 sinnesslöinspektörens
1353 690 251 43 avlöningsför-

117 741 122 33 måner
253 740 113 34 under
379 739 242 35 innevarande
634 739 174 42 budgetår
822 737 192 40 meddelat,
1031 742 55 30 att
1101 736 228 43 inspektören
1345 736 56 33 för
1415 735 189 43 fullgöran-

116 786 44 34 de
178 798 46 21 av
242 786 62 33 sitt
320 785 164 42 uppdrag
500 785 94 33 varit
610 783 208 43 tjänstledig
834 783 79 34 från
933 783 53 33 sin
1006 781 360 43 övningslärartjänst
1383 780 113 34 under
1515 792 90 21 sam-

117 830 160 43 manlagt
290 833 41 31 51
348 829 110 43 dagar
471 829 113 34 under
597 828 255 35 höstterminen
870 830 86 32 1944
973 827 66 34 och
1054 826 126 35 därvid
1197 838 45 22 av
1258 826 78 34 sina
1351 824 253 43 avlöningsför-

116 876 125 33 måner
257 875 138 34 avstått
413 878 16 30 1
445 878 66 30 470
527 874 133 34 kronor
676 877 43 30 84
737 876 70 31 öre.
824 873 74 34 Det
915 872 95 34 finns
1029 872 105 42 ingen
1153 870 190 43 anledning
1360 869 173 40 förmoda,
1553 873 52 30 att

116 920 72 34 hon
208 919 112 34 under
339 919 212 43 budgetåret
572 918 155 43 1945/46
748 917 161 34 kommer
928 921 56 30 att
1004 928 88 22 vara
1112 915 208 43 tjänstledig
1341 915 11 34 i
1374 914 137 35 mindre
1534 926 71 22 om-

115 964 168 43 fattning.
298 964 84 34 Hon
396 964 71 33 kan
484 964 102 33 alltså
602 975 45 22 av
663 963 75 34 sina
753 961 364 43 avlöningsförmåner
1131 960 112 34 under
1260 959 158 34 nämnda
1432 959 175 42 budgetår

115 1009 181 34 förmodas
311 1009 146 33 komma
474 1012 55 30 att
545 1008 103 33 avstå
664 1007 109 34 minst
790 1011 19 30 3
824 1010 65 30 000
907 1006 132 33 kronor
1057 1005 82 34 eller
1157 1009 65 30 500
1240 1004 132 34 kronor
1389 1016 75 21 mer
1482 1007 45 30 än
1546 1003 60 34 det

116 1066 47 21 av
178 1052 390 44 departementschefen
583 1052 199 42 föreslagna
797 1051 159 34 arvodet.

162 1160 75 34 Hos
255 1159 321 43 skolöverstyrelsen
593 1158 113 34 finnas
723 1157 51 34 för
791 1157 214 35 närvarande
1023 1156 171 34 anställda
1212 1168 40 22 en
1270 1155 106 34 förste
1394 1154 210 44 gymnastik-

119 1214 182 33 konsulent
314 1213 10 33 i
338 1212 202 43 lönegraden
552 1212 53 33 Eo
619 1215 55 37 26,
688 1224 40 21 en
741 1211 106 34 andre
860 1209 378 44 gymnastikkonsulent
1252 1209 11 34 i
1278 1208 203 43 lönegraden
1495 1208 53 33 Eo
1562 1211 41 30 21

118 1273 91 29 samt
229 1278 43 22 en
295 1266 142 34 särskild
459 1265 190 43 sakkunnig
671 1265 79 34 med
771 1264 157 43 uppdrag
950 1268 53 30 att
1025 1263 279 34 omhänderhava
1327 1262 85 34 visst
1435 1261 169 43 organisa-

120 1320 205 35 tionsarbete
339 1318 215 35 beträffande
569 1317 429 43 värntjänstutbildningen
1015 1317 64 33 och
1095 1316 250 34 folkskolornas
1360 1314 245 43 friluftsdagar.

117 1374 122 34 Såsom
260 1386 43 21 av
324 1373 66 33 den
411 1374 10 33 i
444 1372 58 34 det
523 1372 204 42 föregående
746 1371 160 33 lämnade
927 1370 230 42 redogörelsen
1179 1369 151 42 framgår
1352 1369 61 33 har
1436 1368 168 34 skolöver-

120 1426 161 43 styrelsen
301 1426 89 42 gjort
406 1425 249 42 framställning
673 1437 58 22 om
749 1429 54 29 att
821 1423 237 34 förstnämnda
1077 1423 63 34 två
1159 1422 232 42 befattningar
1411 1422 105 34 skulle
1535 1433 70 21 om-

119 1480 136 39 ändras,
273 1479 106 33 förste
399 1477 531 44 gymnastikkonsulenttjänsten
951 1476 50 34 till
1023 1488 41 23 en
1084 1475 195 42 befattning
1300 1487 73 22 som
1395 1474 210 43 gymnastik-

120 1533 59 34 råd
202 1533 10 33 i
235 1532 203 42 lönegraden
460 1531 31 34 A
505 1534 42 31 30
571 1531 64 34 och
659 1530 104 34 andre
784 1528 533 44 gymnastikkonsulenttjänsten
1340 1528 49 34 till
1411 1540 43 21 en
1478 1527 127 34 befatt-

119 1586 80 43 ning
224 1597 72 22 som
319 1583 380 44 gymnastikkonsulent
722 1583 11 33 i
756 1582 204 43 lönegraden
983 1582 31 33 A
1028 1584 57 38 24,
1109 1581 169 42 varjämte
1300 1593 44 21 en
1369 1593 47 30 ny
1441 1580 164 34 ordinarie

118 1636 571 46 gymnastikkonsulentbefattning
715 1636 105 34 skulle
847 1636 155 33 inrättas.
1031 1634 383 44 Departementschefen
1442 1634 63 33 har
1532 1634 73 34 icke

118 1693 153 33 förordat
290 1690 255 44 framläggande
564 1690 52 34 för
634 1690 177 42 riksdagen
834 1702 44 21 av
898 1689 126 42 förslag
1044 1689 10 34 i
1076 1688 149 43 enlighet
1245 1689 78 33 med
1346 1688 67 33 vad
1436 1687 168 34 skolöver-

121 1746 161 43 styrelsen
301 1744 144 35 sålunda
462 1744 187 34 hemställt.
667 1743 136 35 Genom
820 1742 213 35 motionerna
1051 1743 29 33 I:
1096 1746 42 30 29
1159 1742 63 34 och
1241 1741 50 34 II:
1306 1745 43 30 84
1369 1742 62 33 har
1450 1741 156 34 däremot

119 1799 118 42 frågan
253 1810 58 22 om
326 1797 431 43 personalorganisationen
773 1797 45 41 på
833 1795 305 44 gymnastikroteln
1155 1795 118 43 bragts
1289 1795 106 34 under
1412 1794 193 43 riksdagens

120 1852 177 43 prövning.
317 1851 182 34 Utskottet
519 1851 62 33 har
599 1850 53 33 för
672 1849 48 34 sin
741 1850 51 33 del
812 1849 74 34 icke
904 1848 117 34 funnit
1041 1849 49 42 sig
1110 1849 84 33 böra
1213 1849 46 42 på
1279 1847 202 34 motionsvis
1501 1847 103 34 fram-

119 1905 123 35 ställda
262 1904 176 43 yrkanden
458 1903 175 42 tillstyrka
655 1915 41 21 en
718 1903 38 33 så
776 1914 77 30 pass
876 1901 215 34 omfattande
1112 1901 203 42 utbyggnad
1337 1913 46 21 av
1404 1900 200 42 överstyrel-

120 1970 74 22 sens
214 1956 293 43 gymnastikrotel.
527 1956 72 33 Det
618 1967 99 30 synes
738 1954 167 43 nämligen
925 1954 171 34 utskottet
1115 1954 207 42 uppenbart,
1343 1958 55 29 att
1418 1953 110 34 beslut
1549 1965 56 21 om

120 2023 40 22 en
180 2009 97 43 dylik
299 2009 287 42 omorganisation
610 2008 61 34 bör
692 2009 10 33 i
725 2008 108 34 första
855 2007 93 34 hand
971 2006 147 43 grundas
1142 2007 46 42 på
1209 2006 126 43 förslag
1357 2007 9 33 i
1391 2009 116 32 ämnet
1529 2006 76 34 från

122 2063 127 43 Kungl.
268 2062 124 42 Maj:ts
412 2062 84 34 sida.
514 2061 183 34 Utskottet
718 2061 110 34 ställer
848 2061 49 42 sig
917 2059 113 35 därför
1050 2060 187 48 avvisande
1256 2059 53 35 till
1330 2059 55 34 det
1406 2058 200 35 motionsvis

118 2116 212 33 framställda
348 2115 180 42 yrkandet.
547 2114 182 34 Utskottet
747 2114 57 33 vill
824 2113 88 34 dock
931 2114 8 33 i
960 2113 94 33 detta
1073 2112 248 43 sammanhang
1339 2111 192 41 framhålla,
1543 2109 63 36 att

121 2171 59 32 det
204 2173 95 38 synts
323 2168 169 34 utskottet
517 2168 83 33 böra
622 2170 198 39 övervägas,
844 2166 169 34 huruvida
1038 2166 104 33 andre
1166 2165 440 43 gymnastikkonsulentens

121 2220 247 43 löneplacering
381 2221 66 33 kan
463 2232 98 21 anses
576 2220 156 42 lämpligt
748 2219 134 42 avvägd
896 2219 76 33 med
989 2219 133 42 hänsyn
1138 2223 101 37 tagen
1255 2219 50 33 till
1321 2218 283 42 löneplaceringen

121 2275 49 32 för
191 2274 42 34 de
253 2273 166 33 ordinarie
439 2272 328 43 gymnastiklärarna
791 2272 69 33 dels
884 2272 55 32 vid
964 2272 40 33 de
1026 2271 172 33 allmänna
1217 2271 211 38 läroverken,
1450 2271 68 34 dels
1541 2271 63 33 ock

122 2327 55 32 vid
191 2325 235 43 gymnastiska
441 2325 311 33 centralinstitutet.

164 2379 74 32 Det
251 2379 10 32 i
276 2378 180 33 motionen
472 2378 28 32 I:
517 2380 63 30 154
596 2376 223 34 framställda
833 2377 168 41 förslaget
1017 2389 58 20 om
1092 2376 203 33 inrättande
1312 2388 46 21 av
1375 2388 42 21 en
1434 2387 47 30 ny
1496 2376 110 33 förste

120 2430 480 44 byråsekreterarbefattning,
634 2430 126 33 avsedd
794 2429 51 34 för
875 2429 265 42 överstyrelsens
1174 2428 340 43 folkskolavdelning,
1546 2429 62 33 har

120 2485 85 39 givit
226 2484 173 33 utskottet
424 2484 188 40 anledning
633 2483 218 42 ifrågasätta,
870 2482 177 33 huruvida
1067 2482 61 33 det
1147 2494 41 21 ur
1208 2481 297 42 organisatoriska
1526 2494 79 30 syn-

1662 1159 141 25 Utskottet.
