2204 2680
676 196 263 36 Statsutskottets
968 196 173 35 Utlåtande
1164 198 61 32 N:o
1247 200 29 30 3.
1719 200 16 26 7

621 290 55 33 att
703 288 41 34 de
772 287 54 34 till
852 286 323 45 häradshöfdingen
1202 286 11 35 i
1232 285 134 36 Vestra
1386 284 166 36 Värends
1572 284 206 35 nuvarande

571 340 166 43 domsaga
778 339 171 43 anslagna
990 337 450 46 tjenstgöringspenningar
1472 334 56 36 må
1554 336 153 34 fördelas
1734 333 45 46 på

570 393 72 32 sätt
682 387 384 46 statsrådsprotokollet
1098 389 98 35 öfver
1226 387 550 45 justitiedepartementsärenden

570 443 65 33 den
668 443 42 33 12
736 441 144 45 januari
910 442 92 33 1891
1031 443 184 41 upptager.

304 527 73 36 Vid
403 527 100 35 bifall
530 527 54 35 till
611 527 94 34 hvad
733 527 175 34 utskottet
935 526 10 33 i
973 526 112 35 denna
1113 525 112 44 punkt
1244 524 182 44 föreslagit
1445 524 154 34 kommer
1620 523 159 44 anslaget

171 581 53 34 till
258 579 94 36 Göta
384 579 135 34 hofrätt
547 579 74 34 med
651 578 172 34 derunder
849 577 151 43 lydande
1024 577 222 44 justitiestat,
1278 577 155 41 310,021
1464 576 139 42 kronor,
1633 577 52 32 att
1714 575 64 34 för-

171 632 100 45 höjas
298 632 54 33 till
382 631 158 42 514,521
570 630 140 34 kronor.

856 726 243 40 Fångvården.

308 820 65 33 2:0.
430 817 123 36 Under
594 817 113 34 denna
748 808 220 52 anslagstitel
1004 816 64 34 har
1100 815 129 44 Kongl.
1268 814 108 44 Maj:t
1408 814 192 44 föreslagit,
1630 817 54 31 att
1712 814 66 34 arf-
1810 814 144 44 Angående

172 870 105 35 vodet
304 870 55 33 till
386 869 230 44 predikanten
644 868 60 35 vid
730 868 237 34 kronohäktet
994 867 11 34 i
1032 865 191 46 Norrtelje,
1249 868 71 33 400
1339 867 138 42 kronor,
1497 863 108 37 måtte
1626 865 154 45 förhöjas
1793 851 35 67 IE
1845 852 124 64 arkodet

172 921 77 34 med
279 922 71 33 200
378 921 141 42 kronor,
549 921 83 33 eller
660 917 133 36 således
820 919 54 34 till
904 920 70 33 600
1002 919 138 33 kronor.
1782 919 43 26 till
1835 919 145 38 predikan-

309 970 52 35 Af
398 969 396 45 statsrådsprotokollet,
832 970 52 34 till
922 969 136 35 hvilket
1085 970 174 33 utskottet
1287 969 10 33 i
1326 968 107 44 öfrigt
1461 965 54 37 får
1544 967 157 43 hänvisa,
1731 967 46 34 in-
1815 953 138 67 Norrtelje

174 1024 135 34 hemtas
339 1020 97 48 (sidd.
467 1021 110 47 4—6)
607 1021 310 44 hufvudsakligen:
1798 1021 171 27 kronohäkte.

308 1076 53 32 att
404 1076 137 32 senaste
581 1071 254 36 innehafvaren
877 1072 38 34 af
952 1069 536 46 fångpredikantsbefattningen
1529 1070 58 33 vid
1628 1069 150 35 nämnda
1854 1063 50 33 [2

175 1125 222 35 kronohäkte
438 1126 125 42 begärt
604 1123 244 44 entledigande
889 1120 166 46 derifrån,
1089 1120 37 36 så
1154 1122 81 35 vida
1263 1122 77 34 icke
1368 1122 100 33 lönen
1498 1120 53 35 för
1579 1121 199 34 densamma

174 1177 117 34 kunde
319 1176 100 45 höjas
447 1176 53 34 till
530 1177 69 33 600
629 1175 145 43 kronor;

310 1230 54 31 att
404 1226 255 44 befattningen,
701 1226 105 33 sedan
848 1224 225 35 omförmälda
1114 1225 155 42 begäran
1301 1222 156 42 bifallits,
1491 1226 128 31 tvenne
1646 1221 133 46 gånger

175 1278 191 35 förklarats
406 1278 103 43 ledig,
551 1280 84 31 utan
679 1279 53 31 att
771 1276 60 34 vid
871 1274 328 44 ansökningstidens
1239 1271 135 46 utgång
1405 1271 113 46 någon
1546 1275 154 33 sökande
1727 1275 53 43 sig

176 1331 147 42 anmält,

311 1383 54 32 att
392 1375 363 48 fångvårdsstyrelsen
785 1376 115 35 derför
928 1377 72 34 dels
1027 1374 78 36 från
1134 1376 64 33 den
1231 1377 15 32 1
1274 1375 88 43 april
1387 1377 92 32 1890
1500 1375 53 34 till
1573 1385 130 24 samma
1723 1373 57 36 års

176 1434 79 41 slut,
278 1432 71 34 dels
370 1431 63 34 ock
455 1430 53 34 för
522 1429 238 34 innevarande
776 1426 39 36 år
830 1426 89 36 måst
934 1427 129 44 bevilja
1079 1426 186 44 tillökning
1279 1426 52 34 uti
1347 1423 271 46 ifrågavarande
1635 1426 144 35 arfvode

176 1484 74 33 med
286 1485 70 32 200
390 1482 128 33 kronor
553 1481 88 33 efter
674 1478 39 36 år
746 1479 162 42 räknadt,
942 1479 122 33 hvilka
1092 1476 165 45 åtgärder
1289 1477 38 33 af
1351 1476 129 44 Kongl.
1509 1476 107 45 Maj:t
1644 1477 134 45 gillats;

310 1536 90 32 samt
450 1534 63 40 att,
561 1531 110 44 enligt
715 1531 94 34 hvad
854 1527 365 46 fångvårdsstyrelsen
1264 1528 182 43 meddelat,
1493 1528 58 34 vid
1597 1526 182 47 Norrtelje

177 1585 232 39 kronohäkte,
439 1584 61 32 der
527 1583 200 33 medeltalet
754 1579 126 46 fångar
907 1581 110 33 under
1045 1578 39 36 år
1115 1581 92 33 1889
1233 1579 162 44 utgjorde
1424 1581 53 40 15,
1501 1579 278 45 tjenstgöringen

179 1646 81 25 vore
288 1635 81 34 fullt
393 1634 178 44 jemförlig
598 1633 76 34 med
702 1633 64 33 den
796 1632 58 34 vid
881 1631 299 43 länsfängelserna
1208 1631 10 32 i
1246 1629 193 44 Nyköping
1466 1631 63 33 och
1556 1629 115 45 Visby
1691 1634 90 31 samt

178 1687 266 35 kronohäktena
485 1685 9 32 i
529 1684 217 41 Eskilstuna,
775 1682 205 42 Vestervik,
1009 1681 226 41 Karlshamn,
1263 1680 167 44 Varberg
1457 1682 63 33 och
1548 1680 230 45 Haparanda,

177 1739 56 34 vid
276 1737 121 35 hvilka
439 1733 365 46 fångvårdsanstalter
837 1734 134 34 antalet
1003 1729 126 47 fångar
1160 1733 110 33 under
1298 1729 39 37 år
1369 1733 91 33 1889
1490 1732 93 34 varit
1611 1734 97 42 lägre
1735 1737 45 30 än

177 1790 58 34 vid
255 1786 181 45 Norrtelje
452 1787 230 40 kronohäkte,
699 1796 76 23 men
791 1784 368 44 predikantsarfvodet
1174 1783 145 43 utginge
1334 1783 75 33 med
1428 1785 71 32 600
1516 1784 129 33 kronor
1660 1784 53 34 för
1728 1782 49 36 år.

311 1838 188 35 Utskottet
526 1837 212 42 hemställer,

629 1924 53 31 att
722 1920 161 36 arfvodet
922 1921 54 33 till
1008 1919 230 44 predikanten
1272 1919 57 34 vid
1365 1919 234 34 kronohäktet
1633 1920 12 34 i
1672 1919 107 35 Norr-

576 1972 96 43 telje,
702 1973 72 33 400
802 1972 141 42 kronor,
972 1969 55 36 må
1054 1970 100 44 höjas
1182 1970 77 34 med
1287 1971 71 34 200
1387 1970 129 33 kronor
1545 1971 83 34 eller
1648 1969 133 36 således

579 2023 53 34 till
662 2025 70 32 600
761 2023 138 34 kronor.

312 2125 72 35 Vid
426 2125 99 34 bifall
565 2124 54 34 till
659 2124 93 34 hvad
792 2124 175 33 utskottet
1002 2123 110 33 under
1144 2123 111 34 denna
1283 2122 112 43 punkt
1422 2122 175 42 hemstält,
1626 2122 155 34 kommer

178 2176 179 35 bestämda
399 2176 160 43 anslaget
598 2175 54 34 till
692 2172 144 47 fångars
876 2171 87 37 vård
1004 2174 61 33 och
1106 2171 194 45 underhåll,
1345 2174 158 42 505,800
1545 2173 139 43 kronor,
1727 2176 52 31 att

179 2226 116 46 uppgå
334 2228 55 34 till
432 2227 159 42 506,000
633 2226 130 34 kronor
795 2229 90 31 samt
918 2223 132 35 således
1077 2222 355 47 fångvårdsanslaget
1459 2224 11 33 i
1498 2224 50 33 sin
1578 2225 127 43 helhet,
1735 2234 46 24 nu

183 2280 194 42 1,781,200
406 2279 140 41 kronor,
576 2279 53 32 att
656 2276 100 45 höjas
784 2277 53 34 till
868 2276 194 43 1,781,400
1090 2276 138 34 kronor.
