2250 2630
455 133 18 29 s
587 132 119 33 Andra
731 132 217 34 Kammarens
975 134 179 43 Tillfälliga
1183 135 139 32 Utskotts
1345 136 77 40 (N:o
1447 139 33 35 5)
1512 137 169 33 Utlåtande
1704 138 65 32 N:o
1792 140 52 31 23.

410 211 67 48 lag
518 210 211 38 detsamma
771 224 82 23 som
894 224 61 23 om
994 211 75 37 alla
1097 213 128 46 andra,
1256 214 91 36 eller
1375 220 54 31 att
1458 214 87 48 den,
1575 229 83 24 som
1686 216 111 38 bröte
1825 223 80 31 mot
1934 219 93 37 den-

411 275 167 24 sammas
607 263 297 47 bestämmelser,
934 268 143 32 utsatte
1106 264 60 49 sig
1193 265 59 37 för
1279 265 129 37 risken
1437 266 42 36 af
1503 272 56 31 ett
1586 269 86 36 åtal.
1722 268 71 38 Om
1823 270 129 36 därför
1972 276 57 31 ett

408 314 156 50 mejeris
593 320 104 30 smör
724 314 13 35 i
766 314 178 49 England
973 315 187 37 befunnes
1188 316 192 37 innehålla
1408 318 110 36 öfver
1549 320 45 34 16
1624 326 160 42 procent
1803 326 131 32 vatten
1953 322 73 37 och

409 379 84 24 som
535 366 98 47 följd
673 365 116 36 häraf
821 365 127 38 blefve
984 367 255 49 beslagtaget,
1279 368 108 49 ålåge
1421 369 65 37 det
1515 371 190 38 allmänna
1734 373 207 49 åklagaren
1970 380 56 31 att

408 417 230 37 föranstalta
680 430 62 23 om
786 418 74 35 åtal
897 424 80 31 mot
1014 419 285 37 vederbörande
1342 421 134 49 mejeri
1504 422 72 36 och
1604 422 105 38 detta
1738 424 105 49 finge
1872 425 46 36 då
1946 425 79 37 lida

407 468 193 50 följderna
643 468 41 36 af
723 468 60 36 sin
823 469 354 49 lagöfverträdelse.
1233 471 76 37 För
1347 478 54 31 att
1435 477 50 32 än
1522 487 104 23 mera
1655 475 207 38 öfvervaka
1889 478 136 47 lagens

407 519 231 37 efterlefnad
665 519 121 37 borde
815 521 63 36 det
907 521 132 49 åligga
1067 525 129 46 någon
1225 523 244 49 myndighet,
1495 530 27 31 t.
1544 539 57 23 ex.
1623 526 47 36 de
1691 527 101 36 olika
1809 529 213 48 platsernas

406 571 427 49 hälsovårdsnämnder,
864 578 57 31 att
949 574 55 36 tid
1033 574 98 36 efter
1157 588 127 23 annan
1312 575 78 37 låta
1409 581 137 44 uttaga
1564 578 91 48 prof
1670 578 42 36 af
1727 578 57 36 till
1804 580 80 36 salu
1904 580 121 38 hållet

406 623 238 48 mejerismör
684 623 13 37 i
739 624 72 36 och
852 624 59 37 för
947 626 537 50 vattenhaltsundersökning,
1524 628 165 38 hvarvid
1726 630 251 50 proftagaren
2009 633 14 36 i

405 674 173 38 vittnens
607 680 164 32 närvaro
798 676 105 49 finge
932 680 21 33 å
982 677 155 37 dritteln
1165 678 91 37 eller
1283 682 50 46 på
1361 685 116 31 annat
1506 685 75 32 sätt
1609 680 215 38 identifiera
1853 683 64 36 det
1944 684 77 37 till-

403 726 196 37 verkande
645 727 193 48 mejeriets
883 742 127 23 namn.
1080 729 133 37 Denna
1256 730 167 38 kontroll
1466 732 110 37 öfver
1616 733 135 49 lagens
1793 734 227 38 efterlefnad

403 777 155 37 komme
602 783 56 32 att
695 778 121 38 blifva
853 780 157 37 förenad
1040 781 86 36 med
1155 781 153 50 mycket
1336 783 112 49 ringa
1477 784 163 36 kostnad
1669 785 70 37 och
1769 785 119 38 blifva
1914 799 106 25 mera

402 830 157 37 effektiv
587 835 48 31 än
663 831 569 51 vattenhaltsundersökningar
1259 834 13 36 i
1300 835 360 49 exporthamnarna.
1716 837 57 36 Af
1788 851 52 23 nu
1859 838 161 38 anförda

402 881 85 36 skäl
538 882 211 49 afstyrktes
800 883 470 50 förvaltningsutskottets
1323 886 145 49 förslag
1520 889 197 47 angående
1767 890 251 38 vattenhalts-

400 933 336 50 undersökningar
774 935 41 36 af
847 941 102 31 smör
991 936 73 37 och
1104 937 187 37 vidhölles
1334 938 62 37 det
1437 940 104 36 förut
1582 940 214 50 framlagda
1832 941 187 50 förslaget

400 998 62 23 om
491 985 66 49 lag
585 991 80 31 mot
693 986 294 50 fabriksmässig
1015 988 256 49 tillverkning
1297 990 13 36 i
1330 990 71 36 och
1420 991 62 36 för
1501 991 232 50 försäljning
1752 992 43 37 af
1810 998 101 32 smör
1930 994 87 37 med

400 1050 47 22 en
474 1037 215 37 vattenhalt
718 1038 42 36 af
784 1039 108 37 öfver
922 1041 46 35 16
999 1046 168 43 procent.

530 1088 156 49 Frågan
714 1090 174 37 förekom
917 1091 169 37 därefter
1113 1093 64 36 vid
1205 1094 282 37 sammanträde
1516 1095 88 36 med
1633 1095 75 37 den
1736 1096 43 36 af
1795 1097 140 36 ombud
1956 1097 61 37 för

399 1140 218 49 respektive
647 1141 441 52 hushållningssällskap
1116 1145 208 36 bestående
1345 1146 190 48 styrelsen
1555 1147 58 36 för
1632 1148 385 50 smörprofningarna

398 1191 74 37 den
504 1194 45 34 17
579 1193 211 37 november
820 1196 110 35 1908.
987 1196 144 36 Därvid
1158 1197 173 48 yppades
1360 1197 224 50 skiljaktiga
1611 1200 214 49 meningar.
1867 1200 60 37 En
1952 1201 63 37 del

396 1243 250 37 medlemmar
688 1248 145 46 ansågo
875 1246 46 37 de
959 1246 219 50 föreslagna
1210 1248 388 51 undersökningarna
1625 1250 84 38 icke
1738 1251 108 37 skola
1874 1251 141 39 bereda

396 1295 354 38 tillfredsställande
792 1298 206 47 garantier,
1041 1300 137 36 medan
1220 1301 117 36 andra
1380 1304 145 47 ansågo
1568 1302 65 36 det
1670 1303 43 35 af
1737 1303 276 49 förvaltnings-

395 1347 192 36 utskottet
623 1348 217 49 framlagda
868 1350 187 48 förslaget
1081 1351 93 36 böra
1204 1365 110 23 anses
1343 1353 355 38 tillfredsställande
1728 1355 73 36 och
1829 1356 184 37 innebära

396 1398 75 36 den
505 1399 96 36 enda
629 1405 133 44 utväg,
793 1414 81 23 som
902 1402 60 36 för
991 1403 238 37 närvarande
1258 1404 108 37 stode
1395 1405 56 36 till
1478 1405 110 37 buds.
1637 1406 73 36 Vid
1740 1407 163 36 anställd
1932 1420 80 24 om-

394 1450 181 49 röstning
604 1452 162 48 segrade
795 1452 233 38 framställdt
1055 1454 184 48 yrkande,
1270 1461 55 30 att
1353 1456 186 49 förslaget
1563 1460 116 34 måtte
1699 1458 205 49 afstyrkas,
1925 1460 87 36 med

397 1503 45 34 19
471 1506 125 32 röster
624 1508 81 31 mot
736 1505 59 34 17.

525 1553 438 51 Landtbruksstyrelsen
991 1557 72 35 har
1091 1558 214 36 sedermera
1333 1559 12 35 i
1373 1559 198 36 utlåtande
1591 1561 42 35 af
1649 1561 73 36 den
1744 1563 46 34 15
1812 1562 200 37 december

397 1606 99 35 1908
534 1604 182 38 förklarat
745 1607 62 48 sig
834 1607 238 37 fortfarande
1100 1609 168 36 vidhålla
1297 1610 46 36 de
1371 1611 93 46 skäl,
1494 1611 133 37 hvilka
1655 1613 12 36 i
1695 1614 212 36 utlåtandet
1936 1615 74 36 den

394 1659 48 33 22
478 1657 76 49 maj
589 1658 97 36 1908
717 1659 147 36 anförts
892 1659 58 36 till
979 1660 88 36 stöd
1098 1661 59 35 för
1184 1662 208 48 styrelsens
1421 1663 100 35 åsikt
1549 1676 62 23 om
1640 1665 302 48 olämpligheten
1972 1667 42 36 af

391 1708 249 37 utfärdandet
682 1709 43 37 af
763 1710 71 37 den
876 1710 222 50 föreslagna
1138 1713 128 48 lagen,
1300 1726 89 24 men
1419 1728 92 23 anse
1539 1728 48 23 en
1620 1717 226 48 ytterligare
1875 1718 135 49 skärpt

390 1760 170 36 kontroll
603 1760 108 37 öfver
751 1762 265 38 vattenhalten
1053 1764 69 36 hos
1152 1770 281 43 exportsmöret
1462 1766 93 36 böra
1584 1768 293 49 åvägabringas.
1933 1769 76 37 För

391 1811 58 36 sin
480 1811 62 37 del
570 1812 97 36 hade
696 1814 191 47 styrelsen
915 1814 83 37 icke
1026 1818 120 46 något
1173 1817 12 35 i
1214 1816 220 38 hufvudsak
1455 1823 55 31 att
1531 1818 124 37 erinra
1675 1824 82 32 mot
1777 1820 64 36 det
1860 1821 149 49 förslag

390 1862 59 36 till
490 1863 289 38 bestämmelser
820 1867 199 47 angående
1061 1867 292 49 undersökning
1388 1870 42 35 af
1459 1871 265 36 vattenhalten
1753 1872 71 36 hos
1852 1878 154 44 export-

390 1920 115 42 smör,
536 1928 82 23 som
647 1916 42 36 af
715 1917 165 36 svenska
909 1919 407 49 smörprofningarnas
1338 1920 410 50 förvaltningsutskott
1767 1924 238 47 framställts,

391 1979 88 23 men
521 1967 190 49 styrelsen
751 1971 142 47 ansåge
921 1970 97 47 icke,
1048 1975 56 32 att
1133 1971 62 37 det
1224 1972 123 36 skulle
1374 1986 92 23 vara
1494 1973 178 50 lämpligt
1702 1980 57 31 att
1787 1976 121 36 under
1936 1989 69 23 nu-

389 2018 169 37 varande
587 2019 266 37 förhållanden
881 2021 70 36 och
980 2022 119 37 innan
1129 2023 252 49 meningarna
1401 2025 12 36 i
1432 2030 130 32 ämnet
1585 2026 139 37 hunnit
1742 2040 105 24 mera
1866 2028 138 49 stadga

389 2069 72 49 sig,
505 2073 124 34 såsom
672 2071 447 51 förvaltningsutskottet
1160 2075 213 49 föreslagit,
1417 2077 60 37 för
1515 2079 488 49 smörundersökningarna

387 2127 182 42 upprätta
611 2127 56 31 ett
709 2129 89 42 eget
839 2124 281 50 laboratorium,
1155 2127 101 37 helst
1285 2128 66 36 det
1377 2132 50 45 på
1456 2129 165 36 förhand
1649 2130 84 37 icke
1762 2131 127 36 kunde
1916 2131 88 37 med

388 2172 179 38 säkerhet
607 2173 195 50 bedömas,
845 2188 61 25 om
944 2177 72 36 och
1045 2177 12 36 i
1084 2178 102 36 hvad
1214 2182 90 33 mån
1333 2180 255 37 allmänheten
1616 2181 89 37 ville
1733 2182 181 49 begagna
1941 2183 63 48 sig

386 2223 43 36 af
462 2229 56 31 ett
551 2226 137 36 sådant
716 2227 70 37 och
817 2228 179 37 särskildt
1024 2230 318 38 smörhandlarna
1369 2232 233 38 underkasta
1631 2233 61 49 sig
1721 2234 73 37 den
1823 2234 178 47 kontroll,
