1900 2800
285 175 39 28 18
739 169 247 28 Statsutskottets
1007 168 157 27 utlåtande
1185 176 36 18 nr
1244 167 64 26 149.

282 253 190 29 emellertid
494 249 530 39 författningsbestömmelserna
1044 249 85 28 böra
1154 246 37 31 så
1215 246 170 30 utformas
1410 248 49 27 att
1483 254 41 20 av
1549 245 79 29 dem
1652 243 122 39 tydligt

284 296 164 39 framgår.
467 298 48 28 att
530 294 243 38 statsgarantin
790 294 138 38 upphör
944 293 10 29 i
970 293 64 29 och
1050 292 78 29 med
1145 294 48 27 att
1209 289 353 39 försäljningsavtalet
1579 288 149 30 träffats.

328 342 79 29 Med
430 342 65 29 den
516 340 215 39 ståndpunkt
750 339 57 39 jag
828 338 123 39 intagit
978 338 3 29 i
1003 347 48 20 nu
1071 337 146 29 berörda
1238 334 98 39 fråga
1358 344 58 20 om
1439 333 261 39 statsgarantins
1724 335 49 27 ut-

285 386 201 37 sträckning
504 385 10 29 i
533 385 94 29 tiden
646 384 111 38 följer,
779 386 48 27 att
848 380 427 39 auktorisationsgarantin
1294 380 10 29 i
1325 378 97 39 varje
1440 378 63 30 fall
1522 378 77 29 icke
1617 378 159 29 kommer

284 433 48 27 att
357 430 159 38 upphöra
540 429 143 38 tidigare
707 430 45 28 än
775 427 254 38 statsgarantin.
1056 424 111 40 Något
1189 425 111 29 behov
1325 433 43 20 av
1392 423 67 29 den
1482 422 170 30 särskilda
1677 424 97 27 stats-

285 474 159 38 garantin
468 473 55 30 för
548 471 656 40 skogsägareföreningen-uppköparen
1229 477 100 30 synes
1354 467 120 30 därför
1498 467 74 29 icke
1598 466 175 38 föreligga,

285 519 9 27 i
314 518 46 30 all
379 518 186 38 synnerhet
584 527 75 20 som
679 514 429 39 auktorisationsgarantin
1127 515 38 29 är
1183 512 267 38 fördelaktigare
1470 521 41 20 ur
1529 511 247 38 uppköparens

285 562 227 30 ekonomiska
542 562 186 37 synpunkt.
760 558 435 39 Auktorisationsgarantin
1225 557 232 30 tillförsäkrar
1486 555 174 38 nämligen
1690 563 84 29 upp-

284 607 157 37 köparen
468 606 189 38 ersättning
685 605 54 29 för
767 605 107 29 veden
904 604 50 30 till
981 603 197 38 inköpspris
1206 602 106 38 jämte
1340 601 146 30 däröver
1514 599 262 31 tillkommande

285 652 196 35 kostnader,
511 651 110 30 under
648 651 57 29 det
733 652 48 27 att
809 650 66 29 den
905 648 135 38 vanliga
1070 646 243 39 statsgarantin
1341 645 123 30 endast
1490 645 100 37 utgör
1617 643 159 31 säkerhet

286 696 54 30 för
366 696 67 30 den
458 693 346 40 garantiberättigade
829 696 49 27 att
903 691 130 31 erhålla
1059 691 248 39 garantipriset.
1334 690 64 38 Jag
1424 689 186 38 tillstyrker
1635 687 140 35 således,

286 743 49 27 att
353 738 455 39 skogsägareföreningarna
828 736 80 30 från
926 737 65 29 och
1009 737 79 29 med
1107 736 65 29 den
1192 737 14 27 1
1227 735 61 38 juli
1311 735 83 29 1943
1413 734 75 29 icke
1504 732 175 31 meddelas
1697 732 79 29 eller

286 783 132 30 erhålla
442 783 219 38 statsgaranti
684 782 55 30 för
762 781 86 30 efter
872 781 113 30 denna
1008 780 162 38 tidpunkt
1192 779 174 30 avverkad
1389 778 64 30 ved
1477 781 88 27 samt
1589 777 117 30 vidare
1729 779 48 27 att

287 828 220 38 statsgaranti
531 828 76 28 icke
632 827 118 37 längre
775 826 88 30 skall
888 826 122 37 utgöra
1036 824 247 38 förutsältning
1306 823 56 30 för
1387 821 389 38 avverkningsförskott.

286 872 215 37 Erforderlig
518 871 152 29 kontroll
689 872 80 28 över
788 873 49 27 att
854 869 201 30 utlämnade
1074 867 380 39 avverkningsförskott
1473 867 76 29 icke
1567 867 143 29 komma
1729 867 48 28 att

287 915 116 39 uppgå
438 916 50 29 till
521 914 117 30 alltför
674 917 90 27 stora
787 913 126 39 belopp
937 913 96 30 torde
1056 914 119 29 kunna
1199 912 122 30 vinnas
1346 910 46 40 på
1416 912 67 29 sätt
1506 910 271 30 kommissionen

287 960 186 38 föreslagit.

331 1005 73 30 Mot
429 1004 288 30 kommissionens
743 1003 130 38 förslag
898 1012 58 20 om
981 1005 48 27 att
1053 1002 268 38 veduppköpare
1348 1000 88 30 skall
1462 1001 64 37 äga
1552 1000 67 29 rätt
1645 1002 49 26 att
1719 1008 58 20 an-

287 1049 114 30 vända
424 1048 263 39 förlagskapital
708 1048 55 29 för
783 1047 214 38 avverkning
1017 1056 42 20 av
1081 1054 84 30 egen
1187 1046 85 37 skog
1292 1045 81 30 eller
1395 1044 299 38 avverkningsrätt
1715 1043 64 29 har

287 1093 58 38 jag
364 1094 10 28 i
394 1094 64 29 och
478 1093 55 29 för
552 1093 48 38 sig
618 1092 31 39 ej
668 1091 104 39 något
791 1095 49 26 alt
859 1092 122 29 erinra.
1003 1091 77 29 Med
1099 1091 136 37 hänsyn
1254 1089 51 30 till
1324 1089 43 30 de
1384 1089 95 35 krav,
1501 1098 74 20 som
1594 1089 85 28 böra
1700 1087 77 30 stäl-

288 1137 49 30 las
357 1137 46 38 på
421 1137 227 38 uppköparen
668 1139 48 27 att
734 1136 93 30 hålla
846 1136 263 29 verksamheten
1129 1133 113 31 såsom
1260 1134 205 38 uppköpare
1483 1140 88 31 noga
1592 1132 90 30 skild
1700 1130 79 31 från

288 1191 118 20 arnan
430 1181 227 32 verksamhet,
683 1190 100 20 anser
805 1180 59 38 jag
886 1180 89 29 dock
999 1182 48 27 att
1069 1179 227 38 uppköparen
1320 1178 10 29 i
1354 1177 97 38 varje
1474 1177 137 30 särskilt
1634 1176 62 30 fall
1717 1176 63 29 bör

289 1225 157 30 inhämta
467 1224 324 39 kristidsstyrelsens
816 1223 227 39 medgivande
1067 1224 49 29 till
1140 1223 95 38 dylik
1257 1222 204 39 disposition
1485 1231 43 20 av
1551 1220 227 39 förlagskapi-

289 1270 91 30 talet.

333 1315 14 29 I
373 1315 109 30 likhet
506 1315 79 29 med
611 1312 207 40 föregående
843 1312 39 30 år
906 1312 97 30 torde
1028 1312 56 29 det
1108 1310 37 31 få
1171 1312 187 28 ankomma
1385 1310 44 39 på
1456 1310 121 38 Kungl.
1606 1309 100 38 Maj:t
1732 1312 48 27 att

288 1359 159 30 meddela
472 1357 224 39 erforderliga
721 1356 275 31 administrativa
1018 1355 257 31 bestämmelser
1299 1355 149 30 rörande
1474 1354 306 39 garantiprisernas

289 1402 94 38 höjd,
406 1403 42 29 de
466 1402 125 30 virkes-
612 1403 65 29 och
697 1401 245 30 vedsortiment
962 1410 72 20 som
1054 1399 58 30 må
1131 1399 163 30 omfattas
1314 1409 43 20 av
1376 1399 219 38 statsgaranti
1616 1401 88 27 samt
1724 1407 55 20 orn

290 1447 41 30 de
354 1447 225 38 tidsperioder
600 1447 111 30 under
732 1446 93 30 vilka
846 1446 66 29 ved
933 1444 57 31 må
1012 1445 155 29 anmälas
1190 1444 55 30 för
1267 1445 134 37 garanti
1424 1444 65 29 och
1512 1443 159 39 garantin
1694 1442 85 30 skail

290 1492 100 37 gälla.

333 1538 145 30 Särskilt
499 1536 215 31 sistnämnda
735 1534 98 39 fråga
851 1535 172 38 förtjänar
1042 1534 11 29 i
1074 1535 128 37 dagens
1221 1534 74 37 läge
1316 1533 319 38 uppmärksamhet.
1660 1531 117 31 Såsom

288 1581 413 30 bränslekommissionen
718 1578 192 32 framhållit
928 1588 99 29 synes
1045 1580 56 28 det
1118 1588 82 20 vara
1218 1578 166 38 lämpligt,
1403 1580 49 28 att
1470 1587 46 20 nu
1536 1577 242 30 förberedelse-

289 1627 50 29 vis
360 1627 169 36 överväga
549 1626 93 29 vilka
662 1624 159 38 åtgärder
842 1633 75 21 som
937 1624 83 29 böra
1040 1623 155 37 vidtagas
1216 1623 56 29 vid
1294 1632 42 20 en
1357 1622 202 37 avveckling
1580 1631 41 20 av
1643 1622 136 36 vedreg-

288 1670 155 38 leringen
465 1670 54 30 för
541 1673 49 27 att
610 1670 168 37 begränsa
801 1671 128 28 statens
953 1677 123 21 ansvar
1097 1667 104 37 enligt
1225 1667 120 37 gjorda
1368 1666 204 30 utfästelser.
1610 1665 169 29 Kommis-

290 1715 121 29 sionen
435 1715 64 30 har
521 1715 10 29 i
557 1715 93 29 detta
674 1714 196 29 hänseende
895 1713 190 29 diskuterat
1109 1711 58 30 två
1190 1711 226 38 möjligheter,
1443 1711 174 37 nämligen
1643 1718 136 29 genom-

290 1759 161 30 förandet
472 1769 42 20 av
533 1762 46 27 ett
604 1758 382 37 >»avverkningsstopp»>,
1008 1757 104 29 vilket
1132 1756 109 30 skulle
1262 1756 167 29 innebära
1449 1757 48 28 att
1519 1755 133 37 garanti
1673 1754 106 29 utfär-

291 1804 106 30 dades
417 1804 76 29 med
514 1802 180 35 förbehåll,
715 1805 48 27 att
780 1802 73 35 ved,
875 1811 75 20 som
968 1801 75 29 icke
1060 1801 180 29 avverkats
1260 1799 207 38 exempelvis
1487 1809 42 20 en
1547 1798 129 31 månad
1696 1798 85 29 efter

290 1857 42 21 av
357 1847 123 38 Kungl.
506 1847 100 37 Maj:t
629 1847 157 29 bestämd
810 1846 76 37 dag,
912 1845 75 30 icke
1011 1845 86 30 skall
1122 1844 163 30 omfattas
1310 1854 42 20 av
1378 1843 229 38 statsgaranti,
1634 1843 81 30 eller
1740 1850 41 21 en

290 1892 215 37 uppdelning
523 1901 41 21 av
584 1891 245 37 statsgarantin
849 1890 10 30 i
879 1890 166 37 perioder.
1068 1889 275 30 Kommissionen
1364 1889 64 29 har
1448 1890 120 35 antytt,
1589 1890 50 27 att
1659 1895 121 30 genom

292 1939 46 27 ett
354 1936 333 37 avverkningsstopp
705 1937 110 28 staten
833 1934 198 37 visserligen
1047 1934 69 29 kan
1134 1933 125 30 hindra
1277 1935 49 28 att
1345 1933 212 36 avverkning
1577 1932 78 30 sker
1672 1931 110 30 under

291 1990 43 20 en
355 1980 118 37 längre
494 1980 188 37 tidsperiod
704 1979 63 30 och
788 1982 49 27 att
858 1979 65 29 ved
945 1977 164 31 överlåtes
1131 1976 44 39 på
1197 1980 109 27 staten
1326 1976 46 38 på
1394 1977 109 37 grund
1526 1986 41 20 av
1591 1975 190 38 garantibe-

292 2025 271 34 stämmelserna,
584 2033 81 20 men
687 2026 49 27 att
757 2025 110 28 staten
888 2023 77 29 icke
984 2023 10 29 i
1015 2025 47 27 ett
1083 2021 122 31 sådant
1227 2022 74 37 läge
1323 2022 71 29 kan
1415 2021 227 36 undandraga
1665 2020 50 37 sig
1734 2020 48 29 att

292 2069 156 37 gottgöra
474 2068 233 37 skogsägarna
731 2067 162 30 förluster
916 2066 45 38 på
986 2067 110 37 grund
1122 2076 41 20 av
1188 2066 251 30 förberedande
1463 2064 159 38 åtgärder
1647 2065 55 30 för
1726 2072 55 20 av-

292 2113 213 37 verkningen
525 2115 88 27 samt
632 2112 51 30 till
702 2112 88 37 följd
810 2121 41 20 av
871 2111 182 30 rötskador
1073 2111 201 37 uppkomna
1293 2118 123 29 genom
1438 2109 185 38 stämpling
1643 2119 42 20 av
1706 2107 75 31 sko-

293 2165 73 29 gen.
394 2156 124 31 Vidare
542 2157 120 30 kunna
687 2155 293 38 ersättningskrav
1005 2156 120 29 väntas
1151 2154 79 30 från
1254 2154 278 38 veduppköpare,
1560 2163 74 20 som
1661 2160 122 30 genom

292 2201 317 37 avverkningarnas
634 2201 207 29 inställande
866 2200 47 30 bli
939 2198 234 31 urståndsatta
1198 2201 48 28 att
1272 2199 150 37 fullgöra
1448 2197 174 38 ingångna
1647 2195 135 38 försälj-

292 2245 205 38 ningsavtal.
531 2244 77 31 Med
629 2245 136 37 hänsyn
787 2245 51 29 till
860 2245 98 29 dessa
980 2244 354 29 osäkerhetsmoment
1353 2243 65 29 och
1441 2243 107 30 andra
1570 2241 214 36 rubbningar

293 2290 9 29 i
323 2290 220 29 vedhandeln
561 2290 65 29 har
645 2289 274 30 kommissionen
939 2290 137 28 stannat
1096 2288 55 29 för
1172 2290 48 27 att
1241 2287 141 30 förorda
1404 2289 161 35 systemet
1585 2287 79 29 med
1686 2286 96 29 stats-

294 2334 177 37 garantins
491 2333 213 38 uppdelning
725 2333 10 29 i
755 2333 167 37 perioder.

339 2379 51 30 De
405 2389 42 21 av
463 2378 273 31 kommissionen
749 2377 147 30 berörda
913 2376 265 38 olägenheterna
1194 2385 41 21 av
1253 2378 46 27 ett
1315 2375 333 37 avverkningsstopp
1665 2374 119 29 kunna

294 2424 173 37 knappast
489 2425 10 28 i
522 2423 65 29 och
611 2422 55 30 för
689 2421 50 38 sig
762 2430 100 21 anses
885 2420 38 31 så
946 2420 163 38 vägande,
1134 2423 49 27 alt
1205 2429 82 20 man
1309 2419 45 38 på
1378 2420 111 37 grund
1512 2419 108 30 härav
1642 2419 63 28 bör
1728 2426 55 20 av-

294 2468 73 30 visa
388 2468 130 30 tanken
537 2466 45 39 på
603 2466 285 38 genomförandet
911 2475 42 20 av
974 2474 42 21 en
1037 2465 95 37 dylik
1155 2463 129 38 åtgärd.
1320 2463 134 31 Statens
1476 2464 168 29 intressen
1665 2462 120 29 kunna

294 2511 187 37 självfallet
498 2511 197 38 tillgodoses
716 2511 86 29 även
823 2518 124 29 genom
967 2518 41 21 en
1027 2508 213 38 uppdelning
1259 2518 41 21 av
1321 2508 245 37 statsgarantin
1586 2507 11 30 i
1616 2506 167 38 perioder.
