1898 2806
577 170 249 27 Statsutskottets
848 170 158 27 utlåtande
1028 179 36 18 nr
1088 171 63 28 149.
1574 171 35 28 17

120 258 64 31 gen
204 251 113 35 ovisst,
340 251 170 30 huruvida
533 260 82 21 man
635 250 105 39 vågar
761 252 111 29 räkna
893 252 80 29 med
993 254 49 27 att
1062 251 156 30 lastbilar
1239 252 9 29 i
1269 251 185 38 tillräcklig
1474 251 138 30 omfatt-

120 294 81 39 ning
224 295 97 30 skola
345 295 116 30 finnas
487 295 211 39 tillgängliga
724 295 55 30 för
803 296 326 38 vedtransporterna
1153 296 10 29 i
1188 295 276 39 fortsättningen.
1491 295 123 30 Därest

119 339 342 38 inskränkningarna
480 340 10 29 i
508 339 284 31 lastbilstrafiken
811 340 76 30 icke
904 340 93 30 bliva
1016 340 116 31 alltför
1151 339 94 39 långt
1264 339 139 40 gående,
1424 340 89 30 lärer
1531 349 84 21 man

119 382 188 40 hjälpligen
328 384 120 30 kunna
468 384 79 30 reda
570 384 50 38 sig
641 391 123 31 genom
785 387 49 28 att
853 388 79 35 taga
953 385 109 30 andra
1082 385 212 38 tillgängliga
1314 384 297 39 transportmedel,

119 428 205 38 exempelvis
362 429 180 35 traktorer,
569 429 207 38 släpvagnar
803 430 64 29 och
895 429 215 36 hästfordon,
1139 430 10 29 i
1177 429 162 39 anspråk.
1379 430 13 29 I
1418 432 107 28 annat
1551 429 62 30 fall

120 470 144 32 återstår
285 471 177 31 måhända
483 473 119 30 endast
625 473 56 30 det
702 474 238 38 nyssnämnda
962 475 224 30 alternativet.

164 517 292 32 Genomförandet
483 528 42 21 av
553 522 47 27 ett
627 519 396 39 avverkningsprogram
1051 528 42 21 av
1121 519 66 30 den
1216 518 294 40 storleksordning
1538 528 75 21 som

118 562 64 30 här
205 563 37 29 är
267 562 44 39 på
337 563 47 29 tal
409 562 110 31 måste
543 562 185 39 självfallet
753 563 243 38 understödjas
1022 563 79 30 från
1127 567 127 27 statens
1281 564 82 30 sida.
1401 563 51 31 De
1476 564 135 38 statliga

118 605 284 40 stödåtgärderna
423 608 45 29 ha
487 607 119 31 hittills
627 607 56 30 för
701 608 343 38 vedproducenterna
1063 609 174 30 inneburit
1258 609 134 38 garanti
1413 608 55 31 för
1486 609 126 30 vedens

117 650 142 36 inlösen,
281 651 10 29 i
312 652 66 29 den
399 652 164 30 händelse
583 652 109 30 veden
713 653 73 29 icke
807 652 117 30 finner
943 653 138 38 köpare,
1104 656 89 27 samt
1212 653 180 39 möjlighet
1413 656 49 27 att
1481 652 130 31 erhålla

117 693 148 32 förskott
292 695 56 30 för
374 696 475 38 avverkningskostnaderna.
880 697 78 30 Med
986 698 55 29 det
1068 698 290 38 uppköpssystem
1387 707 75 21 som
1488 697 122 39 åväga-

117 738 115 39 bragts
253 740 64 29 har
338 741 87 29 även
447 741 42 29 de
511 741 258 30 auktoriserade
791 742 250 38 uppköparnas
1065 743 219 30 verksamhet
1308 742 227 30 underlättats
1560 750 52 31 ge-

117 792 81 21 nom
218 784 42 29 de
278 784 217 39 möjligheter
514 795 75 20 som
608 785 51 30 stå
679 786 79 30 dem
778 786 49 30 till
847 787 89 29 buds
956 790 49 27 att
1023 786 131 31 erhålla
1174 786 265 40 förlagskapital
1458 786 55 31 för
1532 787 78 30 ved-

117 828 187 39 uppköpen
325 829 65 30 och
412 830 65 29 den
498 830 78 29 dem
598 829 256 32 tillförsäkrade
875 832 159 37 garantin
1062 831 36 39 (s.
1121 833 32 30 k.
1176 831 434 39 auktorisationsgaranti),

116 882 74 21 som
213 874 146 30 innebär
382 877 57 33 att,
470 875 4 30 i
498 875 164 30 händelse
683 885 41 20 av
747 876 154 30 ändrade
924 875 245 32 förhållanden
1193 886 74 21 som
1291 876 228 39 omöjliggöra
1541 876 69 30 för-

117 918 148 39 säljning
282 928 42 21 av
342 918 189 31 anskaffad
549 920 64 29 ved
632 920 48 29 till
698 920 67 39 pris
784 930 74 20 som
876 921 118 30 täcker
1011 921 231 39 inköpspriset
1260 921 107 39 jämte
1385 921 116 39 övriga
1519 922 91 29 kost-

116 963 107 30 nader
247 964 64 29 och
337 963 222 38 provisioner,
586 965 41 29 de
652 965 96 29 skola
774 965 120 30 kunna
919 975 42 20 av
985 966 413 30 bränslekommissionen
1423 965 37 31 få
1484 969 37 27 ut
1544 965 67 30 vad

116 1007 108 30 veden
241 1008 115 29 kostat
376 1008 88 30 dem.

158 1053 417 30 Bränslekommissionen
599 1054 65 29 har
686 1053 189 31 emellertid
898 1054 9 29 i
932 1054 89 39 syfte
1043 1058 49 27 att
1115 1054 37 31 få
1175 1054 64 31 full
1262 1055 137 30 klarhet
1421 1064 57 21 om
1502 1055 106 39 giltig-

114 1097 169 30 hetstiden
304 1097 56 30 för
380 1099 220 37 statsgaranti
620 1108 74 20 som
715 1098 191 31 meddelats
926 1099 81 30 eller
1026 1099 154 39 övergått
1200 1099 21 30 å
1241 1099 369 39 skogsägareförening

114 1141 9 29 i
147 1143 172 37 egenskap
343 1151 42 20 av
408 1142 237 30 auktoriserad
668 1143 203 38 uppköpare
893 1143 185 39 föreslagit,
1103 1147 49 27 att
1174 1144 207 39 tidpunkten
1402 1144 56 30 för
1480 1144 128 30 avläm-

115 1186 128 30 nandet
263 1196 42 20 av
327 1186 109 30 veden
458 1187 10 29 i
490 1187 112 30 stället
622 1186 64 36 för,
710 1186 115 31 såsom
847 1188 57 29 det
926 1188 151 39 stadgats
1101 1189 10 29 i
1132 1189 230 38 kungörelsen
1385 1189 66 30 den
1474 1190 39 28 22
1537 1188 71 38 maj

117 1230 81 29 1942
223 1230 78 30 med
324 1231 91 29 vissa
438 1231 259 30 bestämmelser
720 1232 50 30 till
793 1231 200 39 främjande
1014 1242 42 21 av
1080 1233 331 39 vedproduktionen,
1437 1233 94 30 tiden
1555 1233 55 30 för

114 1273 224 31 överlåtelsen
358 1284 43 20 av
421 1275 107 30 veden
549 1276 89 30 skall
658 1286 82 20 vara
760 1277 197 38 avgörande
976 1277 56 30 för
1052 1278 262 39 statsgarantins
1335 1278 164 39 giltighet.
1522 1278 86 29 Här-

113 1318 137 38 igenom
276 1319 111 30 skulle
413 1319 668 41 skogsägareföreningen-uppköparen,
1109 1332 77 20 vars
1212 1332 25 21 s.
1264 1324 33 29 k.
1326 1323 282 29 auktorisations-

114 1365 133 37 garanti
268 1365 105 38 enligt
392 1365 288 30 kommissionens
701 1365 226 39 uppfattning
949 1367 104 38 gäller
1075 1366 56 31 för
1150 1367 93 30 tiden
1265 1366 80 31 från
1368 1367 177 30 träffande
1566 1377 41 19 av

113 1409 91 29 avtal
223 1409 79 29 med
323 1409 257 38 vedproducent
601 1419 57 20 om
678 1410 107 38 inköp
806 1420 42 20 av
868 1411 65 29 ved
953 1411 50 29 till
1024 1410 169 40 ingående
1214 1421 42 20 av
1277 1411 329 38 försäljningsavtal,

112 1452 185 30 härutöver
316 1453 131 30 erhålla
467 1454 219 38 statsgaranti
706 1454 55 30 för
781 1455 93 29 tiden
893 1455 127 30 mellan
1039 1455 371 39 försäljningsavtalets
1434 1456 174 29 träffande

113 1497 64 29 och
198 1497 124 30 vedens
344 1497 230 30 avlämnande
595 1498 50 29 till
663 1499 164 38 köparen.
849 1499 14 29 I
885 1499 200 39 anslutning
1105 1500 50 30 till
1173 1500 92 30 detta
1287 1500 130 38 förslag
1437 1500 168 30 förordas.

112 1543 48 27 att
184 1542 86 29 även
293 1541 110 30 andra
427 1542 258 30 auktoriserade
707 1543 204 38 uppköpare
934 1545 45 28 än
1002 1544 410 39 skogsägareföreningar
1436 1545 98 30 skola
1557 1554 49 21 er-

112 1583 93 32 hålla
232 1586 67 29 rätt
327 1585 49 30 till
405 1587 219 37 statsgaranti
652 1587 104 39 enligt
783 1588 239 38 nyssnämnda
1049 1589 215 38 kungörelse.
1295 1588 184 31 Dessutom
1507 1599 102 20 anser

111 1630 281 36 kommissionen,
418 1634 49 27 att
489 1632 264 29 bestämmelsen
781 1631 29 39 (4
835 1630 31 41 $)
898 1642 57 20 om
979 1634 219 38 statsgaranti
1220 1632 114 31 såsom
1359 1633 248 39 förutsättning

111 1673 55 31 för
189 1675 381 38 avverkningsförskott
594 1679 84 27 utan
702 1676 181 39 olägenhet
907 1677 64 30 bör
993 1678 120 30 kunna
1137 1679 190 37 upphävas,
1353 1680 84 28 enär
1460 1679 64 29 den
1550 1679 55 29 be-

112 1719 187 38 gränsning
318 1729 42 20 av
379 1720 434 39 avverkningsförskotten,
835 1730 75 21 som
929 1722 96 30 torde
1043 1722 91 39 ligga
1151 1723 10 29 i
1181 1725 46 28 ett
1246 1723 224 38 anknytande
1488 1733 42 20 av
1550 1724 55 29 de-

111 1772 134 21 samma
267 1764 50 29 till
342 1764 67 29 viss
434 1765 54 29 del
512 1774 41 20 av
576 1765 181 38 medgiven
782 1767 231 37 statsgaranti,
1039 1776 100 29 synes
1164 1767 120 30 kunna
1309 1767 148 30 erhållas
1482 1776 123 30 genom

111 1810 49 26 att
184 1806 162 31 förbinda
371 1809 111 29 rätten
509 1809 49 29 till
583 1809 382 39 avverkningsförskott
989 1811 51 30 till
1063 1820 44 21 en
1131 1812 84 29 total
1238 1812 169 30 kvantitet
1432 1812 72 29 ved.
1532 1822 73 20 som

111 1850 109 31 håller
237 1852 51 37 sig
305 1852 95 29 inom
419 1853 187 37 gränserna
624 1853 56 30 för
697 1854 66 29 vad
783 1864 74 20 som
875 1856 39 28 är
931 1855 171 38 medgivet
1120 1855 56 30 för
1194 1856 230 38 statsgaranti.

154 1896 74 30 Vad
249 1897 171 30 beträffar
442 1898 65 29 den
527 1907 41 20 av
590 1898 273 30 kommissionen
885 1898 186 31 förordade
1091 1900 148 38 ändring
1261 1901 9 28 i
1293 1901 201 29 nuvarande
1516 1901 88 29 före-

110 1940 148 35 skrifter,
285 1941 104 37 enligt
413 1941 115 29 vilken
553 1942 110 29 skulle
687 1941 138 31 fastslås
850 1945 49 27 att
922 1944 245 37 statsgarantin
1191 1944 106 38 gäller
1321 1945 87 29 även
1433 1944 54 30 för
1512 1945 92 29 tiden

109 1984 127 30 mellan
254 1984 369 39 försäljningsavtalets
644 1985 169 39 ingående
831 1987 66 29 och
916 1987 126 30 vedens
1062 1988 239 36 avlämnande,
1323 1991 56 27 må
1401 1988 204 31 framhållas

110 2031 49 27 att
175 2027 123 39 frågan
316 2029 124 29 härom
457 2038 143 21 numera
617 2030 146 30 kommit
779 2031 9 29 i
806 2034 46 27 ett
867 2031 9 29 i
895 2031 66 30 viss
979 2031 81 30 mån
1078 2033 123 29 ändrat
1219 2033 83 38 läge.
1322 2033 112 29 Sedan
1452 2034 150 29 bränsle-

109 2074 289 30 kommissionens
418 2074 256 39 framställning
696 2075 47 30 till
764 2075 122 38 Kungl.
909 2075 100 38 Maj:t
1036 2076 3 29 i
1060 2077 117 29 ämnet
1196 2077 145 30 avlätits.
1364 2078 43 29 ha
1431 2078 172 38 nämligen

108 2118 259 30 bestämmelser
391 2118 171 30 utfärdats
588 2128 41 20 av
654 2119 9 29 i
688 2119 183 30 huvudsak
898 2120 66 29 den
989 2120 167 30 innebörd
1181 2124 48 26 att
1254 2122 73 34 ved,
1354 2131 73 20 som
1453 2132 41 19 av
1518 2132 84 28 upp-

109 2162 129 37 köpare
255 2161 139 30 försålts
415 2163 48 29 till
481 2172 41 20 av
541 2163 270 30 kommissionen
830 2164 145 30 anvisad
994 2165 138 38 köpare,
1153 2166 86 29 skall
1258 2167 118 28 kunna
1397 2176 39 20 ur
1456 2167 145 37 garanti-

109 2206 176 37 synpunkt
305 2206 166 30 likställas
491 2207 77 29 med
588 2207 97 29 osåld
704 2208 336 30 auktorisationsved
1058 2209 9 29 i
1086 2209 88 29 vissa
1194 2209 61 30 fall
1275 2220 41 19 av
1336 2210 94 29 force
1450 2210 153 38 majeure

108 2250 80 30 eller
226 2251 176 29 bristande
441 2252 133 28 solvens
603 2252 62 28 hos
693 2252 164 37 köparen.
898 2252 68 29 För
993 2253 310 38 veduppköparens
1333 2255 270 28 vidkommande

108 2304 100 28 synes
228 2294 218 38 följaktligen
466 2295 30 37 ej
518 2295 117 37 längre
655 2295 165 38 föreligga
841 2295 106 38 något
967 2297 107 29 större
1093 2297 111 29 behov
1226 2307 41 19 av
1288 2300 48 27 alt
1358 2299 244 36 statsgarantin

108 2339 105 37 gäller
233 2339 86 29 intill
339 2339 77 29 dess
436 2339 106 28 veden
562 2339 202 30 avlämnats.
785 2340 41 37 Ej
848 2340 106 29 heller
975 2341 77 28 med
1073 2341 136 37 hänsyn
1232 2342 48 28 till
1301 2342 300 37 vedproducenten

107 2392 100 29 synes
231 2382 154 39 påkallat
409 2385 49 27 att
482 2382 263 38 ifrågavarande
769 2384 314 37 garantiutfästelse
1108 2385 90 37 gives
1223 2395 43 19 en
1290 2386 108 29 sådan
1425 2386 175 30 innebörd.

109 2427 47 30 På
179 2427 55 29 det
256 2430 48 26 att
327 2427 76 29 icke
426 2428 113 36 någon
562 2427 158 30 oklarhet
743 2428 57 29 må
822 2428 142 30 komma
987 2431 49 27 att
1058 2429 84 30 råda
1167 2434 43 33 på
1234 2430 113 29 denna
1371 2431 110 37 punkt
1506 2432 96 28 torde

146 2498 119 34 Bihang
284 2498 46 26 till
352 2498 180 34 riksdagens
554 2498 157 34 protokoll
735 2499 82 26 1943.
850 2500 18 26 6
890 2500 86 26 saml.
1010 2500 43 27 Nr
1077 2501 163 26 149—150.
1579 2503 18 28 2
