2183 2662
445 140 39 32 18
887 140 251 33 Statsutskottets
1167 140 168 34 Utlåtande
1358 141 61 32 N:o
1444 143 72 32 150.

399 233 61 24 om
489 219 249 50 ombyggnad
767 220 91 37 eller
885 220 233 50 utvidgning
1148 220 39 37 af
1213 221 210 38 Trollhätte
1450 221 113 38 kanal
1583 223 106 37 stode
1710 226 124 35 såsom
1855 222 143 38 bekant

397 275 50 48 på
489 272 293 50 dagordningen
824 272 70 38 och
928 273 124 37 denna
1080 274 110 49 fråga
1219 273 126 38 kunde
1374 274 82 37 icke
1484 275 100 37 lösas
1612 281 92 32 utan
1732 277 85 37 med
1846 276 151 50 hänsyn

398 325 59 37 till
499 325 46 38 de
577 325 120 37 under
724 325 201 38 utförande
953 326 167 41 varande
1149 326 605 52 kraftstationsanläggningarna
1781 329 65 37 vid
1875 329 121 37 Troll-

399 379 146 47 hättan,
574 378 136 37 liksom
739 379 70 37 ock
838 392 46 24 en
913 379 240 37 förestående
1181 379 196 50 reglering
1405 380 42 36 af
1470 380 155 38 Vänern
1655 382 70 37 och
1746 382 250 38 vattenafrin-

398 432 146 49 ningen
571 431 12 36 i
612 431 100 37 Göta
747 432 63 47 älf,
840 431 183 37 hvarmed
1051 432 83 37 icke
1162 432 115 49 länge
1306 432 118 38 borde
1452 434 228 50 uppskjutas
1709 435 60 37 för
1797 440 55 32 att
1881 434 115 38 fallen

398 484 65 37 vid
506 480 237 41 Trollhättan
785 487 116 34 måtte
943 484 127 37 kunna
1097 484 12 37 i
1138 490 139 32 största
1305 486 159 49 möjliga
1492 489 87 34 mån
1607 488 200 49 utnyttjas,
1836 488 165 37 berörde

399 537 105 37 såväl
545 537 180 37 kanalens
767 551 80 23 som
877 537 298 37 krafstationens
1204 538 196 37 intressen.
1459 539 113 37 Detta
1600 539 246 39 förorsakade
1875 541 121 49 enligt

399 590 46 37 de
487 589 261 50 sakkunnigas
789 590 169 49 mening,
1002 595 55 31 att
1093 590 288 50 förvaltningen
1411 591 41 36 af
1476 591 162 38 kanalen
1665 593 64 37 vid
1758 593 238 38 Trollhättan

397 643 84 37 icke
509 642 118 37 borde
657 642 132 50 skiljas
818 644 81 35 från
930 643 286 49 förvaltningen
1248 643 40 37 af
1313 648 145 32 statens
1486 644 287 38 kraftstationer
1797 646 198 37 därstädes

397 700 98 31 samt
537 700 54 31 att
633 696 112 35 äfven
788 700 144 31 statens
973 695 63 35 vid
1079 695 239 36 "Trollhättan
1355 696 163 48 belägna
1546 696 70 36 och
1644 697 124 48 öfriga
1796 698 12 35 i
1837 698 70 36 och
1937 699 63 35 för

396 745 351 51 tillgodogörandet
776 748 40 36 af
841 746 287 38 vattenkraften
1156 747 12 37 i
1197 746 100 38 Göta
1321 747 57 37 älf
1394 748 42 36 af
1451 752 125 34 staten
1595 749 243 38 förvärfvade
1858 751 134 49 fastig-

396 799 119 47 heter,
550 799 6 37 i
585 800 73 36 den
687 803 88 33 mån
804 800 108 37 deras
941 799 225 50 disposition
1188 814 91 23 vore
1298 800 190 39 beroende
1509 801 40 36 af
1565 802 430 51 kraftstationsanlägg-

395 852 190 49 ningarna
627 853 70 35 och
738 852 175 47 kanalen,
956 852 116 37 borde
1113 855 57 34 stå
1213 853 119 37 under
1360 866 145 23 samma
1533 854 238 50 förvaltning
1798 869 80 24 som
1908 857 86 36 sist-

395 904 166 37 nämnda
598 907 64 34 två
699 904 103 37 verk.
859 905 267 37 Kanaldriften
1162 919 91 23 vore
1291 906 59 36 för
1387 905 119 49 öfrigt
1535 920 45 23 en
1609 913 84 31 rent
1720 908 176 49 praktisk
1925 910 71 36 och

394 957 155 36 teknisk
579 957 102 48 affär,
712 970 80 24 som
813 971 46 23 en
880 958 171 48 styrelse,
1072 963 248 31 sammansatt
1339 961 48 46 på
1408 963 74 32 sätt
1503 959 115 36 ofvan
1638 960 166 49 antydts,
1825 962 170 36 utmärkt

394 1009 62 38 väl
483 1009 174 49 lämpade
686 1009 59 49 sig
774 1015 54 32 att
856 1010 119 37 sköta.

525 1062 249 49 Ifrågasättas
803 1063 127 36 kunde
959 1062 58 37 till
1045 1063 71 37 och
1144 1063 96 48 med,
1270 1063 189 37 huruvida
1488 1064 82 36 icke
1591 1065 111 36 äfven
1722 1065 125 49 öfriga
1867 1071 128 32 staten

394 1114 198 49 tillhöriga
620 1115 154 37 kanaler
802 1115 117 37 borde
948 1115 128 37 ställas
1096 1115 119 37 under
1235 1116 236 49 förvaltning
1491 1117 41 36 af
1548 1116 71 37 den
1639 1117 172 50 styrelse,
1833 1118 160 37 hvarom

394 1181 51 22 nu
486 1180 92 23 vore
619 1167 119 48 fråga.
796 1167 49 37 Så
888 1167 79 36 vidt
1000 1168 45 36 de
1074 1168 242 48 sakkunniga
1343 1168 97 36 hade
1469 1168 60 49 sig
1557 1168 142 37 bekant
1727 1170 99 48 ägde
1856 1175 138 43 staten,

394 1219 166 35 förutom
609 1219 212 37 Trollhätte
867 1219 125 48 kanal,
1041 1219 132 37 endast
1215 1219 133 38 Väddö
1391 1220 71 36 och
1497 1221 280 37 Albrektsunds
1824 1221 171 38 kanaler.

394 1270 88 37 Men
516 1270 47 37 då
592 1270 108 50 fråga
728 1272 116 37 redan
872 1274 173 47 uppstått
1074 1285 58 24 om
1162 1272 117 49 inköp
1308 1272 59 37 för
1395 1278 144 32 statens
1567 1273 166 50 räkning
1762 1274 41 36 af
1829 1273 165 39 Ströms-

393 1322 123 38 holms
558 1323 114 37 kanal
714 1324 71 37 och
826 1324 46 36 då
916 1337 46 23 en
1003 1325 227 48 förändring
1271 1325 41 35 af
1349 1324 98 37 Göta
1484 1326 124 47 kanal,
1644 1326 116 36 hvars
1787 1326 118 49 inköp
1935 1327 58 37 för

394 1380 144 32 statens
584 1376 166 48 räkning
795 1376 113 37 äfven
953 1376 233 49 ifrågasatts,
1234 1376 107 37 stode
1388 1377 12 36 i
1444 1382 93 32 nära
1583 1378 278 49 sammanhang
1907 1379 85 37 med

393 1440 47 24 en
481 1426 195 51 reglering
719 1429 40 36 af
797 1428 161 37 Vättern
1000 1429 69 36 och
1111 1429 64 36 det
1216 1434 88 42 sätt,
1340 1429 144 50 hvarpå
1513 1429 45 37 de
1588 1430 41 36 af
1653 1435 124 32 staten
1805 1431 58 37 för
1884 1432 107 49 järn-

392 1484 192 45 vägarnas
612 1480 165 50 räkning
805 1481 158 50 inköpta
992 1481 249 37 vattenfallen
1270 1481 11 37 i
1310 1481 143 38 Motala
1483 1481 126 38 Ström
1636 1482 208 51 lämpligen
1873 1484 118 37 borde

391 1532 290 49 tillgodogöras,
725 1539 97 31 samt
864 1533 169 37 farleden
1060 1534 12 36 i
1101 1533 101 37 Göta
1243 1534 56 36 älf
1336 1535 186 36 nedanför
1550 1534 193 38 slussarna
1771 1536 63 36 vid
1864 1535 127 37 Ström

392 1585 62 35 väl
482 1584 116 37 borde
627 1585 128 37 skötas
785 1586 39 36 af
850 1591 53 32 ett
932 1591 143 32 statens
1105 1599 121 36 organ
1253 1586 12 36 i
1290 1586 127 37 stället
1445 1586 68 46 för,
1544 1590 125 34 såsom
1689 1601 51 23 nu
1761 1601 90 24 vore
1870 1588 118 49 fallet,

394 1637 41 36 af
460 1637 218 49 Göteborgs
706 1638 291 50 hamnstyrelse,
1028 1639 107 36 torde
1164 1639 113 36 äfven
1304 1639 118 47 däraf,
1444 1640 47 36 då
1511 1640 72 36 alla
1601 1654 52 22 nu
1674 1640 167 49 antydda
1860 1641 131 49 frågor

393 1689 157 37 berörde
590 1690 311 37 vattentekniska
943 1690 264 37 förhållanden
1248 1691 70 36 och
1347 1692 11 35 i
1385 1691 91 37 flera
1510 1692 66 36 fall
1603 1706 90 23 vore
1722 1693 268 37 sammanhän-

392 1741 127 49 gande
560 1742 84 36 med
686 1742 233 37 omfattande
961 1743 456 49 vattenkraftsspörsmål,
1460 1744 108 37 hvari
1610 1749 126 33 staten
1778 1758 91 24 vore
1898 1746 94 37 eller

392 1794 127 36 kunde
550 1794 51 36 bli
628 1794 243 49 intresserad,
900 1795 129 36 kunna
1057 1795 148 37 hämtas
1234 1801 54 31 ett
1315 1796 225 49 ytterligare
1568 1797 85 36 stöd
1677 1797 59 37 för
1755 1797 236 38 inrättandet

393 1846 40 36 af
471 1859 48 23 en
561 1846 117 36 sådan
721 1860 52 36 ny
822 1848 316 48 centralstyrelse,
1173 1861 80 23 som
1282 1850 42 34 af
1349 1848 45 37 de
1422 1848 240 50 sakkunniga
1690 1863 51 23 nu
1770 1850 219 49 föreslagits

392 1898 195 49 Därjämte
628 1899 108 36 torde
777 1899 83 37 icke
901 1899 91 37 böra
1033 1899 160 37 förbises
1235 1900 130 36 vikten
1407 1900 117 49 däraf,
1568 1906 55 32 att
1655 1906 125 33 staten
1808 1902 98 50 ägde
1935 1908 55 31 ett

391 1949 181 38 särskildt
601 1964 132 36 organ,
764 1965 79 23 som
872 1951 85 37 med
985 1952 338 48 uppmärksamhet
1350 1953 116 48 följde
1497 1956 83 34 vårt
1608 1954 281 37 kanalväsende
1918 1955 70 36 och

390 2002 129 37 kunde
560 2007 92 44 taga
693 2003 164 37 initiativ
886 2004 11 35 i
925 2003 57 37 hit
1023 2004 169 36 hörande
1224 2005 142 48 frågor,
1395 2005 110 48 helst,
1535 2006 122 48 enligt
1685 2006 100 37 hvad
1814 2007 179 49 exempel

389 2054 85 37 från
515 2055 173 36 utlandet
729 2056 184 47 utvisade,
950 2056 298 37 kanalväsendet
1274 2057 110 48 långt
1411 2057 100 37 ifrån
1539 2063 54 31 att
1620 2071 89 23 vara
1736 2061 50 46 på
1813 2059 175 36 tillbaka-

391 2109 107 46 gång
525 2107 12 35 1
566 2108 127 35 stället
721 2114 132 43 syntes
880 2111 50 46 gå
958 2122 47 23 en
1034 2108 376 50 utvecklingsperiod
1437 2109 59 37 till
1524 2114 132 33 mötes.

518 2158 220 38 Emellertid
757 2161 126 36 kunde
902 2160 255 49 ifrågasättas,
1178 2161 186 37 huruvida
1382 2162 81 37 icke
1483 2160 286 51 förvaltningen
1787 2162 41 37 af
1844 2167 147 32 statens

388 2211 154 37 kanaler
569 2212 116 36 borde
713 2213 236 36 handhafvas
979 2213 42 36 af
1044 2218 92 43 väg-
1166 2214 70 36 och
1263 2214 535 50 vattenbyggnadsstyrelsen,
1823 2228 85 23 men
1928 2215 58 48 då,

390 2266 123 34 såsom
554 2277 91 36 nyss
687 2265 234 48 framhållits,
951 2265 128 49 frågor
1108 2279 60 23 om
1197 2266 128 36 kanal-
1354 2266 70 37 och
1452 2267 534 49 vattenkrafteanläggningar
